4088 6498
582 331 721 397 1395

1637 337 1697 395 S.
1729 337 1821 395 TA
1836 334 2041 396 RASII
2072 332 2582 394 PATRIARCILE
2616 334 2724 394 CP.

3700 336 3841 401 1396

586 442 856 513 quispiam
888 441 1339 513 pretiosissimua.
1382 442 1704 498 Castitatem
1744 460 1903 507 vero,
1947 454 2004 501 et
2032 460 2157 515 quae
2182 452 2230 506 Α
2261 444 2553 499 vocabatur
2585 442 2730 499 Estia
2765 442 2898 513 (2t),
2933 446 3205 502 veniebat.
3252 445 3369 503 lllic
3417 447 3563 502 enim
3607 450 3843 517 parabat

586 551 712 589 cum
749 550 811 588 ea
841 533 1008 589 simul
1041 533 1207 604 degit,
1236 534 1679 604 temperantiam,
1710 545 1770 590 ut
1798 550 1919 605 qua
1949 535 2154 591 sancti-

586 628 893 681 ficationem
953 625 1349 690 conciliarent,
1415 626 1706 696 appellavit
1761 641 2155 698 sororeszper

583 733 750 787 quas,
796 732 919 786 qua:
958 732 1179 772 carnem
1212 717 1448 781 invadit,
1499 719 1775 773 sordidam
1805 728 1859 774 et
1891 720 2156 775 adulteri-

584 824 712 861 nam
748 807 1124 863 exterminans
1157 808 1543 879 cegitationem
1578 819 1633 863 et
1672 809 1984 878 ignominiaa
2024 810 2156 867 ασε-

583 898 794 953 ctiones
826 897 1163 968 depopulans
1188 940 1203 964 ,
1258 914 1291 954 a
1332 899 1440 954 Deo
1475 898 1580 954 fuit
1615 900 1901 958 redimitus
1932 902 2156 958 victrice

584 1003 789 1043 corona
828 988 1276 1058 impatibilitatis.

658 1078 745 1132 M.
794 1078 1343 1141 Commiserationem
1393 1091 1573 1142 autem
1619 1091 1671 1139 et
1720 1082 2050 1139 ditissimam
2100 1083 2153 1139 in

585 1186 848 1241 pauperes
884 1171 1311 1227 misericordiam
1341 1180 1450 1226 tam
1480 1172 1746 1239 hilariter,
1782 1182 1842 1231 ut
1873 1174 1964 1229 ille
1995 1173 2153 1240 dixit,

587 1261 869 1330 impertiit,
916 1269 977 1315 ut
1019 1271 1305 1330 superaret
1339 1277 1552 1326 omnes,
1593 1263 1685 1332 qui
1738 1264 2158 1334 suppeditabant

584 1352 934 1422 pauperibus,
985 1360 1038 1406 ct
1081 1352 1233 1407 fieret
1268 1369 1441 1408 novus
1489 1352 1709 1424 Joseph,
1736 1354 1872 1410 dans
1916 1354 2158 1412 frumen-

587 1454 701 1496 tum
734 1444 1038 1514 egentibus.
1074 1441 1199 1497 Suaa
1228 1444 1373 1497 enim
1405 1459 1608 1502 mensa!
1642 1444 1867 1499 obsonia
1892 1445 1944 1498 in
1980 1443 2155 1502 frusta

582 1536 989 1603 cotntninuens,
1038 1535 1104 1591 ad
1159 1537 1503 1607 accipiendos
1544 1552 1663 1602 eos,
1698 1538 1788 1607 qui
1821 1539 2153 1605 esuriebant,

586 1625 639 1679 in
682 1626 799 1681 dies
841 1627 921 1681 eis
950 1628 1177 1698 parabat
1206 1628 1540 1683 convivium.
1573 1630 1802 1685 Abunde
1834 1640 2015 1685 autem
2049 1631 2155 1686 hu-

580 1718 671 1785 jus
703 1718 778 1773 rei
808 1728 937 1774 sunt
987 1728 1153 1775 testes
1196 1735 1369 1789 usque
1414 1721 1468 1774 in
1503 1719 1827 1775 hodiernum
1862 1720 2028 1787 diem,
2063 1723 2159 1776 de-

2255 534 2541 604 egentibus
2594 532 2913 600 maximum,
2967 551 3077 605 quo
3131 537 3533 607 acciperentur,
3586 539 3838 608 epulum.

2255 625 2407 691 Quos
2446 640 2569 678 cum
2622 623 2844 679 fecisset
2876 627 3213 691 recumbere,
3255 628 3555 698 incipiebat
3589 629 3708 697 ipse
3738 629 3843 683 mi-

2258 716 2513 781 nistrare,
2546 714 2735 769 vinum
2770 715 3055 772 effundens
3080 732 3146 773 ex
3179 730 3408 784 cratere,
3446 729 3502 774 et
3542 729 3734 789 potum
3760 722 3842 774 eis

2256 803 2614 858 distribuens.
2656 802 2863 858 Deinde
2900 819 3025 859 cum
3056 807 3159 861 hoc
3198 824 3399 863 munus
3429 809 3687 873 obiisset,
3727 809 3841 863 ibat

2259 895 2314 949 in
2366 894 2589 949 domum
2646 910 2802 949 suam
2859 897 3298 963 patriarchicam,
3362 915 3470 956 non
3522 901 3841 971 aliquorum

2259 984 2642 1047 hinnulorum,
2676 993 2735 1038 ttt
2760 984 2893 1038 dicit
2921 983 3126 1047 fabula,
3156 987 3409 1045 medullis
3438 1006 3500 1044 se
3547 991 3801 1045 nutriens
3822 1032 3838 1054 ,

2259 1089 2437 1144 neque
2481 1090 2667 1130 mensa
2720 1075 3020 1147 Sybaritica
3068 1077 3179 1147 (22)
3234 1081 3536 1151 excipiens,
3586 1098 3691 1137 nec
3718 1099 3843 1153 qua:

2258 1176 2503 1221 ventrem
2538 1167 2755 1221 titillant
2788 1176 2843 1221 et
2885 1169 3225 1238 impinguant
3269 1173 3531 1239 bellariis,
3588 1175 3687 1228 sed
3735 1175 3845 1229 fre.

2259 1257 2473 1330 galibus
2501 1259 2769 1321 obsoniis,
2798 1268 2851 1315 et
2872 1275 2991 1329 qua:
3016 1277 3120 1315 non
3150 1264 3468 1332 spectabant
3491 1266 3558 1319 ad
3587 1266 3840 1333 delicias,

2260 1367 2320 1406 se
2352 1350 2622 1407 reficiens.
2687 1352 2824 1418 Quis
2868 1353 2934 1406 ad
2978 1363 3184 1407 tantam
3230 1356 3551 1411 humilitatis
3602 1359 3844 1413 altitudi-

2261 1458 2382 1496 nem
2413 1451 2750 1496 memoratur
2779 1441 2951 1497 fuisse
2987 1452 3202 1498 erectus
3230 1459 3293 1498 ex
3335 1445 3425 1512 iis,
3455 1448 3551 1514 qui
3593 1463 3841 1516 unquam

2262 1535 2520 1590 fuerunt?
2562 1534 2696 1600 Quis
2725 1536 3113 1591 demissionem
3144 1536 3344 1591 Christi
3377 1540 3456 1593 sic
3482 1549 3568 1595 est
3593 1540 3845 1596 imitatus

2261 1626 2514 1699 (Philipp.
2558 1642 2620 1689 lt,
2666 1627 2744 1692 7),
2782 1627 2875 1697 qui
2920 1628 3129 1697 paterni
3185 1629 3339 1682 sinus
3386 1645 3492 1683 non
3558 1631 3843 1685 exinanita

2262 1716 2656 1786 magnitudine,
2706 1726 2908 1775 nostra:
2932 1719 3265 1789 paupertatis
3290 1720 3455 1774 subiit
3495 1720 3760 1789 speciem,
3791 1729 3847 1775 et

586 1810 737 1865 finita
786 1800 1126 1880 receptacula
1157 1826 1349 1867 eorum
1394 1826 1583 1878 causa,
1613 1812 1707 1881 qui
1743 1811 1978 1881 hospitio
2014 1812 2159 1868 acci-
2194 1796 2233 1851 Β
2265 1806 2628 1861 ministrando
2656 1808 2860 1863 docens
2891 1808 2958 1863 ad
3006 1810 3207 1868 malum
3249 1811 3486 1877 evolare,
3539 1810 3667 1864 fecit
3706 1826 3813 1863 con

585 1902 893 1972 piebantur,
923 1913 978 1957 et
1008 1918 1311 1974 pauperum
1352 1910 1667 1958 nostrorum
1700 1901 1950 1958 fratrum.
1988 1903 2159 1970 Quin-

583 1994 745 2048 etiam
789 2010 1103 2049 mansuram
1158 1995 1402 2064 pecunia:
1430 1995 1705 2049 dationem
1734 1995 1857 2049 aliis
1888 1994 1974 2064 pie
2004 1996 2161 2050 attri-

584 2086 723 2150 buit,
760 2085 812 2139 in
847 2086 1211 2156 pugillaribus
1246 2103 1441 2141 nomen
1485 2086 1921 2156 uniuscujusque
1953 2088 2161 2156 signifi-

583 2191 739 2231 cans.
792 2176 1174 2242 Quotidianam
1230 2190 1411 2233 autem
1462 2178 1926 2245 distributionem,
1993 2195 2156 2248 quam

585 2284 752 2322 tnanu
784 2283 881 2323 sua
915 2270 1132 2339 propria
1166 2270 1220 2324 in
1256 2285 1450 2325 manus
1474 2285 1774 2339 pauperum
1809 2270 2156 2337 immittebat,

585 2359 712 2426 quis
744 2359 1097 2413 ratiocinator
1125 2359 1407 2415 dimensus
1444 2358 1608 2413 fuerit
1652 2358 1993 2429 Diophantus
2024 2360 2156 2430 (l9),

585 2458 680 2515 aut
724 2450 1090 2517 multiplicans
1118 2451 1423 2509 numerarit
1466 2450 1834 2507 Nicomachus
1870 2450 2005 2521 (20),
2040 2466 2162 2521 quae

586 2550 703 2601 erat
747 2559 911 2603 arena
951 2544 1246 2614 copiosior,
1290 2554 1345 2600 et
1371 2560 1671 2616 egenorum
1704 2553 1921 2599 ventres
1950 2544 2161 2598 reficie-

588 2634 721 2701 bat?
747 2633 965 2705 Jejunio
988 2652 1141 2699 vero,
1171 2637 1315 2707 quod
1337 2646 1418 2692 est
1449 2646 1575 2692 ante
1592 2636 1798 2691 Christi
1824 2636 2160 2706 passionem,

589 2719 843 2794 magham
863 2741 1087 2799 erogare
1113 2728 1455 2797 largitionem
1487 2730 1542 2785 in
1570 2730 1801 2786 diversis
1823 2732 1958 2786 locis
1982 2738 2037 2785 et
2059 2745 2165 2786 cu:-

589 2818 821 2887 naculis,
854 2817 943 2885 iis,
970 2819 1061 2889 qui
1086 2834 1278 2890 magna
1297 2821 1681 2890 premebantur
1706 2821 1910 2892 inopia,
1935 2820 2051 2891 ipse
2066 2836 2162 2875 ex-

588 2907 849 2975 e0gitavit
878 2923 1052 2979 usque
1087 2909 1153 2964 ad
1180 2909 1381 2969 Christi
1417 2909 1590 2964 lucem
1631 2908 1907 2964 afi‘erentis
1964 2908 2161 2963 festum

589 3000 857 3070 festorum
897 2997 1387 3063 Resurrectionem.
1427 2998 1491 3053 Et
1511 3000 1624 3053 otio
1656 3009 1709 3053 et
1737 3008 1978 3067 tempore
2000 2999 2163 3068 longo

2261 1901 2441 1959 sidere
2467 1919 2589 1958 cum
2632 1912 2855 1972 paterna
2888 1902 3208 1972 majestate?

2334 1995 2420 2049 16.
2448 1994 2547 2050 llic
2580 1996 2715 2065 ipse,
2752 1994 2845 2062 qui
2880 2010 3023 2048 nunc
3050 1994 3328 2057 laudatur,
3359 1995 3575 2049 etiantsi
3625 1995 3678 2049 in
3725 2010 3818 2050 me

2261 2087 2366 2143 diis
2398 2087 2699 2156 jactaretur
2724 2086 3072 2151 tumultibus,
3106 2102 3213 2140 non
3247 2086 3424 2142 solum
3456 2089 3660 2141 amavit
3684 2089 3833 2155 quie-

2260 2185 2370 2232 tem
2406 2188 2459 2231 et
2491 2177 2792 2239 silentium,
2835 2176 2927 2231 sed
2974 2177 3098 2230 aliis
3126 2192 3346 2246 quoque
3375 2193 3437 2231 ea
3469 2178 3672 2231 affatim
3705 2194 3813 2246 sup

2260 2269 2544 2342 peditavit,
2591 2283 2686 2323 eos
2720 2284 2751 2323 a
2791 2268 2996 2325 mundo
3044 2268 3321 2325 abducens
3354 2278 3407 2321 et
3458 2268 3566 2330 Deo
3606 2269 3845 2323 reddens

2263 2361 2584 2425 familiares,
2613 2370 2667 2413 et
2696 2359 2911 2415 virtutis
2944 2358 3181 2413 efficiens
3218 2357 3380 2422 filios,
3426 2368 3482 2413 ut
3514 2360 3677 2428 hujus
3711 2374 3823 2412 san

2262 2461 2363 2508 ctae
2388 2452 2512 2505 vita:
2538 2460 2593 2505 et
2626 2449 2961 2522 operationis
2988 2450 3199 2520 genitor
3226 2458 3280 2505 et
3308 2450 3627 2520 productor.
3662 2448 3845 2516 Hujus

2263 2553 2442 2597 autem
2475 2542 2555 2596 rei
2613 2542 2771 2597 fidem
2807 2540 2939 2601 facit
2990 2543 3238 2605 omnino,
3267 2556 3334 2595 ex
3376 2542 3689 2595 haereditate
3748 2557 3831 2595 eo-

2263 2651 2411 2699 rum,
2450 2649 2574 2705 quae
2602 2637 2670 2693 ad
2722 2634 2901 2703 ipsum
2940 2634 3056 2707 lege
3103 2635 3245 2691 dotis
3286 2650 3351 2689 ex
3396 2634 3553 2689 bonis
3595 2633 3849 2703 paternis

2262 2726 2511 2783 redibant
2559 2724 2886 2781 aedificatum
2938 2728 3332 2783 monasterium
3371 2726 3483 2796 (2'5)
3520 2726 3572 2779 in
3617 2726 3850 2781 sinistra

2263 2829 2419 2890 parte
2458 2818 2686 2888 Bospori
2750 2816 2993 2874 Thracii.
3032 2816 3088 2875 ιη
3141 2836 3252 2887 quo
3288 2835 3412 2874 cum
3445 2820 3703 2873 arbowm
3760 2832 3826 2871 ra

2264 2908 2429 2962 tionis
2457 2907 2781 2979 participum
2809 2906 3110 2975 plantasset
3130 2921 3394 2977 generosa
3424 2903 3690 2983 germina,
3714 2916 3851 2971 qu:

2265 2999 2692 3069 pinguescebant
2738 2997 2958 3052 fluentis
3000 2997 3433 3062 exercitationis,
3475 3005 3529 3051 et
3566 2997 3853 3065 augeban-

588 3090 722 3162 ntibi
750 3106 888 3160 opus
924 3090 1106 3156 fuerit,
1142 3100 1203 3146 ut
1244 3106 1338 3161 per
1361 3091 1605 3152 ordinem
1642 3091 1902 3145 collocem
1939 3089 2161 3143 accuhi-
2187 3102 2237 3186 ϐο
2268 3098 2356 3143 tur
2383 3088 2620 3158 copiosis
2647 3088 3012 3145 condimentis
3043 3088 3408 3151 abstinentiae,
3438 3104 3502 3141 ea
3534 3086 3662 3141 fecit
3688 3087 3855 3141 Chri-

588 3190 677 3239 ius
707 3180 1063 3235 invitatorum
1091 3182 1365 3253 hospitum
1402 3190 1455 3236 et
1486 3181 1909 3251 proselytorum,
1941 3178 2163 3233 claudo.

588 3287 823 3342 rumque
868 3281 922 3326 et
950 3287 1220 3328 caecorum
1278 3281 1332 3327 et
1375 3273 1694 3327 mutilorum
1740 3270 2044 3327 ordinatam
2084 3283 2165 3324 se-

587 3377 764 3431 quens
795 3364 1260 3433 consequentiam,
1295 3372 1349 3418 et
1398 3363 1631 3435 posteris
1681 3362 1803 3417 dem
1851 3359 2161 3429 exemplum

590 3455 833 3509 munifici
862 3470 926 3510 ac
955 3455 1197 3510 liberalis
1222 3455 1479 3511 instituti.

662 3567 752 3624 15.
789 3565 1028 3638 Tempus
1072 3577 1253 3624 autem
1305 3568 1540 3640 hyemis,
1578 3570 1722 3639 quod
1784 3579 1904 3625 erat
1958 3572 2166 3626 acerri-

590 3673 781 3727 mum,
820 3660 1054 3730 nichue
1097 3670 1150 3715 et
1196 3662 1316 3731 gelu
1375 3670 1430 3716 et
1478 3664 1648 3732 glaeie
1689 3673 1846 3718 terra:
1893 3665 2166 3720 vinciebat

593 3748 874 3813 intestina,
910 3759 965 3805 et
995 3750 1084 3815 iis,
1116 3752 1208 3821 qui
1250 3754 1304 3806 in
1350 3752 1479 3822 ipsa.
1510 3764 1688 3819 erant,
1725 3756 2038 3824 imponebat
2079 3756 2166 3810 in-

595 3850 711 3898 star
769 3842 1007 3910 collaris,
1059 3842 1490 3914 frigefacientem
1523 3860 1755 3914 eamque
1782 3846 2165 3917 gravissimam

596 3936 925 4000 molestiam,
961 3936 1239 4005 quomodo
1284 3935 1338 3989 in
1379 3950 1495 4001 eos,
1528 3936 1621 4005 qui
1669 3936 1982 4003 horrebant,
2009 3948 2060 3992 et
2088 3937 2168 3991 la-

595 4026 740 4091 ceris
767 4028 964 4097 pannis
990 4036 1145 4082 erant
1187 4025 1372 4092 obsiti,
1411 4034 1464 4080 et
1486 4026 1661 4081 solum
1703 4027 1951 4096 pudenda
1987 4036 2170 4084 conte-

598 4118 817 4187 gebant,
848 4134 981 4173 usus
1006 4116 1499 4172 machinationibus
1527 4114 1756 4171 foventis
1790 4118 2166 4182 recreationis,

601 4211 982 4280 propulsavit?
1012 4209 1250 4267 Tunicas
1283 4210 1450 4277 enim,
1505 4210 1754 4281 penulas,
1802 4220 1858 4264 et
1906 4220 2168 4279 przeterea

602 4310 915 4372 tegumenta
947 4316 1015 4356 ex
1043 4302 1403 4358 crassissimis
1448 4302 1583 4355 fame
1613 4300 1717 4355 filis
1748 4309 1802 4354 et
1842 4300 2169 4355 stamiuibus

598 4392 871 4462 confecta,
904 4402 959 4449 et
988 4394 1185 4450 vellere
1207 4394 1375 4450 denso
1406 4394 1614 4464 gravia,
1647 4406 1846 4461 magno
1880 4392 1999 4445 auri
2040 4406 2173 4461 pon-

596 4485 727 4548 dere
748 4500 956 4552 emens,
979 4495 1032 4540 et
1062 4485 1154 4551 iis,
1180 4486 1274 4554 qui
1301 4487 1401 4541 sub
1426 4486 1516 4541 dio
1542 4486 1740 4540 misere
1767 4483 2167 4554 afﬂigebantur,
2200 4482 2245 4537 Ι)

600 4578 961 4644 distribuens,
990 4579 1211 4633 arcebat
1245 4592 1463 4649 gravem
1498 4578 1803 4633 molestiam
1836 4576 2075 4647 frigoris.
2112 4574 2169 4629 In

602 4669 831 4727 salutari
867 4680 1048 4725 autem
1097 4671 1250 4740 prius
1294 4671 1440 4725 dicto
1479 4671 1568 4726 die
1608 4669 1919 4724 reverenda:
1966 4667 2170 4723 Christi

603 4760 1061 4833 Resurrcctionis,
1081 4767 1204 4829 post
1228 4758 1424 4814 divinae
1450 4760 1672 4829 synaxis
1693 4768 1747 4813 et
1766 4757 2173 4813 communionis

604 4860 885 4923 peractum
914 4852 1258 4923 mysterium,
1291 4849 1472 4905 adhuc
1506 4851 1675 4904 sacris
1706 4849 1951 4904 vestibus
1983 4849 2174 4921 candi-

603 4943 787 5017 datus,
820 4942 886 5017 ad
920 4942 1121 5015 veteris
1150 4940 1390 5013 basilicae
1416 4939 1529 5015 jam
1560 4939 1804 5004 dirutum
1849 4937 2051 5005 locum,
2079 4935 2171 5017 qui

673 5186 785 5253 (19)
825 5185 999 5255 Hujus
1027 5193 1205 5240 exstat
1243 5184 1596 5255 Arithmetica
1626 5193 1677 5255 et
1710 5184 1961 5255 Algebra.

676 5256 788 5325 (‘20)
829 5253 1197 5317 Nicomachus
1227 5254 1534 5311 Gerasenus
1564 5253 1792 5324 scripsit
1821 5254 1887 5309 de
1916 5253 2177 5310 arithme-

604 5329 732 5392 tica,
764 5326 1084 5396 geometria,
1122 5326 1430 5391 harmonia.
1466 5337 1572 5391 etc.

676 5396 788 5465 (‘21)
821 5394 1387 5468 ScAribit’Soziomenus
1411 5396 1503 5468 lib.
1554 5412 1614 5468 tr,
1651 5412 1770 5468 cap.
1815 5396 1875 5467 ‘2,
1910 5394 2177 5468 'Ecrrfctva

607 5464 851 5534 tempere
865 5465 1212 5535 Constantini
1239 5467 1290 5519 in
1328 5465 1566 5519 maximo
1588 5464 1797 5521 honore
1827 5464 2178 5535 apercgrinis

605 5545 661 5595 et
707 5535 919 5590 civibus
954 5536 1195 5603 habitam
1256 5535 1467 5603 fuisse;
1526 5544 1580 5589 et
1630 5534 1972 5592 Michaelium
2014 5534 2178 5589 etiam

608 5606 716 5661 dici
745 5606 816 5658 ob
842 5602 1016 5675 sancti
1046 5598 1355 5671 archangeli
1388 5598 1776 5675 ap'paritiones.
1808 5606 1910 5661 Sed
1947 5605 1991 5659 is
2012 5606 2179 5675 locus

609 5693 662 5747 in
690 5675 929 5747 Bosporo
973 5674 1238 5747 Thracice
1278 5674 1437 5747 situs,
1479 5677 1864 5747 navigantibus
1900 5691 1971 5747 ex,
2009 5674 2180 5747 Ponto

608 5745 1137 5822 tiottstantinopolittt
1169 5746 1233 5812 ad
1264 5745 1508 5801 dextram
1555 5745 1796 5820 apparet,
1846 5755 1898 5803 et
1930 5746 2083 5800 abest
2113 5746 2179 5801 ab

2264 3179 2334 3236 sti
2392 3181 2808 3250 agriculturam,
2868 3180 3202 3236 tricesimum
3242 3187 3297 3237 et
3334 3180 3738 3257 sexagesimum
3793 3186 3856 3233 et

2262 3273 2621 3327 centesimum
2645 3272 2908 3327 virtutum
2957 3272 3192 3327 fructum
3226 3272 3459 3327 fideliter
3488 3271 3855 3346 producenda

2265 3364 2319 3419 in
2354 3364 2642 3421 sanctitate
2693 3372 2748 3418 et
2777 3363 3012 3433 justitia.
3046 3363 3123 3418 Ex
3158 3364 3361 3432 quibus
3409 3364 3564 3417 multi
3616 3363 3683 3417 ab
3717 3364 3855 3432 ipso,

2264 3466 2392 3511 sunt
2427 3442 2602 3510 vocati
2650 3456 2717 3509 ad
2773 3456 3093 3524 dignitatem
3137 3455 3490 3526 pastoralem,
3540 3462 3614 3517 et,
3648 3464 3707 3506 ut
3747 3468 3853 3522 par

2264 3557 2405 3619 erat,
2434 3556 2701 3602 ornarunt
2724 3547 3126 3618 possessionem
3150 3546 3441 3602 sacerdotii
3471 3564 3484 3597 :
3514 3547 3856 3614 fueruntque

2264 3639 2534 3694 columnae
2591 3638 2899 3695 immobiles
2930 3638 3054 3693 ﬁdei
3082 3638 3386 3693 catholicae.
3434 3636 3593 3703 Quod
3621 3637 3853 3707 quidem

2266 3731 2507 3787 ostendit
2568 3731 2853 3785 tenebrosa
2908 3729 3194 3784 inundatio
3270 3729 3521 3794 haeresis,
3581 3730 3855 3790 adversus

2266 3838 2429 3892 quam
2472 3821 2687 3876 fortiter
2710 3830 3032 3892 pugnantes,
3064 3827 3119 3875 et
3146 3820 3344 3875 nubem
3380 3821 3682 3875 subeuntes
3715 3820 3854 3873 mul-

2270 3923 2448 3969 torum
2480 3914 2852 3984 periculorum
2899 3913 2953 3966 in
2985 3911 3457 3982 perseeutionibus
3487 3920 3543 3965 et
3592 3910 3853 3965 afﬂictio-

2269 4004 2451 4067 nibus,
2486 4011 2539 4057 et
2587 4002 2691 4058 sub
2740 4002 2829 4058 dio
2868 4002 3338 4073 perpessionibus,
3380 4000 3448 4055 ad
3498 4000 3856 4069 splendorem

2270 4095 2495 4165 superni
2529 4093 2774 4159 luminis,
2811 4110 2930 4148 eam
2970 4093 3226 4149 fuderunt
3254 4108 3319 4147 ac
3341 4093 3716 4148 dissolverunt
3744 4108 3757 4144 :
3798 4093 3857 4145 in

2269 4200 2378 4253 qua
2428 4184 2593 4237 etiam
2640 4199 2800 4237 suum
2850 4184 3129 4255 cognitum
3185 4184 3469 4238 reddidere
3501 4184 3853 4252 magistrum,

2271 4285 2529 4344 tanquam
2564 4288 2779 4345 semper
2807 4273 3078 4329 lucentem
3119 4272 3453 4329 Luciferum.
3487 4273 3551 4328 Et
3581 4274 3699 4329 haec
3728 4277 3859 4345 qui-

2272 4367 2395 4421 dem
2434 4373 2644 4436 postea.

2891 4474 3121 4532 CAPUT
3162 4476 3227 4531 ν.

2276 4571 2518 4644 Synodus
2566 4587 2639 4626 vtt
2709 4568 3063 4625 0Ecumenica
3113 4568 3309 4622 Nicaea:
3345 4568 3551 4622 habita.
3588 4567 3863 4638 Imagines

2930 4660 3204 4712 restitutis.

2349 4756 2436 4809 17.
2478 4754 2599 4824 Ipse
2641 4760 2822 4807 autem
2856 4749 3112 4820 perfectis
3165 4748 3457 4802 virtutibus
3489 4762 3620 4801 usus
3664 4756 3752 4800 est
3793 4748 3867 4801 ad

2279 4844 2612 4907 satietatem,
2639 4856 2762 4895 cum
2800 4850 3040 4893 mentem
3076 4854 3232 4893 suam
3263 4839 3481 4892 actione
3514 4838 3671 4907 prius
3701 4852 3868 4890 exer-

2278 4933 2497 4999 cuiSset,
2539 4941 2600 4987 ut
2621 4931 2941 4989 ascenderet
2976 4929 3046 4985 ad
3074 4928 3618 5005 contemplationem,
3653 4935 3714 4981 et
3742 4928 3868 4995 ejus

2280 5184 2435 5248 urbe,
2469 5182 2512 5237 si
2548 5176 3019 5243 naviltrajiciatur,
3042 5173 3261 5248 circiter
3287 5172 3359 5227 35
3385 5170 3599 5235 stadiis;
3630 5170 3677 5225 si
3709 5171 3871 5224 sinus

2281 5244 2596 5321 iuterjectus
2642 5249 2871 5321 pedibus
2896 5256 3008 5321 aut
3032 5259 3173 5313 equo
3211 5244 3601 5321 c‘ircumeatur,
3638 5252 3875 5321 septua-

2282 5311 2451 5396 ginta.
2480 5311 2685 5396 Forsan
2721 5319 2790 5396 ob
2825 5317 2961 5370 bella
2986 5311 3376 5396 frequentiora,
3412 5321 3472 5396 ut
3510 5311 3871 5396 populi_reli-

2282 5386 2427 5520 Poni
2472 5388 2958 5451 obsecundaretur,
2990 5400 3056 5446 ea
3101 5386 3265 5439 statio
3300 5386 3353 5436 in
3385 5386 3520 5435 urbe
3564 5386 3875 5435 constituta

2307 5476 2405 5519 uit.

2307 5476 2466 5605 θ’(ινέί)
2509 5533 2773 5606 Sybarim
2799 5529 2853 5583 in
2883 5540 3077 5597 magna
3104 5524 3312 5581 Gracia
3337 5523 3489 5577 luxui
3515 5520 3875 5577 habebantur

2286 5606 2510 5661 nimium
2544 5605 2729 5659 dediti.

2356 5676 2467 5745 (‘25)
2512 5677 2565 5730 lu
2592 5691 2659 5730 eo
2683 5672 2927 5751 sepultus
2955 5668 3073 5735 fuit,
3104 5675 3162 5723 ut
3194 5664 3335 5720 infra
3360 5660 3559 5718 dicitur
3584 5678 3742 5718 num.
3772 5659 3874 5717 52.
