4088 6534
306 361 446 424 1397

1856 362 2056 429 VITA.

3434 367 3573 443 1398

300 478 499 533 ruisset
528 492 701 549 capax
733 479 1164 550 receptaculum,
1206 480 1476 538 concinne
1499 482 1745 539 animum
1789 483 1889 538 ad-
1916 485 1965 542 Α
1992 481 2251 541 Tarasius
2280 497 2413 541 vero
2460 482 2526 540 ad
2584 496 2797 539 sacram
2832 496 2983 538 aram
3034 481 3326 548 accedens,
3360 483 3577 544 timoris

301 569 523 625 bibebat
555 571 639 637 iis,
669 586 792 640 quae
822 570 889 625 ad
920 579 1127 627 rectam
1184 570 1346 627 fidem
1377 574 1677 644 pertinent,
1713 582 1770 629 et
1800 584 1880 639 ut,

232 658 243 727 ξ
298 677 424 731 quae
450 662 563 717 Deo
590 661 808 717 volente
830 661 945 718 visa
969 661 1206 729 fuerant,
1231 673 1288 719 et
1314 665 1734 735 imperatoribus
1753 680 1885 736 pro-

226 737 254 827 ξ
299 753 469 809 missa
513 762 690 819 erant,
734 753 803 809 ad
860 753 1116 810 effectum
1166 756 1438 820 venirent,
1494 756 1881 812 contendebat.

303 846 420 900 Hoc
452 855 636 900 autem
676 854 815 911 erat,
849 854 912 901 ut
956 845 1323 902 (Eeumenica
1354 848 1680 917 procederet
1713 864 1885 918 syno-

299 935 404 991 dus
433 953 449 990 :
480 945 537 991 et
562 936 631 991 ab
667 950 755 1001 eo,
785 936 931 1007 quod
956 937 1166 1007 justum
1195 944 1302 1003 est,
1351 938 1574 993 minime
1604 939 1888 995 aberraret

300 1026 566 1082 Ecclesia.
596 1026 760 1083 Jussu
793 1026 907 1098 (24)
933 1042 1061 1099 ergo
1090 1026 1504 1098 imperatorum,
1529 1044 1722 1085 omnes
1749 1044 1886 1099 pou-

299 1118 477 1173 tillces
504 1134 571 1174 ex
597 1133 925 1189 unaquaque
951 1119 1174 1191 regione
1203 1128 1259 1175 et
1281 1120 1500 1175 civitate
1523 1119 1886 1191 proficiscun-

300 1220 392 1263 tur
424 1209 479 1263 in
512 1209 792 1266 civitatem
826 1210 1054 1280 regiam,
1086 1219 1143 1266 et
1166 1211 1280 1281 jam
1310 1212 1492 1268 edicto
1524 1220 1801 1269 conventu
1833 1213 1891 1268 in

300 1303 502 1375 inclyte
560 1303 673 1374 (25)
729 1304 937 1376 templo
991 1303 1307 1360 divinorum
1360 1304 1774 1379 apostolorum,
1836 1312 1895 1363 et

293 1395 408 1463 jam
446 1394 557 1467 (26)
590 1397 909 1452 sedentibus
931 1396 1208 1468 episcopis
1235 1397 1289 1451 in
1316 1396 1538 1452 sedibus
1572 1395 1890 1468 propositis,

296 1503 433 1542 ecce
488 1488 765 1558 quoddam
823 1505 1056 1544 examen
1112 1504 1426 1560 vesparum,
1485 1489 1749 1554 virorum,
1809 1489 1896 1544 in-

296 1594 485 1648 quam,
532 1579 626 1648 qui
658 1588 816 1634 erant
866 1580 1066 1635 animis
1099 1579 1356 1646 leoninis,
1390 1596 1457 1634 ex
1502 1580 1748 1634 exercitu
1778 1579 1890 1650 (27)

297 1670 674 1735 Constantini,
715 1670 806 1739 qui
858 1670 987 1725 olim
1021 1670 1242 1742 imperii
1272 1680 1489 1741 sceptra
1541 1686 1652 1724 non
1680 1668 1769 1739 pie
1807 1669 1896 1723 ad.

297 1758 660 1826 ministrarat,
706 1774 1007 1831 exsurgens
1049 1760 1217 1815 veluti
1242 1775 1309 1814 ex
1360 1759 1689 1830 quibusdam
1720 1758 1889 1813 alveis

1985 574 2197 629 nullum
2231 575 2450 648 signum
2484 589 2598 646 prae
2643 590 2704 630 se
2756 572 2964 639 ferens,
3002 573 3353 629 incruentum
3385 575 3577 647 incipit

1986 666 2346 735 sacriﬁcium,
2399 674 2456 722 et
2499 666 2728 739 mystica
2782 666 3172 722 communione
3202 676 3444 737 peracta,
3474 668 3574 723 do-

1986 773 2138 813 mum
2166 760 2467 815 revertitur
2509 777 2524 813 :
2571 758 2666 813 ubi
2693 757 2922 814 vacabat
2966 757 3243 828 prioribus
3272 758 3583 823 laboribus,

1988 865 2187 921 nempe
2220 851 2276 906 in
2321 867 2477 907 sacra
2512 849 2796 921 Scriptura
2826 858 2883 905 et
2914 848 2971 904 in
3017 849 3578 906 demonstrationibus

1988 941 2254 998 faciendis
2280 958 2347 998 ex
2382 941 2604 997 Patrum
2632 942 2870 1011 eloquiis
2911 958 2924 995 :
2962 956 3263 1010 rursusque
3305 942 3579 996 statuebat

1988 1047 2213 1087 necesse
2249 1047 2370 1088 esse
2408 1033 2724 1103 congregari
2785 1031 3085 1101 synodum,
3141 1046 3212 1087 ne
3260 1031 3577 1087 communio

1991 1121 2246 1177 haeretica
2288 1121 2344 1175 in
2379 1121 2537 1191 pejus
2567 1121 2859 1191 proliceret
2892 1120 3026 1192 (50).
3060 1120 3420 1190 Imperatores
3446 1135 3577 1176 vero

1992 1229 2118 1270 cum
2146 1228 2260 1278 eos,
2293 1213 2389 1283 qui
2421 1212 2564 1265 illam
2597 1211 2911 1265 seditiosam
2942 1209 3190 1266 fecerant
3215 1210 3576 1280 conspiratio-

1993 1321 2141 1372 nem,
2166 1313 2223 1359 et
2255 1304 2651 1359 insultaverant
2691 1301 2746 1356 in
2775 1302 3004 1373 gloriam
3045 1317 3233 1357 eorum
3274 1302 3575 1372 imperato.-

1996 1397 2155 1461 riam,
2182 1410 2316 1451 zona
2357 1404 2555 1451 exutos
2597 1409 2627 1447 a
2671 1392 2891 1446 militari
2932 1393 3196 1463 dignitate
3226 1402 3574 1448 exauctoras-

1996 1500 2137 1554 sent,
2171 1495 2226 1542 et
2251 1487 2319 1542 ab
2346 1485 2493 1541 omni
2515 1498 2795 1539 armorum
2822 1480 3024 1537 auxilio
3054 1483 3301 1539 desertos
3328 1492 3383 1537 et
3400 1484 3578 1537 nudos

1997 1578 2332 1642 eﬂ'ecissent,
2358 1577 2557 1648 jubent
2586 1589 3037 1647 unumquemque
3064 1589 3255 1633 eorum
3282 1573 3597 1643 ignominia.

1997 1678 2269 1735 notatum,
2334 1668 2517 1724 redire
2552 1668 2609 1722 in
2644 1667 2899 1738 patriam.
2946 1664 3066 1723 Non
3112 1665 3283 1730 enim,
3338 1663 3576 1728 aiebant,

1998 1762 2235 1817 sustinet
2265 1760 2410 1816 Deus
2435 1760 2573 1815 tales
2601 1768 2858 1830 parentes
2907 1757 3209 1824 seditionis,
3248 1756 3451 1812 habere
3481 1756 3580 1811 de-

298 1849 457 1905 ntatae
496 1818 792 1919 opinionis,
829 1818 1042 1904 adcedit
1070 1850 1136 1905 ad
1178 1818 1393 1906 dictam.
1429 1851 1607 1908 aedem
1650 1865 1884 1915 sacram,
1920 1818 1961 1873 Β
1992 1854 2242 1909 fensores
2265 1861 2322 1908 et
2349 1818 2786 1923 propugnatores
2814 1850 2955 1921 ejus,
2977 1849 3124 1921 quod
3148 1864 3216 1905 ex
3256 1863 3324 1905 eo
3351 1848 3578 1911 relucet,

297 1938 512 1993 bellicis
552 1939 719 1993 armis
747 1954 869 1993 eam
904 1940 1339 1995 obstructurum.
1390 1940 1492 2007 Qui
1550 1957 1674 1997 cum
1721 1957 1889 1997 vene-

297 2032 484 2086 randae
511 2032 644 2086 aedis
672 2032 824 2087 atriis
852 2032 1404 2102 appropinquassent,
1442 2033 1721 2088 incondita
1754 2049 1888 2089 voce

298 2122 481 2179 locum
506 2122 808 2192 replerunt,
834 2122 1083 2177 dicentes
1107 2138 1217 2177 non
1249 2137 1371 2177 esse
1403 2122 1689 2177 ferendum
1730 2124 1888 2178 infir—

297 2230 451 2269 mare
480 2224 535 2270 et
567 2215 868 2286 transgredi
897 2230 982 2278 ea,
1010 2230 1132 2284 qua:
1168 2215 1299 2270 olim
1341 2215 1455 2269 visa
1490 2215 1710 2270 fuerant
1740 2216 1890 2272 Con-

296 2307 559 2363 stantino.
589 2309 711 2363 Non
741 2309 890 2363 enim
916 2309 1320 2379 permittemus,
1351 2310 1592 2376 aiebant,
1622 2310 1767 2364 illius
1788 2311 1890 2365 ab-

298 2400 483 2468 rogari
513 2400 787 2471 dogmata,
820 2408 873 2455 et
907 2400 1188 2470 praedicari
1248 2416 1370 2456 esse
1400 2401 1720 2457 statuendas
1750 2401 1890 2456 ima-

298 2489 481 2559 gines.
512 2489 667 2557 Quod
718 2490 762 2544 si
795 2490 919 2560 quis
950 2491 1055 2545 hoc
1082 2490 1368 2559 inceperit,
1395 2500 1452 2547 et
1501 2501 1628 2547 ante
1671 2502 1891 2548 nostros

297 2581 493 2637 oculos
520 2581 822 2637 viderimus
863 2582 1112 2653 abrogari
1146 2582 1260 2651 (28)
1319 2582 1611 2653 synodum,
1632 2598 1754 2652 quae
1788 2582 1892 2639 fuit

298 2669 374 2725 ab
407 2671 527 2741 ipso
566 2678 912 2741 congregata,
964 2671 1229 2741 sanguine
1282 2672 1630 2727 sacerdotum
1686 2681 1888 2729 terram

300 2759 599 2814 reddemus
648 2775 1001 2829 purpuream.
1058 2759 1186 2815 Haec
1215 2760 1491 2827 dicebant,
1532 2770 1589 2816 et
1617 2762 1671 2815 in
1706 2771 1893 2833 portas

300 2849 696 2917 irrumpentes,
738 2851 1000 2907 volebant
1047 2866 1165 2916 eos,
1218 2851 1311 2921 qui
1348 2851 1462 2923 (29)
1505 2862 1665 2908 erant
1716 2854 1888 2921 intus,

301 2940 644 2996 interﬁcere.

379 3033 468 3088 l8.
493 3032 648 3089 Tunc
683 3042 818 3089 nutu
855 3032 1222 3104 imperatoria:
1260 3035 1547 3105 potestatis
1585 3036 1890 3093 sessionem

1989 1943 2195 2015 palatii.

2063 2036 2148 2090 l9.
2183 2034 2312 2089 Haec
2341 2049 2465 2089 cum
2519 2034 2629 2089 Deo
2660 2032 2879 2089 volente
2932 2030 3209 2102 sapienter
3236 2030 3577 2093 statuissent,

1990 2132 2046 2181 ct
2094 2122 2317 2193 aliquod
2355 2132 2571 2193 tempus
2604 2121 2946 2177 intercedere
2981 2121 3191 2176 bonum
3240 2133 3363 2174 esse
3390 2117 3579 2173 existi-

1990 2222 2255 2277 massent,
2304 2214 2540 2283 pulchro
2560 2228 2761 2268 rursus
2806 2212 3065 2267 mandato
3111 2211 3356 2273 edicunt,
3408 2219 3470 2264 ut
3520 2209 3589 2271 in,

1993 2308 2311 2380 prmelaram
2353 2307 2620 2379 Bithyniae
2668 2306 3016 2376 metropolim
3060 2305 3223 2361 simul
3260 2303 3587 2360 conveniret

1992 2410 2168 2457 cmtus
2194 2399 2541 2455 sacerdotum
2565 2406 2621 2453 et
2645 2397 2967 2469 pontificum
3004 2414 3017 2450 :
3045 2395 3302 2458 Nicmam,
3334 2396 3577 2465 inquam.

1992 2491 2047 2547 in
2080 2506 2187 2562 qua
2222 2490 2334 2559 (5t)
2365 2488 2670 2553 Trinitatis,
2700 2503 2823 2558 quae
2856 2495 2942 2543 est
2967 2486 3212 2557 ejusdem
3243 2486 3497 2542 essentia:
3523 2493 3581 2540 et

1992 2597 2190 2653 expers
2243 2582 2423 2636 omnis
2473 2580 2735 2645 materiae,
2785 2580 3050 2635 adversus
3102 2578 3217 2633 Arii
3244 2584 3312 2633 'et
3351 2593 3579 2653 suorum

1994 2675 2201 2730 rabiem
2228 2674 2580 2730 acutissimus
2606 2671 2818 2743 gladius
2858 2671 2961 2726 fuit
2997 2671 3295 2726 fabricatus
3330 2688 3345 2726 :
3387 2670 3442 2724 in
3473 2686 3580 2739 qua

1993 2764 2240 2821 Trinitas
2266 2765 2633 2835 hypostaseon
2675 2763 2959 2819 individua
3000 2761 3288 2828 divisione,
3323 2760 3581 2816 cttlivisa

1993 2859 2198 2913 unione
2220 2858 2525 2930 theologice
2552 2857 2785 2913 refulsit.
2812 2858 2879 2912 Et
2912 2874 3038 2914 cum
3064 2857 3405 2913 sanctissima
3436 2856 3581 2911 clas-

1993 2951 2070 3006 sis
2095 2951 2242 3006 dicto
2269 2950 2433 3006 citius
2458 2951 2511 3004 in
2543 2951 2743 3006 dictam
2775 2950 3060 3006 venissent
3081 2950 3380 3013 civitatem,
3408 2947 3585 3003 Tara-

1994 3043 2108 3099 sius
2138 3058 2358 3113 quoque
2386 3043 2537 3098 venit
2564 3058 2630 3098 ex
2658 3043 2793 3098 urbe
2831 3042 3003 3113 regia,
3028 3057 3095 3097 ex
3122 3039 3235 3111 (52)
3264 3039 3588 3109 apostolicis

303 3121 624 3192 relinquunt
672 3122 982 3192 pontiﬁces.
1040 3123 1403 3192 Imperatores
1447 3131 1630 3177 autem
1684 3123 1742 3178 in
1774 3139 1889 3189 805.
1920 3146 1963 3205 ο
1997 3137 2220 3191 sedibus
2252 3150 2436 3190 secum
2470 3150 2755 3190 assumens
2792 3132 3021 3189 eximios
3055 3130 3328 3203 quoslibet
3352 3137 3409 3183 et
3435 3144 3579 3200 pra:-

301 3210 399 3278 qui
434 3226 522 3266 res
550 3221 908 3277 novaverant,
940 3228 1065 3267 cum
1100 3211 1177 3266 ira
1232 3211 1553 3277 frementes,
1586 3212 1697 3267 cito
1724 3228 1893 3268 vene-

305 3310 441 3356 runt
474 3301 527 3356 in
560 3318 721 3358 suum
756 3303 1040 3373 palatium,
1070 3318 1258 3358 eorum
1302 3303 1649 3358 insolentiam
1702 3310 1759 3359 et
1807 3304 1894 3358 in-

302 3394 702 3451 surrectionem
758 3405 814 3451 et
856 3395 1202 3451 eversionem
1251 3393 1495 3450 universi
1553 3402 1891 3465 reputantes.

383 3642 497 3715 (24)
537 3642 686 3709 Quas
719 3644 825 3717 hac
859 3660 1024 3715 super
1055 3661 1125 3717 re
1167 3646 1531 3717 imperatores
1581 3646 1648 3701 ad
1698 3646 1895 3703 Adriao

305 3729 444 3767 num
501 3729 695 3783 papam
754 3714 1023 3769 miserunt
1097 3714 1325 3770 Romam
1395 3717 1648 3783 litteras,
1725 3719 1899 3775 lector

307 3782 760 3855 reperietﬂeidem
796 3785 1030 3855 concilio
1058 3786 1333 3855 praeﬁxas.

392 3852 508 3927 (25)
550 3851 900 3927 Erstructum
934 3854 986 3907 id
1024 3851 1074 3927 a:
1097 3857 1460 3927 Constantino
1495 3856 1713 3927 Magno,
1740 3874 1899 3913 eum-

306 3936 422 3991 que
467 3922 520 3976 in
574 3922 667 3975 illo
716 3924 989 3990 sepultum
1050 3924 1221 3979 fuisse
1270 3926 1435 3981 tradit
1484 3922 1694 3981 libflV
1763 3927 1898 3984 Viue

309 3992 446 4064 ejus
468 4007 591 4064 cap.
620 3991 710 4055 58,
742 3991 811 4046 59
839 4002 891 4047 et
918 3993 1008 4047 60.
1061 3995 1225 4049 Casui
1259 3995 1557 4050 obnoxium
1612 3998 1897 4064 pulchrius

311 4060 360 4118 εὴ
420 4060 735 4143 .lustiniano
806 4064 1196 4119 remdificatum
1272 4064 1446 4121 luisse
1526 4060 1687 4122 docet
1757 4067 1894 4123 Pro-

312 4147 532 4201 ceptus.

392 4199 507 4268 (26)
544 4202 704 4255 Anno
746 4199 780 4256 6
812 4202 1027 4271 imperii
1066 4202 1409 4259 Constantini
1459 4213 1513 4260 et
1551 4203 1756 4271 lrenes,
1810 4207 1899 4264 die

315 4272 387 4325 Π
418 4271 664 4345 Augusti,
689 4287 831 4326 nona
884 4271 1103 4345 lndict.,
1144 4289 1289 4328 anno
1339 4274 1461 4338 786,
1511 4291 1729 4345 coepere
1768 4293 1901 4332 san-

314 4350 441 4396 ctas
477 4340 795 4416 Scripturas
832 4343 1146 4416 relegereget
1162 4345 1401 4416 objicere
1434 4340 1688 4416 invicem,
1724 4347 1898 4416 impe-

319 4412 600 4532 ratoribus
640 4425 671 4466 e
713 4412 1124 4469 catechumenis
1151 4415 1566 4484 aspicientibus.
1608 4415 1684 4471 Ita
1723 4412 1899 4472 Theo-

319 4495 552 4532 nianes.

378 4495 552 4535 naues.

318 4497 893 4623 plfféllgéhonstantini
936 4552 1266 4623 Copronymi
1316 4569 1461 4608 anno
1523 4555 1653 4622 775,
1709 4558 1905 4615 Indici,

323 4620 415 4682 Η,
446 4620 557 4699 _die
598 4621 991 4699 “Septemb.
1041 4620 1360 4699 exstincti:
1417 4641 1449 4699 a
1499 4642 1610 4695 quo
1641 4620 1906 4699 tempore

322 4690 838 4763 necdum_undecim
866 4692 993 4763 anni
1041 4694 1247 4763 integre
1279 4695 1449 4763 elapsi
1484 4690 1659 4751 erant.

397 4759 1041 4832 (28)_P_seudosynodum
1088 4759 1234 4817 anno
1282 4759 1385 4818 754
1436 4765 1677 4820 habitam
1736 4766 1907 4825 fuisse

325 4841 453 4884 ante
486 4829 742 4884 diximus.

399 4896 937 4973 (29)_Theophanes,
966 4921 984 4953 ‹
1012 4910 1119 4957 tam
1162 4903 1340 4972 ipsum
1359 4903 1749 4973 patriarcliam.
1790 4908 1905 4964 sci-

324 4969 478 5044 liee_t_
509 4966 802 5044 Tarasium
831 5012 848 5039 ,
896 4966 1458 5044 quamuor'thodoiros
1509 4966 1797 5044 episcopos
1853 4989 1907 5033 et

324 5037 843 5116 archimandritas.)
864 5037 941 5096 Ad
959 5060 1019 5097 ea
1046 5042 1348 5116 alludcntes
1374 5037 1623 5116 Crseci'in
1642 5037 1907 5116 Tropario

324 5110 395 5189 de
423 5116 619 5189 salicto
638 5111 1101 5189 TarasioAcanunt
1127 5132 1140 5165 :
1177 5112 1350 5189 Ὑπὲρ
1372 5110 1907 5189 ἐδ-ζῆσαιητὸῗθνῆ-

328 5179 448 5253 gat,
487 5178 708 5253 [lg-cep,
758 5182 1125 5253 προθέμενος,
1172 5182 1271 5251 τὴν
1314 5178 1408 5235 toﬁ
1441 5178 1679 5252 Χρίστοῦ
1720 5178 1905 5240 εἰκόνᾶ⁹

327 5248 767 5322 ᾁναᾳτηλοῦσθαι
793 5248 1169 5322 ἇτροσξάττεις,
1203 5248 1297 5305 xei
1326 5248 1544 5306 πάντῶν
1572 5256 1681 5307 τῶν
1708 5257 1900 5322 ἁγίων.

332 5319 602 5372 Potiorem
652 5322 761 5374 vita
815 5319 1034 5377 mortem
1108 5324 1323 5386 habens,
1378 5340 1408 5377 ο
1456 5322 1640 5388 Pater,
1703 5319 1904 5380 Christi

328 5391 1025 5465 amniumqueusanctorum
1086 5394 1370 5464 imaginem
1440 5396 1573 5464 erigi
1629 5396 1896 5465 praeripis.

328 5456 534 5536 Eadem
561 5456 1154 5536 pluribusLnarrantur
1191 5456 1318 5518 ante
1354 5456 1638 5520 action'em'
1668 5456 1900 5536 primum

331 5528 526 5598 synodi
560 5527 791 5586 Nicaeum
820 5531 884 5587 ll.

405 5596 519 5673 (ᾖο)
562 5598 685 5673 llaec
728 5602 977 5670 pluribus
1024 5604 1387 5673 Theophanes
1430 5604 1498 5659 ad
1541 5621 1746 5661 annum
1797 5605 1900 5660 im-

332 5668 479 5743 perii
500 5668 812 5743 septimum,
848 5690 1086 5728 mensem
1120 5668 1514 5743 Septembrem,
1552 5684 1607 5731 et
1647 5676 1899 5731 indictio-

334 5740 676 5815 nis_tl_eei_tit_ae
742 5742 954 5796 initium
989 5744 1172 5806 refert,
1197 5740 1338 5815 ergo
1367 5747 1432 5799 ad
1465 5762 1669 5800 annum
1705 5747 1825 5799 786.

407 5808 521 5878 (5|)
566 5809 779 5869 Nicacna
832 5814 1006 5883 prima
1073 5808 1313 5886 synodus
1375 5818 1474 5872 sub
1541 5818 1898 5874 Constantino

1995 3224 2363 3280 stantissimos
2390 3242 2404 3278 :
2433 3239 2633 3294 nempe
2665 3224 2733 3278 ab
2772 3222 3011 3277 Adriano
3047 3222 3269 3291 quidem
3297 3219 3441 3289 Papa
3474 3217 3582 3273 Ro-

1994 3331 2157 3370 mano
2182 3314 2401 3369 Petrum
2426 3314 2538 3384 (55)
2566 3314 2803 3384 primum
2832 3313 3228 3383 presbyterum,
3257 3320 3314 3367 et
3354 3309 3578 3365 Petrum

1997 3403 2327 3460 monachum
2356 3413 2410 3458 et
2452 3403 2564 3474 (54)
2614 3404 2972 3475 praefectum;
3009 3403 3122 3476 (55)
3173 3404 3242 3459 ab
3281 3403 3579 3475 apostolica

1996 3646 2190 3709 Magno
2219 3645 2405 3717 habita
2429 3661 2521 3700 an.
2544 3646 2672 3711 525,
2696 3647 2782 3701 cui
2808 3646 3104 3703 interfuere
3131 3647 3236 3702 5l8
3262 3647 3526 3717 episcopi.

2066 3717 2179 3785 (52)
2217 3714 2500 3785 Siquidem
2559 3732 2654 3771 eos
2727 3717 2820 3786 qui
2876 3734 2941 3772 ex
3003 3714 3466 3773 Romanaa'sedis‘
3525 3727 3579 3773 ct

1995 3785 2357 3841 Orientalium
2404 3801 2638 3850 persena
2672 3785 2956 3851 venerant,
3006 3803 3114 3843 non
3159 3787 3441 3843 dimiserat
3478 3788 3577 3842 im-

1996 3865 2246 3926 perator.
2270 3855 2345 3910 ita
2384 3854 2770 3926 Theophanes.

2069 3925 2180 4006 (ὅᾷ.)
2220 3925 2407 4006 Graece
2465 3925 2554 4006 16v
2630 3926 2846 4006 πρῶτον
2903 3925 3273 4006 πρεσϐύτεροκέ
3333 3927 3580 4006 synodus

1997 3995 2255 4064 appellat.
2304 3996 2627 4050 Anastasius
2656 3995 2905 4064 alterque
2942 3995 3212 4064 interpres
3246 3995 3578 4051 fere'archi-

1997 4065 2376 4136 presbyterum
2395 4072 2571 4136 vocat,
2595 4066 2826 4136 subinde
2851 4066 3409 4136 protopresbyterum.
3434 4067 3576 4121 Idem

2000 4136 2325 4189 Anastasius
2357 4135 2410 4189 in
2436 4134 2659 4188 historia
2696 4135 3067 4201 Theophanis,
3103 4134 3567 4190 vic‘quOminum.

2072 4206 2184 4275 (54)
2225 4205 2411 4275 ϐνςθυεξ
2471 4204 2771 4275 ἡγούμενον
2819 4205 2920 4269 τῆς
2960 4203 3149 4275 patara
3181 4204 3279 4274 τὴν
3360 4205 3579 4275 Ῥώμην

2001 4274 2232 4341 εὐαγοῦς
2284 4273 2452 4345 μονῆς
2508 4273 2602 4326 τοῦ
2660 4274 2817 4342 ἁγίου
2864 4273 3392 4345 ΣάϐϐαηΑὺϋειιρῐη
3440 4273 3576 4330 A'eta

2002 4345 2191 4399 Latina
2214 4343 2408 4398 vocant
2442 4345 2768 4400 venerabilis
2795 4343 3111 4398 monasterii
3152 4354 3353 4399 sancta:
3383 4345 3578 4400 Sabha:

2005 4415 2191 4469 llumm
2224 4416 2336 4469 siti.

2080 4485 2193 4553 (55)
2236 4483 2466 4538 Nomina
2542 4484 2743 4553 horum
2807 4484 2971 4537 trium
3035 4483 3473 4552 patriarcharum,
3522 4485 3578 4539 in

2006 4552 2225 4609 Menaeis
2274 4563 2327 4609 et
2375 4553 2680 4621 Mcnologio
2719 4552 3032 4607 Graecorum
3085 4568 3116 4607 a
3164 4553 3578 4609 Canisio.editis

1998 4624 2324 4680 referuntur
2366 4624 2431 4676 ad
2477 4623 2543 4677 10
2571 4622 2899 4687 0ctobr.,ut
2948 4622 3088 4677 inira
3141 4624 3368 4679 dicetur.
3408 4627 3595 4678 Erant

2010 4695 2112 4764 ipsi
2163 4704 2276 4749 tum
2321 4694 2424 4764 sub
2459 4693 2771 4764 Saracenis,
2828 4694 2943 4748 sive
2996 4693 3318 4764 Arabibus,
3353 4695 3448 4749 sed
3506 4697 3578 4749 ob

2008 4762 2197 4833 pacem
2240 4763 2497 4833 utrinque
2553 4763 2776 4827 factam,
2830 4772 3083 4833 poterant
3120 4762 3346 4833 facilius
3385 4780 3576 4819 eorum

2008 4831 2235 4903 delegati
2257 4831 2788 4903 Constantinopolim
2816 4831 3089 4901 navigare.
3118 4831 3576 4903 Principieorum

2009 4901 2176 4974 Moysi
2222 4904 2336 4972 (qui
2393 4920 2423 4958 a
2487 4901 2751 4972 Gregorio
2813 4903 3092 4957 Elmacino
3140 4901 3318 4974 Musa
3350 4902 3579 4974 Albadis

2007 4971 2345 5043 appellatur)
2378 5042 2385 5043 ί
2416 4975 2523 5028 vita
2583 4971 2799 5043 functo,
2830 4980 3187 5043 successerat
3221 4971 3400 5043 Aaron
3457 4971 3577 5029 sive

2006 5039 2559 5120 Albugiafarlllaron
2615 5042 3073 5120 llasiiduskanno
3110 5041 3143 5095 5
3178 5039 3576 5120 imperii_Cun-

2007 5111 2230 5168 stantini
2263 5122 2318 5167 et
2356 5114 2560 5177 lrenes,
2608 5112 2808 5166 Christi
2852 5111 2975 5173 785‘,
3024 5126 3188 5180 quem
3236 5118 3359 5180 post.
3397 5111 3575 5180 impe-

2004 5184 2148 5237 rium
2178 5184 2251 5237 25
2281 5199 2548 5237 annorum
2601 5190 2876 5235 mortuum
2924 5178 3056 5233 esse
3086 5194 3232 5234 anno
3281 5178 3575 5243 Nicephori

2007 5252 2351 5321 imperatoris
2373 5254 2426 5317 7,
2454 5252 2657 5315 Christi
2680 5250 2784 5305 808
2810 5250 2969 5305 tradit
2988 5249 3370 5321 TheOphanes.
3398 5249 3574 5317 llujus

2007 5319 2175 5376 frater
2199 5323 2425 5377 Ahdalla
2452 5338 2576 5377 cum
2606 5321 2751 5376 circa
2779 5336 2984 5375 annum
3009 5320 3213 5374 Christi
3269 5319 3373 5373 796
3428 5330 3576 5373 esset

2005 5394 2337 5473 constitutus
2352 5394 2682 5473 gubernator
2696 5391 2937 5473 Egypti,
2959 5392 3023 5444 ad
3038 5406 3167 5473 eum
3187 5389 3333 5473 misit
3351 5390 3577 5473 patriar:

2005 5464 2161 5515 (‘ilalll
2220 5459 2670 5522 Alexandrinum.
2724 5459 3101 5532 quiisumptis
3160 5459 3574 5532 medicamentis

2006 5532 2342 5603 {Egyptiacis
2357 5534 2632 5603 profectus
2650 5529 2960 5603 Bagdanum
2979 5529 3194 5603 cuidam
3215 5529 3409 5603 puella;
3430 5530 3576 5603 prin-
3622 5547 3656 5577 ο

2004 5600 2304 5672 «ip—{charte
2336 5600 2449 5658 tum
2473 5604 2679 5659 morbis
2719 5600 2930 5657 alllictze
2980 5601 3269 5672 sanitatem
3312 5600 3572 5672 reddidit.

2006 5668 2157 5728 Unde
2178 5674 2267 5727 hic
2286 5674 2521 5750 diploma
2547 5673 2735 5750 edidit,
2755 5687 2865 5743 quo
2888 5671 3081 5739 templa
3100 5669 3284 5750 omnia
3301 5668 3577 5750 Orthodo:

2004 5760 2195 5797 xorum
2224 5784 2237 5805 ,
2269 5743 2390 5813 qua:
2441 5743 2697 5801 lat-obitas
2758 5750 3195 5814 occupaverant,
3242 5743 3310 5798 iis
3363 5743 3601 5799 restitui.

2002 5815 2299 5871 "laudauit.
