3994 6532
87 343 126 410 1
148 348 280 412 ιοι
1681 360 1736 422 ν.

1838 367 1876 422 ι.
3255 360 3392 423 1402

83 463 245 519 fide
303 466 535 522 haberet
576 467 906 523 sententiam
958 475 1014 522 et
1047 469 1380 524 voluntatem
1433 471 1712 540 aperiret,
1742 477 1789 534 Α
1815 474 1998 546 Mysue
2030 475 2238 537 eximii,
2267 489 2390 530 cum
2427 475 2494 529 ad
2524 475 2886 530 sam-053;.ch
2925 472 3182 529 Ecclesia
3207 475 3390 528 γριιίε.

86 553 523 610 adhortantes.
579 557 914 612 Acclamavit
965 569 1346 614 sacrosanctus
1395 569 1598 624 enatus,
1643 560 1717 614 ita
1818 578 1942 623 sent
1983 569 2357 639 pmfecluns,
2393 575 2449 621 et
2480 567 2679 622 divinis
2707 566 2974 621 doctrinis
3005 567 3262 636 populum
3305 566 3391 619 in-
3451 601 3464 614 .

88 659 282 707 9558.
315 656 459 700 8350
485 647 558 700 ila
589 647 791 702 sentire
813 648 880 703 de
911 649 1482 721 venerandarumm)
1521 652 1718 723 ἰηιεεὶ-
1817 663 2141 717 struxissent
2183 677 2246 716 ac
2288 661 2754 725 corroborassent,
2802 660 2889 720 iis,
2935 658 3027 728 qui
3080 659 3136 713 in
3182 659 3390 712 clerum

94 750 273 790 “um
309 738 536 806 “aqua
567 738 839 794 είῖῖθῑίοηθ
865 741 933 808 ἴθι
963 740 1297 807 “dormio”.
1331 744 1518 798 ῐηυιιίε
1566 745 1719 802 libris
1819 753 2054 822 cooptati
2092 753 2306 807 fuerant
2335 760 2428 806 aut
2451 753 2824 822 episcopatum
2863 752 3145 812 tenebant,
3176 750 3387 803 nullout

93 825 370 881 Patrum
413 828 593 883 allatis
643 837 698 883 et
755 829 1103 900 synodalibus
1151 831 1419 898 decretis,
1466 834 1720 904 verisque
1818 853 1946 898 ante
1969 844 2256 914 synodum,
2286 855 2379 897 aut
2429 843 2483 896 in
2537 843 2769 913 synodo,
2823 852 2919 896 aut
2962 851 3086 911 post
3126 841 3389 910 synodum

98 919 398 1018 adduft's
445 918 732 1018 εθηῑθξιίίίδ
761 928 831 1018 ἐι
873 919 1452 1018 demfln-‘f‘raliOllthS.
1497 932 1553 978 Cl
1599 924 1722 980 dili-
1819 935 2026 989 crimen
2078 935 2367 988 intendunt
2393 934 2460 989 de
2491 933 2658 1003 priori
2707 933 2844 986 mala
2881 932 3162 1001 opinione,
3213 944 3393 999 neque

105 1010 302 1075 genti
345 1010 726 1078 persecutione
760 1010 1045 1080 impressis
1090 1011 1145 1065 in
1195 1013 1419 1068 auribus
1451 1015 1718 1069 omnium.

107 1098 186 1152 Id
235 1109 426 1153 autem
456 1115 563 1154 non
598 1101 764 1154 semel
795 1117 896 1156 nec
930 1103 1040 1167 bis,
1075 1103 1171 1158 sed
1208 1103 1275 1158 ad
1308 1105 1596 1174 septimam
1623 1122 1719 1162 us-

111 1204 256 1256 que
284 1190 588 1244 sessionem
621 1202 675 1246 et
703 1192 1039 1248 auditionem
1078 1202 1192 1248 toto
1231 1195 1321 1250 die
1365 1207 1717 1266 conspectum

108 1288 231 1334 est
260 1280 384 1333 fieri
431 1299 445 1335 :
482 1287 759 1349 quomodo
797 1284 961 1338 etiam
1001 1286 1132 1338 Acta
1180 1286 1398 1355 scriptis
1441 1287 1719 1352 mandata,

117 1385 248 1438 per
291 1371 537 1426 divinam
587 1375 1032 1442 consequentiam
1067 1385 1122 1431 et
1166 1376 1411 1431 ordinem
1453 1377 1719 1434 indicant.

116 1459 398 1520 Tandem
447 1479 568 1516 cum
615 1463 892 1529 Tarasius,
948 1475 1003 1520 et
1049 1467 1170 1536 pius
1219 1467 1311 1536 qni
1351 1484 1474 1523 cum
1509 1485 1575 1524 eo
1605 1479 1724 1524 erat

117 1561 334 1606 catus
385 1553 646 1608 collectus
705 1555 962 1621 Patrum,
1014 1558 1384 1612 venerandum
1443 1560 1721 1613 decretum

120 1640 460 1695 litterarum
505 1644 640 1698 tutis
683 1646 1053 1699 monumentis
1105 1648 1435 1712 mandasset,
1461 1657 1516 1702 et
1563 1657 1622 1702 ιιι
1667 1649 1722 1703 id

119 1731 365 1786 salvum
394 1742 450 1787 et
481 1733 752 1804 integrum
785 1745 1054 1800 maneret,
1082 1746 1336 1806 precatus
1361 1747 1527 1802 esset,
1571 1748 1627 1792 et
1665 1748 1724 1793 ut

122 1821 369 1888 Patres,
392 1824 483 1893 qui
508 1827 741 1893 primam
762 1825 1024 1881 adversus
1049 1825 1314 1882 furiosum
1345 1829 1531 1883 Arium
1554 1830 1724 1885 victo-
1755 1807 1797 1859 Β

125 1912 289 1965 riam
316 1916 792 1981 erantconsccuti,
823 1917 1100 1986 adjutores
1125 1918 1406 1984 baberent,
1434 1928 1722 1985 eteorum,

123 2020 271 2072 qua:
304 2014 449 2059 recta
481 2006 698 2060 decreta
738 2007 976 2074 fuerant,
1031 2009 1308 2074 custodes,
1357 2009 1528 2064 Deum
1567 2011 1726 2064 invo-

125 2105 390 2158 cassent,
445 2106 502 2151 et
553 2113 704 2152 vanae
745 2099 1032 2168 inanisque
1077 2100 1242 2168 hujus
1279 2103 1566 2164 sententiae
1610 2101 1722 2168 (47)

125 2195 429 2252 auctores,
462 2195 518 2240 et
540 2187 718 2241 omnis
749 2187 971 2241 hairesis
1004 2188 1334 2252 inventores,
1363 2191 1432 2244 ab
1458 2191 1596 2243 atrio
1632 2205 1725 2244 ec-

139 2277 474 2332 clesiastico
527 2291 628 2348 per
679 2280 970 2334 anathema
1013 2289 1384 2348 separassent,
1435 2280 1489 2332 in
1537 2281 1724 2334 urbem

128 2369 358 2438 regiam
418 2370 596 2424 delata
639 2371 944 2425 orthodoxa
1003 2370 1252 2441 dogmata
1303 2380 1722 2425 conservarunt.

128 2455 304 2523 Quos
335 2475 548 2514 summa
579 2461 955 2516 benevolentia
981 2470 1315 2531 exceperunt
1345 2462 1725 2530 imperatores.

214 2549 316 2608 21.
351 2552 461 2622 (48)
497 2553 689 2606 Erecta
733 2553 914 2623 itaque
959 2553 1216 2607 cathedra
1265 2552 1509 2621 ipsorum
1553 2553 1728 2622 impe-

129 2650 420 2705 ratorum,
474 2652 530 2697 et
578 2644 745 2698 totius
791 2660 821 2698 a
877 2644 986 2698 Deo
1036 2644 1226 2698 electa:
1258 2644 1474 2714 synodi,
1518 2645 1574 2697 in
1614 2645 1726 2714 jam

131 2733 316 2787 dicta:
362 2732 673 2804 Magnaurze
708 2734 910 2805 insigni
947 2735 1084 2800 :ede,
1128 2743 1182 2788 et
1220 2751 1360 2790 novo
1392 2735 1611 2789 decreto
1641 2751 1728 2789 re-

132 2824 344 2887 citato,
389 2841 512 2879 cum
559 2842 720 2881 aures
756 2826 1139 2896 imperatorias
1185 2827 1405 2882 divinus
1450 2827 1730 2896 implesset

138 2917 394 2987 Spiritus
434 2917 766 2987 (audiebant
795 2918 940 2972 enim
999 2933 1093 2972 eos
1127 2917 1182 2971 in
1209 2932 1377 2972 unum
1401 2917 1729 2972 convenisse

138 3019 486 3064 concentum
515 3011 720 3066 auxilio
749 3011 871 3080 ejus
891 3049 906 3072 .
938 3009 1029 3080 qui
1059 3009 1242 3063 omnia
1271 3009 1536 3073 continet,
1587 3016 1643 3062 et
1675 3009 1728 3061 in

143 3115 320 3153 unam
348 3102 693 3157 consensisse
723 3101 1099 3167 sententiam),
1126 3099 1373 3153 admirati
1409 3108 1537 3153 sunt
1565 3115 1728 3152 accu-

146 3193 429 3252 rationem
463 3211 476 3247 :
508 3203 564 3250 et
597 3210 720 3248 esse
750 3194 1057 3249 doctrinam
1091 3193 1289 3246 divinae
1332 3190 1726 3260 inspirationis,

146 3299 280 3350 quae
317 3284 388 3338 ab
419 3283 502 3338 eis
537 3283 758 3338 decreta
805 3283 1040 3346 fuerant,
1088 3281 1366 3351 sapienter
1404 3280 1730 3349 judicantes,

149 3387 211 3428 et
244 3391 427 3443 penna
457 3384 513 3429 et
543 3390 706 3429 manu
739 3375 1086 3444 imperatoria
1135 3391 1197 3427 ea
1236 3373 1441 3442 Optime
1479 3384 1735 3438 compro-

153 3463 295 3517 bant
325 3473 382 3518 et
414 3464 776 3518 confirmant:
811 3473 867 3518 et
899 3480 1007 3517 non
1040 3463 1238 3518 vilibus
1275 3461 1436 3516 donis
1469 3461 1734 3531 synodum

153 3553 466 3621 prosecuti,
506 3570 950 3624 unumquemque
998 3554 1222 3608 mittunt
1265 3554 1318 3607 in
1364 3568 1518 3607 suam
1548 3551 1738 3606 civita-

153 3651 271 3696 tem
303 3652 362 3697 et
390 3643 457 3698 ad
485 3659 679 3717 greges
707 3645 933 3702 rationis
963 3644 1278 3714 participes.

770 3842 997 3898 CAPUT
1035 3841 1123 3896 Vl.

161 3975 462 4048 Pro/ligata
505 3992 538 4029 α
591 3987 774 4031 sancto
813 3982 1033 4033 Tarasio
1084 3981 1292 4034 Izwrcsis
1344 3989 1392 4033 et
1452 3980 1676 4034 simonia
1719 3995 1738 4034 :

473 4068 778 4126 inmanitas
808 4069 1054 4124 Ecclesia?
1081 4081 1433 4141 propugnata.

232 4197 328 4252 2'2.
389 4196 645 4253 Tarasius
701 4206 884 4254 autem
943 4209 999 4254 et
1063 4201 1477 4270 apostolicarum
1530 4201 1741 4255 sedium

160 4325 395 4397 epistola
422 4327 591 4381 sancti
619 4327 824 4382 Tarasii
857 4329 923 4383 ad
953 4329 1293 4397 patriarchas
1327 4330 1536 4386 sedium
1560 4330 1743 4384 orien-

165 4395 386 4468 talium,
405 4409 469 4468 et
495 4412 683 4450 corum
717 4395 1060 4468 reSponsnm.

240 4465 358 4531 (46)
404 4466 523 4518 Ilaec
599 4465 821 4522 omnia'
860 4469 1199 4538 potissimum
1258 4471 1474 4524 actione
1523 4472 1556 4526 4
1615 4478 1744 4523 sunt
1779 4474 1820 4528 D

165 4550 263 4603 ges
270 4545 321 4587 ta
330 4571 346 4586 .

394 4605 618 4658 Actione
635 4607 690 4671 5,
731 4623 836 4676 qua
871 4585 924 4662 et
959 4618 1066 4661 tres
1099 4609 1420 4676 patriarcha!
1441 4607 1751 4664 Constanti-

168 4676 476 4740 nopolitani
508 4677 849 4742 Anastasius,
883 4680 1278 4734 Constantinus
1298 4689 1351 4732 et
1375 4678 1590 4734 Nicetas
1615 4693 1748 4732 ana-

167 4746 399 4799 tln-rnati
432 4746 656 4813 subjecti
680 4757 825 4801 sunt.

385 4813 910 4895 blenseNovcmhri,
947 4817 1021 4895 a_i_t
1046 4818 1426 4895 Theophanes.

245 4885 360 4954 (49)
387 4886 485 4965 _Hic
510 4886 658 4965 zelus
682 4903 931 4954 magnam
966 4885 1430 4965 'l'arasio‘pcperit
1471 4889 1749 4965 invidiam,

167 4970 280 5034 qna
318 4956 646 5034 calumniam
675 4972 872 5034 passus
901 4959 1184 5034 est,__qua_si
1220 4961 1591 5025 pecuniariam
1621 4981 1746 5017 cum

171 5025 302 5077 labe
338 5025 654 5098 Simoniaca
681 5027 899 5098 fecisset
921 5025 1316 5081 ordinationem
1353 5045 1366 5093 ;
1399 5031 1540 5098 quod
1565 5047 1750 5087 verum

175 5109 291 5146 non
321 5095 495 5168 fuisse
519 5096 677 5168 tradit
719 5095 870 5149 Theo
893 5104 1040 5152 lorus
1070 5099 1282 5153 Studila
1314 5099 1366 5152 in
1417 5095 1648 5168 epistola
1684 5106 1749 5156 ad

177 5164 518 5235 btcplianum
571 5164 824 5219 lecrorem
864 5169 1000 5235 apud
1041 5168 1352 5233 Baronium,
1387 5164 1467 5223 ad-
1510 5187 1600 5224 an.
1648 5174 1749 5228 787

174 5249 335 5306 num.
366 5235 454 5294 59,
475 5234 596 5287 licet
616 5235 848 5306 fateatur
877 5234 928 5290 in
949 5239 1312 5306 suspicionem
1337 5241 1482 5294 eade
1503 5258 1558 5293 re
1585 5242 1754 5298 fuis~c

175 5303 478 5384 adductum
503 5306 643 5384 apud
673 5305 982 5384 Monachus.
1014 5329 1031 5358 ε
1049 5303 1126 5363 ⁷υι
1149 5324 1277 5379 ergo
1297 5311 1361 5363 ad
1384 5327 1495 5365 rem
1516 5314 1750 5375 veniam,

176 5376 381 5455 inquit,
421 5377 684 5455 quidnam
722 5376 870 5455 ‘fuit,
913 5381 1057 5455 quod
1093 5376 1383 5455 dissentire
1413 5396 1511 5433 nos
1556 5380 1682 5435 fecit
1721 5400 1749 5435 ιι

176 5441 452 5498 Tarasio?
483 5445 872 5516 Fides?Atqni
937 5441 1116 5513 palam
1149 5451 1365 5518 quidem
1407 5453 1752 5507 orthodoxus

175 5523 320 5594 erat,
344 5532 530 5594 sacras
564 5519 805 5594 synodos
859 5520 1216 5594 sequebatur,
1245 5529 1298 5573 et
1337 5536 1460 5572 cum
1506 5520 1629 5575 aliis
1662 5539 1754 5594 pa-

179 5586 440 5639 triarchis
469 5586 866 5650 consentiebat,
901 5597 970 5658 et;
994 5589 1288 5642 maximum
1323 5601 1484 5644 antea
1525 5605 1623 5658 pro
1651 5586 1754 5646 fide

179 5667 460 5709 certamen
519 5658 875 5727 sustinuerat.
932 5656 1209 5712 Eorunme
1266 5675 1456 5723 causa,
1526 5656 1619 5727 qni
1685 5665 1754 5716 ab

183 5728 380 5802 haeresi
418 5726 712 5804 redierant,
772 5729 1087 5796 susceptio?
1140 5729 1208 5782 At
1255 5745 1361 5782 non
1396 5735 1463 5780 ab
1507 5726 1598 5784 illo
1638 5733 1752 5786 haec

187 5800 428 5863 primum
472 5800 711 5862 inventa,
759 5815 886 5854 cum
940 5816 970 5854 a
1006 5800 1209 5854 sanctis
1251 5800 1506 5857 l‘atribus
1555 5803 1754 5859 triulici

1819 1041 1933 1091 eos,
1955 1025 2045 1095 qui
2075 1025 2308 1079 ordinati
2340 1025 2552 1080 fuci-ant
2582 1025 2648 1077 ab
2680 1024 2970 1087 haereticis,
3001 1037 3032 1076 a
3060 1023 3276 1091 pascuis
3301 1037 3391 1076 se-

1820 1127 2044 1190 gregant
2071 1116 2484 1172 Ecelesiasticis.
2520 1115 2626 1170 Sed
2657 1116 2968 1186 synodalem
3017 1123 3071 1168 et
3107 1121 3389 1182 paternam

1821 1220 2111 1277 sequentes
2134 1204 2617 1274 dispensationem,
2645 1218 2741 1257 eos
2766 1203 3006 1272 quidem,
3035 1203 3126 1270 qui
3153 1201 3217 1254 ad
3247 1201 3388 1270 piam

1823 1300 2226 1370 transfugerant
2263 1297 2627 1360 sententiam,
2667 1296 2919 1350 manibus
2967 1295 3081 1348 suis
3123 1292 3390 1362 complexi

1821 1401 1951 1447 sunt
1973 1400 2229 1460 tanquam
2250 1389 2448 1444 fratres
2478 1399 2532 1444 et
2563 1387 2797 1455 collegas
2823 1387 2876 1439 in
2910 1400 3136 1438 munere
3169 1381 3391 1453 pontifi-

1822 1491 1975 1536 catus
2001 1497 2015 1533 :
2043 1495 2138 1535 eos
2161 1494 2314 1542 vero,
2344 1478 2438 1547 qui
2471 1477 2526 1530 in
2563 1491 2621 1531 re
2649 1477 2825 1544 aliqua
2851 1474 3308 1537 claudicaverant,
3341 1482 3398 1527 et

1824 1570 1880 1624 in
1921 1570 2007 1636 iis,
2055 1585 2176 1638 quae
2219 1568 2285 1622 ad
2330 1567 2490 1621 ﬁdem
2536 1565 2833 1634 pertinent,
2866 1561 3138 1632 perversis
3166 1575 3396 1629 aspexe-

1825 1671 1946 1716 rant
1978 1661 2171 1724 oculis,
2207 1669 2261 1714 et
2293 1658 2490 1713 deinde
2518 1673 2548 1711 a
2579 1657 2732 1726 lapsu
2767 1655 3127 1722 resipuerant,
3156 1661 3213 1705 et
3247 1650 3400 1704 libel-

1829 1750 1891 1804 lis
1909 1747 2473 1819 comprehendendam
2497 1745 2825 1814 abrogarant
2843 1742 3179 1811 opinionem,
3206 1739 3398 1793 iisdem

1825 1842 2220 1911 amplectentes
2258 1836 2580 1894 visceribus.
2615 1835 2954 1890 collocabant
3005 1834 3060 1887 in
3105 1833 3218 1886 suis
3251 1833 3400 1886 sedi-

1825 1929 1926 1982 bus
1960 1945 1972 1980 :
2003 1936 2059 1982 et
2087 1928 2140 1980 in
2170 1925 2398 1994 pacifico
2423 1932 2566 1978 statu
2596 1934 2652 1977 et
2682 1923 3073 1991 tranquillitate
3096 1921 3261 1975 nullis
3284 1922 3399 1991 agi-

1825 2028 1935 2078 tata
1968 2018 2244 2082 fluctibus,
2289 2021 2684 2070 conservarunl.
2713 2013 3008 2067 Ecclesiam
3044 2013 3192 2066 orbis
3219 2020 3396 2065 teme.

1891 2112 1980 2165 25.
2034 2110 2098 2166 Et
2146 2111 2201 2164 in
2241 2109 2305 2164 iis
2350 2107 2594 2177 quidem,
2624 2121 2746 2175 quae
2783 2105 2848 2158 ad
2897 2105 3183 2174 gloriosam
3235 2103 3394 2155 fidem

1823 2205 2121 2274 pertinent,
2175 2202 2256 2257 sic
2304 2214 2533 2270 magnus
2569 2198 2799 2252 allectus
2831 2195 3108 2256 Tarasius.
3156 2194 3221 2247 ad
3277 2209 3396 2246 eam

1825 2307 1968 2348 recte
1992 2303 2048 2348 et
2079 2301 2266 2363 aperte
2298 2290 2694 2360 explicandam,
2729 2299 2785 2342 et
2809 2287 2876 2341 ad
2907 2302 3023 2347 eos,
3056 2285 3147 2353 qui
3175 2285 3397 2338 vacilla-

1825 2387 1956 2440 bant
1979 2396 2034 2440 et
2057 2385 2302 2453 utrisque
2323 2383 2550 2452 pedibus
2580 2379 2978 2442 claudicabant,
3008 2385 3070 2431 ut
3093 2385 3241 2431 recto
3261 2376 3398 2445 pede

1826 2475 2162 2534 incederent.
2198 2467 2626 2540 persuadendos.
2658 2480 2914 2535 magnum
2947 2462 3186 2530 suscepit
3217 2469 3398 2515 certa-

1826 2581 1951 2620 men
1977 2576 2032 2620 et
2081 2565 2409 2617 immensum
2445 2560 2683 2612 laborem
2714 2574 2727 2609 :
2753 2555 2996 2624 quotidie
3029 2555 3248 2622 quidem
3279 2567 3395 2614 eos,

1826 2659 1919 2728 qui
1957 2657 2308 2714 accedebant,
2350 2651 2595 2706 honestis
2634 2648 2858 2704 monitis
2905 2647 3167 2700 inducens
3200 2661 3215 2699 :
3249 2651 3304 2697 et
3351 2642 3398 2696 si

1825 2763 1964 2816 quos
1990 2745 2206 2801 videbat
2249 2742 2411 2797 corde
2444 2753 2753 2810 perversos,
2779 2751 2874 2791 eos
2902 2735 3169 2805 dirigebat
3204 2733 3402 2787 verbo-

1829 2855 1948 2894 rum
1979 2834 2476 2906 congressionibus,
2511 2846 2714 2899 eosque
2745 2829 2956 2899 legibus
2980 2827 3237 2896 colligans
3258 2825 3402 2878 veri-

1830 2932 1974 2997 tatis,
2001 2929 2305 2983 addueebat
2327 2924 2580 2980 Ecclesiae
2601 2938 2784 2978 sacras
2807 2921 2918 2992 (ιθ)
2951 2920 3176 2975 hostias.
3205 2917 3403 2974 Osten-

1829 3023 1991 3076 debat
2022 3029 2202 3074 autem
2243 3017 2444 3070 nullam
2487 3013 2712 3068 omnino
2741 3013 2942 3066 habere
2985 3009 3401 3064 consensionem

1756 3143 1800 3203 ρ
1832 3121 1926 3166 aut
1955 3109 2416 3168 convenientiam,
2456 3113 2619 3174 prout
2651 3103 2933 3170 videbatur
2967 3101 3092 3155 fidei
3121 3106 3402 3152 accusato-

1835 3203 2008 3262 ribus,
2039 3200 2304 3254 idolorum
2339 3195 2774 3250 abominationes
2802 3209 2926 3248 cum
2969 3192 3076 3262 piis
3108 3199 3164 3244 et
3200 3189 3406 3244 divinis

1835 3289 2018 3360 figuris
2055 3286 2486 3343 venerandarunt
2517 3283 2838 3351 imaginum.
2876 3279 3010 3334 Nam
3037 3279 3253 3333 illorum
3281 3276 3407 3347 qui-

1835 3375 1981 3436 dem,
2012 3374 2190 3430 aiebat
2241 3373 2352 3439 ille,
2408 3371 2694 3441 productio
2734 3369 2896 3424 simul
2949 3367 3229 3436 inquinata
3281 3380 3407 3420 cum

1837 3466 2028 3537 primis
2058 3465 2478 3534 exemplaribus,
2529 3461 2760 3516 efﬁcitur
2796 3461 2959 3530 plena
2991 3457 3138 3512 omni
3172 3457 3410 3527 turpitu-

1837 3559 1962 3614 dine
1980 3600 1996 3618 ,
2022 3558 2214 3610 harum
2241 3571 2371 3610 vero
2395 3569 2520 3609 cum
2549 3553 2662 3608 sint
2689 3551 2995 3606 veneranda
3028 3549 3201 3619 prima
3227 3563 3414 3603 exem-

1838 3650 2031 3720 plaria,
2062 3646 2375 3702 necessario
2405 3645 2567 3701 etiam
2597 3643 2760 3698 simul
2792 3644 3096 3697 veneranda
3125 3647 3410 3708 apparent,

1838 3759 1960 3813 quae
1993 3757 2062 3797 ex
2093 3741 2199 3795 illis
2247 3739 2644 3809 producuntur.
2680 3739 2744 3792 Et
2773 3744 2902 3790 sunt
2948 3735 3037 3788 illa
3069 3734 3290 3803 quidem
3327 3733 3438 3785 iii--

1839 3844 2000 3890 venta
2041 3834 2262 3905 gentilis
2314 3832 2460 3886 falsa:
2509 3828 2810 3900 religionis,
2837 3826 3010 3882 ellicla
3042 3841 3108 3879 ex
3139 3841 3226 3888 eo,
3266 3824 3414 3893 quod

1839 3941 2108 3996 nusquam
2143 3932 2260 3978 est:
2314 3922 2396 3976 ha:
2441 3931 2647 3986 autem,
2675 3935 2794 3988 qua:
2837 3933 2868 3972 a
2910 3915 3219 3972 Christiana
3268 3924 3415 3968 recte

1843 4018 1981 4072 fiunt
2013 4015 2318 4075 sanctitate.
2349 4030 2414 4068 ex
2444 4028 2508 4068 eo
2552 4010 2698 4080 quod
2749 4019 2851 4074 est,
2891 4008 2957 4061 ad
3005 4007 3058 4061 id
3119 4006 3262 4076 quod
3308 4013 3413 4068 est,

1844 4111 2160 4171 efformatze,
2194 4107 2395 4160 habent
2421 4111 2842 4174 consequentem
2872 4099 3196 4174 exemplaris
3219 4097 3417 4153 arche-

1846 4204 1955 4276 typi
1989 4201 2353 4256 sanctitatem.

1844 4335 2009 4391 modo
2041 4333 2276 4402 suscepti
2303 4329 2578 4384 fuerint...
2604 4327 2684 4381 An
2720 4323 2994 4402 ordinatio
3016 4338 3110 4402 per
3133 4322 3418 4402 pecunias,

1846 4421 1969 4476 qua:
1999 4407 2051 4458 in
2091 4391 2488 4473 tlepositionem
2523 4400 2840 4476 necessario
2896 4391 3170 4476 incurrit?
3206 4391 3418 4476 Necubi

1851 4463 2077 4546 prorsus
2129 4463 2316 4546 verum
2355 4479 2455 4525 est.
2489 4487 2507 4519 ›
2545 4467 2787 4546 Interim,
2826 4475 2885 4518 ut
2913 4472 3034 4546 post
3064 4464 3169 4546 alia
3225 4463 3420 4545 addit,

1862 4533 1878 4597 ἰ
1911 4547 2117 4606 zelotae,
2156 4542 2248 4612 qui
2295 4549 2408 4594 tum
2465 4547 2646 4600 erant.
2695 4545 2748 4590 rt
2787 4535 2986 4612 exacti,
3017 4543 3072 4588 ct
3103 4533 3421 4612 Tarasiose

1855 4604 2276 4684 conjomerant,
2303 4620 2356 4684 et
2395 4624 2519 4684 cum
2571 4623 2637 4663 eo
2675 4606 3114 4684 consentiebant,
3150 4615 3205 4659 et
3238 4604 3424 4660 subito

1855 4674 1978 4753 post
2005 4674 2272 4753 synodum
2292 4676 2959 4753 discessionemfecerunt
2984 4674 3057 4753 ob
3086 4687 3424 4753 susceptam,

1856 4745 1915 4808 ἱιι
1947 4745 2079 4823 ipsis
2131 4751 2311 4805 visum
2366 4748 2883 4823 est,_pccunia_riam
2941 4745 3336 4823 ordinationem
3369 4754 3424 4798 et

1852 4815 1990 4878 alias
2017 4823 2279 4892 quasdam
2309 4815 2693 4890 quaestiones.»
2727 4815 3034 4892 errtim,_tlt
3062 4816 3424 4884 praemiserat,

1862 4914 1880 4944 ε
1903 4887 2080 4963 Operae
2105 4887 2364 4946 duximus
2389 4887 2801 4963 pretiunrpacis
2832 4887 3014 4963 studio
3039 4901 3163 4963 cum
3195 4899 3260 4938 co
3285 4900 3422 4963 con-

1855 4955 2095 5019 cor-diam
2125 4955 2428 5016 retinere...
2467 4960 2529 5012 Et
2555 4955 2665 5012 ubi'
2701 4956 2849 5024 quod
2901 4955 3124 5007 oll'endit
3182 4955 3424 5024 suspicio

1855 5045 1957 5098 est,
1992 5034 2186 5087 melius
2218 5040 2300 5085 est
2347 5029 2622 5092 assentiri,
2667 5041 2838 5098 quam
2887 5025 3420 5098 pertinacemicsso.

1856 5097 1967 5160 Nec
2002 5120 2128 5158 vero
2159 5103 2264 5174 ipsi
2295 5100 2472 5174 vosdc
2492 5097 2830 5174 conscientia
2864 5103 3041 5174 ve_slra
3064 5097 3422 5174 deducimus:

1856 5193 1956 5229 nec
1978 5190 2071 5228 vos
2101 5164 2320 5227 rursum
2356 5171 2406 5224 id
2441 5168 2660 5238 exigite,
2696 5175 2754 5220 ut
2779 5167 2968 5238 nosde
3017 5180 3126 5219 non
3193 5164 3426 5220 manife-

1856 5254 1996 5299 stata
2024 5245 2181 5297 nobis
2205 5240 2512 5310 cognitione
2528 5235 3011 5310 {quandoquidem
3044 5245 3096 5288 et
3120 5252 3351 5310 persona
3373 5245 3429 5310 et

1857 5325 2070 5382 tempus
2096 5322 2150 5365 et
2179 5305 2514 5378 experientia
2540 5307 2835 5382 conciliare
2870 5307 3009 5360 solet
3045 5320 3176 5382 eos.
3204 5305 3296 5373 qui
3360 5305 3448 5382 de

1854 5375 2059 5437 eisdem
2108 5375 2270 5436 rebus
2301 5397 2405 5434 non
2442 5382 2631 5432 eadem
2690 5377 2955 5431 sentiunt.
2991 5394 3010 5427 ι
3045 5375 3266 5430 Demum
3323 5376 3425 5428 sub

1856 5457 2016 5508 linem
2053 5462 2286 5506 testatur
2341 5448 2958 5520 perseverasseTarasii
3015 5462 3142 5500 cum
3179 5447 3424 5520 ltotnana

1857 5523 2097 5578 Ecclesia
2152 5517 2613 5576 eommuuionem.
2647 5538 2664 5568 ‹
2697 5517 3044 5571 Manifestum
3084 5528 3186 5581 est,
3224 5517 3421 5584 inquil,

1855 5611 1978 5648 cum
2030 5593 2400 5646 Rolnanorum
2436 5591 2693 5643 Antistitc
2720 5587 2934 5641 'l‘arasii
2966 5587 3301 5655 temporibus
3331 5600 3424 5639 sa-

1855 5667 2129 5718 crificasse
2163 5661 2557 5732 Apocrisiarios
2594 5662 2719 5716 hinc
2763 5659 2962 5716 missos
3019 5664 3074 5714 cl
3119 5656 3264 5713 illius
3315 5655 3426 5712 for-

1857 5749 2002 5792 tasse
2024 5751 2146 5790 cum
2175 5732 2564 5790 Orientalibus.
2589 5749 2608 5784 ι
