4088 6510
575 358 715 425 1402

1658 360 1719 420 S.
1769 355 2079 419 TARASII
2118 354 2626 419 PATRIARCHIE
2670 358 2778 418 CP.

3696 351 3831 416 HM

644 475 736 529 24.
756 473 913 528 'Cum
940 471 1086 527 enim
1117 471 1418 527 invenisset
1456 470 1752 527 Ecclesiam
1783 472 2145 542 prazstigiato-
2172 470 2217 526 Α
2244 487 2366 527 cum
2402 489 2594 544 graves
2620 482 2677 529 et
2705 473 2914 528 acerba:
2943 471 3009 527 de
3030 488 3096 528 eo
3117 472 3451 528 haberentur
3472 473 3829 542 quastioues,

577 565 656 619 ris
703 574 754 619 et
791 562 1132 619 circulatoris
1179 563 1236 617 in
1272 577 1480 618 morem
1512 562 1762 617 affectam
1794 571 1849 617 et
1876 572 2149 617 errantem

578 657 634 710 in
657 655 935 710 montibus
956 655 1203 718 haeresis,
1225 663 1280 709 et
1300 656 1660 710 sustinentem
1683 655 1880 711 famem
1906 665 1962 710 et
1981 655 2147 721 sitim,

578 761 687 798 non
722 742 875 813 panis
899 754 955 797 et
994 758 1168 811 aqua,
1200 744 1292 798 sed
1336 742 1534 796 famem
1572 742 1825 797 audiendi
1858 742 2009 797 verbi
2044 740 2151 794 Do-

576 836 731 898 mini,
764 851 883 889 eam
908 835 1060 889 alens
1089 835 1144 889 in
1182 835 1399 905 pascuis
1439 835 1660 904 quietis,
1690 844 1747 890 et
1779 835 2055 891 deducens
2083 835 2151 890 ad

577 927 798 981 semitas
822 927 1069 996 justitiat,
1106 942 1321 998 gregem
1372 927 1501 981 fecit
1530 927 1969 997 pinguissimum,
2003 926 2151 980 salu-

579 1019 788 1074 laribus
826 1018 1228 1089 pinguefactum
1263 1019 1590 1081 actionibus,
1613 1026 1669 1073 et
1693 1019 1837 1074 dulci
1862 1019 2003 1074 lacte
2028 1019 2151 1073 ﬁdei

579 1126 758 1164 acrem
787 1110 1024 1165 haeretici
1049 1109 1301 1165 fermenti
1328 1111 1744 1166 amaritudinem
1769 1121 2148 1181 exspuentent,

576 1208 632 1253 et
661 1200 917 1254 effectura
946 1215 1142 1254 novam
1176 1202 1644 1270 conspersionem.
1676 1202 1743 1257 Et
1771 1203 2005 1273 primum
2035 1202 2155 1273 qui-

577 1292 701 1345 dem
733 1291 843 1361 (50)
885 1291 1207 1347 Simoniacae
1250 1307 1524 1348 crumena
1569 1294 1824 1349 scindens
1851 1295 2151 1361 vinculum,

577 1396 687 1449 quo
742 1390 961 1436 sanctus
1023 1381 1258 1451 Spiritus
1315 1384 1516 1438 donum
1568 1385 1763 1439 venale
1811 1387 2152 1455 proponitur,

579 1471 790 1538 statuit,
838 1481 899 1527 ut
948 1474 1288 1529 sacerdotum
1316 1476 1482 1546 gratis
1528 1476 1722 1531 ﬁerent
1759 1478 2063 1533 creationes
2099 1488 2155 1535 et

580 1561 955 1615 ordinationes
991 1579 1004 1615 :
1039 1578 1106 1617 ex
1134 1564 1272 1617 atrio
1304 1565 1675 1621 ecclesiastico
1719 1582 1935 1621 omnem
1983 1584 2154 1637 pecu-

580 1652 811 1707 niariam
845 1654 1121 1724 expellens
1147 1657 1623 1723 consuetudinem,
1657 1668 1713 1713 et
1740 1660 2001 1729 quidquid
2036 1670 2155 1718 erat

579 1758 833 1812 asperum
860 1743 1103 1813 ejiciens,
1134 1754 1309 1800 rectas
1332 1745 1460 1800 facit
1496 1748 1718 1801 semitas
1761 1748 1906 1813 ﬁdei,
1934 1765 2150 1819 gregem

580 1833 764 1886 multis
792 1849 1089 1902 provocans
1110 1836 1474 1899 sermonibus,
1497 1846 1553 1891 et
1572 1839 1874 1893 ascendens
1894 1840 1947 1894 in
1973 1856 2154 1895 sacra-

582 1918 853 1975 tissimum
884 1921 1195 1987 ambonem,
1237 1925 1459 1993 parabat
1496 1941 1738 1982 mensam
1769 1928 2152 1996 doctrinae,“

579 2010 845 2066 divinitus
895 2013 1172 2082 inspiratis
1218 2015 1517 2086 Scripturis
1544 2035 1750 2075 venans
1782 2022 2029 2085 obsonia,
2086 2023 2154 2077 ad

578 2099 802 2155 alendas
827 2102 1039 2155 animas
1068 2104 1239 2158 utilia.
1272 2103 1416 2169 Quin
1444 2106 1606 2160 etiam
1636 2110 1865 2178 sparsim
1895 2110 2155 2180 colligens

578 2189 790 2244 cantica
829 2191 1102 2257 Davidica,
1135 2209 1231 2262 per
1270 2195 1718 2264 perspicuitatem
1763 2205 1818 2251 et
1846 2198 2154 2255 evidentem

580 2282 1222 2348 rerum.distinctionem,
1253 2286 1396 2340 clare
1421 2287 1700 2355 aperiebat
1729 2304 1814 2355 ea,
1841 2306 1962 2359 quae
1994 2292 2156 2346 intel-

579 2372 887 2443 ligebantur
923 2395 934 2428 :
967 2375 1103 2429 adeo
1134 2385 1194 2430 ut
1230 2390 1415 2432 essent
1448 2380 1612 2433 veluti
1644 2380 1698 2433 in
1728 2390 2026 2451 conspectu
2066 2383 2153 2449 iis,

579 2463 673 2531 qui
701 2476 858 2518 erant
890 2465 1103 2533 lecturi,
1134 2474 1191 2521 et
1216 2477 1364 2523 recta
1398 2468 1463 2524 iis
1499 2469 1594 2539 qui
1648 2471 1935 2528 inveniunt
1966 2475 2156 2545 cogni-

583 2554 807 2609 tionem.

647 2642 738 2698 25.
762 2643 914 2710 Quod
942 2655 1121 2699 autem
1149 2649 1540 2718 propemodum
1564 2652 1910 2721 praetermisi,
1938 2656 2158 2726 et‘quod

578 2733 900 2787 memoriam
927 2736 1194 2807 effugiens
1224 2754 1333 2793 non
1365 2747 1482 2793 erat
1507 2744 1928 2810 enuntiandum,
1959 2754 2015 2800 et
2042 2757 2160 2803 erat

576 2824 885 2879 celaturum
916 2842 1099 2881 curam
1124 2828 1291 2883 divini
1318 2829 1513 2896 Patris,
1537 2848 1698 2900 quam
1721 2836 1939 2904 gerebat
1961 2835 2017 2888 in
2041 2851 2157 2903 eos,

578 2914 675 2985 qui
724 2916 1061 2983 laborabant,
1107 2934 1210 2987 qua
1251 2919 1370 2990 ipse
1411 2936 1505 2977 eos
1540 2922 1774 2983 levabat,
1809 2933 1866 2978 et
1894 2926 2071 2994 cujus,
2102 2935 2162 2981 ut

579 3006 796 3075 opinor,
834 3006 936 3063 fuit
959 3008 1075 3078 ipse
1102 3011 1313 3080 primus
1338 3012 1539 3082 opifex,
1571 3029 1694 3068 cum
1720 3014 1773 3068 in
1803 3016 1949 3072 hunc
1979 3018 2159 3073 locum

2254 580 2432 634 neque
2486 567 2537 621 ei
2576 565 2871 636 quidquam
2921 565 3142 620 daretur
3192 565 3509 627 laxamenti,
3563 566 3660 619 sed
3695 566 3833 618 allii-

2253 657 2436 712 ctione
2461 665 2516 712 et
2545 658 2792 723 cruciatu
2821 657 2969 710 omni
3011 673 3073 710 ex
3118 667 3269 727 parte
3302 668 3611 725 urgeretur,
3644 658 3833 712 detur-

2252 745 2486 800 babatur
2537 747 2591 800 in
2660 746 2991 815 profundum
3046 746 3446 816 desperationis
3495 764 3611 817 pne
3663 749 3831 801 animi

2252 838 2595 908 aegritudine.
2647 838 2697 892 ls
2736 854 2859 892 cum
2913 847 3130 893 noctem
3181 839 3527 894 observasset
3563 841 3833 909 intempe«

2253 939 2414 992 stam,
2444 944 2539 983 eos
2566 930 2765 992 latens,
2795 945 3026 999 quorum
3054 931 3314 984 custodize
3348 930 3526 984 fuerat
3568 931 3828 995 creditus,

2254 1019 2319 1073 ad
2350 1020 2533 1088 templi
2564 1019 2807 1074 divinum
2841 1036 2899 1075 se
2950 1020 3179 1075 contulit
3218 1021 3510 1092 refugium.
3542 1022 3680 1077 Cum
3733 1038 3830 1076 au-

2256 1116 2363 1162 tem
2398 1107 2588 1162 fuisset
2618 1109 2759 1163 intra
2793 1110 2969 1181 adyta,
3002 1111 3330 1165 venerandae
3379 1127 3584 1165 mensa:
3626 1114 3831 1166 mordi~

2254 1213 2351 1253 cus
2386 1200 2743 1269 apprehensis
2789 1202 3067 1267 cornibus,
3105 1218 3167 1257 ea
3215 1204 3435 1258 tenebat
3472 1219 3599 1256 cum
3638 1220 3834 1274 magno

2255 1298 2489 1346 tremore
2545 1300 2600 1344 et
2654 1293 2866 1346 timore.
2908 1292 3043 1347 Cum
3089 1308 3218 1363 ergo
3271 1309 3395 1347 eum
3449 1295 3834 1359 cognovissent

2252 1381 2547 1450 aufugisse,
2582 1392 2729 1436 metu
2760 1399 2829 1437 ne
2861 1384 3003 1438 idem
3033 1385 3280 1440 subirent
3309 1385 3659 1455 supplicium,
3688 1387 3836 1440 velo-

2254 1472 2409 1526 cibus
2462 1473 2693 1541 pedibus
2720 1484 2992 1529 venerunt
3040 1475 3109 1528 ad
3147 1474 3391 1528 divinum
3432 1475 3723 1543 templum,
3780 1484 3835 1528 et

2254 1575 2377 1614 eum
2419 1561 2746 1630 aspicientes
2791 1578 3034 1616 mensam
3082 1562 3319 1616 divinam
3379 1563 3832 1631 apprehendisse.

2255 1652 2594 1707 circumdant
2624 1653 2768 1723 adyti
2817 1653 3104 1717 ambitum,
3140 1662 3384 1722 tempore
3430 1652 3537 1706 cibi
3576 1654 3833 1707 sumendi

2256 1758 2351 1796 reo
2389 1742 2697 1811 aperientes
2747 1742 3076 1812 ingressum,
3127 1756 3238 1795 non
3273 1742 3465 1797 dantes
3522 1742 3728 1806 locum,
3778 1754 3837 1797 ut

2255 1845 2438 1905 posset
2468 1836 2545 1889 uti
2581 1836 2804 1905 reliquis
2839 1834 3161 1890 necessariis
3198 1851 3214 1888 :
3248 1835 3341 1889 sed
3383 1836 3685 1905 sperabant
3717 1835 3835 1890 fore

2256 1934 2315 1979 ut
2354 1941 2477 1979 eum
2512 1926 2763 1995 proderet
2800 1926 3117 1989 necessitas,
3172 1936 3230 1980 et
3262 1943 3387 1981 eum
3433 1927 3520 1981 vel
3554 1928 3839 1982 nolentem

2253 2017 2568 2084 expelleret.
2616 2017 2967 2072 Adhibebant
2998 2019 3178 2086 itaque
3215 2018 3476 2086 majorem
3506 2020 3833 2073 custodiam.

2254 2104 2557 2160 Prohibent
2604 2106 2753 2161 enim
2812 2106 3039 2159 omnino
3082 2106 3390 2176 ingressum
3440 2106 3510 2159 ad
3547 2121 3724 2169 aram,
3781 2114 3841 2158 ut

2254 2212 2420 2250 nemo
2465 2212 2587 2250 cum
2635 2212 2889 2250 sermone
2937 2197 3265 2266 impertiret,
3314 2206 3409 2251 aut
3457 2198 3528 2251 ad
3578 2212 3699 2261 eos,
3746 2196 3840 2266 qui

2255 2297 2411 2341 erant
2433 2296 2609 2351 extra,
2646 2286 2863 2355 aliquod
2897 2286 3123 2341 verbum
3161 2286 3231 2339 ab
3256 2302 3322 2340 eo
3348 2287 3835 2341 transmitteretur.

2324 2379 2414 2433 ‘26.
2446 2378 2583 2433 Cum
2617 2379 2734 2433 haec
2769 2379 2933 2449 igitur
2958 2380 3238 2434 venissent
3273 2380 3341 2434 ad
3376 2396 3540 2434 aures
3571 2378 3839 2442 Pastoris,

2256 2486 2381 2524 eum
2417 2470 2767 2537 repleverunt
2810 2470 3042 2523 maxima
3070 2470 3237 2523 animi
3272 2470 3623 2541 aegritudine,
3662 2482 3722 2526 ut
3747 2473 3835 2541 qui

2256 2561 2469 2615 videret
2509 2560 2974 2628 contemptionem
3008 2560 3318 2614 divinorum
3364 2570 3833 2615 sacramentorum

2256 2665 2479 2706 movere
2527 2651 2595 2704 ad
2645 2650 3074 2720 indignationem
3118 2651 3386 2706 bonorum
3435 2652 3704 2706 datricem
3745 2652 3837 2707 Dei

2258 2739 2675 2811 benignitatem.
2708 2738 2815 2794 Sed
2842 2741 3020 2795 videte
3064 2757 3094 2794 a
3140 2740 3482 2796 misericordi
3513 2741 3681 2795 Patre
3706 2758 3837 2812 sup-

2257 2834 2559 2903 peditatum
2591 2843 2722 2888 tunc
2750 2833 2798 2888 ei
2825 2833 3108 2897 auxilium,
3140 2843 3197 2888 et
3217 2835 3562 2888 admiramini
3594 2835 3835 2904 pruden—

2260 2924 2411 2977 tiam.
2452 2923 2526 2978 Eo
2556 2925 2703 2979 enim
2752 2932 3025 2993 tempore,
3070 2939 3179 2993 quo
3207 2925 3496 2993 oportebat
3524 2925 3710 2979 cibum
3742 2940 3838 2977 su-

2260 3031 2411 3070 mere
2439 3030 2588 3080 eum,
2616 3015 2706 3083 qui
2731 3015 3088 3085 aﬂligebatur,
3119 3029 3273 3068 sacra
3308 3024 3457 3068 veste
3488 3028 3550 3068 se
3576 3013 3837 3078 induens,

580 3098 846 3162 venerim,
906 3110 1163 3169 tanquam
1222 3103 1631 3159 condimentum
1692 3106 1909 3177 aliquod
1948 3118 2005 3164 et
2052 3112 2158 3164 mel
2186 3143 2228 3200 ο
2262 3106 2713 3177 proficiscebatur
2759 3106 2825 3159 ad
2869 3106 3086 3175 adytum
3121 3123 3135 3159 :
3176 3115 3231 3159 et
3262 3120 3358 3173 per
3391 3105 3674 3159 dexteram
3711 3120 3839 3174 por-

582 3188 740 3242 dulce
778 3191 1090 3246 admiscens
1120 3193 1333 3263 reliquo
1366 3196 1580 3265 corpori
1614 3197 1902 3260 orationis,
1947 3200 2157 3256 viscera

580 3280 886 3335 clementiae
913 3290 970 3336 et
995 3284 1382 3341 misericordia:
1414 3287 1577 3341 statui
1619 3288 1860 3344 inserere
1895 3290 1949 3345 in
1979 3294 2159 3348 cordi-

581 3367 686 3422 bus
735 3384 946 3434 eorum,
988 3371 1081 3440 qui
1132 3382 1262 3428 sunt
1299 3374 1515 3443 benigni
1556 3383 1613 3430 et
1660 3376 1977 3432 clementes.
2024 3376 2157 3432 Nam

581 3459 876 3527 aliquando
909 3463 1130 3531 quidam
1163 3478 1229 3518 ex
1261 3464 1348 3523 iis.
1373 3466 1464 3534 qui
1500 3465 1761 3535 gerebant
1788 3467 2156 3538 magistratus,

582 3551 873 3620 splendore
917 3562 973 3608 et
1023 3555 1190 3626 gloria
1221 3564 1277 3610 et
1311 3556 1513 3611 divitiis
1546 3557 1795 3628 insignis,
1826 3559 1917 3628 qui
1971 3560 2156 3627 etiam,

585 3651 646 3697 ut
674 3644 784 3713 (5i)
814 3661 1000 3700 ensem
1031 3647 1440 3716 imperatorium
1466 3657 1720 3720 gestaret,
1753 3651 2014 3707 honorem
2042 3663 2160 3709 erat

583 3734 835 3805 adeptus,
866 3754 965 3808 pro
995 3755 1189 3811 magno
1212 3741 1463 3811 pecuniae
1490 3743 1732 3812 pondere
1765 3744 1923 3800 luens
1948 3761 2157 3816 ptenas,

654 3875 768 3950 (50)
828 3875 1114 3950 Sincerum
1171 3874 1292 3950 ejus
1351 3877 1618 3950 animum,
1674 3893 1784 3947 quo
1838 3879 2156 3950 hujusmodi

584 3946 807 4021 crimen
828 3946 1046 4021 penitus
1090 3947 1326 4021 evellere
1348 3948 1576 4021 studuit,
1607 3946 1813 4021 indicat
1842 3946 2154 4021 conscripta

584 4017 650 4091 ad
679 4015 977 4091 Adrianum
1011 4015 1225 4091 l’apam_
1244 4018 1496 4091 epistola,
1517 4033 1665 4091 quae
1699 4020 1801 4091 sub
1834 4022 1995 4074 ﬁnem
2026 4015 2156 4091 sep-

584 4086 733 4158 limae
755 4085 950 4158 synodi
965 4097 1149 4158 essm
1188 4085 1604 4158 Grzeeoflsatitia
1622 4104 1687 4142 ex
1711 4085 2158 4158 interpretatione

584 4154 863 4226 {\nasta’sii
918 4154 1347 4226 Bibliothecarii.
1385 4156 1443 4210 In
1492 4173 1557 4211 ea
1611 4168 1737 4226 post
1788 4154 1953 4213 cit—ala
1984 4177 2157 4216 sacra:

587 4223 910 4293 Scriptura},
953 4225 1169 4278 Patrum
1201 4236 1252 4278 et
1277 4223 1643 4281 Conciliorum
1692 4229 2032 4292 testimonia,
2080 4232 2153 4285 ita

586 4305 808 4369 perorat
841 4310 909 4369 :_«
949 4295 1040 4369 Sic
1076 4310 1175 4349 nos
1202 4296 1417 4358 docelo.
1454 4296 1951 4369 virsacratissime,
1996 4301 2155 4369 sequi

585 4365 824 4437 divinam
860 4364 1220 4432 Scripturam,
1246 4377 1298 4419 et
1337 4366 1672 4436 evangelica,
1703 4369 2020 4437 apostolica,
2062 4364 2156 4423 ca-

586 4435 803 4517 punica,
842 4442 896 4488 et
934 4445 1157 4517 paterna
1195 4435 1500 4517 przeceplai
1522 4435 1821 4517 Obedinius
1853 4439 2003 4517 enim
2030 4454 2152 4517 ve_r—
2186 4463 2229 4517 υ

586 4504 672 4557 bis
694 4505 805 4556 oris
834 4506 1017 4557 vestri.
1044 4502 1220 4572 Super
1245 4502 1458 4560 excelsa
1500 4510 1809 4562 conscende
1845 4526 1857 4561 :
1885 4511 2063 4564 exalta
2097 4509 2149 4563 in

588 4572 912 4648 fortitudine
930 4589 1115 4627 vocem
1150 4584 1296 4648 tuam
1334 4594 1346 4628 :
1381 4575 1551 4648 abiin
1582 4578 1888 4641 latitudine,
1917 4579 2149 4648 przedica

586 4658 711 4696 cum
754 4642 971 4705 ﬁducia,
999 4652 1057 4695 ut
1089 4644 1367 4698 auferatur
1396 4654 1449 4699 et
1479 4646 1532 4699 in
1579 4642 1931 4702 abolitionem
1972 4649 2153 4703 veniat

587 4712 861 4784 impositio
884 4728 1099 4775 manus,
1117 4729 1237 4780 qua:
1260 4730 1353 4782 per
1376 4717 1633 4784 pecunias
1653 4716 1729 4779 ﬁt,
1758 4736 1777 4769 ι
1804 4728 1907 4771 etc.
1929 4715 2063 4772 Nam
2096 4728 2155 4772 ut

588 4783 690 4838 sub
724 4782 937 4835 initium
971 4783 1179 4846 scribit,
1209 4802 1226 4834 ε
1253 4782 1492 4839 lratérna
1526 4796 1581 4840 et
1604 4802 1822 4841 summo
1847 4790 2154 4843 sacerdotio

585 4854 842 4907 decorata
878 4855 1138 4907 sanctitas
1196 4864 1392 4919 vestra,
1437 4856 1561 4924 jure
1608 4872 1673 4911 ac
1718 4857 2021 4911 secundum
2057 4856 2151 4911 Dei

584 4924 942 4995 voluntatem,
972 4924 1339 4992 pontiﬁcalem
1371 4926 1631 4980 ordinans
1658 4927 1934 4995 pietatem.
1969 4928 2157 4995 opina-

588 4995 853 5075 tissimant
887 4994 1055 5075 habet.
1087 4994 1337 5075 gloriam.
1363 5015 1380 5047 ι
1415 4995 1621 5075 Graece,
1660 4993 1728 5048 Ἥ
1759 4993 1854 5075 sfw
1888 4993 2151 5075 ἀδξλρικῂ

588 5063 742 5136 ρμῷν
766 5063 1106 5135 ἁρχιεροπὴς
1131 5066 1405 5136 ᾁγιωσύνη
1431 5065 1705 5136 ὲνθέσμως
1732 5070 1823 5119 καὶ
1845 5069 1985 5119 κατὰ
2016 5063 2151 5119 Θεοῦ

623 5133 844 5206 σύλησιν
886 5133 1303 5206 πρυτάγεύουνσα
1341 5136 1439 5206 τὴν
1485 5133 1803 5206 ἱεράρχικὴν
1843 5137 2148 5205 ἁγίστειαν,

618 5203 1009 5275 ιαϐὀὴτοζέχει
1036 5204 1134 5275 τὴν
1157 5205 1334 5268 δόξαν.
1356 5203 1556 5260 Eadem
1589 5203 1866 5261 iia‘Griece
1895 5203 2154 5275 leguntur

585 5284 639 5327 et
668 5275 808 5341 apud
842 5272 1187 5328 Theodorum
1252 5275 1626 5329 Balsamonem
1661 5278 1801 5330 inter
1839 5272 2153 5331 sanctorum

587 5345 811 5416 Patrum
844 5343 1113 5411 Epistolas
1142 5346 1469 5416 Canonicas,
1529 5347 1597 5400 ab
1629 5363 1694 5400 eo
1750 5358 1869 5416 post
1900 5347 2155 5416 Canoncs

589 5414 972 5483 Apostolorum
1025 5424 1078 5467 et
1134 5415 1504 5469 Conciliorum
1563 5414 1771 5483 editas,
1821 5427 1874 5471 et
1931 5428 2078 5472 tonio
2136 5415 2154 5468 l

587 5482 737 5537 Juris
772 5483 1223 5538 Graeco-ltomani
1263 5501 1293 5539 a
1321 5484 1533 5539 Joanne
1555 5485 1884 5541 Leuuclavio
1916 5487 2149 5549 collecti,

592 5553 687 5627 lib.
723 5552 813 5615 Ill,
852 5556 959 5627 qui
983 5555 1189 5627 primus
1226 5566 1310 5609 est
1339 5554 1691 5627 Decretorum
1716 5558 2057 5627 synodalium
2086 5560 2156 5611 ab

593 5622 901 5695 Euitnundo
932 5622 1208 5679 Bt’tttelidio
1231 5632 1358 5681 ante
1389 5625 1577 5680 Latine
1603 5622 1844 5683 reddi-tus
1868 5646 1879 5680 :
1913 5643 1977 5681 ex
1996 5628 2155 5695 cujus

591 5693 844 5764 versione
892 5704 1097 5761 partem
1148 5695 1312 5762 hujus
1368 5697 1609 5764 epistola:
1661 5698 1832 5752 edidit
1892 5693 2155 5751 Baronius

590 5779 682 5818 an.
711 5761 830 5828 787,
864 5780 1012 5820 nunt.
1052 5766 1112 5820 til
1151 5779 1197 5823 ct
1224 5761 1314 5835 62,
1355 5761 1447 5823 sed
1467 5777 1593 5822 ante
1629 5784 1779 5823 nunt.
1815 5768 1882 5822 60
1913 5768 2155 5823 inchtus

2263 3206 2371 3250 tam
2428 3196 2769 3266 ingrediens,
2802 3211 2924 3264 quae
2957 3195 3023 3249 ad
3069 3194 3423 3249 reﬁciendum
3454 3195 3631 3249 virum
3681 3204 3842 3250 erant

2259 3288 2589 3353 necessaria,
2642 3285 3044 3355 suppeditabat,
3082 3285 3297 3339 abunde
3343 3301 3409 3339 ex
3454 3301 3514 3341 se
3554 3286 3838 3341 efferens:

2261 3387 2317 3433 et
2345 3378 2541 3432 deinde
2570 3377 2774 3439 abibat,
2802 3391 2929 3430 eum
2953 3376 3289 3445 relinquens.
3317 3375 3374 3429 Si
3409 3377 3629 3445 quando
3653 3389 3841 3432 autem

2260 3479 2470 3533 venter,
2505 3468 2590 3521 cui
2624 3466 2812 3538 negari
2843 3480 2951 3519 non
2987 3474 3183 3534 potest,
3216 3481 3341 3521 eum
3369 3475 3591 3536 cogeret
3635 3467 3837 3528 facere,

2260 3578 2381 3632 qum
2410 3569 2538 3615 sunt
2570 3558 2830 3628 requisita
2861 3565 3072 3611 natura:
3092 3598 3106 3621 ,
3140 3571 3205 3610 ex
3250 3557 3357 3611 alto
3383 3573 3575 3611 rursus
3609 3558 3841 3611 descen-

2260 3651 2415 3715 dens,
2484 3658 2541 3703 et
2595 3664 2721 3702 eum
2772 3646 2838 3701 ad
2877 3660 3152 3701 secessum
3192 3646 3469 3700 deducens
3500 3656 3556 3701 et
3606 3662 3838 3716 exspec-

2260 3749 2400 3806 tans,
2456 3749 2513 3795 et
2578 3754 2705 3794 cum
2753 3744 2944 3809 postea
2991 3752 3158 3791 manu
3201 3736 3464 3806 capiens,
3516 3738 3841 3793 restituebat

2259 3878 2312 3932 in
2354 3876 2701 3931 Theodorum
2739 3873 3143 3937 Balsamonem,
3174 3871 3331 3941 quasi
3357 3870 3403 3925 is
3424 3870 3837 3941 acerbissimos

2259 3948 2519 4001 Romame
2546 3945 2801 3999 Ecclesia:
2834 3944 3005 3998 hostis
3033 3942 3173 3996 hanc
3196 3940 3385 3995 inusta
3414 3940 3677 3995 Simoniae
3709 3953 3839 3996 nota

2259 4016 2723 4083 contemptibilem
2779 4014 3005 4067 reddere
3064 4012 3339 4083 voluerit;
3387 4010 3548 4077 cujus
3620 4012 3837 4077 injuria:

2259 4103 2388 4141 reus
2429 4081 2645 4156 videtur
2684 4083 2996 4156 Boneﬁdius
3045 4082 3254 4156 aliusve
3310 4081 3383 4135 ita
3443 4082 3836 4156 interpretatus

2258 4157 2419 4210 verba
2457 4154 2643 4209 Grzeca
2677 4168 2841 4221 supra
2876 4154 3044 4206 relata
3077 4170 3089 4206 :
3132 4169 3149 4201 ι
3193 4150 3456 4221 Fraterna
3495 4150 3629 4219 érgo
3651 4161 3831 4221 vestra

2259 4224 2615 4280 sacerdotalis
2643 4220 2928 4286 sanctitas,
2983 4237 3106 4290 qua:
3160 4237 3268 4275 non
3317 4220 3459 4287 jure,
3496 4235 3598 4274 nec
3642 4235 3709 4274 ex
3742 4220 3832 4274 Dei

2257 4297 2540 4349 voluntate
2598 4292 2910 4362 pontilicale
2961 4290 3577 4362 munusadministrat,
3635 4305 3835 4362 magna

2261 4368 2470 4419 laborat
2511 4360 2754 4426 infamia,
2800 4379 2818 4412 ι
2886 4376 3051 4430 quam
3113 4361 3258 4414 illius
3313 4360 3466 4413 iulidi
3520 4360 3839 4430 interpretis

2260 4435 2673 4490 translationem
2703 4433 2774 4486 ita
2810 4427 3037 4499 corrigit
3075 4430 3441 4484 Leunclavius
3470 4448 3484 4484 :
3519 4448 3538 4479 ι
3572 4427 3835 4499 Fraterna

2262 4521 2391 4575 ergo
2418 4498 2976 4575 vestragsa‘cerdotalis
3008 4502 3298 4575 sanctitas,
3333 4514 3456 4575 quae
3486 4498 3735 4567 legitime
3772 4515 3839 4552 ac

2262 4570 2565 4629 secundum
2605 4571 2697 4624 Dei
2737 4572 3071 4625 voluntatem
3115 4570 3479 4638 pontilicalem
3539 4583 3835 4621 consecra-

2264 4645 2466 4699 tionem
2494 4642 2865 4705 administrat,
2920 4637 3285 4708 percelebrem
3306 4640 3480 4709 habet
3514 4637 3772 4709 gloriam.
3811 4656 3831 4687 ι

2261 4715 2563 4768 Geutianus
2595 4710 2861 4765 Hervetus
2906 4707 3246 4762 Balsamonis
3302 4707 3575 4776 interpres
3614 4707 3691 4759 ita
3721 4708 3841 4761 haec

2264 4784 2458 4837 habet:
2503 4801 2521 4833 ι
2558 4781 2814 4834 Fraterna
2837 4794 2967 4849 ergo
2999 4785 3188 4849 vestra
3237 4778 3595 4832 sacerdotalis
3626 4777 3839 4849 sancti-

2265 4864 2366 4917 tas,
2396 4869 2516 4922 qua:
2541 4850 2780 4922 legitime
2813 4846 2977 4918 atque
3004 4864 3077 4922 ex_
3102 4848 3191 4922 Dei
3224 4849 3499 4922 voluntate
3527 4846 3844 4922 pontiﬁcale

2264 4917 2463 4976 munus
2500 4917 2866 4978 administrat,
2892 4917 3269 4986 ’percelebrem
3312 4918 3475 4971 habet
3514 4917 3773 4986 gloriam:
3816 4933 3838 4965 ι

2263 4991 2387 5046 llaec
2428 4992 2675 5062 pluribus
2697 4984 3014 5062 deducenda
3041 4988 3317 5062 dusimus,
3354 4998 3415 5040 ut
3461 4986 3710 5062 suspicio
3736 4984 3841 5062 Ba:

2264 5054 2705 5125 ronii'tollatur,
2777 5059 2845 5113 de
2895 5058 2997 5112 hac
3055 5056 3282 5126 epistola
3336 5054 3575 5110 nomine
3620 5054 3847 5109 Tarasii

2262 5133 2406 5186 ﬁcta.

2335 5202 2445 5271 (51)
2474 5199 2844 5272 Theophanes
2866 5196 3064 5272 Indiet.
3091 5195 3387 5272 _1_'o_',_Aanno
3421 5193 3646 5272 imperii
3687 5191 3842 5272 Con-

2262 5264 2485 5326 stantini
2508 5281 2559 5325 et
2583 5264 2767 5323 Irenes
2788 5268 2874 5331 10,
2902 5266 3107 5321 Christi
3133 5266 3254 5327 790,
3285 5284 3302 5315 ι
3331 5271 3599 5334 Augusta,
3632 5264 3842 5334 inquit,

2262 5343 2686 5412 comprehensos
2731 5338 2982 5391 homines
3040 5333 3659 5412 imperatoris,’otnnes
3702 5333 3849 5412 diris

2264 5400 2577 5466 verberibus
2610 5424 2780 5464 etesos
2809 5415 2864 5461 et
2908 5416 3095 5460 tousos
3121 5400 3237 5459 'una
3273 5421 3396 5459 cum
3450 5403 3668 5458 Joanne
3702 5400 3847 5455 Pro-

2265 5482 2595 5551 tospalhario
2611 5491 2663 5533 et
2682 5478 2865 5551 bajulo
2887 5474 3192 5551 ipsiustcni
3214 5475 3847 5551 Picridiuscoguomen-

2267 5544 2402 5614 tum,
2448 5555 2513 5605 ad
2547 5544 2788 5604 remotos
2833 5544 3047 5615 imperii
3077 5547 3213 5615 ﬁnes
3243 5561 3419 5613 usque
3479 5544 3533 5615 in
3589 5544 3845 5615 Siciliam

2265 5612 2521 5689 relegavit
2543 5620 2779 5673 exsules.
2810 5637 2827 5668 ι
2875 5612 2947 5671 De
2974 5618 3074 5670 hoc
3096 5614 3693 5689 {nanne‘intclligcnda
3727 5612 3847 5689 hare

2265 5682 2561 5745 arbitratur
2617 5689 2885 5743 Darouius
2922 5702 3063 5742 anno
3101 5686 3203 5742 78‘.)
3236 5684 3328 5740 ubi
3371 5685 3511 5739 hanc
3546 5682 3851 5737 historiam

2266 5763 2429 5817 rcl'crt
2458 5779 2608 5818 nutu.
2635 5761 2688 5827 ὅ,
2725 5759 2755 5814 4
2794 5769 2847 5812 et
2878 5758 2929 5813 5.
