4088 6508
232 339 253 395 1
274 338 371 399 105

1762 347 1961 409 VITA.

3346 360 3488 425 IIO‘i

226 449 510 503 tribunali.
557 447 723 519 quue
770 465 875 505 non
925 453 1091 507 semel
1138 462 1193 507 ct
1239 454 1322 509 bis
1355 453 1408 508 in
1441 455 1527 511 die
1555 456 1810 521 faciebat,
1842 467 1884 519 Α
1916 476 2163 530 personat
2207 464 2389 521 divitis
2425 466 2781 537 gratificans:
2816 471 2910 524 sed
2959 470 3010 524 in
3055 471 3312 527 omnibus
3352 477 3491 543 juris

224 540 323 593 sed
351 540 568 610 quoties
590 550 850 595 evocatus
869 551 986 596 erat
1010 542 1076 598 ad
1108 544 1212 600 hoc
1241 545 1605 601 ministerium
1632 547 1700 601 ab
1721 561 1807 613 eo,

224 631 318 703 qui
355 631 595 703 graviter
623 633 1055 703 periclitabatur.

298 723 391 779 27.
430 722 583 779 Hanc
638 724 1000 779 insatiabilem
1046 724 1215 781 divini
1266 726 1366 781 viri
1422 726 1810 785 demissionem

227 813 569 867 admirantes
594 814 819 879 milites,
844 822 899 869 et
926 814 1041 870 fieri
1073 830 1182 870 non
1218 831 1379 886 posse
1408 817 1729 888 cogitantes,
1755 826 1814 873 ut

226 907 321 974 qui
350 906 579 976 supplex
610 914 749 971 erat,
806 917 1113 976 caperetur,
1158 908 1399 979 quandiu
1444 909 1576 979 justi
1619 924 1815 964 manus

227 1012 354 1050 etilli
394 1005 625 1068 regeret,
668 997 981 1068 improbum
1012 998 1066 1052 in
1097 1015 1221 1054 eum
1251 1009 1469 1055 struunt
1499 1000 1810 1064 consilium,

231 1088 379 1154 quod
412 1089 705 1157 superabat
738 1104 955 1143 omnem
990 1090 1238 1145 fraudem
1270 1099 1325 1145 et
1350 1090 1627 1147 astutiam.
1662 1091 1813 1145 Clam

232 1181 382 1233 cnim
435 1196 535 1250 per
581 1181 747 1235 alium
805 1182 1026 1253 adytum
1090 1182 1359 1237 collocant
1418 1181 1689 1246 insidias,
1756 1192 1817 1238 ut

232 1270 456 1338 quando
480 1285 545 1325 ex
579 1270 748 1325 sacris
790 1272 967 1343 adytis
1002 1287 1161 1326 ovem
1190 1281 1376 1342 pastor
1426 1272 1667 1329 traheret
1714 1290 1816 1328 na-

234 1371 374 1414 tura:
421 1362 774 1427 servientem,
824 1378 943 1417 eam
994 1362 1167 1417 instar
1216 1364 1466 1435 luporum
1520 1376 1814 1436 raperent:

232 1455 383 1523 quod
415 1456 578 1509 etiam
617 1454 818 1510 factum
859 1464 964 1511 est.
997 1456 1136 1509 Nam
1169 1470 1293 1510 cum
1342 1467 1564 1513 sanctus
1606 1459 1730 1523 viri,
1760 1468 1821 1514 ut

224 1546 473 1612 solebat,
501 1561 686 1601 curam
712 1554 949 1617 gereret,
981 1557 1035 1603 ct
1060 1548 1127 1602 ad
1162 1549 1423 1618 requisita
1457 1560 1663 1605 natura:
1692 1567 1818 1605 eum

232 1638 487 1699 duceret,
539 1637 596 1703 ii,
647 1639 741 1707 qui
786 1653 980 1693 secure
1033 1640 1275 1694 latebant
1324 1640 1376 1693 in
1430 1640 1664 1708 insidiis,
1720 1657 1820 1713 per

233 1732 399 1784 aliam
434 1740 646 1801 portam
678 1731 1066 1801 irrumpentes,
1100 1748 1225 1787 eum
1254 1730 1495 1802 rapiunt,
1531 1742 1586 1787 et
1622 1733 1690 1787 ad
1730 1748 1819 1788 re-

235 1824 377 1892 giam
413 1838 511 1891 per
536 1823 643 1877 vim
675 1823 920 1878 trahunt.
953 1822 1246 1895 Postquam
1277 1801 1458 1880 autem
1494 1826 1818 1881 sceleratam
1853 1801 1892 1856 Β

237 1916 536 1971 infelicium
562 1917 1019 1973 machinationem
1046 1918 1101 1973 in
1124 1932 1248 1972 eum
1274 1919 1593 1973 adornatam
1621 1933 1822 1988 cogno-

239 2010 319 2061 vit
370 2017 557 2078 pastor
594 2008 1014 2074 sanctissimus,
1064 2008 1143 2063 ira
1190 2016 1246 2063 et
1292 2008 1481 2064 dolore
1526 2018 1818 2078 arreptus,

238 2102 388 2154 nulla
424 2108 580 2155 utens
617 2100 900 2166 dilatione,
931 2100 999 2155 ad
1032 2100 1144 2171 (5‘2)
1176 2099 1474 2156 Eleutherii
1514 2100 1697 2155 aulam
1728 2116 1820 2155 re-

237 2188 380 2257 giam
416 2187 563 2257 (illic
592 2187 740 2241 enim
783 2196 913 2243 tunc
964 2188 1105 2245 forte
1144 2190 1368 2259 contigit
1406 2191 1604 2261 degere
1648 2190 1821 2259 impe-

240 2278 528 2346 ratricem)
577 2280 805 2334 accedit.
859 2280 992 2335 Cum
1041 2281 1077 2335 ii
1128 2296 1258 2336 vero
1302 2282 1477 2336 Patris
1521 2283 1818 2337 adventum

238 2371 558 2435 sensissent,
612 2379 665 2427 et
704 2372 824 2439 ejus
883 2373 1229 2445 prazsentiam
1280 2373 1333 2427 in
1379 2374 1528 2443 ipsos
1577 2374 1821 2429 futuram

238 2462 360 2515 zelo
404 2463 619 2531 plenam
659 2472 714 2517 et
761 2463 937 2519 instar
984 2464 1125 2519 acuti
1175 2464 1336 2535 gladii
1389 2465 1821 2535 suspicarentur,

237 2569 366 2606 eum
401 2553 650 2609 siverunt
701 2565 855 2609 extra
907 2556 1132 2626 regiam,
1186 2570 1257 2610 ne
1300 2571 1553 2611 sermone
1600 2556 1822 2626 quidem

238 2644 472 2713 dignati.
522 2644 615 2700 llle
655 2655 836 2699 autem
882 2646 1075 2701 videns
1122 2661 1281 2700 suum
1337 2646 1633 2703 adventum
1686 2647 1820 2702 nihil

240 2734 345 2786 sibi
390 2734 686 2802 profuisse,
731 2736 1122 2793 ecclesiastica:
1157 2754 1335 2808 pinna:
1366 2739 1602 2794 vinculis
1631 2755 1824 2795 omnes

238 2827 610 2882 communiter
635 2829 852 2901 alligat,
888 2832 1251 2901 pronuntians
1296 2831 1550 2901 indignos
1578 2848 1825 2888 commu-

241 2918 413 2972 nione
444 2919 645 2975 Christi
682 2932 1175 2988 sacramentorum,
1208 2922 1252 2977 si
1294 2924 1402 2978 ullo
1437 2926 1585 2996 gravi
1625 2926 1825 2981 damno

240 3010 525 3065 aliieerent
574 3026 721 3077 eum,
757 3014 849 3082 qui
883 3015 1201 3086 confugerat
1247 3016 1477 3088 supplex
1522 3018 1589 3071 ad
1638 3016 1826 3072 Eccle-

1912 549 2351 608 indeclinabilem
2407 570 2631 611 servans
2672 558 3136 621 distributionem,
3186 576 3295 615 non
3328 563 3490 615 dabat

1912 639 2090 695 locum
2122 644 2208 707 iis,
2244 646 2336 715 qui
2380 647 2635 702 volebant
2680 650 2932 720 proximo
2979 650 3160 707 facere
3211 653 3483 723 injuriam.

1915 731 2023 787 Sed
2072 732 2213 789 forte
2245 736 2422 808 legum
2464 740 2685 808 quidem
2735 751 2933 796 rectam
2965 752 3019 797 et
3046 759 3313 813 nusquam
3359 759 3491 814 pro-

1913 824 2244 894 pendentem
2294 832 2640 886 conservavit
2680 834 2966 896 trutinam,
3018 835 3267 905 despexit
3306 846 3488 890 autem

1911 914 2032 985 jura
2058 956 2073 981 ,
2111 932 2234 985 qua!
2280 921 2537 988 praeclare
2586 930 2901 979 statuuntur
2940 941 2969 978 a
3008 928 3351 981 canonibus?
3388 928 3489 981 Mi-

1916 1006 2103 1061 nime:
2140 1009 2233 1062 scd
2255 1024 2378 1063 cum
2415 1013 2581 1066 sciret
2617 1014 2794 1086 legum
2817 1018 3163 1071 severitatem
3216 1018 3492 1073 canonica:

1916 1098 2257 1154 auctoritatis
2306 1101 2363 1153 in
2415 1104 2599 1158 multis
2632 1121 2752 1161 esse
2782 1122 3025 1161 sororem
3063 1117 3118 1163 et
3159 1120 3489 1173 consortem,

1918 1199 1973 1243 ut
2028 1191 2269 1260 prudens
2314 1193 2481 1263 judex
2522 1194 2661 1251 hanc
2690 1213 2811 1251 cum
2854 1199 2941 1253 illa
2979 1210 3386 1270 contemperat,
3437 1212 3494 1255 et

1920 1283 2165 1337 ostendit
2211 1298 2335 1337 esse
2377 1284 2671 1355 legitimam
2703 1303 2972 1344 canonum
3001 1293 3405 1347 aecurationcm
3437 1294 3490 1345 in

1919 1371 2006 1436 iis,
2042 1389 2164 1442 quae
2194 1376 2457 1430 canonice
2483 1377 2862 1448 corriguntur;
2904 1381 3080 1450 legum
3108 1398 3238 1437 vero
3270 1385 3495 1437 rectitu-

1918 1462 2102 1517 dinem
2133 1464 2185 1517 in
2218 1466 2305 1531 iis,
2338 1482 2459 1535 quae
2486 1467 2725 1538 legitime
2759 1480 3016 1538 aguntur,
3049 1458 3364 1527 canonicam
3394 1476 3495 1527 ob-

1919 1555 2306 1625 signationem.
2360 1557 2513 1624 Quod
2548 1568 2731 1615 autem
2774 1578 2882 1616 non
2920 1563 3217 1631 prodiderit
3258 1566 3361 1620 hoe
3398 1565 3492 1622 Dei

1918 1654 1974 1699 et
2003 1646 2249 1702 divinum
2279 1660 2635 1720 praeceptum,
2671 1652 2766 1707 sed
2802 1668 2869 1706 ex
2900 1670 3057 1724 aaquo
3086 1670 3349 1711 eanonem
3378 1673 3495 1711 ser—

1921 1739 2129 1793 vaverit
2160 1750 2215 1794 et
2238 1740 2430 1813 legem.
2468 1758 2578 1798 non
2604 1753 2688 1798 est
2717 1745 2987 1801 obscurus
3021 1749 3195 1813 testis,
3228 1765 3389 1819 quem
3415 1761 3497 1805 est

1921 1840 2322 1901 consequenter
2351 1835 2653 1890 adductura
2685 1837 2880 1891 oratio.
2965 1851 2969 1855 λ

1990 1922 2080 1977 29.
2117 1922 2303 1979 Dictus
2339 1924 2441 1980 fuit
2472 1926 2583 1996 (55)
2633 1927 2933 1997 imperator
2971 1928 3366 1985 Constantinus
3408 1931 3499 2000 ᾔει-

1920 2011 2099 2077 venis,
2132 2013 2433 2069 desistente
2463 2025 2638 2071 matre
2671 2017 2826 2072 Irene
2859 2034 2889 2073 a
2918 2022 3209 2090 conjuncta
3242 2036 3363 2075 cunt
3406 2021 3499 2075 illo

1922 2104 2164 2159 rcctione
2198 2105 2436 2175 imperii,
2484 2117 2541 2162 et
2585 2109 2733 2165 solus
2763 2111 2986 2165 tenebat
3020 2112 3230 2165 clavum
3265 2112 3499 2165 admini-

1921 2198 2220 2252 strationis.
2242 2198 2344 2264 Qui
2366 2215 2491 2255 cum
2513 2210 2663 2256 esset
2687 2202 2888 2272 alioqui
2911 2202 3107 2268 bonus,
3141 2218 3251 2257 non
3272 2204 3500 2256 omnino

1921 2296 2101 2342 autem
2135 2288 2363 2344 firmiter
2396 2292 2631 2353 tenebat,
2666 2308 2787 2362 quae
2820 2294 2887 2348 ad
2923 2310 3112 2364 puram
3136 2304 3192 2348 et
3228 2298 3498 2348 sinceram

1923 2379 2083 2434 fidem
2118 2382 2417 2450 pertinent,
2459 2392 2512 2437 et
2551 2384 2695 2453 quod
2726 2385 3004 2454 juniorum
3037 2386 3311 2441 mentibus
3357 2401 3500 2455 saepe

1923 2471 2061 2524 solet
2093 2472 2408 2536 usuvenire,
2440 2474 2617 2528 elatus
2648 2490 2785 2528 vana
2822 2477 3194 2545 persuasione,
3224 2477 3366 2546 quod
3397 2478 3497 2531 sibi

1922 2560 2228 2625 videbatur,
2266 2562 2614 2617 existimabat
2664 2564 2864 2633 justius
2906 2566 3123 2636 scriptis
3168 2566 3397 2637 legibus.
3455 2566 3502 2620 Is

1922 2650 2229 2720 aggreditur
2275 2650 2550 2706 infirmare
2596 2652 2762 2724 leges,
2812 2661 2865 2707 et
2913 2655 3057 2724 quod
3086 2670 3117 2708 a
3159 2655 3389 2709 Domino
3417 2655 3500 2710 di-

1923 2748 2071 2794 ctum
2100 2750 2185 2795 est
2214 2742 2271 2796 in
2295 2742 2623 2815 Evangeliis,
2657 2745 2961 2814 patrocinio
2991 2755 3148 2802 utens
3174 2762 3286 2801 sua:
3316 2756 3503 2815 poten-

1925 2830 2012 2884 tia:
2044 2847 2057 2884 :
2082 2838 2281 2885 etcum
2313 2833 2592 2887 statuisset
2622 2849 2653 2886 a
2686 2848 2784 2887 sua
2812 2834 2926 2904 (51)
2956 2835 3185 2905 conjuge
3214 2835 3391 2889 facere
3420 2822 3515 2890 di-V

1923 2922 2181 2984 vortium,
2214 2932 2271 2978 et
2310 2924 2421 2994 (55)
2460 2925 2620 2978 aliam
2669 2924 2724 2978 in
2763 2926 2947 2981 animo
2978 2926 3207 2981 haberet
3244 2927 3505 2982 extollere

1925 3014 1993 3069 ad
2029 3014 2239 3084 imperii
2265 3015 2631 3080 altitudinem,
2658 3016 2879 3086 juvenis
2907 3017 3135 3072 adornat
3171 3017 3381 3072 facinus
3418 3018 3505 3071 in-

242 3104 407 3157 siam.
449 3103 585 3161 Cum
620 3105 735 3159 haec
761 3121 891 3176 ergo
920 3116 1176 3177 tanquam
1205 3123 1269 3162 ex
1311 3108 1605 3177 apostolica
1635 3117 1825 3163 aucto-
1850 3130 1893 3187 ο
1926 3105 2149 3176 dignum
2172 3121 2270 3160 sua
2296 3115 2584 3175 potestate.
2625 3106 2681 3162 Id
2708 3115 2888 3162 autem
2920 3108 3022 3162 fuit
3053 3108 3344 3163 mortifera:
3374 3108 3506 3162 insi-

242 3194 409 3253 ritatc
443 3195 612 3251 libere
646 3197 895 3262 dixisset,
940 3208 1024 3253 est
1067 3215 1342 3255 reversus.
1379 3200 1459 3254 Illi
1496 3210 1677 3255 autem
1708 3216 1826 3255 ma-

241 3286 403 3355 gistri
432 3286 561 3343 linis
592 3290 822 3356 astricti,
855 3306 978 3345 cum
1012 3307 1119 3345 non
1156 3301 1381 3364 possent
1407 3293 1649 3364 effugere
1674 3307 1827 3347 sacra

242 3375 379 3429 retia
421 3391 597 3445 ptenae
643 3379 1052 3442 ecclesiasticre,
1085 3381 1151 3436 de
1195 3397 1288 3435 reo
1319 3382 1540 3451 quidem
1572 3398 1683 3437 non
1712 3399 1829 3438 am-

245 3467 393 3541 plius
424 3467 666 3525 habuere
695 3471 1052 3547 quaestionem
1077 3472 1384 3539 tormentis,
1411 3474 1506 3529 sed
1536 3475 1828 3529 verborum

243 3559 378 3613 solis
419 3561 938 3626 examinationihus,
961 3563 1029 3619 de
1051 3565 1249 3634 quibus
1273 3566 1533 3637 agebatur
1556 3567 1828 3637 pecuniis,

243 3649 511 3704 trutinam
558 3652 961 3719 exinanientes,
1015 3664 1273 3728 tanquam
1313 3656 1668 3713 innocentem
1704 3675 1828 3713 eum

244 3741 558 3796 absolvunt.
596 3742 744 3799 Talis
771 3754 891 3799 erat
934 3746 990 3799 in
1025 3762 1217 3802 omnes
1254 3748 1340 3802 vir
1375 3748 1614 3812 divinus,
1646 3750 1832 3805 divina

245 3831 537 3887 vindicans
566 3846 630 3887 ac
661 3832 986 3905 defendens,
1021 3847 1077 3893 et
1112 3853 1213 3909 pro
1243 3839 1422 3911 gregis
1466 3840 1662 3897 ovibus
1690 3841 1834 3913 peri-

245 3922 435 3977 culum
467 3922 683 3981 adiens.

854 4098 1084 4157 CAPUT
1126 4100 1238 4158 VII.

247 4226 482 4284 Sanctus
515 4227 767 4305 Tarasius
810 4232 1019 4305 fortiter
1048 4232 1367 4304 Imperatori
1412 4237 1628 4299 resistit,
1662 4237 1841 4305 legiti-

326 4315 471 4420 mtlmt
508 4300 780 4379 conjugem
810 4296 1091 4372 repudiare
1105 4296 1142 4369 ,”
1158 4314 1206 4358 et
1229 4296 1626 4361 cubiculariam'
1646 4296 1839 4363 ducere

326 4385 387 4420 vo
413 4378 541 4420 entt.

326 4378 541 4422 volenti.

1927 3197 2050 3259 dite,
2092 3213 2120 3249 a
2164 3196 2398 3267 conjuge
2442 3197 2785 3267 imperatrice
2826 3198 2877 3253 ei
2926 3207 3150 3269 paratze.
3192 3198 3506 3253 Affirmabat

1927 3297 2111 3341 autem
2148 3288 2201 3343 id
2245 3304 2367 3343 esse
2392 3305 2687 3357 venenum,
2719 3290 2863 3361 quod
2895 3306 3020 3347 cum
3054 3300 3185 3361 potu
3230 3292 3505 3354 haustum,

1930 3389 2159 3437 mortem
2190 3381 2353 3436 simul
2388 3382 2714 3438 attrahebat.
2756 3382 2914 3449 Quod
2954 3383 3173 3451 quidem
3209 3383 3511 3437 conabatur

1929 3474 2156 3544 probare
2191 3483 2247 3529 et
2276 3474 2499 3529 cuilibet
2534 3474 2883 3544 persuadere,
2915 3483 2973 3530 ut
3004 3476 3251 3546 putabat.
3286 3475 3512 3529 Putabat

1930 3564 2075 3617 enim
2113 3564 2229 3618 fieri
2280 3579 2390 3619 non
2434 3579 2616 3633 posse,
2652 3572 2713 3618 ut
2744 3564 2877 3619 fides
2906 3565 3006 3619 sibi
3053 3580 3162 3618 non
3198 3564 3510 3627 haberetur,

1933 3672 2056 3713 cum
2088 3665 2233 3711 esset
2260 3656 2577 3726 imperator,
2606 3664 2661 3710 et
2684 3657 2847 3711 verba
2875 3654 3080 3710 faceret
3108 3655 3251 3725 apud
3275 3669 3389 3717 eos,
3418 3655 3510 3722 qui

1932 3748 2162 3820 subjecti
2192 3758 2349 3804 erant
2372 3749 2493 3817 ejus
2540 3748 2787 3817 imperio.
2820 3745 3013 3801 Nullus
3044 3764 3176 3802 vero
3220 3753 3513 3816 persuade-

1933 3840 2115 3903 batur,
2150 3840 2256 3895 nisi
2289 3840 2381 3909 qui
2428 3839 2743 3911 gratificans
2776 3838 3111 3908 imperatori,
3152 3846 3374 3909 propter
3397 3838 3513 3909 glo-

1934 3934 2070 3989 riam
2100 3931 2155 3986 in
2175 3931 2421 3985 animum
2452 3931 2743 3986 inducebat
2765 3931 2916 4001 justo
2942 3930 3031 4000 jus
3053 3930 3316 3984 adimere.

2008 4025 2098 4081 50.
2128 4024 2421 4093 Postquam
2452 4032 2635 4078 autem
2663 4023 2898 4077 excitata
2925 4022 3067 4076 fama
3093 4023 3195 4075 hoc
3217 4021 3518 4075 transmisit

1938 4131 2112 4186 usque
2143 4116 2211 4171 ad
2255 4116 2391 4170 atria
2433 4114 2713 4179 Ecclesiae,
2751 4123 2807 4168 et
2854 4113 3064 4168 nefaria
3098 4114 3239 4168 actio
3268 4114 3517 4183 pervenit

1939 4222 2114 4277 usque
2141 4208 2210 4263 ad
2236 4222 2400 4262 aures
2426 4206 2717 4278 pontificis,
2748 4206 2803 4261 id
2832 4221 2957 4261 eum
2987 4206 3222 4260 reddidit
3241 4205 3395 4259 valde
3420 4206 3520 4259 du-

1941 4298 2089 4353 bium
2122 4307 2178 4352 et
2208 4299 2562 4369 perplexum;
2586 4297 2715 4351 dum
2738 4296 2882 4367 apud
2918 4311 2976 4352 se
3002 4298 3221 4367 cogitat,
3248 4295 3520 4365 quomodo

1942 4404 2001 4445 se
2061 4398 2299 4443 armaret
2346 4388 2611 4443 adversus
2665 4387 2810 4441 hanc
2861 4387 3310 4451 decertationem,
3362 4394 3416 4438 et
3465 4387 3519 4439 in

324 4478 421 4532 28.
463 4477 599 4533 Cum
630 4489 814 4535 autem
847 4490 902 4537 et
932 4482 1076 4554 leges
1106 4497 1362 4542 accurate
1402 4498 1647 4555 teneret,
1679 4498 1736 4544 et
1771 4490 1825 4545 in

1933 4481 2111 4551 ipsum
2134 4481 2543 4551 imperatorem,
2574 4480 2652 4535 rei
2679 4480 2886 4535 bellica:
2910 4479 3301 4549 peritissimum
3326 4485 3381 4533 et
3408 4478 3522 4532 for-

257 4567 415 4621 omni
468 4583 670 4638 genere
720 4571 999 4628 canonica:
1042 4577 1388 4631 rectitudinis
1434 4588 1582 4632 esset
1623 4580 1838 4634 excrci-

256 4669 429 4726 tatus,
469 4676 590 4730 quae
619 4662 879 4718 universo
909 4668 1191 4723 communi
1232 4668 1549 4725 incidebant
1580 4671 1722 4736 lites,
1746 4672 1840 4742 ju-

256 4752 513 4816 dicabat,
550 4762 605 4806 et
659 4756 979 4813 acutissima
1027 4760 1257 4830 cogebat
1306 4762 1517 4831 prolata
1566 4765 1839 4819 sententia

256 4844 529 4899 eosinter
563 4862 624 4903 se
656 4850 993 4905 convenire:
1032 4867 1142 4906 non
1187 4853 1461 4923 pauperis,
1502 4856 1596 4925 qui
1647 4856 1703 4911 in
1751 4857 1842 4926 jus

258 4938 563 4992 vocabatur
586 4976 602 5002 ,
648 4938 821 4995 ﬂexus
857 4941 1232 4999 misericordia
1265 4962 1279 4999 :
1318 4960 1497 5017 neque
1541 4947 1839 5018 quidquam

334 5120 450 5189 (52)
482 5121 750 5197 Palatium
795 5122 1093 5182 Eleutlierii
1140 5126 1347 5182 Irenem
1380 5127 1682 5197 Angustam
1708 5130 1843 5184 tedi-

262 5191 573 5267 fii'asse,_in
608 5208 783 5267 eaque
833 5205 889 5267 et
913 5197 1117 5252 multas
1155 5198 1416 5267 pecunias
1464 5191 1840 5264 abscondisse,

261 5272 315 5314 et
346 5277 373 5314 a
436 5261 549 5313 filio
604 5261 970 5319 Constantino
1033 5261 1171 5322 solo'
1209 5278 1467 5323 regnante
1512 5261 1840 5323 collocatam

261 5348 386 5386 esse
411 5348 602 5386 mense
646 5332 954 5398 Decembri,
979 5339 1179 5392 indict.
1226 5332 1312 5400 II,
1340 5354 1486 5392 anno
1504 5338 1705 5394 Christi
1738 5339 1845 5393 790

261 5400 433 5477 tradit
460 5403 1163 5477 'l'heophancsrEamdemi
1195 5409 1603 5477 imperatricem
1642 5410 1841 5463 iterum

261 5472 597 5545 declaratam
631 5473 823 5545 Indiel.
846 5476 926 5539 15,
945 5477 1031 5531 die
1058 5472 1407 5545 I5Januarii,
1427 5479 1842 5545 anniChr.795,

265 5542 423 5613 idem
441 5545 640 5613 asserit
667 5544 1050 5613 Theophanes.

338 5610 451 5688 (ὅςῆ)
478 5610 774 5688 Indictiune
800 5610 887 5676 1-1,
918 5633 1105 5688 mense
1132 5617 1438 5688 Septembri
1491 5634 1667 5676 annus
1694 5619 1842 5675 Con-

263 5681 702 5760 stantiniﬂsolius
728 5687 999 5760 regnantis
1022 5689 1188 5760 cmpit
1209 5681 1516 5752 numerari,
1534 5708 1666 5757 ergo
1694 5707 1841 5745 anno

266 5702 497 5739 ειιυιιιιιι
530 5702 702 5739 sonus
728 5702 782 5739 re
824 5702 999 5743 nanus
1022 5702 1188 5760 (.‘(Dpll
1218 5705 1666 5757 tmtncrat't,erg0
1694 5707 1840 5745 anno

266 5752 397 5812 Chr.
437 5752 557 5808 790.
595 5702 875 5825 Legengus
899 5757 963 5813 de
994 5776 1054 5814 ea
1087 5776 1269 5815 rerum
1294 5762 1433 5830 apud
1454 5761 1840 5817 Constantino-

1941 4575 2210 4629 tissimum
2264 4584 2646 4644 pugnatorem,
2688 4589 2757 4629 ex
2792 4574 3047 4643 pharetra
3083 4581 3138 4626 et
3186 4587 3319 4626 arcu
3355 4572 3520 4625 telum

1935 4666 2287 4736 jacularetur,
2317 4667 2428 4736 jam
2462 4667 2591 4721 olim
2642 4666 2945 4721 honoratus
2977 4665 3300 4719 sacerdotali
3327 4666 3522 4719 horum

1940 4759 2186 4813 omnium
2217 4759 2487 4815 nuditate.
2516 4758 2654 4815 Cum
2684 4760 2800 4817 haec
2827 4758 2972 4829 apud
2996 4774 3055 4814 sc
3082 4772 3312 4829 magnus
3343 4770 3525 4812 meme

1941 4858 2185 4905 versaret
2221 4849 2500 4915 Tarasius,
2537 4860 2593 4905 et
2626 4860 2841 4922 pararet
2868 4865 2927 4905 se
2959 4849 3027 4903 ad
3060 4847 3525 4917 congrediendum

1941 4959 2067 5001 cum
2090 4943 2437 5014 imperatore,
2478 4952 2533 4999 ct
2560 4942 2955 4999 decertandum
2990 4940 3158 4995 armis
3180 4938 3526 4994 sacerdotali-

1943 5122 2661 5199 politanos‘perturbatione
2689 5119 3075 5199 Theophanes.
3154 5187 3220 5199 Μ
3347 5187 3381 5199 η
3490 5187 3520 5199 μ

2015 5196 2128 5266 (54)
2168 5187 2348 5248 Primo
2380 5194 2748 5266 desponderat
2806 5190 3092 5266 Rotrudim
3151 5187 3314 5242 filiam
3338 5187 3522 5266 Caroli

1943 5260 2124 5337 Magni
2159 5260 2580 5337 ex_llildegar_de
2610 5264 2785 5332 prima
2840 5263 2961 5337 cjn_s
2984 5275 3190 5337 uxore,
3224 5269 3283 5313 ut
3318 5260 3521 5337 dictum

1950 5339 2005 5409 in
2036 5331 2353 5409 hujtterita
2391 5331 2462 5386 ξε
2494 5331 2872 5409 ιαηὺθτηςτιρ.
2906 5332 2959 5384 6.
2984 5331 3058 5409 Ea
3097 5340 3275 5409 tamen
3303 5331 3525 5409 minime

1943 5402 2126 5470 ductu,
2159 5407 2264 5459 sibi
2313 5405 2573 5473 junxerat
2630 5404 2865 5472 puellam
2920 5418 2987 5455 ex
3027 5402 3388 5460 Armeniaeis,
3421 5413 3523 5448 nn-

1945 5478 2094 5532 ntine
2126 5474 2352 5529 Mariam
2380 5474 2449 5527 ab
2472 5474 2690 5537 Amnia,
2722 5482 2776 5526 et
2829 5478 3357 5525 conisnmniaverttnt
3391 5484 3523 5534 nup

1948 5550 2052 5601 tias
2072 5561 2261 5600 mense
2287 5544 2602 5609 Novembri,
2625 5544 2919 5596 indictione
2950 5546 3032 5601 I‘2,
3059 5542 3109 5595 id
3134 5550 3214 5594 cst
3238 5539 3522 5609 anno7788.

1946 5618 2021 5671 Ita
2052 5617 2161 5671 fere
2184 5616 2563 5683 Theophanes.
2590 5608 2738 5667 Ilanc
2775 5613 2938 5682 cuzpit
2969 5612 3228 5683 paulatim
3264 5609 3390 5664 odio
3424 5608 3521 5662 Iia~

1946 5689 2073 5743 bere
2103 5703 2165 5739 ac
2200 5688 2333 5739 velle
2365 5686 2671 5754 repudiare.

2017 5758 2128 5828 (iiii)
2156 5755 2469 5813 Theodotcn
2505 5756 2921 5811 cubicularium.
