  <div class='ocr_page' id='page_1' title='image "/cluster/home/n/w/nwhite01/storage/ocr_20150623/98/hvd.32044015586951/715.png"; bbox 0 0 3994 6508; ppageno 0'>
   <div class='ocr_carea' id='block_1_1' title="bbox 619 344 753 409">
    <p class='ocr_par' dir='ltr' id='par_1_1' title="bbox 619 344 753 409">
     <span class='ocr_line' id='line_1_1' title="bbox 619 344 753 409; baseline 0.015 -2"><span class='ocrx_word' id='word_1_1' title='bbox 619 344 753 409; x_wconf 74' lang='grc'><strong>1467</strong></span> 
     </span>
    </p>
   </div>
   <div class='ocr_carea' id='block_1_2' title="bbox 1706 365 2838 434">
    <p class='ocr_par' dir='ltr' id='par_1_2' title="bbox 1706 365 2838 434">
     <span class='ocr_line' id='line_1_2' title="bbox 1706 365 2838 434; baseline 0.008 -9"><span class='ocrx_word' id='word_1_2' title='bbox 1706 365 1770 426; x_wconf 90' lang='lat' dir='ltr'><strong>S.</strong></span> <span class='ocrx_word' id='word_1_3' title='bbox 1806 366 2118 426; x_wconf 81' lang='lat' dir='ltr'><strong>TARASII</strong></span> <span class='ocrx_word' id='word_1_4' title='bbox 2164 367 2671 431; x_wconf 69' lang='lat' dir='ltr'><strong>PATRIARCH/E</strong></span> <span class='ocrx_word' id='word_1_5' title='bbox 2728 373 2838 434; x_wconf 89' lang='lat' dir='ltr'><strong>CP.</strong></span> 
     </span>
    </p>
   </div>
   <div class='ocr_carea' id='block_1_3' title="bbox 3779 383 3893 450">
    <p class='ocr_par' dir='ltr' id='par_1_3' title="bbox 3779 383 3893 450">
     <span class='ocr_line' id='line_1_3' title="bbox 3779 383 3893 450; baseline 0.044 -4"><span class='ocrx_word' id='word_1_6' title='bbox 3779 383 3893 450; x_wconf 63' lang='lat' dir='ltr'><strong>lic-‘8</strong></span> 
     </span>
    </p>
   </div>
   <div class='ocr_carea' id='block_1_4' title="bbox 615 466 3891 574">
    <p class='ocr_par' dir='ltr' id='par_1_4' title="bbox 615 466 3891 574">
     <span class='ocr_line' id='line_1_4' title="bbox 615 466 3891 574; baseline 0.013 -56"><span class='ocrx_word' id='word_1_7' title='bbox 615 466 736 530; x_wconf 71' lang='lat' dir='ltr'><strong>bus,</strong></span> <span class='ocrx_word' id='word_1_8' title='bbox 775 480 903 520; x_wconf 85' lang='lat' dir='ltr'><strong>ecce</strong></span> <span class='ocrx_word' id='word_1_9' title='bbox 940 468 1160 535; x_wconf 88' lang='lat' dir='ltr'><strong>quidam</strong></span> <span class='ocrx_word' id='word_1_10' title='bbox 1191 483 1257 525; x_wconf 78' lang='lat' dir='ltr'><strong>ex</strong></span> <span class='ocrx_word' id='word_1_11' title='bbox 1290 470 1380 537; x_wconf 91' lang='lat' dir='ltr'><strong>iis,</strong></span> <span class='ocrx_word' id='word_1_12' title='bbox 1410 472 1503 542; x_wconf 85' lang='lat' dir='ltr'><strong>qui</strong></span> <span class='ocrx_word' id='word_1_13' title='bbox 1529 475 1793 546; x_wconf 92' lang='lat' dir='ltr'><strong>gerebant</strong></span> <span class='ocrx_word' id='word_1_14' title='bbox 1822 478 2192 548; x_wconf 72' lang='lat' dir='ltr'><strong>magistratus,</strong></span> <span class='ocrx_word' id='word_1_15' title='bbox 2224 487 2267 540; x_wconf 80' lang='grc' dir='ltr'><strong>Α</strong></span> <span class='ocrx_word' id='word_1_16' title='bbox 2300 482 2575 539; x_wconf 88' lang='lat' dir='ltr'><strong>lutabatur</strong></span> <span class='ocrx_word' id='word_1_17' title='bbox 2612 488 2664 540; x_wconf 91' lang='lat' dir='ltr'><strong>in</strong></span> <span class='ocrx_word' id='word_1_18' title='bbox 2692 487 3074 547; x_wconf 77' lang='lat' dir='ltr'><strong>fornicatione.</strong></span> <span class='ocrx_word' id='word_1_19' title='bbox 3126 492 3400 564; x_wconf 85' lang='lat' dir='ltr'><strong>impulsus</strong></span> <span class='ocrx_word' id='word_1_20' title='bbox 3426 499 3576 553; x_wconf 90' lang='lat' dir='ltr'><strong>enim</strong></span> <span class='ocrx_word' id='word_1_21' title='bbox 3617 500 3695 556; x_wconf 78' lang='lat' dir='ltr'><strong>ab</strong></span> <span class='ocrx_word' id='word_1_22' title='bbox 3727 502 3891 574; x_wconf 80' lang='lat' dir='ltr'><strong>impu-</strong></span> 
     </span>
    </p>
   </div>
   <div class='ocr_carea' id='block_1_5' title="bbox 614 553 2193 635">
    <p class='ocr_par' dir='ltr' id='par_1_5' title="bbox 614 553 2193 635">
     <span class='ocr_line' id='line_1_5' title="bbox 614 553 2193 635; baseline 0.011 -29"><span class='ocrx_word' id='word_1_23' title='bbox 614 554 683 608; x_wconf 91' lang='lat' dir='ltr'><strong>ab</strong></span> <span class='ocrx_word' id='word_1_24' title='bbox 706 553 1032 623; x_wconf 82' lang='lat' dir='ltr'><strong>imperatore</strong></span> <span class='ocrx_word' id='word_1_25' title='bbox 1072 557 1393 627; x_wconf 87' lang='lat' dir='ltr'><strong>instructus,</strong></span> <span class='ocrx_word' id='word_1_26' title='bbox 1439 564 1765 619; x_wconf 88' lang='lat' dir='ltr'><strong>renuntians</strong></span> <span class='ocrx_word' id='word_1_27' title='bbox 1804 568 1947 635; x_wconf 93' lang='lat' dir='ltr'><strong>quod</strong></span> <span class='ocrx_word' id='word_1_28' title='bbox 1990 568 2193 623; x_wconf 89' lang='lat' dir='ltr'><strong>factum</strong></span> 
     </span>
    </p>
   </div>
   <div class='ocr_carea' id='block_1_6' title="bbox 614 649 2196 722">
    <p class='ocr_par' dir='ltr' id='par_1_6' title="bbox 614 649 2196 722">
     <span class='ocr_line' id='line_1_6' title="bbox 614 649 2196 722; baseline 0.011 -24"><span class='ocrx_word' id='word_1_29' title='bbox 614 660 679 701; x_wconf 89' lang='lat' dir='ltr'><strong>ac</strong></span> <span class='ocrx_word' id='word_1_30' title='bbox 714 657 1086 716; x_wconf 82' lang='lat' dir='ltr'><strong>comparatum</strong></span> <span class='ocrx_word' id='word_1_31' title='bbox 1128 649 1364 706; x_wconf 84' lang='lat' dir='ltr'><strong>inaniter</strong></span> <span class='ocrx_word' id='word_1_32' title='bbox 1397 653 1682 709; x_wconf 81' lang='lat' dir='ltr'><strong>dicebatur</strong></span> <span class='ocrx_word' id='word_1_33' title='bbox 1715 658 2067 722; x_wconf 81' lang='lat' dir='ltr'><strong>veneficium,</strong></span> <span class='ocrx_word' id='word_1_34' title='bbox 2104 677 2196 716; x_wconf 84' lang='lat' dir='ltr'><strong>ae-</strong></span> 
     </span>
    </p>
   </div>
   <div class='ocr_carea' id='block_1_7' title="bbox 613 736 2192 819">
    <p class='ocr_par' dir='ltr' id='par_1_7' title="bbox 613 736 2192 819">
     <span class='ocr_line' id='line_1_7' title="bbox 613 736 2192 819; baseline 0.012 -31"><span class='ocrx_word' id='word_1_35' title='bbox 613 736 779 789; x_wconf 80' lang='lat' dir='ltr'><strong>cessit</strong></span> <span class='ocrx_word' id='word_1_36' title='bbox 823 737 891 790; x_wconf 89' lang='lat' dir='ltr'><strong>ad</strong></span> <span class='ocrx_word' id='word_1_37' title='bbox 924 753 1251 809; x_wconf 87' lang='lat' dir='ltr'><strong>gnomonem</strong></span> <span class='ocrx_word' id='word_1_38' title='bbox 1304 744 1612 800; x_wconf 86' lang='lat' dir='ltr'><strong>castitatis:</strong></span> <span class='ocrx_word' id='word_1_39' title='bbox 1673 762 1906 817; x_wconf 88' lang='lat' dir='ltr'><strong>cumque</strong></span> <span class='ocrx_word' id='word_1_40' title='bbox 1951 750 2002 804; x_wconf 92' lang='lat' dir='ltr'><strong>id</strong></span> <span class='ocrx_word' id='word_1_41' title='bbox 2030 767 2192 819; x_wconf 88' lang='lat' dir='ltr'><strong>quam</strong></span> 
     </span>
    </p>
   </div>
   <div class='ocr_carea' id='block_1_8' title="bbox 613 825 2190 907">
    <p class='ocr_par' dir='ltr' id='par_1_8' title="bbox 613 825 2190 907">
     <span class='ocr_line' id='line_1_8' title="bbox 613 825 2190 907; baseline 0.011 -29"><span class='ocrx_word' id='word_1_42' title='bbox 613 825 880 894; x_wconf 88' lang='lat' dir='ltr'><strong>potuisset</strong></span> <span class='ocrx_word' id='word_1_43' title='bbox 909 832 1318 887; x_wconf 80' lang='lat' dir='ltr'><strong>accuratissime</strong></span> <span class='ocrx_word' id='word_1_44' title='bbox 1344 842 1401 888; x_wconf 92' lang='lat' dir='ltr'><strong>et</strong></span> <span class='ocrx_word' id='word_1_45' title='bbox 1425 838 1780 893; x_wconf 86' lang='lat' dir='ltr'><strong>subtilissime</strong></span> <span class='ocrx_word' id='word_1_46' title='bbox 1800 843 2190 907; x_wconf 82' lang='lat' dir='ltr'><strong>contexuisset,</strong></span> 
     </span>
    </p>
   </div>
   <div class='ocr_carea' id='block_1_9' title="bbox 612 917 2194 996">
    <p class='ocr_par' dir='ltr' id='par_1_9' title="bbox 612 917 2194 996">
     <span class='ocr_line' id='line_1_9' title="bbox 612 917 2194 996; baseline 0.013 -27"><span class='ocrx_word' id='word_1_47' title='bbox 612 917 794 970; x_wconf 86' lang='lat' dir='ltr'><strong>omnia</strong></span> <span class='ocrx_word' id='word_1_48' title='bbox 820 934 942 974; x_wconf 91' lang='lat' dir='ltr'><strong>esse</strong></span> <span class='ocrx_word' id='word_1_49' title='bbox 972 923 1278 989; x_wconf 86' lang='lat' dir='ltr'><strong>verissima,</strong></span> <span class='ocrx_word' id='word_1_50' title='bbox 1311 934 1367 979; x_wconf 89' lang='lat' dir='ltr'><strong>et</strong></span> <span class='ocrx_word' id='word_1_51' title='bbox 1394 941 1516 996; x_wconf 77' lang='lat' dir='ltr'><strong>qua:</strong></span> <span class='ocrx_word' id='word_1_52' title='bbox 1544 930 1749 984; x_wconf 89' lang='lat' dir='ltr'><strong>nullam</strong></span> <span class='ocrx_word' id='word_1_53' title='bbox 1780 933 2070 987; x_wconf 89' lang='lat' dir='ltr'><strong>admittant</strong></span> <span class='ocrx_word' id='word_1_54' title='bbox 2100 950 2194 989; x_wconf 89' lang='lat' dir='ltr'><strong>ca-</strong></span> 
     </span>
    </p>
   </div>
   <div class='ocr_carea' id='block_1_10' title="bbox 612 1007 2191 1094">
    <p class='ocr_par' dir='ltr' id='par_1_10' title="bbox 612 1007 2191 1094">
     <span class='ocr_line' id='line_1_10' title="bbox 612 1007 2191 1094; baseline 0.015 -37"><span class='ocrx_word' id='word_1_55' title='bbox 612 1007 898 1074; x_wconf 89' lang='lat' dir='ltr'><strong>lumniam,</strong></span> <span class='ocrx_word' id='word_1_56' title='bbox 930 1012 1229 1067; x_wconf 72' lang='lat' dir='ltr'><strong>affirmabat</strong></span> <span class='ocrx_word' id='word_1_57' title='bbox 1264 1030 1279 1069; x_wconf 90' lang='lat'><strong>:</strong></span> <span class='ocrx_word' id='word_1_58' title='bbox 1309 1024 1365 1071; x_wconf 85' lang='lat' dir='ltr'><strong>et</strong></span> <span class='ocrx_word' id='word_1_59' title='bbox 1397 1028 1458 1072; x_wconf 92' lang='lat' dir='ltr'><strong>ut</strong></span> <span class='ocrx_word' id='word_1_60' title='bbox 1487 1023 1841 1085; x_wconf 85' lang='lat' dir='ltr'><strong>consentiret,</strong></span> <span class='ocrx_word' id='word_1_61' title='bbox 1869 1032 1930 1077; x_wconf 93' lang='lat' dir='ltr'><strong>ut</strong></span> <span class='ocrx_word' id='word_1_62' title='bbox 1956 1024 2191 1094; x_wconf 89' lang='lat' dir='ltr'><strong>impera-</strong></span> 
     </span>
    </p>
   </div>
   <div class='ocr_carea' id='block_1_11' title="bbox 612 1104 2192 1171">
    <p class='ocr_par' dir='ltr' id='par_1_11' title="bbox 612 1104 2192 1171">
     <span class='ocr_line' id='line_1_11' title="bbox 612 1104 2192 1171; baseline 0.013 -21"><span class='ocrx_word' id='word_1_63' title='bbox 612 1108 696 1151; x_wconf 94' lang='lat' dir='ltr'><strong>tor</strong></span> <span class='ocrx_word' id='word_1_64' title='bbox 734 1109 921 1167; x_wconf 83' lang='lat' dir='ltr'><strong>posset</strong></span> <span class='ocrx_word' id='word_1_65' title='bbox 950 1104 1139 1159; x_wconf 86' lang='lat' dir='ltr'><strong>venire</strong></span> <span class='ocrx_word' id='word_1_66' title='bbox 1176 1106 1243 1161; x_wconf 89' lang='lat' dir='ltr'><strong>ad</strong></span> <span class='ocrx_word' id='word_1_67' title='bbox 1291 1111 1589 1164; x_wconf 90' lang='lat' dir='ltr'><strong>secundum</strong></span> <span class='ocrx_word' id='word_1_68' title='bbox 1620 1121 1963 1169; x_wconf 84' lang='lat' dir='ltr'><strong>contractum</strong></span> <span class='ocrx_word' id='word_1_69' title='bbox 2001 1117 2192 1171; x_wconf 90' lang='lat' dir='ltr'><strong>matri-</strong></span> 
     </span>
    </p>
   </div>
   <div class='ocr_carea' id='block_1_12' title="bbox 610 1189 2191 1277">
    <p class='ocr_par' dir='ltr' id='par_1_12' title="bbox 610 1189 2191 1277">
     <span class='ocr_line' id='line_1_12' title="bbox 610 1189 2191 1277; baseline 0.017 -37"><span class='ocrx_word' id='word_1_70' title='bbox 610 1189 800 1251; x_wconf 89' lang='lat' dir='ltr'><strong>monii,</strong></span> <span class='ocrx_word' id='word_1_71' title='bbox 844 1191 1097 1248; x_wconf 85' lang='lat' dir='ltr'><strong>instabat.</strong></span> <span class='ocrx_word' id='word_1_72' title='bbox 1137 1197 1260 1252; x_wconf 69' lang='lat' dir='ltr'><strong>llaec</strong></span> <span class='ocrx_word' id='word_1_73' title='bbox 1297 1214 1421 1253; x_wconf 91' lang='lat' dir='ltr'><strong>cum</strong></span> <span class='ocrx_word' id='word_1_74' title='bbox 1456 1202 1700 1266; x_wconf 86' lang='lat' dir='ltr'><strong>dixisset,</strong></span> <span class='ocrx_word' id='word_1_75' title='bbox 1738 1209 2088 1277; x_wconf 80' lang='lat' dir='ltr'><strong>exspectabat</strong></span> <span class='ocrx_word' id='word_1_76' title='bbox 2131 1221 2191 1267; x_wconf 90' lang='lat' dir='ltr'><strong>ut</strong></span> 
     </span>
    </p>
   </div>
   <div class='ocr_carea' id='block_1_13' title="bbox 607 1280 2188 1369">
    <p class='ocr_par' dir='ltr' id='par_1_13' title="bbox 607 1280 2188 1369">
     <span class='ocr_line' id='line_1_13' title="bbox 607 1280 2188 1369; baseline 0.015 -36"><span class='ocrx_word' id='word_1_77' title='bbox 607 1280 674 1333; x_wconf 88' lang='lat' dir='ltr'><strong>de</strong></span> <span class='ocrx_word' id='word_1_78' title='bbox 701 1280 768 1335; x_wconf 91' lang='lat' dir='ltr'><strong>iis</strong></span> <span class='ocrx_word' id='word_1_79' title='bbox 796 1298 1117 1351; x_wconf 86' lang='lat' dir='ltr'><strong>responsum</strong></span> <span class='ocrx_word' id='word_1_80' title='bbox 1148 1289 1440 1357; x_wconf 73' lang='lat' dir='ltr'><strong>acciperet.</strong></span> <span class='ocrx_word' id='word_1_81' title='bbox 1471 1291 1594 1359; x_wconf 90' lang='lat' dir='ltr'><strong>Cui,</strong></span> <span class='ocrx_word' id='word_1_82' title='bbox 1628 1310 1752 1349; x_wconf 89' lang='lat' dir='ltr'><strong>cum</strong></span> <span class='ocrx_word' id='word_1_83' title='bbox 1782 1312 1844 1351; x_wconf 86' lang='lat' dir='ltr'><strong>ex</strong></span> <span class='ocrx_word' id='word_1_84' title='bbox 1871 1298 1979 1353; x_wconf 92' lang='lat' dir='ltr'><strong>imo</strong></span> <span class='ocrx_word' id='word_1_85' title='bbox 2004 1302 2188 1369; x_wconf 90' lang='lat' dir='ltr'><strong>suspi-</strong></span> 
     </span>
    </p>
   </div>
   <div class='ocr_carea' id='block_1_14' title="bbox 608 1372 2189 1460">
    <p class='ocr_par' dir='ltr' id='par_1_14' title="bbox 608 1372 2189 1460">
     <span class='ocr_line' id='line_1_14' title="bbox 608 1372 2189 1460; baseline 0.016 -39"><span class='ocrx_word' id='word_1_86' title='bbox 608 1378 782 1424; x_wconf 83' lang='lat' dir='ltr'><strong>rasset</strong></span> <span class='ocrx_word' id='word_1_87' title='bbox 810 1381 866 1425; x_wconf 91' lang='lat' dir='ltr'><strong>et</strong></span> <span class='ocrx_word' id='word_1_88' title='bbox 891 1372 1312 1444; x_wconf 84' lang='lat' dir='ltr'><strong>lacrymabiliter</strong></span> <span class='ocrx_word' id='word_1_89' title='bbox 1336 1381 1673 1450; x_wconf 90' lang='lat' dir='ltr'><strong>subrisisset,</strong></span> <span class='ocrx_word' id='word_1_90' title='bbox 1715 1397 1936 1444; x_wconf 88' lang='lat' dir='ltr'><strong>sanctus</strong></span> <span class='ocrx_word' id='word_1_91' title='bbox 1960 1406 2189 1460; x_wconf 90' lang='lat' dir='ltr'><strong>respon-</strong></span> 
     </span>
    </p>
   </div>
   <div class='ocr_carea' id='block_1_15' title="bbox 604 1460 2187 1548">
    <p class='ocr_par' dir='ltr' id='par_1_15' title="bbox 604 1460 2187 1548">
     <span class='ocr_line' id='line_1_15' title="bbox 604 1460 2187 1548; baseline 0.016 -36"><span class='ocrx_word' id='word_1_92' title='bbox 604 1460 683 1513; x_wconf 88' lang='lat' dir='ltr'><strong>dit</strong></span> <span class='ocrx_word' id='word_1_93' title='bbox 719 1478 733 1514; x_wconf 91' lang='lat'><strong>:</strong></span> <span class='ocrx_word' id='word_1_94' title='bbox 767 1461 824 1516; x_wconf 93' lang='lat' dir='ltr'><strong>Si</strong></span> <span class='ocrx_word' id='word_1_95' title='bbox 871 1464 1009 1527; x_wconf 54' lang='lat' dir='ltr'><strong>hate,</strong></span> <span class='ocrx_word' id='word_1_96' title='bbox 1046 1474 1107 1518; x_wconf 92' lang='lat' dir='ltr'><strong>ut</strong></span> <span class='ocrx_word' id='word_1_97' title='bbox 1138 1476 1193 1520; x_wconf 94' lang='lat' dir='ltr'><strong>tu</strong></span> <span class='ocrx_word' id='word_1_98' title='bbox 1240 1469 1447 1537; x_wconf 80' lang='lat' dir='ltr'><strong>dixisti,</strong></span> <span class='ocrx_word' id='word_1_99' title='bbox 1492 1476 1748 1543; x_wconf 83' lang='lat' dir='ltr'><strong>cogitavit</strong></span> <span class='ocrx_word' id='word_1_100' title='bbox 1783 1478 2096 1548; x_wconf 87' lang='lat' dir='ltr'><strong>imperator,</strong></span> <span class='ocrx_word' id='word_1_101' title='bbox 2134 1492 2187 1538; x_wconf 89' lang='lat' dir='ltr'><strong>et</strong></span> 
     </span>
    </p>
   </div>
   <div class='ocr_carea' id='block_1_16' title="bbox 602 1552 2185 1636">
    <p class='ocr_par' dir='ltr' id='par_1_16' title="bbox 602 1552 2185 1636">
     <span class='ocr_line' id='line_1_16' title="bbox 602 1552 2185 1636; baseline 0.017 -36"><span class='ocrx_word' id='word_1_102' title='bbox 602 1562 825 1603; x_wconf 90' lang='lat' dir='ltr'><strong>carnem</strong></span> <span class='ocrx_word' id='word_1_103' title='bbox 853 1552 1037 1607; x_wconf 89' lang='lat' dir='ltr'><strong>divina</strong></span> <span class='ocrx_word' id='word_1_104' title='bbox 1069 1555 1186 1625; x_wconf 83' lang='lat' dir='ltr'><strong>lege</strong></span> <span class='ocrx_word' id='word_1_105' title='bbox 1216 1560 1661 1628; x_wconf 87' lang='lat' dir='ltr'><strong>conglutinatam,</strong></span> <span class='ocrx_word' id='word_1_106' title='bbox 1690 1575 1744 1620; x_wconf 88' lang='lat' dir='ltr'><strong>et</strong></span> <span class='ocrx_word' id='word_1_107' title='bbox 1774 1584 1895 1636; x_wconf 72' lang='lat' dir='ltr'><strong>qua:</strong></span> <span class='ocrx_word' id='word_1_108' title='bbox 1925 1585 2031 1624; x_wconf 91' lang='lat' dir='ltr'><strong>una</strong></span> <span class='ocrx_word' id='word_1_109' title='bbox 2061 1586 2185 1627; x_wconf 84' lang='lat' dir='ltr'><strong>eum</strong></span> 
     </span>
    </p>
   </div>
   <div class='ocr_carea' id='block_1_17' title="bbox 603 1636 2183 1728">
    <p class='ocr_par' dir='ltr' id='par_1_17' title="bbox 603 1636 2183 1728">
     <span class='ocr_line' id='line_1_17' title="bbox 603 1636 2183 1728; baseline 0.017 -39"><span class='ocrx_word' id='word_1_110' title='bbox 603 1636 723 1705; x_wconf 92' lang='lat' dir='ltr'><strong>ipso</strong></span> <span class='ocrx_word' id='word_1_111' title='bbox 758 1639 893 1695; x_wconf 89' lang='lat' dir='ltr'><strong>facta</strong></span> <span class='ocrx_word' id='word_1_112' title='bbox 934 1655 1037 1708; x_wconf 90' lang='lat' dir='ltr'><strong>est,</strong></span> <span class='ocrx_word' id='word_1_113' title='bbox 1075 1647 1264 1701; x_wconf 81' lang='lat' dir='ltr'><strong>statuit</strong></span> <span class='ocrx_word' id='word_1_114' title='bbox 1293 1650 1632 1719; x_wconf 83' lang='lat' dir='ltr'><strong>exscindere,</strong></span> <span class='ocrx_word' id='word_1_115' title='bbox 1667 1658 1869 1723; x_wconf 86' lang='lat' dir='ltr'><strong>nescio,</strong></span> <span class='ocrx_word' id='word_1_116' title='bbox 1918 1664 2183 1728; x_wconf 83' lang='lat' dir='ltr'><strong>quemad-</strong></span> 
     </span>
    </p>
   </div>
   <div class='ocr_carea' id='block_1_18' title="bbox 605 1730 2180 1821">
    <p class='ocr_par' dir='ltr' id='par_1_18' title="bbox 605 1730 2180 1821">
     <span class='ocr_line' id='line_1_18' title="bbox 605 1730 2180 1821; baseline 0.017 -40"><span class='ocrx_word' id='word_1_117' title='bbox 605 1730 826 1784; x_wconf 87' lang='lat' dir='ltr'><strong>modum</strong></span> <span class='ocrx_word' id='word_1_118' title='bbox 850 1732 989 1788; x_wconf 88' lang='lat' dir='ltr'><strong>feret</strong></span> <span class='ocrx_word' id='word_1_119' title='bbox 1015 1737 1418 1805; x_wconf 88' lang='lat' dir='ltr'><strong>gravissimum,</strong></span> <span class='ocrx_word' id='word_1_120' title='bbox 1452 1745 1595 1812; x_wconf 90' lang='lat' dir='ltr'><strong>quod</strong></span> <span class='ocrx_word' id='word_1_121' title='bbox 1626 1748 1676 1799; x_wconf 94' lang='lat' dir='ltr'><strong>in</strong></span> <span class='ocrx_word' id='word_1_122' title='bbox 1710 1762 1837 1802; x_wconf 85' lang='lat' dir='ltr'><strong>eum</strong></span> <span class='ocrx_word' id='word_1_123' title='bbox 1869 1765 1898 1803; x_wconf 89' lang='lat' dir='ltr'><strong>a</strong></span> <span class='ocrx_word' id='word_1_124' title='bbox 1926 1753 2180 1821; x_wconf 87' lang='lat' dir='ltr'><strong>gentibus</strong></span> 
     </span>
    </p>
   </div>
   <div class='ocr_carea' id='block_1_19' title="bbox 601 1816 2256 1917">
    <p class='ocr_par' dir='ltr' id='par_1_19' title="bbox 601 1816 2256 1917">
     <span class='ocr_line' id='line_1_19' title="bbox 601 1816 2256 1917; baseline 0.018 -46"><span class='ocrx_word' id='word_1_125' title='bbox 601 1818 943 1877; x_wconf 88' lang='lat' dir='ltr'><strong>inferendum</strong></span> <span class='ocrx_word' id='word_1_126' title='bbox 976 1834 1084 1891; x_wconf 90' lang='lat' dir='ltr'><strong>est,</strong></span> <span class='ocrx_word' id='word_1_127' title='bbox 1115 1829 1406 1895; x_wconf 82' lang='lat' dir='ltr'><strong>probrum,</strong></span> <span class='ocrx_word' id='word_1_128' title='bbox 1438 1842 1531 1886; x_wconf 91' lang='lat' dir='ltr'><strong>aut</strong></span> <span class='ocrx_word' id='word_1_129' title='bbox 1559 1839 2018 1903; x_wconf 88' lang='lat' dir='ltr'><strong>quemadmodum</strong></span> <span class='ocrx_word' id='word_1_130' title='bbox 2040 1844 2179 1917; x_wconf 71' lang='lat' dir='ltr'><strong>~ejus</strong></span> <span class='ocrx_word' id='word_1_131' title='bbox 2215 1816 2256 1874; x_wconf 67' lang='grc' dir='ltr'><strong><em>Β</em></strong></span> 
     </span>
    </p>
   </div>
   <div class='ocr_carea' id='block_1_20' title="bbox 600 1918 2181 1993">
    <p class='ocr_par' dir='ltr' id='par_1_20' title="bbox 600 1918 2181 1993">
     <span class='ocr_line' id='line_1_20' title="bbox 600 1918 2181 1993; baseline 0.018 -33"><span class='ocrx_word' id='word_1_132' title='bbox 600 1918 842 1977; x_wconf 84' lang='lat' dir='ltr'><strong>potestas</strong></span> <span class='ocrx_word' id='word_1_133' title='bbox 871 1930 1087 1983; x_wconf 83' lang='lat' dir='ltr'><strong>gregem</strong></span> <span class='ocrx_word' id='word_1_134' title='bbox 1121 1930 1275 1989; x_wconf 84' lang='lat' dir='ltr'><strong>coget</strong></span> <span class='ocrx_word' id='word_1_135' title='bbox 1303 1922 1369 1975; x_wconf 91' lang='lat' dir='ltr'><strong>ad</strong></span> <span class='ocrx_word' id='word_1_136' title='bbox 1403 1927 1835 1993; x_wconf 87' lang='lat' dir='ltr'><strong>temperantiam,</strong></span> <span class='ocrx_word' id='word_1_137' title='bbox 1866 1940 1918 1984; x_wconf 91' lang='lat' dir='ltr'><strong>et</strong></span> <span class='ocrx_word' id='word_1_138' title='bbox 1949 1930 2181 1988; x_wconf 90' lang='lat' dir='ltr'><strong>fornica-</strong></span> 
     </span>
    </p>
   </div>
   <div class='ocr_carea' id='block_1_21' title="bbox 599 2001 2177 2087">
    <p class='ocr_par' dir='ltr' id='par_1_21' title="bbox 599 2001 2177 2087">
     <span class='ocr_line' id='line_1_21' title="bbox 599 2001 2177 2087; baseline 0.016 -33"><span class='ocrx_word' id='word_1_139' title='bbox 599 2001 805 2057; x_wconf 88' lang='lat' dir='ltr'><strong>tionem</strong></span> <span class='ocrx_word' id='word_1_140' title='bbox 833 2006 1021 2072; x_wconf 87' lang='lat' dir='ltr'><strong>puniet</strong></span> <span class='ocrx_word' id='word_1_141' title='bbox 1060 2018 1115 2063; x_wconf 92' lang='lat' dir='ltr'><strong>et</strong></span> <span class='ocrx_word' id='word_1_142' title='bbox 1134 2010 1482 2078; x_wconf 87' lang='lat' dir='ltr'><strong>adulterium,</strong></span> <span class='ocrx_word' id='word_1_143' title='bbox 1519 2031 1644 2071; x_wconf 91' lang='lat' dir='ltr'><strong>eum</strong></span> <span class='ocrx_word' id='word_1_144' title='bbox 1679 2018 1793 2087; x_wconf 89' lang='lat' dir='ltr'><strong>ipse</strong></span> <span class='ocrx_word' id='word_1_145' title='bbox 1820 2021 1889 2074; x_wconf 90' lang='lat' dir='ltr'><strong>sit</strong></span> <span class='ocrx_word' id='word_1_146' title='bbox 1916 2030 2023 2075; x_wconf 91' lang='lat' dir='ltr'><strong>tam</strong></span> <span class='ocrx_word' id='word_1_147' title='bbox 2062 2034 2177 2078; x_wconf 87' lang='lat' dir='ltr'><strong>tur-</strong></span> 
     </span>
    </p>
   </div>
   <div class='ocr_carea' id='block_1_22' title="bbox 598 2092 2177 2170">
    <p class='ocr_par' dir='ltr' id='par_1_22' title="bbox 598 2092 2177 2170">
     <span class='ocr_line' id='line_1_22' title="bbox 598 2092 2177 2170; baseline 0.016 -27"><span class='ocrx_word' id='word_1_148' title='bbox 598 2092 747 2159; x_wconf 91' lang='lat' dir='ltr'><strong>pium</strong></span> <span class='ocrx_word' id='word_1_149' title='bbox 800 2096 1082 2152; x_wconf 92' lang='lat' dir='ltr'><strong>convictus</strong></span> <span class='ocrx_word' id='word_1_150' title='bbox 1130 2098 1480 2170; x_wconf 84' lang='lat' dir='ltr'><strong>flagitiorum.</strong></span> <span class='ocrx_word' id='word_1_151' title='bbox 1534 2105 1669 2161; x_wconf 87' lang='lat' dir='ltr'><strong>Nam</strong></span> <span class='ocrx_word' id='word_1_152' title='bbox 1713 2110 1925 2164; x_wconf 89' lang='lat' dir='ltr'><strong>etiamsi</strong></span> <span class='ocrx_word' id='word_1_153' title='bbox 1959 2113 2177 2168; x_wconf 87' lang='lat' dir='ltr'><strong>dederi-</strong></span> 
     </span>
    </p>
   </div>
   <div class='ocr_carea' id='block_1_23' title="bbox 598 2183 2177 2267">
    <p class='ocr_par' dir='ltr' id='par_1_23' title="bbox 598 2183 2177 2267">
     <span class='ocr_line' id='line_1_23' title="bbox 598 2183 2177 2267; baseline 0.017 -34"><span class='ocrx_word' id='word_1_154' title='bbox 598 2197 718 2237; x_wconf 87' lang='lat' dir='ltr'><strong>mus</strong></span> <span class='ocrx_word' id='word_1_155' title='bbox 753 2183 855 2238; x_wconf 85' lang='lat' dir='ltr'><strong>fidc</strong></span> <span class='ocrx_word' id='word_1_156' title='bbox 886 2186 1045 2256; x_wconf 90' lang='lat' dir='ltr'><strong>digna</strong></span> <span class='ocrx_word' id='word_1_157' title='bbox 1076 2203 1215 2251; x_wconf 82' lang='lat' dir='ltr'><strong>esse,</strong></span> <span class='ocrx_word' id='word_1_158' title='bbox 1244 2207 1365 2260; x_wconf 70' lang='lat' dir='ltr'><strong>qua:</strong></span> <span class='ocrx_word' id='word_1_159' title='bbox 1397 2210 1427 2247; x_wconf 90' lang='lat' dir='ltr'><strong>a</strong></span> <span class='ocrx_word' id='word_1_160' title='bbox 1465 2204 1515 2249; x_wconf 89' lang='lat' dir='ltr'><strong>te</strong></span> <span class='ocrx_word' id='word_1_161' title='bbox 1543 2198 1911 2267; x_wconf 91' lang='lat' dir='ltr'><strong>adducuntur,</strong></span> <span class='ocrx_word' id='word_1_162' title='bbox 1949 2213 2003 2257; x_wconf 90' lang='lat' dir='ltr'><strong>et</strong></span> <span class='ocrx_word' id='word_1_163' title='bbox 2029 2215 2177 2260; x_wconf 84' lang='lat' dir='ltr'><strong>esset</strong></span> 
     </span>
    </p>
   </div>
   <div class='ocr_carea' id='block_1_24' title="bbox 596 2272 2173 2360">
    <p class='ocr_par' dir='ltr' id='par_1_24' title="bbox 596 2272 2173 2360">
     <span class='ocr_line' id='line_1_24' title="bbox 596 2272 2173 2360; baseline 0.018 -37"><span class='ocrx_word' id='word_1_164' title='bbox 596 2272 840 2329; x_wconf 87' lang='lat' dir='ltr'><strong>mulieris</strong></span> <span class='ocrx_word' id='word_1_165' title='bbox 866 2276 1092 2332; x_wconf 85' lang='lat' dir='ltr'><strong>evidens</strong></span> <span class='ocrx_word' id='word_1_166' title='bbox 1119 2280 1465 2349; x_wconf 87' lang='lat' dir='ltr'><strong>maleficium,</strong></span> <span class='ocrx_word' id='word_1_167' title='bbox 1515 2286 1592 2341; x_wconf 90' lang='lat' dir='ltr'><strong>sic</strong></span> <span class='ocrx_word' id='word_1_168' title='bbox 1624 2289 1785 2343; x_wconf 89' lang='lat' dir='ltr'><strong>etiam</strong></span> <span class='ocrx_word' id='word_1_169' title='bbox 1816 2303 2096 2360; x_wconf 89' lang='lat' dir='ltr'><strong>oporteret</strong></span> <span class='ocrx_word' id='word_1_170' title='bbox 2124 2298 2173 2350; x_wconf 94' lang='lat' dir='ltr'><strong>id</strong></span> 
     </span>
    </p>
   </div>
   <div class='ocr_carea' id='block_1_25' title="bbox 591 2373 2173 2453">
    <p class='ocr_par' dir='ltr' id='par_1_25' title="bbox 591 2373 2173 2453">
     <span class='ocr_line' id='line_1_25' title="bbox 591 2373 2173 2453; baseline 0.016 -38"><span class='ocrx_word' id='word_1_171' title='bbox 591 2377 786 2417; x_wconf 84' lang='lat' dir='ltr'><strong>cavere</strong></span> <span class='ocrx_word' id='word_1_172' title='bbox 824 2377 1044 2436; x_wconf 88' lang='lat' dir='ltr'><strong>propter</strong></span> <span class='ocrx_word' id='word_1_173' title='bbox 1094 2373 1457 2428; x_wconf 88' lang='lat' dir='ltr'><strong>reverentiam</strong></span> <span class='ocrx_word' id='word_1_174' title='bbox 1485 2377 1633 2432; x_wconf 89' lang='lat' dir='ltr'><strong>vocis</strong></span> <span class='ocrx_word' id='word_1_175' title='bbox 1676 2379 1913 2447; x_wconf 90' lang='lat' dir='ltr'><strong>Domini,</strong></span> <span class='ocrx_word' id='word_1_176' title='bbox 1942 2400 2064 2453; x_wconf 47' lang='lat' dir='ltr'><strong>quae.</strong></span> <span class='ocrx_word' id='word_1_177' title='bbox 2087 2387 2173 2441; x_wconf 90' lang='lat' dir='ltr'><strong>di-</strong></span> 
     </span>
    </p>
   </div>
   <div class='ocr_carea' id='block_1_26' title="bbox 591 2449 2172 2546">
    <p class='ocr_par' dir='ltr' id='par_1_26' title="bbox 591 2449 2172 2546">
     <span class='ocr_line' id='line_1_26' title="bbox 591 2449 2172 2546; baseline 0.02 -44"><span class='ocrx_word' id='word_1_178' title='bbox 591 2449 710 2505; x_wconf 89' lang='lat' dir='ltr'><strong>cit:</strong></span> <span class='ocrx_word' id='word_1_179' title='bbox 743 2452 844 2517; x_wconf 86' lang='lat' dir='ltr'><strong>Qui</strong></span> <span class='ocrx_word' id='word_1_180' title='bbox 884 2455 1107 2511; x_wconf 88' lang='lat' dir='ltr'><strong>dimittit</strong></span> <span class='ocrx_word' id='word_1_181' title='bbox 1138 2475 1361 2516; x_wconf 84' lang='lat' dir='ltr'><strong>uxorem</strong></span> <span class='ocrx_word' id='word_1_182' title='bbox 1403 2479 1584 2528; x_wconf 90' lang='lat' dir='ltr'><strong>suam,</strong></span> <span class='ocrx_word' id='word_1_183' title='bbox 1635 2449 1995 2542; x_wconf 66' lang='lat' dir='ltr'><strong>praeterquam</strong></span> <span class='ocrx_word' id='word_1_184' title='bbox 2039 2493 2172 2546; x_wconf 88' lang='lat' dir='ltr'><strong>pro-</strong></span> 
     </span>
    </p>
   </div>
   <div class='ocr_carea' id='block_1_27' title="bbox 592 2542 2171 2635">
    <p class='ocr_par' dir='ltr' id='par_1_27' title="bbox 592 2542 2171 2635">
     <span class='ocr_line' id='line_1_27' title="bbox 592 2542 2171 2635; baseline 0.02 -42"><span class='ocrx_word' id='word_1_185' title='bbox 592 2549 713 2609; x_wconf 90' lang='lat' dir='ltr'><strong>pter</strong></span> <span class='ocrx_word' id='word_1_186' title='bbox 729 2542 1160 2614; x_wconf 81' lang='lat' dir='ltr'><strong>fornicationem,</strong></span> <span class='ocrx_word' id='word_1_187' title='bbox 1188 2554 1489 2609; x_wconf 73' lang='lat' dir='ltr'><strong>mtechatur</strong></span> <span class='ocrx_word' id='word_1_188' title='bbox 1513 2557 1730 2626; x_wconf 79' lang='lat' dir='ltr'><strong>(Matth.</strong></span> <span class='ocrx_word' id='word_1_189' title='bbox 1753 2580 1805 2626; x_wconf 92' lang='lat' dir='ltr'><strong>v,</strong></span> <span class='ocrx_word' id='word_1_190' title='bbox 1830 2564 1941 2635; x_wconf 73' lang='grc'><strong>52).</strong></span> <span class='ocrx_word' id='word_1_191' title='bbox 1966 2542 2171 2632; x_wconf 78' lang='lat' dir='ltr'><strong>Quem-</strong></span> 
     </span>
    </p>
   </div>
   <div class='ocr_carea' id='block_1_28' title="bbox 590 2640 2168 2717">
    <p class='ocr_par' dir='ltr' id='par_1_28' title="bbox 590 2640 2168 2717">
     <span class='ocr_line' id='line_1_28' title="bbox 590 2640 2168 2717; baseline 0.02 -33"><span class='ocrx_word' id='word_1_192' title='bbox 590 2647 716 2686; x_wconf 90' lang='lat' dir='ltr'><strong>nam</strong></span> <span class='ocrx_word' id='word_1_193' title='bbox 752 2646 935 2691; x_wconf 89' lang='lat' dir='ltr'><strong>autem</strong></span> <span class='ocrx_word' id='word_1_194' title='bbox 979 2640 1207 2709; x_wconf 89' lang='lat' dir='ltr'><strong>imperio</strong></span> <span class='ocrx_word' id='word_1_195' title='bbox 1258 2648 1695 2706; x_wconf 82' lang='lat' dir='ltr'><strong>excellentiorem</strong></span> <span class='ocrx_word' id='word_1_196' title='bbox 1748 2655 1850 2709; x_wconf 90' lang='lat' dir='ltr'><strong>sibi</strong></span> <span class='ocrx_word' id='word_1_197' title='bbox 1907 2660 2168 2717; x_wconf 87' lang='lat' dir='ltr'><strong>societate</strong></span> 
     </span>
    </p>
   </div>
   <div class='ocr_carea' id='block_1_29' title="bbox 588 2723 2167 2819">
    <p class='ocr_par' dir='ltr' id='par_1_29' title="bbox 588 2723 2167 2819">
     <span class='ocr_line' id='line_1_29' title="bbox 588 2723 2167 2819; baseline 0.02 -46"><span class='ocrx_word' id='word_1_198' title='bbox 588 2723 916 2779; x_wconf 87' lang='lat' dir='ltr'><strong>matrimonii</strong></span> <span class='ocrx_word' id='word_1_199' title='bbox 960 2730 1128 2785; x_wconf 82' lang='lat' dir='ltr'><strong>voluit</strong></span> <span class='ocrx_word' id='word_1_200' title='bbox 1153 2735 1508 2807; x_wconf 89' lang='lat' dir='ltr'><strong>conjungere,</strong></span> <span class='ocrx_word' id='word_1_201' title='bbox 1538 2756 1659 2809; x_wconf 64' lang='lat' dir='ltr'><strong>quae</strong></span> <span class='ocrx_word' id='word_1_202' title='bbox 1698 2744 1767 2800; x_wconf 89' lang='lat' dir='ltr'><strong>ad</strong></span> <span class='ocrx_word' id='word_1_203' title='bbox 1794 2752 2002 2801; x_wconf 89' lang='lat' dir='ltr'><strong>tantum</strong></span> <span class='ocrx_word' id='word_1_204' title='bbox 2036 2764 2167 2819; x_wconf 77' lang='lat' dir='ltr'><strong>pro-</strong></span> 
     </span>
    </p>
   </div>
   <div class='ocr_carea' id='block_1_30' title="bbox 586 2815 2165 2902">
    <p class='ocr_par' dir='ltr' id='par_1_30' title="bbox 586 2815 2165 2902">
     <span class='ocr_line' id='line_1_30' title="bbox 586 2815 2165 2902; baseline 0.019 -36"><span class='ocrx_word' id='word_1_205' title='bbox 586 2815 756 2869; x_wconf 83' lang='lat' dir='ltr'><strong>cessit</strong></span> <span class='ocrx_word' id='word_1_206' title='bbox 790 2815 1092 2888; x_wconf 79' lang='lat' dir='ltr'><strong>llagitium?</strong></span> <span class='ocrx_word' id='word_1_207' title='bbox 1124 2824 1233 2879; x_wconf 90' lang='lat' dir='ltr'><strong>Sed</strong></span> <span class='ocrx_word' id='word_1_208' title='bbox 1273 2828 1375 2882; x_wconf 87' lang='lat' dir='ltr'><strong>hoc</strong></span> <span class='ocrx_word' id='word_1_209' title='bbox 1409 2828 1531 2885; x_wconf 91' lang='lat' dir='ltr'><strong>ideo</strong></span> <span class='ocrx_word' id='word_1_210' title='bbox 1570 2836 1903 2902; x_wconf 62' lang='lat' dir='ltr'><strong>prattexitur,</strong></span> <span class='ocrx_word' id='word_1_211' title='bbox 1957 2815 2165 2896; x_wconf 73' lang='lat' dir='ltr'><strong>utbo—</strong></span> 
     </span>
    </p>
   </div>
   <div class='ocr_carea' id='block_1_31' title="bbox 588 2904 2160 2987">
    <p class='ocr_par' dir='ltr' id='par_1_31' title="bbox 588 2904 2160 2987">
     <span class='ocr_line' id='line_1_31' title="bbox 588 2904 2160 2987; baseline 0.021 -33"><span class='ocrx_word' id='word_1_212' title='bbox 588 2904 859 2960; x_wconf 89' lang='lat' dir='ltr'><strong>norabiles</strong></span> <span class='ocrx_word' id='word_1_213' title='bbox 894 2910 1100 2979; x_wconf 74' lang='lat' dir='ltr'><strong>nuptite</strong></span> <span class='ocrx_word' id='word_1_214' title='bbox 1158 2923 1214 2968; x_wconf 91' lang='lat' dir='ltr'><strong>et</strong></span> <span class='ocrx_word' id='word_1_215' title='bbox 1263 2922 1413 2972; x_wconf 89' lang='lat' dir='ltr'><strong>torus</strong></span> <span class='ocrx_word' id='word_1_216' title='bbox 1452 2919 1832 2981; x_wconf 91' lang='lat' dir='ltr'><strong>immaculatus</strong></span> <span class='ocrx_word' id='word_1_217' title='bbox 1885 2928 2160 2987; x_wconf 80' lang='lat' dir='ltr'><strong>violetur:</strong></span> 
     </span>
    </p>
   </div>
   <div class='ocr_carea' id='block_1_32' title="bbox 585 2994 2160 3091">
    <p class='ocr_par' dir='ltr' id='par_1_32' title="bbox 585 2994 2160 3091">
     <span class='ocr_line' id='line_1_32' title="bbox 585 2994 2160 3091; baseline 0.02 -44"><span class='ocrx_word' id='word_1_218' title='bbox 585 2994 965 3054; x_wconf 88' lang='lat' dir='ltr'><strong>introducatur</strong></span> <span class='ocrx_word' id='word_1_219' title='bbox 996 3019 1125 3057; x_wconf 91' lang='lat' dir='ltr'><strong>vero</strong></span> <span class='ocrx_word' id='word_1_220' title='bbox 1152 3005 1392 3064; x_wconf 88' lang='lat' dir='ltr'><strong>dedecus</strong></span> <span class='ocrx_word' id='word_1_221' title='bbox 1428 3010 1822 3085; x_wconf 79' lang='lat' dir='ltr'><strong>fornicationis,</strong></span> <span class='ocrx_word' id='word_1_222' title='bbox 1858 3028 1913 3074; x_wconf 90' lang='lat' dir='ltr'><strong>et</strong></span> <span class='ocrx_word' id='word_1_223' title='bbox 1944 3037 2160 3091; x_wconf 84' lang='lat' dir='ltr'><strong>germa-</strong></span> 
     </span>
    </p>
   </div>
   <div class='ocr_carea' id='block_1_33' title="bbox 583 3091 2230 3205">
    <p class='ocr_par' dir='ltr' id='par_1_33' title="bbox 583 3091 2230 3205">
     <span class='ocr_line' id='line_1_33' title="bbox 583 3091 2230 3205; baseline 0.019 -68"><span class='ocrx_word' id='word_1_224' title='bbox 583 3100 716 3140; x_wconf 90' lang='lat' dir='ltr'><strong>num</strong></span> <span class='ocrx_word' id='word_1_225' title='bbox 746 3104 932 3145; x_wconf 82' lang='lat' dir='ltr'><strong>semen</strong></span> <span class='ocrx_word' id='word_1_226' title='bbox 964 3091 1056 3147; x_wconf 86' lang='lat' dir='ltr'><strong>fiat</strong></span> <span class='ocrx_word' id='word_1_227' title='bbox 1076 3095 1466 3165; x_wconf 84' lang='lat' dir='ltr'><strong>adulterinum,</strong></span> <span class='ocrx_word' id='word_1_228' title='bbox 1496 3110 1551 3156; x_wconf 92' lang='lat' dir='ltr'><strong>et</strong></span> <span class='ocrx_word' id='word_1_229' title='bbox 1574 3104 1775 3161; x_wconf 88' lang='lat' dir='ltr'><strong>alienet</strong></span> <span class='ocrx_word' id='word_1_230' title='bbox 1802 3109 1874 3171; x_wconf 90' lang='lat' dir='ltr'><strong>id,</strong></span> <span class='ocrx_word' id='word_1_231' title='bbox 1908 3113 2052 3179; x_wconf 89' lang='lat' dir='ltr'><strong>quod</strong></span> <span class='ocrx_word' id='word_1_232' title='bbox 2077 3124 2160 3167; x_wconf 91' lang='lat' dir='ltr'><strong>est</strong></span> 
     </span>
    </p>
   </div>
   <div class='ocr_carea' id='block_1_34' title="bbox 584 3182 2159 3267">
    <p class='ocr_par' dir='ltr' id='par_1_34' title="bbox 584 3182 2159 3267">
     <span class='ocr_line' id='line_1_34' title="bbox 584 3182 2159 3267; baseline 0.018 -38"><span class='ocrx_word' id='word_1_233' title='bbox 584 3188 895 3246; x_wconf 76' lang='lat' dir='ltr'><strong>cognatum,</strong></span> <span class='ocrx_word' id='word_1_234' title='bbox 947 3182 1258 3241; x_wconf 87' lang='lat' dir='ltr'><strong>introducto</strong></span> <span class='ocrx_word' id='word_1_235' title='bbox 1297 3188 1498 3246; x_wconf 91' lang='lat' dir='ltr'><strong>furtivo</strong></span> <span class='ocrx_word' id='word_1_236' title='bbox 1551 3202 1606 3247; x_wconf 89' lang='lat' dir='ltr'><strong>et</strong></span> <span class='ocrx_word' id='word_1_237' title='bbox 1647 3198 1790 3267; x_wconf 87' lang='lat' dir='ltr'><strong>turpi</strong></span> <span class='ocrx_word' id='word_1_238' title='bbox 1844 3203 2159 3258; x_wconf 89' lang='lat' dir='ltr'><strong>concubitu.</strong></span> 
     </span>
    </p>
   </div>
   <div class='ocr_carea' id='block_1_35' title="bbox 551 3266 2162 3367">
    <p class='ocr_par' dir='ltr' id='par_1_35' title="bbox 551 3266 2162 3367">
     <span class='ocr_line' id='line_1_35' title="bbox 551 3266 2162 3367; baseline 0.025 -49"><span class='ocrx_word' id='word_1_239' title='bbox 551 3266 735 3325; x_wconf 85' lang='lat' dir='ltr'><strong>&#39;llanc</strong></span> <span class='ocrx_word' id='word_1_240' title='bbox 763 3287 892 3344; x_wconf 90' lang='lat' dir='ltr'><strong>ergo</strong></span> <span class='ocrx_word' id='word_1_241' title='bbox 928 3293 957 3331; x_wconf 93' lang='lat' dir='ltr'><strong>a</strong></span> <span class='ocrx_word' id='word_1_242' title='bbox 993 3282 1149 3338; x_wconf 88' lang='lat' dir='ltr'><strong>nobis</strong></span> <span class='ocrx_word' id='word_1_243' title='bbox 1176 3294 1231 3340; x_wconf 89' lang='lat' dir='ltr'><strong>et</strong></span> <span class='ocrx_word' id='word_1_244' title='bbox 1284 3287 1369 3354; x_wconf 89' lang='lat' dir='ltr'><strong>iis,</strong></span> <span class='ocrx_word' id='word_1_245' title='bbox 1414 3292 1504 3359; x_wconf 89' lang='lat' dir='ltr'><strong>qui</strong></span> <span class='ocrx_word' id='word_1_246' title='bbox 1541 3304 1671 3350; x_wconf 89' lang='lat' dir='ltr'><strong>sunt</strong></span> <span class='ocrx_word' id='word_1_247' title='bbox 1715 3300 1887 3353; x_wconf 90' lang='lat' dir='ltr'><strong>nostri</strong></span> <span class='ocrx_word' id='word_1_248' title='bbox 1936 3302 2162 3367; x_wconf 90' lang='lat' dir='ltr'><strong>similes,</strong></span> 
     </span>
    </p>
   </div>
   <div class='ocr_carea' id='block_1_36' title="bbox 582 3359 2164 3456">
    <p class='ocr_par' dir='ltr' id='par_1_36' title="bbox 582 3359 2164 3456">
     <span class='ocr_line' id='line_1_36' title="bbox 582 3359 2164 3456; baseline 0.027 -47"><span class='ocrx_word' id='word_1_249' title='bbox 582 3359 768 3429; x_wconf 89' lang='lat' dir='ltr'><strong>accipe</strong></span> <span class='ocrx_word' id='word_1_250' title='bbox 791 3372 1225 3441; x_wconf 89' lang='lat' dir='ltr'><strong>responsionem,</strong></span> <span class='ocrx_word' id='word_1_251' title='bbox 1247 3392 1301 3433; x_wconf 87' lang='lat' dir='ltr'><strong>et</strong></span> <span class='ocrx_word' id='word_1_252' title='bbox 1321 3383 1469 3449; x_wconf 91' lang='lat' dir='ltr'><strong>aperi</strong></span> <span class='ocrx_word' id='word_1_253' title='bbox 1501 3383 1586 3449; x_wconf 91' lang='lat' dir='ltr'><strong>iis,</strong></span> <span class='ocrx_word' id='word_1_254' title='bbox 1612 3388 1704 3456; x_wconf 90' lang='lat' dir='ltr'><strong>qui</strong></span> <span class='ocrx_word' id='word_1_255' title='bbox 1731 3390 2020 3448; x_wconf 91' lang='lat' dir='ltr'><strong>miserunt.</strong></span> <span class='ocrx_word' id='word_1_256' title='bbox 2045 3395 2164 3451; x_wconf 89' lang='lat' dir='ltr'><strong>Non</strong></span> 
     </span>
    </p>
   </div>
   <div class='ocr_carea' id='block_1_37' title="bbox 582 3448 2165 3555">
    <p class='ocr_par' dir='ltr' id='par_1_37' title="bbox 582 3448 2165 3555">
     <span class='ocr_line' id='line_1_37' title="bbox 582 3448 2165 3555; baseline 0.028 -56"><span class='ocrx_word' id='word_1_257' title='bbox 582 3448 731 3550; x_wconf 70' lang='lat' dir='ltr'><strong>enim</strong></span> <span class='ocrx_word' id='word_1_258' title='bbox 758 3454 1015 3513; x_wconf 88' lang='lat' dir='ltr'><strong>cedemus</strong></span> <span class='ocrx_word' id='word_1_259' title='bbox 1047 3462 1133 3527; x_wconf 91' lang='lat' dir='ltr'><strong>iis,</strong></span> <span class='ocrx_word' id='word_1_260' title='bbox 1194 3481 1316 3534; x_wconf 71' lang='lat' dir='ltr'><strong>qua:</strong></span> <span class='ocrx_word' id='word_1_261' title='bbox 1346 3448 1377 3522; x_wconf 80' lang='lat' dir='ltr'><strong>a</strong></span> <span class='ocrx_word' id='word_1_262' title='bbox 1406 3480 1459 3525; x_wconf 90' lang='lat' dir='ltr'><strong>te</strong></span> <span class='ocrx_word' id='word_1_263' title='bbox 1482 3448 1774 3541; x_wconf 75' lang='lat' dir='ltr'><strong>jactantur.</strong></span> <span class='ocrx_word' id='word_1_264' title='bbox 1809 3481 2034 3555; x_wconf 69' lang='lat' dir='ltr'><strong>Mortem</strong></span> <span class='ocrx_word' id='word_1_265' title='bbox 2066 3502 2165 3555; x_wconf 87' lang='lat' dir='ltr'><strong>po-</strong></span> 
     </span>
    </p>
   </div>
   <div class='ocr_carea' id='block_1_38' title="bbox 584 3538 2162 3639">
    <p class='ocr_par' dir='ltr' id='par_1_38' title="bbox 584 3538 2162 3639">
     <span class='ocr_line' id='line_1_38' title="bbox 584 3538 2162 3639; baseline 0.027 -48"><span class='ocrx_word' id='word_1_266' title='bbox 584 3538 693 3639; x_wconf 77' lang='lat' dir='ltr'><strong>tius</strong></span> <span class='ocrx_word' id='word_1_267' title='bbox 725 3551 781 3597; x_wconf 86' lang='lat' dir='ltr'><strong>et</strong></span> <span class='ocrx_word' id='word_1_268' title='bbox 808 3550 989 3615; x_wconf 81' lang='lat' dir='ltr'><strong>gravia</strong></span> <span class='ocrx_word' id='word_1_269' title='bbox 1038 3555 1343 3614; x_wconf 87' lang='lat' dir='ltr'><strong>subibimus</strong></span> <span class='ocrx_word' id='word_1_270' title='bbox 1370 3538 1654 3634; x_wconf 82' lang='lat' dir='ltr'><strong>supplicia,</strong></span> <span class='ocrx_word' id='word_1_271' title='bbox 1703 3552 1865 3639; x_wconf 88' lang='lat' dir='ltr'><strong>quam</strong></span> <span class='ocrx_word' id='word_1_272' title='bbox 1916 3575 1969 3628; x_wconf 94' lang='lat' dir='ltr'><strong>in</strong></span> <span class='ocrx_word' id='word_1_273' title='bbox 1999 3538 2162 3635; x_wconf 72' lang='lat' dir='ltr'><strong>rehus</strong></span> 
     </span>
    </p>
   </div>
   <div class='ocr_carea' id='block_1_39' title="bbox 580 3630 2163 3725">
    <p class='ocr_par' dir='ltr' id='par_1_39' title="bbox 580 3630 2163 3725">
     <span class='ocr_line' id='line_1_39' title="bbox 580 3630 2163 3725; baseline 0.027 -42"><span class='ocrx_word' id='word_1_274' title='bbox 580 3630 848 3699; x_wconf 89' lang='lat' dir='ltr'><strong>ejusmodi</strong></span> <span class='ocrx_word' id='word_1_275' title='bbox 895 3640 947 3694; x_wconf 92' lang='lat' dir='ltr'><strong>ei</strong></span> <span class='ocrx_word' id='word_1_276' title='bbox 989 3642 1099 3698; x_wconf 93' lang='lat' dir='ltr'><strong>ullo</strong></span> <span class='ocrx_word' id='word_1_277' title='bbox 1130 3648 1292 3702; x_wconf 88' lang='lat' dir='ltr'><strong>modo</strong></span> <span class='ocrx_word' id='word_1_278' title='bbox 1332 3652 1564 3711; x_wconf 87' lang='lat' dir='ltr'><strong>velimus</strong></span> <span class='ocrx_word' id='word_1_279' title='bbox 1618 3658 1903 3720; x_wconf 87' lang='lat' dir='ltr'><strong>inservire.</strong></span> <span class='ocrx_word' id='word_1_280' title='bbox 1967 3669 2163 3725; x_wconf 78' lang='lat' dir='ltr'><strong>Audiat</strong></span> 
     </span>
    </p>
   </div>
   <div class='ocr_carea' id='block_1_40' title="bbox 580 3721 2159 3817">
    <p class='ocr_par' dir='ltr' id='par_1_40' title="bbox 580 3721 2159 3817">
     <span class='ocr_line' id='line_1_40' title="bbox 580 3721 2159 3817; baseline 0.028 -43"><span class='ocrx_word' id='word_1_281' title='bbox 580 3721 877 3792; x_wconf 87' lang='lat' dir='ltr'><strong>imperator</strong></span> <span class='ocrx_word' id='word_1_282' title='bbox 903 3724 1005 3789; x_wconf 87' lang='lat' dir='ltr'><strong>nos</strong></span> <span class='ocrx_word' id='word_1_283' title='bbox 1055 3735 1182 3793; x_wconf 88' lang='lat' dir='ltr'><strong>huic</strong></span> <span class='ocrx_word' id='word_1_284' title='bbox 1225 3742 1568 3811; x_wconf 88' lang='lat' dir='ltr'><strong>improbabili</strong></span> <span class='ocrx_word' id='word_1_285' title='bbox 1613 3752 1843 3809; x_wconf 91' lang='lat' dir='ltr'><strong>consilio</strong></span> <span class='ocrx_word' id='word_1_286' title='bbox 1876 3772 1987 3813; x_wconf 88' lang='lat' dir='ltr'><strong>non</strong></span> <span class='ocrx_word' id='word_1_287' title='bbox 2039 3775 2159 3817; x_wconf 87' lang='lat' dir='ltr'><strong>esse</strong></span> 
     </span>
    </p>
   </div>
   <div class='ocr_carea' id='block_1_41' title="bbox 580 3825 875 3885">
    <p class='ocr_par' dir='ltr' id='par_1_41' title="bbox 580 3825 875 3885">
     <span class='ocr_line' id='line_1_41' title="bbox 580 3825 875 3885; baseline 0.037 -22"><span class='ocrx_word' id='word_1_288' title='bbox 580 3826 645 3885; x_wconf 85' lang='lat' dir='ltr'><strong>pa</strong></span> <span class='ocrx_word' id='word_1_289' title='bbox 655 3825 757 3868; x_wconf 83' lang='lat' dir='ltr'><strong>ritu</strong></span> <span class='ocrx_word' id='word_1_290' title='bbox 768 3833 875 3873; x_wconf 91' lang='lat' dir='ltr'><strong>ros.</strong></span> 
     </span>
    </p>
   </div>
   <div class='ocr_carea' id='block_1_42' title="bbox 649 3908 2156 4014">
    <p class='ocr_par' dir='ltr' id='par_1_42' title="bbox 649 3908 2156 4014">
     <span class='ocr_line' id='line_1_42' title="bbox 649 3908 2156 4014; baseline 0.027 -54"><span class='ocrx_word' id='word_1_291' title='bbox 649 3908 866 4011; x_wconf 51' lang='lat' dir='ltr'><strong>5|.&quot;llis</strong></span> <span class='ocrx_word' id='word_1_292' title='bbox 899 3917 1080 3973; x_wconf 87' lang='lat' dir='ltr'><strong>verbis</strong></span> <span class='ocrx_word' id='word_1_293' title='bbox 1115 3924 1431 3985; x_wconf 73' lang='lat' dir='ltr'><strong>ctelestibus</strong></span> <span class='ocrx_word' id='word_1_294' title='bbox 1455 3934 1723 3992; x_wconf 91' lang='lat' dir='ltr'><strong>attonitus</strong></span> <span class='ocrx_word' id='word_1_295' title='bbox 1752 3937 1822 4003; x_wconf 92' lang='lat' dir='ltr'><strong>is,</strong></span> <span class='ocrx_word' id='word_1_296' title='bbox 1852 3941 1943 4009; x_wconf 88' lang='lat' dir='ltr'><strong>qui</strong></span> <span class='ocrx_word' id='word_1_297' title='bbox 1981 3942 2156 4014; x_wconf 90' lang='lat' dir='ltr'><strong>impe-</strong></span> 
     </span>
    </p>
   </div>
   <div class='ocr_carea' id='block_1_43' title="bbox 578 4000 2150 4102">
    <p class='ocr_par' dir='ltr' id='par_1_43' title="bbox 578 4000 2150 4102">
     <span class='ocr_line' id='line_1_43' title="bbox 578 4000 2150 4102; baseline 0.027 -53"><span class='ocrx_word' id='word_1_298' title='bbox 578 4000 798 4055; x_wconf 88' lang='lat' dir='ltr'><strong>ratoriis</strong></span> <span class='ocrx_word' id='word_1_299' title='bbox 829 4006 1103 4064; x_wconf 82' lang='lat' dir='ltr'><strong>serviebat</strong></span> <span class='ocrx_word' id='word_1_300' title='bbox 1130 4021 1431 4087; x_wconf 84' lang='lat' dir='ltr'><strong>responsis,</strong></span> <span class='ocrx_word' id='word_1_301' title='bbox 1462 4025 1615 4080; x_wconf 88' lang='lat' dir='ltr'><strong>vultu</strong></span> <span class='ocrx_word' id='word_1_302' title='bbox 1644 4035 1830 4098; x_wconf 83' lang='lat' dir='ltr'><strong>tegens</strong></span> <span class='ocrx_word' id='word_1_303' title='bbox 1858 4032 2150 4102; x_wconf 86' lang='lat' dir='ltr'><strong>tristitiam,</strong></span> 
     </span>
    </p>
   </div>
   <div class='ocr_carea' id='block_1_44' title="bbox 576 4093 2150 4195">
    <p class='ocr_par' dir='ltr' id='par_1_44' title="bbox 576 4093 2150 4195">
     <span class='ocr_line' id='line_1_44' title="bbox 576 4093 2150 4195; baseline 0.024 -51"><span class='ocrx_word' id='word_1_304' title='bbox 576 4093 726 4147; x_wconf 89' lang='lat' dir='ltr'><strong>venit</strong></span> <span class='ocrx_word' id='word_1_305' title='bbox 756 4110 915 4163; x_wconf 88' lang='lat' dir='ltr'><strong>quam</strong></span> <span class='ocrx_word' id='word_1_306' title='bbox 947 4101 1207 4161; x_wconf 89' lang='lat' dir='ltr'><strong>citissime</strong></span> <span class='ocrx_word' id='word_1_307' title='bbox 1240 4110 1305 4163; x_wconf 89' lang='lat' dir='ltr'><strong>ad</strong></span> <span class='ocrx_word' id='word_1_308' title='bbox 1341 4126 1487 4176; x_wconf 89' lang='lat' dir='ltr'><strong>eum,</strong></span> <span class='ocrx_word' id='word_1_309' title='bbox 1531 4118 1622 4187; x_wconf 88' lang='lat' dir='ltr'><strong>qui</strong></span> <span class='ocrx_word' id='word_1_310' title='bbox 1655 4121 1896 4187; x_wconf 82' lang='lat' dir='ltr'><strong>miserat.</strong></span> <span class='ocrx_word' id='word_1_311' title='bbox 1939 4140 2150 4195; x_wconf 90' lang='lat' dir='ltr'><strong>eorum,</strong></span> 
     </span>
    </p>
   </div>
   <div class='ocr_carea' id='block_1_45' title="bbox 574 4189 2153 4284">
    <p class='ocr_par' dir='ltr' id='par_1_45' title="bbox 574 4189 2153 4284">
     <span class='ocr_line' id='line_1_45' title="bbox 574 4189 2153 4284; baseline 0.024 -45"><span class='ocrx_word' id='word_1_312' title='bbox 574 4199 695 4284; x_wconf 67' lang='lat' dir='ltr'><strong>quae</strong></span> <span class='ocrx_word' id='word_1_313' title='bbox 732 4189 821 4243; x_wconf 92' lang='lat' dir='ltr'><strong>ille</strong></span> <span class='ocrx_word' id='word_1_314' title='bbox 856 4197 1133 4264; x_wconf 83' lang='lat' dir='ltr'><strong>sperabat,</strong></span> <span class='ocrx_word' id='word_1_315' title='bbox 1174 4203 1309 4258; x_wconf 86' lang='lat' dir='ltr'><strong>nihil</strong></span> <span class='ocrx_word' id='word_1_316' title='bbox 1356 4210 1502 4277; x_wconf 89' lang='lat' dir='ltr'><strong>quod</strong></span> <span class='ocrx_word' id='word_1_317' title='bbox 1547 4213 1596 4266; x_wconf 90' lang='lat' dir='ltr'><strong>ei</strong></span> <span class='ocrx_word' id='word_1_318' title='bbox 1643 4226 1789 4271; x_wconf 89' lang='lat' dir='ltr'><strong>esset</strong></span> <span class='ocrx_word' id='word_1_319' title='bbox 1831 4220 2001 4284; x_wconf 92' lang='lat' dir='ltr'><strong>cordi,</strong></span> <span class='ocrx_word' id='word_1_320' title='bbox 2033 4189 2153 4276; x_wconf 51' lang='lat' dir='ltr'><strong>om;</strong></span> 
     </span>
    </p>
   </div>
   <div class='ocr_carea' id='block_1_46' title="bbox 575 4275 2153 4379">
    <p class='ocr_par' dir='ltr' id='par_1_46' title="bbox 575 4275 2153 4379">
     <span class='ocr_line' id='line_1_46' title="bbox 575 4275 2153 4379; baseline 0.025 -52"><span class='ocrx_word' id='word_1_321' title='bbox 575 4275 707 4331; x_wconf 92' lang='lat' dir='ltr'><strong>nino</strong></span> <span class='ocrx_word' id='word_1_322' title='bbox 739 4280 995 4340; x_wconf 80' lang='lat' dir='ltr'><strong>afferens.</strong></span> <span class='ocrx_word' id='word_1_323' title='bbox 1044 4286 1338 4361; x_wconf 85' lang='lat' dir='ltr'><strong>Postquam</strong></span> <span class='ocrx_word' id='word_1_324' title='bbox 1377 4275 1569 4354; x_wconf 83' lang='lat' dir='ltr'><strong>autem</strong></span> <span class='ocrx_word' id='word_1_325' title='bbox 1599 4309 1929 4362; x_wconf 88' lang='lat' dir='ltr'><strong>sacrosancti</strong></span> <span class='ocrx_word' id='word_1_326' title='bbox 1971 4321 2153 4379; x_wconf 88' lang='lat' dir='ltr'><strong>pasto-</strong></span> 
     </span>
    </p>
   </div>
   <div class='ocr_carea' id='block_1_47' title="bbox 576 4366 2149 4462">
    <p class='ocr_par' dir='ltr' id='par_1_47' title="bbox 576 4366 2149 4462">
     <span class='ocr_line' id='line_1_47' title="bbox 576 4366 2149 4462; baseline 0.025 -43"><span class='ocrx_word' id='word_1_327' title='bbox 576 4366 651 4421; x_wconf 90' lang='lat' dir='ltr'><strong>ris</strong></span> <span class='ocrx_word' id='word_1_328' title='bbox 683 4376 1041 4433; x_wconf 87' lang='lat' dir='ltr'><strong>conslantiam</strong></span> <span class='ocrx_word' id='word_1_329' title='bbox 1072 4381 1209 4438; x_wconf 89' lang='lat' dir='ltr'><strong>vidit</strong></span> <span class='ocrx_word' id='word_1_330' title='bbox 1232 4385 1529 4457; x_wconf 90' lang='lat' dir='ltr'><strong>imperator</strong></span> <span class='ocrx_word' id='word_1_331' title='bbox 1554 4408 1761 4462; x_wconf 86' lang='lat' dir='ltr'><strong>quercu</strong></span> <span class='ocrx_word' id='word_1_332' title='bbox 1796 4413 1916 4453; x_wconf 88' lang='lat' dir='ltr'><strong>esse</strong></span> <span class='ocrx_word' id='word_1_333' title='bbox 1940 4399 2149 4456; x_wconf 85' lang='lat' dir='ltr'><strong>firmio-</strong></span> 
     </span>
    </p>
   </div>
   <div class='ocr_carea' id='block_1_48' title="bbox 2297 573 3579 655">
    <p class='ocr_par' dir='ltr' id='par_1_48' title="bbox 2297 573 3579 655">
     <span class='ocr_line' id='line_1_48' title="bbox 2297 573 3579 655; baseline 0.014 -28"><span class='ocrx_word' id='word_1_334' title='bbox 2297 573 2502 639; x_wconf 88' lang='lat' dir='ltr'><strong>dentia,</strong></span> <span class='ocrx_word' id='word_1_335' title='bbox 2537 577 2623 633; x_wconf 92' lang='lat' dir='ltr'><strong>his</strong></span> <span class='ocrx_word' id='word_1_336' title='bbox 2652 580 2834 633; x_wconf 85' lang='lat' dir='ltr'><strong>verbis</strong></span> <span class='ocrx_word' id='word_1_337' title='bbox 2864 598 2995 637; x_wconf 91' lang='lat' dir='ltr'><strong>usus</strong></span> <span class='ocrx_word' id='word_1_338' title='bbox 3015 585 3185 638; x_wconf 88' lang='lat' dir='ltr'><strong>estad</strong></span> <span class='ocrx_word' id='word_1_339' title='bbox 3214 588 3535 655; x_wconf 80' lang='lat' dir='ltr'><strong>pontificem</strong></span> <span class='ocrx_word' id='word_1_340' title='bbox 3564 607 3579 644; x_wconf 91' lang='lat'><strong>:</strong></span> 
     </span>
    </p>
   </div>
   <div class='ocr_carea' id='block_1_49' title="bbox 2366 667 3891 749">
    <p class='ocr_par' dir='ltr' id='par_1_49' title="bbox 2366 667 3891 749">
     <span class='ocr_line' id='line_1_49' title="bbox 2366 667 3891 749; baseline 0.012 -29"><span class='ocrx_word' id='word_1_341' title='bbox 2366 667 2456 722; x_wconf 74' lang='lat'><strong>‘52.</strong></span> <span class='ocrx_word' id='word_1_342' title='bbox 2485 668 2595 739; x_wconf 88' lang='lat' dir='ltr'><strong>Ego</strong></span> <span class='ocrx_word' id='word_1_343' title='bbox 2620 670 2841 739; x_wconf 89' lang='lat' dir='ltr'><strong>quidem</strong></span> <span class='ocrx_word' id='word_1_344' title='bbox 2891 673 2969 737; x_wconf 93' lang='lat' dir='ltr'><strong>id,</strong></span> <span class='ocrx_word' id='word_1_345' title='bbox 3002 676 3145 744; x_wconf 90' lang='lat' dir='ltr'><strong>quod</strong></span> <span class='ocrx_word' id='word_1_346' title='bbox 3172 675 3285 745; x_wconf 87' lang='lat' dir='ltr'><strong>jam</strong></span> <span class='ocrx_word' id='word_1_347' title='bbox 3316 680 3533 749; x_wconf 90' lang='lat' dir='ltr'><strong>pridem</strong></span> <span class='ocrx_word' id='word_1_348' title='bbox 3582 683 3727 738; x_wconf 87' lang='lat' dir='ltr'><strong>mihi</strong></span> <span class='ocrx_word' id='word_1_349' title='bbox 3758 689 3891 741; x_wconf 77' lang='lat' dir='ltr'><strong>aeri-</strong></span> 
     </span>
    </p>
   </div>
   <div class='ocr_carea' id='block_1_50' title="bbox 2299 758 3889 833">
    <p class='ocr_par' dir='ltr' id='par_1_50' title="bbox 2299 758 3889 833">
     <span class='ocr_line' id='line_1_50' title="bbox 2299 758 3889 833; baseline 0.013 -20"><span class='ocrx_word' id='word_1_350' title='bbox 2299 758 2401 823; x_wconf 90' lang='lat' dir='ltr'><strong>dit,</strong></span> <span class='ocrx_word' id='word_1_351' title='bbox 2441 758 2508 814; x_wconf 90' lang='lat' dir='ltr'><strong>ad</strong></span> <span class='ocrx_word' id='word_1_352' title='bbox 2533 770 2769 817; x_wconf 89' lang='lat' dir='ltr'><strong>vestram</strong></span> <span class='ocrx_word' id='word_1_353' title='bbox 2824 765 2987 819; x_wconf 90' lang='lat' dir='ltr'><strong>retuli</strong></span> <span class='ocrx_word' id='word_1_354' title='bbox 3040 770 3411 827; x_wconf 89' lang='lat' dir='ltr'><strong>sanctitatem.</strong></span> <span class='ocrx_word' id='word_1_355' title='bbox 3446 771 3601 829; x_wconf 81' lang='lat' dir='ltr'><strong>Nihil</strong></span> <span class='ocrx_word' id='word_1_356' title='bbox 3644 778 3795 831; x_wconf 85' lang='lat' dir='ltr'><strong>enim</strong></span> <span class='ocrx_word' id='word_1_357' title='bbox 3844 792 3889 833; x_wconf 75' lang='lat' dir='ltr'><strong>te</strong></span> 
     </span>
    </p>
   </div>
   <div class='ocr_carea' id='block_1_51' title="bbox 2294 853 3890 941">
    <p class='ocr_par' dir='ltr' id='par_1_51' title="bbox 2294 853 3890 941">
     <span class='ocr_line' id='line_1_51' title="bbox 2294 853 3890 941; baseline 0.013 -33"><span class='ocrx_word' id='word_1_358' title='bbox 2294 853 2439 908; x_wconf 90' lang='lat' dir='ltr'><strong>volui</strong></span> <span class='ocrx_word' id='word_1_359' title='bbox 2473 855 2671 920; x_wconf 88' lang='lat' dir='ltr'><strong>celare,</strong></span> <span class='ocrx_word' id='word_1_360' title='bbox 2706 857 3053 915; x_wconf 67' lang='lat' dir='ltr'><strong>affectionem</strong></span> <span class='ocrx_word' id='word_1_361' title='bbox 3093 878 3158 918; x_wconf 91' lang='lat' dir='ltr'><strong>ac</strong></span> <span class='ocrx_word' id='word_1_362' title='bbox 3213 865 3666 923; x_wconf 83' lang='lat' dir='ltr'><strong>benevolentiam</strong></span> <span class='ocrx_word' id='word_1_363' title='bbox 3732 876 3890 941; x_wconf 81' lang='lat' dir='ltr'><strong>patris</strong></span> 
     </span>
    </p>
   </div>
   <div class='ocr_carea' id='block_1_52' title="bbox 2294 941 3884 1030">
    <p class='ocr_par' dir='ltr' id='par_1_52' title="bbox 2294 941 3884 1030">
     <span class='ocr_line' id='line_1_52' title="bbox 2294 941 3884 1030; baseline 0.011 -32"><span class='ocrx_word' id='word_1_364' title='bbox 2294 941 2352 998; x_wconf 93' lang='lat' dir='ltr'><strong>in</strong></span> <span class='ocrx_word' id='word_1_365' title='bbox 2402 953 2456 999; x_wconf 90' lang='lat' dir='ltr'><strong>te</strong></span> <span class='ocrx_word' id='word_1_366' title='bbox 2491 945 2759 1003; x_wconf 90' lang='lat' dir='ltr'><strong>indicans.</strong></span> <span class='ocrx_word' id='word_1_367' title='bbox 2792 950 2961 1006; x_wconf 89' lang='lat' dir='ltr'><strong>Porro</strong></span> <span class='ocrx_word' id='word_1_368' title='bbox 2995 962 3177 1008; x_wconf 90' lang='lat' dir='ltr'><strong>autem</strong></span> <span class='ocrx_word' id='word_1_369' title='bbox 3213 948 3361 1012; x_wconf 86' lang='lat' dir='ltr'><strong>nunc</strong></span> <span class='ocrx_word' id='word_1_370' title='bbox 3392 974 3617 1028; x_wconf 90' lang='lat' dir='ltr'><strong>quoque</strong></span> <span class='ocrx_word' id='word_1_371' title='bbox 3650 976 3884 1030; x_wconf 77' lang='lat' dir='ltr'><strong>peream</strong></span> 
     </span>
    </p>
   </div>
   <div class='ocr_carea' id='block_1_53' title="bbox 2298 1034 3905 1122">
    <p class='ocr_par' dir='ltr' id='par_1_53' title="bbox 2298 1034 3905 1122">
     <span class='ocr_line' id='line_1_53' title="bbox 2298 1034 3905 1122; baseline 0.014 -34"><span class='ocrx_word' id='word_1_372' title='bbox 2298 1034 2544 1105; x_wconf 83' lang='lat' dir='ltr'><strong>linguam</strong></span> <span class='ocrx_word' id='word_1_373' title='bbox 2583 1039 3017 1109; x_wconf 91' lang='lat' dir='ltr'><strong>imperatoriam,</strong></span> <span class='ocrx_word' id='word_1_374' title='bbox 3063 1048 3226 1100; x_wconf 89' lang='lat' dir='ltr'><strong>statui</strong></span> <span class='ocrx_word' id='word_1_375' title='bbox 3256 1048 3459 1105; x_wconf 88' lang='lat' dir='ltr'><strong>clarius</strong></span> <span class='ocrx_word' id='word_1_376' title='bbox 3503 1066 3675 1122; x_wconf 87' lang='lat' dir='ltr'><strong>agere</strong></span> <span class='ocrx_word' id='word_1_377' title='bbox 3720 1044 3905 1109; x_wconf 56' lang='lat' dir='ltr'><strong>meam?</strong></span> 
     </span>
    </p>
   </div>
   <div class='ocr_carea' id='block_1_54' title="bbox 2292 1127 3883 1210">
    <p class='ocr_par' dir='ltr' id='par_1_54' title="bbox 2292 1127 3883 1210">
     <span class='ocr_line' id='line_1_54' title="bbox 2292 1127 3883 1210; baseline 0.011 -30"><span class='ocrx_word' id='word_1_378' title='bbox 2292 1142 2530 1182; x_wconf 90' lang='lat' dir='ltr'><strong>causam.</strong></span> <span class='ocrx_word' id='word_1_379' title='bbox 2573 1127 2690 1184; x_wconf 78' lang='lat' dir='ltr'><strong>Meo</strong></span> <span class='ocrx_word' id='word_1_380' title='bbox 2728 1132 2876 1186; x_wconf 90' lang='lat' dir='ltr'><strong>enim</strong></span> <span class='ocrx_word' id='word_1_381' title='bbox 2929 1133 3159 1203; x_wconf 91' lang='lat' dir='ltr'><strong>imperio</strong></span> <span class='ocrx_word' id='word_1_382' title='bbox 3202 1136 3584 1204; x_wconf 84' lang='lat' dir='ltr'><strong>insidiantem,</strong></span> <span class='ocrx_word' id='word_1_383' title='bbox 3626 1158 3753 1210; x_wconf 64' lang='lat' dir='ltr'><strong>qua</strong></span> <span class='ocrx_word' id='word_1_384' title='bbox 3787 1160 3883 1197; x_wconf 74' lang='lat' dir='ltr'><strong>non</strong></span> 
     </span>
    </p>
   </div>
   <div class='ocr_carea' id='block_1_55' title="bbox 2291 1216 3878 1298">
    <p class='ocr_par' dir='ltr' id='par_1_55' title="bbox 2291 1216 3878 1298">
     <span class='ocr_line' id='line_1_55' title="bbox 2291 1216 3878 1298; baseline 0.013 -29"><span class='ocrx_word' id='word_1_385' title='bbox 2291 1229 2359 1270; x_wconf 82' lang='lat' dir='ltr'><strong>ex</strong></span> <span class='ocrx_word' id='word_1_386' title='bbox 2419 1216 2531 1271; x_wconf 89' lang='lat' dir='ltr'><strong>Deo</strong></span> <span class='ocrx_word' id='word_1_387' title='bbox 2577 1220 2710 1273; x_wconf 89' lang='lat' dir='ltr'><strong>mihi</strong></span> <span class='ocrx_word' id='word_1_388' title='bbox 2760 1223 2917 1277; x_wconf 90' lang='lat' dir='ltr'><strong>unita</strong></span> <span class='ocrx_word' id='word_1_389' title='bbox 2977 1224 3175 1292; x_wconf 83' lang='lat' dir='ltr'><strong>fuerat,</strong></span> <span class='ocrx_word' id='word_1_390' title='bbox 3227 1229 3583 1298; x_wconf 86' lang='lat' dir='ltr'><strong>adjutricem,</strong></span> <span class='ocrx_word' id='word_1_391' title='bbox 3632 1248 3759 1288; x_wconf 86' lang='lat' dir='ltr'><strong>cum</strong></span> <span class='ocrx_word' id='word_1_392' title='bbox 3804 1237 3878 1289; x_wconf 74' lang='lat' dir='ltr'><strong>lex</strong></span> 
     </span>
    </p>
   </div>
   <div class='ocr_carea' id='block_1_56' title="bbox 2290 1309 3878 1390">
    <p class='ocr_par' dir='ltr' id='par_1_56' title="bbox 2290 1309 3878 1390">
     <span class='ocr_line' id='line_1_56' title="bbox 2290 1309 3878 1390; baseline 0.014 -30"><span class='ocrx_word' id='word_1_393' title='bbox 2290 1317 2476 1375; x_wconf 91' lang='lat' dir='ltr'><strong>aperte</strong></span> <span class='ocrx_word' id='word_1_394' title='bbox 2521 1309 2732 1379; x_wconf 88' lang='lat' dir='ltr'><strong>jubeat,</strong></span> <span class='ocrx_word' id='word_1_395' title='bbox 2767 1314 2899 1381; x_wconf 91' lang='lat' dir='ltr'><strong>quin</strong></span> <span class='ocrx_word' id='word_1_396' title='bbox 2945 1316 3013 1369; x_wconf 88' lang='lat' dir='ltr'><strong>ab</strong></span> <span class='ocrx_word' id='word_1_397' title='bbox 3042 1332 3104 1371; x_wconf 90' lang='lat' dir='ltr'><strong>ea</strong></span> <span class='ocrx_word' id='word_1_398' title='bbox 3146 1320 3350 1387; x_wconf 87' lang='lat' dir='ltr'><strong>possim</strong></span> <span class='ocrx_word' id='word_1_399' title='bbox 3379 1323 3690 1390; x_wconf 82' lang='lat' dir='ltr'><strong>divertere,</strong></span> <span class='ocrx_word' id='word_1_400' title='bbox 3730 1343 3878 1381; x_wconf 71' lang='lat' dir='ltr'><strong>nemo</strong></span> 
     </span>
    </p>
   </div>
   <div class='ocr_carea' id='block_1_57' title="bbox 2288 1401 3877 1480">
    <p class='ocr_par' dir='ltr' id='par_1_57' title="bbox 2288 1401 3877 1480">
     <span class='ocr_line' id='line_1_57' title="bbox 2288 1401 3877 1480; baseline 0.013 -29"><span class='ocrx_word' id='word_1_401' title='bbox 2288 1401 2646 1455; x_wconf 88' lang='lat' dir='ltr'><strong>contradicet.</strong></span> <span class='ocrx_word' id='word_1_402' title='bbox 2704 1401 2838 1456; x_wconf 88' lang='lat' dir='ltr'><strong>Nam</strong></span> <span class='ocrx_word' id='word_1_403' title='bbox 2879 1420 3003 1459; x_wconf 91' lang='lat' dir='ltr'><strong>cum</strong></span> <span class='ocrx_word' id='word_1_404' title='bbox 3030 1408 3140 1461; x_wconf 89' lang='lat' dir='ltr'><strong>sint</strong></span> <span class='ocrx_word' id='word_1_405' title='bbox 3166 1410 3450 1465; x_wconf 86' lang='lat' dir='ltr'><strong>manifesta</strong></span> <span class='ocrx_word' id='word_1_406' title='bbox 3496 1414 3759 1480; x_wconf 82' lang='lat' dir='ltr'><strong>crimina,</strong></span> <span class='ocrx_word' id='word_1_407' title='bbox 3796 1428 3877 1470; x_wconf 78' lang='lat' dir='ltr'><strong>aut</strong></span> 
     </span>
    </p>
   </div>
   <div class='ocr_carea' id='block_1_58' title="bbox 2286 1494 3876 1579">
    <p class='ocr_par' dir='ltr' id='par_1_58' title="bbox 2286 1494 3876 1579">
     <span class='ocr_line' id='line_1_58' title="bbox 2286 1494 3876 1579; baseline 0.014 -36"><span class='ocrx_word' id='word_1_408' title='bbox 2286 1505 2435 1545; x_wconf 89' lang='lat' dir='ltr'><strong>mors</strong></span> <span class='ocrx_word' id='word_1_409' title='bbox 2488 1506 2606 1546; x_wconf 90' lang='lat' dir='ltr'><strong>eam</strong></span> <span class='ocrx_word' id='word_1_410' title='bbox 2663 1494 2918 1564; x_wconf 83' lang='lat' dir='ltr'><strong>excipiet,</strong></span> <span class='ocrx_word' id='word_1_411' title='bbox 2960 1507 3075 1562; x_wconf 90' lang='lat' dir='ltr'><strong>aut,</strong></span> <span class='ocrx_word' id='word_1_412' title='bbox 3121 1502 3265 1569; x_wconf 89' lang='lat' dir='ltr'><strong>quod</strong></span> <span class='ocrx_word' id='word_1_413' title='bbox 3296 1512 3378 1557; x_wconf 90' lang='lat' dir='ltr'><strong>est</strong></span> <span class='ocrx_word' id='word_1_414' title='bbox 3427 1505 3749 1577; x_wconf 82' lang='lat' dir='ltr'><strong>benignius,</strong></span> <span class='ocrx_word' id='word_1_415' title='bbox 3790 1526 3876 1579; x_wconf 77' lang='lat' dir='ltr'><strong>per</strong></span> 
     </span>
    </p>
   </div>
   <div class='ocr_carea' id='block_1_59' title="bbox 2287 1583 3872 1666">
    <p class='ocr_par' dir='ltr' id='par_1_59' title="bbox 2287 1583 3872 1666">
     <span class='ocr_line' id='line_1_59' title="bbox 2287 1583 3872 1666; baseline 0.013 -34"><span class='ocrx_word' id='word_1_416' title='bbox 2287 1588 2453 1635; x_wconf 89' lang='lat' dir='ltr'><strong>totam</strong></span> <span class='ocrx_word' id='word_1_417' title='bbox 2488 1583 2652 1637; x_wconf 89' lang='lat' dir='ltr'><strong>vitam</strong></span> <span class='ocrx_word' id='word_1_418' title='bbox 2681 1597 2802 1654; x_wconf 90' lang='lat' dir='ltr'><strong>aget</strong></span> <span class='ocrx_word' id='word_1_419' title='bbox 2833 1589 3231 1655; x_wconf 68' lang='lat' dir='ltr'><strong>paznitentiam.</strong></span> <span class='ocrx_word' id='word_1_420' title='bbox 3260 1592 3377 1647; x_wconf 76' lang='lat' dir='ltr'><strong>Non</strong></span> <span class='ocrx_word' id='word_1_421' title='bbox 3409 1596 3560 1649; x_wconf 86' lang='lat' dir='ltr'><strong>enim</strong></span> <span class='ocrx_word' id='word_1_422' title='bbox 3591 1598 3663 1651; x_wconf 81' lang='lat' dir='ltr'><strong>ad</strong></span> <span class='ocrx_word' id='word_1_423' title='bbox 3694 1615 3872 1666; x_wconf 86' lang='lat' dir='ltr'><strong>quem—</strong></span> 
     </span>
    </p>
   </div>
   <div class='ocr_carea' id='block_1_60' title="bbox 2286 1673 3867 1753">
    <p class='ocr_par' dir='ltr' id='par_1_60' title="bbox 2286 1673 3867 1753">
     <span class='ocr_line' id='line_1_60' title="bbox 2286 1673 3867 1753; baseline 0.012 -28"><span class='ocrx_word' id='word_1_424' title='bbox 2286 1673 2430 1742; x_wconf 90' lang='lat' dir='ltr'><strong>piam</strong></span> <span class='ocrx_word' id='word_1_425' title='bbox 2456 1689 2523 1727; x_wconf 80' lang='lat' dir='ltr'><strong>ex</strong></span> <span class='ocrx_word' id='word_1_426' title='bbox 2556 1674 2714 1746; x_wconf 84' lang='lat' dir='ltr'><strong>vulgo</strong></span> <span class='ocrx_word' id='word_1_427' title='bbox 2742 1686 2860 1733; x_wconf 90' lang='lat' dir='ltr'><strong>erat</strong></span> <span class='ocrx_word' id='word_1_428' title='bbox 2926 1681 3303 1749; x_wconf 87' lang='lat' dir='ltr'><strong>transiturum,</strong></span> <span class='ocrx_word' id='word_1_429' title='bbox 3337 1686 3486 1753; x_wconf 88' lang='lat' dir='ltr'><strong>quod</strong></span> <span class='ocrx_word' id='word_1_430' title='bbox 3519 1688 3592 1740; x_wconf 84' lang='lat' dir='ltr'><strong>ab</strong></span> <span class='ocrx_word' id='word_1_431' title='bbox 3621 1704 3689 1742; x_wconf 85' lang='lat' dir='ltr'><strong>ea</strong></span> <span class='ocrx_word' id='word_1_432' title='bbox 3718 1691 3867 1743; x_wconf 86' lang='lat' dir='ltr'><strong>ador-</strong></span> 
     </span>
    </p>
   </div>
   <div class='ocr_carea' id='block_1_61' title="bbox 2286 1768 3869 1849">
    <p class='ocr_par' dir='ltr' id='par_1_61' title="bbox 2286 1768 3869 1849">
     <span class='ocr_line' id='line_1_61' title="bbox 2286 1768 3869 1849; baseline 0.011 -33"><span class='ocrx_word' id='word_1_433' title='bbox 2286 1772 2473 1818; x_wconf 89' lang='lat' dir='ltr'><strong>natum</strong></span> <span class='ocrx_word' id='word_1_434' title='bbox 2515 1775 2652 1829; x_wconf 91' lang='lat' dir='ltr'><strong>erat,</strong></span> <span class='ocrx_word' id='word_1_435' title='bbox 2694 1768 2916 1825; x_wconf 91' lang='lat' dir='ltr'><strong>scelus:</strong></span> <span class='ocrx_word' id='word_1_436' title='bbox 2960 1771 3055 1825; x_wconf 89' lang='lat' dir='ltr'><strong>sed</strong></span> <span class='ocrx_word' id='word_1_437' title='bbox 3095 1773 3161 1827; x_wconf 90' lang='lat' dir='ltr'><strong>ad</strong></span> <span class='ocrx_word' id='word_1_438' title='bbox 3195 1789 3516 1844; x_wconf 90' lang='lat' dir='ltr'><strong>germanum</strong></span> <span class='ocrx_word' id='word_1_439' title='bbox 3563 1780 3869 1849; x_wconf 79' lang='lat' dir='ltr'><strong>conjugem,</strong></span> 
     </span>
    </p>
   </div>
   <div class='ocr_carea' id='block_1_62' title="bbox 2285 1857 3860 1936">
    <p class='ocr_par' dir='ltr' id='par_1_62' title="bbox 2285 1857 3860 1936">
     <span class='ocr_line' id='line_1_62' title="bbox 2285 1857 3860 1936; baseline 0.01 -28"><span class='ocrx_word' id='word_1_440' title='bbox 2285 1864 2341 1909; x_wconf 91' lang='lat' dir='ltr'><strong>et</strong></span> <span class='ocrx_word' id='word_1_441' title='bbox 2397 1857 2771 1912; x_wconf 89' lang='lat' dir='ltr'><strong>fidelissimum</strong></span> <span class='ocrx_word' id='word_1_442' title='bbox 2829 1859 3240 1928; x_wconf 82' lang='lat' dir='ltr'><strong>imperatorem,</strong></span> <span class='ocrx_word' id='word_1_443' title='bbox 3274 1876 3331 1919; x_wconf 87' lang='lat' dir='ltr'><strong>et</strong></span> <span class='ocrx_word' id='word_1_444' title='bbox 3357 1869 3621 1936; x_wconf 85' lang='lat' dir='ltr'><strong>gentibus</strong></span> <span class='ocrx_word' id='word_1_445' title='bbox 3656 1872 3860 1924; x_wconf 80' lang='lat' dir='ltr'><strong>terribi-</strong></span> 
     </span>
    </p>
   </div>
   <div class='ocr_carea' id='block_1_63' title="bbox 2282 1938 3865 2026">
    <p class='ocr_par' dir='ltr' id='par_1_63' title="bbox 2282 1938 3865 2026">
     <span class='ocr_line' id='line_1_63' title="bbox 2282 1938 3865 2026; baseline 0.013 -32"><span class='ocrx_word' id='word_1_446' title='bbox 2282 1940 2408 2006; x_wconf 90' lang='lat' dir='ltr'><strong>lem,</strong></span> <span class='ocrx_word' id='word_1_447' title='bbox 2456 1938 2511 1996; x_wconf 75' lang='grc' dir='ltr'><strong>ἐι</strong></span> <span class='ocrx_word' id='word_1_448' title='bbox 2563 1944 2629 1999; x_wconf 91' lang='lat' dir='ltr'><strong>ad</strong></span> <span class='ocrx_word' id='word_1_449' title='bbox 2683 1946 2996 2002; x_wconf 90' lang='lat' dir='ltr'><strong>universum</strong></span> <span class='ocrx_word' id='word_1_450' title='bbox 3052 1950 3239 2005; x_wconf 90' lang='lat' dir='ltr'><strong>orbem</strong></span> <span class='ocrx_word' id='word_1_451' title='bbox 3297 1963 3460 2010; x_wconf 78' lang='lat' dir='ltr'><strong>terrae</strong></span> <span class='ocrx_word' id='word_1_452' title='bbox 3512 1974 3865 2026; x_wconf 77' lang='lat' dir='ltr'><strong>pervasurum</strong></span> 
     </span>
    </p>
   </div>
   <div class='ocr_carea' id='block_1_64' title="bbox 2280 2034 3859 2117">
    <p class='ocr_par' dir='ltr' id='par_1_64' title="bbox 2280 2034 3859 2117">
     <span class='ocr_line' id='line_1_64' title="bbox 2280 2034 3859 2117; baseline 0.012 -32"><span class='ocrx_word' id='word_1_453' title='bbox 2280 2040 2397 2085; x_wconf 89' lang='lat' dir='ltr'><strong>erat</strong></span> <span class='ocrx_word' id='word_1_454' title='bbox 2441 2034 2785 2090; x_wconf 84' lang='lat' dir='ltr'><strong>maleficium.</strong></span> <span class='ocrx_word' id='word_1_455' title='bbox 2826 2037 2945 2102; x_wconf 87' lang='lat' dir='ltr'><strong>Quo</strong></span> <span class='ocrx_word' id='word_1_456' title='bbox 2988 2040 3117 2108; x_wconf 91' lang='lat' dir='ltr'><strong>quid</strong></span> <span class='ocrx_word' id='word_1_457' title='bbox 3154 2056 3275 2096; x_wconf 87' lang='lat' dir='ltr'><strong>esse</strong></span> <span class='ocrx_word' id='word_1_458' title='bbox 3314 2048 3567 2113; x_wconf 90' lang='lat' dir='ltr'><strong>potuerit</strong></span> <span class='ocrx_word' id='word_1_459' title='bbox 3596 2050 3859 2117; x_wconf 86' lang='lat' dir='ltr'><strong>periculo-</strong></span> 
     </span>
    </p>
   </div>
   <div class='ocr_carea' id='block_1_65' title="bbox 2278 2122 3859 2209">
    <p class='ocr_par' dir='ltr' id='par_1_65' title="bbox 2278 2122 3859 2209">
     <span class='ocr_line' id='line_1_65' title="bbox 2278 2122 3859 2209; baseline 0.012 -33"><span class='ocrx_word' id='word_1_460' title='bbox 2278 2122 2393 2177; x_wconf 87' lang='lat' dir='ltr'><strong>sius</strong></span> <span class='ocrx_word' id='word_1_461' title='bbox 2446 2133 2500 2178; x_wconf 92' lang='lat' dir='ltr'><strong>et</strong></span> <span class='ocrx_word' id='word_1_462' title='bbox 2559 2128 2729 2196; x_wconf 83' lang='lat' dir='ltr'><strong>magis</strong></span> <span class='ocrx_word' id='word_1_463' title='bbox 2784 2130 3097 2185; x_wconf 85' lang='lat' dir='ltr'><strong>horribile?</strong></span> <span class='ocrx_word' id='word_1_464' title='bbox 3129 2134 3264 2188; x_wconf 90' lang='lat' dir='ltr'><strong>adeo</strong></span> <span class='ocrx_word' id='word_1_465' title='bbox 3318 2145 3377 2190; x_wconf 92' lang='lat' dir='ltr'><strong>ut</strong></span> <span class='ocrx_word' id='word_1_466' title='bbox 3436 2137 3556 2206; x_wconf 87' lang='lat' dir='ltr'><strong>ipsa</strong></span> <span class='ocrx_word' id='word_1_467' title='bbox 3610 2140 3859 2209; x_wconf 79' lang='lat' dir='ltr'><strong>deinceps</strong></span> 
     </span>
    </p>
   </div>
   <div class='ocr_carea' id='block_1_66' title="bbox 2277 2215 3857 2292">
    <p class='ocr_par' dir='ltr' id='par_1_66' title="bbox 2277 2215 3857 2292">
     <span class='ocr_line' id='line_1_66' title="bbox 2277 2215 3857 2292; baseline 0.013 -26"><span class='ocrx_word' id='word_1_468' title='bbox 2277 2215 2446 2283; x_wconf 90' lang='lat' dir='ltr'><strong>possit</strong></span> <span class='ocrx_word' id='word_1_469' title='bbox 2474 2216 2540 2270; x_wconf 89' lang='lat' dir='ltr'><strong>ad</strong></span> <span class='ocrx_word' id='word_1_470' title='bbox 2578 2219 2780 2273; x_wconf 88' lang='lat' dir='ltr'><strong>nullam</strong></span> <span class='ocrx_word' id='word_1_471' title='bbox 2821 2222 3118 2292; x_wconf 86' lang='lat' dir='ltr'><strong>confugere</strong></span> <span class='ocrx_word' id='word_1_472' title='bbox 3151 2226 3558 2282; x_wconf 83' lang='lat' dir='ltr'><strong>defensionem.</strong></span> <span class='ocrx_word' id='word_1_473' title='bbox 3602 2230 3696 2285; x_wconf 82' lang='lat' dir='ltr'><strong>Est</strong></span> <span class='ocrx_word' id='word_1_474' title='bbox 3723 2235 3857 2287; x_wconf 86' lang='lat' dir='ltr'><strong>enim</strong></span> 
     </span>
    </p>
   </div>
   <div class='ocr_carea' id='block_1_67' title="bbox 2275 2305 3855 2387">
    <p class='ocr_par' dir='ltr' id='par_1_67' title="bbox 2275 2305 3855 2387">
     <span class='ocr_line' id='line_1_67' title="bbox 2275 2305 3855 2387; baseline 0.014 -30"><span class='ocrx_word' id='word_1_475' title='bbox 2275 2305 2481 2374; x_wconf 87' lang='lat' dir='ltr'><strong>privata</strong></span> <span class='ocrx_word' id='word_1_476' title='bbox 2517 2310 2663 2362; x_wconf 91' lang='lat' dir='ltr'><strong>omni</strong></span> <span class='ocrx_word' id='word_1_477' title='bbox 2711 2312 2977 2373; x_wconf 86' lang='lat' dir='ltr'><strong>oratione,</strong></span> <span class='ocrx_word' id='word_1_478' title='bbox 3025 2324 3080 2369; x_wconf 92' lang='lat' dir='ltr'><strong>et</strong></span> <span class='ocrx_word' id='word_1_479' title='bbox 3109 2331 3229 2385; x_wconf 73' lang='lat' dir='ltr'><strong>qua:</strong></span> <span class='ocrx_word' id='word_1_480' title='bbox 3257 2318 3432 2387; x_wconf 87' lang='lat' dir='ltr'><strong>ipsam</strong></span> <span class='ocrx_word' id='word_1_481' title='bbox 3472 2325 3855 2379; x_wconf 84' lang='lat' dir='ltr'><strong>commendare</strong></span> 
     </span>
    </p>
   </div>
   <div class='ocr_carea' id='block_1_68' title="bbox 2275 2398 3853 2482">
    <p class='ocr_par' dir='ltr' id='par_1_68' title="bbox 2275 2398 3853 2482">
     <span class='ocr_line' id='line_1_68' title="bbox 2275 2398 3853 2482; baseline 0.013 -32"><span class='ocrx_word' id='word_1_482' title='bbox 2275 2398 2520 2464; x_wconf 90' lang='lat' dir='ltr'><strong>possint,</strong></span> <span class='ocrx_word' id='word_1_483' title='bbox 2576 2402 3031 2472; x_wconf 77' lang='lat' dir='ltr'><strong>probationibus,</strong></span> <span class='ocrx_word' id='word_1_484' title='bbox 3090 2416 3149 2461; x_wconf 91' lang='lat' dir='ltr'><strong>ut</strong></span> <span class='ocrx_word' id='word_1_485' title='bbox 3208 2424 3329 2478; x_wconf 74' lang='lat' dir='ltr'><strong>qua:</strong></span> <span class='ocrx_word' id='word_1_486' title='bbox 3389 2426 3853 2482; x_wconf 84' lang='lat' dir='ltr'><strong>argumentorum,</strong></span> 
     </span>
    </p>
   </div>
   <div class='ocr_carea' id='block_1_69' title="bbox 2271 2491 3851 2564">
    <p class='ocr_par' dir='ltr' id='par_1_69' title="bbox 2271 2491 3851 2564">
     <span class='ocr_line' id='line_1_69' title="bbox 2271 2491 3851 2564; baseline 0.015 -24"><span class='ocrx_word' id='word_1_487' title='bbox 2271 2504 2392 2558; x_wconf 68' lang='lat' dir='ltr'><strong>quae</strong></span> <span class='ocrx_word' id='word_1_488' title='bbox 2417 2491 2607 2545; x_wconf 88' lang='lat' dir='ltr'><strong>evitari</strong></span> <span class='ocrx_word' id='word_1_489' title='bbox 2638 2510 2743 2547; x_wconf 93' lang='lat' dir='ltr'><strong>non</strong></span> <span class='ocrx_word' id='word_1_490' title='bbox 2777 2508 3025 2564; x_wconf 90' lang='lat' dir='ltr'><strong>possunt,</strong></span> <span class='ocrx_word' id='word_1_491' title='bbox 3073 2498 3270 2554; x_wconf 84' lang='lat' dir='ltr'><strong>habeat</strong></span> <span class='ocrx_word' id='word_1_492' title='bbox 3315 2515 3511 2558; x_wconf 90' lang='lat' dir='ltr'><strong>contra</strong></span> <span class='ocrx_word' id='word_1_493' title='bbox 3562 2522 3623 2561; x_wconf 91' lang='lat' dir='ltr'><strong>se</strong></span> <span class='ocrx_word' id='word_1_494' title='bbox 3673 2510 3851 2562; x_wconf 81' lang='lat' dir='ltr'><strong>verita-</strong></span> 
     </span>
    </p>
   </div>
   <div class='ocr_carea' id='block_1_70' title="bbox 2272 2582 3853 2653">
    <p class='ocr_par' dir='ltr' id='par_1_70' title="bbox 2272 2582 3853 2653">
     <span class='ocr_line' id='line_1_70' title="bbox 2272 2582 3853 2653; baseline 0.013 -20"><span class='ocrx_word' id='word_1_495' title='bbox 2272 2589 2379 2634; x_wconf 87' lang='lat' dir='ltr'><strong>tem</strong></span> <span class='ocrx_word' id='word_1_496' title='bbox 2446 2582 2515 2636; x_wconf 92' lang='lat' dir='ltr'><strong>ad</strong></span> <span class='ocrx_word' id='word_1_497' title='bbox 2576 2585 2871 2652; x_wconf 85' lang='lat' dir='ltr'><strong>perfectam</strong></span> <span class='ocrx_word' id='word_1_498' title='bbox 2935 2591 3474 2651; x_wconf 88' lang='lat' dir='ltr'><strong>condemnationem.</strong></span> <span class='ocrx_word' id='word_1_499' title='bbox 3536 2598 3611 2651; x_wconf 89' lang='lat' dir='ltr'><strong>De</strong></span> <span class='ocrx_word' id='word_1_500' title='bbox 3669 2609 3853 2653; x_wconf 61' lang='lat' dir='ltr'><strong>caetero</strong></span> 
     </span>
    </p>
   </div>
   <div class='ocr_carea' id='block_1_71' title="bbox 2269 2681 3850 2756">
    <p class='ocr_par' dir='ltr' id='par_1_71' title="bbox 2269 2681 3850 2756">
     <span class='ocr_line' id='line_1_71' title="bbox 2269 2681 3850 2756; baseline 0.013 -33"><span class='ocrx_word' id='word_1_501' title='bbox 2269 2681 2451 2725; x_wconf 90' lang='lat' dir='ltr'><strong>autem</strong></span> <span class='ocrx_word' id='word_1_502' title='bbox 2497 2684 2653 2728; x_wconf 90' lang='lat' dir='ltr'><strong>vocat</strong></span> <span class='ocrx_word' id='word_1_503' title='bbox 2702 2686 2933 2747; x_wconf 89' lang='lat' dir='ltr'><strong>tempus,</strong></span> <span class='ocrx_word' id='word_1_504' title='bbox 2980 2690 3040 2735; x_wconf 86' lang='lat' dir='ltr'><strong>ut</strong></span> <span class='ocrx_word' id='word_1_505' title='bbox 3070 2681 3185 2751; x_wconf 88' lang='lat' dir='ltr'><strong>ipsa</strong></span> <span class='ocrx_word' id='word_1_506' title='bbox 3226 2684 3458 2739; x_wconf 66' lang='lat' dir='ltr'><strong>letifera:</strong></span> <span class='ocrx_word' id='word_1_507' title='bbox 3506 2689 3748 2756; x_wconf 83' lang='lat' dir='ltr'><strong>potionis</strong></span> <span class='ocrx_word' id='word_1_508' title='bbox 3772 2706 3850 2743; x_wconf 76' lang='lat' dir='ltr'><strong>ve-</strong></span> 
     </span>
    </p>
   </div>
   <div class='ocr_carea' id='block_1_72' title="bbox 2269 2763 3850 2848">
    <p class='ocr_par' dir='ltr' id='par_1_72' title="bbox 2269 2763 3850 2848">
     <span class='ocr_line' id='line_1_72' title="bbox 2269 2763 3850 2848; baseline 0.014 -36"><span class='ocrx_word' id='word_1_509' title='bbox 2269 2775 2410 2814; x_wconf 90' lang='lat' dir='ltr'><strong>nena</strong></span> <span class='ocrx_word' id='word_1_510' title='bbox 2439 2763 2679 2831; x_wconf 92' lang='lat' dir='ltr'><strong>aperiam</strong></span> <span class='ocrx_word' id='word_1_511' title='bbox 2705 2783 2718 2820; x_wconf 90' lang='lat'>:</span> <span class='ocrx_word' id='word_1_512' title='bbox 2763 2777 2821 2822; x_wconf 92' lang='lat' dir='ltr'><strong>ut</strong></span> <span class='ocrx_word' id='word_1_513' title='bbox 2854 2784 2978 2823; x_wconf 91' lang='lat' dir='ltr'><strong>cum</strong></span> <span class='ocrx_word' id='word_1_514' title='bbox 3010 2780 3191 2826; x_wconf 89' lang='lat' dir='ltr'><strong>vestra</strong></span> <span class='ocrx_word' id='word_1_515' title='bbox 3222 2785 3415 2828; x_wconf 86' lang='lat' dir='ltr'><strong>sancta</strong></span> <span class='ocrx_word' id='word_1_516' title='bbox 3450 2777 3654 2832; x_wconf 80' lang='lat' dir='ltr'><strong>viderit</strong></span> <span class='ocrx_word' id='word_1_517' title='bbox 3682 2789 3850 2848; x_wconf 83' lang='lat' dir='ltr'><strong>pater-</strong></span> 
     </span>
    </p>
   </div>
   <div class='ocr_carea' id='block_1_73' title="bbox 2265 2853 3852 2933">
    <p class='ocr_par' dir='ltr' id='par_1_73' title="bbox 2265 2853 3852 2933">
     <span class='ocr_line' id='line_1_73' title="bbox 2265 2853 3852 2933; baseline 0.013 -27"><span class='ocrx_word' id='word_1_518' title='bbox 2265 2853 2410 2908; x_wconf 89' lang='lat' dir='ltr'><strong>nitas</strong></span> <span class='ocrx_word' id='word_1_519' title='bbox 2441 2856 2665 2913; x_wconf 88' lang='lat' dir='ltr'><strong>sceleris</strong></span> <span class='ocrx_word' id='word_1_520' title='bbox 2712 2862 3158 2933; x_wconf 89' lang='lat' dir='ltr'><strong>magnitudinem,</strong></span> <span class='ocrx_word' id='word_1_521' title='bbox 3209 2867 3261 2921; x_wconf 87' lang='lat' dir='ltr'><strong>id</strong></span> <span class='ocrx_word' id='word_1_522' title='bbox 3309 2878 3525 2924; x_wconf 89' lang='lat' dir='ltr'><strong>certum</strong></span> <span class='ocrx_word' id='word_1_523' title='bbox 3574 2874 3774 2929; x_wconf 87' lang='lat' dir='ltr'><strong>habens</strong></span> <span class='ocrx_word' id='word_1_524' title='bbox 3802 2884 3852 2929; x_wconf 89' lang='lat' dir='ltr'><strong>et</strong></span> 
     </span>
    </p>
   </div>
   <div class='ocr_carea' id='block_1_74' title="bbox 2264 2944 3852 3033">
    <p class='ocr_par' dir='ltr' id='par_1_74' title="bbox 2264 2944 3852 3033">
     <span class='ocr_line' id='line_1_74' title="bbox 2264 2944 3852 3033; baseline 0.014 -36"><span class='ocrx_word' id='word_1_525' title='bbox 2264 2944 2627 3015; x_wconf 85' lang='lat' dir='ltr'><strong>exploratum,</strong></span> <span class='ocrx_word' id='word_1_526' title='bbox 2691 2968 2800 3006; x_wconf 90' lang='lat' dir='ltr'><strong>non</strong></span> <span class='ocrx_word' id='word_1_527' title='bbox 2854 2956 3087 3024; x_wconf 90' lang='lat' dir='ltr'><strong>amplius</strong></span> <span class='ocrx_word' id='word_1_528' title='bbox 3142 2959 3394 3025; x_wconf 86' lang='lat' dir='ltr'><strong>dubitet,</strong></span> <span class='ocrx_word' id='word_1_529' title='bbox 3454 2980 3638 3033; x_wconf 78' lang='lat' dir='ltr'><strong>neque</strong></span> <span class='ocrx_word' id='word_1_530' title='bbox 3698 2968 3852 3021; x_wconf 80' lang='lat' dir='ltr'><strong>ullam</strong></span> 
     </span>
    </p>
   </div>
   <div class='ocr_carea' id='block_1_75' title="bbox 2261 3045 3848 3119">
    <p class='ocr_par' dir='ltr' id='par_1_75' title="bbox 2261 3045 3848 3119">
     <span class='ocr_line' id='line_1_75' title="bbox 2261 3045 3848 3119; baseline 0.016 -32"><span class='ocrx_word' id='word_1_531' title='bbox 2261 3045 2540 3105; x_wconf 82' lang='lat' dir='ltr'><strong>exspectet</strong></span> <span class='ocrx_word' id='word_1_532' title='bbox 2600 3056 2805 3097; x_wconf 90' lang='lat' dir='ltr'><strong>moram</strong></span> <span class='ocrx_word' id='word_1_533' title='bbox 2888 3056 2982 3101; x_wconf 90' lang='lat' dir='ltr'><strong>aut</strong></span> <span class='ocrx_word' id='word_1_534' title='bbox 3040 3051 3300 3118; x_wconf 88' lang='lat' dir='ltr'><strong>temporis</strong></span> <span class='ocrx_word' id='word_1_535' title='bbox 3361 3053 3705 3119; x_wconf 78' lang='lat' dir='ltr'><strong>dilationem,</strong></span> <span class='ocrx_word' id='word_1_536' title='bbox 3762 3060 3848 3112; x_wconf 85' lang='lat' dir='ltr'><strong>sed</strong></span> 
     </span>
    </p>
   </div>
   <div class='ocr_carea' id='block_1_76' title="bbox 2261 3130 3845 3218">
    <p class='ocr_par' dir='ltr' id='par_1_76' title="bbox 2261 3130 3845 3218">
     <span class='ocr_line' id='line_1_76' title="bbox 2261 3130 3845 3218; baseline 0.013 -39"><span class='ocrx_word' id='word_1_537' title='bbox 2261 3130 2660 3199; x_wconf 88' lang='lat' dir='ltr'><strong>quamprimum</strong></span> <span class='ocrx_word' id='word_1_538' title='bbox 2701 3150 2818 3189; x_wconf 89' lang='lat' dir='ltr'><strong>eam</strong></span> <span class='ocrx_word' id='word_1_539' title='bbox 2849 3135 2993 3209; x_wconf 88' lang='lat' dir='ltr'><strong>jugis</strong></span> <span class='ocrx_word' id='word_1_540' title='bbox 3022 3139 3275 3210; x_wconf 86' lang='lat' dir='ltr'><strong>subjiciat</strong></span> <span class='ocrx_word' id='word_1_541' title='bbox 3306 3147 3621 3208; x_wconf 88' lang='lat' dir='ltr'><strong>canonicis,</strong></span> <span class='ocrx_word' id='word_1_542' title='bbox 3651 3158 3706 3202; x_wconf 88' lang='lat' dir='ltr'><strong>et</strong></span> <span class='ocrx_word' id='word_1_543' title='bbox 3732 3166 3845 3218; x_wconf 61' lang='lat' dir='ltr'><strong>per-</strong></span> 
     </span>
    </p>
   </div>
   <div class='ocr_carea' id='block_1_77' title="bbox 2268 3218 3841 3301">
    <p class='ocr_par' dir='ltr' id='par_1_77' title="bbox 2268 3218 3841 3301">
     <span class='ocr_line' id='line_1_77' title="bbox 2268 3218 3841 3301; baseline 0.014 -31"><span class='ocrx_word' id='word_1_544' title='bbox 2268 3218 2493 3274; x_wconf 87' lang='lat' dir='ltr'><strong>suadeat</strong></span> <span class='ocrx_word' id='word_1_545' title='bbox 2526 3222 2573 3276; x_wconf 92' lang='lat' dir='ltr'><strong>ei</strong></span> <span class='ocrx_word' id='word_1_546' title='bbox 2606 3223 2771 3278; x_wconf 90' lang='lat' dir='ltr'><strong>vitam</strong></span> <span class='ocrx_word' id='word_1_547' title='bbox 2793 3226 2992 3297; x_wconf 89' lang='lat' dir='ltr'><strong>eligere</strong></span> <span class='ocrx_word' id='word_1_548' title='bbox 3016 3229 3259 3299; x_wconf 88' lang='lat' dir='ltr'><strong>quietam</strong></span> <span class='ocrx_word' id='word_1_549' title='bbox 3284 3248 3350 3287; x_wconf 89' lang='lat' dir='ltr'><strong>ac</strong></span> <span class='ocrx_word' id='word_1_550' title='bbox 3385 3238 3773 3301; x_wconf 86' lang='lat' dir='ltr'><strong>monasticam,</strong></span> <span class='ocrx_word' id='word_1_551' title='bbox 3803 3240 3841 3292; x_wconf 82' lang='lat' dir='ltr'><strong>si</strong></span> 
     </span>
    </p>
   </div>
   <div class='ocr_carea' id='block_1_78' title="bbox 2266 3310 3843 3384">
    <p class='ocr_par' dir='ltr' id='par_1_78' title="bbox 2266 3310 3843 3384">
     <span class='ocr_line' id='line_1_78' title="bbox 2266 3310 3843 3384; baseline 0.015 -23"><span class='ocrx_word' id='word_1_552' title='bbox 2266 3310 2397 3365; x_wconf 82' lang='lat' dir='ltr'><strong>velit</strong></span> <span class='ocrx_word' id='word_1_553' title='bbox 2426 3327 2543 3367; x_wconf 91' lang='lat' dir='ltr'><strong>eam</strong></span> <span class='ocrx_word' id='word_1_554' title='bbox 2577 3330 2799 3372; x_wconf 88' lang='lat' dir='ltr'><strong>manere</strong></span> <span class='ocrx_word' id='word_1_555' title='bbox 2828 3319 2970 3374; x_wconf 89' lang='lat' dir='ltr'><strong>inter</strong></span> <span class='ocrx_word' id='word_1_556' title='bbox 3013 3323 3186 3377; x_wconf 86' lang='lat' dir='ltr'><strong>vivos.</strong></span> <span class='ocrx_word' id='word_1_557' title='bbox 3217 3324 3355 3379; x_wconf 86' lang='lat' dir='ltr'><strong>Nam</strong></span> <span class='ocrx_word' id='word_1_558' title='bbox 3382 3342 3514 3382; x_wconf 90' lang='lat' dir='ltr'><strong>cum</strong></span> <span class='ocrx_word' id='word_1_559' title='bbox 3562 3328 3665 3384; x_wconf 87' lang='lat' dir='ltr'><strong>hoc</strong></span> <span class='ocrx_word' id='word_1_560' title='bbox 3694 3330 3843 3384; x_wconf 77' lang='lat' dir='ltr'><strong>male-</strong></span> 
     </span>
    </p>
   </div>
   <div class='ocr_carea' id='block_1_79' title="bbox 2265 3402 3839 3492">
    <p class='ocr_par' dir='ltr' id='par_1_79' title="bbox 2265 3402 3839 3492">
     <span class='ocr_line' id='line_1_79' title="bbox 2265 3402 3839 3492; baseline 0.015 -37"><span class='ocrx_word' id='word_1_561' title='bbox 2265 3402 2445 3457; x_wconf 88' lang='lat' dir='ltr'><strong>ficium</strong></span> <span class='ocrx_word' id='word_1_562' title='bbox 2478 3406 2546 3459; x_wconf 89' lang='lat' dir='ltr'><strong>sit</strong></span> <span class='ocrx_word' id='word_1_563' title='bbox 2574 3408 2705 3461; x_wconf 91' lang='lat' dir='ltr'><strong>mihi</strong></span> <span class='ocrx_word' id='word_1_564' title='bbox 2756 3411 2988 3478; x_wconf 91' lang='lat' dir='ltr'><strong>positum</strong></span> <span class='ocrx_word' id='word_1_565' title='bbox 3022 3422 3148 3469; x_wconf 89' lang='lat' dir='ltr'><strong>ante</strong></span> <span class='ocrx_word' id='word_1_566' title='bbox 3182 3417 3391 3481; x_wconf 91' lang='lat' dir='ltr'><strong>oculos,</strong></span> <span class='ocrx_word' id='word_1_567' title='bbox 3425 3420 3552 3474; x_wconf 85' lang='lat' dir='ltr'><strong>fieri</strong></span> <span class='ocrx_word' id='word_1_568' title='bbox 3602 3437 3712 3476; x_wconf 89' lang='lat' dir='ltr'><strong>non</strong></span> <span class='ocrx_word' id='word_1_569' title='bbox 3752 3437 3839 3492; x_wconf 77' lang='lat' dir='ltr'><strong>po-</strong></span> 
     </span>
    </p>
   </div>
   <div class='ocr_carea' id='block_1_80' title="bbox 2264 3504 3836 3587">
    <p class='ocr_par' dir='ltr' id='par_1_80' title="bbox 2264 3504 3836 3587">
     <span class='ocr_line' id='line_1_80' title="bbox 2264 3504 3836 3587; baseline 0.013 -38"><span class='ocrx_word' id='word_1_570' title='bbox 2264 3504 2391 3560; x_wconf 89' lang='lat' dir='ltr'><strong>test,</strong></span> <span class='ocrx_word' id='word_1_571' title='bbox 2429 3507 2487 3553; x_wconf 92' lang='lat' dir='ltr'><strong>ut</strong></span> <span class='ocrx_word' id='word_1_572' title='bbox 2514 3515 2636 3553; x_wconf 90' lang='lat' dir='ltr'><strong>eum</strong></span> <span class='ocrx_word' id='word_1_573' title='bbox 2670 3516 2734 3556; x_wconf 89' lang='lat' dir='ltr'><strong>ea</strong></span> <span class='ocrx_word' id='word_1_574' title='bbox 2762 3506 2997 3574; x_wconf 89' lang='lat' dir='ltr'><strong>amplius</strong></span> <span class='ocrx_word' id='word_1_575' title='bbox 3046 3523 3260 3564; x_wconf 89' lang='lat' dir='ltr'><strong>servem</strong></span> <span class='ocrx_word' id='word_1_576' title='bbox 3293 3511 3421 3581; x_wconf 89' lang='lat' dir='ltr'><strong>jura</strong></span> <span class='ocrx_word' id='word_1_577' title='bbox 3464 3516 3725 3587; x_wconf 85' lang='lat' dir='ltr'><strong>coniugii,</strong></span> <span class='ocrx_word' id='word_1_578' title='bbox 3756 3531 3836 3570; x_wconf 80' lang='lat' dir='ltr'><strong>aut</strong></span> 
     </span>
    </p>
   </div>
   <div class='ocr_carea' id='block_1_81' title="bbox 2261 3585 3834 3669">
    <p class='ocr_par' dir='ltr' id='par_1_81' title="bbox 2261 3585 3834 3669">
     <span class='ocr_line' id='line_1_81' title="bbox 2261 3585 3834 3669; baseline 0.015 -32"><span class='ocrx_word' id='word_1_579' title='bbox 2261 3585 2435 3639; x_wconf 89' lang='lat' dir='ltr'><strong>amice</strong></span> <span class='ocrx_word' id='word_1_580' title='bbox 2463 3588 2692 3656; x_wconf 90' lang='lat' dir='ltr'><strong>amplius</strong></span> <span class='ocrx_word' id='word_1_581' title='bbox 2727 3606 2849 3646; x_wconf 90' lang='lat' dir='ltr'><strong>cum</strong></span> <span class='ocrx_word' id='word_1_582' title='bbox 2879 3608 2942 3647; x_wconf 92' lang='lat' dir='ltr'><strong>ea</strong></span> <span class='ocrx_word' id='word_1_583' title='bbox 2988 3597 3291 3669; x_wconf 90' lang='lat' dir='ltr'><strong>conjungar</strong></span> <span class='ocrx_word' id='word_1_584' title='bbox 3336 3610 3393 3654; x_wconf 90' lang='lat' dir='ltr'><strong>et</strong></span> <span class='ocrx_word' id='word_1_585' title='bbox 3421 3599 3611 3658; x_wconf 81' lang='lat' dir='ltr'><strong>fcedus</strong></span> <span class='ocrx_word' id='word_1_586' title='bbox 3641 3585 3834 3660; x_wconf 76' lang='lat' dir='ltr'><strong>ineant.</strong></span> 
     </span>
    </p>
   </div>
   <div class='ocr_carea' id='block_1_82' title="bbox 2261 3675 3835 3766">
    <p class='ocr_par' dir='ltr' id='par_1_82' title="bbox 2261 3675 3835 3766">
     <span class='ocr_line' id='line_1_82' title="bbox 2261 3675 3835 3766; baseline 0.013 -37"><span class='ocrx_word' id='word_1_587' title='bbox 2261 3675 2556 3735; x_wconf 87' lang='lat' dir='ltr'><strong>Nocentem</strong></span> <span class='ocrx_word' id='word_1_588' title='bbox 2587 3682 2753 3748; x_wconf 91' lang='lat' dir='ltr'><strong>enim,</strong></span> <span class='ocrx_word' id='word_1_589' title='bbox 2782 3694 2841 3739; x_wconf 93' lang='lat' dir='ltr'><strong>ut</strong></span> <span class='ocrx_word' id='word_1_590' title='bbox 2877 3685 3004 3741; x_wconf 89' lang='lat' dir='ltr'><strong>dicit</strong></span> <span class='ocrx_word' id='word_1_591' title='bbox 3042 3690 3415 3757; x_wconf 89' lang='lat' dir='ltr'><strong>proverbium,</strong></span> <span class='ocrx_word' id='word_1_592' title='bbox 3464 3692 3614 3749; x_wconf 86' lang='lat' dir='ltr'><strong>Deus</strong></span> <span class='ocrx_word' id='word_1_593' title='bbox 3636 3712 3835 3766; x_wconf 86' lang='lat' dir='ltr'><strong>quoque</strong></span> 
     </span>
    </p>
   </div>
   <div class='ocr_carea' id='block_1_83' title="bbox 2259 3771 3830 3849">
    <p class='ocr_par' dir='ltr' id='par_1_83' title="bbox 2259 3771 3830 3849">
     <span class='ocr_line' id='line_1_83' title="bbox 2259 3771 3830 3849; baseline 0.013 -29"><span class='ocrx_word' id='word_1_594' title='bbox 2259 3771 2622 3838; x_wconf 85' lang='lat' dir='ltr'><strong>persequitur.</strong></span> <span class='ocrx_word' id='word_1_595' title='bbox 2663 3772 2845 3829; x_wconf 90' lang='lat' dir='ltr'><strong>lnnuit</strong></span> <span class='ocrx_word' id='word_1_596' title='bbox 2873 3791 3022 3849; x_wconf 91' lang='lat' dir='ltr'><strong>ergo,</strong></span> <span class='ocrx_word' id='word_1_597' title='bbox 3059 3787 3115 3833; x_wconf 91' lang='lat' dir='ltr'><strong>et</strong></span> <span class='ocrx_word' id='word_1_598' title='bbox 3162 3780 3325 3835; x_wconf 86' lang='lat' dir='ltr'><strong>allata</strong></span> <span class='ocrx_word' id='word_1_599' title='bbox 3360 3792 3495 3836; x_wconf 89' lang='lat' dir='ltr'><strong>sunt</strong></span> <span class='ocrx_word' id='word_1_600' title='bbox 3526 3801 3652 3839; x_wconf 77' lang='lat' dir='ltr'><strong>vasa</strong></span> <span class='ocrx_word' id='word_1_601' title='bbox 3678 3787 3830 3840; x_wconf 81' lang='lat' dir='ltr'><strong>vitrea</strong></span> 
     </span>
    </p>
   </div>
   <div class='ocr_carea' id='block_1_84' title="bbox 2258 3860 3829 3943">
    <p class='ocr_par' dir='ltr' id='par_1_84' title="bbox 2258 3860 3829 3943">
     <span class='ocr_line' id='line_1_84' title="bbox 2258 3860 3829 3943; baseline 0.014 -32"><span class='ocrx_word' id='word_1_602' title='bbox 2258 3872 2382 3913; x_wconf 90' lang='lat' dir='ltr'><strong>cum</strong></span> <span class='ocrx_word' id='word_1_603' title='bbox 2428 3860 2641 3931; x_wconf 92' lang='lat' dir='ltr'><strong>liquore</strong></span> <span class='ocrx_word' id='word_1_604' title='bbox 2684 3866 2901 3924; x_wconf 89' lang='lat' dir='ltr'><strong>turbido</strong></span> <span class='ocrx_word' id='word_1_605' title='bbox 2948 3871 3165 3926; x_wconf 89' lang='lat' dir='ltr'><strong>curiose</strong></span> <span class='ocrx_word' id='word_1_606' title='bbox 3209 3875 3525 3943; x_wconf 88' lang='lat' dir='ltr'><strong>composito</strong></span> <span class='ocrx_word' id='word_1_607' title='bbox 3560 3879 3627 3932; x_wconf 88' lang='lat' dir='ltr'><strong>ad</strong></span> <span class='ocrx_word' id='word_1_608' title='bbox 3658 3878 3829 3932; x_wconf 83' lang='lat' dir='ltr'><strong>falsam</strong></span> 
     </span>
    </p>
   </div>
   <div class='ocr_carea' id='block_1_85' title="bbox 2256 3953 3831 4037">
    <p class='ocr_par' dir='ltr' id='par_1_85' title="bbox 2256 3953 3831 4037">
     <span class='ocr_line' id='line_1_85' title="bbox 2256 3953 3831 4037; baseline 0.013 -34"><span class='ocrx_word' id='word_1_609' title='bbox 2256 3953 2661 4009; x_wconf 89' lang='lat' dir='ltr'><strong>accusationem</strong></span> <span class='ocrx_word' id='word_1_610' title='bbox 2691 3973 2842 4026; x_wconf 70' lang='lat' dir='ltr'><strong>:quaa</strong></span> <span class='ocrx_word' id='word_1_611' title='bbox 2858 3968 2985 4014; x_wconf 90' lang='lat' dir='ltr'><strong>ante</strong></span> <span class='ocrx_word' id='word_1_612' title='bbox 3016 3959 3209 4016; x_wconf 84' lang='lat' dir='ltr'><strong>faciem</strong></span> <span class='ocrx_word' id='word_1_613' title='bbox 3231 3964 3351 4030; x_wconf 89' lang='lat' dir='ltr'><strong>ejus</strong></span> <span class='ocrx_word' id='word_1_614' title='bbox 3379 3976 3435 4020; x_wconf 90' lang='lat' dir='ltr'><strong>et</strong></span> <span class='ocrx_word' id='word_1_615' title='bbox 3464 3972 3648 4037; x_wconf 89' lang='lat' dir='ltr'><strong>magni</strong></span> <span class='ocrx_word' id='word_1_616' title='bbox 3673 3971 3831 4024; x_wconf 81' lang='lat' dir='ltr'><strong>Patris</strong></span> 
     </span>
    </p>
   </div>
   <div class='ocr_carea' id='block_1_86' title="bbox 2255 4048 3829 4131">
    <p class='ocr_par' dir='ltr' id='par_1_86' title="bbox 2255 4048 3829 4131">
     <span class='ocr_line' id='line_1_86' title="bbox 2255 4048 3829 4131; baseline 0.013 -36"><span class='ocrx_word' id='word_1_617' title='bbox 2255 4052 2587 4109; x_wconf 90' lang='lat' dir='ltr'><strong>statuerunt,</strong></span> <span class='ocrx_word' id='word_1_618' title='bbox 2617 4048 2710 4117; x_wconf 93' lang='lat' dir='ltr'><strong>qui</strong></span> <span class='ocrx_word' id='word_1_619' title='bbox 2758 4050 3083 4119; x_wconf 77' lang='lat' dir='ltr'><strong>afferebant,</strong></span> <span class='ocrx_word' id='word_1_620' title='bbox 3125 4056 3325 4124; x_wconf 89' lang='lat' dir='ltr'><strong>quibus</strong></span> <span class='ocrx_word' id='word_1_621' title='bbox 3382 4059 3625 4126; x_wconf 89' lang='lat' dir='ltr'><strong>dicebat,</strong></span> <span class='ocrx_word' id='word_1_622' title='bbox 3658 4064 3829 4131; x_wconf 85' lang='lat' dir='ltr'><strong>conju-</strong></span> 
     </span>
    </p>
   </div>
   <div class='ocr_carea' id='block_1_87' title="bbox 2254 4135 3831 4216">
    <p class='ocr_par' dir='ltr' id='par_1_87' title="bbox 2254 4135 3831 4216">
     <span class='ocr_line' id='line_1_87' title="bbox 2254 4135 3831 4216; baseline 0.014 -31"><span class='ocrx_word' id='word_1_623' title='bbox 2254 4147 2373 4202; x_wconf 91' lang='lat' dir='ltr'><strong>gem</strong></span> <span class='ocrx_word' id='word_1_624' title='bbox 2406 4135 2490 4189; x_wconf 88' lang='lat' dir='ltr'><strong>vel</strong></span> <span class='ocrx_word' id='word_1_625' title='bbox 2546 4147 2778 4194; x_wconf 90' lang='lat' dir='ltr'><strong>mortem</strong></span> <span class='ocrx_word' id='word_1_626' title='bbox 2824 4144 2876 4197; x_wconf 91' lang='lat' dir='ltr'><strong>ei</strong></span> <span class='ocrx_word' id='word_1_627' title='bbox 2922 4158 3046 4199; x_wconf 90' lang='lat' dir='ltr'><strong>esse</strong></span> <span class='ocrx_word' id='word_1_628' title='bbox 3094 4148 3491 4216; x_wconf 84' lang='lat' dir='ltr'><strong>machinatam,</strong></span> <span class='ocrx_word' id='word_1_629' title='bbox 3538 4154 3625 4207; x_wconf 84' lang='lat' dir='ltr'><strong>vel</strong></span> <span class='ocrx_word' id='word_1_630' title='bbox 3650 4155 3831 4208; x_wconf 83' lang='lat' dir='ltr'><strong>mentis</strong></span> 
     </span>
    </p>
   </div>
   <div class='ocr_carea' id='block_1_88' title="bbox 2252 4225 2609 4283">
    <p class='ocr_par' dir='ltr' id='par_1_88' title="bbox 2252 4225 2609 4283">
     <span class='ocr_line' id='line_1_88' title="bbox 2252 4225 2609 4283; baseline 0.02 -7"><span class='ocrx_word' id='word_1_631' title='bbox 2252 4225 2609 4283; x_wconf 88' lang='lat' dir='ltr'><strong>emotionem.</strong></span> 
     </span>
    </p>
   </div>
   <div class='ocr_carea' id='block_1_89' title="bbox 2320 4313 3827 4403">
    <p class='ocr_par' dir='ltr' id='par_1_89' title="bbox 2320 4313 3827 4403">
     <span class='ocr_line' id='line_1_89' title="bbox 2320 4313 3827 4403; baseline 0.014 -37"><span class='ocrx_word' id='word_1_632' title='bbox 2320 4313 2408 4368; x_wconf 78' lang='grc'><strong>55.</strong></span> <span class='ocrx_word' id='word_1_633' title='bbox 2454 4314 2661 4373; x_wconf 85' lang='lat' dir='ltr'><strong>Videns</strong></span> <span class='ocrx_word' id='word_1_634' title='bbox 2683 4334 2813 4393; x_wconf 89' lang='lat' dir='ltr'><strong>ergo</strong></span> <span class='ocrx_word' id='word_1_635' title='bbox 2846 4338 3078 4396; x_wconf 87' lang='lat' dir='ltr'><strong>magnus</strong></span> <span class='ocrx_word' id='word_1_636' title='bbox 3105 4325 3364 4385; x_wconf 84' lang='lat' dir='ltr'><strong>Tarasius</strong></span> <span class='ocrx_word' id='word_1_637' title='bbox 3396 4330 3489 4397; x_wconf 89' lang='lat' dir='ltr'><strong>iis,</strong></span> <span class='ocrx_word' id='word_1_638' title='bbox 3518 4335 3613 4403; x_wconf 92' lang='lat' dir='ltr'><strong>qui</strong></span> <span class='ocrx_word' id='word_1_639' title='bbox 3642 4351 3827 4403; x_wconf 85' lang='lat' dir='ltr'><strong>nequa-</strong></span> 
     </span>
    </p>
   </div>
   <div class='ocr_carea' id='block_1_90' title="bbox 2249 4410 3823 4491">
    <p class='ocr_par' dir='ltr' id='par_1_90' title="bbox 2249 4410 3823 4491">
     <span class='ocr_line' id='line_1_90' title="bbox 2249 4410 3823 4491; baseline 0.016 -35"><span class='ocrx_word' id='word_1_640' title='bbox 2249 4418 2411 4473; x_wconf 88' lang='lat' dir='ltr'><strong>quam</strong></span> <span class='ocrx_word' id='word_1_641' title='bbox 2444 4410 2865 4479; x_wconf 90' lang='lat' dir='ltr'><strong>conveniebant,</strong></span> <span class='ocrx_word' id='word_1_642' title='bbox 2907 4416 3138 4472; x_wconf 81' lang='lat' dir='ltr'><strong>nexibus</strong></span> <span class='ocrx_word' id='word_1_643' title='bbox 3175 4427 3395 4488; x_wconf 89' lang='lat' dir='ltr'><strong>captum</strong></span> <span class='ocrx_word' id='word_1_644' title='bbox 3430 4423 3823 4491; x_wconf 43' lang='lat' dir='ltr'><strong>imperatorem,</strong></span> 
     </span>
    </p>
   </div>
   <div class='ocr_carea' id='block_1_91' title="bbox 574 4467 3827 4585">
    <p class='ocr_par' dir='ltr' id='par_1_91' title="bbox 574 4467 3827 4585">
     <span class='ocr_line' id='line_1_91' title="bbox 2266 4467 3822 4491; baseline 0.011 -18"><span class='ocrx_word' id='word_1_645' title='bbox 2266 4467 2283 4473; x_wconf 83' lang='lat'><strong>-</strong></span> <span class='ocrx_word' id='word_1_646' title='bbox 2854 4467 2864 4479; x_wconf 78' lang='grc' dir='ltr'><em>ι</em></span> <span class='ocrx_word' id='word_1_647' title='bbox 2909 4467 3012 4469; x_wconf 39' lang='grc' dir='ltr'><strong>η-ίκ</strong></span> <span class='ocrx_word' id='word_1_648' title='bbox 3037 4467 3134 4472; x_wconf 62' lang='lat' dir='ltr'><strong>~—v</strong></span> <span class='ocrx_word' id='word_1_649' title='bbox 3180 4467 3395 4488; x_wconf 62' lang='grc' dir='ltr'><strong>ν-ιντ--ν-</strong></span> <span class='ocrx_word' id='word_1_650' title='bbox 3430 4467 3822 4491; x_wconf 67' lang='grc' dir='ltr'><strong>···-ιννν·“τν·“ν·¹·’</strong></span> 
     </span>
     <span class='ocr_line' id='line_1_92' title="bbox 574 4467 3827 4585; baseline 0.016 -66"><span class='ocrx_word' id='word_1_651' title='bbox 574 4473 712 4521; x_wconf 71' lang='lat' dir='ltr'><strong>rem.</strong></span> <span class='ocrx_word' id='word_1_652' title='bbox 734 4476 854 4530; x_wconf 63' lang='lat' dir='ltr'><strong>quae</strong></span> <span class='ocrx_word' id='word_1_653' title='bbox 883 4467 952 4521; x_wconf 91' lang='lat' dir='ltr'><strong>ab</strong></span> <span class='ocrx_word' id='word_1_654' title='bbox 1009 4469 1216 4541; x_wconf 90' lang='lat' dir='ltr'><strong>impetu</strong></span> <span class='ocrx_word' id='word_1_655' title='bbox 1248 4490 1534 4538; x_wconf 86' lang='lat' dir='ltr'><strong>ventorum</strong></span> <span class='ocrx_word' id='word_1_656' title='bbox 1573 4502 1683 4542; x_wconf 91' lang='lat' dir='ltr'><strong>non</strong></span> <span class='ocrx_word' id='word_1_657' title='bbox 1728 4492 2055 4559; x_wconf 90' lang='lat' dir='ltr'><strong>concutitur,</strong></span> <span class='ocrx_word' id='word_1_658' title='bbox 2095 4495 2149 4549; x_wconf 91' lang='lat' dir='ltr'><strong>in</strong></span> <span class='ocrx_word' id='word_1_659' title='bbox 2182 4494 2226 4550; x_wconf 81' lang='lat' dir='ltr'><strong>D</strong></span> <span class='ocrx_word' id='word_1_660' title='bbox 2255 4502 2310 4547; x_wconf 88' lang='lat' dir='ltr'><strong>et</strong></span> <span class='ocrx_word' id='word_1_661' title='bbox 2344 4495 2459 4550; x_wconf 87' lang='lat' dir='ltr'><strong>falsi</strong></span> <span class='ocrx_word' id='word_1_662' title='bbox 2491 4497 2814 4569; x_wconf 85' lang='lat' dir='ltr'><strong>labyrinthis</strong></span> <span class='ocrx_word' id='word_1_663' title='bbox 2847 4503 3175 4574; x_wconf 90' lang='lat' dir='ltr'><strong>involutum,</strong></span> <span class='ocrx_word' id='word_1_664' title='bbox 3212 4520 3271 4564; x_wconf 89' lang='lat' dir='ltr'><strong>ut</strong></span> <span class='ocrx_word' id='word_1_665' title='bbox 3301 4511 3545 4567; x_wconf 83' lang='lat' dir='ltr'><strong>evadere</strong></span> <span class='ocrx_word' id='word_1_666' title='bbox 3588 4531 3696 4568; x_wconf 92' lang='lat' dir='ltr'><strong>non</strong></span> <span class='ocrx_word' id='word_1_667' title='bbox 3718 4532 3827 4585; x_wconf 50' lang='lat' dir='ltr'><strong>p05-</strong></span> 
     </span>
     <span class='ocr_line' id='line_1_93' title="bbox 574 4548 1865 4585; baseline 0 0"><span class='ocrx_word' id='word_1_668' title='bbox 574 4548 933 4585; x_wconf 67' lang='grc' dir='ltr'><strong>ῃιΙιηίι-σηίιιηη</strong></span> <span class='ocrx_word' id='word_1_669' title='bbox 964 4559 1149 4585; x_wconf 70' lang='grc' dir='ltr'><strong>ι...ι.--ε.</strong></span> <span class='ocrx_word' id='word_1_670' title='bbox 1211 4582 1253 4585; x_wconf 59' lang='lat'><strong>_,</strong></span> <span class='ocrx_word' id='word_1_671' title='bbox 1331 4571 1346 4585; x_wconf 74' lang='grc' dir='ltr'>ι</span> <span class='ocrx_word' id='word_1_672' title='bbox 1382 4572 1404 4585; x_wconf 75' lang='grc' dir='ltr'><strong>ι.</strong></span> <span class='ocrx_word' id='word_1_673' title='bbox 1472 4582 1480 4585; x_wconf 70' lang='lat'><strong>.</strong></span> <span class='ocrx_word' id='word_1_674' title='bbox 1618 4580 1635 4585; x_wconf 88' lang='lat'>_</span> <span class='ocrx_word' id='word_1_675' title='bbox 1860 4584 1865 4585; x_wconf 63' lang='lat'><strong><em>,</em></strong></span> 
     </span>
    </p>
   </div>
   <div class='ocr_carea' id='block_1_92' title="bbox 572 4548 2150 4651">
    <p class='ocr_par' dir='ltr' id='par_1_92' title="bbox 572 4548 2150 4651">
     <span class='ocr_line' id='line_1_94' title="bbox 572 4548 2150 4651; baseline 0.027 -52"><span class='ocrx_word' id='word_1_676' title='bbox 572 4548 934 4651; x_wconf 63' lang='lat' dir='ltr'><strong>admiratione</strong></span> <span class='ocrx_word' id='word_1_677' title='bbox 964 4559 1173 4629; x_wconf 90' lang='lat' dir='ltr'><strong>habuit,</strong></span> <span class='ocrx_word' id='word_1_678' title='bbox 1203 4571 1349 4635; x_wconf 89' lang='lat' dir='ltr'><strong>quod</strong></span> <span class='ocrx_word' id='word_1_679' title='bbox 1378 4572 1581 4631; x_wconf 89' lang='lat' dir='ltr'><strong>factum</strong></span> <span class='ocrx_word' id='word_1_680' title='bbox 1611 4580 1806 4648; x_wconf 87' lang='lat' dir='ltr'><strong>fuerat,</strong></span> <span class='ocrx_word' id='word_1_681' title='bbox 1833 4548 2054 4651; x_wconf 62' lang='lat' dir='ltr'><strong>timens,</strong></span> <span class='ocrx_word' id='word_1_682' title='bbox 2081 4602 2150 4642; x_wconf 92' lang='lat' dir='ltr'><strong>ne</strong></span> 
     </span>
    </p>
   </div>
   <div class='ocr_carea' id='block_1_93' title="bbox 574 4638 2151 4744">
    <p class='ocr_par' dir='ltr' id='par_1_93' title="bbox 574 4638 2151 4744">
     <span class='ocr_line' id='line_1_95' title="bbox 574 4638 2151 4744; baseline 0.029 -53"><span class='ocrx_word' id='word_1_683' title='bbox 574 4638 757 4712; x_wconf 86' lang='lat' dir='ltr'><strong>inclyti</strong></span> <span class='ocrx_word' id='word_1_684' title='bbox 799 4643 973 4705; x_wconf 87' lang='lat' dir='ltr'><strong>Patris</strong></span> <span class='ocrx_word' id='word_1_685' title='bbox 1003 4668 1157 4710; x_wconf 87' lang='lat' dir='ltr'><strong>mens</strong></span> <span class='ocrx_word' id='word_1_686' title='bbox 1187 4657 1499 4721; x_wconf 78' lang='lat' dir='ltr'><strong>inflexibilis</strong></span> <span class='ocrx_word' id='word_1_687' title='bbox 1528 4671 1676 4725; x_wconf 90' lang='lat' dir='ltr'><strong>nullo</strong></span> <span class='ocrx_word' id='word_1_688' title='bbox 1719 4638 1948 4744; x_wconf 71' lang='lat' dir='ltr'><strong>strepitu</strong></span> <span class='ocrx_word' id='word_1_689' title='bbox 1976 4638 2151 4735; x_wconf 74' lang='lat' dir='ltr'><strong>terre-</strong></span> 
     </span>
    </p>
   </div>
   <div class='ocr_carea' id='block_1_94' title="bbox 573 4736 2147 4834">
    <p class='ocr_par' dir='ltr' id='par_1_94' title="bbox 573 4736 2147 4834">
     <span class='ocr_line' id='line_1_96' title="bbox 573 4736 2147 4834; baseline 0.027 -50"><span class='ocrx_word' id='word_1_690' title='bbox 573 4741 744 4789; x_wconf 85' lang='lat' dir='ltr'><strong>retnr.</strong></span> <span class='ocrx_word' id='word_1_691' title='bbox 783 4736 992 4798; x_wconf 81' lang='lat' dir='ltr'><strong>Rursus</strong></span> <span class='ocrx_word' id='word_1_692' title='bbox 1019 4760 1149 4817; x_wconf 87' lang='lat' dir='ltr'><strong>ergo</strong></span> <span class='ocrx_word' id='word_1_693' title='bbox 1179 4751 1421 4821; x_wconf 89' lang='lat' dir='ltr'><strong>mittens,</strong></span> <span class='ocrx_word' id='word_1_694' title='bbox 1456 4758 1616 4827; x_wconf 77' lang='lat' dir='ltr'><strong>jubet</strong></span> <span class='ocrx_word' id='word_1_695' title='bbox 1658 4736 1849 4820; x_wconf 77' lang='lat' dir='ltr'><strong>adesse</strong></span> <span class='ocrx_word' id='word_1_696' title='bbox 1877 4781 2147 4834; x_wconf 88' lang='lat' dir='ltr'><strong>sanctum,</strong></span> 
     </span>
    </p>
   </div>
   <div class='ocr_carea' id='block_1_95' title="bbox 571 4827 2151 4920">
    <p class='ocr_par' dir='ltr' id='par_1_95' title="bbox 571 4827 2151 4920">
     <span class='ocr_line' id='line_1_97' title="bbox 571 4827 2151 4920; baseline 0.027 -43"><span class='ocrx_word' id='word_1_697' title='bbox 571 4827 824 4895; x_wconf 80' lang='lat' dir='ltr'><strong>credens,</strong></span> <span class='ocrx_word' id='word_1_698' title='bbox 858 4834 901 4887; x_wconf 92' lang='lat' dir='ltr'><strong>si</strong></span> <span class='ocrx_word' id='word_1_699' title='bbox 935 4851 1119 4895; x_wconf 87' lang='lat' dir='ltr'><strong>coram</strong></span> <span class='ocrx_word' id='word_1_700' title='bbox 1161 4843 1445 4917; x_wconf 89' lang='lat' dir='ltr'><strong>adfuisset,</strong></span> <span class='ocrx_word' id='word_1_701' title='bbox 1472 4850 1586 4908; x_wconf 88' lang='lat' dir='ltr'><strong>fore</strong></span> <span class='ocrx_word' id='word_1_702' title='bbox 1619 4864 1678 4910; x_wconf 83' lang='lat' dir='ltr'><strong>ut</strong></span> <span class='ocrx_word' id='word_1_703' title='bbox 1708 4871 1765 4913; x_wconf 88' lang='lat' dir='ltr'><strong>se</strong></span> <span class='ocrx_word' id='word_1_704' title='bbox 1806 4861 2151 4920; x_wconf 90' lang='lat' dir='ltr'><strong>submitteret</strong></span> 
     </span>
    </p>
   </div>
   <div class='ocr_carea' id='block_1_96' title="bbox 573 4925 2146 5024">
    <p class='ocr_par' dir='ltr' id='par_1_96' title="bbox 573 4925 2146 5024">
     <span class='ocr_line' id='line_1_98' title="bbox 573 4925 2146 5024; baseline 0.025 -52"><span class='ocrx_word' id='word_1_705' title='bbox 573 4925 859 4987; x_wconf 88' lang='lat' dir='ltr'><strong>potestatis</strong></span> <span class='ocrx_word' id='word_1_706' title='bbox 886 4934 1218 4991; x_wconf 83' lang='lat' dir='ltr'><strong>austeritati.</strong></span> <span class='ocrx_word' id='word_1_707' title='bbox 1247 4937 1385 4995; x_wconf 88' lang='lat' dir='ltr'><strong>Cum</strong></span> <span class='ocrx_word' id='word_1_708' title='bbox 1427 4958 1561 5016; x_wconf 83' lang='lat' dir='ltr'><strong>ergo</strong></span> <span class='ocrx_word' id='word_1_709' title='bbox 1583 4948 1826 5005; x_wconf 90' lang='lat' dir='ltr'><strong>venisset</strong></span> <span class='ocrx_word' id='word_1_710' title='bbox 1860 4952 1915 5006; x_wconf 90' lang='lat' dir='ltr'><strong>in</strong></span> <span class='ocrx_word' id='word_1_711' title='bbox 1948 4955 2146 5024; x_wconf 87' lang='lat' dir='ltr'><strong>regiam</strong></span> 
     </span>
    </p>
   </div>
   <div class='ocr_carea' id='block_1_97' title="bbox 571 5013 2150 5102">
    <p class='ocr_par' dir='ltr' id='par_1_97' title="bbox 571 5013 2150 5102">
     <span class='ocr_line' id='line_1_99' title="bbox 571 5013 2150 5102; baseline 0.026 -40"><span class='ocrx_word' id='word_1_712' title='bbox 571 5020 629 5064; x_wconf 90' lang='lat' dir='ltr'><strong>et</strong></span> <span class='ocrx_word' id='word_1_713' title='bbox 660 5013 726 5067; x_wconf 89' lang='lat' dir='ltr'><strong>ad</strong></span> <span class='ocrx_word' id='word_1_714' title='bbox 750 5016 924 5085; x_wconf 90' lang='lat' dir='ltr'><strong>ipsum</strong></span> <span class='ocrx_word' id='word_1_715' title='bbox 952 5021 1356 5097; x_wconf 89' lang='lat' dir='ltr'><strong>imperatorem,</strong></span> <span class='ocrx_word' id='word_1_716' title='bbox 1400 5044 1453 5089; x_wconf 93' lang='lat' dir='ltr'><strong>et</strong></span> <span class='ocrx_word' id='word_1_717' title='bbox 1483 5052 1604 5091; x_wconf 91' lang='lat' dir='ltr'><strong>cum</strong></span> <span class='ocrx_word' id='word_1_718' title='bbox 1637 5055 1703 5094; x_wconf 91' lang='lat' dir='ltr'><strong>eo</strong></span> <span class='ocrx_word' id='word_1_719' title='bbox 1744 5041 1812 5097; x_wconf 91' lang='lat' dir='ltr'><strong>de</strong></span> <span class='ocrx_word' id='word_1_720' title='bbox 1842 5059 1993 5100; x_wconf 86' lang='lat' dir='ltr'><strong>more</strong></span> <span class='ocrx_word' id='word_1_721' title='bbox 2017 5062 2150 5102; x_wconf 91' lang='lat' dir='ltr'><strong>eon-</strong></span> 
     </span>
    </p>
   </div>
   <div class='ocr_carea' id='block_1_98' title="bbox 570 5102 2145 5203">
    <p class='ocr_par' dir='ltr' id='par_1_98' title="bbox 570 5102 2145 5203">
     <span class='ocr_line' id='line_1_100' title="bbox 570 5102 2145 5203; baseline 0.025 -50"><span class='ocrx_word' id='word_1_722' title='bbox 570 5102 824 5168; x_wconf 90' lang='lat' dir='ltr'><strong>sedisset,</strong></span> <span class='ocrx_word' id='word_1_723' title='bbox 868 5108 1079 5168; x_wconf 85' lang='lat' dir='ltr'><strong>habens</strong></span> <span class='ocrx_word' id='word_1_724' title='bbox 1109 5132 1295 5175; x_wconf 90' lang='lat' dir='ltr'><strong>secum</strong></span> <span class='ocrx_word' id='word_1_725' title='bbox 1324 5138 1511 5180; x_wconf 91' lang='lat' dir='ltr'><strong>senem</strong></span> <span class='ocrx_word' id='word_1_726' title='bbox 1540 5128 1688 5184; x_wconf 91' lang='lat' dir='ltr'><strong>illum</strong></span> <span class='ocrx_word' id='word_1_727' title='bbox 1719 5132 1828 5203; x_wconf 81' lang='lat'><strong>(56)</strong></span> <span class='ocrx_word' id='word_1_728' title='bbox 1858 5131 2145 5195; x_wconf 83' lang='lat' dir='ltr'><strong>Joannem.</strong></span> 
     </span>
    </p>
   </div>
   <div class='ocr_carea' id='block_1_99' title="bbox 572 5202 2148 5295">
    <p class='ocr_par' dir='ltr' id='par_1_99' title="bbox 572 5202 2148 5295">
     <span class='ocr_line' id='line_1_101' title="bbox 572 5202 2148 5295; baseline 0.025 -52"><span class='ocrx_word' id='word_1_729' title='bbox 572 5208 757 5259; x_wconf 88' lang='lat' dir='ltr'><strong>quem,</strong></span> <span class='ocrx_word' id='word_1_730' title='bbox 791 5213 914 5253; x_wconf 91' lang='lat' dir='ltr'><strong>cum</strong></span> <span class='ocrx_word' id='word_1_731' title='bbox 954 5202 1008 5257; x_wconf 90' lang='lat' dir='ltr'><strong>in</strong></span> <span class='ocrx_word' id='word_1_732' title='bbox 1040 5211 1282 5277; x_wconf 82' lang='lat' dir='ltr'><strong>synodali</strong></span> <span class='ocrx_word' id='word_1_733' title='bbox 1319 5230 1628 5275; x_wconf 87' lang='lat' dir='ltr'><strong>versaretur</strong></span> <span class='ocrx_word' id='word_1_734' title='bbox 1666 5226 2019 5295; x_wconf 86' lang='lat' dir='ltr'><strong>expositione,</strong></span> <span class='ocrx_word' id='word_1_735' title='bbox 2048 5229 2148 5282; x_wconf 85' lang='lat' dir='ltr'><strong>ad-</strong></span> 
     </span>
    </p>
   </div>
   <div class='ocr_carea' id='block_1_100' title="bbox 572 5286 2146 5384">
    <p class='ocr_par' dir='ltr' id='par_1_100' title="bbox 572 5286 2146 5384">
     <span class='ocr_line' id='line_1_102' title="bbox 572 5286 2146 5384; baseline 0.024 -50"><span class='ocrx_word' id='word_1_736' title='bbox 572 5286 786 5341; x_wconf 86' lang='lat' dir='ltr'><strong>monuit</strong></span> <span class='ocrx_word' id='word_1_737' title='bbox 820 5293 992 5349; x_wconf 90' lang='lat' dir='ltr'><strong>oratio</strong></span> <span class='ocrx_word' id='word_1_738' title='bbox 1043 5296 1213 5355; x_wconf 89' lang='lat' dir='ltr'><strong>fuisse</strong></span> <span class='ocrx_word' id='word_1_739' title='bbox 1258 5303 1494 5376; x_wconf 91' lang='lat' dir='ltr'><strong>legatum</strong></span> <span class='ocrx_word' id='word_1_740' title='bbox 1527 5310 1776 5368; x_wconf 71' lang='lat' dir='ltr'><strong>dimcesis</strong></span> <span class='ocrx_word' id='word_1_741' title='bbox 1829 5315 2146 5384; x_wconf 84' lang='lat' dir='ltr'><strong>orientalis;</strong></span> 
     </span>
    </p>
   </div>
   <div class='ocr_carea' id='block_1_101' title="bbox 572 5376 2145 5479">
    <p class='ocr_par' dir='ltr' id='par_1_101' title="bbox 572 5376 2145 5479">
     <span class='ocr_line' id='line_1_103' title="bbox 572 5376 2145 5479; baseline 0.025 -52"><span class='ocrx_word' id='word_1_742' title='bbox 572 5376 864 5449; x_wconf 86' lang='lat' dir='ltr'><strong>multisque</strong></span> <span class='ocrx_word' id='word_1_743' title='bbox 889 5386 1217 5447; x_wconf 91' lang='lat' dir='ltr'><strong>salutaribus</strong></span> <span class='ocrx_word' id='word_1_744' title='bbox 1243 5396 1702 5459; x_wconf 89' lang='lat' dir='ltr'><strong>admonitionibus</strong></span> <span class='ocrx_word' id='word_1_745' title='bbox 1726 5407 1868 5476; x_wconf 88' lang='lat' dir='ltr'><strong>apud</strong></span> <span class='ocrx_word' id='word_1_746' title='bbox 1909 5408 2145 5479; x_wconf 83' lang='lat' dir='ltr'><strong>impera-</strong></span> 
     </span>
    </p>
   </div>
   <div class='ocr_carea' id='block_1_102' title="bbox 572 5471 2147 5569">
    <p class='ocr_par' dir='ltr' id='par_1_102' title="bbox 572 5471 2147 5569">
     <span class='ocr_line' id='line_1_104' title="bbox 572 5471 2147 5569; baseline 0.025 -51"><span class='ocrx_word' id='word_1_747' title='bbox 572 5471 748 5565; x_wconf 75' lang='lat' dir='ltr'><strong>torem</strong></span> <span class='ocrx_word' id='word_1_748' title='bbox 779 5485 925 5531; x_wconf 88' lang='lat' dir='ltr'><strong>esset</strong></span> <span class='ocrx_word' id='word_1_749' title='bbox 950 5493 1081 5536; x_wconf 80' lang='lat' dir='ltr'><strong>llSllS</strong></span> <span class='ocrx_word' id='word_1_750' title='bbox 1111 5485 1365 5558; x_wconf 90' lang='lat' dir='ltr'><strong>princeps</strong></span> <span class='ocrx_word' id='word_1_751' title='bbox 1386 5502 1680 5561; x_wconf 88' lang='lat' dir='ltr'><strong>pastorum,</strong></span> <span class='ocrx_word' id='word_1_752' title='bbox 1706 5505 1760 5551; x_wconf 94' lang='lat' dir='ltr'><strong>et</strong></span> <span class='ocrx_word' id='word_1_753' title='bbox 1788 5514 1897 5552; x_wconf 94' lang='lat' dir='ltr'><strong>non</strong></span> <span class='ocrx_word' id='word_1_754' title='bbox 1922 5515 2147 5569; x_wconf 87' lang='lat' dir='ltr'><strong>persua-</strong></span> 
     </span>
    </p>
   </div>
   <div class='ocr_carea' id='block_1_103' title="bbox 573 5552 2146 5659">
    <p class='ocr_par' dir='ltr' id='par_1_103' title="bbox 573 5552 2146 5659">
     <span class='ocr_line' id='line_1_105' title="bbox 573 5552 2146 5659; baseline 0.027 -53"><span class='ocrx_word' id='word_1_755' title='bbox 573 5552 734 5659; x_wconf 72' lang='lat' dir='ltr'><strong>sisset</strong></span> <span class='ocrx_word' id='word_1_756' title='bbox 759 5577 772 5613; x_wconf 91' lang='lat'>:</span> <span class='ocrx_word' id='word_1_757' title='bbox 798 5574 913 5619; x_wconf 90' lang='lat' dir='ltr'><strong>erat</strong></span> <span class='ocrx_word' id='word_1_758' title='bbox 940 5570 1105 5637; x_wconf 87' lang='lat' dir='ltr'><strong>enim,</strong></span> <span class='ocrx_word' id='word_1_759' title='bbox 1133 5584 1191 5628; x_wconf 90' lang='lat' dir='ltr'><strong>ut</strong></span> <span class='ocrx_word' id='word_1_760' title='bbox 1215 5586 1297 5632; x_wconf 91' lang='lat' dir='ltr'><strong>est</strong></span> <span class='ocrx_word' id='word_1_761' title='bbox 1323 5578 1376 5633; x_wconf 92' lang='lat' dir='ltr'><strong>in</strong></span> <span class='ocrx_word' id='word_1_762' title='bbox 1409 5586 1712 5652; x_wconf 85' lang='lat' dir='ltr'><strong>proverbio,</strong></span> <span class='ocrx_word' id='word_1_763' title='bbox 1748 5589 1971 5659; x_wconf 79' lang='lat' dir='ltr'><strong>hydram</strong></span> <span class='ocrx_word' id='word_1_764' title='bbox 1998 5594 2146 5648; x_wconf 87' lang='lat' dir='ltr'><strong>sein-</strong></span> 
     </span>
    </p>
   </div>
   <div class='ocr_carea' id='block_1_104' title="bbox 572 5644 2143 5747">
    <p class='ocr_par' dir='ltr' id='par_1_104' title="bbox 572 5644 2143 5747">
     <span class='ocr_line' id='line_1_106' title="bbox 572 5644 2143 5747; baseline 0.029 -49"><span class='ocrx_word' id='word_1_765' title='bbox 572 5644 721 5714; x_wconf 85' lang='lat' dir='ltr'><strong>dere,</strong></span> <span class='ocrx_word' id='word_1_766' title='bbox 757 5666 881 5709; x_wconf 89' lang='lat' dir='ltr'><strong>eum</strong></span> <span class='ocrx_word' id='word_1_767' title='bbox 911 5674 941 5713; x_wconf 90' lang='lat' dir='ltr'><strong>a</strong></span> <span class='ocrx_word' id='word_1_768' title='bbox 975 5661 1127 5732; x_wconf 89' lang='lat' dir='ltr'><strong>lapsu</strong></span> <span class='ocrx_word' id='word_1_769' title='bbox 1156 5666 1404 5739; x_wconf 87' lang='lat' dir='ltr'><strong>liberare,</strong></span> <span class='ocrx_word' id='word_1_770' title='bbox 1445 5675 1535 5744; x_wconf 90' lang='lat' dir='ltr'><strong>qui</strong></span> <span class='ocrx_word' id='word_1_771' title='bbox 1562 5677 1671 5747; x_wconf 85' lang='lat' dir='ltr'><strong>jam</strong></span> <span class='ocrx_word' id='word_1_772' title='bbox 1703 5680 1814 5738; x_wconf 91' lang='lat' dir='ltr'><strong>suis</strong></span> <span class='ocrx_word' id='word_1_773' title='bbox 1849 5682 2020 5747; x_wconf 83' lang='lat' dir='ltr'><strong>instar</strong></span> <span class='ocrx_word' id='word_1_774' title='bbox 2049 5702 2143 5743; x_wconf 85' lang='lat' dir='ltr'><strong>v0-</strong></span> 
     </span>
    </p>
   </div>
   <div class='ocr_carea' id='block_1_105' title="bbox 646 5756 1611 5855">
    <p class='ocr_par' dir='ltr' id='par_1_105' title="bbox 646 5756 1611 5855">
     <span class='ocr_line' id='line_1_107' title="bbox 646 5756 1611 5855; baseline 0.033 -42"><span class='ocrx_word' id='word_1_775' title='bbox 646 5756 763 5834; x_wconf 87' lang='lat'><strong>(56)</strong></span> <span class='ocrx_word' id='word_1_776' title='bbox 794 5764 956 5826; x_wconf 83' lang='lat' dir='ltr'><strong>Num.</strong></span> <span class='ocrx_word' id='word_1_777' title='bbox 990 5774 1053 5830; x_wconf 73' lang='lat'><strong>{9</strong></span> <span class='ocrx_word' id='word_1_778' title='bbox 1082 5777 1280 5836; x_wconf 87' lang='lat' dir='ltr'><strong>dicitur</strong></span> <span class='ocrx_word' id='word_1_779' title='bbox 1321 5787 1611 5855; x_wconf 80' lang='lat' dir='ltr'><strong>synccllus.</strong></span> 
     </span>
    </p>
   </div>
   <div class='ocr_carea' id='block_1_106' title="bbox 2253 4585 3825 4666">
    <p class='ocr_par' dir='ltr' id='par_1_106' title="bbox 2253 4585 3825 4666">
     <span class='ocr_line' id='line_1_108' title="bbox 2253 4585 3825 4666; baseline 0.013 -29"><span class='ocrx_word' id='word_1_780' title='bbox 2253 4585 2344 4650; x_wconf 89' lang='lat' dir='ltr'><strong>sit,</strong></span> <span class='ocrx_word' id='word_1_781' title='bbox 2395 4586 2500 4641; x_wconf 89' lang='lat' dir='ltr'><strong>labi</strong></span> <span class='ocrx_word' id='word_1_782' title='bbox 2545 4589 2598 4643; x_wconf 91' lang='lat' dir='ltr'><strong>in</strong></span> <span class='ocrx_word' id='word_1_783' title='bbox 2651 4595 2859 4661; x_wconf 88' lang='lat' dir='ltr'><strong>peccati</strong></span> <span class='ocrx_word' id='word_1_784' title='bbox 2895 4598 3222 4666; x_wconf 89' lang='lat' dir='ltr'><strong>periculum,</strong></span> <span class='ocrx_word' id='word_1_785' title='bbox 3269 4604 3634 4658; x_wconf 88' lang='lat' dir='ltr'><strong>sacerrimum</strong></span> <span class='ocrx_word' id='word_1_786' title='bbox 3676 4608 3825 4660; x_wconf 86' lang='lat' dir='ltr'><strong>telum</strong></span> 
     </span>
    </p>
   </div>
   <div class='ocr_carea' id='block_1_107' title="bbox 2252 4676 3824 4760">
    <p class='ocr_par' dir='ltr' id='par_1_107' title="bbox 2252 4676 3824 4760">
     <span class='ocr_line' id='line_1_109' title="bbox 2252 4676 3824 4760; baseline 0.013 -31"><span class='ocrx_word' id='word_1_787' title='bbox 2252 4676 2428 4749; x_wconf 83' lang='lat' dir='ltr'><strong>infigit</strong></span> <span class='ocrx_word' id='word_1_788' title='bbox 2458 4679 2513 4733; x_wconf 91' lang='lat' dir='ltr'><strong>in</strong></span> <span class='ocrx_word' id='word_1_789' title='bbox 2541 4681 2659 4751; x_wconf 86' lang='lat' dir='ltr'><strong>ejus</strong></span> <span class='ocrx_word' id='word_1_790' title='bbox 2689 4687 2872 4752; x_wconf 87' lang='lat' dir='ltr'><strong>corde,</strong></span> <span class='ocrx_word' id='word_1_791' title='bbox 2917 4688 2998 4744; x_wconf 93' lang='lat' dir='ltr'><strong>sic</strong></span> <span class='ocrx_word' id='word_1_792' title='bbox 3023 4690 3211 4745; x_wconf 90' lang='lat' dir='ltr'><strong>dicens</strong></span> <span class='ocrx_word' id='word_1_793' title='bbox 3237 4709 3251 4746; x_wconf 93' lang='lat'><strong>:</strong></span> <span class='ocrx_word' id='word_1_794' title='bbox 3285 4690 3366 4747; x_wconf 85' lang='lat' dir='ltr'><strong>Ne</strong></span> <span class='ocrx_word' id='word_1_795' title='bbox 3401 4710 3654 4760; x_wconf 87' lang='lat' dir='ltr'><strong>moveas,</strong></span> <span class='ocrx_word' id='word_1_796' title='bbox 3680 4714 3713 4751; x_wconf 88' lang='grc' dir='ltr'><strong>ο</strong></span> <span class='ocrx_word' id='word_1_797' title='bbox 3736 4698 3824 4749; x_wconf 86' lang='lat' dir='ltr'><strong>im-</strong></span> 
     </span>
    </p>
   </div>
   <div class='ocr_carea' id='block_1_108' title="bbox 2250 4780 3823 4858">
    <p class='ocr_par' dir='ltr' id='par_1_108' title="bbox 2250 4780 3823 4858">
     <span class='ocr_line' id='line_1_110' title="bbox 2250 4780 3823 4858; baseline 0.011 -33"><span class='ocrx_word' id='word_1_798' title='bbox 2250 4780 2487 4839; x_wconf 87' lang='lat' dir='ltr'><strong>perator,</strong></span> <span class='ocrx_word' id='word_1_799' title='bbox 2549 4791 2698 4832; x_wconf 90' lang='lat' dir='ltr'><strong>arma</strong></span> <span class='ocrx_word' id='word_1_800' title='bbox 2746 4780 2911 4835; x_wconf 91' lang='lat' dir='ltr'><strong>surda</strong></span> <span class='ocrx_word' id='word_1_801' title='bbox 2959 4782 3221 4838; x_wconf 89' lang='lat' dir='ltr'><strong>adversus</strong></span> <span class='ocrx_word' id='word_1_802' title='bbox 3274 4785 3371 4840; x_wconf 87' lang='lat' dir='ltr'><strong>Dei</strong></span> <span class='ocrx_word' id='word_1_803' title='bbox 3429 4787 3604 4858; x_wconf 84' lang='lat' dir='ltr'><strong>leges,</strong></span> <span class='ocrx_word' id='word_1_804' title='bbox 3667 4805 3823 4857; x_wconf 82' lang='lat' dir='ltr'><strong>neque</strong></span> 
     </span>
    </p>
   </div>
   <div class='ocr_carea' id='block_1_109' title="bbox 2250 4865 3824 4943">
    <p class='ocr_par' dir='ltr' id='par_1_109' title="bbox 2250 4865 3824 4943">
     <span class='ocr_line' id='line_1_111' title="bbox 2250 4865 3824 4943; baseline 0.011 -29"><span class='ocrx_word' id='word_1_805' title='bbox 2250 4872 2476 4933; x_wconf 91' lang='lat' dir='ltr'><strong>propter</strong></span> <span class='ocrx_word' id='word_1_806' title='bbox 2499 4865 2693 4922; x_wconf 89' lang='lat' dir='ltr'><strong>barum</strong></span> <span class='ocrx_word' id='word_1_807' title='bbox 2747 4874 3257 4943; x_wconf 88' lang='lat' dir='ltr'><strong>transgressionem,</strong></span> <span class='ocrx_word' id='word_1_808' title='bbox 3298 4877 3619 4932; x_wconf 89' lang='lat' dir='ltr'><strong>clanculum</strong></span> <span class='ocrx_word' id='word_1_809' title='bbox 3653 4890 3824 4934; x_wconf 82' lang='lat' dir='ltr'><strong>contra</strong></span> 
     </span>
    </p>
   </div>
   <div class='ocr_carea' id='block_1_110' title="bbox 2250 4954 3818 5037">
    <p class='ocr_par' dir='ltr' id='par_1_110' title="bbox 2250 4954 3818 5037">
     <span class='ocr_line' id='line_1_112' title="bbox 2250 4954 3818 5037; baseline 0.016 -31"><span class='ocrx_word' id='word_1_810' title='bbox 2250 4954 2471 5011; x_wconf 90' lang='lat' dir='ltr'><strong>milites.</strong></span> <span class='ocrx_word' id='word_1_811' title='bbox 2500 4958 2595 5013; x_wconf 87' lang='lat' dir='ltr'><strong>Est</strong></span> <span class='ocrx_word' id='word_1_812' title='bbox 2625 4961 2770 5035; x_wconf 86' lang='lat' dir='ltr'><strong>enim</strong></span> <span class='ocrx_word' id='word_1_813' title='bbox 2812 4961 3174 5032; x_wconf 64' lang='lat' dir='ltr'><strong>imperatoria:</strong></span> <span class='ocrx_word' id='word_1_814' title='bbox 3219 4969 3511 5037; x_wconf 85' lang='lat' dir='ltr'><strong>potestatis</strong></span> <span class='ocrx_word' id='word_1_815' title='bbox 3550 4971 3818 5031; x_wconf 86' lang='lat' dir='ltr'><strong>indicium.</strong></span> 
     </span>
    </p>
   </div>
   <div class='ocr_carea' id='block_1_111' title="bbox 2249 5046 3821 5121">
    <p class='ocr_par' dir='ltr' id='par_1_111' title="bbox 2249 5046 3821 5121">
     <span class='ocr_line' id='line_1_113' title="bbox 2249 5046 3821 5121; baseline 0.009 -25"><span class='ocrx_word' id='word_1_816' title='bbox 2249 5046 2429 5099; x_wconf 91' lang='lat' dir='ltr'><strong>omnia</strong></span> <span class='ocrx_word' id='word_1_817' title='bbox 2452 5061 2577 5101; x_wconf 91' lang='lat' dir='ltr'><strong>cum</strong></span> <span class='ocrx_word' id='word_1_818' title='bbox 2602 5049 2769 5104; x_wconf 88' lang='lat' dir='ltr'><strong>libera</strong></span> <span class='ocrx_word' id='word_1_819' title='bbox 2790 5051 2967 5107; x_wconf 89' lang='lat' dir='ltr'><strong>facere</strong></span> <span class='ocrx_word' id='word_1_820' title='bbox 2994 5055 3348 5121; x_wconf 89' lang='lat' dir='ltr'><strong>conscientia,</strong></span> <span class='ocrx_word' id='word_1_821' title='bbox 3376 5066 3432 5111; x_wconf 89' lang='lat' dir='ltr'><strong>et</strong></span> <span class='ocrx_word' id='word_1_822' title='bbox 3461 5060 3607 5113; x_wconf 90' lang='lat' dir='ltr'><strong>nihil</strong></span> <span class='ocrx_word' id='word_1_823' title='bbox 3638 5070 3821 5114; x_wconf 83' lang='lat' dir='ltr'><strong>tectum</strong></span> 
     </span>
    </p>
   </div>
   <div class='ocr_carea' id='block_1_112' title="bbox 2250 5136 3817 5220">
    <p class='ocr_par' dir='ltr' id='par_1_112' title="bbox 2250 5136 3817 5220">
     <span class='ocr_line' id='line_1_114' title="bbox 2250 5136 3817 5220; baseline 0.009 -32"><span class='ocrx_word' id='word_1_824' title='bbox 2250 5149 2315 5189; x_wconf 90' lang='lat' dir='ltr'><strong>ac</strong></span> <span class='ocrx_word' id='word_1_825' title='bbox 2346 5136 2746 5195; x_wconf 90' lang='lat' dir='ltr'><strong>dissimulatum</strong></span> <span class='ocrx_word' id='word_1_826' title='bbox 2786 5153 2969 5199; x_wconf 87' lang='lat' dir='ltr'><strong>mente</strong></span> <span class='ocrx_word' id='word_1_827' title='bbox 3017 5145 3228 5215; x_wconf 89' lang='lat' dir='ltr'><strong>agitare</strong></span> <span class='ocrx_word' id='word_1_828' title='bbox 3259 5148 3531 5203; x_wconf 84' lang='lat' dir='ltr'><strong>adversus</strong></span> <span class='ocrx_word' id='word_1_829' title='bbox 3562 5167 3711 5217; x_wconf 88' lang='lat' dir='ltr'><strong>eum,</strong></span> <span class='ocrx_word' id='word_1_830' title='bbox 3740 5151 3817 5220; x_wconf 83' lang='lat' dir='ltr'><strong>qui</strong></span> 
     </span>
    </p>
   </div>
   <div class='ocr_carea' id='block_1_113' title="bbox 2248 5227 3819 5310">
    <p class='ocr_par' dir='ltr' id='par_1_113' title="bbox 2248 5227 3819 5310">
     <span class='ocr_line' id='line_1_115' title="bbox 2248 5227 3819 5310; baseline 0.008 -29"><span class='ocrx_word' id='word_1_831' title='bbox 2248 5227 2397 5282; x_wconf 90' lang='lat' dir='ltr'><strong>dedit</strong></span> <span class='ocrx_word' id='word_1_832' title='bbox 2426 5244 2708 5298; x_wconf 87' lang='lat' dir='ltr'><strong>coronam,</strong></span> <span class='ocrx_word' id='word_1_833' title='bbox 2748 5242 2802 5287; x_wconf 91' lang='lat' dir='ltr'><strong>et</strong></span> <span class='ocrx_word' id='word_1_834' title='bbox 2836 5236 3069 5292; x_wconf 80' lang='lat' dir='ltr'><strong>maxime</strong></span> <span class='ocrx_word' id='word_1_835' title='bbox 3104 5240 3405 5293; x_wconf 81' lang='lat' dir='ltr'><strong>evertendo</strong></span> <span class='ocrx_word' id='word_1_836' title='bbox 3431 5241 3684 5297; x_wconf 90' lang='lat' dir='ltr'><strong>divinum</strong></span> <span class='ocrx_word' id='word_1_837' title='bbox 3716 5244 3819 5310; x_wconf 83' lang='lat' dir='ltr'><strong>ejus</strong></span> 
     </span>
    </p>
   </div>
   <div class='ocr_carea' id='block_1_114' title="bbox 2249 5322 3817 5388">
    <p class='ocr_par' dir='ltr' id='par_1_114' title="bbox 2249 5322 3817 5388">
     <span class='ocr_line' id='line_1_116' title="bbox 2249 5322 3817 5388; baseline 0.01 -14"><span class='ocrx_word' id='word_1_838' title='bbox 2249 5322 2567 5377; x_wconf 87' lang='lat' dir='ltr'><strong>mandatum</strong></span> <span class='ocrx_word' id='word_1_839' title='bbox 2628 5333 2685 5379; x_wconf 90' lang='lat' dir='ltr'><strong>et</strong></span> <span class='ocrx_word' id='word_1_840' title='bbox 2730 5327 3084 5384; x_wconf 86' lang='lat' dir='ltr'><strong>voluntatem.</strong></span> <span class='ocrx_word' id='word_1_841' title='bbox 3140 5329 3431 5386; x_wconf 86' lang='lat' dir='ltr'><strong>Neminem</strong></span> <span class='ocrx_word' id='word_1_842' title='bbox 3488 5334 3641 5388; x_wconf 88' lang='lat' dir='ltr'><strong>enim</strong></span> <span class='ocrx_word' id='word_1_843' title='bbox 3706 5336 3817 5388; x_wconf 77' lang='lat' dir='ltr'><strong>latet</strong></span> 
     </span>
    </p>
   </div>
   <div class='ocr_carea' id='block_1_115' title="bbox 2247 5414 3818 5494">
    <p class='ocr_par' dir='ltr' id='par_1_115' title="bbox 2247 5414 3818 5494">
     <span class='ocr_line' id='line_1_117' title="bbox 2247 5414 3818 5494; baseline 0.008 -27"><span class='ocrx_word' id='word_1_844' title='bbox 2247 5414 2455 5468; x_wconf 88' lang='lat' dir='ltr'><strong>nullum</strong></span> <span class='ocrx_word' id='word_1_845' title='bbox 2480 5416 2853 5475; x_wconf 75' lang='lat' dir='ltr'><strong>intercessisse</strong></span> <span class='ocrx_word' id='word_1_846' title='bbox 2886 5422 3063 5477; x_wconf 81' lang='lat' dir='ltr'><strong>scelus</strong></span> <span class='ocrx_word' id='word_1_847' title='bbox 3089 5422 3155 5477; x_wconf 90' lang='lat' dir='ltr'><strong>ad</strong></span> <span class='ocrx_word' id='word_1_848' title='bbox 3186 5438 3270 5489; x_wconf 91' lang='lat' dir='ltr'><strong>ea,</strong></span> <span class='ocrx_word' id='word_1_849' title='bbox 3297 5440 3421 5494; x_wconf 72' lang='lat' dir='ltr'><strong>quae</strong></span> <span class='ocrx_word' id='word_1_850' title='bbox 3447 5441 3599 5482; x_wconf 90' lang='lat' dir='ltr'><strong>nunc</strong></span> <span class='ocrx_word' id='word_1_851' title='bbox 3626 5429 3818 5483; x_wconf 81' lang='lat' dir='ltr'><strong>nefarie</strong></span> 
     </span>
    </p>
   </div>
   <div class='ocr_carea' id='block_1_116' title="bbox 2249 5508 3816 5586">
    <p class='ocr_par' dir='ltr' id='par_1_116' title="bbox 2249 5508 3816 5586">
     <span class='ocr_line' id='line_1_118' title="bbox 2249 5508 3816 5586; baseline 0.01 -29"><span class='ocrx_word' id='word_1_852' title='bbox 2249 5512 2537 5560; x_wconf 88' lang='lat' dir='ltr'><strong>struuntur</strong></span> <span class='ocrx_word' id='word_1_853' title='bbox 2561 5508 2819 5565; x_wconf 87' lang='lat' dir='ltr'><strong>adversus</strong></span> <span class='ocrx_word' id='word_1_854' title='bbox 2856 5512 3278 5582; x_wconf 89' lang='lat' dir='ltr'><strong>imperatricem,</strong></span> <span class='ocrx_word' id='word_1_855' title='bbox 3322 5524 3379 5570; x_wconf 91' lang='lat' dir='ltr'><strong>et</strong></span> <span class='ocrx_word' id='word_1_856' title='bbox 3426 5533 3553 5586; x_wconf 71' lang='lat' dir='ltr'><strong>qua:</strong></span> <span class='ocrx_word' id='word_1_857' title='bbox 3586 5534 3708 5573; x_wconf 85' lang='lat' dir='ltr'><strong>eam</strong></span> <span class='ocrx_word' id='word_1_858' title='bbox 3735 5537 3816 5572; x_wconf 74' lang='lat' dir='ltr'><strong>vo-</strong></span> 
     </span>
    </p>
   </div>
   <div class='ocr_carea' id='block_1_117' title="bbox 2247 5599 3812 5673">
    <p class='ocr_par' dir='ltr' id='par_1_117' title="bbox 2247 5599 3812 5673">
     <span class='ocr_line' id='line_1_119' title="bbox 2247 5599 3812 5673; baseline 0.007 -20"><span class='ocrx_word' id='word_1_859' title='bbox 2247 5599 2367 5653; x_wconf 89' lang='lat' dir='ltr'><strong>lunt</strong></span> <span class='ocrx_word' id='word_1_860' title='bbox 2422 5601 2692 5671; x_wconf 80' lang='lat' dir='ltr'><strong>subjicere</strong></span> <span class='ocrx_word' id='word_1_861' title='bbox 2720 5605 3084 5661; x_wconf 82' lang='lat' dir='ltr'><strong>maleficomm</strong></span> <span class='ocrx_word' id='word_1_862' title='bbox 3138 5608 3437 5673; x_wconf 87' lang='lat' dir='ltr'><strong>veneficiis,</strong></span> <span class='ocrx_word' id='word_1_863' title='bbox 3472 5619 3531 5666; x_wconf 90' lang='lat' dir='ltr'><strong>et</strong></span> <span class='ocrx_word' id='word_1_864' title='bbox 3557 5611 3812 5667; x_wconf 78' lang='lat' dir='ltr'><strong>afﬁrmant</strong></span> 
     </span>
    </p>
   </div>
   <div class='ocr_carea' id='block_1_118' title="bbox 2247 5694 3813 5774">
    <p class='ocr_par' dir='ltr' id='par_1_118' title="bbox 2247 5694 3813 5774">
     <span class='ocr_line' id='line_1_120' title="bbox 2247 5694 3813 5774; baseline 0.01 -27"><span class='ocrx_word' id='word_1_865' title='bbox 2247 5707 2369 5748; x_wconf 85' lang='lat' dir='ltr'><strong>eam</strong></span> <span class='ocrx_word' id='word_1_866' title='bbox 2396 5694 2756 5752; x_wconf 86' lang='lat' dir='ltr'><strong>machinatam</strong></span> <span class='ocrx_word' id='word_1_867' title='bbox 2795 5713 2913 5756; x_wconf 88' lang='lat' dir='ltr'><strong>esse</strong></span> <span class='ocrx_word' id='word_1_868' title='bbox 2942 5710 3171 5758; x_wconf 87' lang='lat' dir='ltr'><strong>mortem</strong></span> <span class='ocrx_word' id='word_1_869' title='bbox 3195 5702 3465 5774; x_wconf 89' lang='lat' dir='ltr'><strong>majestati</strong></span> <span class='ocrx_word' id='word_1_870' title='bbox 3491 5713 3600 5761; x_wconf 72' lang='lat' dir='ltr'><strong>tua:</strong></span> <span class='ocrx_word' id='word_1_871' title='bbox 3621 5706 3813 5763; x_wconf 85' lang='lat' dir='ltr'><strong>incom-</strong></span> 
     </span>
    </p>
   </div>
  </div>
