4088 6514
616 367 743 434 iii!

1719 368 1779 425 S.
1819 366 2131 426 TARASII
2163 365 2669 427 ΡΛΤΒΙΑΒΟΗᾹΞ
2704 366 2814 427 CP.

3742 372 3887 435 1412

610 482 892 547 sustinuit,
925 494 981 535 et
1026 484 1078 535 in
1122 482 1266 535 omni
1312 480 1615 535 mulatione
1657 490 1713 535 et
1758 482 1945 536 labore
1978 499 2036 536 se
2070 482 2183 551 (6i)
2214 491 2258 545 Α
2291 483 2438 547 talis,
2478 492 2537 537 ut
2568 484 2801 537 rationis
2833 484 3107 553 particeps
3143 485 3439 557 attingeret
3468 486 3797 542 alimentum
3832 501 3892 542 et

610 576 841 643 probum
878 588 999 627 esse
1043 574 1301 639 ostendit,
1337 572 1689 627 adamantina
1730 573 1853 627 Jobi
1890 572 2188 627 ratiocina-

610 664 759 719 tione
801 674 1060 733 tanquam
1098 665 1264 718 armis
1296 663 1566 728 munitus,
1593 673 1649 717 et
1681 664 1826 718 illius
1857 654 2192 733 inexpugna-

610 742 778 811 bilem
824 756 1071 810 imitatus
1110 756 1452 825 patientiam,
1487 755 1628 810 adeo
1656 764 1717 808 ut
1744 756 1936 825 ignave
1968 756 2191 809 verbum

610 847 943 917 insipientia:
971 864 1003 901 e
1031 847 1201 901 labris
1225 848 1341 901 suis
1364 862 1645 916 nunquam
1669 848 1968 902 emitteret.
2006 846 2196 916 Neque

608 941 754 993 enim
794 940 1031 993 habebat
1082 939 1345 993 humilem
1399 949 1454 993 et
1502 940 1775 1009 abjectum
1826 938 2069 992 animum
2112 937 2196 993 vir

611 1031 703 1085 ille
748 1033 931 1100 justus
976 1032 1029 1085 in
1078 1032 1165 1095 iis,
1199 1046 1320 1101 quae
1363 1031 1722 1097 accidebant,
1760 1033 1856 1087 sed
1896 1031 2196 1086 virtutibus

611 1123 902 1177 sublimem
928 1131 984 1175 et
1011 1122 1312 1186 excelsum,
1348 1132 1404 1177 et
1440 1123 1849 1192 pontificalibus
1892 1124 2197 1178 cauonibus

611 1224 668 1268 et
725 1214 937 1284 legibus
980 1213 1210 1282 pulchre
1263 1222 1532 1279 erectum,
1590 1222 1646 1269 et
1702 1215 1861 1284 plane
1914 1226 2196 1285 expertem

611 1305 795 1358 omnis
839 1306 1045 1357 limosa:
1089 1304 1371 1373 nequitiae.

683 1397 773 1449 37.
829 1395 1023 1448 Divino
1064 1395 1227 1447 etiam
1276 1410 1530 1449 sermone
1568 1394 1842 1458 nutritus,
1883 1404 1939 1449 et
1981 1410 2197 1449 omnem

612 1500 836 1540 sensum
870 1484 1106 1553 irrigans
1154 1484 1343 1537 nitidis
1392 1492 1447 1537 et
1478 1490 1830 1538 sacrosancte
1861 1484 2199 1538 scatentibns

615 1576 874 1640 ﬂuentis,
940 1574 1173 1629 docebat
1227 1574 1429 1628 habere
1485 1576 1704 1628 oculum
1758 1574 2033 1628 videntem
2080 1588 2200 1627 om-

617 1684 744 1722 nem
780 1667 1192 1731 rectitudinem,
1228 1675 1285 1719 et
1314 1666 1592 1720 declinare
1624 1666 1947 1720 theatralem
1981 1680 2200 1719 omnem

615 1758 1060 1823 ostentationem,
1100 1772 1225 1811 eum
1277 1758 1607 1823 coercendo,
1666 1773 1736 1812 ne
1783 1759 1929 1811 circa
1983 1773 2073 1811 res
2105 1773 2201 1812 ex-

617 1859 798 1904 ternas
836 1856 1147 1916 vagaretur.
1194 1846 1391 1901 Multos
1445 1848 1629 1917 itaque
1668 1863 1732 1901 ex
1764 1847 1869 1909 iis,
1902 1848 1995 1916 qui
2044 1856 2201 1900 erant

619 1939 673 1992 in
702 1938 892 2003 sacris,
923 1937 1014 2005 qui
1050 1952 1317 2006 equorum
1350 1936 1748 1992 certaminibus
1791 1935 2099 1989 mirandum
2142 1935 2196 1989 in

617 2030 838 2084 modum
890 2028 1334 2095 delectabantur,
1380 2028 1679 2097 repressit,
1738 2035 1794 2081 et
1833 2035 1892 2080 ut
1939 2041 1999 2081 se
2054 2025 2200 2079 domi

618 2122 987 2181 continerent.
1040 2134 1165 2174 eum
1214 2120 1332 2174 haec
1375 2119 1593 2183 fierent,
1643 2119 1859 2188 sibique
1901 2128 1956 2173 et
2001 2117 2201 2172 divinis

620 2212 915 2282 Scripturis
936 2211 1297 2274 attenderem,
1321 2211 1605 2265 admonuit
1635 2227 1651 2265 :
1676 2222 1731 2264 et
1760 2220 1821 2264 ut
1848 2210 2051 2264 nullam
2080 2218 2199 2264 tur-

620 2319 746 2372 pem
781 2310 836 2356 et
871 2302 938 2355 ab
970 2302 1261 2356 honestate
1306 2300 1539 2355 alienam
1587 2301 1928 2355 auditionem
1972 2300 2198 2355 omnino

620 2394 1009 2459 admitterent;
1044 2393 1315 2448 Davidicis
1362 2409 1493 2448 vero
1541 2392 1741 2448 fidibus
1780 2403 1987 2462 portam
2019 2392 2198 2462 aperi-

622 2495 766 2549 rent,
825 2496 880 2540 et
929 2486 995 2539 iis
1036 2485 1207 2555 magis
1247 2484 1688 2548 delectarentur,
1746 2494 1806 2538 ut
1846 2500 1966 2553 qua:
2005 2500 2200 2555 graves

621 2590 910 2629 sermones
940 2584 995 2629 et
1028 2575 1224 2629 animae
1257 2574 1418 2627 utiles
1442 2574 1816 2636 continerent,
1850 2589 2012 2643 quam
2044 2574 2199 2645 inde-

620 2670 766 2725 coris
805 2678 862 2723 et
902 2668 1211 2723 inhonestis
1260 2668 1528 2732 canticis,
1584 2684 1705 2737 quae
1756 2676 2029 2721 canuntur
2072 2682 2197 2721 cum

624 2763 893 2832 tympanis
923 2771 977 2816 et
1009 2761 1175 2826 tibiis,
1212 2763 1507 2831 persuasit.
1546 2760 1775 2815 Omnem
1801 2770 1981 2815 autem
2011 2775 2195 2814 rerum

622 2854 871 2908 suavium
905 2854 1217 2916 odoratum,
1239 2852 1332 2923 qui
1368 2861 1602 2907 mortem
1632 2852 1879 2917 attrahit,
1908 2851 2199 2905 admittere

622 2943 1018 2997 dehortabatur
1055 2960 1068 2996 :
1105 2958 1231 2996 eum
1260 2958 1410 3005 vero,
1445 2941 1539 3012 qni
1574 2942 1938 2996 conservabat
1965 2956 2199 2997 suaveo-

624 3034 848 3090 lentiam
886 3032 1265 3101 apostolicam,
1312 3030 1664 3085 festinantem
1711 3031 1779 3085 ad
1825 3032 2046 3086 odorem
2095 3047 2199 3085 un-

625 3134 955 3195 guentorum
989 3122 1227 3186 Christi,
1282 3121 1517 3175 maxime
1558 3121 1834 3175 attrahere
1870 3121 2200 3176 adhortaba-

629 3224 737 3277 tur,
772 3223 828 3269 et
856 3211 1146 3268 vociferari
1184 3212 1317 3267 illud
1369 3227 1608 3282 sponsa),
1662 3212 1809 3281 quod
1862 3212 1917 3266 in
1972 3210 2202 3266 Cantieo

625 3305 966 3359 canticorum
989 3303 1056 3357 ad
1074 3316 1337 3372 sponsum
1355 3300 1613 3371 praeclare
1633 3301 1848 3354 canitur
1878 3317 1929 3353 ε(
1951 3298 2201 3353 Sauciata

625 3396 894 3452 charitate
925 3410 1047 3465 ego,
1097 3404 1153 3448 et
1187 3408 1404 3449 curram
1444 3393 1512 3447 ad
1544 3393 1769 3447 odorem
1793 3401 2201 3461 unguentorum

628 3499 843 3543 tuorum
887 3486 1069 3555 (Cant.
1102 3502 1140 3549 ι,
1178 3484 1267 3553 5).
1298 3503 1317 3536 ›
1359 3484 1731 3537 Aversabatur
1756 3492 1935 3537 autem
1959 3492 2203 3536 mortuas

623 3592 680 3634 et
710 3577 1067 3633 maleolentes
1106 3592 1215 3629 non
1265 3590 1412 3630 sanae
1444 3576 1708 3630 doctrinas
1759 3575 2106 3638 abortiones,
2141 3582 2199 3627 ut

621 3685 746 3738 qua:
773 3676 962 3721 essent
994 3681 1174 3720 causa:
1214 3665 1339 3720 tetri
1372 3666 1558 3721 odoris
1587 3666 1743 3721 mala:
1773 3666 2068 3734 opinionis,
2098 3665 2201 3719 hoc

623 3761 770 3815 enim
797 3767 920 3813 ante
947 3759 1050 3813 alia
1079 3759 1261 3813 omnia
1284 3758 1657 3829 praecipiebat.
1677 3758 1951 3813 declinare
1976 3772 2201 3826 asperas

622 3855 741 3907 vias
775 3854 1044 3906 haeresum
1076 3868 1088 3903 :
1118 3850 1281 3905 simul
1321 3866 1452 3905 vero
1492 3849 1620 3904 ferri
1643 3850 1781 3905 citra
1804 3864 2046 3904 errorem
2074 3865 2197 3903 cum

620 3944 755 4000 sulci
799 3944 1004 3997 axibus
1042 3942 1447 4008 ecclesiasticis,
1481 3950 1846 4013 congruenter
1876 3942 2077 3996 divina:
2100 3941 2198 3996 ad-

620 4034 909 4090 monitioni
941 4034 1237 4104 proverbii.
1281 4034 1509 4089 Tactum
1539 4040 1744 4097 autem,
1775 4031 1866 4101 qui
1897 4042 1984 4086 est
2006 4046 2199 4087 neces-

620 4130 765 4185 sario
801 4126 1054 4183 minister
1081 4134 1293 4198 gustus,
1329 4125 1623 4181 cohibebat
1650 4124 1823 4179 frenis
1855 4123 1992 4195 legis
2033 4123 2198 4193 spiri-

622 4277 740 4317 rum
787 4270 1067 4317 consortes
1116 4267 1267 4325 sunt,
1302 4258 1587 4315 convictus
1635 4273 1826 4314 eorum
1881 4255 2195 4326 participes,

621 4342 955 4387 secretorum
1010 4330 1250 4394 conscii;
1301 4330 1563 4383 individui
1616 4330 1668 4383 in
1726 4330 1891 4383 rebus
1936 4329 2196 4381 omnibus

622 4403 779 4466 socii,
817 4403 1115 4456 directores
1166 4408 1222 4452 et
1267 4402 1583 4463 consiliarii,
1632 4399 1820 4452 κελλία
1853 4398 2018 4451 etiam
2061 4410 2194 4450 con-

620 4473 796 4525 clavia
832 4472 1211 4540 episcoporum
1246 4471 1592 4531 dicebautur,
1618 4470 1740 4540 imo
1797 4480 1849 4522 et
1898 4470 2197 4540 imperato-

620 4557 766 4595 rum.
795 4536 1035 4609 Ita'apud
1071 4540 1360 4603 Codiuum,
1384 4556 1507 4608 cap.
1538 4540 1571 4595 5
1606 4539 1679 4592 De
1713 4540 1895 4608 ofﬁciis
1928 4536 2193 4609 Constan:

625 4605 1014 4679 tiuopolilariis,
1057 4626 1207 4680 num.
1245 4611 1335 4674 50,
1387 4605 1499 4680 Πρὸ
1554 4610 1647 4662 τοῦ
1688 4605 1780 4661 «by
1828 4607 2063 4680 βασιλέα*
2100 4605 2196 4657 τοῦ

622 4677 831 4733 κελλίου
860 4680 1025 4732 αὑτοῦ
1059 4679 1315 4750 ἐξελθεῖν,
1346 4681 1375 4730 ὁ
1395 4677 1920 4750 Ιῐροτοδεστιαρίτης
1943 4677 2198 4747 εὑρίσκε-

620 4768 711 4803 ται
755 4754 812 4803 ὲν
855 4750 933 4818 τῷ
978 4749 1283 4819 τρικᾉινίῳ.
1324 4751 1644 4819 Priusquam
1675 4751 1964 4817 imperator
1996 4763 2061 4799 ea:
2099 4762 2198 4798 suo

622 4822 856 4875 conclavi
883 4828 1058 4883 exeat,
1101 4818 1561 4873 Protorestiarites
1588 4820 1643 4872 in
1671 4821 1899 4873 triclinio
1937 4826 2197 4869 versatur.

624 4890 777 4960 Saepe
812 4890 1032 4961 syncelli
1064 4890 1247 4961 plures
1267 4900 1423 4961 erant
1453 4907 1466 4943 :
1498 4890 1643 4959 quod
1672 4890 1836 4944 etiam
1869 4903 2067 4961 nomen
2096 4900 2197 4939 au-

620 4957 983 5030 cupabantur,
1034 4957 1138 5013 etsi
1189 4960 1243 5013 iu
1298 4957 1638 5014 Patriarchio
1692 4976 1801 5013 non
1869 4957 2196 5030 habitarent,

623 5026 784 5085 modo
841 5033 1270 5099 patriaachatum
1324 5040 1658 5098 expeterent,
1713 5037 1807 5083 aut
1863 5027 2047 5081 sedem
2099 5026 2200 5099 ali:

621 5118 786 5187 quam
822 5095 1295 5187 iiietropolitauam
1315 5118 1346 5187 ἐ.
1368 5095 1439 5153 ita
1452 5099 1749 5187 rliquianns
1777 5102 2029 5187 Arg'vrus‘
2052 5095 2196 5187 apud

620 5170 932 5225 (iedrenum
988 5178 1099 5223 tres
1145 5170 1417 5239 syncellos
1449 5170 1576 5224 fecit
1609 5172 1986 5238 metropolitas
2016 5180 2029 5239 ς
2070 5182 2193 5239 cum

621 5242 817 5310 quibus
862 5242 931 5295 de
961 5236 1242 5308 superiore
1274 5240 1396 5295 loco
1446 5242 1765 5310 occupando
1792 5236 2201 5294 contendebant

623 5310 871 5380 syneelli.
913 5310 988 5364 De
1012 5311 1092 5381 eis
1119 5310 1272 5378 plura
1297 5311 1399 5380 legi
1444 5319 1673 5381 possunt
1708 5310 2198 5381 apudAGretserum

622 5377 676 5435 et
703 5380 935 5436 Goarem
968 5380 1020 5433 in
1050 5377 1533 5435 Notationib'us'ad
1563 5390 1724 5449 caput
1746 5377 1821 5434 ‘20
1847 5377 2063 5433 Codini.

693 5452 807 5536 μεθ)
833 5450 1060 5531 hlichael
1090 5449 1498 5536 initia-sancti
1530 5445 1787 5536 Theodori
1819 5445 2195 5536 Stad‘itrelait:

625 5538 644 5570 ι
678 5520 964 5574 Taras-ium
998 5536 1106 5573 non
1152 5520 1411 5574 habuisse
1446 5530 1559 5574 tum
1608 5521 1908 5575 ulciscendi
1945 5526 2199 5572 auctores

624 5590 961 5653 facultatem,
1012 5593 1274 5658 temporis
1302 5590 1521 5659 injuria,
1555 5606 1676 5660 qua:
1707 5592 1866 5645 vellet
1897 5604 2058 5657 agere
2089 5603 2197 5660 non

623 5662 972 5730 permittente
998 5678 1011 5713 :
1045 5657 1155 5714 imo
1177 5657 1434 5716 debuisse
1459 5663 1525 5716 de
1548 5657 1766 5718 summo
1793 5662 1916 5730 jure
1947 5657 2199 5730 nonnihil

622 5729 935 5795 remittere,
969 5731 1532 5796 vesanoimperatorc
1563 5729 1803 5786 minante
1832 5750 1889 5785 se
1924 5729 2196 5797 majorum

622 5802 875 5869 exemplo
925 5815 1205 5854 sacrarum
1263 5802 1562 5871 imaginum
1620 5804 1828 5856 hostem
1902 5800 2051 5861 fore,
2092 5798 2196 5850 nisi

626 5872 773 5941 quod
820 5871 1004 5941 animo
1052 5881 1419 5941 conceperat,
1485 5886 1743 5941 peragere
1794 5872 2066 5941 sineretur
2098 5878 2198 5941 :‘et

628 5939 817 5993 laudat
839 5956 859 5991 ι
884 5938 1100 6009 sapiens
1118 5939 1429 6005 consilium,
1448 5938 1501 5994 et
1530 5938 1638 5995 alta
1658 5950 1854 6003 mente,
1874 5940 2049 6006 qualis
2074 5938 2193 6005 ejus

2293 577 2445 631 cibos
2508 576 2795 641 salutares,
2858 586 2913 631 et
2974 587 3299 646 perpetuum
3356 579 3552 633 anima:
3609 580 3888 648 prmberet

2293 667 2513 737 epulum
2552 683 2654 722 :es
2686 684 2795 737 quo
2824 669 3035 723 accedit
3063 685 3410 739 coneoqueus
3441 672 3759 726 distributio
3786 690 3889 725 eo-

2296 774 2458 825 rum,
2517 774 2638 827 quaa
2691 761 2839 814 intro
2893 769 3259 831 aggregantur
3297 762 3730 817 imniaterialiter
3770 782 3787 817 :
3832 775 3891 817 et

2295 850 2607 904 excernitur
2658 850 2841 905 omnis
2894 852 3246 921 superfluitas
3296 855 3454 908 mala:
3508 854 3885 913 babitudinis.

2296 957 2417 1011 quae
2446 942 2700 997 dissolvit
2730 943 2913 998 locum
2947 944 3167 999 animae.

2368 1031 2457 1087 58.
2494 1033 2599 1086 Sed
2630 1033 2755 1102 quis
2787 1033 2843 1087 in
2874 1034 2960 1089 his
2999 1044 3106 1089 tam
3145 1050 3205 1090 se
3231 1046 3378 1091 recte
3409 1036 3599 1108 gessit,
3633 1046 3729 1092 aut
3760 1054 3888 1093 me-

2298 1120 2403 1175 lius
2440 1122 2725 1193 castigavit
2768 1138 2959 1178 eorum
2999 1126 3410 1195 repugnantias,
3448 1143 3610 1197 quam
3643 1143 3782 1198 pura
3831 1139 3892 1182 et

2299 1216 2600 1269 reverenda
2641 1215 2850 1271 Tarasii
2883 1218 3252 1272 conscientia?
3288 1219 3420 1284 Quis
3459 1235 3525 1274 eo
3575 1221 3630 1273 in
3677 1221 3889 1274 divinis

2300 1304 2407 1359 fuit
2442 1305 2788 1375 frequentius
2836 1310 3172 1377 occupatus?
3212 1308 3496 1379 Nunquam
3526 1310 3678 1364 enim
3731 1310 3891 1365 dedit

2300 1395 2471 1449 otium
2504 1397 2751 1461 auribus,
2783 1399 3001 1467 quando
3022 1400 3251 1454 vacabat
3276 1410 3491 1471 tempus
3510 1402 3848 1470 precationis
3872 1418 3887 1454 :

2301 1487 2396 1539 sed
2453 1487 2569 1556 ipse
2609 1503 2830 1558 semper
2881 1504 2979 1543 sua
3039 1500 3234 1560 sponte
3288 1500 3539 1561 prompte
3590 1493 3887 1555 accedens.

2302 1578 2415 1633 Deo
2450 1580 2671 1634 abunde
2710 1581 2975 1637 oﬂ'erebat
3005 1584 3277 1652 primitias
3305 1585 3615 1639 divinorum
3654 1587 3890 1655 hymno-

2303 1686 2448 1735 rum,
2481 1680 2741 1741 tanquam
2785 1672 3062 1728 fructuum
3089 1676 3394 1731 oblationes
3423 1694 3437 1729 :
3470 1685 3527 1730 et
3546 1692 3728 1746 neque
3757 1692 3888 1730 cum

2307 1764 2616 1819 retardabat
2648 1774 2741 1819 aut
2769 1766 3081 1821 emolliebat
3104 1769 3376 1833 socordia,
3414 1784 3520 1823 nec
3542 1784 3891 1838 quaecunque

2304 1854 2628 1909 accessisset
2657 1856 2954 1911 multitudo
2992 1873 3248 1912 curarum
3274 1860 3640 1929 publicarum,
3674 1860 3889 1913 abstra-

2304 1942 2536 1998 hebatur
2576 1961 2606 1999 a
2651 1947 2905 2015 precibus
2939 1965 2952 2001 :
2985 1948 3080 2004 sed
3121 1964 3245 2004 cum
3300 1966 3402 2004 suo
3442 1960 3692 2021 tempore
3740 1967 3888 2003 nun-

2301 2052 2463 2107 quam
2495 2038 2711 2094 deesset
2734 2041 3010 2110 precibus,
3046 2057 3230 2095 rerum
3273 2053 3623 2096 externarum
3669 2044 3885 2096 turbam

2301 2130 2654 2200 suscipiebat.
2697 2132 2789 2187 Sic
2835 2133 2891 2188 in
2940 2134 3142 2189 divinis
3192 2136 3467 2206 mysteriis
3516 2136 3793 2199 initiatus,
3831 2146 3884 2187 et

2300 2220 2379 2275 sic
2430 2221 2657 2289 pulchre
2707 2238 2862 2278 sacra
2926 2239 3194 2295 peragens
3250 2225 3539 2296 mysteria,
3597 2227 3682 2278 vir
3743 2240 3883 2278 uniis

2300 2312 2654 2381 cognoscitur
2686 2328 2750 2367 ex
2784 2314 2871 2380 iis,
2912 2315 3005 2383 qui
3036 2325 3163 2385 post
3197 2316 3448 2385 gratiam,
3492 2327 3549 2371 et
3573 2332 3638 2370 ex
3668 2317 3755 2378 iis,
3790 2318 3880 2385 qui

2300 2402 2355 2455 in
2390 2404 2557 2473 gratia
2590 2414 2646 2461 et
2672 2414 2799 2461 ante
2830 2406 3054 2476 gratiam
3092 2406 3425 2463 refulserunt
3454 2408 3509 2462 in
3542 2407 3811 2463 Ecclesia.

2899 2540 3125 2595 CAPUT
3184 2540 3275 2596 1X.

2301 2674 2646 2747 Comparatio
2702 2676 2874 2728 sancti
2934 2675 3143 2729 Tarasii
3218 2694 3334 2730 cum
3394 2679 3776 2747 corqessoribns
3834 2691 3881 2733 ct

2371 2746 2716 2867 rlnartyrlibus.
2763 2747 2973 2800 Utilitas
3018 2764 3297 2801 sacrarum
3340 2750 3653 2819 imaginum,
3702 2763 3879 2803 contra

2406 2832 2559 2867 conoc
2585 2826 2750 2867 astas.

2406 2826 2750 2870 conoclastas.

2372 2928 2461 2983 39.
2485 2929 2553 2982 Et
2570 2938 2629 2982 ut
2654 2928 2815 2982 nobis
2832 2940 2980 2983 certa
3003 2929 3089 2983 via
3107 2941 3162 2984 et
3182 2930 3389 2985 ratione
3406 2934 3667 3001 procedat
3688 2938 3883 2995 oratio,

2300 3031 2357 3075 et
2379 3021 2565 3091 regula
2592 3021 2898 3076 collationis
2922 3025 3184 3092 procedat
3213 3024 3588 3089 immobiliter,
3607 3044 3638 3081 e
3657 3031 3885 3097 vestigio

2303 3114 2554 3168 ordinem
2597 3115 2830 3184 accipiat
2873 3117 3231 3185 comparatio.
3287 3116 3500 3172 Etenim
3539 3135 3656 3183 eos,
3706 3123 3883 3190 quiin

2305 3206 2593 3260 sanctitate
2621 3216 2677 3261 et
2704 3208 2918 3262 actione
2938 3216 2993 3261 et
3012 3208 3477 3278 contemplatione
3502 3211 3737 3280 pulchre
3761 3224 3885 3266 sunt

2304 3297 2545 3361 educati,
2580 3307 2632 3353 et
2676 3299 2769 3369 qui
2816 3309 2972 3354 erant
3006 3302 3394 3370 propemodum
3425 3303 3608 3357 carnis
3635 3316 3886 3372 expertes

2304 3400 2361 3443 et
2386 3390 2668 3461 sanguinis
2694 3390 2833 3445 nihil
2861 3392 3095 3461 amplius
3126 3408 3287 3461 quam
3320 3408 3379 3447 se
3412 3394 3615 3448 habere
3650 3396 3883 3455 sinebat.

2303 3482 2407 3535 nisi
2435 3483 2577 3551 quod
2612 3497 2856 3537 seorsum
2897 3484 2950 3537 in
2990 3498 3086 3553 spe
3128 3484 3468 3553 habitarunt,
3519 3487 3657 3540 etin
3688 3490 3880 3541 solitu-

2302 3572 2429 3625 dine
2458 3579 2514 3624 et
2544 3572 2690 3626 solos
2730 3572 2939 3641 seipsos
2992 3587 3327 3627 exercuere:
3372 3585 3467 3629 aut
3504 3577 3650 3644 quod
3679 3594 3880 3647 cogno-

2302 3670 2525 3716 scantur
2580 3662 2743 3717 etiam
2788 3677 3039 3717 servasse
3096 3666 3420 3734 pauciores:
3453 3667 3663 3736 reliqua
3697 3679 3877 3722 autem

2302 3753 2520 3807 virtutis
2557 3753 2855 3824 privilegia,
2895 3755 3091 3823 partim
3135 3756 3354 3824 quidem
3395 3758 3464 3811 ab
3506 3759 3587 3811 eis
3629 3771 3764 3814 sunt
3790 3776 3879 3813 ne~

2299 3850 2495 3919 glccta,
2534 3850 2729 3918 partim
2754 3864 2883 3904 vero
2916 3850 3075 3921 longe
3103 3851 3171 3904 ab
3206 3852 3288 3905 eis
3323 3850 3645 3906 abl'uerunt.
3688 3854 3879 3923 Marty-

2302 3958 2419 3995 rum
2456 3948 2636 3995 autem
2671 3941 2925 3995 eximiam
2953 3951 3011 3996 et
3051 3941 3536 4011 incomparabilem
3602 3942 3878 3997 fortitudi-

2300 4048 2447 4097 nem,
2513 4041 2566 4087 et
2594 4033 3063 4103 generosissimam
3101 4033 3448 4105 phalangem,
3490 4050 3615 4105 qua:
3657 4036 3728 4089 ad
3753 4052 3877 4090 san-

2300 4125 2523 4196 guinem
2560 4140 2731 4195 usque
2773 4126 2975 4181 restitit
3019 4134 3261 4197 peccato,
3311 4142 3652 4197 corporaque
3680 4138 3739 4182 et
3764 4129 3876 4182 ani-

2301 4261 2421 4326 fuit,
2440 4260 2687 4327 dignum.
2717 4282 2734 4314 ι
2757 4260 2959 4316 Verum
2995 4272 3217 4318 sanctus
3246 4262 3403 4316 Plato
3423 4262 3755 4317 Sacudionis
3785 4263 3877 4317 ab-

2300 4333 2399 4406 bas
2428 4333 2572 4406 apud
2604 4331 3015 4406 Theophanem,
3049 4334 3282 4406 abscidit
3323 4349 3382 4387 se
3418 4348 3447 4386 a
3480 4335 3877 4406 currimunione

2300 4403 2511 4455 Tarasii
2544 4402 2868 4471 patriarchae
2890 4445 2906 4463 .
2940 4405 3083 4471 quod
3120 4402 3501 4471 imperatorem
3533 4404 3588 4455 in
3630 4419 3876 4457 commu-

2301 4472 2875 4541 nionemrecepisset.
2921 4493 2939 4524 ι
2990 4472 3165 4535 Tunc,
3220 4483 3278 4526 ut
3323 4473 3516 4527 scribit
3570 4472 3871 4533 Baronius.

2302 4558 2454 4594 num.
2481 4540 2570 4607 46,
2612 4561 2630 4593 ι
2668 4540 2850 4611 gravis
2881 4545 3131 4612 angustia
3178 4544 3458 4610 premebat
3490 4542 3739 4595 animum
3784 4558 3873 4609 pa-

2306 4612 2576 4672 triarchae,
2633 4628 2758 4667 cum
2800 4623 3083 4667 vereretur
3129 4612 3294 4665 nimis
3341 4614 3726 4681 exasperanda
3764 4614 3874 4662 aui-

2302 4698 2452 4735 mum
2486 4682 2857 4751 imperatoris,
2900 4692 2955 4737 et
2984 4683 3053 4736 ab
3088 4681 3332 4737 Ecclesia
3365 4682 3726 4742 removendo,
3754 4697 3873 4734 eum

2304 4751 2506 4807 faceret
2536 4753 2659 4807 fidei
2704 4753 2986 4807 catholicae
3008 4752 3341 4806 desertorem
3377 4768 3392 4803 :
3426 4751 3610 4804 adhuc
3642 4752 3875 4805 recentia

2302 4823 2561 4877 Ecclesiae
2594 4822 2838 4889 vulnera,
2869 4831 2921 4877 et
2962 4823 3050 4875 vix
3083 4822 3317 4876 obducta
3348 4828 3507 4875 erant
3550 4836 3651 4889 per
3700 4824 3877 4874 conci-

2302 4893 2434 4946 lium
2467 4893 2585 4962 ejus
2616 4909 2779 4963 opera
2809 4894 3142 4947 celebratum
3175 4892 3365 4963 Nicaeae
3389 4892 3657 4963 adversus
3692 4890 3880 4963 [cono-

2302 4964 2502 5017 clastas
2532 4980 2544 5014 :
2589 4964 2769 5018 adhuc
2793 4963 3045 5033 vigebant
3078 4963 3261 5033 hostes
3291 4962 3585 5033 Ecclesia:
3614 4970 3737 5033 erat
3771 4962 3876 5033 ipse

2302 5034 2621 5088 adolescens
2665 5031 2872 5088 animo'
2904 5033 3122 5087 mobilis
3167 5041 3219 5085 et
3252 5031 3542 5093 instabilis,
3579 5038 3637 5083 et
3664 5031 3876 5083 hereti-

2301 5119 2490 5158 corum
2548 5116 2831 5172 parenlum
2871 5105 3010 5157 mala
3061 5117 3323 5172 propago,
3380 5098 3781 5172 per-facilisque
3823 5107 3874 5151 ut

2304 5174 2408 5227 levi
2447 5169 2578 5227 flatu
2619 5174 2671 5227 in
2725 5174 2971 5227 haeresim
3009 5169 3248 5241 praeceps
3294 5171 3713 5241 impelleretur:
3747 5169 3873 5227 haec,

2303 5244 2548 5313 inquam,
2578 5251 2633 5297 et
2661 5244 2769 5299 alia
2803 5239 3117 5311 huiusmodi
3160 5243 3357 5294 mentis
3381 5239 3621 5313 Consilio
3650 5252 3873 5292 versans

2306 5310 2589 5373 Tarasius.
2627 5314 2711 5368 sic
2748 5328 2935 5368 errore
2980 5312 3308 5383 redarguere
3357 5313 3537 5383 voluit
3579 5310 3873 5377 imperato-

2302 5400 2441 5445 rem,
2478 5394 2537 5437 ut
2573 5392 2754 5454 tamen
2788 5399 2951 5448 eum,
3006 5380 3243 5435 licet'ea
3286 5380 3741 5454 _ptena_dignnm,
3785 5393 3879 5454 not-

2303 5454 2465 5508 luerit
2499 5454 2568 5506 ab
2598 5453 2836 5507 Ecclesia
2888 5468 3163 5522 separare.
3205 5471 3222 5501 ι
3285 5448 3408 5504 Πειξο
3453 5448 3874 5522 Baronius,_qui

2304 5539 2401 5592 per
2433 5525 2717 5577 haereticos
2746 5516 2998 5593 parentes
3046 5536 3152 5575 neu
3204 5522 3716 5593 intelligitmatrem
3766 5516 3870 5593 |_r_e-

2304 5584 2450 5667 nem,
2486 5597 2579 5649 sed
2614 5584 2845 5662 patrem,
2876 5608 3060 5667 av_u_m,
3103 5584 3407 5667 proavum;
3455 5590 3635 5657 Atque
3666 5589 3762 5667 ita.
3784 5584 3876 5638 Ta-

2302 5658 2504 5727 rasius,
2544 5658 2681 5720 teste
2710 5658 2903 5718 sancto.
2932 5658 3216 5715 Theodoro
3249 5660 3481 5721 Studita,
3517 5667 3640 5726 post
3669 5658 3873 5709 obitum

2304 5734 2656 5801 imperatoris
2688 5751 2745 5787 se
2777 5731 3217 5802 apudPlatonem
3249 5747 3510 5800 purgans,
3539 5743 3664 5781 cum
3708 5734 3874 5802 e_o_est

2304 5796 2691 5858 communione
2725 5796 3073 5871 conjunctus.
3130 5796 3396 5871 Coluntu'r
3447 5807 3674 5871 sanctus
3727 5796 3873 5849 Plato

2305 5876 2336 5928 6
2368 5877 2589 5945 Aprilis,
2630 5866 2853 5930 sanctus
2885 5871 3207 5928 TheodorUs
3237 5870 3448 5924 Studita
3486 5870 3547 5921 l2
3579 5866 3865 5921 Novembr.
