3994 6538
138 392 290 455 1413

1703 377 1904 437 νιΤΑ.

3275 382 3413 445 1414

122 524 261 561 Illas
300 512 523 574 propter
583 499 754 553 Deum
792 495 1068 567 prodegit,
1103 509 1213 548 non
1265 493 1333 547 ad
1377 489 1613 546 tribunal
1665 503 1723 541 se
1759 496 1801 547 Α
1832 488 1956 542 tur?
1988 488 2121 555 Quis
2154 504 2280 543 enm
2305 488 2517 554 videns,
2549 488 2638 543 cui
2686 499 2848 559 caput
2885 489 3161 561 tyrannica
3176 506 3413 561 propter

120 599 346 653 sistens
372 592 728 665 tyrannieum,
761 589 815 642 in
842 588 1188 655 stadiumqne
1215 595 1269 639 et
1291 598 1515 638 arenam
1539 582 1727 635 decer-

122 698 364 742 taturns
407 685 665 756 prodiens
702 688 786 735 est
828 679 1089 741 imitatus,
1127 686 1183 730 et
1224 674 1399 729 erexit
1424 672 1725 741 trophazum

124 775 423 830 veritatis:
454 772 549 827 sed
579 785 694 834 eos,
728 768 820 837 qui
853 766 970 820 hsce
1000 772 1053 819 et
1088 764 1174 818 his
1218 763 1423 831 majora
1452 759 1730 813 sustinueo

128 876 297 930 runt,
346 863 688 926 desiderans,
721 869 776 913 et
823 858 976 911 miris
1031 853 1299 910 extollens
1342 850 1619 915 laudibus,
1673 856 1729 901 et

125 973 421 1013 coronans
440 956 603 1009 veluti
632 953 959 1024 quibusdam
987 948 1269 1004 victoriam
1294 941 1728 1015 significantibus

126 1051 442 1105 verborum
489 1045 928 1109 diadematibus,
992 1050 1046 1095 et
1092 1053 1284 1093 eorum
1338 1036 1605 1090 salutares
1660 1032 1729 1086 ad

130 1142 323 1195 Deum
369 1153 630 1193 reverens
662 1133 1122 1196 intercessiones,
1156 1137 1212 1184 et
1250 1142 1451 1183 vocans
1479 1126 1547 1180 ad
1577 1124 1732 1178 auxi-

128 1234 278 1288 lium
313 1243 552 1303 paratam
586 1229 917 1299 scripturam
948 1236 1004 1282 et
1051 1226 1273 1303 librum,
1316 1238 1375 1278 se
1404 1236 1501 1276 sua
1535 1225 1730 1288 sponte

128 1300 477 1380 offerentem
510 1322 564 1376 in
598 1320 770 1375 sacris
805 1317 1045 1387 templis,
1077 1300 1381 1369 honorifice
1412 1311 1479 1365 de
1507 1306 1729 1377 scriptis

132 1429 342 1469 eorum
391 1410 804 1472 certaminibus,
848 1406 1069 1476 posuit:
1108 1413 1167 1458 ut
1203 1403 1290 1468 iis,
1338 1400 1429 1471 qui
1460 1398 1728 1463 viderent,

130 1507 391 1578 aperiret
418 1503 681 1560 vestibula
722 1499 1182 1570 compunctionis,
1226 1504 1280 1551 et
1309 1494 1543 1549 athletas
1572 1491 1731 1545 indu-

132 1608 320 1661 ceret,
351 1611 543 1651 eorum
574 1595 693 1649 zelo
727 1606 1007 1657 accensos,
1040 1600 1101 1644 ut
1139 1588 1393 1649 similem,
1427 1584 1471 1639 si
1516 1592 1730 1651 tempus

133 1698 402 1751 vocaret,
449 1687 663 1741 beatam
730 1684 1038 1753 arriperent
1101 1678 1552 1735 decertationem.
1620 1672 1731 1726 Res

134 1777 297 1831 enim
334 1776 603 1846 ejusmodi
650 1774 751 1829 scit
793 1772 1085 1829 conciliare
1126 1769 1339 1831 oculus,
1388 1766 1481 1836 qui
1518 1773 1603 1819 est
1628 1763 1730 1818 bo-

1829 580 2107 635 Cltristum
2161 582 2264 636 fuit
2301 591 2643 651 amputatum
2675 584 2965 648 sententia,
3003 592 3058 638 et
3097 585 3191 653 qui
3248 600 3413 639 omne

1828 688 2002 743 genus
2060 673 2313 729 ﬂuctibus
2362 688 2608 727 seorsum
2669 673 2842 727 fertur
2888 690 2917 728 a
2952 674 3157 743 reliqua
3223 679 3412 742 cymba

1830 764 2095 833 corporis,
2123 774 2177 820 et
2200 775 2336 819 nutu
2368 765 2538 819 divini
2570 766 2756 819 auxilii
2785 781 2849 820 ea
2883 766 3034 819 unita
3054 776 3109 820 et
3132 782 3229 835 per
3261 782 3411 819 mare

1830 862 2088 922 tauquam
2149 871 2241 923 per
2297 855 2506 908 aridam
2567 863 2719 910 recto
2772 855 2969 909 itinere
3023 856 3411 926 ingredientia,

1830 944 2041 999 etiamsi
2094 946 2294 1001 duritie
2348 961 2441 1000 cor
2496 947 2694 1001 habeat
2747 946 3042 1010 ﬂuctuans,
3091 962 3199 1000 non
3227 949 3412 1001 statim

1831 1035 1980 1089 venit
2008 1035 2075 1088 ad
2107 1043 2318 1104 portum
2350 1036 2754 1106 tranquillitatis
2784 1036 3044 1106 spiritalis
3064 1037 3087 1089 ?
3106 1035 3240 1102 Quis
3262 1051 3412 1097 eum,

1830 1125 1990 1194 cujus
2052 1142 2262 1195 ungues
2323 1128 2682 1182 arundinibus
2737 1128 2913 1183 acutis
2959 1128 3419 1199 perferantur,“

1816 1217 1921 1287 ψιί
1957 1216 2010 1269 in
2058 1216 2377 1270 bullientem
2422 1216 2558 1285 picis
2589 1218 2821 1271 lebetem
2862 1233 3109 1288 praeceps
3134 1219 3417 1288 immergi-

1834 1319 1921 1363 tur
1944 1317 1998 1363 et
2023 1324 2212 1362 rursus
2262 1312 2514 1375 emergit,
2547 1316 2603 1362 et
2632 1308 2806 1377 gladio
2851 1310 3123 1363 hostiliter
3151 1324 3417 1363 consum-

1834 1409 2032 1464 matur,
2074 1399 2370 1470 aspiciens,
2416 1414 2526 1454 non
2558 1413 2757 1452 manus
2784 1399 2852 1453 ad
2890 1398 3057 1452 Deum
3085 1399 3324 1461 sustulit,
3359 1408 3415 1452 et

1833 1509 1942 1546 non
1967 1493 2173 1563 optavit
2214 1494 2414 1549 deinde
2447 1494 2605 1547 talem
2642 1492 2880 1561 experiri
2905 1492 3205 1547 cruciatum
3230 1494 3253 1545 ?
3279 1491 3415 1559 Quis

1830 1600 1947 1649 eos,
1972 1584 2062 1653 qui
2100 1585 2224 1655 gelu
2262 1585 2493 1639 hiberno
2537 1593 2591 1638 et
2633 1583 2777 1638 aeris
2809 1584 2995 1653 algore
3027 1592 3413 1646 concrescunt,

1832 1684 1886 1729 et
1916 1674 2046 1728 nudi
2080 1676 2383 1738 decertant,
2412 1682 2617 1729 attente
2639 1673 2997 1728 considerans
3029 1689 3044 1738 ;
3082 1681 3137 1726 et
3164 1671 3256 1741 qui
3287 1686 3417 1725 cru-

1834 1782 1953 1819 rum
1990 1766 2263 1821 sustinent
2293 1764 2607 1826 fractiones,
2633 1773 2688 1817 et
2716 1779 2837 1818 cum
2863 1763 3123 1817 ardentes
3148 1761 3414 1817 carbones

138 1883 279 1921 num
334 1877 712 1938 argumentum
750 1875 1099 1927 consecutus,
1150 1870 1207 1915 et
1244 1859 1491 1915 auditum
1525 1870 1729 1926 przece-
1760 1859 1805 1916 Β
1835 1866 2041 1911 natura:
2067 1858 2262 1911 robore
2292 1855 2603 1923 eﬂ‘ugeriut,
2636 1854 2692 1908 in
2725 1854 3014 1908 ﬂuviorum
3046 1852 3250 1907 ﬂuenta
3283 1853 3418 1906 mit-

138 1960 303 2010 «ιρι-ε.
369 1956 488 2025 Ipse
525 1956 670 2010 enim
718 1954 1019 2009 secundum
1066 1953 1333 2006 honorem
1380 1955 1499 2018 post
1551 1946 1729 2000 visum

136 2060 231 2103 est
288 2049 554 2120 adeptus,
609 2056 666 2103 et
711 2062 836 2102 eum
894 2046 1083 2101 oculus
1126 2044 1333 2113 absque
1388 2040 1730 2110 expositione

139 2157 364 2203 eorum,
391 2155 511 2209 quae
540 2148 671 2193 sunt
718 2138 985 2209 subjecta,
1018 2137 1215 2207 figuras
1238 2132 1473 2203 accipiat
1501 2129 1729 2185 eviden-

140 2243 258 2296 tes,
309 2233 527 2286 auditus
583 2246 796 2301 semper
846 2229 1149 2285 secundum
1206 2228 1386 2282 locum
1443 2232 1613 2286 tenet,
1674 2230 1732 2276 ut

140 2325 287 2379 dixit
310 2324 527 2393 quidam
560 2323 804 2393 sapiens.

220 2416 314 2470 40.
354 2414 487 2481 Quis
527 2414 673 2468 enim
706 2412 981 2468 coloribus
1010 2423 1330 2481 expressum
1364 2408 1557 2463 videns
1583 2420 1731 2468 eum,

142 2505 241 2573 qui
291 2504 551 2568 decertat,
592 2511 647 2557 et
677 2504 854 2574 ignem
894 2500 1313 2572 despicientem,
1361 2506 1413 2552 et
1442 2497 1589 2551 nube
1639 2494 1737 2548 ﬂa-

144 2597 417 2665 gellorum
464 2596 886 2659 circumdatum,
940 2604 996 2649 et
1048 2594 1103 2648 in
1153 2592 1238 2649 his
1277 2589 1523 2647 Creatori
1566 2586 1738 2643 conli-

144 2687 353 2739 denter
413 2685 666 2754 spiritum
720 2685 1086 2748 emittentem,
1123 2699 1237 2738 non
1278 2682 1467 2737 calidis
1497 2680 1737 2735 circurn-

151 2778 405 2832 fnnditur
450 2776 721 2847 lacrymis,
773 2786 829 2832 et
877 2776 1128 2846 suspiriis
1167 2790 1231 2829 ac
1260 2773 1553 2846 gemitibus
1583 2788 1739 2828 corn-

152 2870 461 2941 pungitur?
489 2868 625 2935 Quis
650 2883 797 2933 eum,
827 2870 919 2939 qui
955 2884 1015 2923 se
1043 2868 1193 2923 exuit
1218 2867 1284 2922 ad
1312 2865 1495 2937 gravia
1528 2864 1740 2919 crucia-

156 2976 311 3017 tnum
356 2971 413 3015 et
456 2960 849 3031 suppliciorum
899 2974 1123 3030 genera,
1167 2966 1221 3013 et
1253 2965 1531 3028 postremo
1562 2965 1740 3010 tortus

157 3053 282 3117 iuit,
335 3052 628 3123 aspiciens,
675 3068 783 3107 non
817 3053 997 3107 cordis
1026 3049 1351 3107 contritione
1381 3031 1572 3120 pectus
1616 3058 1741 3103 tun-

159 3148 299 3201 deus
330 3147 579 3202 recedit?
608 3144 739 3212 Quis
775 3161 900 3201 eum
928 3146 1139 3211 videns,
1181 3145 1273 3213 qui
1304 3158 1402 3213 pro
1428 3141 1649 3198 Christo
1683 3156 1741 3195 se

160 3239 386 3293 tradidit
412 3238 711 3304 lictoribus,
736 3238 1089 3307 compedibus
1109 3238 1444 3305 manicisque
1466 3245 1517 3289 et
1546 3234 1743 3289 fidibus

160 3332 488 3402 constringi,
510 3341 566 3386 et
584 3332 780 3387 deinde
816 3331 1032 3385 fortiter
1060 3330 1345 3401 exspirare
1378 3331 1432 3384 in
1462 3325 1745 3397 suppliciis

162 3425 540 3488 intolerandis,
603 3439 712 3478 non
740 3423 1040 3477 admiratur
1079 3422 1419 3492 patientiam,
1454 3420 1744 3475 invictam-

162 3533 271 3587 que
311 3516 513 3571 excelsi
558 3516 725 3571 animi
768 3516 1024 3571 virtutem
1064 3523 1120 3570 et
1173 3514 1380 3569 fidem?
1442 3512 1577 3579 Quis
1623 3528 1747 3567 cum

164 3618 448 3677 spectans,
471 3607 587 3677 qui,
637 3622 707 3662 ne
756 3607 972 3677 aliquod
1006 3607 1232 3661 verbum
1287 3605 1565 3660 emitteret
1603 3604 1748 3658 indi-

167 3715 340 3769 gnum
377 3700 595 3769 pietate,
631 3707 685 3754 et
722 3700 779 3754 in
825 3699 1086 3754 lateribus
1119 3708 1175 3753 et
1211 3697 1266 3752 in
1302 3698 1465 3752 dorso
1492 3696 1747 3759 laniatur,

170 3808 283 3846 non
320 3791 622 3846 emollescit
646 3790 1162 3847 commiseratione?
1188 3788 1321 3855 Quis
1346 3804 1458 3843 non
1491 3788 1751 3856 impletur

170 3876 558 3940 admiratione,
584 3884 639 3931 et
674 3877 915 3946 quatitur
939 3876 1156 3939 timore,
1187 3874 1405 3945 quando
1430 3873 1575 3928 videt
1601 3887 1750 3936 eum,

171 3969 269 4040 qui
299 3984 399 4039 pro
422 3968 524 4023 ﬂde
550 3968 772 4039 patitur,
808 3971 992 4024 omnia
1024 3968 1266 4023 membra
1295 3981 1391 4021 sua
1415 3964 1753 4019 distribuen-

173 4073 288 4117 tem
317 4080 333 4127 ;
366 4061 493 4116 dum
527 4061 810 4127 scinditur,
847 4070 902 4116 et
938 4062 1005 4116 ad
1037 4061 1130 4115 Dei
1157 4058 1484 4115 sacrificium
1512 4065 1568 4112 et
1603 4056 1754 4111 abla-

177 4157 384 4208 tionem
417 4168 479 4207 ea
515 4154 767 4218 secrevit,
810 4169 932 4223 quae
963 4168 1133 4223 usque
1171 4151 1237 4205 ad
1274 4148 1555 4204 musculos
1586 4146 1756 4202 feruo-

182 4260 355 4313 raquc
390 4253 445 4298 et
474 4244 609 4298 talos
647 4254 702 4299 et
742 4253 921 4298 tarsos
959 4242 1279 4296 dividuntur
1310 4235 1758 4293 immisericordi-

185 4348 289 4399 ter,
327 4352 437 4390 non
478 4338 779 4392 admiratur
817 4335 1297 4391 laboriosissimum
1343 4333 1396 4386 in
1429 4329 1761 4386 decertando

184 4430 541 4501 patientiam?
601 4428 734 4495 Quis
806 4444 931 4484 eum
988 4428 1299 4497 aspiciens,
1357 4424 1451 4495 qui
1510 4422 1764 4478 leonibus

1833 1957 2020 2004 tuntur
2043 1963 2231 2003 eorum
2266 1947 2526 2015 reliquim,
2570 1962 2677 1999 non
2717 1944 3048 2000 desideravit
3088 1959 3184 1999 eos
3215 1944 3416 1998 habere

1830 2051 2111 2109 patronos,
2162 2046 2217 2093 et
2249 2036 2506 2108 precibus
2559 2036 2843 2091 attrahere
2894 2050 3083 2090 eorum
3146 2050 3327 2089 acrem
3359 2044 3416 2090 et

1830 2133 2046 2203 dignam
2081 2128 2499 2185 defensionem?

1900 2223 1991 2277 41.
2031 2221 2155 2277 llzec
2180 2232 2363 2276 autem
2391 2218 2590 2274 videris
2622 2216 2737 2271 ﬂeri
2776 2232 2887 2271 non
2913 2216 3087 2270 solum
3117 2215 3171 2269 in
3199 2230 3416 2270 mascu-

1832 2314 1917 2375 lis,
1969 2314 2062 2368 sed
2105 2313 2266 2367 etiam
2317 2311 2373 2365 in
2429 2309 2670 2373 feminis,
2722 2324 2844 2378 quae
2875 2308 3097 2377 paribus
3135 2307 3418 2361 decertant

1836 2404 2251 2468 certaminibus,
2288 2412 2345 2456 et
2390 2400 2748 2471 equuleorum
2787 2407 2843 2453 et
2880 2410 3122 2454 rotarum
3170 2407 3227 2452 et
3250 2406 3416 2453 crete-

1837 2513 2021 2551 rorutn
2050 2505 2448 2551 tormentorum
2475 2494 2681 2547 nullam
2714 2493 2922 2547 ducunt
2964 2492 3250 2546 rationem.
3284 2490 3420 2557 Quis

1836 2586 1983 2642 enim
2031 2587 2147 2641 haec
2200 2585 2316 2639 fieri
2364 2584 2640 2654 aspiciens
2670 2583 2724 2637 in
2760 2583 3083 2637 mollissima
3110 2592 3329 2645 natura,
3372 2583 3419 2636 si

1839 2678 2006 2733 veluti
2035 2678 2243 2732 litteras
2270 2676 2580 2739 attendens,
2610 2675 2751 2746 legat
2785 2674 3020 2738 colores,
3071 2690 3182 2728 non
3225 2674 3421 2727 mulie-

1841 2770 1993 2824 brem
2025 2768 2247 2837 abjiciat
2294 2768 2660 2830 timiditatem,
2705 2774 2760 2820 et
2802 2764 2993 2820 liducia
3036 2765 3283 2828 indutus,
3312 2781 3422 2818 non

1840 2868 2023 2915 autem
2072 2857 2361 2912 temeraria
2412 2856 2659 2921 audacia,
2708 2864 2767 2910 et
2817 2855 2886 2910 ad
2918 2854 3088 2909 Deum
3137 2855 3422 2909 funebrem

1842 2959 2002 3006 εέιιιίὶῐ
2060 2949 2447 3013 laudationem,
2508 2956 2563 3002 et
2606 2955 2796 3016 aperte
2844 2946 3168 3016 pronuntiet
3210 2945 3423 3000 beatam

1845 3044 1986 3097 hanc
2015 3041 2274 3095 invictam
2338 3037 2752 3093 fortitudinem?
2796 3035 2932 3102 Quis
2984 3036 3181 3091 videns
3229 3035 3426 3091 imma-

1845 3144 2092 3187 turorum
2122 3145 2415 3202 puerorum
2466 3137 2682 3183 astatem
2714 3127 2769 3181 in
2802 3126 3118 3196 asperrimis
3146 3126 3428 3181 doloribus

1770 3203 1813 3262 δ
1849 3238 2102 3296 tanquam
2129 3224 2183 3279 in
2214 3223 2371 3293 aquis
2396 3221 2756 3285 innatantem,
2788 3230 2843 3276 et
2885 3230 3145 3290 tanquam
3180 3220 3266 3274 lac
3296 3235 3429 3275 coa-

1846 3321 2108 3391 gulatum,
2168 3315 2436 3371 emulsum
2491 3330 2557 3370 ex
2617 3314 2879 3369 uberibus
2943 3312 3103 3378 ﬁdei,
3157 3321 3214 3367 et
3266 3328 3431 3367 omne

1846 3425 2016 3483 genus
2050 3408 2306 3463 tormenti
2336 3416 2390 3463 et
2433 3404 2685 3476 supplicii
2718 3404 2879 3459 simul
2907 3402 3172 3458 ferentem
3208 3411 3433 3473 pr0pter

1846 3501 2149 3564 Christum,
2205 3515 2315 3554 non
2370 3498 2668 3567 coniecerit
2724 3496 2829 3550 hoc
2884 3510 3008 3550 esse
3063 3510 3207 3563 opus
3257 3488 3430 3549 divini

1848 3592 2058 3656 auxilii,
2108 3592 2253 3661 quod
2291 3600 2346 3646 et
2384 3588 2707 3644 muliebrem
2763 3586 3195 3641 imbecillitatem
3226 3585 3433 3640 virtute

1849 3685 1988 3741 virili
2016 3685 2145 3739 fecit
2175 3682 2561 3742 robustiorem,
2594 3688 2650 3733 et
2688 3678 3027 3747 impuberem
3068 3692 3134 3732 ac
3165 3676 3434 3746 puerilem

1854 3776 2322 3846 imperfectionem
2348 3771 2592 3826 ostendit
2623 3769 2819 3838 spiritu
2856 3784 2920 3823 ac
2964 3784 3130 3822 sensu
3159 3783 3280 3822 esse
3312 3783 3436 3821 mu-

1855 3875 2018 3919 tatam
2072 3866 2128 3919 in
2182 3862 2411 3918 senilem
2450 3858 2818 3915 vetustatem?
2882 3859 3018 3923 Quis
3071 3858 3326 3911 Theclam
3380 3867 3435 3910 et

1858 3955 2217 4025 Stephanum,
2265 3953 2359 4023 qui
2421 3950 2584 4022 primi
2633 3958 2758 4021 post
2783 3950 3065 4004 Christum
3110 3948 3432 4001 athleticam

1858 4056 2065 4117 portam
2093 4051 2426 4115 aperuerunt
2449 4042 2797 4113 martyribus,
2833 4039 2982 4094 hunc
3003 4037 3223 4107 quidem
3242 4037 3436 4091 videns

1859 4139 2131 4210 lapidibus
2162 4138 2487 4209 appetitum,
2532 4145 2588 4190 et
2620 4133 2924 4189 occisorum
2959 4146 3056 4201 per
3083 4145 3307 4200 precum
3349 4133 3437 4182 in-

1862 4232 2247 4288 tercessionem
2282 4230 2427 4300 apud
2468 4229 2637 4284 Deum
2677 4240 2865 4282 curam
2910 4231 3234 4294 gerentem;
3287 4221 3437 4275 illam

1863 4341 1993 4380 vero
2036 4335 2092 4380 et
2144 4324 2381 4379 ferarum
2437 4320 2699 4375 saevitiam
2737 4316 3155 4386 despicientem,
3214 4320 3439 4382 propter

1865 4432 2018 4471 suam
2053 4432 2164 4470 non
2195 4415 2374 4469 fictam
2430 4412 2484 4467 in
2522 4412 2820 4474 Christum,
2864 4422 3026 4478 quem
3070 4404 3435 4470 desiderabat,

185 4496 444 4591 obiicitur
471 4521 835 4585 devorandos,
867 4531 923 4574 et
943 4496 1198 4573 dentibus
1231 4532 1421 4572 eorum
1452 4511 1760 4576 molendus,
1798 4548 1841 4603 ι)
1867 4507 2208 4569 charitatem,
2245 4521 2354 4559 non
2394 4503 2577 4559 statim
2606 4501 2768 4557 discit
2809 4516 2915 4554 non
2950 4498 3090 4553 male
3122 4497 3330 4566 precari
3355 4496 3441 4551 in-

186 4626 244 4670 et
281 4614 451 4668 veluti
498 4613 738 4669 caelestis
770 4612 925 4683 panis
970 4625 1173 4666 mensae
1202 4607 1412 4664 coelesri
1447 4602 1765 4674 conspergi-

191 4717 303 4770 tur,
349 4721 458 4759 non
488 4716 568 4760 est
605 4703 955 4774 intelligentia
995 4702 1270 4772 particeps
1307 4698 1452 4753 illius
1481 4692 1762 4764 martyriei

190 4794 455 4862 spiritalis
506 4790 779 4847 convivii?
832 4790 966 4856 Quis
1025 4805 1150 4844 eum
1196 4785 1611 4855 contemplans,
1673 4782 1767 4851 qui

192 4885 390 4941 acerba
421 4893 608 4940 catena
626 4893 848 4953 propter
880 4881 1049 4935 Deum
1078 4879 1401 4949 exagitatus,
1431 4885 1490 4931 et.
1516 4878 1571 4929 in
1600 4873 1769 4928 altum

194 4979 464 5042 sublatus,
506 4985 561 5031 et
590 4975 717 5030 loris
747 4990 810 5029 ac
834 4974 1053 5029 stutinis
1080 4972 1283 5027 vibices
1300 4970 1464 5024 habet
1495 4975 1768 5030 extensas,

194 5080 252 5124 ct
286 5068 503 5123 tandem
549 5066 725 5137 gladio
769 5074 997 5119 mortem
1029 5063 1196 5126 subit,
1235 5076 1343 5114 non
1371 5060 1618 5129 seipsum
1651 5071 1772 5111 om-

196 5162 337 5215 nino
378 5160 556 5215 cordis
589 5159 920 5215 contrahens
944 5152 1393 5218 contritionibus,
1438 5152 1776 5208 convertitur

197 5258 267 5310 ad
306 5262 514 5325 gratam
554 5252 648 5309 Dei
697 5249 1177 5323 glorificationem?
1220 5247 1357 5314 Quis
1388 5261 1513 5302 eum
1559 5244 1774 5307 videns,

199 5349 297 5419 qui
334 5356 513 5402 rectus
544 5346 599 5399 in
635 5344 779 5414 ligno
824 5342 1078 5406 vincitur,
1118 5350 1175 5397 et
1205 5340 1363 5409 cujus
1392 5336 1784 5393 exinaniantur

201 5440 468 5497 intestina
518 5435 894 5507 frequentibus
938 5434 1138 5489 ictibus
1182 5431 1514 5502 ﬂagellorum
1542 5468 1556 5493 ,
1594 5435 1649 5481 et
1686 5424 1779 5495 qui

202 5531 523 5585 diuturnam
562 5526 704 5580 illam
726 5523 966 5579 sustinet
1000 5522 1056 5575 in
1084 5520 1228 5591 ligno
1262 5518 1695 5589 perpessionem,
1728 5523 1783 5569 et

206 5621 329 5677 sine
382 5616 681 5673 visceribus
741 5612 1081 5685 ingrediens,
1161 5610 1445 5663 funebrem
1493 5605 1782 5677 quamdam

208 5714 375 5767 saltat
413 5709 780 5773 saltationem,
820 5722 932 5762 non
983 5704 1166 5760 divino
1213 5702 1320 5756 telo
1363 5700 1420 5755 in
1452 5700 1615 5755 corde
1658 5713 1785 5753 sau-

208 5805 413 5872 ciatur,
444 5801 965 5870 tabernaculumquc
992 5807 1043 5854 et
1070 5796 1333 5867 templum
1366 5792 1585 5864 pietatis
1613 5789 1786 5847 effici-

1868 4599 2182 4662 imieis,sed
2218 4606 2473 4664 tanquam
2509 4592 2948 4649 benefactoribus
2986 4591 3065 4645 eis
3095 4588 3320 4660 gratiam
3353 4604 3441 4643 re-

1868 4691 2030 4751 ferre.
2060 4698 2114 4743 et
2162 4688 2426 4742 adversus
2481 4699 2699 4739 omnem
2735 4683 3027 4738 belluinam
3081 4686 3139 4734 et
3168 4688 3441 4734 amentem

1869 4780 2143 4833 decertare
2179 4775 2469 4831 haeresim?
2906 4792 2911 4797 υ

1938 4867 2029 4921 42.
2068 4864 2174 4920 Sed
2212 4876 2430 4920 transeo
2476 4863 2544 4918 ad
2580 4862 2750 4916 Deum
2781 4874 2963 4913 meum
3012 4868 3068 4911 et
3107 4858 3403 4913 Dominum
3427 4896 3442 4920 ,

1873 4960 1966 5029 qui
2001 4968 2206 5029 martyr
2234 4966 2320 5012 est
2362 4955 2689 5026 appellatus,
2726 4961 2780 5005 et
2826 4952 2929 5005 fuit
2957 4950 3190 5019 posteris
3220 4950 3449 5019 dispen-

1876 5063 2023 5106 sator
2075 5050 2317 5105 victoria:
2351 5065 2363 5100 :
2397 5061 2561 5117 quem
2605 5044 2658 5097 in
2708 5043 2856 5113 ligno
2902 5052 3135 5096 cernens
3167 5042 3334 5096 clavis
3361 5039 3450 5093 af-

1880 5147 2068 5207 ﬁxum,
2105 5150 2159 5196 et
2196 5138 2423 5210 spongia
2459 5143 2615 5191 aceto
2645 5143 2701 5189 et
2736 5133 2861 5187 felle
2896 5140 3162 5203 putatum,
3203 5141 3259 5188 et
3280 5132 3448 5186 latere

1880 5236 2068 5289 lancea
2111 5240 2397 5302 punctum,
2442 5236 2497 5282 et
2526 5242 2591 5281 ex
2623 5241 2691 5279 eo
2716 5224 2927 5279 vivifica
2962 5222 3164 5277 ﬂuenta
3194 5223 3451 5277 emitten-

1884 5334 2016 5387 tem,
2048 5325 2250 5377 horreo
2277 5328 2335 5375 et
2367 5335 2398 5373 a
2433 5333 2520 5373 me
2545 5316 2789 5381 discedo,
2838 5314 3157 5383 honoroque
3200 5316 3320 5384 ejus
3366 5313 3452 5368 iu-

1882 5414 2257 5485 vestigabilem
2296 5421 2352 5466 et
2380 5409 2706 5480 stupendam
2744 5407 2826 5461 sui
2861 5406 3273 5468 demissionem,
3308 5405 3456 5475 ejus-

1884 5526 1991 5579 que
2038 5506 2278 5560 admiror
2324 5517 2552 5559 summaa
2585 5500 2851 5555 malorum
2885 5498 3183 5553 tolerantia:
3208 5498 3452 5569 pelagus.

1888 5600 2100 5657 Etenim
2129 5607 2352 5669 propter
2378 5592 2683 5651 clementia:
2703 5591 3156 5664 magnitudinem,
3185 5599 3243 5645 et
3266 5589 3459 5644 ineﬂ'a-

1860 5674 2050 5751 [bilem
2114 5686 2505 5745 misericordia:
2564 5685 2905 5749 bonitatem,
2980 5699 3106 5738 cum
3157 5682 3462 5752 accepisset

1889 5801 2106 5843 carnem
2143 5782 2424 5855 ejusdem,
2470 5779 2627 5852 cujus
2677 5786 2887 5846 nostra,
2934 5774 3203 5845 essentia,
3253 5789 3460 5844 nequa-
