3994 6488
614 367 750 431 ΠεΙὸ

603 500 765 555 quam
797 498 856 538 se
902 496 1023 537 esse
1065 483 1237 536 Deum
1273 480 1567 544 inficiatus,
1605 482 1772 534 verbo
1802 478 2021 548 quidem
2053 478 2189 531 veri-

607 576 756 638 tatis,
787 591 815 628 a
845 574 996 628 verbi
1028 573 1301 629 ministris
1328 582 1637 627 atramento
1665 573 1928 635 colorato,
1952 580 2012 625 ut
2037 572 2186 633 licet,

605 666 968 719 annuntiatur
999 682 1013 718 :
1059 680 1119 719 re
1153 680 1281 719 vera
1309 674 1495 718 autem
1528 663 1810 717 coloribus
1854 664 1922 717 ab
1973 663 2106 732 ipsis
2134 671 2190 716 et

606 774 795 811 eorum
836 757 1061 820 assedis
1091 756 1571 813 circumscribitur
1600 764 1656 809 et
1700 755 2030 825 depingitur,
2078 767 2189 806 non

607 865 803 904 crassa:
853 850 1098 904 materiae
1146 848 1633 903 commiscentibus
1682 846 2086 916 simplicitatem
2135 853 2191 898 et

608 940 798 995 formae
826 943 1157 995 vacuitatem
1189 960 1201 993 :
1237 956 1418 1009 neque
1449 938 1594 993 enim
1627 937 2058 999 circumciditur,
2087 950 2191 990 nec

608 1034 755 1088 subit
798 1034 1143 1089 aﬂectionem
1177 1050 1191 1087 :
1227 1034 1323 1088 sed
1361 1032 1508 1102 quod
1551 1046 1645 1084 sua
1690 1040 1885 1084 natura
1911 1029 2064 1083 cerni
2094 1043 2192 1096 po—

608 1133 716 1178 test
743 1134 799 1180 et
850 1127 1201 1192 contrectari,
1239 1125 1632 1199 iquamoptime
1674 1122 2096 1193 depingentibus
2134 1128 2191 1175 ct

609 1220 1206 1275 circumscribentibus.
1248 1222 1615 1287 Quamobrem
1645 1227 1757 1273 tota
1785 1220 1985 1282 anima,
2026 1218 2190 1273 corde

607 1318 661 1361 et
691 1308 1046 1379 cogitatione,
1070 1324 1191 1379 qua:
1225 1320 1355 1365 sunt
1387 1311 1456 1364 ab
1492 1310 1572 1374 eis
1603 1310 1844 1371 decreta,
1890 1315 2109 1362 tuentes
2134 1314 2191 1361 et

606 1400 1019 1467 amplectentes,
1072 1408 1124 1455 ct
1160 1400 1251 1469 qui
1298 1416 1361 1453 ex
1419 1401 1532 1455 Deo
1578 1411 1708 1455 sunt
1754 1400 1953 1453 mentis
1990 1408 2189 1453 nostra:

608 1506 831 1557 gressus
890 1492 958 1544 ab
1032 1506 1099 1544 eo
1164 1491 1507 1560 apertissime
1564 1493 1830 1546 habentes
1887 1490 2185 1555 dilatatos,

607 1598 803 1651 magno
851 1582 1035 1635 studio
1081 1582 1470 1637 contendimus
1508 1583 1574 1637 ad
1606 1583 2010 1652 excipiendam,
2044 1591 2100 1636 et
2130 1591 2189 1636 ut

608 1674 687 1725 fas
728 1681 831 1735 est,
870 1675 1200 1728 adorandam
1241 1675 1449 1729 Christi
1491 1675 1781 1745 imaginem
1819 1684 1871 1728 et
1915 1675 2035 1743 ejus
2064 1690 2189 1744 per-

606 1765 941 1833 pessionem,
992 1774 1048 1820 et
1081 1766 1147 1819 ad
1186 1781 1288 1821 nos
1332 1768 1670 1821 exhibendos
1722 1767 1914 1837 dignos
1960 1767 2186 1831 sanctis,

608 1854 699 1921 qui
752 1854 974 1908 fuerunt
1024 1870 1054 1910 a
1102 1857 1322 1911 saeculo.
1358 1856 1643 1922 Quomodo
1674 1873 1805 1927 ergo
1839 1874 1948 1912 non
1997 1874 2060 1911 ex
2101 1859 2187 1912 his

606 1944 786 1998 bonus
816 1946 1051 1999 eflicitur
1079 1946 1296 2015 aliquis,
1328 1948 1543 2001 etiamsi
1570 1962 1666 2001 cor
1692 1948 1888 2002 habeat
1915 1950 2187 2003 sententia

606 2032 922 2101 lapideum?
964 2034 1099 2099 Quis
1130 2051 1241 2089 non
1272 2047 1553 2091 reveretur
1578 2037 1870 2091 coloratam
1893 2038 2181 2107 picturam,

605 2137 727 2190 qua:
770 2122 874 2176 fert
905 2124 1152 2193 exempla
1188 2126 1435 2195 pietatis.
1474 2142 1572 2195 per
1594 2143 1715 2197 qua:
1743 2128 1927 2182 doceri
1958 2140 2189 2198 possunt

604 2222 822 2266 veteres
862 2229 950 2267 res
994 2224 1178 2285 gestae,
1223 2218 1411 2271 mundi
1447 2227 1620 2283 ortus,
1670 2220 1911 2290 legisque
1953 2231 2010 2275 et
2061 2236 2188 2290 pro-

607 2302 917 2370 phetarum,
946 2319 1245 2373 senemque
1270 2316 1323 2361 et
1343 2308 1623 2377 antiquam
1655 2310 1869 2365 efficere
1899 2313 2187 2383 cogitatio-

604 2394 773 2448 nem?
816 2393 920 2449 Pcr
944 2412 1106 2465 quam
1137 2401 1349 2455 accedit
1391 2402 1642 2456 meditari
1690 2402 1869 2457 divina
1911 2414 1965 2459 et
1994 2421 2183 2477 magna

605 2485 794 2554 gratite
823 2486 1106 2549 miracula,
1135 2504 1257 2558 qum
1284 2492 1348 2545 ad
1383 2490 1477 2545 Dei
1512 2493 1737 2563 gloriam
1766 2496 2035 2551 inducunt
2061 2512 2188 2567 spe-

596 2586 863 2641 ctatores,
885 2579 977 2647 qui
1001 2580 1187 2634 omnia
1214 2581 1345 2636 fecit
1373 2583 1428 2637 in
1457 2584 1743 2653 sapientia,
1769 2595 1823 2641 et
1845 2603 1973 2643 suos
1997 2604 2186 2646 servos

606 2683 705 2736 per
732 2683 884 2721 suam
917 2669 971 2722 in
1008 2670 1156 2739 ipsos
1191 2672 1652 2740 benevolentiam,
1702 2678 1953 2733 maximis
1994 2682 2188 2737 extulit

606 2758 913 2814 honoribus
966 2760 1153 2831 (Paul.
1198 2779 1328 2829 cm,
1375 2766 1480 2832 9.4)
1516 2786 1530 2821 :
1563 2777 1617 2822 et
1662 2779 1949 2839 propterea
1996 2781 2185 2842 aperte

605 2850 777 2903 voluit
808 2866 902 2905 eos
924 2851 1146 2923 depingi
1175 2870 1238 2908 ac
1270 2856 1529 2921 describi,
1564 2871 1615 2912 et
1641 2875 1831 2914 eorum
1866 2864 2183 2917 memoriam

604 2956 726 2994 esse
761 2952 1080 3011 perpetuam
1127 2945 1182 2999 in
1229 2949 1434 3002 nostris
1471 2950 1748 3005 cordibus.
1795 2952 2079 3017 Quodnam
2118 2971 2181 3008 ex

606 3032 693 3086 his
716 3048 952 3102 unquam
978 3034 1233 3090 damnum
1268 3039 1333 3091 ad
1363 3040 1599 3094 animam
1629 3043 1893 3096 redierit?
1921 3044 2180 3109 Quisnam

1636 431 1643 437 ,
1676 364 1737 424 S.
1791 360 2098 420 TARASII
2137 358 2650 418 PATRIABCII/E
2684 359 2795 418 (ΖΡ.

3735 364 3859 427 1416

2295 476 2368 529 sit
2410 476 2533 545 ejus
2561 476 2848 545 exemplar
2887 475 3281 542 venerandum,
3332 485 3392 532 et
3438 476 3629 534 Jovem
3663 482 3867 537 abomi—

2292 566 2474 631 naris,
2522 575 2749 635 propter
2790 570 3188 623 exsecrandam
3207 570 3331 637 ejus
3380 569 3665 625 libidinem
3714 583 3867 643 atque

2290 659 2691 729 petulantiam?
2732 658 2854 714 Non
2897 660 3178 714 Christum
3216 661 3392 715 Deum
3428 665 3774 731 pronuntias,
3807 670 3871 721 ob

2292 754 2638 809 sanctitatem
2670 756 2791 824 ejus
2821 755 3330 826 incomparabilem,
3368 765 3428 810 et
3463 772 3587 826 quae
3617 772 3869 827 expressa

2290 852 2373 897 est
2415 858 2512 912 per
2554 845 2843 899 materiam
2868 847 2937 900 ab
2964 846 3207 915 antiquis
3237 847 3595 911 honoratam,
3624 848 3792 903 Deum
3822 864 3871 905 et

2295 916 2577 990 huminem
2627 936 2921 993 referentis
2968 939 3221 1009 imaginis
3275 941 3527 997 admittis
3562 943 3869 999 similitudi-

2267 1042 2449 1092 nem;
2492 1027 2802 1082 fabulosum
2841 1038 3025 1083 autem
3066 1031 3216 1084 illum
3256 1032 3616 1103 parricidam,
3646 1047 3699 1089 et
3733 1039 3867 1105 ejus.

2290 1133 2414 1188 quae
2444 1133 2473 1171 a
2525 1119 2816 1175 divinitate
2865 1121 3103 1187 excidit,
3155 1122 3391 1194 effigiem
3448 1128 3773 1183 transmittis
3818 1130 3865 1183 in

2290 1208 2646 1277 profundum,
2682 1210 2870 1279 inqua
2900 1210 3019 1280 ipse
3046 1213 3217 1281 patris
3247 1214 3356 1275 sui,
3396 1229 3522 1283 quae
3548 1216 3865 1281 absciderat,

2291 1300 2530 1354 verenda
2563 1311 2650 1355 est
2676 1302 2986 1371 jaculatus?
3011 1302 3104 1358 Nae
3130 1313 3187 1357 tu
3215 1303 3501 1360 Christum
3532 1308 3861 1364 Senatorem

2291 1387 2497 1444 habeas
2553 1392 2885 1461 propitium,
2936 1394 3030 1462 qui
3083 1397 3353 1450 materiali
3410 1408 3725 1454 sanctorum
3776 1417 3861 1455 cx-

2290 1495 2481 1550 pressa
2519 1483 2822 1538 delectatur
2847 1485 3041 1556 effigie,
3070 1487 3195 1541 odio
3225 1498 3411 1542 autem
3459 1490 3626 1544 habet
3657 1491 3857 1548 Satanx

2290 1582 2347 1626 et
2376 1572 2752 1642 improborum
2781 1577 2902 1645 ejus
2930 1580 3223 1633 satellitum
3254 1581 3703 1639 abominationes
3734 1604 3749 1639 :
3776 1590 3857 1657 qui

2291 1680 2415 1718 cum
2450 1665 2639 1720 vident
2673 1668 2879 1721 Christi
2912 1678 2967 1722 et
2991 1670 3113 1738 ejus
3146 1686 3438 1726 servorum
3486 1685 3699 1731 erectas
3739 1677 3863 1732 ima-

2292 1758 2467 1827 gines,
2504 1767 2851 1822 evertuntur,
2904 1760 3271 1830 ingemiscunt
3306 1774 3361 1819 et
3404 1766 3644 1831 deﬂent,
3686 1778 3741 1823 et
3773 1772 3859 1825 ad-

2291 1865 2484 1904 versus
2512 1866 2626 1916 eos,
2656 1851 2749 1921 qui
2782 1853 2895 1907 haec
2924 1854 3179 1908 lubenter
3207 1854 3441 1922 faciunt,
3468 1862 3700 1917 strident
3736 1864 3860 1918 den-

2291 1941 2456 2003 tibus,
2492 1951 2546 1996 οι
2574 1943 2855 2012 pulverem
2881 1945 3123 1999 excitant
3151 1947 3553 2003 calamitatum.
3590 1950 3683 2019 llis
3706 1968 3861 2007 enco-

2289 2033 2524 2087 miorum
2564 2034 2750 2089 verbis
2788 2036 3036 2091 excitans
3093 2036 3393 2103 Tarasius,
3453 2050 3509 2095 et
3565 2042 3621 2095 in
3677 2045 3860 2098 tabulis

2290 2125 2587 2180 honorifice
2638 2127 2959 2197 iusculpens
3016 2128 3085 2184 ab
3115 2129 3196 2184 eis
3229 2147 3332 2201 pro
3361 2132 3591 2187 Christo
3619 2149 3854 2205 suscepta

2287 2220 2590 2274 certamina
2627 2229 2683 2275 et
2722 2222 3005 2289 pericula,
3051 2237 3239 2278 eorum
3283 2224 3580 2280 insistebat
3606 2229 3855 2298 vestigiis,

2286 2304 2503 2358 etiamsi
2554 2308 2821 2361 manserit
2864 2309 2983 2363 sine
3026 2311 3318 2377 vibicibus,
3355 2329 3470 2367 non
3504 2325 3691 2370 autem
3718 2334 3807 2371 eos
3830 2336 3855 2370 a

2288 2402 2442 2465 tergo
2471 2398 2829 2466 sequebatur.

2900 2512 3129 2569 CAPUT
3168 2515 3235 2570 Χ.

2351 2597 2694 2667 Comparatio
2738 2605 2909 2656 sancti
2949 2603 3157 2729 Taras/ii
3184 2624 3301 2660 cum
3346 2612 3607 2679 apostolis
3631 2624 3679 2666 et
3708 2631 3797 2682 pa-

2949 2678 3211 2729 triarcu's.

2949 2678 3050 2727 tria
3058 2679 3211 2731 rclu's.

2353 2758 2442 2815 44.
2486 2761 2779 2819 Videamus
2812 2781 2964 2829 vero,
3009 2784 3078 2821 an
3127 2770 3290 2825 etiam
3342 2777 3699 2830 contenderit
3743 2793 3853 2832 cum

2284 2848 2351 2902 iis
2378 2851 2469 2919 qui
2510 2862 2667 2907 erant
2709 2855 2763 2907 in
2810 2857 2999 2925 gratia.
3043 2858 3177 2912 Nam
3209 2876 3333 2914 cum
3376 2862 3545 2918 Verbi
3600 2867 3854 2937 discipuli.

2285 2941 2483 2994 mentis
2519 2941 2573 2995 in
2617 2943 2931 3013 Magistrum
2963 2940 3486 3018 immutabilitatem,
3512 2972 3617 3025 per
3637 2959 3854 3013 divinam

2282 3032 2635 3089 ostenderent
2665 3035 3086 3104 confessionem,
3126 3041 3241 3109 ipse
3278 3058 3503 3113 quoque
3532 3062 3653 3101 eam
3686 3066 3855 3103 serta-

605 3130 788 3175 antem
841 3137 950 3175 non
995 3125 1175 3192 potius
1214 3143 1280 3181 ex
1326 3128 1392 3183 iis
1428 3131 1635 3200 accepit
1683 3133 2012 3188 utilitatem?
2049 3136 2179 3202 Quis

2285 3120 2363 3174 vit
2415 3122 2675 3193 integram
2730 3134 2783 3180 et
2838 3121 3203 3185 inviolabilem
3234 3148 3260 3185 a
3294 3145 3553 3191 materno
3577 3150 3769 3205 ,utero,
3806 3154 3853 3197 et

605 3226 673 3265 ex
704 3213 897 3267 crebra
951 3229 1015 3269 ac
1052 3216 1299 3288 diligenti
1343 3237 1531 3275 eorum
1582 3224 2019 3281 consideratione
2072 3245 2182 3282 non

605 3309 927 3369 perpetuam
956 3308 1295 3374 comparavit
1325 3311 1645 3365 memoriam
1692 3313 1885 3368 salutis
1925 3318 2182 3372 concilia-

607 3392 796 3447 triccm
817 3395 840 3445 ?

675 3481 763 3534 45.
799 3481 895 3535 Dic
925 3481 1055 3534 mihi
1094 3484 1238 3537 enim
1262 3525 1275 3547 ,
1313 3486 1405 3555 qui
1450 3487 1671 3543 infamis
1719 3499 1773 3544 et
1811 3491 2183 3561 ignominiosa:

606 3570 777 3638 partis
804 3570 1051 3625 ordinem
1082 3572 1286 3637 laudas,
1324 3590 1357 3630 ο
1390 3576 1675 3643 Ιιαξιθιίρες
1708 3595 1887 3649 neque
1924 3584 2071 3637 enim
2099 3586 2183 3638 di-

606 3660 785 3714 dicisti
836 3661 1105 3718 honorare
1161 3666 1305 3734 quod
1381 3678 1466 3721 est
1520 3668 1740 3739 dignum
1797 3672 2038 3735 honore;
2091 3676 2182 3744 qui

608 3750 765 3805 idolis
808 3762 864 3806 et
897 3756 1222 3810 venerandis
1269 3757 1600 3827 imaginibus
1650 3759 1900 3816 lubenter
1934 3766 2181 3819 eamdem

605 3842 802 3896 tribuis
835 3842 1212 3913 ignominiam,
1245 3849 1465 3916 quando
1497 3849 1711 3919 profani
1751 3859 1806 3906 et
1843 3854 2011 3906 sancti
2042 3856 2182 3909 scies

604 3934 996 3998 differentiam,
1036 3946 1094 3991 et
1124 3938 1213 4000 iis,
1247 3955 1368 4007 qua:
1409 3956 1475 3994 ex
1515 3942 1623 3996 illis
1662 3943 2030 4004 deducuntur,
2083 3946 2180 3998 tri-

603 4021 740 4077 bues
775 4023 828 4078 id
854 4026 998 4094 quod
1024 4029 1323 4083 convenit?
1356 4030 1449 4085 Est
1474 4032 1617 4085 enim
1650 4034 1929 4102 proprium
1966 4036 2098 4107 legis
2127 4047 2181 4091 ct

603 4115 951 4178 eruditionis,
1008 4128 1195 4173 sancta
1241 4121 1553 4177 discernere
1593 4140 1621 4177 a
1659 4126 1920 4193 profanis,
1974 4138 2031 4181 ct
2078 4128 2179 4181 im—

604 4208 806 4260 munda
858 4224 887 4260 a
937 4210 1154 4264 mundis
1184 4228 1196 4264 :
1232 4213 1504 4280 quomodo
1545 4230 1735 4269 rursus
1767 4224 1848 4270 est
1879 4217 2179 4287 iniquitatis

601 4308 659 4351 et
690 4298 940 4365 inscitiae,
991 4318 1110 4370 qua:
1144 4302 1286 4357 inter
1334 4320 1393 4358 se
1432 4317 1696 4375 pugnant,
1744 4309 1905 4362 simul
1942 4326 2135 4381 cogere
2160 4351 2176 4374 ,

602 4391 980 4456 permiscenda
1005 4402 1061 4445 et
1088 4396 1476 4451 confundendo
1501 4400 1702 4453 omnia.
1730 4400 1785 4455 Si
1811 4403 1959 4456 enim
1986 4403 2174 4457 Jovem

2289 3210 2447 3267 factis
2478 3214 2654 3283 ipsum
2690 3232 2880 3272 verum
2914 3220 3082 3274 Deum
3118 3224 3443 3292 praedicans,
3484 3231 3581 3298 qui
3610 3247 3674 3285 ex
3703 3232 3849 3287 Harfa

2286 3303 2341 3356 in
2370 3305 2574 3360 ultimis
2614 3309 2971 3377 temporibus,
3010 3317 3067 3365 et
3105 3326 3171 3366 ex
3199 3311 3360 3367 Patre
3392 3326 3525 3371 ante
3556 3322 3748 3374 secula
3780 3335 3852 3375 est

2285 3397 2521 3466 genitus,
2553 3399 2814 3468 aequalem
2852 3400 3018 3465 Patri,
3070 3405 3213 3473 quod
3263 3408 3462 3461 attinet
3511 3412 3579 3464 ad
3626 3415 3848 3481 ejusdem

2285 3487 2468 3557 gloriae
2524 3489 2782 3545 virtutem
2840 3492 3158 3549 divinitatis.
3222 3495 3312 3552 Sic
3355 3513 3485 3553 cum
3538 3501 3780 3574 Philippo
3805 3516 3849 3559 et

2286 3578 2496 3633 Thoma
2548 3582 2826 3637 decretum
2888 3588 3154 3656 protulit,
3236 3589 3531 3645 Dominum
3594 3606 3650 3648 et
3700 3596 3848 3650 Deum

2283 3672 2564 3727 Christum
2608 3675 2816 3739 dicens,
2871 3694 2979 3732 non
3015 3680 3251 3749 palpatis
3285 3699 3407 3752 quae
3439 3686 3616 3741 clavis
3645 3690 3847 3743 confixae

2286 3763 2524 3830 fuerant,
2552 3768 2828 3832 manibus,
2862 3786 3039 3839 neque
3066 3774 3329 3842 quaesitis,
3349 3791 3475 3845 qua-
3503 3794 3604 3846 per
3628 3780 3844 3835 lanceam

2283 3855 2438 3910 factae
2474 3868 2652 3924 erant,
2690 3862 3077 3928 punctionibus
3128 3863 3323 3933 (Joan.
3364 3884 3466 3933 xx,
3499 3870 3629 3937 27).
3668 3871 3843 3937 Quam-

2280 3948 2468 4003 obrem
2516 3951 2738 4005 beatum
2791 3970 3009 4023 quoque
3060 3957 3222 4011 fluent
3274 3971 3468 4029 aperte
3517 3967 3723 4033 accepit
3764 3982 3845 4035 per

2282 4041 2494 4096 fidelem
2536 4053 2593 4098 et
2637 4045 2939 4101 ferventem
2984 4050 3410 4112 confessionem.
3467 4052 3560 4109 Sic
3622 4056 3843 4111 Zebedszi

2280 4131 2451 4185 filium
2497 4145 2721 4189 secutus
2763 4147 2866 4201 est,
2907 4140 2999 4208 qui
3044 4141 3348 4209 appellatus
3391 4143 3497 4199 fuit
3541 4145 3685 4201 filius
3720 4148 3845 4201 toni-

2279 4234 2367 4278 tru
2397 4224 2601 4294 (Marc.
2636 4244 2718 4292 ιιι,
2758 4230 2853 4296 l7)
2884 4250 2897 4285 :
2930 4240 3217 4301 propterea
3252 4235 3396 4303 quod
3450 4248 3643 4306 aperte
3670 4242 3842 4294 memi-

2279 4315 2364 4367 nit
2388 4315 2439 4367 in
2484 4317 2757 4388 principio
2782 4319 3022 4375 Verbum
3059 4336 3201 4383 esse,
3230 4333 3285 4377 et
3317 4327 3464 4394 apud
3500 4327 3672 4383 Deum
3696 4346 3839 4384 esse:

2279 4414 2333 4460 et
2364 4409 2624 4463 erudiens
2665 4411 2848 4465 effecit
2896 4413 3036 4468 alios
3092 4415 3286 4484 spiritu
3325 4421 3688 4489 apostolicos,
3727 4439 3837 4493 pro-

602 4492 728 4531 cum
758 4480 1047 4535 Servatore
1070 4498 1419 4553 comparans.
1451 4489 1503 4541 in
1528 4504 1593 4543 eo
1615 4492 1760 4560 quod
1790 4494 2173 4548 venerabiliter
2206 4492 2249 4545 D
2281 4507 2466 4566 pterca
2512 4502 2657 4569 quod
2702 4504 3161 4575 evangelistarum
3218 4508 3486 4565 divinitus
3534 4514 3841 4583 inspiratam

599 4570 937 4638 exprimatur
957 4573 1180 4643 effigies,
1212 4577 1315 4631 hoc
1357 4579 1594 4637 affirmas
1648 4584 1766 4638 sine
1801 4586 1947 4639 omni
1978 4587 2173 4641 distin--

598 4660 823 4715 ctione:
874 4664 1141 4733 numquid
1171 4670 1554 4724 contumeliam
1610 4681 1666 4727 et
1713 4675 1969 4738 dedecus,
2027 4678 2171 4746 quod

593 4749 740 4814 Jovi,
789 4753 879 4821 qui
940 4753 1077 4808 falso
1114 4755 1358 4821 dicitur,
1409 4761 1641 4826 tribuis,
1703 4777 1904 4821 sancta:
1953 4783 2171 4837 quoque

594 4843 794 4897 Christi
825 4845 1014 4900 forma:
1051 4846 1274 4903 inures?
1310 4850 1505 4905 Audivi
1542 4855 1687 4910 enim
1723 4866 1776 4912 te
1807 4859 1988 4915 inania
2017 4879 2170 4931 qua:-

590 4935 717 4988 dam
754 4936 1064 5004 hujusmodi
1099 4940 1373 4998 adducere
1406 4960 1472 4999 ac
1506 4946 1802 5017 blaterare,
1838 4961 1892 5007 et
1943 4953 2030 5020 iis,
2073 4955 2167 5024 qui

564 5045 622 5114 La
652 5027 857 5082 Christi
885 5039 1154 5085 vocantur
1179 5036 1423 5102 nomine,
1448 5046 1504 5092 et
1528 5039 1809 5097 Trinitatis
1836 5045 2023 5115 gloriae
2050 5048 2166 5102 cul-

558 5106 731 5183 stum,
768 5120 1030 5176 honorem
1067 5133 1123 5179 et
1165 5127 1335 5181 solam
1370 5129 1539 5186 latrize
1565 5133 1937 5191 adorationem
1972 5140 2164 5193 invisi-

591 5210 773 5264 bilitcr
791 5219 848 5266 et
874 5224 1080 5268 canunt
1109 5225 1160 5269 et
1176 5217 1441 5287 tribuunt,
1465 5221 1737 5280 intentare
1764 5228 1968 5282 crimen
1988 5228 2159 5283 idolo-

584 5492 641 5536 ct
673 5482 950 5542 simulacri
994 5486 1189 5546 lovis?
1231 5492 1349 5548 Non
1384 5496 1623 5553 honeras
1655 5501 1964 5569 Christum,
2014 5506 2158 5574 quod

657 5617 766 5689 (62)
807 5621 885 5701 lta
916 5625 1065 5701 apud
1094 5625 1460 5698 Nicephorum
1494 5636 1666 5691 sancti
1699 5636 1912 5694 Tarasii
1938 5656 2160 5696 succes-

584 5695 1175 5779 forumAinHCata-logo
1207 5695 1904 5779 episcqiorum__Byaantii.
1947 5695 2156 5779 primus

584 5758 1136 5845 Agndrcasuapoistolus
1169 5758 1349 5838 praeco
1392 5758 1634 5843 Byzantii
1685 5758 2151 5845 fuit"“Evangelii;

583 5834 855 5885 cxsuusit
883 5834 1077 5902 aedem,
1111 5834 1295 5909 iu'qua
1327 5834 1583 5913 precibus
1619 5848 1722 5915 piis
1756 5834 2144 5917 ίηιιιιυιςιὶίιγιυιί

2278 4591 2725 4658 instrumentum,
2771 4606 2831 4650 ut
2876 4613 3109 4667 quorum
3152 4616 3286 4656 voce
3327 4606 3523 4659 mundi
3574 4608 3721 4663 salus
3767 4624 3841 4663 reo

2274 4694 2449 4747 sonet,
2488 4685 2540 4738 in
2597 4686 2880 4753 Ecclesiis,
2921 4707 3042 4761 quae
3097 4703 3252 4747 erant
3310 4696 3517 4767 ubique
3563 4709 3837 4763 terrarum,

2272 4775 2546 4829 coloribus
2578 4795 2893 4848 expressum
2927 4785 3317 4849 materialibus,
3348 4792 3745 4848 convenienter
3769 4795 3840 4849 di-

2271 4866 2411 4921 vinae
2439 4878 2493 4922 et
2524 4878 2764 4939 paternae
2794 4874 3073 4930 traditioni
3112 4877 3339 4946 jusserit
3370 4899 3383 4933 :
3412 4892 3472 4937 ut
3502 4901 3661 4941 meus
3702 4902 3837 4941 com-

2271 4970 2471 5026 puncta
2502 4977 2600 5031 per
2631 4966 3001 5036 evangelit-am
3033 4984 3353 5042 sacramque
3382 4975 3617 5048 effigiem
3643 4989 3696 5033 et
3724 4994 3834 5033 san-

2268 5051 2509 5106 ctitatem
2543 5054 2610 5107 ad
2651 5054 2844 5119 Deum,
2872 5059 2965 5127 qui
3008 5060 3125 5114 hmc
3155 5062 3234 5116 eis
3268 5063 3574 5134 inspiravit,
3610 5069 3834 5124 multifa-

2268 5141 2402 5195 riam
2438 5144 2698 5199 honorem
2731 5150 3147 5215 transmitteret,
3174 5163 3229 5207 et
3259 5154 3577 5213 efficeretur
3606 5171 3835 5232 recepta-

2268 5233 2454 5287 culum
2515 5238 2951 5293 vencrandarum
3001 5242 3638 5306 auditionum.Andre:e
3695 5267 3830 5313 vero,

2263 5324 2357 5392 qui
2416 5324 2519 5380 fuit
2554 5336 2777 5382 vocatus
2812 5330 3020 5398 primus
3048 5348 3113 5387 ex
3145 5338 3406 5404 apostolis
3443 5338 3631 5409 (Joan.
3666 5357 3703 5408 ι,
3727 5342 3829 5411 ιο),

2262 5417 2402 5470 adeo
2451 5417 2552 5472 fuit
2584 5420 2920 5489 propinquus
2962 5434 3018 5478 et
3050 5428 3376 5496 conjunctus
3405 5446 3673 5503 germano
3720 5435 3830 5489 vitae

2262 5507 2531 5573 instituto,
2569 5519 2629 5564 ut
2657 5511 2770 5581 (62)
2803 5513 3045 5570 habenas
3068 5518 3311 5589 ejusdem
3340 5526 3635 5591 pastoralis
3662 5527 3828 5581 cathe-

2262 5640 2426 5707 Dcus,
2460 5644 2601 5698 ultra
2619 5647 3300 5729 .regioiieninArgyropoli,
3330 5664 3385 5710 et
3417 5659 3698 5715 ordinavit
3725 5662 3826 5729 epi-

2258 5727 2486 5802 sco'pum
2549 5716 2701 5802 urbis
2726 5717 2878 5802 illius
2901 5716 3175 5802 “Stachyn'.
3210 5716 3368 5793 cujus
3400 5730 3657 5802 meminit
3694 5716 3822 5802 Apo-

2259 5786 2433 5838 stolus
2461 5785 2514 5838 in
2544 5787 2773 5855 cpistola
2804 5789 2870 5843 ad
2900 5785 3195 5860 Romanos,
3226 5785 3345 5866 ca'p.
3383 5813 3492 5861 va,
3529 5801 3579 5853 9.
