3994 6506
192 328 333 394 1417

1739 338 1937 398 VITA.

3317 334 3453 403 1413

182 444 476 512 drm,post
507 441 807 506 totstecula,
840 443 934 497 sed
959 456 1189 496 numero
1213 444 1370 499 valde
1405 443 1772 514 multiplicata:
1799 452 1845 508 Α
1874 446 2115 516 pretioso
2155 445 2246 499 illo
2294 444 2586 515 sanguine,
2630 457 2791 513 quem
2838 443 3152 508 ostendens,
3189 444 3352 501 dabat
3388 450 3453 503 ad

180 532 482 602 acceperit,
512 542 569 587 et
593 532 662 586 ad
702 541 903 587 metam
929 534 1168 589 cmlestis
1197 550 1391 589 cursus
1428 550 1646 607 gregem
1668 551 1765 605 per

181 624 451 678 virtutem
473 623 782 691 deduxerit,
807 634 863 680 et
884 626 1125 681 victoria:
1148 626 1229 681 eis
1254 642 1415 682 causa
1444 626 1610 682 fuerit
1637 642 1770 682 con-

183 725 271 769 tra
306 714 669 773 adversarios.
707 716 877 772 Paulo
928 726 1111 773 autem
1159 716 1263 772 fuit
1289 718 1571 790 colligatus
1596 719 1650 773 in
1681 735 1767 784 eo,

179 808 337 877 quod
373 809 426 862 in
455 808 707 863 docendo
733 809 939 879 primas
984 820 1167 881 partes
1202 811 1523 867 obtinuerit.
1570 810 1767 867 Totum

180 899 337 952 enim
369 898 636 954 mundum
661 900 813 956 verbi
842 901 1364 957 nexibusinclusum
1392 905 1532 957 intra
1552 904 1768 958 decreta

178 989 584 1053 ecclesiastica,
614 992 891 1061 sapienter
909 992 1087 1047 eﬁ‘ecit
1111 995 1369 1064 pupulum
1402 994 1511 1049 Deo
1531 996 1769 1065 acquisi-

180 1090 306 1135 tum
360 1091 415 1137 et
466 1082 646 1153 regale
699 1083 1086 1138 sacerdotium.
1144 1084 1361 1138 Petrum
1423 1100 1575 1147 vero.
1624 1085 1767 1154 quod

180 1174 487 1229 multorum
520 1184 739 1244 patrum
771 1191 1019 1230 summus
1052 1176 1123 1230 sit
1152 1179 1475 1247 appellatus.
1498 1164 1577 1232 et
1622 1178 1766 1247 quod

180 1267 235 1322 ei
272 1267 543 1322 creditum
564 1268 728 1323 fuerit
754 1268 921 1339 ligare
943 1280 997 1322 et
1021 1270 1254 1335 solvere,
1282 1286 1620 1340 quaecunque
1641 1283 1771 1326 sunt

179 1356 410 1411 vinculo
448 1358 611 1429 digna
644 1367 698 1413 et
737 1359 1031 1422 solutione.
1061 1360 1277 1415 abunde
1306 1365 1593 1431 expressit.
1630 1362 1765 1417 Cum

146 1448 535 1503 .Praccursore
564 1451 958 1505 convenienter
1006 1453 1224 1521 quidem
1277 1452 1349 1517 ei,
1405 1454 1496 1523 qui
1532 1455 1601 1508 ab
1653 1455 1769 1525 ipso

178 1541 293 1595 fuit
323 1541 634 1610 praedictus.
667 1552 723 1596 et
766 1542 904 1598 dixit
932 1544 1192 1613 majorem
1236 1543 1451 1601 Joanne
1499 1562 1607 1599 non
1645 1562 1767 1599 sur-

177 1633 395 1686 rexisse
448 1633 592 1686 inter
624 1641 781 1688 natos
814 1635 1106 1690 mulierum
1140 1636 1359 1706 (Matth.
1388 1653 1463 1701 ιι,
1508 1636 1625 1706 Η),
1653 1655 1763 1691 non

176 1723 495 1777 audendum
510 1732 595 1777 est
611 1739 735 1778 eum
765 1724 820 1779 in
856 1726 1040 1782 multis
1064 1726 1334 1792 conferre,
1367 1728 1471 1783 nisi
1499 1730 1673 1783 solutn
1711 1732 1762 1784 in

177 1815 298 1868 acri
337 1823 393 1869 et
442 1815 729 1885 praefracta
756 1816 1010 1873 libertate
1041 1819 1500 1887 reprehendendi,
1538 1824 1764 1891 zeloque

178 1905 277 1973 qui
313 1906 534 1976 reprimi
580 1922 690 1961 non
723 1914 960 1977 poterat,
991 1907 1368 1965 alIirmandum
1392 1920 1477 1966 est
1497 1928 1606 1967 non
1639 1928 1767 1982 pro-

176 1998 272 2050 cul
334 1998 577 2052 abfuisse
619 1998 926 2054 Tarasium.

254 2091 344 2143 45.
395 2089 465 2146 Ut
518 2098 700 2145 autem
735 2106 859 2145 cum
898 2107 1115 2162 quoque
1160 2092 1345 2147 videas
1382 2094 1579 2149 merito
1611 2096 1764 2165 sequi

176 2196 303 2244 eos,
328 2182 421 2250 qui
462 2182 767 2237 ﬂoruerunt
794 2191 922 2236 ante
953 2183 1215 2252 gratiam,
1262 2183 1392 2239 hinc
1434 2184 1596 2239 scies.
1629 2183 1763 2239 Cum

173 2274 445 2329 divinitus
474 2286 621 2330 moto
642 2284 786 2330 cestu
814 2275 1203 2344 prophetarum
1226 2276 1557 2346 conspiravit
1579 2277 1765 2331 divino

174 2367 380 2436 spiritu
433 2366 773 2436 inspiratus:
804 2366 1247 2435 quandoquidem
1297 2367 1374 2422 illi
1409 2368 1628 2437 quidem
1668 2385 1765 2439 po-

177 2459 333 2527 pulo,
366 2459 455 2527 qui
485 2458 623 2513 duce
646 2456 795 2512 Mose
830 2473 928 2528 per
957 2472 1108 2511 mare
1154 2457 1400 2513 Rubrum
1432 2474 1607 2529 nuper
1645 2460 1763 2515 fue-

176 2560 266 2604 rat
307 2566 336 2603 a
371 2550 506 2604 dura
539 2550 805 2605 servitute
839 2550 1121 2613 liberatus,
1155 2561 1210 2605 et
1256 2551 1326 2605 ab
1368 2550 1563 2607 insano
1611 2554 1759 2607 cultu

177 2643 451 2695 idolorum
491 2642 884 2696 admirabiliter
918 2643 1230 2707 transierat,
1266 2652 1388 2713 post
1421 2644 1665 2699 divinum
1696 2647 1759 2699 il-

176 2733 293 2786 lum
347 2732 437 2787 Dei
471 2733 981 2802 contemplatorem,
1015 2734 1281 2789 salutares
1336 2744 1524 2804 portus
1561 2738 1760 2791 divini-

179 2833 270 2878 tus
291 2825 607 2886 adfuerunt,
641 2823 942 2895 prephetim
972 2840 1202 2880 ancoras
1229 2827 1554 2893 relaxantes,
1584 2840 1640 2883 et
1670 2846 1759 2884 va-

176 2916 305 2970 lidis
338 2916 558 2985 pietatis
587 2916 868 2987 alligautes
894 2916 1235 2979 rudentibus,
1268 2928 1323 2972 et
1350 2918 1483 2973 citra
1517 2935 1757 2975 errorem

176 3008 516 3063 deducentes
545 3009 613 3063 ad
669 3017 867 3062 terram
898 3008 1006 3076 ,Dei
1042 3009 1385 3080 cognitionis.
1435 3011 1533 3067 llic
1578 3022 1759 3069 autent

176 3101 504 3166 Eeclesiam,
542 3117 663 3172 qua:
702 3116 812 3155 non
840 3116 1000 3156 secus
1028 3117 1091 3157 ac
1122 3104 1312 3173 cymba
1340 3106 1396 3159 in
1424 3105 1559 3159 mari
1590 3106 1761 3176 agita-
1786 3134 1829 3193 ο

177 3196 343 3248 batur
371 3193 647 3260 fluctibus,
680 3201 737 3247 et
763 3194 1017 3249 veniebat
1050 3193 1105 3249 in
1143 3194 1469 3264 periculum.
1507 3211 1578 3250 ne
1609 3195 1759 3250 face-

177 3294 260 3340 ret
286 3286 556 3355 jacturam
588 3299 802 3350 eorum,
832 3298 972 3354 quos
1005 3284 1259 3348 vehebat,
1297 3294 1582 3355 propterea
1611 3287 1755 3356 quod

175 3380 399 3430 deesset
424 3377 631 3445 peritus
663 3377 1017 3448 gubernator,
1045 3376 1139 3445 qui
1171 3376 1452 3431 resisteret
1481 3374 1755 3438 ﬁuctibus,

174 3486 328 3525 sana:
364 3469 488 3524 ﬁdei
521 3470 673 3524 clavo
710 3483 926 3539 regens,
972 3467 1031 3522 in
1060 3476 1224 3541 portu
1250 3467 1483 3524 collocat
1511 3485 1525 3522 :
1554 3478 1609 3524 et
1640 3484 1756 3534 eos,

174 3562 272 3631 qui
304 3571 462 3616 erant
501 3561 556 3616 itt
586 3577 668 3625 ea,
704 3570 1075 3623 conservatos,
1105 3560 1295 3615 idolica
1322 3570 1378 3615 et
1405 3576 1563 3635 vana,
1593 3576 1756 3630 quam

173 3655 231 3709 in
265 3655 448 3725 lingua
476 3655 751 3709 habebant
778 3654 1043 3708 adversus
1062 3670 1247 3709 sacras
1274 3653 1558 3725 imagines,
1579 3654 1756 3709 ablata

174 3747 462 3817 Opinione,
490 3747 843 3817 synodalibus
870 3748 1220 3817 paternisque
1246 3754 1299 3800 et
1333 3746 1498 3801 rectis
1523 3745 1757 3802 circum-

178 3841 401 3895 vallavit
447 3840 703 3895 decretis.
762 3839 898 3893 Cum
948 3848 1300 3893 sacrosancto
1345 3848 1529 3892 autem
1584 3838 1757 3907 psalle

179 3932 349 3984 David
384 3930 661 3985 concurrit
701 3931 755 3984 in
818 3930 1150 3992 innocentia,
1182 3938 1239 3983 et
1276 3944 1399 3984 cum
1429 3944 1496 3983 eo
1528 3927 1758 3998 diligens

174 4025 435 4078 decorem
478 4024 673 4077 domus
707 4021 943 4086 Domini,
980 4038 1091 4076 non
1124 4022 1272 4076 dedit
1301 4036 1552 4075 somnum
1584 4020 1758 4075 oculis

174 4128 231 4172 et
259 4116 532 4186 palpebris
558 4115 1024 4175 dormitationem.
1046 4124 1102 4170 et
1127 4116 1372 4186 requiem
1397 4116 1755 4185 temporibus,

173 4210 355 4262 donec
384 4207 626 4277 seipsum
679 4206 956 4276 exemplar
986 4206 1217 4261 Domino
1247 4213 1301 4260 et
1345 4206 1755 4261 tabernaculum

176 4301 291 4354 Deo
319 4298 506 4362 Jacob,
558 4299 699 4355 sicut
742 4299 850 4364 ille,
900 4299 1167 4353 exhibuit.
1219 4299 1346 4354 Zelo
1402 4309 1583 4354 motus
1630 4316 1755 4355 cum

174 4390 433 4454 Phinees,
466 4390 713 4445 haeresim
742 4400 797 4446 et
831 4391 949 4461 ejus
993 4400 1266 4449 amatores
1312 4402 1571 4463 tauquam
1615 4409 1757 4449 verae

1869 538 2176 593 debitorum
2209 538 2405 591 anima:
2428 537 2775 592 solutionem.

1940 630 2029 684 46.
2060 629 2260 685 Mosam
2290 640 2473 684 autem
2498 628 2766 699 expressit
2799 628 2851 681 in
2878 644 2966 693 eo,
2998 628 3143 698 quod
3170 640 3318 685 esset
3348 631 3453 685 mi-

1872 722 1961 784 tis,
1993 730 2049 776 et
2079 722 2134 775 in
2159 722 2371 776 nullum
2404 719 2705 775 ostenderit
2742 720 3031 791 vestigium
3064 719 3177 773 odii
3204 729 3259 774 et
3290 722 3455 775 male-

1870 814 2142 881 volentiae,
2178 815 2393 869 etiamsi
2424 813 2614 868 furiosi
2646 822 2702 867 et
2737 813 3005 878 malevoli,
3037 811 3217 867 Patris
3244 812 3451 869 Tarasii

1870 905 2083 959 dicendi
2121 906 2446 969 libertatem,
2477 920 2597 975 qttre
2641 908 2708 959 ad
2758 904 3131 975 insipientium
3172 907 3453 975 spectabat

1869 997 2289 1061 correctionem,
2318 998 2451 1052 iram
2482 1008 2537 1053 et
2562 998 2747 1051 odium
2774 1011 2895 1051 esse
2924 998 3066 1052 male
3092 998 3449 1067 conjecerint.

1869 1087 2117 1143 Gustavit
2147 1088 2266 1143 .Iobi
2299 1090 2646 1154 tentationes,
2685 1086 2899 1143 etiamsi
2935 1103 3043 1141 non
3086 1087 3141 1141 in
3192 1089 3355 1143 rebus
3380 1091 3452 1143 si-

1872 1181 2113 1234 milibus.
2138 1178 2274 1235 Cum
2300 1179 2467 1235 Jacob
2489 1187 2549 1233 ut
2571 1180 2757 1250 gratiae
2781 1179 3044 1243 Israelita,
3068 1188 3121 1233 et
3146 1180 3453 1250 appellatus

1869 1280 2047 1328 mens,
2079 1281 2200 1334 quae
2228 1266 2399 1319 Deum
2427 1264 2665 1327 videbat,
2701 1265 2861 1317 simul
2896 1274 3161 1334 purgatus
3206 1265 3451 1319 sanctiﬁ-

1869 1366 2026 1410 catur
2082 1356 2264 1411 anima
2310 1366 2367 1413 et
2394 1356 2745 1428 cogitatione.
2782 1355 2953 1411 Simul
2993 1372 3116 1410 cum
3164 1356 3314 1412 Isaac
3349 1358 3451 1413 fuit

1870 1449 1973 1503 ﬁde
1996 1449 2384 1512 sanctiﬁcatus,
2416 1449 2629 1503 etiamsi
2660 1463 2768 1502 non
2800 1464 2829 1502 a
2862 1457 3037 1518 patre,
3086 1450 3179 1503 sed
3211 1448 3326 1518 ipse
3356 1464 3450 1505 cor

1870 1556 2030 1595 suum
2057 1541 2113 1595 in
2153 1541 2532 1596 holocaustum
2560 1541 2840 1595 oﬁ‘erens:
2875 1556 3109 1609 eumque
3148 1540 3337 1595 fuisset
3369 1542 3449 1594 vi-

1869 1635 2031 1688 ctima
2085 1642 2141 1688 et
2197 1635 2494 1699 sacriﬁcus,
2543 1636 2595 1687 in
2648 1634 2874 1687 odorem
2921 1634 3207 1687 suavitatis
3255 1634 3453 1688 obtulit

1870 1726 2300 1796 pulcherrimum
2352 1728 2462 1781 Deo
2491 1725 2836 1779 sacriﬁcium.
2869 1725 3002 1779 Cum
3053 1725 3348 1789 Abraham,
3385 1741 3451 1780 eo

1870 1819 2012 1888 quod
2050 1818 2217 1873 fuerit
2270 1829 2423 1889 pater
2471 1818 2731 1888 spiritalis
2780 1818 3069 1871 multarum
3126 1818 3365 1872 tribuum
3396 1829 3453 1873 et

1870 1910 2216 1979 populorum,
2258 1918 2312 1964 et
2358 1909 2672 1972 crediderit,
2722 1919 2777 1963 et
2812 1909 2884 1973 ei,
2916 1908 3007 1977 qui
3053 1924 3176 1963 eum
3221 1908 3446 1974 fecerat,

1868 2020 2005 2074 pure
2034 2004 2307 2068 servierit,
2330 2003 2636 2058 divinarum
2662 2001 3089 2074 promissionum
3114 2000 3346 2055 fructum
3366 2012 3449 2056 est

1868 2104 2218 2151 consecutus.
2243 2093 2348 2150 Sed
2380 2095 2507 2165 quid
2535 2094 2654 2164 ejus
2676 2093 2940 2148 virtutum
2965 2093 3271 2147 transmitte
3299 2109 3449 2149 mare

1867 2186 2241 2242 Atlanticum?
2268 2186 2616 2256 Imponamus
2651 2199 2780 2254 ergo
2813 2184 2973 2238 rebus
3014 2182 3444 2250 conclusionem,

1866 2286 1923 2333 et
1955 2295 2021 2334 ex
2076 2278 2340 2349 prommio
2398 2277 2559 2332 ﬁnem
2600 2274 2916 2335 efﬁciamus.
2963 2284 3016 2329 et
3060 2290 3130 2330 ne
3176 2276 3446 2346 promisso

1865 2383 1978 2424 non
2009 2380 2153 2424 stare
2186 2384 2498 2440 arguamur,
2531 2368 2654 2439 plus
2684 2383 2846 2438 quam
2883 2383 2979 2437 par
3034 2369 3102 2422 sit
3139 2370 3447 2438 producen-

1867 2470 1949 2516 tes
1975 2461 2299 2518 orationem.

2479 2550 2705 2608 CAPUT
2745 2552 2835 2606 XI.

1900 2643 2081 2699 Sancti
2111 2645 2317 2699 Tarasit'
2342 2655 2598 2710 senectus,
2631 2646 2857 2709 morbus,
2879 2646 3068 2710 obitus,
3093 2646 3387 2713 sepultura.

1931 2738 2021 2791 47.
2062 2737 2187 2791 Post
2213 2738 2444 2807 plurima
2486 2737 2630 2791 enim
2670 2736 2990 2800 certamina,
3019 2745 3075 2790 et
3109 2734 3442 2805 profundum

1860 2826 2125 2880 doctrinae
2176 2826 2470 2892 inﬁnitum,
2502 2834 2559 2880 et
2591 2826 2715 2881 vitae
2756 2826 2999 2879 honestae
3027 2824 3341 2894 puritatem,
3389 2835 3445 2877 et

1862 2933 2003 2972 verte
2035 2918 2159 2972 ﬁdei
2191 2917 2613 2982 confessionem,
2645 2927 2701 2972 et
2747 2917 2957 2971 ratione
3008 2916 3220 2986 pra-diti
3266 2916 3448 2988 gregis

1860 3010 1926 3064 ad
1969 3026 2054 3076 ea,
2087 3026 2209 3079 quae
2259 3019 2387 3065 sunt
2417 3010 2795 3080 praestantiora
2830 3020 2886 3064 et
2914 3009 3117 3077 divina,
3152 3009 3274 3079 ejus
3322 3024 3444 3064 mo-

1863 3101 1992 3156 nitis
2020 3102 2426 3166 deductionem,
2470 3112 2526 3157 et
2556 3102 2611 3156 in
2645 3102 2853 3157 alendis
2884 3102 3217 3173 pauperibus
3253 3103 3444 3172 copio-

1864 3208 1979 3247 sam
2008 3194 2524 3263 suppeditationem,
2556 3194 2905 3259 etassiduam
2929 3194 3132 3248 sanctis
3157 3194 3320 3250 rebus
3346 3196 3444 3250 da-

1863 3290 1971 3337 tam
2002 3297 2247 3352 Operam,
2275 3282 2404 3337 etin
2430 3283 2687 3353 pastorali
2714 3298 2943 3337 munere
2965 3282 3278 3337 diuturnam
3321 3300 3441 3341 mo-

1861 3389 1977 3428 ram
2006 3373 2215 3445 (viginti
2272 3374 2416 3429 enim
2448 3384 2505 3429 et
2549 3374 2687 3430 duos
2711 3375 2823 3445 (65)
2862 3389 3037 3429 annos
3073 3374 3441 3444 pontiﬁcalem

1859 3466 2137 3522 decoravit
2184 3467 2549 3539 cathedram),
2584 3467 2845 3539 ingruens
2902 3469 3128 3524 morbus
3182 3480 3237 3524 et
3289 3470 3443 3525 valde

1860 3575 2078 3633 gravem
2112 3559 2162 3614 ei
2185 3560 2429 3615 dolorem
2465 3560 2721 3626 aﬁerens,
2752 3577 2858 3616 non
2892 3562 3183 3632 persuasit,
3219 3573 3276 3617 ut
3305 3563 3443 3617 obli-

1861 3653 2165 3708 visceretur
2196 3655 2446 3724 perpetui
2482 3662 2540 3708 et
2570 3654 2743 3709 divini
2771 3653 2954 3710 oﬁicii.
3005 3653 3139 3708 Nam
3171 3664 3226 3709 et
3252 3656 3443 3710 morbo

1859 3756 1915 3802 et
1939 3746 2093 3802 senio
2114 3746 2387 3812 laborans,
2408 3762 2755 3817 nequaquam
2778 3748 3081 3803 satiabatur
3110 3750 3440 3804 sacrosancti

1859 3837 2099 3909 mysterii
2132 3838 2519 3903 celebratione,
2555 3840 2649 3893 sed
2700 3839 2918 3893 intenso
2955 3839 3023 3893 ad
3052 3839 3223 3894 Deum
3254 3856 3441 3895 amore

1858 3929 2077 3994 ardens,
2106 3937 2161 3983 et
2191 3928 2364 3983 morbi
2411 3928 2614 3983 nullam
2641 3929 2848 3983 ducens
2878 3929 3170 3995 rationem,
3220 3940 3439 3999 pectore

1859 4020 2103 4075 innitens
2136 4035 2339 4075 mensa:
2372 4020 2583 4089 ligneae,
2613 4035 2734 4089 quae
2775 4020 3085 4090 ponebatur
3136 4031 3261 4075 ante
3290 4037 3437 4075 aram

1857 4111 2119 4174 divinam,
2148 4120 2336 4165 sancta
2367 4110 2681 4181 peragebat.
2706 4109 2750 4165 Ο
2784 4110 2945 4165 ﬁdem
2972 4121 3027 4166 et
3052 4112 3355 4181 sapientem
3384 4113 3437 4165 in

1859 4204 2023 4258 rebus
2050 4203 2253 4258 divinis
2282 4203 2651 4274 diligentiam!
2687 4218 2719 4257 ο
2741 4202 3153 4257 interminatum
3182 4204 3234 4257 in
3269 4204 3439 4259 Deum

1857 4313 2098 4352 amorem
2123 4299 2135 4351 ε
2166 4296 2282 4352 Νοη
2308 4298 2454 4353 enim
2480 4312 2667 4351 curam
2689 4296 2909 4369 gerebat
2932 4296 3198 4366 corporis,
3228 4307 3286 4352 ut
3313 4313 3436 4351 cum

1858 4406 2039 4445 rerum
2098 4389 2405 4445 divinarum
2444 4405 2569 4444 eum
2621 4389 2855 4458 cepisset
2899 4388 3145 4450 satietas,
3186 4388 3439 4459 mysteria

174 4483 555 4539 fornicationis
594 4483 997 4538 introductorcs
1043 4493 1098 4538 et
1144 4484 1452 4556 dogmatum
1492 4486 1754 4541 adulteri—
1792 4486 1833 4542 ο
1861 4483 2044 4538 divina
2077 4482 2522 4552 interrumperet,
2566 4481 2661 4535 sed
2711 4479 2988 4535 laboribus
3031 4481 3436 4543 corroboratus,

172 4592 372 4630 norum
406 4576 699 4647 genitores,
726 4576 988 4632 confodit.
1021 4577 1252 4633 Aaronis
1273 4580 1550 4648 superavit
1577 4596 1758 4635 sacer-

171 4670 409 4722 dotium.
442 4669 560 4722 Non
592 4669 736 4723 enim
783 4670 1146 4724 tintinnabula
1184 4680 1239 4727 et
1277 4672 1414 4726 mala
1455 4672 1673 4741 punica,
1705 4682 1760 4728 et

170 4759 383 4827 lapides
411 4760 647 4828 pectoris
677 4770 732 4813 ct
765 4761 1251 4831 superhumeralis,
1281 4777 1458 4832 neque
1492 4764 1672 4826 tnitra,
1704 4773 1759 4817 et

168 4851 390 4917 cidaris,
423 4860 477 4904 et
505 4852 711 4916 talaris,
736 4863 789 4907 et
833 4853 950 4906 auri
998 4853 1216 4919 lamina,
1260 4855 1408 4909 hunc
1435 4854 1574 4910 sicut
1606 4856 1755 4910 illum

167 4942 464 4997 amiciebat
521 4943 626 4997 ritu
679 4945 1000 5010 sacerdotis,
1059 4960 1233 5015 neque
1287 4946 1611 5002 sacrificium
1659 4963 1757 5017 per

167 5034 499 5103 sanguinem
532 5042 811 5089 taurorum
856 5044 913 5090 et
960 5037 1260 5101 hircorum,
1292 5037 1413 5106 ejus
1465 5048 1520 5092 et
1572 5037 1754 5111 pepuli

165 5124 428 5189 expiabat
459 5123 792 5193 ignorautias
823 5143 835 5178 :
876 5125 970 5180 sed
1003 5126 1319 5181 moderatus
1358 5127 1593 5183 amictus
1630 5146 1754 5185 cum

166 5214 366 5283 spiritu
424 5216 781 5284 paupertatis,
812 5233 937 5272 eum
992 5217 1253 5272 reddebat
1291 5218 1655 5287 splendidum,
1701 5231 1756 5275 et

165 5305 328 5375 legali
367 5306 687 5361 ltolocausto
716 5318 875 5362 erant
909 5310 1227 5377 saeratiora,
1266 5328 1386 5381 qua:
1418 5313 1486 5366 ab
1522 5328 1587 5367 eo
1616 5313 1752 5367 offe-

167 5397 436 5450 rebantur
468 5415 479 5449 :
514 5406 573 5449 ut
610 5398 702 5466 qui
749 5414 970 5470 agnum,
1003 5403 1096 5470 qui
1143 5402 1280 5457 tollit
1319 5402 1505 5456 mundi
1560 5418 1751 5473 pecca-

168 5500 312 5550 tum,
344 5490 624 5544 Christum
656 5492 992 5547 sacriﬁcaret
1017 5496 1185 5549 sacris
1229 5496 1662 5551 invocationibus
1698 5506 1753 5551 et

166 5580 413 5637 ﬁdelium
446 5584 799 5638 distribueret
823 5585 1097 5649 manibus,
1131 5597 1185 5639 et
1209 5604 1400 5643 omnes
1438 5600 1752 5661 aspergeret

244 5760 356 5831 (63')
401 5761 515 5816 Non
546 5764 869 5832 completos,
901 5772 956 5817 ut
983 5779 1146 5833 supra
1186 5764 1416 5819 dictum.

494 5883 759 5941 Pnnon.
810 5884 926 5941 Gn.
979 5883 1251 5941 XCVIII.

1860 4584 2060 4630 etcum
2094 4573 2257 4629 Paulo
2286 4574 2566 4628 clamans:
2599 4574 2733 4629 Cum
2773 4564 3040 4640 inﬁrmor,
3078 4582 3212 4629 tunc
3246 4583 3440 4643 potens

1861 4683 1981 4722 sum
2015 4664 2103 4736 (II
2134 4666 2255 4721 Cor.
2288 4682 2383 4734 xu,
2410 4668 2518 4739 IO),
2552 4667 2751 4722 acriter
2785 4666 3009 4721 vacabat
3038 4666 3222 4721 divino
3246 4665 3435 4719 cultui.

1930 4760 2017 4813 48.
2062 4759 2290 4813 lnvaluit
2323 4774 2451 4829 ergo
2482 4760 2721 4822 morbus,
2757 4767 2811 4811 et
2848 4772 2973 4811 eum
3004 4758 3071 4811 de
3095 4768 3294 4812 caetero
3320 4773 3438 4811 ces-

1859 4868 1980 4907 sare
2025 4852 2234 4909 faciens
2287 4869 2317 4907 a
2370 4854 2677 4907 divinorum
2732 4853 3070 4920 operatione,
3128 4850 3176 4903 ei
3230 4851 3439 4919 paravit

1860 4945 2058 4999 lectum
2092 4945 2445 5007 inﬁrmitatis,
2476 4945 2618 5013 quod
2655 4943 2859 4996 utinam
2896 4956 3005 4996 non
3038 4940 3260 4996 fecisset
3310 4949 3438 4995 ante

1857 5041 2045 5094 oculos
2072 5055 2281 5102 eorum,
2314 5038 2405 5107 qui
2434 5053 2559 5090 eum
2582 5050 2860 5105 nunquam
2886 5034 2940 5089 in
2965 5034 3108 5089 lecto
3135 5049 3438 5103 conspexe-

1856 5141 2000 5185 rant.
2036 5130 2209 5194 Tunc,
2248 5140 2377 5185 tunc
2403 5131 2463 5183 ﬁt
2507 5128 2825 5183 miraculum
2852 5144 3053 5183 novum
3080 5138 3136 5183 et
3174 5126 3435 5191 terribile,

1855 5224 2001 5295 quod
2046 5237 2167 5286 nos,
2198 5221 2292 5290 qui
2346 5221 2656 5284 aderamus,
2692 5219 3055 5275 admiratione
3111 5218 3353 5288 implevit
3382 5226 3438 5272 et

1856 5315 2071 5379 timore,
2102 5312 2351 5367 videntes
2380 5328 2505 5367 eum
2534 5312 2697 5371 veluti
2732 5312 2787 5366 in
2818 5313 2986 5367 extasi
3016 5351 3031 5377 ,
3057 5320 3113 5366 et
3138 5311 3434 5365 luctantem

1853 5423 1977 5461 eum
2033 5406 2380 5468 adversariis,
2431 5406 2523 5475 qui
2569 5422 2681 5460 non
2733 5406 2937 5460 cadunt
2994 5408 3096 5460 sub
3130 5415 3432 5473 sapectum.

1853 5500 1972 5554 Non
2012 5500 2156 5554 enim
2227 5500 2489 5554 adversus
2552 5516 2772 5556 carnem
2831 5510 2883 5554 et
2938 5499 3256 5571 sanguinem
3320 5507 3438 5554 erat

1852 5592 1899 5645 ei
1933 5600 2234 5655 certamen,
2291 5591 2384 5645 sed
2421 5591 2683 5645 adversus
2734 5591 3093 5660 principatus,
3172 5590 3435 5643 adversus
