4088 6522
559 298 693 365 1119

1617 312 1674 370 S.
1718 314 2027 374 TARASII
2068 318 2572 384 PATRIARCHE
2607 326 2715 386 CP.

3694 337 3840 401 1620

553 420 873 481 potestates,
904 413 1167 470 adversus
1224 417 1484 487 spiritalia
1526 420 1786 489 nequitia
1824 421 2036 493 (Ephes.
2064 438 2138 489 vi,
2170 447 2215 503 Α
2242 429 2548 497 obtinebat,
2598 433 2795 500 Patris,
2838 444 3096 506 tanquam
3150 442 3243 511 qui
3287 446 3560 502 contineri
3608 464 3830 519 posset,

553 505 666 576 12.)
719 505 999 578 Tanquam
1048 508 1193 562 enim
1242 511 1408 565 verba
1463 511 1670 567 faciens
1692 529 1817 568 cum
1842 515 2134 586 aliquibus,

548 599 641 668 qui
666 614 792 653 eum
826 599 1228 669 cxaminabant,
1255 609 1311 656 et
1349 612 1484 658 acta
1516 604 1642 659 vita
1668 606 1937 661 rationem
1972 608 2043 664 ab
2073 623 2138 664 eo

548 692 856 762 exigebant,
895 692 968 746 ita
1023 708 1242 748 causam
1291 709 1447 749 suam
1500 698 1713 767 agebat.
1765 697 2136 764 Quamobrem

549 784 735 837 multis
760 783 1047 839 videbatur
1067 799 1187 840 esse
1214 800 1340 841 reus
1360 787 1620 854 debendi,
1651 797 1705 842 et
1729 791 1996 846 rationem
2014 793 2138 852 red-

548 875 678 929 dere
709 875 1033 941 exactionis,
1078 886 1195 931 erat
1219 892 1351 931 vero
1378 877 1583 947 justum
1615 879 1881 949 judicium
1911 885 2135 954 superni

545 968 734 1023 auxilii
776 983 995 1025 omnem
1058 970 1184 1025 vitae
1240 971 1511 1025 maculam
1570 972 1776 1041 eluere,
1829 982 1884 1029 et
1921 975 2133 1032 nullum

545 1063 693 1117 illinc
738 1062 883 1117 ferre
922 1062 1185 1117 delictum
1231 1080 1245 1118 :
1280 1063 1542 1133 appellari
1579 1073 1761 1120 autem
1792 1065 1931 1122 lucis
1971 1069 2135 1138 parti-

543 1156 740 1225 cipem,
774 1164 827 1208 et
861 1154 1023 1209 simul
1074 1153 1228 1210 obire
1259 1156 1575 1211 caelestibus
1616 1158 1862 1213 materia
1900 1160 2135 1230 experti-

542 1247 645 1302 bus
673 1246 1057 1316 potvstatibus.
1109 1244 1243 1300 Nam
1273 1248 1516 1316 quandiu
1545 1249 1765 1318 quidem
1808 1249 2000 1305 habuit
2032 1252 2133 1305 lin-

540 1354 699 1409 gnam
740 1338 827 1400 iis,
866 1337 958 1402 qui
986 1338 1304 1403 audiebant,
1338 1354 1497 1395 sensa
1523 1354 1711 1408 aperte
1743 1342 2129 1412 explicantem,

540 1427 719 1487 verbis
746 1426 1055 1489 resistebat,
1093 1434 1148 1481 et
1178 1438 1426 1497 prompta
1455 1429 1619 1483 dabat
1649 1446 1913 1500 responsa
1948 1433 2014 1487 ad
2066 1451 2127 1489 ea

537 1534 658 1588 qua
686 1518 1104 1588 objiciebantur,
1131 1518 1322 1573 dicens
1347 1534 1405 1573 se
1426 1521 1630 1575 nullius
1655 1537 1844 1577 eorum
1872 1540 1993 1581 esse
2024 1526 2129 1582 sibi

538 1611 839 1676 conscium,
874 1626 1109 1681 quorum
1139 1627 1264 1665 eum
1298 1627 1560 1668 accusare
1586 1616 1894 1671 voluerant.
1917 1616 1961 1672 Ο
1992 1620 2126 1675 nulli

536 1704 709 1772 culpae
737 1703 951 1758 affinem
976 1720 1103 1759 eum
1136 1704 1246 1760 Deo
1268 1707 1715 1777 coniunctionem
1742 1711 1754 1764 ε
1782 1708 1901 1765 Non
1929 1721 2128 1782 potue-

2218 519 2474 589 gcupiens
2522 525 2818 593 prohibere
2869 528 3203 598 decessum,
3282 536 3536 610 lacrymis
3591 541 3823 606 fadata,

2238 612 2546 681 acerbeque
2575 630 2701 671 eum
2730 634 2999 678 revocans
3028 633 3084 679 et
3102 627 3461 698 amplectens,
3484 642 3541 688 et
3571 643 3830 706 tanquam

2208 715 2360 770 qua
2413 706 2707 763 multorum
2760 711 3034 770 bonorum
3091 730 3376 788 pateretur
3425 727 3829 796 amissionem,

2237 791 2468 859 perinde
2502 803 2668 865 atque
2698 798 2853 866 rivis,
2889 803 3169 873 rigabatur
3199 809 3477 884 lacrymis.

2309 882 2400 938 51.
2432 886 2692 945 Ecclesia
2738 904 2921 949 autem
2958 896 3147 954 latitia
3185 882 3421 961 deflebat
3471 909 3829 968 utilissimum

2237 990 2400 1029 suum
2437 991 2877 1049 procuratorem,
2906 989 3226 1058 agricolam,
3258 996 3643 1066 plantatorem,
3675 1020 3826 1070 eum,

2234 1067 2329 1135 qui
2366 1070 2518 1123 omni
2554 1074 2694 1127 atati
2739 1076 3148 1137 incrementum
3182 1085 3408 1143 dederat
3440 1091 3510 1146 ad
3538 1067 3825 1161 virtutem,

2233 1160 2329 1226 qui
2374 1162 2509 1216 nulli
2558 1167 2786 1222 macula
2833 1171 3130 1229 obnoxium
3165 1193 3517 1240 conservarat
3563 1188 3828 1242 sacerdo-

2236 1248 2392 1317 tium,
2428 1253 2518 1321 qui
2552 1270 2773 1312 omnem
2810 1277 2998 1333 rugam
3047 1268 3204 1323 mala
3244 1271 3520 1341 opinionis
3560 1292 3593 1329 a
3623 1278 3825 1334 divinis

2231 1344 2389 1398 atriis
2421 1346 2777 1418 absterserat,
2819 1355 2911 1423 qui
2959 1372 3060 1427 pro
3095 1361 3325 1418 veritate
3355 1379 3662 1432 sermones,
3704 1379 3825 1425 tan-

2231 1450 2393 1504 quam
2429 1440 2700 1507 pretiosos
2730 1443 2963 1514 lapides,
3016 1449 3070 1503 in
3109 1449 3369 1510 Ecclesia
3399 1457 3674 1515 inﬂixerat
3702 1460 3828 1516 dia-

2229 1526 2469 1594 demate,
2506 1532 2601 1600 qui
2634 1543 2751 1588 erat
2796 1535 3150 1611 incorruptus
3179 1545 3431 1614 antistes,
3470 1551 3565 1619 qui
3600 1550 3670 1607 ad
3705 1568 3824 1609 ma-

2230 1637 2404 1677 nuum
2445 1624 2854 1697 impositionem
2904 1632 3067 1691 donis
3110 1636 3254 1694 allici
3298 1655 3410 1695 non
3452 1653 3693 1714 poterat,
3725 1647 3819 1719 qui

2232 1713 2566 1774 Simoniaca
2599 1721 2791 1794 magia
2825 1741 3021 1784 aurum
3063 1732 3434 1794 adulterinum
3457 1713 3591 1798 esse
3626 1754 3820 1801 osten-

538 1807 669 1851 runt
699 1796 916 1867 maligni
942 1797 1147 1853 inimici
1175 1814 1302 1853 eum
1330 1799 1414 1854 vel
1442 1816 1609 1871 parva
1636 1801 1692 1856 in
1724 1818 1782 1856 re
1810 1803 2116 1875 deprehen.
2152 1807 2195 1864 Β
2222 1807 2399 1877 derat,
2436 1812 2528 1882 qui
2570 1826 2687 1870 erat
2730 1820 3107 1889 apostolorum
3156 1841 3446 1888 successor
3487 1834 3545 1890 in
3575 1837 3812 1907 virtute,

541 1886 973 1907 ,_“__L__,__,_‘__
1172 1889 1346 1907 ,ιωρ
1481 1890 1515 1907 ..
1665 1891 1677 1904 .
1843 1893 1855 1907 .
1927 1893 1959 1907 ..
2110 1894 2122 1907 .
2303 1900 2315 1907 .

535 1886 663 1942 dere
684 1887 1000 1952 obnoxium,
1032 1888 1117 1944 vel
1168 1889 1548 1946 abominandis
1595 1891 1711 1948 suis
1747 1893 2047 1951 sceleribus
2073 1894 2124 1950 ei

533 1979 735 2047 aliquid
766 1974 1024 2051 aﬂingere
1050 2020 1065 2047 ,
1101 1980 1195 2036 sed
1230 1997 1324 2036 eos
1352 1982 1561 2053 redegit
1584 1982 1653 2038 ad
1681 1999 1901 2040 omnem
1936 1986 2123 2042 consi-

533 2068 586 2123 lii
620 2068 881 2139 inopiam,
911 2085 1009 2140 per
1037 2072 1349 2142 generalem
1385 2083 1441 2127 et
1484 2073 1784 2130 terribilem
1826 2075 2122 2132 inficiatio-

532 2179 679 2228 nem,
716 2174 773 2218 ut
794 2179 896 2218 nec
928 2164 980 2217 in
1030 2179 1155 2219 eum
1187 2164 1410 2234 quidem
1444 2174 1671 2236 possent
1697 2166 1863 2222 ullam
1898 2183 2119 2224 causam

531 2257 585 2311 in
617 2256 856 2325 speciem
890 2256 1075 2311 dicere
1110 2257 1474 2327 probabilem.
1507 2258 1738 2325 Quando
1780 2269 1965 2316 autem
2020 2261 2122 2316 Iin-

530 2364 649 2419 gua
678 2349 960 2420 obtorpuit
986 2348 1434 2417 instrumentum,
1473 2367 1576 2408 nec
1605 2368 1665 2408 se
1697 2353 1881 2409 verbis
1906 2364 2121 2424 poterat

529 2441 848 2507 defendere,
896 2443 1069 2509 labro,
1102 2452 1157 2498 et
1201 2459 1387 2510 manu,
1420 2454 1477 2499 et
1512 2455 1651 2500 nutu
1672 2461 1789 2507 eos
1818 2447 2118 2515 evertebat,

529 2545 583 2589 et
609 2549 718 2588 non
749 2535 999 2589 cessabat
1030 2550 1125 2590 eos
1167 2536 1463 2607 expellere.
1507 2536 1807 2593 Videbatur
1840 2538 1984 2593 enim
2017 2554 2120 2594 no-

529 2628 613 2683 bis
640 2637 895 2697 tanquam
941 2629 994 2683 in
1048 2629 1302 2684 inimicos
1338 2629 1592 2686 ferociter
1639 2630 1898 2694 fremere,
1935 2641 1991 2687 et
2022 2648 2117 2687 eos

526 2736 652 2776 cum
684 2720 761 2775 ira
809 2721 1092 2790 repellere,
1147 2721 1323 2777 donec
1376 2736 1568 2777 sensus
1594 2733 1880 2793 ceperunt
1923 2723 2114 2778 conni-

529 2830 676 2869 vere.

596 2930 687 2984 49.
709 2928 863 2984 Tunc
881 2929 1027 2985 enim
1047 2930 1497 2999 tranquillissimo
1529 2931 1744 2997 habitu,
1767 2932 2115 3002 vespertinas

528 3019 715 3075 laudes
762 3021 1077 3075 celebrante
1131 3021 1399 3087 Ecclesia,
1445 3031 1500 3077 et
1526 3022 1799 3078 clamante
1837 3024 2109 3088 :lnclina,

527 3114 779 3180 Domine,
816 3127 872 3168 et
906 3115 1101 3169 exaudi
1132 3130 1238 3181 me,
1276 3116 1393 3186 ipse
1424 3117 1717 3187 pelliceum
1764 3117 1912 3172 hunc
1961 3118 2112 3172 exuit
2138 3149 2182 3211 ο

526 3205 789 3259 amictum
821 3223 832 3257 :
867 3212 923 3259 et
958 3206 1167 3261 relictis
1205 3207 1440 3263 vinculis
1471 3210 1709 3278 carneis,
1750 3210 1991 3265 venitad
2021 3209 2106 3262 lu-

523 3299 737 3353 minosa
786 3299 924 3353 atria
986 3299 1315 3366 caelestium,
1357 3283 1424 3355 et
1479 3302 1693 3359 habitat
1740 3301 1796 3356 in
1844 3299 2107 3356 ineffabili

522 3391 730 3453 laetitia,
757 3405 876 3458 qua
908 3390 1210 3459 percipitur
1232 3392 1616 3463 intelligentia,
1653 3410 1718 3447 ex
1750 3408 1834 3459 ea,
1868 3410 1989 3462 qua
2020 3394 2107 3448 hic

523 3493 626 3547 est,
662 3483 1016 3551 improbitate
1047 3482 1102 3535 in
1134 3484 1319 3537 anima
1349 3485 1561 3538 nullum
1592 3486 1806 3555 signum
1840 3486 2101 3542 inferens.

522 3573 657 3627 Nam
691 3588 815 3627 cum
864 3571 957 3626 hic
1004 3583 1214 3643 ageret,
1274 3573 1571 3629 virtutibus
1621 3584 1797 3630 morte
1844 3575 2104 3632 affecerat

522 3665 753 3720 mortale
798 3666 905 3720 hoc
947 3665 1386 3730 tabernaculum,
1432 3667 1797 3722 erubescebat
1839 3670 1985 3723 enim
2016 3669 2103 3724 di-

520 3762 686 3817 midia
718 3778 783 3817 ex
815 3770 973 3832 parte
1003 3771 1253 3817 naturam
1298 3762 1500 3818 habere
1549 3761 1915 3817 immortalem
1962 3760 2099 3832 (64).

519 3856 768 3911 Mortuus
804 3865 985 3910 tamen
1017 3864 1124 3920 est,
1168 3856 1423 3912 existimo
1466 3864 1653 3910 autem
1689 3855 1853 3911 simul
1884 3871 2101 3925 quoque

518 3965 639 4001 cum
689 3963 755 4003 eo
796 3949 1028 4003 virtutes
1068 3962 1191 4003 esse
1243 3956 1512 4010 mortuas,
1566 3948 1671 4003 nisi
1717 3947 1859 4003 forte
1908 3947 2097 4013 fallor,

516 4038 713 4109 insigni
749 4037 976 4093 audacia
1008 4053 1266 4109 magnum
1298 4038 1428 4107 quid
1459 4046 1513 4093 et
1540 4038 1782 4093 terribile
1810 4039 2095 4109 eloquens.

585 4129 675 4183 50.
714 4128 982 4185 Universa
1017 4145 1151 4184 vero
1186 4129 1403 4195 civitas,
1441 4129 1824 4186 inconsolabili
1862 4132 2013 4186 luctu
2043 4139 2099 4186 et

517 4221 766 4292 lacrymis
793 4237 919 4275 eum
952 4238 1062 4276 non
1097 4222 1349 4277 cessabat
1383 4224 1606 4287 deflere,
1646 4234 1904 4295 tanquam
1936 4240 2094 4280 suum

514 4325 803 4385 patronum
838 4326 894 4370 ct
923 4316 1298 4372 defensorem.
1335 4318 1436 4383 Qui
1482 4328 1665 4374 autem
1704 4318 1934 4375 fideliter
1966 4331 2096 4376 tunc

514 4418 728 4478 sceptra
791 4408 1210 4463 administrabat
1241 4410 1325 4479 (is
1366 4426 1494 4466 vero
1522 4421 1639 4466 erat
1664 4413 1777 4483 (65)
1820 4412 2091 4483 Nicepho

2224 1900 2318 1970 qui
2367 1904 2691 1963 considebat
2722 1920 2781 1966 et
2828 1917 3264 1975 conversabatur
3312 1938 3437 1979 cum
3484 1900 3815 1996 patriarchis

2224 1993 2567 2066 etPatribus,
2586 2001 2820 2070 quicum
2844 2005 3036 2064 electis
3054 2016 3433 2073 consentiebat
3454 1993 3700 2092 svnodis,
3718 2028 3812 2096 qui

2222 2088 2406 2143 omnia
2429 2088 2604 2147 factus
2617 2098 2988 2167 estomnibus,
3009 2105 3288 2178 utaliquos
3304 2088 3814 2175 omninosalvosfac

2221 2188 2369 2233 ceret
2392 2180 2440 2250 (1
2471 2181 2685 2251 Conix,
2725 2186 2846 2259 22).
2880 2196 3277 2253 convenienter
3292 2218 3490 2273 magno
3521 2220 3580 2261 et
3623 2209 3812 2266 divino

2221 2273 2496 2341 apostolo.
2541 2277 2931 2339 Monachorum
2953 2297 3135 2344 autem
3153 2302 3329 2348 catus
3362 2297 3811 2368 religiosissimus

2224 2361 2276 2416 in
2309 2379 2461 2430 eum,
2500 2376 2561 2423 ut
2596 2372 2831 2440 probum
2858 2391 3018 2431 suum
3044 2372 3423 2453 excitatorem,
3449 2398 3506 2444 et
3531 2407 3807 2448 summum

2218 2454 2415 2511 ducem
2473 2461 2542 2516 ad
2595 2462 3005 2535 abstinentiam,
3051 2476 3349 2532 ostendens
3406 2480 3705 2551 tristitiam,
3754 2498 3810 2542 et

2219 2544 2454 2617 hymnos
2485 2560 2789 2610 contexens
2822 2558 3095 2631 lacrymis,
3143 2572 3578 2639 prosequebatur
3604 2577 3674 2630 ad
3690 2544 3807 2648 ipa-

2219 2645 2348 2704 tres,
2381 2642 2477 2711 qui
2506 2645 2661 2714 prius
2690 2648 3021 2708 refulserant
3056 2655 3109 2708 in
3145 2660 3561 2729 exercitatione,
3593 2681 3803 2738 patrem

2214 2728 2309 2797 qui
2329 2742 2449 2786 erat
2472 2737 2826 2794 continentiae
2854 2749 3321 2815 propugnaculum
3351 2728 3801 2828 inexpugnabile.

2215 2821 2319 2887 Qui
2355 2835 2513 2881 erant
2545 2831 2722 2899 egeni,
2771 2847 2932 2889 suum
2977 2840 3442 2909 suppeditatorem
3476 2866 3489 2902 :
3524 2851 3620 2919 qui
3659 2854 3799 2918 orbi,

2214 2916 2433 2972 oculum
2466 2939 2479 2974 :
2506 2923 2599 2991 qui
2622 2924 2827 2990 claudi,
2852 2929 3045 2997 pedem
3081 2950 3093 2985 :
3121 2934 3214 3003 qui
3243 2937 3396 3005 nudi,
3428 2916 3640 2997 vestem
3670 2916 3798 3016 :qui

2215 3007 2490 3080 hospites,
2543 3024 2894 3085 exceptorem
2932 3039 2945 3074 :
2978 3022 3070 3091 qui
3117 3023 3170 3077 in
3220 3026 3477 3095 vinculis,
3525 3034 3797 3091 visitatio-

2213 3113 2340 3152 nem
2378 3118 2389 3153 :
2422 3102 2634 3170 vidua,
2686 3106 3032 3164 defensorem
3081 3128 3094 3165 :
3143 3116 3407 3185 orphani,
3464 3122 3795 3191 adjutorem.

2212 3187 2405 3247 Omnis
2430 3196 2675 3253 conditio
2704 3206 2761 3252 et
2790 3201 2972 3256 omnis
2997 3212 3130 3259 atas
3161 3208 3473 3265 confluebat
3498 3214 3677 3270 instar
3702 3218 3799 3271 llu-
3895 3244 3903 3249 -

2212 3285 2397 3352 minis,
2433 3288 2631 3344 lectum
2662 3302 2918 3365 tangens,
2951 3305 3006 3351 et
3033 3313 3193 3355 sacro
3222 3301 3316 3357 illo
3346 3309 3668 3375 spectaculo
3691 3310 3797 3365 frui

2210 3379 2300 3449 pie
2328 3385 2693 3441 contendens.
2716 3387 2785 3443 Et
2812 3390 2919 3445 nisi
2951 3393 3250 3464 imperator
3280 3401 3465 3470 populi
3496 3405 3795 3461 tumultum

2208 3482 2264 3526 et
2298 3473 2562 3546 impetum
2594 3481 2820 3536 militari
2869 3500 3037 3540 manu
3080 3488 3192 3544 cito
3231 3496 3603 3562 repressisset,
3640 3501 3795 3554 multi

2207 3568 2494 3625 venissent
2534 3572 2588 3625 in
2637 3574 2832 3631 mortis
2883 3579 3216 3648 periculum,
3267 3584 3398 3639 dum
3452 3588 3690 3645 trudunt
3741 3603 3799 3648 et

2206 3658 2447 3714 vicissim
2493 3663 2811 3733 truduntur,
2843 3677 2897 3723 et
2935 3670 3208 3729 laudabile
3235 3677 3539 3735 ostendunt
3572 3681 3797 3740 deside-

2207 3751 2348 3805 rium
2374 3752 2429 3807 in
2463 3770 2611 3823 eum,
2645 3759 2739 3829 qui
2769 3760 3213 3821 desiderabatur.

2274 3845 2364 3900 52.
2407 3847 2684 3919 Sepelitur
2717 3871 2848 3928 ergo
2875 3858 3062 3929 gloria
3084 3861 3307 3931 plenum
3350 3866 3616 3938 inclytum
3666 3886 3793 3927 cor-

2203 3955 2309 4010 pus
2358 3955 2676 4004 sanctorum
2726 3951 2972 4009 virorum
3020 3958 3296 4025 manibus,
3344 3962 3439 4031 qui
3488 3962 3689 4019 lembis
3739 3976 3793 4021 et

2202 4033 2460 4094 lintribus
2517 4040 2684 4097 latum
2731 4060 2884 4101 mare
2938 4057 3141 4105 terram
3190 4052 3422 4108 solidam
3463 4054 3787 4121 effecerant,

2201 4125 2332 4180 dum
2370 4131 2669 4188 transirent
2696 4136 2764 4191 ad
2796 4142 3191 4196 monasterium
3237 4143 3306 4198 ab
3351 4160 3418 4200 eo
3454 4146 3787 4203 adificatum

2202 4222 2256 4275 in
2294 4221 2537 4294 Bosporo
2582 4225 2897 4299 Byzantino,
2952 4233 3008 4287 in
3062 4237 3379 4292 venerando
3424 4241 3633 4310 templo
3666 4258 3785 4297 om-

2198 4312 2351 4367 nium
2391 4326 2718 4387 martyrum,
2745 4321 2837 4390 qui
2869 4338 2969 4392 pro
2998 4324 3221 4381 Christo
3265 4331 3590 4399 sanguinem
3631 4334 3785 4389 ellu-

2198 4401 2422 4470 derunt,
2454 4420 2578 4460 cum
2611 4410 2817 4465 mensis
2847 4410 3112 4470 Februar.
3150 4416 3261 4488 (66)
3289 4419 3543 4487 quintum
3569 4431 3785 4479 teneret

515 4506 627 4569 rus)
651 4540 665 4561 ,
687 4516 797 4554 non
833 4501 1083 4555 cessabat
1111 4501 1297 4557 dolore
1326 4504 1580 4558 cruciari.
1620 4504 1917 4560 Procidens
1948 4507 2093 4560 enim

2213 4493 2345 4548 liem
2387 4512 2511 4550 cum
2542 4499 2833 4571 quintuplo
2860 4507 3243 4573 quaternione.
3275 4511 3415 4566 Eum
3445 4522 3629 4569 autem
3659 4517 3783 4571 lon-

513 4606 677 4660 supra
724 4598 914 4661 pectus
968 4590 1189 4661 gloriosi
1244 4595 1525 4664 corporis,
1567 4604 1622 4650 et
1670 4596 1849 4666 ipsum
1904 4607 2093 4668 tegens

512 4699 770 4753 purpura,
822 4682 1109 4737 funebrem
1164 4685 1399 4740 iaciebat
1438 4687 1910 4755 lamentationem,
1965 4704 2089 4744 eum

509 4790 711 4829 vocans
746 4784 1041 4845 pastorem,
1075 4774 1316 4841 Patrem,
1367 4778 1582 4849 imperii
1618 4780 1953 4850 adjutorem,
1982 4782 2091 4836 Lu-

509 4868 759 4933 ciferum,
797 4870 889 4938 qui
924 4886 1205 4941 nunquam
1239 4872 1460 4936 occidit,
1505 4874 1643 4945 reip.
1672 4875 1867 4929 ducem
1901 4875 1969 4929 ad
2002 4891 2086 4941 ea,

506 4973 629 5027 qua
661 4967 789 5011 sunt
813 4959 1059 5019 meliora.
1092 4969 1147 5014 et
1173 4962 1420 5016 divinum
1439 4966 1780 5034 magistrum,
1813 4965 2091 5020 exercitus

506 5049 932 5120 inexpugnabile
962 5054 1455 5123 propugnaculum,
1500 5055 1845 5109 inimicorum
1891 5073 1987 5112 sua
2022 5058 2089 5111 ad

506 5142 679 5194 Deum
713 5141 1111 5198 intercessione
1153 5155 1438 5199 strenuum
1490 5146 1913 5218 profligatorem.
1948 5148 2088 5214 Quid

504 5229 742 5299 denique
780 5246 889 5286 non
919 5230 1149 5297 faciens,
1194 5235 1324 5303 quid
1366 5250 1475 5290 non
1509 5237 1719 5305 dicens,
1750 5239 1901 5295 orbis
1932 5251 2090 5295 terra

502 5323 766 5377 damnum
802 5333 1069 5393 reputans
1107 5327 1344 5395 pastoris
1365 5328 1681 5399 iacturam?
1723 5330 1857 5397 Quae
1903 5343 2086 5388 autem

502 5412 559 5464 in
595 5414 957 5480 potestatibus
988 5423 1043 5469 et
1074 5416 1375 5473 honoribus
1409 5420 1707 5474 maximum
1738 5422 2085 5492 Splendorem

577 5612 694 5685 (64)
735 5614 983 5671 Mortuus
1008 5627 1089 5673 est
1114 5634 1263 5674 anno
1293 5620 1417 5676 806.

730 5685 884 5741 lrene
938 5686 1175 5772 fortunis
1214 5695 1493 5772 ornatibus
1553 5706 1742 5772 exuta,
1785 5698 2083 5772 imperium

505 5754 731 5826 adeptus
759 5767 841 5811 est
870 5772 1018 5813 anno
1049 5760 1173 5825 802,
1212 5762 1275 5819 51
1312 5763 1526 5833 0clob.,
1561 5754 1750 5840 iudicf.
1778 5770 1830 5826 2.

2195 4601 2320 4656 gum
2367 4594 2583 4657 tempus
2628 4591 2808 4647 celare
2859 4610 2971 4649 non
3022 4600 3243 4667 poterit,
3293 4610 3378 4656 est
3432 4604 3582 4659 enim
3629 4611 3783 4663 omni

2196 4684 2446 4746 tempore
2485 4682 2773 4736 excelsior.
2800 4682 3006 4741 Natura
3036 4689 3183 4744 enim
3212 4691 3432 4749 virtutis
3470 4711 3582 4750 non
3612 4702 3785 4757 susti-

2193 4778 2288 4823 net
2310 4769 2643 4827 oblivionem
2681 4792 2694 4828 :
2725 4790 2835 4830 non
2862 4778 2986 4833 tabe
3016 4781 3162 4836 enim
3190 4783 3407 4841 invidia
3434 4788 3782 4848 habebatur:

2193 4863 2277 4916 sui
2309 4863 2455 4917 enim
2492 4869 2815 4923 memoriam
2850 4870 2978 4926 facit
3009 4874 3371 4933 immortalem
3419 4884 3628 4939 nostris
3658 4889 3785 4942 ani-

2192 4956 2315 5023 mis,
2351 4966 2407 5012 et
2439 4974 2549 5013 non
2584 4960 2719 5015 sinit
2751 4962 2988 5037 dispergi
3022 4975 3077 5022 et
3112 4970 3218 5040 tegi
3251 4971 3489 5029 silentio.

2788 5076 3018 5133 CAPUT
3058 5081 3177 5137 ΧΠ.

2296 5161 2555 5217 Μὶναειιια
2586 5170 2656 5219 ad
2690 5169 2987 5238 sepulcrum
3020 5178 3193 5229 sancti
3220 5176 3427 5235 Tarasii
3460 5192 3709 5253 patrata.

2263 5252 2351 5307 55.
2397 5253 2637 5327 Tempus
2665 5268 2746 5313 est
2789 5270 2994 5329 autem,
3032 5265 3207 5332 vobis,
3249 5269 3343 5339 qui
3388 5252 3522 5329 estis
3558 5276 3786 5335 virtutis

2192 5345 2444 5410 studiosi,
2480 5350 2790 5417 exponendi
2831 5367 2918 5407 res
2950 5370 2979 5407 a
3011 5353 3168 5411 Patre
3202 5360 3463 5428 praclare
3497 5376 3685 5436 gestas
3726 5370 3782 5424 in

2191 5439 2466 5508 sepulcro,
2520 5458 2656 5512 quas
2696 5459 2807 5499 non
2860 5450 3060 5519 poterit
3110 5454 3401 5522 prohibere
3446 5473 3783 5517 monumeu-

2189 5637 2374 5764 C“((36)
2416 5640 2465 5695 Is
2505 5641 2622 5699 dies
2666 5658 2734 5701 eo
2764 5660 2910 5704 anno
2939 5648 3133 5705 incidit
3177 5651 3231 5705 in
3278 5650 3473 5708 feriam
3517 5666 3778 5725 quartam

2237 5725 2469 5764 merum.

2237 5725 2469 5765 nierum.
