4088 6540
367 331 489 397 1421

1894 334 2089 398 VITA.’

3495 335 3629 402 14%!

370 458 506 500 tum.
556 441 675 498 Non
723 450 809 498 est
854 442 999 497 enim
1055 441 1201 497 illius
1233 451 1651 499 monumentum
1684 458 1697 495 :
1729 440 1823 498 sed
1862 450 1945 497 est
1973 450 2019 506 Α
2120 442 2207 498 55.
2232 441 2351 498 Jam
2374 456 2505 499 vero
2528 442 2691 498 etiam
2715 443 2978 500 adversus
3003 444 3310 510 haereticos,
3336 427 3623 517 postquam

362 534 453 589 ille
485 541 905 589 monumentum
937 533 1303 588 monumenti.
1353 533 1505 588 Multi
1540 533 1685 587 enim
1718 532 1784 586 ad
1816 547 1941 587 eum

362 627 656 687 accedunt.
688 635 745 680 et
772 626 1075 680 liberantur
1102 624 1172 681 ab
1199 624 1289 688 iis,
1321 640 1441 693 quae
1472 624 1620 693 ipsos
1648 622 1940 685 vexabant,

362 716 769 772 affectionibus.
798 713 843 770 Ο
874 715 1228 770 miraculum!
1279 716 1445 769 etiam
1483 723 1770 783 postquam
1815 712 1945 766 hinc

365 808 623 873 excessit,
659 821 871 870 eorum,
903 806 996 874 qui
1038 806 1125 860 hic
1155 814 1306 871 sunt,
1358 820 1545 860 curam
1590 806 1746 875 gerit,
1789 804 1943 858 etab

366 898 456 961 iis,
491 897 584 967 qui
631 903 907 965 quaerunt,
960 893 1260 957 invenitur,
1315 901 1370 949 et
1420 893 1508 956 iis,
1568 892 1662 962 qui
1701 892 1937 962 pulsant,

364 988 544 1059 aperit
593 986 792 1042 ostium
829 985 1154 1041 medicantis
1198 999 1311 1039 suae
1358 984 1713 1038 visitationis.
1745 983 1791 1037 A
1821 982 1943 1037 diu-

368 1088 533 1133 turno
565 1077 710 1130 enim
742 1075 1025 1145 sanguinis
1057 1073 1339 1145 proﬂuvio
1383 1072 1621 1143 graviter
1670 1071 1944 1141 quondam

362 1168 581 1239 agitata:
610 1164 858 1234 quaedam
895 1162 1250 1226 mulierculae,
1294 1170 1349 1215 et
1381 1174 1611 1230 magnos
1644 1161 1942 1215 subeuntes

363 1258 563 1312 ﬂuctus
594 1263 650 1310 et
689 1262 1062 1323 tempestates,
1094 1267 1219 1308 cum
1249 1252 1303 1305 in
1336 1252 1741 1307 medicamenta
1768 1251 1944 1304 maxi-

363 1364 509 1402 mam
555 1355 766 1416 partem
816 1360 1038 1401 suarum
1079 1343 1402 1398 facultatum
1452 1340 1944 1410 consumpsissent,

366 1450 425 1496 et
475 1455 583 1493 non
641 1438 950 1508 potuissent
1006 1436 1256 1491 invenire
1304 1433 1431 1488 mali
1477 1432 1941 1503 tranquillitatem,

363 1530 889 1602 evangelicamillam
901 1528 1166 1599 proﬂuvio
1182 1527 1465 1598 sanguinis
1478 1527 1813 1584 laborantem
1832 1522 1947 1577 imi-

365 1637 488 1681 tatas
520 1624 802 1678 mulierem
831 1621 1093 1691 (Marc.v,
1109 1620 1200 1690 25)
1216 1635 1323 1687 pra;
1345 1617 1604 1672 laudabili
1629 1614 1946 1686 impruden-

366 1722 437 1774 tia
468 1719 598 1787 (non
641 1716 844 1770 licebat
867 1713 1013 1767 enim
1045 1711 1259 1766 mulieri
1284 1719 1506 1779 tangere
1532 1706 1944 1767 monasterium,

366 1827 491 1866 cum
514 1809 567 1863 id
602 1808 836 1877 inclytus
880 1803 1040 1857 Pater
1081 1802 1206 1856 olim
1252 1795 1943 1864 constituisset),muliebri

364 1912 487 1957 astu
514 1900 716 1971 optime
740 1912 872 1961 usae,
894 1894 1034 1949 virili
1058 1903 1207 1948 veste
1232 1901 1475 1964 tegentes
1500 1889 1759 1960 pudorem
1788 1887 1943 1940 femi-

363 2008 555 2059 neum,
606 2001 660 2047 et
717 2005 828 2061 prae
862 2004 921 2044 se
980 1988 1219 2042 ferentes
1266 1984 1502 2054 speciem
1535 1980 1938 2038 cunuchorum,

366 2084 505 2138 clam
561 2079 886 2151 confugiunt
943 2078 1011 2132 ad
1085 2074 1285 2147 egregii
1346 2073 1507 2142 hujus
1562 2067 1944 2142 gubernatoris

366 2187 611 2243 capsam,
658 2185 779 2240 qua:
825 2169 990 2224 nullis
1020 2168 1255 2238 agitatur
1302 2165 1559 2220 ﬂuetibus
1590 2179 1606 2216 :
1638 2173 1693 2218 et
1721 2176 1847 2217 cum
1879 2176 1943 2213 ex

367 2263 639 2334 lampade,
669 2276 790 2331 quae
816 2260 871 2314 in
900 2275 964 2314 ea
993 2259 1160 2325 lucet,
1192 2258 1372 2313 oleum
1412 2256 1746 2315 hausissent,
1790 2252 1943 2306 citis-

369 2356 508 2411 sime
547 2352 830 2423 appellunt
860 2351 912 2405 in
958 2358 1179 2421 portum
1225 2348 1547 2404 curationis.
1591 2345 1732 2412 Quin
1778 2343 1943 2398 etiam

366 2446 455 2501 vir
489 2445 730 2515 quidam,
780 2442 868 2498 cui
906 2443 1044 2497 alter
1089 2456 1159 2496 ex
1189 2441 1366 2495 oculis
1410 2440 1551 2494 lema
1599 2437 1940 2498 caecutiebat,

368 2557 496 2597 cum
537 2539 734 2595 fuisset
794 2552 965 2609 prope
1005 2536 1247 2591 divinam
1298 2535 1510 2589 thecam
1534 2571 1549 2596 ,
1597 2539 1652 2586 et
1690 2530 1945 2588 salutaris

369 2629 648 2687 unctionis
683 2628 886 2684 auxilio
918 2636 1067 2683 esset
1101 2641 1252 2691 usus,
1301 2625 1497 2679 lernam
1528 2638 1637 2677 non
1669 2622 1742 2677 ita
1769 2622 1943 2675 multo

369 2734 495 2794 post
521 2722 678 2785 eluit,
709 2729 764 2776 et
805 2735 835 2774 a
879 2719 992 2773 Deo
1023 2717 1197 2773 visum
1230 2724 1417 2786 aperte
1446 2714 1670 2784 recepit.
1704 2713 1959 2767 Alterius

369 2828 589 2884 quoque
638 2825 854 2874 manus,
904 2824 1024 2877 qua:
1072 2806 1359 2861 allatrabat
1403 2803 1638 2874 corpori,
1682 2812 1738 2857 et
1781 2803 1944 2873 longo

373 2916 616 2975 tempore
646 2909 918 2959 manserat
945 2901 999 2953 in
1031 2898 1252 2954 assiduo
1292 2906 1441 2951 motu
1472 2895 1789 2966 operatione
1814 2894 1938 2949 mali

371 2996 658 3063 daemonis,
692 2994 804 3049 sola
838 2993 1181 3047 invocatione
1220 2989 1549 3045 sacrosancti
1590 2987 1855 3057 corporis,
1887 2996 1943 3041 et

373 3091 634 3145 unctione
689 3086 794 3141 olei
851 3085 995 3139 illius
1043 3085 1247 3149 theca,
1296 3096 1415 3152 quae
1464 3079 1592 3133 facit
1643 3079 1939 3142 miracula,

372 3182 585 3239 etiamsi
616 3177 802 3250 procul
832 3177 1068 3239 abesset,
1105 3189 1351 3244 repressa
1390 3180 1474 3228 est
1515 3186 1712 3225 manus
1758 3172 1825 3227 ab
1855 3171 1941 3225 illa
1971 3147 2013 3204 ο

372 3271 547 3336 rabie,
580 3281 638 3324 et
675 3267 885 3322 reddita
925 3266 1028 3319 fuit
1059 3280 1189 3319 sana
1221 3264 1360 3319 sicut
1398 3263 1590 3317 altera.

446 3363 541 3417 54.
572 3360 755 3415 Multis
785 3372 1001 3428 quoque
1031 3356 1171 3422 aliis,
1211 3355 1301 3425 qui
1342 3353 1679 3408 vexabantur
1716 3367 1745 3405 a
1788 3351 1945 3405 malis

374 3456 682 3526 spiritibus,
714 3453 969 3506 inventus
1000 3450 1104 3505 fuit
1146 3458 1301 3520 pater
1343 3447 1608 3503 medicus.
1652 3444 1718 3500 Et
1746 3446 1944 3499 damm-

375 3562 506 3602 num
548 3544 769 3615 quidem
816 3543 1025 3613 eXpulit
1056 3541 1404 3611 operationes
1434 3557 1446 3592 :
1482 3553 1578 3593 eos
1621 3545 1823 3601 autem,
1851 3534 1941 3604 qui

377 3650 646 3695 tormenta
699 3637 1073 3700 sustinebant,
1129 3634 1380 3691 allevavit
1412 3634 1692 3688 voluntate
1741 3640 1795 3686 et
1842 3644 1946 3699 ope

374 3727 804 3797 Omnipotentis.
837 3725 982 3791 Quin
1004 3724 1167 3779 etiam
1196 3723 1477 3793 quosdam,
1509 3722 1599 3790 qui
1630 3721 1699 3774 ab
1721 3720 1944 3774 adversa

372 3827 645 3892 potestate
689 3817 925 3887 spectris
954 3817 1173 3870 fuerant
1202 3813 1587 3883 obstupefacti,
1620 3822 1676 3866 et
1698 3812 1789 3881 qui
1821 3826 1945 3864 sur-

376 3914 475 3967 dos
506 3920 561 3965 et
594 3919 778 3965 mutos
806 3924 902 3963 eos
930 3907 1214 3968 reddebat,
1258 3915 1530 3975 torporem
1576 3904 1947 3958 sustinuerant

376 4014 431 4059 et
454 4003 653 4058 deinde
680 4002 745 4056 ad
783 4000 947 4057 divini
990 3999 1092 4055 viri
1120 3999 1427 4068 sepulcrum
1475 3997 1579 4051 ﬂde
1610 4004 1943 4059 manserant,

376 4111 474 4168 per
510 4095 696 4149 utilem
755 4102 811 4148 et
850 4093 1141 4147 salutarem
1189 4089 1421 4143 lucentis
1458 4088 1560 4142 olei
1590 4088 1903 4141 unctionem
1928 4124 1944 4150 ,

378 4190 521 4244 Deus
554 4188 812 4250 visitavit,
843 4196 897 4242 et
921 4186 1161 4241 liberatis
1193 4202 1222 4239 a
1252 4183 1450 4255 spectri
1478 4183 1766 4255 vertigine,
1798 4181 1948 4237 dedit

376 4289 434 4333 ut
460 4280 647 4333 auditu
681 4293 870 4332 rursus
893 4287 948 4332 et
976 4277 1158 4347 lingua
1193 4292 1325 4332 sane
1350 4284 1602 4347 agerent,
1632 4291 1750 4345 quae
1785 4275 1853 4327 ad
1883 4289 1945 4328 ea

374 4370 672 4440 pertinent.
704 4365 847 4433 Quin
882 4366 1045 4421 etiam
1088 4380 1209 4435 qua:
1252 4366 1322 4421 ab
1354 4365 1780 4419 inﬂammatione
1822 4378 1944 4433 gra-

373 4464 513 4516 viter
539 4460 948 4523 cruciabantur,
999 4468 1054 4513 et
1082 4458 1457 4514 laborantibus
1492 4457 1707 4513 dolores
1747 4455 1942 4509 affere-

373 4553 507 4607 bant
547 4551 943 4616 intolerabiles,
977 4548 1162 4605 divina
1212 4549 1557 4604 invocatione
1597 4547 1704 4602 olei
1747 4547 1939 4610 thecae,

372 4640 519 4711 quod
571 4646 770 4710 purgat
826 4654 890 4695 ac
953 4640 1210 4705 mundat,
1257 4647 1509 4694 assecuta
1563 4647 1692 4693 sunt
1742 4636 1944 4691 doloris

372 4732 779 4789 relaxationem.

441 4959 555 5029 (67)
592 4957 895 5029 Nicephoro
918 4955 1242 5029 imperatore
1266 4969 1410 5029 anno
1441 4951 1713 5029 8ll,_.lulii
1745 4952 1835 5017 25,
1858 4951 1944 5007 ln-

370 5023 501 5085 dict.
533 5023 567 5081 λι
588 5023 880 5092 exstincto,
908 5023 1305 5097 postrregimen
1334 5023 1609 5097 Stauracii
1639 5038 1943 5097 paucorum

370 5097 665 5163 mensium,
698 5091 962 5153 successit
990 5091 1218 5151 Michael
1246 5091 1701 5164 Curopalates,'2
1740 5091 1935 5148 Octob.

374 5170 674 5238 imperator
694 5168 983 5230 salutatus,
1023 5181 1132 5237 quo
1168 5165 1456 5238 imperium
1480 5165 1823 5238 relinquente
1854 5177 1944 5238 ca-

413 5232 595 5361 ;as'givlit
625 5234 736 5292 Leo
765 5232 1207 5292 Armenus'anno
1239 5232 1344 5291 815
1368 5274 1384 5303 ,
1411 5233 1527 5289 Ind.
1556 5233 1610 5301 6,
1642 5234 1743 5291 fer.
1769 5232 1827 5298 2,
1855 5232 1944 5288 die

509 5325 538 5361 u
568 5346 581 5359 .

509 5325 581 5362 ll].

442 5376 554 5448 (68)
595 5376 797 5433 Sancto
850 5374 1156 5446 Nieephoro
1203 5373 1516 5448 patriarcha
1566 5374 1759 5448 p_ulso,_
1791 5372 1938 5429 Con-

368 5444 915 5518 sta‘ntinopohtanum
962 5444 1168 5518 creavit
1206 5444 1524 5518 tantistitem
1576 5444 1941 5518 Theodotum,

368 5532 481 5587 quo
506 5512 640 5587 usus
666 5518 952 5588 hortatore
976 5517 1029 5570 in
1052 5531 1240 5571 sacras
1261 5515 1529 5588 imagines
1558 5524 1612 5571 et
1642 5512 1943 5572 monachos

369 5586 632 5642 atrociter
662 5587 961 5643 bacchatus
991 5596 1093 5641 est.
1384 5586 1396 5588 “
1892 5586 1895 5591 ‘

409 5727 421 5739 .
441 5657 555 5738 (69)
575 5656 855 5739 gedrenus
885 5673 898 5709 :
931 5674 949 5707 ι
968 5654 1329 5739 Perturbabat
1352 5667 1405 5739 et
1429 5656 1537 5739 alia
1560 5654 1701 5739 haud
1732 5656 1943 5737 modice

371 5725 543 5794 visio,
575 5728 861 5784 Tarasium
892 5728 1263 5798 patriarcham
1316 5728 1553 5785 nobilem
1605 5727 1755 5782 illum
1792 5725 1939 5795 jam-

2046 535 2177 591 hinc
2208 536 2555 601 excessisset,
2602 536 2845 591 divinum
2874 536 3048 590 zelum
3080 536 3338 592 ardenter
3361 540 3620 595 ostendit.

2047 628 2162 698 (67)
2203 627 2311 683 Leo
2358 629 2503 682 enim
2546 628 2727 682 adhuc
2770 629 3137 698 imperatoriae
3185 629 3369 700 gloria;
3409 640 3621 699 sceptra

2045 720 2474 783 administrans,
2522 730 2577 775 et
2629 720 2739 789 (68)
2816 721 3303 775 lconomachorum
3367 723 3620 777 haeresim

2045 808 2257 863 nefarie
2304 810 2676 879 amplectens,
2732 826 2854 864 eum
2908 810 2956 865 ei
3001 812 3466 882 appropinquaret
3495 813 3621 867 vitae

2044 898 2188 964 finis,
2222 914 2332 968 quo
2363 908 2481 954 erat
2509 901 2686 972 gladio
2722 899 3026 962 feriendus,
3071 911 3129 953 ut
3157 902 3271 970 ipse
3314 900 3493 955 adhuc
3531 919 3618 955 su-

2044 1000 2255 1061 perstes
2314 1005 2413 1045 sua
2466 1006 2599 1046 voce
2659 990 2994 1054 declaravit,
3056 990 3166 1059 (69)
3223 989 3356 1044 vidit
3399 991 3617 1044 beatum

2045 1081 2331 1136 Tarasium
2364 1081 2417 1135 in
2446 1082 2654 1137 somnis
2676 1082 2741 1135 ad
2768 1098 2893 1135 eum
2926 1081 3211 1145 accedere,
3240 1090 3441 1134 etcum
3471 1081 3619 1151 gravi

2046 1175 2125 1229 ira
2147 1175 2341 1244 jubere
2364 1174 2600 1238 cuidam,
2630 1173 2741 1243 (70)
2774 1173 3020 1228 Michaeli
3068 1173 3310 1237 nomine,
3343 1181 3402 1225 ut
3432 1188 3616 1225 ensem

2047 1267 2100 1320 in
2133 1282 2258 1319 eum
2303 1265 2563 1334 adigeret.
2619 1264 2712 1317 ille
2746 1280 2878 1317 vero
2909 1264 3081 1333 jussui
3145 1279 3353 1318 morem
3401 1279 3618 1334 gerens,

2047 1356 2224 1427 gladio
2283 1354 2546 1423 transegit
2598 1354 3005 1421 imperatorem.
3074 1352 3213 1407 Hinc
3275 1363 3458 1408 autem
3511 1352 3621 1408 Leo

2047 1446 2253 1501 multus
2284 1444 2336 1498 in
2374 1445 2479 1499 hoc
2517 1443 2640 1505 fuit,
2677 1459 2802 1497 cum
2830 1445 2921 1512 qui
2959 1443 3014 1497 in
3053 1446 3259 1500 smnnis
3288 1445 3465 1514 ipsum
3494 1462 3620 1500 sau-

2047 1536 2307 1602 ciaverat,
2346 1534 2665 1589 Michaelem
2739 1534 2965 1587 omnino
3021 1548 3227 1587 conans
3268 1533 3514 1587 invenire
3563 1535 3617 1588 in

2049 1626 2219 1680 sancti
2271 1623 2623 1680 monasterio.
2673 1623 3034 1687 Quamobrem
3083 1639 3206 1676 cum
3255 1625 3515 1691 quosdam
3554 1640 3617 1678 ex

2049 1716 2137 1779 iis,
2179 1715 2271 1785 qui
2303 1715 2358 1769 in
2412 1715 2531 1784 ipso
2588 1722 2765 1778 erant,
2818 1714 3103 1767 monachis
3152 1714 3217 1767 ad
3263 1730 3320 1767 se
3358 1714 3620 1769 ⁴ἱηεεὶδευι

1983 1798 2022 1849 Β
2049 1808 2265 1873 adduci,
2308 1806 2617 1862 carceribus
2655 1814 2708 1860 et
2742 1805 3028 1860 tormentis
3062 1820 3157 1858 eos
3204 1806 3433 1875 subjecnt
3458 1846 3471 1871 ,
3517 1823 3617 1859 no-

2043 1910 2297 1953 cturnum
2333 1896 2451 1966 ejus
2486 1895 2895 1950 interfectorem
2914 1910 3011 1963 per
3040 1909 3135 1948 eos
3169 1896 3271 1949 sibi
3304 1910 3425 1950 esse
3473 1897 3616 1950 indi-

2043 1991 2276 2044 candum
2310 1988 2588 2043 fremens:
2622 2002 2781 2056 quem
2817 1987 3001 2051 etiam,
3045 1996 3106 2041 ut
3151 2003 3460 2042 eversorem
3511 1987 3618 2042 iui?

2042 2080 2200 2151 perii,
2224 2095 2346 2134 esse
2363 2089 2603 2134 extrema
2636 2093 2946 2147 passurum.
2969 2076 3080 2133 lloc
3102 2078 3246 2132 enim
3271 2079 3321 2133 ei
3344 2079 3614 2147 persuasit

2042 2173 2128 2227 vel
2159 2172 2350 2235 invito,
2391 2169 2537 2241 quod
2577 2169 2783 2225 factum
2832 2178 2971 2233 erat,
3014 2185 3236 2223 narrare
3280 2170 3564 2224 monachis
3597 2189 3612 2225 :

2042 2279 2072 2317 a
2122 2262 2318 2332 quibus
2359 2278 2481 2317 cum
2536 2277 2637 2317 nos
2682 2276 2897 2331 quoque
2954 2261 3314 2327 miraculum,
3358 2272 3612 2333 tanquam

2044 2364 2316 2407 maturum
2351 2353 2585 2407 fructum
2622 2353 3074 2421 decerpserimus,
3112 2353 3361 2408 venimus
3403 2355 3470 2409 ad
3520 2371 3617 2411 vos

2045 2444 2263 2510 ﬂdelcs,
2327 2445 2620 2500 afferentes
2694 2453 2959 2498 craterem
3016 2444 3235 2499 lzetitiae.
3291 2445 3410 2500 Non
3467 2447 3613 2501 enim

2044 2535 2381 2605 praeterierat
2407 2544 2620 2606 tempus
2642 2550 2735 2590 sex
2760 2535 2993 2599 dierum,
3022 2550 3145 2590 cum
3175 2535 3409 2591 Michael
3442 2537 3617 2591 susci-

2042 2627 2122 2698 pit
2171 2635 2386 2697 sceptra
2427 2627 2677 2697 imperii,
2723 2636 2779 2680 et
2826 2638 2951 2680 eum
3000 2626 3280 2681 interficit.
3341 2629 3419 2683 Ita
3472 2628 3616 2683 Deus

2044 2721 2207 2775 etiam
2238 2730 2366 2791 post
2402 2728 2631 2774 mortem
2669 2720 2932 2775 clarificat
2976 2735 3104 2775 suos
3138 2721 3369 2777 famulos
3397 2762 3412 2788 ,
3437 2732 3492 2777 et
3521 2737 3618 2781 eos

2044 2811 2207 2877 delet,
2245 2812 2334 2880 qui
2370 2812 2563 2865 nolunt
2594 2812 2769 2879 ipsum
2802 2810 2888 2879 pie
2923 2812 3122 2868 colere.

2115 2903 2202 2955 56.
2233 2901 2340 2957 Sed
2401 2918 2485 2956 me
2525 2912 2737 2971 tempus
2775 2898 2990 2958 deficiet
3025 2914 3335 2959 narrantem
3367 2906 3614 2975 praeclari

2043 3004 2098 3049 et
2125 2995 2292 3049 divini
2344 2993 2518 3051 Patris
2562 3010 2753 3065 magna
2792 2994 3073 3061 miracula,
3109 3011 3229 3065 qua:
3276 3004 3529 3068 tanquam
3560 3000 3615 3053 in

2044 3101 2199 3159 prato
2249 3106 2405 3154 rosze,
2459 3090 2658 3158 ubique
2714 3098 3033 3155 nascuntur,
3083 3098 3138 3144 et
3191 3090 3500 3159 hortantur,
3559 3104 3619 3148 ut

2049 3182 2290 3236 feramur
2331 3182 2399 3236 ad
2431 3182 2860 3252 uniuscujusque
2907 3182 3249 3239 electionem.
3281 3185 3392 3241 Nos
3434 3196 3617 3241 autem

2045 3288 2168 3327 cum
2217 3287 2325 3326 non
2377 3272 2672 3328 habeamus
2706 3274 2965 3345 linguam,
2999 3289 3119 3343 quae
3152 3275 3323 3344 possit
3346 3277 3525 3332 metiri
3557 3292 3622 3333 ac

2044 3364 2268 3429 referre,
2304 3379 2642 3434 quaecunque
2690 3381 2719 3418 a
2751 3366 2918 3419 Beato
2969 3364 3110 3421 facta
3149 3377 3277 3422 sunt
3330 3369 3615 3435 miracula,

2046 3454 2308 3508 hactenus
2356 3462 2596 3523 coeptum
2635 3454 2898 3509 orationis
2954 3470 3172 3509 cursum
3246 3456 3618 3526 perficientes,

2044 3546 2314 3600 malumus
2359 3546 2424 3600 ad
2469 3545 2748 3601 silentium
2779 3547 3036 3611 transire,
3072 3555 3377 3604 statuentes
3410 3565 3438 3603 a
3470 3551 3620 3620 peri-

2044 3637 2166 3693 culo
2205 3644 2471 3691 remotam
2514 3637 2757 3706 requiem
2788 3636 2913 3707 plus
2954 3638 3089 3692 lucri
3130 3638 3345 3703 afferre,
3380 3657 3540 3709 quam
3574 3644 3618 3696 si

2044 3727 2325 3781 vincamur
2375 3741 2498 3779 cum
2548 3725 2812 3795 periculo.
2863 3726 3101 3796 Prompti
3153 3728 3297 3782 enim
3332 3739 3387 3784 et
3423 3730 3621 3786 alacris

2046 3815 2209 3870 animi
2245 3815 2622 3869 insatiabilitas
2662 3831 2806 3885 saepe
2848 3810 3394 3887 arrogantiam‘solet
3420 3821 3621 3874 conci-

2048 3908 2199 3961 liare.
2230 3906 2311 3960 Tu
2346 3921 2475 3961 vero
2510 3907 2818 3960 veneranda
2852 3907 2995 3961 basis
3032 3908 3342 3973 sacerdotii,
3383 3925 3452 3964 ne
3485 3925 3619 3965 meae

2048 3998 2370 4053 temeritatis
2403 3998 2772 4067 reprehendas
2800 3998 3087 4063 vomitum,
3114 3999 3206 4068 qui
3236 4001 3616 4069 audacissime,

2047 4091 2139 4147 sed
2172 4091 2287 4144 rudi
2316 4097 2371 4143 et
2396 4088 2671 4144 incondito
2698 4103 2970 4153 sermone,
2997 4096 3102 4143 tam
3131 4106 3352 4162 magnas
3389 4095 3617 4149 referam

2047 4180 2388 4237 narrationes
2412 4197 2425 4236 ε
2453 4179 2545 4236 sed
2586 4180 2854 4236 intensam
2885 4194 3059 4235 meam
3095 4180 3527 4239 benevolentiam
3556 4200 3621 4242 ac

2049 4273 2207 4328 fidem
2237 4282 2490 4342 tanquam
2532 4287 2756 4341 parvum
2804 4286 3003 4325 munus
3051 4272 3292 4328 oblatum
3339 4284 3619 4344 reputans,

2050 4366 2289 4420 concede
2315 4365 2497 4421 verbis
2530 4364 2728 4429 locum,
2764 4373 2825 4417 ut
2866 4364 3201 4433 accipiantur
3230 4375 3288 4419 et
3313 4368 3617 4435 quiescant.

2048 4455 2167 4510 Non
2205 4455 2351 4509 enim
2375 4455 2663 4509 obliviscar
2693 4453 2943 4508 utilitatis
2990 4463 3096 4508 tua:
3130 4455 3184 4507 in
3216 4470 3303 4509 me
3333 4456 3616 4523 doctrinae,

2048 4560 2151 4601 nec
2201 4545 2464 4601 ferventis
2489 4545 2595 4600 mei
2644 4546 2697 4599 in
2754 4553 2805 4599 te
2846 4546 3131 4601 ministerii
3180 4548 3618 4604 mediocritatis:

2048 4652 2175 4693 cum
2212 4636 2359 4692 illius
2387 4637 2605 4706 quidem
2639 4638 2851 4692 deliciis
2882 4654 2971 4693 me
3015 4639 3343 4710 expleverim
3390 4642 3444 4696 in
3486 4643 3621 4699 ﬂore

2044 4728 2369 4800 iuventutis,
2395 4737 2450 4784 et
2478 4744 2507 4783 a
2542 4736 2594 4783 te
2625 4728 2817 4784 fuerim
2850 4729 3092 4785 initiatus
3130 4731 3184 4785 in
3225 4731 3309 4796 iis,
3341 4748 3463 4803 quae
3492 4746 3621 4790 sunt

2049 4951 2253 5006 dudum
2278 4959 2579 5022 mortuum,
2608 4949 2924 5006 Michaelem
2957 4954 3250 5022 quemdam
3290 4956 3615 5013 nominatim

2051 5021 2355 5097 exhortari,
2375 5021 2514 5075 utin
2542 5020 2781 5097 Leonem
2809 5020 3326 5097 impetumnfaceret,
3361 5025 3618 5097 letalique

2050 5092 2199 5147 ictus
2216 5098 2473 5146 terneret.
2503 5108 2523 5143 ι
2541 5090 2801 5162 zonaras.
2836 5110 2853 5143 ι
2879 5091 2975 5147 Est
2997 5093 3221 5148 etdivus
3250 5090 3619 5162 Tarasius,'ex

2050 5161 2154 5216 hac
2198 5174 2508 5217 aerumnosa
2552 5160 2660 5215 vita
2692 5177 2866 5227 nuper
2913 5163 3228 5227 translatus,
3280 5160 3525 5220 cuidam‘
3562 5170 3617 5220 in

2050 5177 2154 5216 nae
2198 5177 2508 5217 aerumnosa
2552 5177 2660 5215 vita
2692 5177 2763 5216 nu
2807 5177 2866 5216 er
2913 5177 3228 5227 transmtus,
3280 5177 3495 5220 cumam
3562 5177 3617 5220 in

2036 5231 2258 5312 somnis
2306 5232 2492 5312 visus,
2518 5231 2623 5312 .qui
2662 5177 2982 5312 alieriaelem
3024 5233 3314 5312 quemdam
3352 5234 3617 5312 inclama-

2050 5309 2151 5366 ret,
2170 5316 2406 5366 eumque
2427 5299 2492 5355 ad
2516 5299 2880 5357 invadendum
2908 5309 2963 5357 et
2992 5299 3347 5359 occidendum
3379 5305 3616 5359 Leonem

2050 5371 2381 5425 hortaretur.
2428 5388 2447 5423 ι

2089 5380 2205 5426 01⁸13
2211 5379 2325 5426 retu
2334 5387 2381 5426 ι’.
2428 5388 2447 5423 ι

2053 5509 2064 5521 θ
2120 5440 2233 5509 (70)
2273 5439 2748 5521 Michael-Balbus,
2780 5458 2942 5521 quem
2974 5444 3116 5499 laesa
3141 5443 3440 5521 majestatis
3463 5460 3617 5500 reum

2051 5510 2106 5583 in
2141 5525 2360 5583 carcere
2409 5510 2681 5583 detinebat
2726 5510 2835 5568 Leo
2875 5514 3170 5579 Armenus,
3223 5510 3398 5583 ipsum
3454 5526 3617 5570 nocte

2049 5578 2515 5707 ἓὲῗιὶἔῖἓοιηίηἰ
2564 5581 2706 5637 inter
2760 5599 2914 5639 sacra
2962 5584 3079 5655 ipsa
3129 5578 3421 5641 trucidavit
3475 5600 3618 5640 anno
