3994 6504
544 331 559 393 1
582 330 675 392 4⁵23

1605 329 1662 385 S.
1698 325 2005 385 TAltASII
2091 322 2590 386 I‘ATRIARCHﬁ
2653 331 2761 389 (ΣΡ.

3665 336 3687 398 1
3704 335 3805 397 424

536 447 742 515 optima
778 454 831 498 et
864 442 1311 513 praestantissima
1347 458 1411 495 ex
1448 440 1729 499 trimetris.
1763 437 2111 502 tetrametris,
2145 442 2187 493 Α
2219 438 2581 495 humilitatem
2612 452 2667 495 et
2690 442 2997 496 inornatam
3020 444 3335 507 dictionem,
3364 461 3436 499 ne
3464 462 3552 500 me
3574 463 3805 504 arcuses

538 536 850 597 trochaicis,
884 546 938 588 et
976 535 1317 603 auapwsticis
1360 549 1423 588 ac
1467 533 1703 587 heroicis
1739 552 1751 587 :
1801 533 1905 587 hoc
1930 541 2110 587 autem

534 629 761 681 obierim
796 628 848 679 in
884 626 1074 689 sacris,
1109 642 1230 693 qua:
1284 641 1312 677 a
1344 633 1394 678 te
1428 625 1695 679 concinne
1737 623 1978 693 quotidie
2013 624 2110 676 hac

535 720 657 773 bitu:
688 728 833 781 sunt,
858 718 1218 782 orationibus,
1250 718 1315 769 ad
1343 717 1645 770 animarum
1673 716 2106 779 aediﬁcationem,

532 820 587 864 et
620 818 971 878 augmentum
997 808 1270 861 universa:
1300 808 1624 861 venerandae
1649 808 1907 861 Ecclesiae
1935 826 1947 860 :
1974 823 2109 876 quas

529 899 692 952 celeri
727 899 934 952 calamo
964 908 1019 951 et
1049 907 1349 952 atramento
1374 900 1517 952 notis
1551 900 1848 969 excipiens,
1879 907 1935 954 et
1964 901 2107 970 npti-

530 989 633 1043 rnis
668 990 887 1043 tradens
930 989 1289 1058 scriptoribus
1316 990 1551 1044 studium
1593 991 1839 1053 adhibui,
1872 1001 1931 1045 ut
1975 993 2107 1045 arti-

531 1083 712 1135 ficiose
764 1082 1097 1135 referrentur
1141 1082 1191 1135 in
1230 1082 1493 1136 codicem.
1527 1083 1668 1137 Sunt
1697 1099 1774 1137 ea:
1807 1099 1934 1136 vero
1962 1085 2108 1152 ejus-

529 1175 696 1238 modi,
729 1181 787 1227 ut
818 1189 913 1242 per
936 1189 1028 1227 eas
1049 1174 1303 1228 omnibus
1325 1184 1657 1244 proponatur
1681 1175 1801 1243 pius
1831 1193 2105 1245 purusque

526 1265 705 1318 cultus
739 1280 804 1318 ac
845 1264 975 1319 ﬁdes
1018 1283 1029 1317 :
1068 1264 1282 1333 publica
1317 1275 1498 1318 autem
1548 1275 1768 1319 notetur
1810 1266 2103 1335 ignominia

525 1355 797 1408 somnium
841 1355 1219 1409 hazreticorum
1300 1354 1355 1407 Si
1390 1356 1534 1408 enim
1569 1358 1644 1408 tui
1677 1355 1986 1419 obliviscar,
2018 1373 2106 1411 ex-

524 1446 697 1499 cidam
731 1461 761 1499 a
804 1445 896 1498 Dei
930 1444 1187 1498 memoria
1226 1464 1238 1498 :
1270 1454 1324 1498 et
1369 1445 1471 1498 nisi
1506 1444 1580 1498 tui
1622 1446 1944 1511 meminero,
1979 1447 2105 1516 lapi-

522 1538 683 1589 dibus
711 1537 966 1605 projiciar
1037 1535 1089 1588 in
1140 1535 1467 1605 profundunt
1541 1555 1552 1589 :
1590 1546 1644 1590 et
1677 1537 1877 1607 lingua,
1929 1548 1985 1592 ut
2019 1538 2103 1591 di-

522 1628 595 1680 cit
624 1627 841 1681 divinus
871 1626 1341 1698 Psalmographus,
1360 1628 1635 1681 adbmreat
1658 1628 1902 1684 faucibus
1925 1629 2098 1696 (Psal.

519 1735 730 1779 exuri,
760 1720 856 1787 6);
898 1718 998 1772 hoc
1027 1728 1110 1773 est
1158 1718 1303 1773 enim
1347 1718 1476 1772 mihi
1523 1718 1764 1773 omnium
1796 1721 2097 1775 debitorum

521 1810 997 1879 pretiosissimum,
1030 1812 1103 1864 tui
1145 1826 1361 1881 semper
1391 1810 1593 1866 habere
1621 1813 1674 1866 in
1711 1813 1875 1868 corde
1910 1830 2095 1868 monu-

519 1910 783 1954 ηιυιιιιιιη.

587 1992 669 2045 57.
711 1991 787 2047 De
816 2003 1013 2047 cancro
1043 2004 1225 2048 autem
1270 2009 1484 2062 aequum
1520 2004 1625 2060 est,
1678 2008 1735 2050 ut
1766 1997 1831 2051 ad
1867 2008 1917 2052 te
1958 2015 2090 2054 con-

517 2090 795 2135 vertamus
839 2082 1163 2148 orationem,
1214 2100 1246 2136 o
1302 2083 1393 2139 Dei
1426 2101 1604 2149 serve,
1635 2087 1963 2158 quicumque
1994 2106 2085 2148 es.

514 2172 608 2241 qui
641 2188 727 2227 me
758 2173 1032 2228 nolentem
1066 2174 1299 2229 incitasti
1343 2176 1408 2229 ad
1454 2177 1555 2231 hoc
1584 2187 1879 2241 certamen,
1916 2191 1970 2234 et
1998 2196 2087 2236 co-

514 2264 667 2335 egisti
723 2265 938 2335 aggredi
993 2280 1076 2332 ea,
1129 2282 1249 2336 qua:
1288 2268 1431 2322 vires
1475 2279 1758 2339 superant.
1797 2271 1917 2326 Tibi
1966 2290 2084 2329 mea

513 2366 735 2427 accepta
769 2358 843 2413 sit
873 2358 1204 2423 obedientia,
1259 2369 1312 2414 et
1361 2376 1493 2415 mea:
1525 2362 1787 2417 orationis
1817 2364 2086 2434 aspiciens

528 2498 727 2530 ξπ

2214 533 2579 603 negligentiae.
2615 532 2731 586 Non
2764 535 2911 588 enim
2944 534 3129 589 divino
3156 534 3301 590 Patri
3332 537 3539 606 aliquid
3573 539 3800 605 dignum

2212 624 2517 690 attulimus,
2554 634 2647 679 aut
2674 628 2955 694 potuimus
2985 642 3153 696 prope
3178 628 3443 682 accedere
3475 628 3545 681 ad
3565 630 3800 699 dignita-

2214 724 2323 768 tem
2360 714 2578 779 harum,
2624 730 2745 784 quae
2791 730 2962 784 prope
3004 725 3153 781 sunt,
3186 717 3477 772 virtutum.
3509 717 3619 772 Res
3649 720 3801 774 enim

2209 819 2427 857 omnem
2456 806 2669 860 dicendi
2705 805 3021 861 facultatem
3048 819 3329 877 superant.
3354 809 3496 864 adeo
3522 820 3582 864 ut
3605 827 3801 867 omnes

2210 898 2523 951 laudatores
2550 913 2616 951 ex
2646 914 2804 967 atque
2839 915 2950 952 non
2982 911 3345 969 assequantur
3373 903 3625 956 oratione
3647 919 3796 967 eum,

2208 992 2298 1060 qui
2335 991 2435 1060 ipsi
2461 991 2715 1056 debetur,
2748 991 3036 1045 honorem.
3063 992 3174 1062 Ego
3199 1003 3401 1057 autem,
3426 994 3522 1062 qui
3548 996 3797 1050 omnium

2208 1082 2522 1153 longissime
2548 1083 2739 1136 absum
2771 1082 2839 1136 ab
2868 1097 2935 1135 eo
2965 1081 3234 1136 laudando
3264 1098 3365 1151 pro
3396 1083 3631 1148 meritis,
3666 1101 3795 1153 pro-

2208 1190 2352 1242 pono
2405 1184 2711 1243 promptam
2764 1182 2819 1227 et
2860 1174 3095 1227 alacrem
3125 1173 3488 1235 voluntatem,
3544 1182 3604 1226 ut
3647 1174 3787 1227 acci-

2205 1264 2406 1333 piatur,
2439 1274 2499 1317 ut
2537 1263 2713 1331 quiet
2752 1262 2990 1316 laborem
3030 1261 3244 1315 dicendi
3283 1262 3485 1330 inopia,
3526 1264 3793 1331 senioque

2205 1365 2261 1409 et
2286 1355 2476 1408 morbo
2504 1354 2739 1423 frangar.
2770 1352 2849 1406 Tu
2883 1369 3012 1407 vero
3040 1353 3344 1407 mercedem
3372 1370 3436 1407 ac
3466 1369 3789 1408 remunera-

2205 1445 2406 1499 tionem
2440 1461 2468 1498 a
2494 1445 2601 1498 Deo
2633 1445 2932 1514 acceperis,
2962 1446 3400 1507 intercessorem,
3435 1445 3788 1500 defensorem

2202 1547 2255 1591 et
2285 1537 2770 1606 prophgnatorem,
2802 1546 2857 1589 et
2880 1546 2985 1589 tua:
3008 1536 3123 1605 spei
3156 1537 3599 1606 adimpletorcm,
3625 1555 3787 1607 quem

2202 1645 2268 1682 ex
2297 1629 2405 1682 Deo
2443 1628 2703 1692 dilexisti,
2740 1628 2948 1681 habens
2984 1626 3290 1682 Tarasium.
3336 1626 3441 1693 Qui
3473 1637 3529 1681 et
3574 1630 3694 1681 suis
3720 1632 3787 1682 ad

2203 1720 2371 1775 Deum
2425 1720 2912 1775 intercessionibus
2943 1719 3149 1773 aﬂ‘atim
3192 1728 3247 1773 et
3290 1735 3485 1773 secure
3522 1721 3786 1789 μείουροι,

2199 1830 2318 1883 qua:
2350 1822 2479 1867 sunt
2514 1813 2633 1866 usui
2671 1812 2737 1866 ad
2767 1811 2909 1865 hanc
2938 1810 3199 1865 caducam
3235 1810 3423 1874 vitam,
3455 1820 3510 1864 et
3542 1821 3777 1880 praestet,

2195 1916 2252 1959 ut
2279 1915 2383 1958 tuae
2412 1904 2538 1959 vita:
2586 1904 2661 1957 ita
2706 1904 2817 1958 illic
2868 1903 3062 1958 reddas
3104 1902 3396 1966 rationem,
3432 1911 3493 1955 ut
3516 1918 3645 1956 reus
3670 1919 3778 1955 non

2190 1999 2489 2069 peragaris.
2526 1998 2681 2065 Quod
2733 2006 2913 2051 tecum
2964 1997 3126 2050 detur
3172 1996 3432 2050 omnibus
3490 1996 3773 2064 ecusequi.

2187 2091 2278 2160 qui
2320 2106 2453 2160 pure
2496 2106 2559 2146 ac
2608 2090 2823 2144 sincere
2876 2088 2931 2141 in
2978 2087 3147 2142 Deum
3208 2098 3602 2158 speraverunt,
3656 2087 3777 2155 ejus

2192 2180 2364 2252 gratia
2391 2191 2446 2235 et
2472 2179 2709 2250 copiosis
2748 2179 3217 2240 miserationibus,
3265 2179 3649 2233 intercedente
3696 2181 3775 2234 in-

2194 2282 2458 2328 temerata
2504 2281 2561 2327 et
2606 2281 2755 2327 casta
2801 2271 2898 2326 Dei
2949 2270 3228 2327 Genitrice
3270 2279 3327 2324 et
3362 2270 3683 2325 caelestibus
3720 2281 3772 2325 et

2190 2368 2445 2422 omnibus
2479 2364 2701 2421 sanctis.
2733 2364 2927 2419 Amen.

727 2505 3688 2542 ψ

1230 2662 1347 2772 S.
1438 2665 2007 2783 TABASII
2086 2670 3047 2784 PATRIARCH/E

1192 2856 1259 2944 A
1288 2855 2111 2952 POLOGETICUS
2209 2866 2357 2952 AD
2451 2864 3069 2956 POPULUM.

1556 3009 1769 3078 (llassr,
1797 3012 2001 3069 Concil.
2022 3016 2223 3070 collect.
2250 3026 2287 3071 t.
2318 3016 2434 3082 XII,
2473 3033 2525 3086 p.
2566 3018 2717 3088 985.)

511 3267 878 3337 Apologeticus
908 3265 975 3319 ad
1007 3266 1256 3334 populum
1291 3283 1321 3317 ιι
1360 3263 1584 3319 Tarasio
1615 3283 1646 3318 a
1691 3268 1901 3321 secretis
1937 3284 2080 3321 com-

2203 3272 2661 3341 Ἀπολοτητικὸς
2710 3276 2860 3341 πρὸς
2887 3275 2990 3327 τὸν
3009 3274 3165 3328 λαὸν
3184 3273 3576 3342 σχεδιασθείς
3601 3274 3672 3327 ἐν
3688 3273 3757 3341 τῇ

579 3358 825 3423 peudiose
859 3358 1033 3409 dictus
1064 3356 1149 3409 die
1190 3373 1295 3425 qua
1342 3357 1717 3411 intintaverunt
1762 3359 2081 3426 imperantes

584 3448 736 3501 lrene
779 3458 824 3500 et
878 3446 1259 3501 Constantinus
1301 3448 1530 3517 populis,
1568 3460 1627 3501 ut
1664 3449 1810 3517 ﬁeret
1847 3453 2082 3518 patriar-

579 3540 674 3591 cha
702 3553 719 3592 :
748 3539 836 3609 qui
864 3548 910 3591 et
939 3546 1205 3605 promotus
1229 3548 1304 3592 est
1332 3540 1619 3593 indictione
1645 3550 1850 3602 octava,
1883 3559 2020 3595 anno
2050 3560 2081 3595 a

578 3632 837 3684 creatione
875 3629 1058 3682 mundi
1087 3628 1248 3683 6295.

578 3765 942 3822 Immaculata
972 3764 1093 3819 fidei
1129 3773 1350 3828 nostrae,
1401 3766 1454 3822 id
1494 3776 1578 3823 est
1613 3766 2078 3834 Christianorum,

506 3858 783 3921 custodes,
815 3867 871 3914 et
897 3872 1086 3912 eorum
1122 3872 1245 3928 quae
1273 3857 1327 3912 in
1359 3859 1588 3929 gloriam
1624 3858 1713 3915 Dei
1743 3861 1881 3916 tiunt
1908 3878 2079 3917 a‘mu-

505 3956 723 4017 latores,
780 3949 967 4007 fideles
998 3952 1355 4022 imperatores
1410 3953 1607 4021 nostri,
1641 3962 1900 4024 tanquam
1929 3972 2074 4031 .om-

506 4049 654 4102 nium
705 4047 756 4100 in
796 4045 1193 4115 beneplacitum
1225 4045 1366 4115 ejus,
1398 4055 1453 4101 et
1502 4046 1557 4101 in
1596 4048 1945 4103 commodum
1977 4065 2077 4104 no-

506 4148 703 4201 strum,
736 4137 1175 4193 Christianorum
1208 4132 1455 4193 videlicet
1484 4153 1677 4193 curam
1716 4139 1993 4207 facientes,
2024 4152 2078 4197 et

508 4232 748 4286 maxime
800 4246 948 4286 nunc
999 4231 1369 4287 ecclesiastica
1424 4232 1639 4303 negotia
1686 4233 1969 4304 diligenter
2020 4245 2077 4291 et

503 4324 733 4380 sollicite
749 4322 1180 4387 considerantes,
1206 4339 1314 4393 quo
1338 4339 1587 4381 summus
1613 4328 1871 4383 sacerdos
1897 4329 1950 4382 in
1974 4328 2076 4385 hac

504 4418 651 4485 regia
688 4415 823 4470 urbe
852 4431 951 4471 sua
985 4417 1437 4481 constitueretur,
1471 4418 1524 4472 in
1557 4435 1672 4475 suae
1705 4422 1920 4490 pietatis
1951 4425 2072 4477 ani-

505 4523 657 4561 mum
697 4522 785 4562 me
835 4519 1279 4578 assumpserunt.
1335 4519 1389 4564 et
1440 4525 1500 4565 ut
1550 4512 1898 4569 manifestum
1941 4516 2070 4570 mihi

2254 3364 2465 3434 ἡμέρᾳ,
2490 3360 2528 3438 ᾖ
2552 3364 2872 3434 ἐδήλωσαν
2892 3369 2948 3420 ol
2988 3367 3431 3432 βασιλεύοντες
3453 3366 3579 3432 τοῖς
3592 3366 3759 3429 λαοῖς

2252 3456 2356 3511 τοῦ
2380 3457 2658 3527 γενέσθαι
2696 3459 3104 3529 πατριάρχην,
3141 3458 3301 3527 παρὰ
3331 3462 3633 3529 Ταρασιου
3656 3458 3756 3512 τοῦ

2253 3548 2351 3602 καί
2398 3549 2919 3619 προχειρισθέντος
2982 3552 3069 3616 είς
3132 3548 3472 3603 ινδικτιῶνα
3517 3551 3752 3621 ὀγδόην.

2250 3640 2425 3706 ἔτους
2451 3639 2569 3696 ἀπὸ
2602 3642 2853 3707 κτίσεως
2886 3641 3117 3711 κόσμου
3143 3642 3372 3714 ις’σίιγῖ

2249 3777 2313 3829 Οἱ
2343 3777 2443 3846 τῆς
2474 3776 2775 3848 ἀμωμήτου
2819 3778 2980 3848 ἡμῶν
3016 3778 3254 3842 πίστεως
3275 3780 3384 3832 τῶν
3412 3780 3749 3848 Χριστιανῶν

2181 3864 2444 3933 φύλακες,
2476 3871 2570 3919 καὶ
2594 3866 2835 3937 ζηλωταὶ
2864 3868 2972 3921 τῶν
2999 3869 3081 3932 είς
3105 3867 3264 3932 δόξαν
3293 3868 3430 3922 Θεοῦ
3454 3870 3749 3939 γινομένων

2180 3957 2367 4011 πιστοὶ
2429 3957 2670 4029 βασιλεῖς
2735 3959 2915 4030 ἡμῶν,
2946 3960 3022 4025 ὡς
3077 3961 3296 4015 πάντων
3334 3961 3419 4023 είς
3458 3960 3750 4031 ἀρέσκειαν

2177 4048 2369 4116 αὐτοῦ,
2401 4051 2495 4104 καὶ
2518 4052 2600 4115 είς
2632 4052 2911 4123 συμφέρον
2954 4053 3111 4122 ἡμῶν
3149 4053 3257 4105 τῶν
3282 4053 3632 4122 Χριστιανῶν
3654 4053 3741 4124 rip

2179 4142 2442 4212 φροντίδα
2475 4142 2813 4213 ποιούμενοι,
2851 4144 3087 4214 μάλιστα
3134 4144 3190 4198 δὲ
3227 4145 3335 4197 τῶν
3363 4145 3741 4215 ἐκκλησιαστιο

2176 4233 2290 4287 κῶν
2328 4234 2424 4288 καὶ
2459 4234 2554 4288 νῦν
2584 4236 2860 4306 ἐπιμελῶς
2904 4237 3469 4308 διαμεριμνήσαντες,
3498 4238 3592 4289 καὶ
3632 4237 3739 4289 δια-

2177 4326 2460 4395 νοηθέντες
2488 4327 2586 4381 τοῦ
2625 4329 2888 4399 ἀρχιερέα
2912 4329 3362 4401 προχειρισθῆναι
3386 4331 3444 4381 ὲν
3475 4328 3650 4399 ταύτῃ
3679 4330 3743 4398 τῇ

2176 4416 2414 4487 βασιλίδι
2440 4419 2620 4474 αὐτῶν
2649 4421 2824 4486 πόλει,
2863 4422 2959 4475 ἐπὶ
2983 4423 3046 4474 τὸ
3076 4420 3275 4492 εὐσεϐῆ
3306 4421 3492 4475 αὐτῶν
3523 4403 3649 4474 νοῦν
3679 4437 3741 4488 με

2173 4511 2453 4575 ἀνέλαϐον,
2489 4514 2587 4566 καὶ
2639 4513 2891 4585 φανερῶς
2948 4531 3038 4584 μοι
3089 4514 3327 4579 ἐξειπεῖν
3370 4514 3431 4567 τὸ
3461 4512 3743 4583 βεϐουλευο

504 4593 823 4647 redderetur
849 4594 993 4661 quod
1019 4596 1293 4650 consiliati
1329 4607 1475 4663 sunt,
1514 4614 1905 4672 prteceperuut.
1934 4605 2069 4660 Cum

2194 4604 2342 4657 ιένον
2366 4604 2552 4669 αὐτοῖς
2594 4604 2911 4659 ἐκέλευσαν.
2949 4605 3116 4675 Ἔμοῦ
3169 4605 3225 4657 δὲ
3266 4604 3404 4675 πρὸς
3438 4605 3597 4659 τοῦτο
3653 4606 3742 4657 dv-

502 4697 605 4753 ego
636 4682 738 4737 IIOC
763 4697 849 4735 me
870 4682 1150 4753 indignum
1176 4700 1297 4740 esse
1326 4689 1760 4757 pronuntiarem,
1784 4703 1839 4747 et
1868 4694 2068 4749 nul|am

502 4775 1022 4831 condescensionem
1058 4777 1289 4832 facerem
1328 4784 1540 4851 (utpote
1566 4784 1659 4851 qui
1688 4783 1877 4853 jugum
1911 4787 2075 4856 hujus

501 4868 735 4923 sarcina:
774 4878 990 4932 portare
1021 4878 1075 4923 et
1103 4869 1331 4925 suil‘erre
1363 4888 1470 4926 non
1507 4880 1768 4942 possem),
1791 4877 2074 4945 jusserunt

505 4973 593 5013 me
623 4956 823 5012 adduci
859 4968 985 5013 ante
1015 4958 1208 5014 faciem
1260 4972 1517 5029 vestram,
1570 4980 1667 5031 pro
1715 4982 1779 5020 eo
1826 4968 1969 5035 quod
2020 4980 2073 5022 et

503 5050 668 5119 huius
695 5051 909 5105 consilii
967 5053 1261 5123 participes
1292 5056 1467 5111 ellecti
1504 5057 1623 5112 sitis
1657 5073 1671 5110 :
1705 5066 1758 5111 et
1798 5075 1941 5114 nunc
1972 5048 2093 5114 viri

502 5142 796 5197 Dominum
853 5145 1126 5213 timentes,
1182 5157 1235 5200 et
1285 5164 1408 5201 cum
1446 5164 1660 5219 semper
1711 5152 1764 5205 in
1818 5152 2075 5209 cordibus

497 5235 700 5292 vestris
744 5236 1030 5305 habentes,
1065 5254 1161 5294 vos
1206 5245 1316 5305 aio,
1366 5243 1461 5309 qui
1512 5242 1718 5298 Christi
1767 5245 2070 5305 vocatione.

498 5330 634 5395 veri,
668 5329 919 5386 videlicet
966 5331 1060 5387 Dei
1112 5335 1307 5397 nostri,
1340 5335 1711 5406 nominamini
1736 5337 2068 5393 Christiani:

498 5421 684 5475 audite
726 5421 908 5478 brevis
955 5424 1227 5479 sermonis
1254 5425 1322 5479 ab
1350 5425 1649 5497 exiguitate
1674 5443 1738 5482 ac
1768 5429 2075 5485 humilitate

497 5522 687 5566 nostra
730 5516 1017 5569 rationem.
1055 5515 1163 5588 Ego
1216 5516 1436 5587 quidem
1488 5518 1756 5588 quidquid
1805 5521 2067 5591 piissimis

497 5598 923 5671 imperatoribus
952 5607 1155 5661 nostris
1186 5617 1238 5661 et
1270 5624 1363 5676 per
1413 5610 1596 5663 omnia
1627 5612 1950 5670 orthodoxis
1980 5628 2065 5668 re-

499 5691 840 5762 Sponderitn,
866 5696 1028 5751 etiam
1061 5697 1113 5751 iu
1141 5711 1430 5767 conspectu
1464 5711 1644 5756 vestro
1668 5702 1893 5759 rationis
1929 5720 2061 5759 meae

2173 4695 2321 4761 ἀξιον
2365 4695 2607 4765 ἐμαυτὸν
2637 4691 2774 4748 εἶναι
2830 4696 3279 4767 ἀποφηναμένου,
3310 4698 3408 4749 καὶ
3474 4698 3742 4766 μηδεμίαν

2173 4787 2571 4857 συγκατάθεσιν
2606 4789 2979 4859 ποιησαμένου
3004 4828 3018 4852 ,
3048 4789 3124 4852 ὡς
3160 4790 3248 4841 τὸν
3291 4789 3455 4856 ζυγὸν
3485 4789 3579 4842 τοῦ
3616 4806 3743 4861 φορ-

2169 4880 2285 4933 τίου
2323 4880 2399 4951 μὴ
2420 4880 2726 4951 δυναμένου
2776 4880 3041 4951 βαστάσαι
3069 4881 3102 4952 ἢ
3141 4882 3489 4950 ὑπενεγκεῖν,
3522 4881 3739 4934 ἐκέλευ-

2174 4973 2271 5025 σάν
2303 4991 2370 5042 με
2412 4973 2727 5043 προαγάγαι
2758 4974 2898 5028 κατὰ
2929 4974 3223 5044 πρόσωπον
3282 4974 3460 5043 ὑμῶν,
3492 4973 3627 5027 διότι
3650 4975 3739 5025 καὶ

2174 5064 2453 5135 σύμψηφοι
2478 5068 2738 5134 γεγόνατε
2768 5068 2834 5136 τῇ
2854 5065 3015 5135 βουλῇ
3033 5065 3227 5138 ταύτῃ.
3252 5065 3363 5118 Καὶ
3389 5064 3487 5118 νῦν
3511 5062 3629 5132 οὖν,
3650 5064 3739 5119 ἄν·

2170 5154 2293 5225 δρες
2325 5156 2649 5225 φοϐούμενοι
2674 5159 2765 5211 τὸν
2794 5159 2930 5213 Θεὸν
2949 5200 2963 5226 ,
2996 5160 3089 5212 καὶ
3120 5159 3338 5228 ἔχοντες
3368 5158 3539 5212 αὑτὸν
3570 5160 3659 5211 ἀεὶ
3683 5160 3739 5211 ὲν

2170 5250 2291 5311 ταῖς
2312 5247 2563 5314 καρδίαις
2587 5250 2761 5319 ὑμῶν,
2797 5254 2845 5305 οἱ
2872 5254 2938 5322 τῇ
2981 5251 3218 5322 Χριστοῦ
3254 5252 3447 5322 κλήσει
3474 5251 3573 5305 τοῦ
3606 5251 3738 5320 alq-

2171 5338 2318 5394 οινοῢ
2372 5340 2508 5394 Θεοῦ
2556 5342 2715 5412 ἡμῶν
2762 5344 3177 5413 ὀνομαζόμενοι.
3207 5345 3531 5415 Χριστιανοὶ
3577 5343 3738 5411 λέγω.

2168 5434 2437 5488 ἀκούσατε
2463 5433 2668 5505 βραχὺν
2701 5435 2859 5504 λόγον
2889 5436 3186 5505 ἀπολογίας
3216 5438 3372 5507 παρὰ
3408 5436 3512 5506 τῆς
3545 5437 3739 5506 ἡμετέ-

2172 5520 2272 5587 ρας
2323 5523 2598 5589 εὐτελείας
2629 5529 2721 5579 καὶ
2752 5527 3123 5596 οὑοενότητος.
3158 5528 3302 5596 Ἐγὼ
3329 5528 3432 5598 μὲν
3468 5527 3523 5580 εἰ
3549 5544 3600 5579 τι
3630 5530 3739 5587 τοῖς

2170 5616 2450 5670 εὐσεὸέσιν
2472 5618 2631 5687 ἡμῶν
2661 5619 2939 5689 βασιλεῦσι
2980 5620 3075 5673 καὶ
3119 5619 3261 5675 κατὰ
3306 5618 3487 5674 πάντα
3523 5618 3740 5689 ὀρθοδό·

2168 5708 2279 5775 ξοις
2339 5709 2770 5783 ἀπελογησάμην
2789 5757 2803 5780 ,
2832 5714 2924 5767 καὶ
2951 5716 3183 5769 ἐνώπιον
3222 5714 3376 5786 ὑμῶν
3402 5712 3741 5785 προσαπολο-
