4088 6486
348 389 373 453 1
386 388 487 452 425

1403 391 1968 451 APOLOGETICUS
2016 393 2113 450 AD
2145 390 2525 451 I’OPULUM.

3423 382 3595 446 ’1426

341 498 550 565 γοῦμαι
572 512 587 525 ·
619 496 702 549 ὃτι
728 496 880 567 φόϐῳ
907 496 1207 567 συνέχομαι
1236 498 1569 553 καταθέσθαι
1600 500 1694 552 ἐπὶ
1717 502 1784 571 τῇ
1809 498 1915 571 ψή-

2026 498 2265 570 apologia
2311 496 2636 566 respondeo.
2680 493 2901 548 Timore
2948 492 3225 561 deprimor
3262 491 3329 545 ad
3360 505 3595 546 consen-

342 605 429 657 φῳ
452 586 652 658 ταύτῃ.
693 588 789 640 καὶ
813 586 1152 658 εὐλαϐοῦμαι
1190 588 1301 641 ἀπὸ
1334 587 1628 660 προσώπου
1663 588 1757 642 τοῦ
1780 588 1916 643 Θεοῦ

343 679 719 749 προσδραμεῖν
748 677 923 742 οὔτως
976 678 1238 744 εὐκόλως,
1274 680 1370 733 καὶ¹
1397 680 1473 743 ὼς
1508 680 1701 751 ἔτυχεν
1726 680 1918 752 ἀπερι-

345 767 620 829 σκέπτως,
655 768 742 821 ἵνα
801 768 877 839 μὴ
928 768 1190 823 ὑποπέσω
1246 771 1463 842 φοϐερῷ
1520 773 1914 844 κατακρίματι.

343 862 409 915 Ei
447 862 555 931 γὰρ
597 864 627 915 ό
674 861 809 915 Θεοῦ
867 864 1062 932 φωνῶν
1109 864 1526 935 ἀκροασάμενος
1552 906 1567 930 ,
1598 866 1826 937 οὐρανόν
1854 884 1917 920 τε

344 950 591 1021 ἐσχηκὼς
618 952 1029 1023 παιδευτήριον,
1064 954 1158 1006 καὶ
1207 955 1535 1026 παραδείσου
1583 954 1786 1027 θεωρὸς
1824 972 1920 1025 γε·

344 1044 589 1113 νόμενος,
623 1043 863 1106 ἀκούσας
892 1061 951 1097 τε
984 1044 1200 1116 ἄρρητα
1228 1048 1469 1117 ῥήματα,
1502 1047 1598 1101 καὶ
1646 1046 1921 1118 βαστάσας

345 1136 406 1187 τὸ
450 1134 622 1205 ὄνομα
667 1134 763 1188 τοῦ
810 1136 945 1189 Θεοῦ
992 1137 1222 1191 ἐνώπιον
1269 1138 1440 1192 ἐθνῶν
1505 1139 1600 1192 καὶ
1633 1138 1920 1209 βασιλέων,

345 1225 560 1288 Παῦλος
588 1228 617 1279 ό
649 1226 791 1290 θεῖος
812 1228 1109 1291 ἀπόστολος
1137 1228 1449 1299 Κορινθίοις
1482 1230 1710 1300 γράφων
1729 1229 1884 1299 ἔλεγε
1905 1245 1917 1260 ·

352 1338 370 1370 ι
414 1319 503 1389 Μή
530 1336 646 1383 πως
670 1318 849 1382 ἄλλοις
875 1318 1119 1392 κηρύξας
1134 1322 1298 1384 αὐτὸς
1320 1321 1576 1392 ἀδόκιμος
1599 1322 1867 1391 γένωμαι’
1897 1341 1915 1372 ι

351 1406 474 1469 πῶς
506 1406 620 1476 ἐγὼ
641 1409 671 1459 ὁ
703 1408 781 1479 τῷ
806 1408 997 1479 κόσμῳ
1019 1411 1615 1484 συναναστρεφόμενος,
1648 1413 1743 1467 καὶ
1783 1410 1924 1481 μετὰ

345 1494 554 1550 λαῖκῶν
581 1497 980 1569 ἠριθμημένος,
1006 1500 1102 1553 καὶ
1129 1503 1561 1573 στρατευόμενος
1591 1504 1648 1557 ἐν
1674 1505 1794 1565 ταῖς
1821 1502 1920 1573 βα-

348 1585 589 1649 σιλικαῖς
634 1586 997 1659 ὑπηρεσίαις,
1031 1589 1177 1642 οὕτω
1224 1592 1395 1663 χωρὶς
1434 1591 1773 1663 ἀνακρίσεως
1829 1594 1922 1647 καὶ

346 1678 708 1748 προσκέψεως
750 1679 987 1750 δύναμαι
1044 1682 1374 1753 εἰσπηδῆσαι
1418 1684 1501 1748 είς
1538 1684 1600 1737 τὸ
1631 1684 1730 1754 τῆς
1763 1686 1923 1755 ἱερω-

348 1765 517 1836 σύνης
542 1768 772 1837 μέγεθος
790 1787 805 1835 ;
823 1770 1056 1843 Φοϐερὺν
1076 1773 1138 1826 τὸ
1173 1774 1482 1846 ἐγχείρημα
1500 1775 1637 1845 πρὸς
1657 1775 1757 1846 τὴν
1780 1775 1922 1846 ἐμὴν

350 1859 710 1927 σμικρότητα,
746 1857 919 1930 θρασὺ
954 1839 1016 1914 τὸ
1066 1839 1445 1934 ἐπιτήδευμα·
1481 1865 1515 1935 ὴ
1544 1839 1601 1917 δέ
1634 1839 1781 1918 αἰτία
1954 1839 1997 1895 Β

348 1946 508 2000 λιστα
537 1949 632 2002 τοῦ
672 1951 839 2019 φόϐου
883 1953 979 2006 καὶ
1018 1953 1118 2023 τῆς
1167 1954 1309 2025 ἐμῆς
1350 1955 1739 2026 παραιτήσεώς
1769 1957 1919 2010 ἐστιν

347 2038 487 2110 αῦτη
515 2054 528 2069 ⁸
552 2040 666 2111 δρῶ
698 2042 792 2094 καὶ
820 2041 1003 2113 βλέπω
1025 2044 1123 2114 τὴν
1167 2048 1260 2099 ἐπὶ
1296 2045 1396 2118 τὴν
1426 2047 1631 2118 πέτραν
1685 2048 1920 2118 Χριστὸν

348 2129 440 2181 τὸν
492 2131 627 2184 Θεὸν
677 2132 837 2202 ἡμῶν
882 2133 1357 2207 τεθεμελιωμένην
1398 2136 1721 2208 Ἐκκλησίαν
1753 2137 1918 2191 αὐτοῦ

347 2218 730 2292 διεσχισμένην
757 2223 853 2277 νῦν
879 2226 974 2301 καὶ
1001 2225 1366 2298 διῃρημένην,
1408 2228 1504 2281 καὶ
1541 2229 1689 2299 ἡμᾶς
1727 2228 1919 2282 ἄλλοτε

347 2310 523 2375 ἄλλως
539 2312 852 2380 λαλοῦντας,
876 2318 971 2370 καὶ
987 2318 1112 2381 τοὺς
1126 2319 1394 2389 ἀνατολῆς
1415 2320 1744 2390 ὁμοπίστους
1761 2322 1920 2392 ἡμῶν

347 2402 712 2472 Χριστιανοὺς
739 2406 940 2477 ἑτέρως
964 2425 977 2439 ο
1008 2408 1105 2463 καὶ
1154 2410 1579 2478 συμφωνοῦντας
1607 2411 1707 2481 μὲν
1736 2412 1921 2476 αὐτοῖς

345 2491 474 2556 τοὺς
503 2495 603 2565 τῆς
629 2495 837 2561 δύσεως
862 2536 877 2561 ,
914 2495 1383 2569 ἠλλοτριωμένους
1415 2500 1472 2554 δὲ
1513 2503 1664 2572 ἡμᾶς
1691 2503 1920 2557 ἐκείνων

344 2583 605 2639 ἁπάντων
624 2625 641 2653 ,
673 2588 767 2641 καὶ
801 2589 924 2642 καθ’
963 2591 1200 2662 ἑκάστην
1232 2591 1323 2646 ὐπ’
1355 2592 1539 2646 αὐτῶν
1584 2594 1921 2665 ἀναθεματι-

346 2672 632 2744 ζομένους.
662 2677 849 2732 Δεινόν
878 2680 996 2733 ἐστι
1026 2680 1088 2733 τὸ
1116 2681 1402 2751 ἀνάθεμα,
1433 2684 1625 2755 πόρρω
1652 2683 1748 2738 τοῦ
1781 2683 1919 2737 Θεοῦ

348 2764 555 2834 βάλλει,
601 2769 696 2822 καὶ
736 2769 839 2839 τῆς
888 2769 1171 2840 βασιλείας
1211 2772 1321 2827 τῶν
1366 2773 1615 2845 οὐρανῶν
1644 2774 1917 2841 ἐκδιώκει,

344 2858 564 2927 ἀπάγον
590 2861 673 2923 είς
702 2861 762 2914 τὸ
799 2862 990 2926 σκότος
1017 2862 1078 2917 τὸ
1108 2863 1398 2932 ἐξώτερον.

418 2951 531 3003 Οὐκ
558 2947 698 3005 οἶδεν
723 2954 753 3006 ό
777 2952 879 3021 τῆς
934 2954 1265 3025 Ἑκκλησίας
1299 2956 1465 3025 νόμος
1506 2958 1600 3011 καὶ
1639 2958 1765 3029 ὅρος
1803 2959 1920 3029 ἔριν

348 3041 383 3109 ἢ
403 3043 761 3110 φιλονεικίαν,
788 3046 903 3102 ἀλλ’
928 3046 1119 3119 ὥσπερ
1160 3043 1301 3102 οἶδεν
1352 3050 1632 3119 ὁμολογεῖν
1681 3050 1919 3114 εὐσεϐῶς

349 3134 411 3186 ἒν
442 3135 749 3208 βάπτισμα,
780 3139 909 3209 μίαν
933 3138 1137 3203 πίστιν,
1155 3137 1300 3192 οὕτω
1328 3140 1421 3192 καὶ
1449 3140 1768 3210 συμφωνίαν
1790 3139 1919 3210 μίαν

350 3222 445 3275 ἐπὶ
474 3224 675 3288 παντὸς
733 3224 1198 3295 ἐκκλησιαστικοῦ
1226 3227 1577 3298 πράγματος.
1603 3229 1771 3283 Οὐδὲν
1809 3229 1919 3300 γὰρ

349 3311 526 3379 οὕτως
554 3316 704 3371 ἐστὶν
752 3316 988 3371 ἐνώπιον
1012 3316 1108 3372 τοῦ
1149 3317 1285 3372 Θεοῦ
1326 3320 1686 3374 εὐαπόδεκτον
1715 3320 1808 3375 καὶ
1831 3321 1924 3374 εὐ·-

348 3405 600 3475 ἀρεστον,
640 3408 718 3472 ώς
748 3409 810 3463 τὸ
858 3409 1133 3480 ἐνωθῆναι
1166 3412 1333 3482 ἡμᾶς,
1382 3412 1479 3466 καὶ
1506 3411 1761 3481 γενέσθαι
1794 3413 1924 3483 μίαν

350 3498 653 3571 καθολικὴν
696 3501 1043 3573 Ἐκκλησίαν,
1075 3503 1219 3559 καθά
1240 3502 1337 3557 καὶ
1358 3505 1416 3557 ἐν
1444 3504 1522 3576 τῷ
1546 3506 1800 3578 συμϐόλῳ
1824 3508 1925 3579 τῆς

348 3588 685 3659 εἰλικρινοῦς
718 3592 874 3662 ⁴ἡμῶν
904 3594 1142 3664 πίστεῳς
1179 3595 1572 3666 ὁμολογοῦμεν.
1608 3597 1718 3652 Καὶ
1745 3597 1926 3652 αίτοῦ⁴

353 3698 478 3749 μαι,
511 3682 732 3751 ἀδελφοί
752 3698 768 3715 ο
794 3680 950 3753 οἶμαι
991 3685 1049 3738 δὲ
1080 3686 1176 3740 καὶ
1224 3686 1405 3757 ὑμεῖς,
1443 3687 1631 3759 ἐπειδὴ
1674 3687 1927 3757 γινώσκω

348 3773 446 3827 τὸν
474 3773 639 3842 φόϐον
657 3772 752 3827 τοῦ
782 3774 919 3829 Θεοῦ
950 3774 1094 3846 ἔχειν
1121 3777 1265 3847 ὑμᾶς
1283 3794 1299 3810 ’
1334 3778 1491 3848 παρά
1548 3778 1658 3832 τῶν
1705 3780 1926 3833 εὐσεϐε-

352 3865 566 3920 στάτων
598 3866 693 3921 καὶ
717 3866 1018 3937 όρθοδόξων
1046 3867 1315 3937 βασιλέων
1359 3869 1518 3940 ἡμῶν
1541 3911 1557 3935 ,
1584 3870 1802 3925 σύνοδον
1846 3873 1925 3926 oi-

353 3956 686 4027 κουμενικὴν
736 3957 1207 4028 συναθροισθῆναι,
1262 3958 1351 4013 ἵνα
1400 3958 1694 4031 γενώμεθα
1747 3960 1797 4014 oi
1830 3959 1925 4014 τοῦ

352 4047 472 4110 ἑνὸς
502 4046 637 4101 Θεοῦ
660 4048 719 4101 ἐν
741 4065 755 4080 ·
779 4050 874 4103 καὶ
892 4052 943 4103 of.
973 4051 1074 4119 ⁴,τῆς
1094 4050 1349 4122 Τριάδος,
1379 4051 1655 4122 ήνωμένοι
1679 4053 1774 4106 καὶ
1797 4052 1929 4123 ὁμό-

349 4136 514 4208 ψνχοι
540 4140 634 4194 καὶ
660 4139 937 4211 ὁμότιμοι.
969 4143 1033 4195 Oi
1068 4145 1169 4213 τῆς
1191 4143 1437 4213 κεφαλῆς
1467 4143 1627 4214 ἡμῶν
1657 4144 1924 4215 Χριστοῦ,

355 4229 517 4300 σῶμα
554 4230 612 4283 ἐν
661 4233 1241 4305 συναρμολογούμενον
1271 4234 1368 4287 καὶ
1401 4233 1879 4306 συμϐιϐαζόμενον
1908 4252 1922 4267 ⁸

351 4322 405 4377 of
429 4323 524 4376 τοῦ
553 4324 710 4392 ἁγίου
744 4325 1080 4395 Πνεύματος,
1112 4324 1174 4379 οὐ
1214 4325 1337 4379 κατ’
1375 4323 1643 4395 ἀλλήλων,
1673 4325 1809 4380 ἀλλά
1828 4326 1926 4380 σὺν

351 4413 604 4484 ἀλλήλοις
623 4431 637 4445 ·
655 4418 705 4470 oi
721 4417 821 4486 τῆς
833 4416 1115 4487 ἀληθείας,
1137 4416 1199 4471 τὸ
1220 4416 1354 4470 αὐτὸ
1371 4416 1700 4487 φρονοῦντες
1721 4418 1817 4472 καὶ
1835 4419 1921 4472 λέ-

1945 3189 1988 3248 C

2020 590 2263 645 tiendum
2289 588 2417 643 huic
2440 585 2715 650 electioni,
2745 593 2799 639 et
2828 597 3083 638 revereor
3108 598 3138 636 a
3172 580 3309 635 facie
3341 580 3435 635 Dei
3466 596 3596 636 cur—

2019 696 2137 736 rere
2169 681 2349 735 taliter
2375 688 2428 734 et
2456 677 2868 750 quomodolibet
2893 675 3370 741 incircumspecte,
3397 681 3455 725 ut
3485 687 3597 725 non

2021 772 2248 827 terribili
2275 770 2618 827 damnationi
2670 768 3050 824 succumbam.
3086 767 3143 819 Si
3198 766 3344 819 enim
3392 764 3596 818 Paulus

2020 859 2237 916 divinus
2281 860 2587 930 apostolus,
2638 858 2729 929 qui
2768 858 2861 912 Dei
2895 873 3059 913 voces
3107 856 3336 918 audivit,
3369 855 3597 912 coelum-

2019 966 2125 1021 que
2165 951 2355 1006 habuit
2401 959 2768 1020 correptorem
2820 948 2961 1021 [Gn
3018 949 3226 1004 scolam
3295 949 3596 1016 correptio-

2020 1041 2192 1116 nem],
2230 1053 2284 1098 et
2313 1044 2555 1113 paradisi
2586 1042 2862 1111 inspector
2887 1041 3114 1097 effectus
3143 1049 3246 1105 est,
3281 1040 3597 1109 audivitque

2020 1148 2220 1188 arcana
2250 1134 2436 1197 verba,
2465 1141 2521 1189 et
2550 1134 2786 1202 portavit
2832 1148 3029 1188 nomen
3077 1133 3165 1186 Dei
3202 1132 3256 1186 in
3299 1142 3593 1201 conspectu

2023 1225 2308 1280 nationum
2357 1234 2410 1281 et
2453 1240 2663 1296 regum,
2705 1225 3005 1280 Corinthiis
3044 1226 3291 1281 scribens
3328 1224 3541 1278 dicebat
3580 1243 3591 1276 :

2028 1335 2046 1368 ι
2082 1315 2160 1371 Ne
2194 1316 2333 1371 forte
2371 1331 2493 1371 cum
2530 1316 2654 1371 aliis
2696 1317 3130 1386 praedicaverim,
3185 1316 3301 1385 ipse
3334 1315 3598 1384 reprobus

2022 1407 2224 1463 eﬂiciar
2251 1408 2268 1439 ⁸
2303 1426 2316 1462 :
2350 1427 2368 1459 ι
2403 1406 2680 1477 quomodo
2707 1421 2809 1476 ego
2841 1406 2933 1475 qui
2967 1406 3021 1460 in
3066 1406 3271 1460 mundo
3302 1418 3596 1459 conversa-

2022 1508 2133 1563 tus,
2165 1507 2363 1553 etcum
2399 1497 2553 1553 laicis
2595 1506 3042 1561 connumeratus,
3093 1495 3459 1566 imperatoriis
3491 1494 3596 1548 mi-

2022 1591 2443 1647 nistrationibus
2506 1589 2752 1656 militavi,
2811 1590 2891 1646 sic
2935 1591 3141 1659 absque
3206 1589 3596 1658 dijudicatione

2022 1692 2185 1753 atque
2216 1682 2702 1751 circumspectione
2733 1696 2956 1751 possum
2994 1680 3207 1737 insilire
3234 1681 3301 1736 ad
3335 1682 3595 1736 sacerdo-

2024 1775 2084 1830 tii
2117 1774 2588 1845 magnitudinem?
2620 1773 2961 1828 llorrendum
2996 1788 3263 1827 conamen
3300 1774 3366 1827 ad
3392 1772 3601 1841 exigui-

2024 1876 2191 1921 tatem
2222 1880 2398 1920 meam
2446 1873 2501 1920 et
2546 1865 2896 1919 temerarium
2947 1863 3192 1919 studium
3226 1880 3241 1918 :
3274 1878 3440 1918 causa
3474 1877 3601 1917 vero

2025 1958 2258 2024 timoris,
2289 1965 2343 2012 et
2378 1971 2510 2012 mea:
2536 1955 2881 2010 refutationis
2913 1956 3025 2009 haec
3051 1962 3152 2009 est.
3210 1953 3430 2023 Aspicio
3453 1953 3596 2007 cnim

2023 2060 2077 2104 et
2104 2049 2265 2106 video
2312 2048 2635 2114 Ecclesiam,
2675 2062 2799 2117 quae
2849 2062 3015 2117 super
3058 2056 3266 2115 petram
3319 2044 3601 2101 Christum

2024 2136 2195 2193 Deum
2230 2147 2476 2193 nostrum
2528 2137 2752 2191 fundata
2783 2144 2886 2201 est,
2924 2135 3154 2191 scissam
3190 2150 3335 2189 nunc
3380 2143 3435 2190 et
3458 2133 3601 2188 divi-

2024 2244 2164 2292 sam,
2207 2238 2262 2282 et
2296 2243 2398 2283 nos
2443 2227 2577 2283 alias
2613 2236 2776 2296 atque
2807 2226 2967 2279 aliter
3008 2225 3313 2293 loquentes,
3362 2232 3416 2277 et
3444 2223 3600 2277 aliter

2024 2333 2118 2372 eos
2142 2318 2481 2372 Christianos
2505 2317 2598 2386 qui
2630 2317 2683 2371 in
2707 2318 2930 2370 Oriente
2961 2315 3125 2370 unius
3156 2315 3442 2369 nobiscum
3474 2323 3601 2368 sunt

2025 2409 2184 2476 fidei;
2221 2409 2313 2463 sed
2343 2418 2397 2463 et
2440 2408 2523 2463 his
2549 2408 2949 2463 concor-dantes
2982 2405 3383 2470 Occidentales,
3413 2411 3468 2459 et
3497 2419 3599 2460 nos

2023 2503 2094 2557 ab
2124 2501 2380 2557 omnibus
2410 2501 2521 2556 illis
2545 2502 2834 2565 alienatos,
2862 2508 2917 2555 et
2946 2516 2975 2555 a
2998 2516 3056 2555 se
3084 2514 3182 2569 per
3213 2499 3460 2570 singulos
3482 2498 3601 2555 dies

2024 2592 2517 2647 anathematizatos
2555 2591 2777 2646 habere.
2814 2592 2940 2646 Dira
2976 2606 3135 2661 poena
3173 2600 3258 2646 est
3286 2591 3598 2655 anathema,

2024 2681 2216 2749 procul
2242 2695 2272 2735 a
2294 2679 2407 2735 Deo
2431 2680 2654 2745 emittit,
2683 2688 2788 2736 etc
2820 2695 2989 2751 regno
3018 2680 3284 2736 caelorum
3318 2678 3601 2751 persequi-

2025 2780 2134 2838 tur,
2165 2780 2219 2828 et
2243 2771 2396 2828 ducit
2417 2771 2472 2826 in
2508 2772 2760 2828 tenebras
2789 2772 3111 2828 exteriores.

2084 2952 2280 3027 ‘Nescit
2318 2952 2577 3008 Ecclesia:
2629 2952 2713 3009 lex
2761 2951 2847 3006 vel
2907 2951 3175 3007 terminus
3225 2959 3429 3007 sectam
3482 2949 3599 3005 sive

2024 3046 2425 3102 contentionem
2453 3062 2468 3111 ;
2519 3044 2613 3100 sed
2663 3044 2809 3101 sicut
2840 3044 2993 3099 novit
3023 3043 3272 3099 conﬁteri
3305 3059 3474 3098 unum
3502 3042 3594 3097 ba-

2024 3138 2246 3207 ptisma,
2278 3151 2441 3191 unam
2484 3136 2665 3203 fidem,
2700 3135 2772 3189 ita
2826 3143 2881 3190 et
2923 3135 3275 3191 concordiam
3328 3148 3493 3189 unam
3542 3133 3596 3187 in

2024 3229 2179 3284 omni
2209 3228 2586 3284 ecclesiastico
2612 3227 2853 3297 negotio.
2884 3224 3028 3280 Nihil
3059 3226 3205 3281 enim
3256 3234 3340 3281 est
3385 3225 3439 3279 in
3469 3238 3600 3278 con-

2023 3329 2211 3392 spectu
2242 3318 2340 3374 Dei
2375 3328 2485 3374 tam
2513 3326 2800 3388 acceptum
2832 3326 2994 3387 atque
3023 3316 3308 3386 placabile,
3348 3330 3512 3385 quam
3540 3324 3601 3368 ut

2024 3426 2194 3466 unum
2225 3410 2421 3474 simus,
2460 3418 2516 3464 et
2557 3424 2665 3463 una
2698 3407 2995 3463 efficiamur
3022 3406 3262 3462 Ecclesia
3306 3405 3598 3466 catholica,

2024 3501 2482 3574 quemadmodum
2542 3499 2595 3554 in
2655 3498 2886 3554 sincerae
2944 3507 3145 3552 nostra:
3194 3497 3316 3553 fidei
3351 3496 3601 3568 symbolo

2024 3591 2365 3649 confitemur.
2398 3589 2466 3644 Et
2490 3589 2726 3659 petimus
2751 3602 2875 3652 nos,
2906 3586 3120 3651 fratres,
3154 3594 3214 3642 ut
3251 3601 3375 3641 reor
3398 3595 3455 3641 et
3478 3600 3604 3652 vos,

2024 3683 2285 3753 quoniam
2316 3680 2431 3736 scio
2468 3694 2564 3733 vos
2606 3679 2856 3732 timorem
2890 3676 2980 3732 Dei
3024 3677 3246 3742 habere,
3281 3693 3309 3730 a
3340 3677 3604 3746 piissimis

2025 3782 2081 3828 et
2104 3770 2430 3826 orthodoxis
2460 3769 2889 3837 imperatoribus
2920 3770 3127 3825 nostris
3155 3768 3431 3840 synodum
3482 3770 3603 3823 uni-

2026 3863 2291 3919 versalem
2328 3861 2533 3931 colligi,
2576 3868 2636 3913 ut
2681 3858 2982 3914 etliciamur
3014 3874 3137 3924 nos,
3179 3860 3273 3929 qui
3320 3859 3483 3913 unius
3510 3859 3601 3911 Dei

2026 3969 2239 4013 sumus.
2266 3967 2468 4019 unum;
2498 3961 2554 4006 et
2584 3953 2677 4021 qui
2702 3951 2985 4005 Trinitatis
3003 3951 3243 4005 cultores
3264 3949 3602 4009 exsistimus.

2028 4046 2165 4102 uniti
2198 4054 2252 4101 et
2286 4045 2576 4099 unanimes
2610 4052 2664 4097 et
2700 4043 2924 4112 collegae
2949 4060 2965 4109 ;
2994 4053 3051 4098 et
3074 4045 3165 4113 qui
3203 4042 3401 4112 capitis
3429 4044 3602 4096 nostri

2026 4138 2229 4196 Christi
2254 4151 2465 4200 sumus,
2491 4136 2791 4190 efficiamur
2816 4148 3017 4203 corpus
3046 4149 3239 4199 unum,
3260 4141 3606 4203 compactum

2026 4239 2190 4299 atque
2246 4242 2554 4284 connexum
2594 4245 2608 4282 :
2643 4235 2699 4282 et
2747 4226 2841 4296 qui
2888 4226 3066 4281 sancti
3113 4226 3354 4295 Spiritus
3386 4238 3604 4289 sumus,

2025 4324 2325 4381 efficiamur
2356 4336 2469 4377 non
2514 4330 2704 4376 contra
2745 4320 3005 4385 invicem,
3046 4318 3140 4373 sed
3186 4332 3286 4387 pro
3320 4316 3551 4371 invicem
3588 4332 3602 4370 :

2032 4425 2087 4471 et
2121 4415 2215 4485 qui
2255 4414 2501 4470 veritatis
2539 4412 2877 4479 exsistimus,
2900 4409 3201 4467 efficiamur
3238 4408 3472 4478 idipsum
3514 4422 3607 4463 sa-

354 4521 565 4573 γοντες,
598 4506 696 4560 καὶ
722 4507 799 4578 μὴ
887 4508 1005 4578 ἔρις
1027 4509 1125 4563 καὶ
1141 4509 1462 4580 διχοστασία
1485 4509 1544 4563 ἐν
1570 4510 1701 4581 ἡμῖν
1725 4522 1741 4540 ο
1774 4510 1923 4574 ὅπως

2031 4509 2240 4579 pientes
2270 4514 2437 4577 atque
2468 4506 2731 4569 dicentes,
2767 4513 2823 4559 et
2868 4518 2975 4558 non
3013 4503 3085 4558 sit
3133 4502 3186 4557 in
3222 4503 3379 4557 nobis
3422 4510 3604 4556 certa-

350 4596 388 4665 ὴ
413 4597 602 4668 εἰρήνη
622 4597 717 4652 τοῦ
746 4597 883 4651 Θεοῦ
910 4600 944 4670 ἡ
987 4599 1332 4671 ὑπερέχουσα
1370 4601 1547 4655 πάντα
1574 4599 1718 4666 νοῦν,
1756 4617 1928 4671 φρου-

2030 4618 2154 4657 men
2207 4600 2325 4657 sive
2379 4598 2696 4655 dissensio:
2731 4608 2786 4652 ut
2820 4613 2925 4667 pax
2983 4595 3100 4661 Dei,
3138 4610 3261 4665 qua:
3313 4601 3606 4663 exsuperat

359 4685 501 4755 ρήσῃ
533 4686 740 4749 πάντας
775 4688 946 4758 ἡμᾶς.
969 4689 1080 4744 Καὶ
1106 4691 1275 4760 εἰμὲν
1302 4685 1397 4747 οὖν
1414 4689 1728 4745 κελεύουσιν
1755 4692 1805 4744 oi
1831 4691 1924 4761 τῆς

2030 4708 2246 4752 omnem
2280 4707 2524 4754 sensum,
2560 4690 2772 4744 muniat
2802 4705 2993 4744 omnes
3044 4704 3141 4743 nos
3172 4702 3187 4739 :
3221 4694 3277 4741 et
3306 4685 3350 4741 si
3384 4684 3603 4755 quidem

352 4775 662 4848 ὀρθοδοξίας
686 4780 964 4853 πρόμαχοι
990 4782 1404 4855 βασιλεῖςήμῶν
1430 4783 1525 4837 ἐπὶ
1553 4785 1620 4854 τῇ
1649 4784 1758 4855 ἐμῇ
1781 4784 1931 4838 εὐλό-

2025 4784 2290 4857 iusserint
2338 4781 2681 4837 orthodoxiae
2734 4788 3188 4850 propugnatores,
3253 4776 3608 4845 imperatores

353 4870 664 4943 γῳαίτήσει
702 4873 1012 4939 ἐπινεῦσαι,
1038 4876 1484 4948 συγκατατίθημι
1523 4874 1681 4945 κάγὼ
1708 4876 1803 4929 καὶ
1822 4876 1924 4946 τὴν

2031 4876 2279 4934 videlicet
2313 4873 2506 4941 nostri,
2555 4870 2913 4944 postulationi
2961 4883 3093 4923 mea:
3132 4866 3295 4936 justaz
3343 4878 3606 4924 annuere,

353 4961 605 5016 κέλευσιν
630 4965 697 5018 αὐ
712 4966 821 5019 τῶν
837 4966 1122 5036 ἐκπληρῶ,
1142 4968 1238 5022 καὶ
1259 4968 1414 5039 ὑμῶν
1438 4968 1538 5038 τὴν
1548 4967 1726 5038 ψῆφον
1749 4968 1930 5022 ἀσπά-

354 5052 543 5123 ζομαι.
578 5054 640 5108 Ei
673 5056 730 5108 δὲ
758 5058 830 5128 μή
860 5075 956 5126 γε,
984 5059 1262 5125 ἀδυνάτως
1311 5061 1421 5131 ἔχω
1475 5061 1636 5115 τοῦτο
1682 5061 1927 5131 ποιῆσαι,

355 5146 447 5199 ἵνα
482 5145 558 5218 μὴ
588 5148 880 5219 ὐποϐληθῶ
901 5151 980 5221 τῷ
1016 5152 1325 5222 ἀναθέματι
1343 5194 1359 5219 ,
1388 5154 1484 5207 καὶ
1514 5152 1729 5223 εὑρεθῶ
1761 5171 1928 5207 καταο

351 5238 741 5312 δεδικασμένος
778 5243 837 5295 ἐν
869 5246 935 5315 τῇ
966 5244 1155 5316 ἡμέρᾳ
1190 5244 1284 5298 τοῦ
1313 5246 1505 5317 κριτοῦ
1545 5246 1653 5299 τῶν
1681 5246 1819 5300 ὅλων
1837 5247 1933 5300 καὶ

352 5331 455 5399 τῆς
509 5332 862 5406 δικαιοσύνης
884 5350 901 5367 ο
932 5336 1063 5390 ἔνθα
1102 5334 1233 5389 οὐτε
1284 5336 1523 5406 βασιλεῖς
1547 5378 1563 5403 ,
1591 5337 1715 5391 οὐτε
1742 5340 1929 5408 ἱερεῖς,

353 5421 480 5475 οὐτε
537 5426 834 5497 ἄρχοντες,
861 5425 987 5481 οὐτε
1030 5428 1239 5499 πλῆθος
1273 5429 1574 5499 ἀνθρώπων
1606 5430 1831 5485 δύναταί
1866 5447 1934 5502 με

354 5515 666 5581 ἐξελέσθαι.
694 5520 805 5573 Καὶ
823 5519 878 5573 sl
895 5538 949 5575 τι
973 5522 1196 5592 ἄριστον
1219 5524 1314 5575 καὶ
1338 5522 1566 5592 ἀρεστὸν
1594 5522 1745 5591 ὑμῖν,
1781 5522 1936 5576 ἀδελ-

357 5612 472 5678 φοὶ,
524 5610 645 5665 δότε
697 5612 799 5682 τῆς
848 5614 992 5685 ἐμῆς
1037 5615 1371 5682 ἀπολογίας,
1401 5615 1605 5685 φράσαι
1634 5614 1692 5667 δὲ
1732 5613 1934 5683 μᾶλλον

356 5704 635 5774 αἰτήσεως
670 5704 770 5775 τὴν
812 5706 1129 5778 ἀπόκρισιν.
1182 5707 1459 5777 Ἀσμένως
1501 5706 1559 5760 δὲ
1589 5708 1934 5777 ἠκροάσαντο

435 5796 450 5827 ¹
490 5797 505 5849 Ι
536 5796 668 5850 Cor.
707 5814 781 5862 Ix,
808 5797 898 5851 ‘27.

2036 4974 2318 5031 consentio
2345 4979 2399 5026 et
2426 4985 2546 5041 ego.
2577 4978 2631 5024 et
2653 4969 2955 5039 jussionem
2988 4977 3175 5017 eorum
3207 4959 3447 5031 implebo
3473 4977 3485 5013 :
3523 4958 3610 5013 sin

2037 5075 2243 5129 autem,
2285 5062 2624 5134 impossibile
2661 5060 2799 5115 mihi
2833 5066 2915 5113 est
2952 5058 3054 5111 hoc
3092 5053 3292 5115 facere,
3326 5066 3394 5105 ne
3435 5049 3611 5119 subji-

2039 5158 2153 5213 ciar
2199 5154 2555 5216 anathemati,
2595 5159 2651 5206 et
2692 5149 2941 5204 inveniar
2988 5146 3388 5200 condemnatus
3421 5140 3475 5194 in
3525 5140 3616 5195 die

2038 5246 2254 5302 Domini
2284 5243 2455 5299 nostri
2487 5251 2543 5297 et
2563 5240 2700 5311 justi
2725 5237 2926 5310 indicis
2956 5254 2970 5291 :
2998 5236 3089 5290 ubi
3119 5248 3297 5304 neque
3322 5232 3616 5300 imperator

2040 5334 2470 5411 [imperatores],
2514 5347 2689 5403 neque
2726 5329 2983 5387 sacerdos
3024 5322 3404 5399 [sacerdotes],
3438 5337 3617 5392 neque

2039 5431 2290 5501 princeps
2331 5423 2680 5501 [principes],
2740 5436 2919 5493 neque
2975 5420 3258 5475 hominum
3317 5414 3619 5471 multitudo

2039 5523 2239 5592 poterit.
2284 5521 2495 5590 eripere
2543 5533 2674 5573 me:
2718 5524 2773 5570 ct
2811 5512 3075 5584 quidquid
3139 5509 3406 5581 placuerit
3436 5506 3616 5569 vobis,

2038 5618 2256 5678 fratres,
2280 5615 2402 5667 date
2449 5610 2711 5681 apologia:
2736 5622 2887 5670 meae,
2921 5605 3032 5659 imo
3056 5618 3183 5658 vero
3215 5598 3460 5671 petitioni
3487 5611 3619 5650 meae

2041 5722 2382 5777 responsum.
2413 5704 2487 5776 (Ι)
2530 5702 2593 5756 Et
2653 5702 2882 5757 libenter
2932 5696 3220 5752 audierunt
3271 5706 3462 5746 omnes
3501 5702 3622 5758 qua:

440 5892 519 5959 (l)
555 5887 686 5954 Quae
710 5901 1011 5960 sequuntur
1040 5892 1298 5962 deinceps
1330 5892 1490 5948 verba
1520 5901 1642 5948 sunt
1681 5892 1953 5948 Anastasii
1991 5891 2413 5947 Bibliothecarii.
2444 5890 2619 5946 “ARD.
