3994 6492
487 428 506 489 1
524 429 617 493 £27

1539 421 1598 480 S.
1651 412 1958 476 TARASII
2009 407 2512 468 PATRIARCHAZ
2550 409 2659 468 ΟΡ.

3606 397 3738 461 1523

482 542 626 595 dicta
663 550 808 600 sunt.
853 550 1179 592 consensum
1214 532 1541 605 praebentes,
1597 541 1655 585 ut
1710 530 1860 584 ﬁeret
1896 543 2059 596 syno-

2174 520 2366 581 πάντες
2401 519 2507 572 τῶν
2551 516 2924 587 λαληθέντων,
2959 513 3425 584 συμφρονήσαντες
3470 510 3563 563 τοῦ
3593 514 3736 578 γενέ-

482 632 607 686 dus.
639 630 867 696 Quidam
899 638 1077 683 autem
1102 627 1356 698 perpauci
1387 642 1454 680 ex
1481 624 1866 694 insipientibus
1892 622 2052 678 diffe-

481 724 693 778 rebant.
727 723 794 774 At
828 736 953 775 vero
982 720 1075 789 qui
1107 736 1136 774 a
1170 721 1416 785 secretis,
1451 734 1667 774 rursum
1696 718 1761 771 ad
1794 717 2050 787 populum

482 817 770 882 disputans
798 814 1182 880 respondebat,
1216 814 1342 883 quia
1381 813 1638 868 dominus
1678 811 1788 865 Leo
1819 810 2053 880 impera-

482 918 569 962 tor
613 906 882 959 subvertit
942 907 1237 976 imagincs;
1289 914 1343 961 et
1377 905 1595 975 quando
1631 905 1873 975 synodus
1910 902 2052 957 facta

481 1012 584 1068 est,
624 1004 918 1057 subversas
948 1000 1067 1055 illas
1096 997 1340 1054 invenit:
1373 1007 1427 1053 et
1448 998 1595 1068 quod
1629 1008 1849 1068 prepter
1879 997 2050 1066 impe-

481 1097 741 1151 ratoriam
780 1110 998 1149 manum
1034 1097 1310 1149 subversae
1354 1103 1502 1159 sunt,
1543 1093 1740 1147 iterum
1792 1091 2051 1162 quaestio-

482 1204 606 1243 nem
659 1188 822 1241 habet
874 1187 1012 1240 idem
1069 1184 1398 1254 capitulum;
1452 1186 1710 1253 quoniam
1770 1183 2050 1250 antiquam

479 1279 930 1335 consuetudinem
956 1279 1007 1331 in
1024 1277 1263 1332 Ecclesia
1290 1276 1543 1329 traditam
1568 1281 2050 1345 praesumpserunt,

480 1372 620 1427 sicut
647 1372 728 1427 eis
758 1370 969 1425 libitum
1005 1371 1125 1436 fuit,
1171 1367 1556 1433 exterminare,
1595 1367 1688 1422 sed
1718 1366 1922 1422 veritas
1956 1364 2050 1421 Dei

483 1480 590 1518 non
617 1472 702 1519 est
731 1463 966 1533 alligata.
995 1462 1282 1516 Promotus
1306 1471 1485 1515 autem
1519 1460 1737 1529 scripsit
1766 1459 2051 1531 synodicas

479 1555 692 1610 litteras
725 1554 1068 1628 patriarchis,
1106 1552 1308 1617 Romae,
1343 1552 1699 1613 Alexandriae,
1727 1550 2051 1615 Antiochia},

479 1653 535 1699 et
565 1655 767 1699 sanctae
799 1644 1056 1707 civitatis,
1101 1658 1237 1713 quas
1268 1643 1511 1698 invenies
1553 1642 1593 1695 ll
1626 1652 1678 1696 et
1724 1640 1790 1695 Ill
1840 1641 2053 1695 actione

482 1751 607 1791 cum
634 1736 913 1805 rescriptis
936 1751 1147 1789 eorum.

485 1905 1313 1933 m

2102 1903 2449 1915 ...υ-...κυσ-

2163 616 2284 667 σθαι
2313 613 2549 668 σύνοδον.
2584 610 2742 673 Τινὲς
2776 608 2831 662 δὲ
2872 607 3045 675 ὀλίγοι
3076 606 3185 658 τῶν
3222 604 3481 674 ἀφρόνων
3506 602 3734 655 ἀνεϐάλ-

2160 708 2332 759 λοντο.
2375 706 2433 757 'U
2454 706 2509 758 δὲ
2538 702 2843 774 ἀσηκρῆτις
2861 700 3026 753 πάλιν
3050 698 3185 767 πρὸς
3220 697 3315 750 τὸν
3335 695 3467 748 λαὸν
3492 695 3729 761 διαλεγόν

2168 818 2328 871 μενος
2388 797 2744 867 ἀπεκρίνατο,
2789 795 2870 847 ὅτι
2915 793 2945 845 ὁ
2995 791 3184 861 κύριος
3221 790 3375 842 Λέων
3420 790 3450 841 ὁ
3486 787 3736 857 βασιλεῦς

2160 891 2495 963 κατέστρεψε
2529 889 2628 954 τὰς
2652 887 2891 951 είκόνας,
2918 886 3014 938 καὶ
3040 886 3072 956 ἡ
3103 882 3347 945 σύνοδος,
3379 883 3474 935 ὅτε
3498 880 3732 946 ἐγένετο,

2160 982 2651 1057 κατεστραμμένας
2676 978 2848 1043 αὐτὰς
2876 972 3025 1048 εὗρε.
3055 976 3167 1029 Kal
3212 975 3347 1027 διότι
3388 974 3501 1027 ἀπὸ
3526 972 3734 1042 βασιλιο

2161 1078 2264 1149 κ’ῆς
2294 1075 2475 1148 χειρὸς
2528 1070 3007 1142 κατεστράφησαν,
3055 1067 3218 1120 πάλιν
3271 1065 3579 1135 συζήτησιν
3630 1063 3733 1132 ἔχει

2159 1168 2219 1219 τὸ
2250 1165 2566 1235 κεφάλαιον,
2592 1163 2675 1216 ὅτι
2702 1160 2936 1232 ἀρχαίαν
2972 1157 3266 1227 συνήθειαν
3287 1152 3735 1223 παραδεδομένην

2159 1259 2219 1311 ὲν
2248 1258 2315 1327 τῇ
2351 1252 2651 1324 Ἐκκλησία
2710 1249 3122 1319 κατετόλμησαν
3144 1289 3159 1312 ,
3194 1247 3271 1309 ὡς
3308 1243 3493 1309 ἔδοξεν
3532 1245 3733 1308 αὐτοῖς,

2159 1349 2456 1417 ἀφανίσαι*
2492 1345 2608 1400 ἀλλ’
2636 1347 2669 1414 ἡ
2694 1343 2924 1414 ἀλήθεια
2943 1340 3039 1394 τοῦ
3069 1339 3209 1393 Θεοῦ
3241 1338 3302 1391 οὐ
3332 1337 3567 1390 δέδεται.
3602 1336 3736 1405 Προι-

2159 1440 2457 1515 χειρισθεὶς
2508 1439 2563 1492 δὲ
2608 1436 2816 1508 ἔγραψε
2860 1432 3113 1487 συνοδικά
3176 1432 3290 1493 τοῖς
3335 1429 3733 1499 πατριάρχαις,

2171 1535 2412 1607 Ῥώμης,
2456 1530 2886 1600 Ἀλεξανδρείας,
2924 1525 3289 1596 Ἀντιοχείας,
3321 1524 3420 1576 καὶ
3448 1524 3549 1591 τῆς
3582 1522 3734 1589 ἁγίας

2161 1628 2367 1691 πόλεως
2393 1644 2406 1657 ο
2451 1628 2595 1695 ἅπερ
2636 1623 2898 1693 εὑρήσεις
2946 1621 3004 1672 ὲν
3034 1621 3101 1689 τῇ
3156 1614 3394 1685 δευτέρᾳ
3433 1615 3528 1667 καὶ
3580 1611 3735 1685 τρίτῃ

2164 1723 2366 1795 πράξει
2392 1720 2529 1791 μετά
2564 1719 2657 1771 καὶ
2687 1715 2795 1769 τῶν
2826 1712 3175 1785 ἀντιγράφων
3199 1708 3333 1781 παρ’
3361 1707 3567 1762 αὐτῶν.

1458 2038 2087 2152 EJUSDEM
2190 2028 2763 2147 TARASII

1798 2235 2443 2327 EPISTOLIE'

1772 2394 1965 2456 (illum,
1984 2390 2076 2441 loc.
2104 2389 2187 2441 cit.
2218 2404 2267 2453 p.
2295 2387 2431 2450 599.)

488 2709 753 2765 Piissimis
804 2717 852 2762 et
910 2703 1362 2759 christianissimis
1410 2702 1812 2769 imperatoribus
1862 2705 2053 2754 nostris

476 2794 481 2799 ’
557 2801 901 2857 Constantino
924 2806 973 2851 et
1004 2794 1176 2850 Irena:
1200 2795 1361 2848 matri
1387 2794 1500 2862 ejus
1528 2790 1783 2845 Tarasius
1813 2793 2056 2862 indignus

557 2898 826 2963 episcopus
849 2888 1097 2943 divinitus
1116 2886 1485 2939 conservanda:
1518 2883 1669 2952 regia:
1701 2882 1844 2935 urbis
1875 2891 2058 2937 vestrm

558 3005 701 3042 novre
733 2985 935 3046 Romaz,
966 2992 1013 3036 et
1044 2991 1153 3035 tota
1182 2988 1366 3035 sancta
1398 2978 1651 3049 synodus,
1678 2995 1793 3048 qua:
1818 2978 2059 3049 benepla-

557 3083 661 3134 cito
698 3078 907 3149 quidem
936 3075 1066 3138 Dei,
1106 3074 1449 3142 prwceptione
1481 3087 1597 3125 vero
1631 3070 1791 3124 Deum
1825 3074 2057 3125 amantis

557 3172 760 3233 imperii
796 3168 952 3222 vestri
981 3165 1205 3220 secundo
1247 3166 1480 3218 convenit
1532 3164 1585 3216 in
1638 3164 1736 3216 hac
1786 3162 2059 3231 splendida

561 3262 870 3316 Nicworum
900 3254 1199 3325 metropoli.

559 3434 907 3489 Gloriticatur
969 3431 1225 3485 Ecclesiae
1282 3440 1470 3500 caput,
1517 3430 1770 3485 Christus
1811 3430 2061 3485 videlicet

493 3530 633 3583 Deus
658 3535 862 3589 noster,
884 3524 1070 3593 optimi
1098 3522 1390 3591 principes,
1420 3522 1678 3592 quoniam
1706 3538 1801 3575 cor
1822 3529 2060 3575 vestrum

490 3618 635 3689 quod
682 3618 733 3670 in
784 3630 947 3669 manu
992 3613 1111 3682 ejus
1160 3612 1467 3667 custoditur
1495 3650 1510 3674 ,
1562 3611 1790 3681 protulit
1837 3612 2059 3665 verbum

492 3712 691 3764 bonum
723 3727 735 3761 :
764 3705 1084 3777 praecipiens
1116 3704 1325 3759 scilicet
1350 3703 1559 3774 erigere
1588 3701 1705 3774 [Gn
1744 3700 2061 3773 convenire]

491 3816 592 3855 nos
623 3801 675 3853 in
708 3799 926 3852 nomine
963 3796 1161 3864 ipsius,
1204 3803 1261 3848 ut
1307 3793 1801 3848 ecclesiasticorum
1835 3793 2061 3860 dogma-

491 3898 606 3943 tum
639 3890 1025 3943 inconcussum
1046 3894 1099 3939 et
1123 3884 1452 3939 immobilem
1480 3899 1543 3939 ac
1568 3882 1812 3938 divinum
1836 3883 2060 3937 aifatum

492 3980 806 4035 ﬁrmissime
838 3988 1143 4033 teneamus.
1181 3975 1392 4030 Etenim
1437 3975 1578 4029 sicut
1618 3984 1778 4044 caput
1824 3981 2063 4028 vestrum

2903 2600 2980 2655 Α.

2160 2699 2294 2765 Τοῖς
2329 2694 2790 2758 εὐσεϐεστάτας
2828 2689 2927 2744 καὶ
2960 2685 3398 2758 ταληνοτάτοις
3438 2685 3730 2754 τἰμῶνβαο

2228 2790 2473 2845 σιλεῦσι
2505 2782 2945 2849 Κωνσταντίνῳ
2973 2778 3073 2833 καὶ
3127 2777 3358 2846 Ειρήνῃ
3418 2776 3495 2845 τῇ
3551 2775 3734 2830 αὐτοῦ

2228 2880 2401 2951 μητρὶ
2424 2876 2709 2945 Ταρὰσιος
2719 2873 2966 2938 ἀνάξιος
2983 2871 3315 2935 ἐπίσκοπος
3328 2868 3437 2936 τῆς
3450 2867 3732 2936 0309mm-

2142 2975 2145 2978 ’
2228 2991 2373 3028 κτου
2393 2970 2486 3024 xui
2500 2966 2828 3033 βασιλίδος
2854 2962 3023 3033 ὑμῶν
3049 2963 3279 3024 πόλεως
3307 2962 3451 3025 νέας
3485 2958 3731 3026 Ῥώμης,

2231 3067 2325 3119 καὶ
2345 3062 2514 3118 πᾶσα
2529 3061 2566 3127 ἠ
2581 3059 2717 3126 ἁγία
2736 3054 3000 3120 σύνοδος
3016 3054 3054 3120 ἦ
3075 3054 3201 3106 κατ’
3218 3050 3511 3105 εὐδοκίαν
3568 3048 3732 3111 Θεοῦ,

2228 3153 2553 3225 προστάξει
2581 3151 2649 3205 δὲ
2675 3168 2785 3219 της
2810 3146 3209 3217 φιλοχρίστου
3223 3142 3393 3212 ὑμῶν
3410 3142 3737 3207 βασιλείας

2228 3247 2619 3305 συνελθοῦσα
2668 3246 2739 3299 ἐν
2787 3243 2977 3307 ταύτῃ
3034 3238 3108 3307 τῇ
3159 3237 3431 3292 Νικαέων
3492 3232 3738 3304 λαμπρᾲ

2225 3345 2595 3413 μητροπόλει
2626 3338 2692 3392 τὸ
2739 3336 3045 3402 δεύτερον.

2229 3432 2524 3500 Δοξάζεται
2551 3434 2585 3501 ἠ
2615 3430 2715 3497 τῆς
2764 3424 3097 3494 Ἐκκλησίας
3156 3420 3370 3490 κεφαλὴ
3428 3419 3670 3488 Χριστὸς
3712 3418 3741 3471 ό

2161 3529 2291 3591 Θεὸς
2325 3526 2506 3597 ἡμῶν,
2543 3523 2823 3594 κράτιστοι
2856 3518 3097 3589 βασιλεῖς
3125 3555 3141 3579 ,
3201 3516 3403 3583 ὅτιπερ
3432 3514 3467 3581 ἠ
3530 3514 3589 3565 ὲν
3668 3512 3733 3579 τῇ

2163 3619 2307 3690 χειρὶ
2342 3614 2510 3669 αὑτοῦ
2547 3612 2933 3683 φυλαττομένη
2970 3607 3169 3677 καρδία
3193 3604 3350 3674 ὑμῶν
3402 3602 3599 3655 ἐϐλυσε
3658 3600 3739 3653 λό-

2163 3728 2259 3779 γον
2290 3707 2517 3776 ἀγαθὸν,
2550 3702 2906 3775 προστάξασα
2942 3694 3350 3766 συναγηγέρθαι
3379 3694 3534 3763 ἡμᾶς
3562 3692 3623 3745 ὲν
3666 3690 3740 3760 τῷ

2163 3802 2388 3871 ὀνόματι
2422 3795 2609 3859 αὑτοῦ,
2637 3794 2726 3848 ἵνα
2772 3792 2872 3861 τὴν
2922 3789 3033 3843 τῶν
3073 3784 3558 3857 ὲκκλησιαστικῶν
3616 3783 3735 3849 δογ-

2170 3891 2355 3963 μάτων
2397 3886 2738 3959 ἀκράδαντον
2791 3882 2889 3937 καὶ
2943 3880 3240 3934 ἀσάλευτον
3299 3874 3598 3946 θεηγορίαν
3657 3872 3738 3963 βε-

2167 3962 2327 4036 ϐαίαν
2358 3978 2747 4047 κατάσχωμεν.
2784 3971 2895 4026 Καὶ
2922 3970 3033 4041 γὰρ
3057 3968 3247 4037 ὥσπερ
3270 3968 3305 4037 ἠ
3336 3964 3553 4034 κεφαλὴ
3589 3962 3737 4031 ὑμῶν

493 4090 630 4129 auro
656 4087 711 4128 et
740 4071 1013 4141 lapidibus
1057 4068 1278 4140 fulgidis
1311 4078 1639 4131 coronatur,
1672 4068 1745 4121 ita
1776 4079 1829 4122 et
1867 4081 2059 4122 sensus

2174 4069 2352 4142 χρυσῷ
2385 4069 2479 4123 καὶ
2504 4068 2673 4130 λίθοις
2702 4061 3113 4131 διαυγεστάτοις
3147 4058 3543 4126 ἐστεφάνωται,
3574 4052 3737 4112 οὓτως

491 4166 658 4220 vestri
677 4162 1001 4234 evangelicis
1017 4170 1071 4216 et
1091 4160 1333 4231 paternis
1357 4159 1684 4229 magisteriis
1700 4159 2053 4213 adornantur.

492 4258 629 4311 Cum
658 4255 801 4310 enim
830 4269 1041 4319 eorum,
1073 4266 1304 4321 quorum
1332 4251 1384 4304 in
1415 4266 1633 4305 omnem
1672 4258 1871 4304 terram
1898 4248 2066 4303 exivit

496 4360 669 4400 sonus
699 4345 714 4374 ⁸
740 4383 755 4408 ,
800 4343 991 4398 essetis
1024 4341 1278 4410 discipuli
1317 4349 1372 4393 et
1415 4340 1706 4409 participes
1733 4380 1747 4401 ,
1793 4340 2068 4407 totiusque

496 4436 698 4490 Christi
733 4435 950 4487 nomine
991 4440 1316 4501 mrncupata:
1356 4430 1525 4500 plebis
1566 4429 1631 4484 ad
1676 4430 1930 4499 pietatem
1971 4429 2067 4483 du-

496 4535 675 4580 ctores
697 4563 711 4587 ,
740 4524 995 4591 {veritatis
1039 4522 1177 4592 stylo
1212 4521 1577 4591 descripsistis
1615 4536 1923 4576 sermonem
1948 4560 1963 4585 ,
2013 4529 2069 4575 et

497 4616 835 4672 orthodoxiae
864 4629 928 4669 ac
962 4614 1177 4683 pietatis
1211 4613 1531 4681 depinxistis
1566 4614 1975 4678 characterem;
2013 4622 2067 4666 et

495 4710 661 4766 veluti
695 4709 986 4763 luminaria
1030 4707 1345 4777 praefulgitla
1385 4706 1633 4761 ﬁdelibus
1684 4706 1976 4771 illuxistis,
2014 4714 2068 4759 et

498 4817 719 4856 manum
764 4797 1203 4869 periclitantibus
1234 4796 1492 4853 Ecclesiis
1541 4796 1895 4865 porrexistis,
1930 4809 2063 4850 sana

496 4895 748 4963 dogmata
786 4892 1202 4955 contirmantes,
1254 4898 1306 4943 et
1343 4902 1672 4942 consensum
1714 4902 1901 4941 eorum
1946 4901 2067 4956 qua:

496 4983 638 5038 inter
664 4998 723 5035 se
762 4982 1045 5036 dissonant
1078 4977 1097 5051 [
1127 4980 1221 5049 qui
1254 4979 1393 5033 inter
1428 4994 1486 5033 se
1522 4976 1937 5048 dissonabant],
1981 4977 2065 5029 in-

498 5082 826 5131 staurantes.
852 5071 1001 5127 Licet
1026 5073 1187 5143 igitur
1209 5087 1334 5126 cum
1369 5069 1565 5125 ﬁducia
1591 5070 1771 5124 dicere
1794 5085 1809 5121 :
1843 5067 2068 5123 Pietatis

496 5168 639 5221 bona
676 5166 952 5231 voluntate
985 5163 1076 5218 Dei
1127 5178 1223 5233 per
1257 5178 1355 5217 vos
1389 5162 1655 5217 correctio
1702 5161 1940 5216 stabilita
1984 5169 2069 5214 est

499 5258 635 5331 [σι’.
665 5258 879 5326 insigne
905 5272 1040 5326 opus
1069 5256 1365 5311 stabilitum
1392 5255 1440 5322 ιε
1475 5269 1525 5308 cr
1565 5254 1771 5309 idcirco
1802 5254 2065 5322 repletum

2166 4164 2217 4216 οί
2247 4163 2365 4224 νόες
2399 4159 2554 4231 ὑμῶν
2588 4155 2976 4225 εὐαγγελικαῖς
3020 4170 3080 4207 τε
3114 4152 3207 4206 καὶ
3242 4147 3546 4217 πατρικαῖς
3596 4143 3736 4195 διδα-

2170 4255 2419 4317 σκαλίαις
2447 4251 2987 4317 κατακεκόσμηνται.
3016 4242 3206 4297 Αὐτῶν
3232 4239 3374 4310 γὰρ,
3398 4231 3474 4291 ὧν
3533 4236 3614 4298 είς
3640 4235 3737 4286 πᾶ.-

2170 4365 2270 4402 σαν
2316 4345 2415 4416 τὴν
2466 4343 2569 4412 γῆν
2605 4344 2633 4394 ό
2666 4339 2903 4408 φθόγγος
2926 4332 3268 4405 ἐξελήλυθεν,
3296 4330 3373 4392 ὡς
3402 4329 3575 4389 ὅντως
3624 4340 3737 4392 φοι-

2168 4438 2332 4507 τηταὶ
2362 4435 2458 4490 καὶ
2496 4431 2851 4503 συμμέτοχοι,
2882 4426 3082 4488 παντὸς
3124 4424 3183 4477 δὲ
3215 4420 3313 4475 τοῦ
3342 4416 3737 4489 Χριστωνύμου

2168 4528 2298 4583 λαοῦ
2330 4525 2514 4597 ὁδηγοὶ
2547 4523 2684 4594 πρὸς
2711 4519 3016 4582 εὐσέϐειαν,
3040 4515 3133 4568 τὸν
3158 4515 3260 4585 τῆς
3288 4510 3553 4577 ἀληθείας
3582 4510 3736 4575 ἑστη-

2170 4619 2556 4691 λογραφήσατε
2586 4614 2769 4681 λόγον,
2808 4608 3018 4664 καὶτὸν
3049 4606 3149 4677 τῆς
3172 4600 3622 4691 όρθοδοξίαςῂκαὶ
3651 4599 3737 4651 εὐ-

2172 4688 2386 4777 σεϐείας
2414 4706 2902 4779 διεζωγραφήσατε
2933 4699 3285 4772 χαρακτῆρα,
3315 4698 3415 4751 καὶ
3464 4688 3557 4746 οἷα
3603 4692 3737 4758 λαμ-

2170 4803 2378 4873 πτῆρες
2424 4778 2746 4870 περιφανεῖς
2796 4794 2911 4854 τοῖς
2954 4790 3168 4851 πιστοῖς
3219 4783 3595 4853 ἀνελάμψατε,
3653 4778 3741 4832 καὶ

2169 4896 2290 4956 ταῖς
2321 4886 2762 4948 κινδυνευούσαις
2805 4879 3153 4951 Ἐκκλησίαις
3179 4880 3334 4949 χεῖρα
3359 4874 3630 4945 ὼρέξατε,
3677 4873 3741 4923 τὰ

2170 4984 2301 5054 ὑγιῆ
2327 4983 2573 5052 δόγματα
2604 4975 2992 5049 κρατύναντες,
3036 4970 3132 5024 καὶ
3156 4970 3254 5060 τὴν
3283 4964 3740 5038 όμογνωμοσύνην

2168 5077 2277 5129 τῶν
2333 5069 2642 5127 διεστώτων
2689 5057 3184 5137 πρυτανεύσαντες.
3233 5059 3388 5125 Ἑξὸν
3440 5057 3625 5110 τοίνυν
3657 5072 3724 5123 με

2170 5166 2239 5220 τὰ
2268 5160 2589 5234 παρρησίας
2615 5159 2833 5212 εἰπεῖν⁶
2897 5155 2972 5207 Th
3024 5153 3127 5221 τῆς
3183 5149 3474 5212 εὐσεϐείας
3526 5147 3741 5215 εὐδοκία

2173 5256 2309 5312 Θεοῦ
2348 5256 2416 5309 δι’
2444 5252 2599 5324 ὑμῶν
2628 5246 2932 5323 ἐϐεϐαιώθη
2966 5243 3323 5315 κατόρθωμα,
3381 5242 3478 5296 καὶ
3536 5239 3739 5307 πεπλή-

424 5416 429 5421 ,
497 5328 577 5407 cst
614 5351 813 5422 gaudio
845 5366 907 5403 os
946 5356 1215 5413 nostrum,
1241 5357 1294 5403 et
1320 5348 1501 5418 lingua
1533 5355 1719 5401 nostra
1745 5345 2059 5400 exsultatio-

2178 5364 2348 5420 ρωται
2404 5345 2578 5415 χαρᾶς
2610 5341 2672 5394 τὸ
2707 5339 2884 5408 στόμα
2910 5335 3090 5408 ἡμῶν,
3123 5336 3277 5404 καὶὴ
3312 5332 3539 5401 γλῶσσα
3590 5328 3741 5401 ἡμῶν

499 5460 569 5499 ne
618 5458 631 5493 :
666 5450 714 5496 et
758 5458 853 5511 per
888 5441 1205 5511 inscriptam
1249 5450 1435 5494 vocem
1454 5449 1692 5494 nostram
1751 5453 1839 5492 res
1875 5438 2059 5506 linguae

2174 5437 2550 5509 ἀγαλλιάσεως
2576 5452 2590 5465 ·
2648 5433 2744 5486 καὶ
2782 5430 2849 5483 δι’
2903 5427 3186 5498 ἐγγράφου
3232 5424 3420 5496 φωνῆς
3483 5421 3642 5493 ἡμῶν
3687 5422 3738 5473 αξ

499 5542 703 5589 nostrae
737 5533 1057 5602 loquuntur.

572 5625 712 5689 Quid
737 5624 881 5678 enim
914 5625 1407 5680 ecclesiasticorum
1433 5624 1769 5692 negotiorum
1806 5621 2073 5676 ﬁrmitatis

500 5714 745 5770 custodia
792 5716 1117 5784 jucundius,
1161 5726 1214 5770 et
1267 5717 1332 5770 ad
1372 5716 1613 5769 laetitiam
1661 5715 1900 5785 gratius?
1933 5713 2069 5780 Quia

575 5834 592 5843 ’
623 5825 764 5881 Psal.
814 5840 944 5879 xvnt
974 5866 986 5889 ,
1032 5827 1095 5891 5;
1141 5824 1298 5880 Rom.
1337 5842 1402 5892 Χ,
1454 5827 1535 5879 10.

2172 5530 2416 5599 γλῶσσαι
2448 5522 2675 5577 λαλοῦσι
2701 5520 2771 5575 τὰ
2802 5518 3120 5591 πράγματα.

2242 5619 2309 5672 Τί
2334 5618 2443 5687 γὰρ
2486 5614 2581 5669 τοῦ
2614 5610 2982 5683 φυλάττεσθαι
3021 5604 3500 5677 ὲκκλησιαστικῶν
3570 5618 3734 5671 πραγ-

2176 5713 2359 5785 μάτων
2392 5707 2679 5780 βεϐαίωσιν
2730 5704 3100 5777 φαιδρότερον,
3164 5700 3259 5753 καλ⁸
3315 5697 3449 5769 πρὸς
3481 5691 3729 5765 εὐφροσύ·
