4088 6490
299 348 319 411 1
331 349 441 414 429

1724 358 2126 422 EPISTOL/E.

3426 357 3565 422 11.30

295 484 397 539 νην
451 469 845 541 χαριέστερον;
890 470 1043 525 Ἐπεὶ
1074 471 1131 525 δὲ
1152 472 1459 545 ἀνέστησάν
1483 491 1629 539 τινες
1654 476 1873 547 ἀνδρες,

1991 494 2111 533 vero
2154 482 2575 536 insurrexerunt
2608 481 2829 551 quidam
2873 480 3019 546 viri,
3069 479 3302 536 formam
3342 482 3563 551 quidem

299 561 589 631 μόρφωσιν
647 561 747 632 μὲν
804 562 1088 627 εὐσεϐείας
1153 563 1393 634 ἔχοντες.
1442 567 1526 621 ὅτι
1579 568 1881 639 ἱερωσύνης

296 651 521 723 ἀξίωμα
552 652 996 725 περιεϐέϐληντο,
1033 653 1131 727 τὴν
1162 655 1219 709 δὲ
1258 656 1488 729 δύναμιν
1518 659 1689 730 αὐτῆς
1720 661 1883 731 ἠρνη-

298 744 475 816 μένοι,
512 744 623 798 τῶν
653 745 1010 801 Βαϐυλωνίων
1048 748 1242 819 ἱερέων
1287 750 1387 820 τήν
1414 752 1754 821 κατηγορίαν
1770 754 1881 806 ἐπι-

298 837 679 907 σπασάμενον
714 836 809 900 οὓς
834 840 929 892 κα)⁸
960 840 992 910 ἡ
1046 840 1357 910 προφητεία
1419 841 1746 913 θριαμϐεύει
1791 842 1881 899 λέ-

295 942 472 995 γουσα
508 944 522 959 ·
567 946 585 979 ι
633 927 892 998 Ἐξῆλθεν
919 929 1129 1001 ἀνομία
1158 931 1219 995 ἐξ
1244 931 1434 1003 ἱερέων
1472 933 1814 998 Βαϐυλῶνος.
1856 955 1873 985 ι

292 1023 523 1078 Μᾶλλον
546 1022 602 1077 δέ
637 1024 946 1094 Καῖφαῖκδν
981 1025 1259 1097 συνέδριον
1289 1029 1714 1099 συστησάμενοι,
1756 1047 1880 1099 γεν-

296 1116 527 1186 νήτορες
558 1115 815 1184 γεγόνασι
863 1116 1142 1170 δυσσεϐῶν
1174 1116 1544 1188 διδαγμάτων.
1595 1121 1706 1175 Καὶ
1741 1122 1880 1192 ἀρᾶς

296 1207 395 1260 καὶ
426 1207 658 1278 πικρίας
686 1207 903 1277 ἔχοντες
948 1208 1143 1279 στόμα,
1204 1210 1266 1261 τὸ
1290 1209 1386 1263 ἐπὶ
1440 1212 1628 1275 κακοῖς
1670 1212 1880 1281 ἰσχύειν

294 1298 459 1363 δόξαν
490 1298 829 1367 ἐλογίσαντο.
860 1300 972 1354 Καὶ
991 1300 1278 1370 δύσφημον
1326 1300 1544 1371 ἔχοντες
1605 1302 1878 1371 γλῶτταν,

298 1389 395 1439 καὶ
420 1386 667 1456 κάλαμον
702 1387 1082 1457 ὑπουργοῦντα
1150 1387 1344 1463 ταύτῃ,
1377 1392 1497 1453 ταῖς
1530 1392 1881 1458 αὐτολέκτοις

298 1478 395 1533 τοῦ
438 1478 574 1532 Θεοῦ
605 1482 813 1548 φωναῖς
844 1480 1146 1551 μαχόμενοι
1178 1482 1672 1554 ἐτερατολὸγησαν.
1701 1485 1763 1539 τὸ
1794 1485 1881 1556 βα-

302 1572 504 1626 σίλειον
536 1572 838 1642 ἱεράτευμα
890 1572 986 1625 καὶ
1016 1572 1170 1638 ἔθνος
1202 1572 1380 1642 ἅγιον,
1410 1576 1537 1639 τοὺς
1579 1576 1880 1648 ἐνδυσαμέ-

302 1680 428 1726 νους
461 1663 720 1733 Χριστὸν,
750 1663 844 1716 καὶ
868 1666 933 1733 τῇ
975 1662 1165 1735 χάριτι
1200 1663 1371 1717 αὐτοῦ
1407 1665 1786 1729 ἀνασωθέντας
1816 1669 1882 1721 ἐκ

300 1757 403 1826 τῆς
434 1753 542 1808 τῶν
568 1753 803 1808 εἰδώλων
832 1755 1062 1826 πλάνης,
1084 1754 1478 1827 είδωλολάτρας
1507 1757 1881 1812 ἀποκαλέσαν-

300 1822 417 1906 τες.
477 1844 585 1899 Καὶ
611 1844 952 1916 κακουργίας
981 1822 1199 1915 έχοντες
1226 1822 1477 1917 γνώμην,
1510 1849 1698 1919 χεῖρας
1752 1846 1880 1902 ἀθέ-
1914 1822 1953 1878 Β

304 1951 475 2004 σμους
500 1933 787 1999 ἐπέϐαλον,
828 1934 1089 2003 ἀφανίσαι
1113 1934 1352 2005 οἰόμενοι
1376 1935 1474 2006 τὴν
1502 1936 1612 1989 τῶν
1666 1934 1881 1989 σεπτῶν

301 2025 531 2080 εἰκόνων
564 2026 1056 2097 ἀναζωγράφησιν.
1086 2025 1195 2078 Καὶ
1244 2026 1344 2079 ὅσα
1383 2025 1483 2095 μὲν
1536 2026 1600 2080 ἐκ
1649 2025 1883 2096 ψηφῖδος

302 2116 456 2183 δντα,
493 2114 773 2188 ἐξώρυξαν
801 2133 815 2147 ο
848 2117 950 2171 ὅσα
1005 2116 1148 2171 δὲέκ
1186 2116 1497 2188 κηροχύτου
1522 2134 1884 2188 χρωματουρ-

301 2210 433 2279 γίας
464 2209 750 2275 λεάναντες
776 2209 884 2264 τῶν
923 2208 1143 2264 σεπτῶν
1178 2209 1326 2264 ναῶν
1357 2210 1455 2281 τήν
1483 2209 1780 2281 εὐκοσμίαν
1801 2212 1884 2274 εἰς

305 2300 585 2374 ἀκοσμίαν
646 2302 968 2373 μετέϐαλον.
996 2302 1103 2356 Σὺν
1131 2303 1348 2366 τούτοις
1369 2302 1426 2356 δὲ
1462 2302 1556 2357 καὶ
1580 2302 1647 2357 τὰ
1678 2302 1737 2356 ἐν
1789 2319 1886 2357 σα-

307 2393 451 2448 νίσιν
477 2395 559 2459 είς
608 2397 834 2467 μνήμην
864 2394 993 2448 ὄντα
1027 2394 1267 2465 Χριστοῦ
1302 2393 1398 2448 τοῦ
1429 2393 1565 2447 Θεοῦ
1601 2394 1761 2465 ήμῶν
1792 2395 1885 2447 καὶ

305 2484 419 2538 τῶν
450 2483 622 2554 ἀγίων
650 2483 819 2540 αὑτοῦ
852 2484 988 2556 πυρὶ
1049 2484 1381 2556 παρέδωκαν
1415 2499 1429 2514 ·
1489 2485 1583 2537 καὶ
1625 2484 1702 2547 ὡς
1754 2483 1887 2549 ἔπος

308 2576 510 2643 εἰπεῖν,
564 2576 667 2640 τὰς
722 2575 845 2630 καθ’
900 2576 1052 2647 ἡμᾶς
1116 2576 1419 2649 ἐκκλησίας
1512 2574 1886 2645 λυμηνάμενοι

308 2668 665 2739 διετάραξαν.
702 2669 812 2722 Καὶ
836 2668 1187 2739 αἱρεσιάρχαι
1213 2668 1264 2721 οἰ
1311 2668 1560 2738 ἰεράρχαι
1590 2665 1847 2735 γεγόνασι
1870 2679 1885 2694 ’

310 2760 408 2812 καὶ
441 2760 562 2814 ἀντὶ
598 2760 697 2829 μὲν
732 2760 959 2831 εἰρήνης
1004 2760 1120 2831 έριν
1148 2759 1227 2831 τῷ
1256 2760 1368 2830 λαῷ
1426 2759 1888 2831 προσεφώνησαν,

311 2852 441 2905 ἀντὶ
477 2850 534 2904 δέ
568 2851 717 2904 σίτου
749 2848 966 2915 ζιζάνια
1003 2852 1120 2913 ταῖς
1180 2847 1665 2918 ἐκκλησιαστικαῖς
1727 2847 1892 2920 ἀρού-

314 2958 441 3014 ραις
480 2942 805 3014 ἐνέσπειραν
832 2956 846 2971 ⁸
893 2941 985 2995 τὸν
1011 2937 1154 2994 οἶνον
1183 2939 1375 3010 ἔμιξαν
1429 2937 1604 3003 ὕδατι,
1654 2941 1748 2994 καὶ
1800 2940 1891 2995 τὸν

313 3032 555 3104 πλησίον
597 3032 855 3084 ἐπότισαν
899 3030 1218 3101 ἀνατροπὴν
1263 3029 1492 3102 θολεράν
1522 3045 1536 3060 ⁶
1581 3031 1677 3085 καὶ
1735 3030 1891 3084 λύκοι

1984 570 2201 640 pietatis
2228 569 2511 637 habentes,
2545 571 2807 641 quoniam
2840 571 3135 628 sacerdotii
3164 571 3431 642 dignitate
3459 573 3569 627 eir-

1987 662 2301 718 cumamicti
2333 674 2494 729 sunt;
2552 664 2813 718 virtutem
2852 672 3032 718 autem
3064 664 3183 733 ejus
3208 663 3563 731 abnegantes,

1982 763 2037 809 et
2082 754 2539 825 Babylonensium
2592 755 2935 809 sacerdomm
2980 756 3310 810 calumniam
3354 754 3371 824 l
3407 769 3567 809 accu-

1984 843 2293 915 sationem]
2334 846 2698 914 arripientes;
2745 861 2884 916 quos
2927 854 2981 901 et
3013 846 3293 916 prophetia
3327 838 3566 915 publicat

1982 935 2171 991 dicens
2193 938 2223 1005 ξε
2283 954 2301 986 ι
2351 936 2582 1007 Egressa
2631 946 2716 993 est
2778 938 3035 1008 iniquitas
3100 954 3129 993 a
3188 938 3565 993 sacerdotibus

1984 1027 2278 1099 Babylonis
2303 1030 2343 1082 ⁸.
2378 1047 2394 1079 ι
2436 1028 2549 1085 Ιηιο
2579 1044 2709 1084 vero
2737 1029 3097 1100 Caiphaicum
3131 1031 3422 1086 concilium
3451 1042 3564 1083 sta-

1968 1124 2221 1185 tuentes,
2255 1119 2527 1187 genitorcs
2567 1119 2692 1176 facti
2715 1132 2842 1177 sunt
2869 1123 3188 1193 dogmatum
3222 1123 3516 1191 impiorum
3549 1140 3562 1175 :

1982 1219 2035 1263 et
2068 1224 2131 1265 os
2168 1210 2565 1265 maledictionis
2598 1220 2651 1265 et
2683 1212 3061 1268 amaritudinis
3092 1214 3355 1268 habentes
3377 1254 3391 1276 ,
3429 1228 3566 1282 prae-

1983 1300 2165 1354 valere
2198 1300 2251 1354 in
2283 1300 2444 1355 malis
2466 1300 2693 1371 gloriam
2718 1302 2965 1357 arbitrati
2998 1314 3147 1358 sunt.
3190 1303 3567 1372 infamemque

1981 1392 2222 1461 linguam
2263 1401 2318 1447 et
2354 1392 2623 1447 Calamum
2662 1393 3063 1448 ministrantem
3110 1396 3239 1450 huic
3283 1396 3569 1464 possiden~

1984 1498 2084 1545 tes,
2119 1494 2171 1537 et
2200 1498 2363 1538 voces
2391 1498 2512 1553 qua:
2541 1485 2610 1537 ab
2640 1483 2758 1553 ipso
2787 1484 2898 1538 Deo
2932 1486 3161 1553 prolatae
3196 1496 3318 1539 sunt
3338 1524 3352 1545 ,
3391 1485 3569 1553 impu-

1979 1582 2236 1642 gnantes,
2278 1583 2443 1644 atque
2498 1583 2812 1644 portentose
2866 1577 3045 1646 regale
3091 1578 3571 1636 saeerdotium,et

1981 1674 2196 1734 gentem
2228 1673 2474 1718 sanctam
2499 1704 2514 1729 ,
2559 1676 2611 1719 et
2660 1680 2755 1720 eos
2792 1666 2885 1735 qui
2928 1666 3210 1721 Christum
3246 1666 3567 1730 induerunt,

1981 1764 2036 1809 et
2062 1756 2231 1825 gratia
2256 1756 2372 1825 ejus
2396 1756 2461 1810 ab
2483 1756 2745 1812 idolorum
2764 1772 2951 1812 errore
2967 1759 3157 1812 salvati
3178 1769 3326 1818 sunt,
3345 1758 3570 1812 idolola-

1983 1854 2094 1901 tras
2117 1855 2391 1901 vocantes.
2415 1846 2719 1918 Etnequam
2739 1848 3347 1917 operationishahentes
3364 1857 3568 1912 votum,

1984 1952 2184 1993 manus
2217 1941 2283 1992 ad
2320 1938 2507 1992 illicita
2552 1940 2919 2003 immiserunt,
2948 1940 3199 1996 demoliri
3232 1941 3437 2010 opinati
3474 1956 3569 1995 ve-

1984 2029 2307 2084 nerabilium
2364 2030 2633 2099 picturam
2690 2029 3007 2098 imaginum.
3053 2032 3117 2084 Et
3161 2032 3378 2100 quidem
3424 2046 3572 2101 quaa-

1986 2135 2203 2190 cunque
2237 2122 2303 2175 de
2328 2122 2561 2176 tessellis
2585 2120 2808 2175 fuerunt
2844 2120 2983 2175 facta
3006 2163 3020 2188 ,
3053 2122 3355 2176 effoderunt
3385 2140 3398 2176 :
3439 2138 3561 2190 qua:

1986 2228 2115 2269 vero
2154 2228 2219 2268 ex
2250 2228 2373 2268 cera
2415 2212 2567 2268 fuere
2610 2212 2831 2283 perfuso
2859 2214 3102 2269 colorum
3131 2230 3323 2285 opere,
3354 2215 3569 2269 delew-

1989 2314 2148 2372 runt,
2182 2306 2686 2375 venerabiliumque
2730 2305 3027 2375 imaginum
3060 2305 3181 2379 [δι’.
3219 2307 3567 2378 templorum]

1987 2397 2155 2452 decus
2186 2396 2240 2450 in
2272 2397 2509 2451 dedecus
2551 2397 2972 2452 transtulerunt.
3015 2397 3151 2452 Cum
3186 2399 3273 2453 bis
3300 2409 3481 2471 autem
3518 2408 3573 2452 et

1987 2504 2050 2544 ea
2086 2504 2207 2558 quae
2245 2487 2299 2542 in
2335 2488 2533 2543 tabulis
2566 2489 2619 2542 in
2656 2489 2974 2543 memoriam
3009 2488 3213 2543 Christi
3257 2489 3349 2543 Dei
3396 2491 3571 2544 nostri

1989 2586 2045 2632 et
2075 2590 2388 2632 sanctorum
2418 2576 2537 2642 ejus
2571 2576 2899 2632 exstiterunt
2922 2617 2937 2641 ,
2969 2577 3077 2646 igni
3113 2577 3471 2631 tradiderunt.
3509 2576 3571 2631 Et

1993 2678 2052 2724 ut
2083 2669 2325 2739 apertius
2354 2668 2633 2731 dicamus,
2688 2668 2948 2722 ecclesias
2993 2678 3205 2723 nostras
3236 2669 3568 2739 depopulati,

1990 2757 2455 2813 conturbaverunt
2483 2773 2496 2810 :
2540 2766 2593 2811 et
2623 2757 2750 2810 facti
2791 2766 2919 2811 sunt
2947 2758 3225 2813 liaareseon
3256 2759 3531 2827 principes
3555 2797 3569 2819 ,

1993 2850 2085 2919 qui
2115 2858 2272 2905 erant
2317 2848 2594 2918 principes
2628 2849 2976 2903 sacerdotum
3004 2865 3019 2914 ;
3070 2858 3123 2903 et
3158 2863 3255 2918 pro
3286 2863 3419 2917 pace
3451 2848 3572 2916 qui-

1992 2944 2117 2998 dem
2154 2942 2564 2997 contentionem
2615 2941 2818 3012 populo
2859 2942 3302 2994 aeclamaverunt
3344 2957 3358 2994 z
3407 2957 3573 3007 porro

1993 3050 2092 3106 pro
2128 3035 2405 3089 frumento
2440 3033 2653 3087 zizania
2697 3034 2753 3088 in
2807 3032 3197 3088 ecclesiasticis
3228 3032 3373 3087 arvis
3403 3032 3575 3086 senii-

326 3123 611 3198 Ἀραϐικοὶ
636 3124 808 3189 ὄντες,
834 3122 995 3192 δορὰν
1026 3122 1322 3192 προϐάτων
1376 3122 1753 3193 ὑπεκρίθησαν
1805 3124 1891 3175 ἐν-

1996 3130 2301 3190 naverunt;
2335 3121 2521 3175 vinum
2555 3121 2900 3177 miscuerunt
2946 3135 3136 3190 aquai,
3173 3128 3228 3176 et
3260 3121 3574 3189 proximum

311 3216 585 3272 δύσασθαι
614 3232 630 3248 ο
670 3216 765 3269 καὶ
790 3215 891 3286 τήν
944 3213 1203 3284 ἀλήθειαν
1266 3213 1786 3286 παραλογιζόμενοι,
1833 3214 1891 3268 τὸ

1993 3225 2318 3287 potaverunt
2354 3213 2716 3270 subversione
2756 3214 3116 3269 turbulenta:
3164 3220 3218 3268 et
3276 3227 3402 3267 cum
3461 3212 3575 3283 lupi

312 3308 514 3379 ψεῦδος
542 3309 947 3362 ἐπεσπάσαντο.
1010 3304 1150 3359 Ἀλλ’
1195 3305 1280 3358 ὠά
1333 3305 1577 3359 ἀσπίδων
1627 3303 1891 3378 έρῤηξαν,

313 3402 413 3454 καὶ
444 3401 591 3454 ἰστὸν
626 3400 870 3471 ἀράχνης
890 3397 1032 3453 κατὰ
1063 3398 1154 3451 τὸν
1193 3397 1483 3469 προφήτην
1512 3396 1726 3466 ῦφαναν
1755 3413 1769 3428 °
1795 3397 1892 3451 καὶ

310 3495 343 3547 ὁ
393 3491 605 3564 μέλλων
637 3491 747 3545 τῶν
785 3490 907 3545 ὠῶν
936 3489 1116 3543 αὐτῶν
1168 3491 1388 3558 φαγεῖν,
1446 3488 1744 3561 συντρίψας
1797 3488 1891 3543 οῦ-

314 3601 435 3653 ριον
465 3584 639 3655 εὕροι,
667 3584 765 3638 καὶ
793 3584 851 3637 ἐν
880 3579 1030 3652 αύτῷ
1070 3580 1387 3650 βασιλίσκον
1458 3578 1538 3635 ἰοῦ
1568 3582 1665 3635 καὶ
1718 3582 1889 3652 πνοῆς

313 3676 699 3749 θανατηφόρου
733 3674 993 3747 γέμοντα.

394 3958 508 4013 Καὶ
532 3956 655 4012 ἐπεὶ⁹
683 3954 861 4011 ταῦτα
890 3954 1039 4011 οὕτω
1069 3953 1329 4021 διέθεντο,
1363 3953 1458 4009 καὶ
1487 3952 1589 4025 τὴν
1638 3952 1901 4024 ἀλήθειαν

315 4052 383 4106 τδ
405 4049 601 4122 ψεῦδος
626 4047 1010 4114 κατεϐόσκετο,
1034 4048 1095 4102 ού
1131 4046 1573 4118 συνεχωρήσατε,
1604 4044 1899 4118 ἡμερώτα-

1993 3307 2213 3362 Arabici
2258 3315 2476 3373 essent,
2522 3306 2660 3376 pelle
2689 3306 2874 3363 ovium
2920 3321 2979 3360 se
3023 3304 3421 3360 simulaverunt
3453 3320 3578 3360 esse

1994 3399 2216 3454 indutos
2268 3414 2283 3452 :
2345 3406 2400 3453 et
2457 3397 2690 3454 veritate
2744 3398 3072 3468 parvipensa
3128 3394 3575 3469 [del’raudata],

1992 3488 2340 3545 mendacium
2376 3488 2770 3559 arripuerunt'
2800 3505 2814 3542 :
2868 3488 2960 3544 sed
2997 3502 3100 3542 ova
3130 3487 3382 3558 aspidum
3412 3501 3578 3556 rupe-

1988 3591 2139 3647 runt,
2171 3589 2227 3638 et
2251 3581 2412 3638 telam
2443 3594 2659 3637 aranea:
2688 3580 2989 3637 secundum
3027 3580 3352 3651 prophetam
3387 3588 3578 3632 texue-

1984 3681 2131 3739 runt,
2186 3679 2242 3728 ct
2290 3673 2384 3744 qui
2434 3681 2785 3729 comesturus
2824 3680 2930 3738 est,
2976 3686 3141 3727 ovum
3217 3685 3408 3727 eorum
3446 3681 3580 3725 con-

1993 3776 2197 3834 terens,
2248 3768 2569 3824 calefactum
2619 3765 2949 3840 [putridum]
3002 3765 3263 3831 inveniet,
3318 3774 3371 3820 et
3421 3763 3476 3819 in
3513 3777 3579 3819 eo

1979 3862 2233 3933 regulum
2275 3877 2398 3919 esse
2429 3877 2641 3919 veneno
2673 3872 2730 3919 et
2773 3862 2971 3934 spiritu
3014 3860 3302 3917 mortifero
3332 3860 3577 3931 plenum.

2070 3952 2138 4008 Et
2167 3952 2296 4025 quia
2329 3951 2444 4006 hac
2479 3952 2555 4007 ita
2588 3951 2999 4019 disposuerunt,
3027 3960 3082 4007 et
3108 3952 3392 4007 veritatem
3424 3966 3581 4005 meu-

1998 4043 2215 4101 dacium
2249 4044 2468 4114 depavit
2490 4082 2505 4108 ,
2548 4058 2658 4099 non
2688 4043 3015 4107 indulsistis,
3040 4042 3469 4099 mansuetissimi
3499 4053 3582 4097 at—

316 4141 406 4195 τοί
460 4154 522 4194 τε
554 4140 649 4195 καὶ¹
682 4136 1054 4210 ἀνδρειότατοι
1079 4134 1239 4209 ήμῶν
1270 4133 1531 4205 βασιλεῖς,
1556 4134 1617 4189 ἐν
1638 4134 1752 4197 τοῖς
1775 4132 1891 4204 ὑμε-

1999 4146 2107 4201 que
2179 4129 2465 4186 fortissimi
2524 4130 2889 4201 imperatores
2953 4131 3177 4196 nostri,
3242 4129 3582 4199 temporibus

318 4232 508 4304 τέροις
534 4233 751 4304 χρόνοις
773 4231 875 4303 τήν
902 4227 1047 4284 οὕτω
1097 4226 1343 4301 λοιμώδη
1396 4226 1495 4282 καὶ
1549 4225 1891 4298 ψυχοφθόροι

1997 4224 2199 4279 vestris
2235 4237 2559 4295 permanere
2596 4235 2705 4278 tam
2743 4223 3087 4293 pestilentem
3122 4233 3178 4279 et
3213 4224 3427 4277 animas
3457 4238 3583 4277 cor-

323 4325 535 4395 πλάνην
578 4323 918 4395 ἐνδιαμένειν
941 4338 957 4354 ο
1017 4320 1155 4376 ἀλλά
1210 4318 1419 4391 ταύτην
1474 4321 1541 4391 τῇ
1610 4317 1755 4390 αὔρᾳ
1805 4315 1891 4377 τοῐ

2006 4327 2347 4386 rumpentem
2379 4331 2663 4382 errorem;
2712 4316 2805 4371 sed
2848 4315 2997 4371 hunc
3028 4330 3161 4370 aura
3193 4316 3365 4369 divini
3410 4314 3585 4385 Spiri-

321 4421 471 4476 θείου
506 4417 823 4490 Πνεύματος
867 4415 964 4471 τοῦ
1025 4417 1085 4470 ἐν
1135 4415 1265 4486 ὑμῖν
1314 4412 1593 4477 οἰκοῦντος
1641 4411 1891 4483 ἀφανίσαι

2007 4416 2093 4463 tus
2123 4408 2217 4477 qui
2247 4409 2303 4462 in
2335 4409 2491 4463 vobis
2530 4409 2759 4473 habitat,
2792 4407 3163 4462 exterminare
3197 4407 3538 4477 procurastis
3568 4424 3583 4460 :

323 4508 776 4583 προεθυμήθητε,
811 4509 959 4573 ὅπως
984 4506 1246 4571 εὐσταθὲς
1274 4506 1507 4577 διαμένῃ
1535 4505 1635 4575 τῆς
1685 4502 1891 4574 Ἐκκλη·

2008 4509 2279 4571 quatenus
2334 4500 2545 4555 stabilis
2599 4509 2920 4570 permaneat
2977 4499 3233 4556 Ecclesiae
3294 4508 3470 4554 cretus
3533 4506 3588 4553 et

326 4562 455 4666 σίας
491 4562 555 4654 τέ
574 4562 855 4671 σύστημα,
880 4562 976 4653 καὶ
1004 4596 1099 4651 τοῦ
1136 4596 1340 4660 παντὸς
1368 4562 1617 4668 ῦπηικόου
1646 4595 1710 4649 τὸ
1768 4562 1891 4663 σύγἰ

2011 4562 2337 4648 euiictorum
2385 4562 2730 4648 subdito-rum
2764 4592 2984 4647 collatio
3025 4591 3386 4665 [collectio],
3424 4602 3589 4663 atque

326 4710 528 4765 κριμα,
559 4692 657 4746 καὶ
684 4691 744 4745 τὸ
772 4690 1043 4761 βασίλειον
1074 4688 1229 4760 ὑμῶν
1253 4688 1397 4743 κατὰ
1455 4689 1555 4757 τὴν
1628 4686 1891 4759 ὑμετέραι

2010 4684 2300 4754 imperium
2346 4694 2589 4740 vestrum
2641 4685 2944 4740 secundum
2989 4700 3295 4757 cognomen
3342 4694 3586 4740 vestrum

326 4784 646 4857 ἐπωνυμίαν
677 4781 967 4853 εἰρηνικῶς
988 4779 1341 4850 διευθύνηται
1418 4780 1512 4833 καὶ
1548 4779 1650 4833 οὑκ
1682 4779 1891 4832 ἀνεκτδι

2012 4775 2240 4847 pacifice
2299 4775 2591 4846 dirigatur.
2659 4774 2770 4829 Nec
2826 4774 3110 4830 tolerabile
3174 4775 3256 4827 vel
3316 4774 3587 4844 portabile

327 4879 364 4950 ἢ
397 4878 636 4951 φορητὸν
671 4874 1011 4947 ἡγήσασθαι,
1036 4873 1108 4928 τὰ
1143 4871 1243 4944 μὲν
1267 4871 1403 4928 ἀλλα
1458 4873 1703 4942 ὁμονοεῖν
1760 4871 1891 4942 ἡμᾶς

2009 4867 2268 4931 duxistis,
2296 4882 2407 4938 quo
2434 4868 2613 4923 minus
2640 4881 2813 4922 unum
2860 4865 2994 4938 [Gn
3028 4875 3085 4921 ut
3126 4866 3179 4919 in
3214 4865 3337 4920 aliis
3365 4865 3587 4935 quidem

326 4970 427 5024 καὶ
459 4965 918 5040 συμϐιϐάζεσθαι,
950 4965 1082 5037 περὶ
1117 4964 1174 5019 δὲ
1206 4963 1270 5018 τὸ
1294 4964 1397 5035 τῆς
1438 4961 1589 5033 ζωῆς
1625 4963 1783 5035 ήμῶν
1816 4980 1910 5017 κε·-

328 5060 582 5129 φάλαιον,
610 5060 732 5129 ῆτοι
760 5058 859 5129 τὴν
879 5057 1106 5130 εἰρήνην
1138 5056 1250 5113 τῶν
1302 5055 1631 5127 ἐκκλησιῶν,
1694 5055 1907 5111 ἑαυτῶν

328 5147 786 5222 ἀπορρήγνυσθαι
821 5148 918 5203 καὶ
954 5145 1387 5218 ἀποσχίζεσθαι·
1422 5146 1519 5201 καὶ
1549 5145 1726 5200 ταῦτα
1772 5147 1909 5218 Χρι-

329 5241 460 5297 στοῦ
486 5241 783 5312 κεφάλαιον
808 5239 986 5308 ὄντος,
1036 5240 1197 5311 ήμῶν
1232 5238 1289 5294 δὲ
1342 5238 1577 5311 καθεξῆς
1613 5239 1749 5311 μέλη
1814 5238 1912 5295 καὶ⁸

330 5335 389 5388 ἓν
416 5334 580 5406 σῶμα
612 5332 705 5387 διὰ
730 5332 833 5402 τῆς
861 5331 1001 5403 πρὸς
1026 5331 1293 5402 ἀλλήλους
1344 5330 1629 5401 ὁμοδοξίας
1684 5332 1776 5386 καὶ
1820 5332 1911 5386 πί-

332 5442 528 5490 στεως.
559 5424 651 5479 Διδ
680 5423 780 5495 τὴν
811 5421 963 5495 ίεράν
992 5421 1155 5494 ήμῶν
1179 5421 1277 5476 καὶ
1328 5421 1758 5494 πολυάνθρωπον
1782 5438 1909 5475 συν-

330 5516 692 5591 αθροισθῆναι
712 5514 1042 5570 ἐκελεύσατε
1068 5516 1340 5587 ὁμήγυριν
1367 5517 1426 5569 ἐν
1474 5514 1651 5588 ταύτῃ
1700 5518 1766 5586 τῇ
1808 5515 1910 5569 Νι-

330 5610 515 5666 καέων
544 5607 901 5682 μητροπόλει,
928 5606 1017 5662 ἵνα
1037 5606 1137 5676 τήν
1182 5606 1293 5660 τῶν
1332 5606 1641 5677 ἐκκλησιῶν
1693 5606 1909 5660 διάστα-

408 5794 427 5823 ¹
461 5792 598 5851 Dan.
639 5810 734 5852 xui
761 5836 775 5865 ,
812 5795 864 5851 5.
941 5793 1091 5850 ³153.
1128 5810 1212 5850 Lis
1240 5836 1253 5862 ,
1292 5796 1386 5851 5-5

2011 4973 2223 5024 unum,
2260 4956 2412 5030 etc.]
2453 4959 2820 5022 sentiremus,
2867 4965 2920 5010 et
2960 4956 3015 5010 in
3048 4956 3285 5024 idipsum
3322 4956 3588 5010 conveni-
3690 4994 3693 4995 ν

2016 5066 2234 5117 remus,
2264 5059 2321 5107 et
2347 5066 2477 5121 erga
2509 5051 2635 5105 vitae
2666 5058 2868 5104 nostrae
2895 5050 3200 5119 capitulum
3225 5088 3239 5113 ,
3275 5049 3325 5102 id
3359 5057 3445 5105 est
3488 5065 3585 5119 pa-

2014 5157 2134 5198 cem
2170 5140 2538 5197 Ecclesiarum
2565 5180 2579 5203 ,
2623 5155 2783 5195 nemo
2814 5155 2878 5193 ex
2922 5139 3125 5193 nostris
3157 5153 3216 5193 se
3257 5138 3591 5195 diseinderet

2014 5242 2069 5290 et
2093 5233 2436 5289 abscinderet
2460 5228 2591 5303 [Gr.
2620 5229 2763 5285 Eccl.
2788 5238 2973 5285 essent
2995 5230 3136 5284 inter
3160 5244 3262 5284 uos
3284 5229 3548 5303 dissidia]
3576 5248 3593 5298 ;

2016 5339 2142 5380 cum
2173 5323 2425 5379 Christus
2454 5324 2525 5377 sit
2552 5330 2715 5390 caput
2740 5330 3013 5387 nostrum,
3045 5336 3146 5375 nos
3176 5331 3360 5375 autem
3394 5336 3590 5377 conse-

2017 5428 2251 5488 quenter
2290 5416 2538 5471 membra
2576 5423 2630 5470 et
2676 5429 2843 5467 unum
2891 5427 3090 5483 corpus
3135 5428 3231 5483 per
3286 5423 3490 5469 mutua:
3533 5428 3599 5468 ae

2020 5516 2185 5571 unius
2216 5514 2493 5585 opinionis
2528 5512 2710 5567 fidem.
2762 5512 2987 5582 Pr0pter
3031 5510 3178 5581 quod
3223 5526 3437 5567 sacram
3492 5526 3596 5566 no-

2019 5618 2187 5665 stram
2235 5618 2289 5666 et
2333 5607 2653 5678 populosam
2684 5604 3003 5677 congregari
3035 5604 3281 5676 jussistis
3320 5614 3595 5661 catervam
