4088 6530
506 372 636 438 1431

1596 378 1658 437 S.
1694 376 1999 436 TARASII
2038 378 2546 440 PATBIARCHE
2577 381 2683 441 ΟΡ.

3650 372 3801 439 1433.

501 494 557 550 in
591 496 692 549 hac
727 493 1093 549 Nieu‘ensium
1124 494 1415 564 metropoli
1441 503 1544 565 ,_ut
1575 492 1943 549 Ecclesiarum
1976 494 2086 550 dis-

2198 514 2282 550 σιν
2332 497 2781 570 ἀποσεισάμενοι,
2854 496 2925 550 τὰ
2988 495 3353 566 διεζευγμένα
3402 494 3543 564 πρὸς
3586 494 3799 547 ἕνωσιν

503 589 815 643 sensionem
858 587 1515 659 repellentes,disjuncta
1560 589 1626 643 ad
1679 589 1941 644 unitatem
1979 597 2093 642 tra-

506 682 730 747 hamus;
766 681 819 734 in
851 696 973 736 eam
999 696 1165 751 quam
1192 697 1367 752 nuper
1400 683 1758 736 intexuerunt
1783 696 1851 735 ex
1884 680 2092 751 spineis

502 772 608 825 tilis
637 771 1067 840 ignominiosam
1103 787 1469 843 grossamque
1497 781 1706 827 vestem
1729 812 1744 837 ,
1796 771 1847 825 id
1878 781 1962 827 est
1991 771 2091 825 do-

501 862 736 914 ctrinam
771 859 989 926 falsam,
1023 862 1373 932 disrumpere
1408 870 1462 917 et
1491 860 1746 916 scindere
1770 902 1784 927 ,
1815 871 1869 916 et
1895 863 2089 917 ortho-

502 951 681 1005 doxiae
734 951 1109 1021 incorruptam
1170 966 1502 1007 conservare
1553 948 1689 1023 [Gn
1734 949 2088 1022 expandere]

506 1043 752 1098 tunicam
782 1044 1122 1099 studeamus.
1156 1044 1345 1115 Itaque
1379 1044 1714 1115 apostolicas
1752 1053 1805 1099 et
1833 1052 2092 1114 paternas

503 1135 829 1192 traditiones
879 1148 1223 1208 sequentes,
1291 1137 1563 1192 audemus
1623 1147 1805 1193 autem
1869 1137 2089 1201 dicere,

504 1231 923 1301 conspiratione
979 1232 1317 1287 sanctissimi
1380 1231 1622 1302 Spiritus
1671 1242 2042 1288 consonantes
2072 1272 2090 1299 ,

502 1326 848 1397 invicemque
867 1326 1077 1381 collecti
1104 1322 1543 1397 [convenientes]
1575 1324 1814 1378 universi
1857 1337 2090 1378 concor-

504 1418 723 1469 dantem
752 1415 909 1470 nobis
936 1415 1207 1469 habentes
1237 1413 1585 1469 traditionem
1609 1412 1869 1468 Ecclesia:
1896 1414 2090 1468 cathoo

507 1509 657 1575 licae,
694 1507 1073 1563 consonantiis
1107 1522 1230 1576 quae
1259 1504 1509 1562 formatae
1541 1513 1669 1561 sunt
1699 1520 1729 1559 a
1764 1504 1970 1560 sanctis
1994 1519 2091 1559 sex

502 1602 908 1657 universalibus
963 1600 1215 1656 conciliis
1268 1598 1577 1655 concordes
1623 1597 1800 1652 eﬂ‘ecti
1861 1612 2089 1664 sumus,

504 1693 1035 1748 anathematizamus
1054 1691 1172 1746 Arii
1197 1692 1501 1757 vesaniam,
1526 1689 1833 1745 Macedonii
1860 1688 2090 1753 rabiem,

504 1787 824 1857 Apollinarii
852 1786 1200 1842 insensatum
1230 1800 1478 1848 sensum,
1511 1782 1749 1838 Nestorii
1786 1783 2087 1838 humanam

2193 589 2613 661 ἑφελκύσωμεν,
2648 590 2746 644 καὶ
2766 589 2867 661 τὴν
2901 586 3127 658 ἔναγχος
3157 586 3497 657 ὑφανθεῖσαν
3536 586 3594 650 ἐξ
3624 587 3799 639 ἀκαν-

2194 680 2357 734 Θίνων
2394 680 2656 751 νημάτων
2681 677 3003 751 συρφετώδη
3039 676 3289 749 σισύραν,
3321 677 3502 731 εῐτουν
3538 676 3795 745 causast-

2192 772 2519 838 δασκαλίαν,
2547 771 2844 844 διαρρῆξαι
2883 771 2978 825 καὶ
3025 768 3325 840 διασχίσαι,
3384 768 3482 822 καί⁵
3535 768 3630 821 τὸν
3682 768 3799 834 τῆς

2192 865 2505 938 όρθοδοξίας
2524 863 2834 918 διαπλῶσαι
2874 861 3077 933 χιτῶνα
3117 859 3268 933 [add.
3296 875 3362 915 ex
3416 857 3478 913 L.
3544 857 3793 912 σπουδά-

2195 958 2425 1031 σωμεν].
2456 960 2567 1013 Καὶ
2595 957 2661 1029 δὴ
2687 956 3079 1020 άποστολικαῖς
3105 955 3201 1009 καὶ
3253 955 3552 1026 πατρικαῖς
3588 952 3798 1017 ἐξακο-

2192 1051 2562 1121 λουθήσαντες
2590 1049 2949 1120 παραδόσεσι,
3001 1045 3190 1117 τολμῶ
3234 1044 3291 1099 δὲ
3364 1043 3572 1113 λέγειν,
3636 1059 3793 1110 συμ-

2192 1141 2356 1213 πνοία
2383 1140 2478 1195 τοῦ
2498 1142 2769 1208 παναιτίου
2801 1138 3198 1209 όμονοήσαντες
3216 1134 3557 1205 Πνεύματος,
3612 1132 3791 1202 ἀλλή-

2192 1234 2309 1298 λοις
2382 1251 2442 1287 τε
2494 1231 2908 1301 συνενεχθέντες
2950 1230 3211 1291 ἅπαντες,
3278 1226 3573 1297 σύμφωνον
3646 1225 3793 1294 ἡμῖν

2192 1326 2410 1397 ἔχοντες
2433 1324 2533 1396 τὴν
2572 1323 2875 1393 παράδοσιν
2929 1321 3029 1393 τῆς
3090 1318 3388 1389 καθολικῆς
3425 1316 3788 1387 Ἐκκλησίας,

2191 1421 2313 1483 ταῖς
2342 1415 2829 1479 ὑποτυπωθείσαις
2857 1413 3257 1484 συμφωνήσεσι
3285 1412 3435 1482 παρὰ
3462 1410 3573 1464 τῶν
3606 1410 3791 1478 ἁγίων

2193 1507 2663 1593 ἒξυοίκουμενικῶν
2683 1506 2919 1559 συνόδων
2953 1504 3492 1575 συμπεφωνήκαμεν,
3511 1500 3791 1571 ἀναθεμα-

2192 1589 2445 1661 τίσαντες
2475 1598 2577 1668 τὴν
2621 1597 2835 1667 Ἀρείου
2871 1594 3093 1662 μανίαν,
3126 1593 3227 1663 τὴν
3256 1591 3599 1647 Μακεδονίου
3652 1589 3788 1642 λύτ-

2192 1708 2311 1756 ταν,
2349 1687 2763 1758 ’Δπολλιναρίου
2812 1686 2913 1757 τὴν
2958 1684 3187 1756 ἀνόητον
3230 1682 3425 1756 φρένα,
3478 1680 3785 1752 Νεστορίου

2193 1784 2291 1854 τὴν
2320 1779 2858 1854 ἀνθρωπολατρείαν,
2888 1775 3157 1846 Εὑτυχοῦς
3188 1776 3285 1830 καὶ
3330 1772 3633 1845 Διοσκόρου
3679 1772 3785 1843 τὴν

501 1881 772 1934 culturam
815 1877 1127 1951 [culturam
1165 1875 1461 1949 hominis],
1502 1876 1820 1948 Eutychetis
1850 1884 1906 1932 et
1962 1875 2086 1931 Dio—

2199 1874 2533 1947 συγχυτικὴν
2563 1874 2924 1946 ματαιότητα,
2948 1874 3043 1924 καὶ
3068 1869 3169 1940 τὴν
3194 1868 3293 1921 σὺν
3315 1867 3502 1930 αὐτοῖς
3549 1866 3775 1920 πολυκέ-

503 1973 647 2027 scori
694 1972 1083 2028 eonfusibilem
1124 1972 1456 2039 vanitatem,
1483 1980 1537 2026 et
1568 1986 1693 2025 cum
1731 1969 1840 2024 illis
1864 1970 2087 2042 polyce-

505 2062 704 2132 phalon
747 2062 1010 2134 hydram;
1042 2061 1294 2131 Origenis
1315 2104 1330 2128 ,
1361 2060 1573 2133 Didymi
1610 2070 1663 2115 et
1695 2060 1909 2131 Evagrii
1942 2060 2087 2116 desi-

505 2156 719 2224 pientes
746 2153 1154 2222 fabulationes;
1190 2153 1399 2226 Sergii,
1431 2166 1487 2210 et
1524 2153 1754 2208 Honorii
1783 2192 1798 2216 ,
1841 2161 1896 2208 et
1925 2150 2048 2224 Cyri
2071 2191 2084 2213 ,

500 2259 554 2303 et
577 2247 794 2320 Pyrrhi,
821 2259 872 2302 et
896 2249 1233 2304 asseclarum
1266 2261 1457 2302 eorum
1492 2246 1679 2311 unius,
1710 2245 1821 2300 imo
1854 2257 2085 2313 nequam

504 2337 675 2392 moris
700 2337 1037 2392 voluntatem
1070 2354 1087 2391 :
1124 2352 1227 2391 nec
1256 2351 1368 2390 non
1394 2344 1449 2391 et
1489 2335 1576 2390 his
1607 2334 1841 2389 similem
1880 2331 2089 2386 vanita~

505 2440 635 2494 tem,
660 2445 780 2499 qua:
807 2438 929 2499 post
953 2429 1053 2483 has
1086 2445 1225 2485 vane
1262 2428 1495 2500 garrivit
1523 2438 1717 2483 contra
1748 2424 2089 2480 venerabiles

503 2522 804 2591 imagines,
856 2531 1229 2576 consonanter
1275 2529 1332 2575 et
1381 2518 1724 2575 unanimiter
1772 2518 1842 2572 ab
1880 2516 2085 2586 Spiritu

504 2621 785 2667 sumentes
827 2612 1053 2667 verbum
1085 2652 1100 2677 ,
1141 2620 1195 2667 et
1244 2611 1314 2667 ab
1361 2626 1426 2667 eo
1464 2610 1779 2665 haurientes
1828 2606 2087 2662 mundam

506 2719 740 2774 aquam,
776 2704 1007 2775 spongia
1039 2704 1362 2774 dogmatum
1405 2701 1716 2757 divinorum
1752 2697 2086 2764 delevimus;

504 2808 559 2852 ct
582 2800 894 2853 inventores
919 2796 1374 2869 tergiversatoria:
1388 2810 1580 2850 vocum
1611 2791 1869 2847 novitatis
1893 2789 2091 2862 [nova-

507 2892 661 2948 tricis
707 2891 986 2964 vanitatis]
1019 2893 1088 2946 ab
1131 2888 1523 2948 ecclesiasticis
1562 2886 1851 2942 vestibulis
1900 2883 2092 2955 procul

504 2986 815 3041 emisimus.
844 2985 911 3041 Et
938 2988 1084 3042 sicut
1113 3000 1308 3040 manus
1332 2992 1387 3039 et
1411 2983 1579 3053 pedes
1604 2978 1947 3036 concorditer
1971 2977 2092 3032 ani-

509 3096 610 3133 mae
649 3081 890 3136 motibus
929 3079 1225 3152 agitantur,
1258 3080 1330 3135 ita
1364 3078 1433 3133 ab
1468 3076 1674 3147 Spiritu
1711 3084 1932 3144 accepta
1965 3088 2092 3143 gra-

507 3172 579 3226 tia
603 3182 657 3226 et
693 3172 1037 3238 fortitudine,
1066 3170 1346 3243 vestrique
1380 3184 1685 3225 concursus
1710 3167 1911 3238 pietate
1943 3166 2089 3236 pari-

506 3271 587 3316 ter
615 3271 671 3317 et
703 3261 910 3317 auxilio
942 3262 1160 3329 habito,
1204 3261 1371 3318 simul
1409 3259 1856 3324 acclamavimus,
1890 3258 2087 3314 verita-

506 3368 724 3424 temque
769 3355 1191 3425 przedicavimus
1227 3370 1241 3406 :
1292 3352 1630 3409 omnimodis
1674 3352 1928 3406 videlicet
1952 3350 2092 3405 reci-

504 3449 731 3516 piendas
762 3447 1105 3501 venerabiles
1152 3446 1425 3516 imagines
1482 3443 1696 3499 Domini
1742 3443 1916 3497 nostri
1956 3441 2087 3497 Jesu

503 3538 729 3602 Clu-isti,
756 3537 1060 3592 secundum
1091 3538 1235 3607 quod
1266 3536 1544 3605 perfectus
1575 3544 1659 3589 est
1686 3535 1849 3589 homo
1873 3533 2085 3602 factus;

502 3639 556 3683 et
616 3644 959 3698 quaecunque
1017 3628 1282 3683 historice
1345 3625 1648 3683 secundum
1712 3626 2087 3695 evangeliqam

504 3720 873 3773 narrationem
918 3718 1240 3774 scribuntur
1271 3742 1284 3774 :
1334 3728 1502 3789 atque
1538 3720 1875 3777 intemerata:
1908 3718 2089 3772 Domi-

504 3826 589 3865 nae
640 3822 840 3866 nostra:
888 3814 1094 3867 sanctae
1142 3810 1234 3867 Dei
1287 3810 1621 3878 Genitricis,
1657 3820 2089 3882 sanctorumque

499 3904 818 3973 angelorum
854 3904 955 3976 (ut
986 3904 1135 3959 enim
1174 3904 1430 3959 homines
1461 3912 1833 3975 apparuerunt
1872 3904 1957 3959 his
1989 3903 2085 3974 qui

499 3995 647 4066 digni
706 3994 831 4051 facti
882 4006 1015 4052 sunt
1061 3997 1407 4067 apparitione
1465 3996 1758 4067 ipsorum)
1803 4012 1910 4050 una
1959 4011 2086 4052 cum

502 4086 763 4141 omnibus
811 4089 1016 4143 sanctis
1048 4104 1063 4141 :
1115 4102 1216 4143 nec
1253 4103 1364 4143 non
1411 4095 1463 4141 et
1494 4085 1862 4140 certaminum
1894 4100 2084 4141 eorum

500 4194 703 4247 agones
730 4177 1046 4250 ﬁgurandos
1075 4179 1421 4235 decrevimus
1454 4187 1563 4233 tam
1592 4179 1643 4233 in
1673 4176 1874 4234 tabulis
1908 4187 1964 4233 et
1993 4191 2088 4247 pa-

500 4271 748 4335 rietibus.
780 4288 946 4343 quam
976 4272 1029 4326 in
1057 4273 1232 4328 sacris
1261 4271 1409 4327 vasis
1444 4281 1499 4325 et
1527 4270 1792 4335 vestibus,
1825 4271 2087 4341 quemad-

500 4364 722 4419 modum
768 4380 799 4418 a
839 4364 1038 4435 priscis
1067 4364 1408 4434 temporibus
1443 4372 1634 4419 sancta
1676 4362 1769 4417 Dei
1804 4361 2078 4418 catholica

500 4454 743 4511 Ecclesia
778 4456 1013 4526 recepit,
1044 4466 1098 4511 et
1133 4457 1187 4510 in
1223 4457 1393 4526 legem
1420 4455 1633 4525 accepit
1658 4464 1769 4509 tam
1806 4470 1838 4509 a
1875 4454 2082 4509 sanctis

2190 1969 2360 2039 φαλον
2414 1967 2625 2040 ὕδραν·
2678 1962 3009 2035 Ὠριγένους,
3063 1960 3299 2030 Διδύμου
3359 1958 3456 2012 καὶ
3497 1957 3782 2027 Εύαγρὶου

2188 2066 2255 2119 τά
2283 2064 2503 2137 ληρώδη
2543 2061 2868 2134 μυθεύματα
2889 2077 2903 2091 ο
2933 2059 3185 2130 Σεργίου,
3212 2057 3307 2111 καὶ
3367 2054 3657 2126 Ὀνωρίου,
3686 2054 3783 2105 καὶ

2191 2159 2400 2227 Κύρου,
2432 2157 2529 2210 καὶ
2556 2155 2797 2228 Πύρρου,
2832 2154 2926 2208 καὶ
2952 2152 3054 2224 τὴν
3093 2152 3191 2205 σὺν
3222 2149 3342 2222 [ῖσ.
3374 2147 3486 2203 τῶν
3528 2144 3653 2216 σὺν]
3683 2144 3782 2198 αὐ·-

2187 2255 2299 2317 τοῖς
2328 2250 2706 2324 μονοθέλητον,
2741 2247 2941 2320 μᾶλλον
2967 2245 3023 2298 δὲ
3058 2243 3429 2313 κακοθέλητον
3464 2237 3732 2311 βούλησιν
3763 2254 3776 2265 ο

2190 2346 2283 2401 καί
2320 2346 2381 2399 τὸ
2428 2342 2807 2415 καινούργημα
2850 2339 2911 2393 τὸ
2957 2337 3169 2402 τούτοις
3198 2333 3514 2406 Ιἐφάμιλλον,
3551 2332 3613 2385 τὸ
3644 2331 3783 2401 μετά

2189 2438 2393 2501 ταύτας
2437 2434 2609 2499 κενῶς
2665 2431 2977 2504 φλυαρηθέν
3011 2428 3151 2485 κατὰ
3186 2428 3295 2482 τῶν
3352 2426 3573 2479 σεπτῶν
3635 2423 3782 2477 είκό-

2192 2548 2316 2591 νων,
2372 2527 2679 2597 συμφώνως
2732 2526 2824 2578 καὶ
2862 2522 3159 2593 συμψύχως
3192 2518 3342 2592 παρὰ
3382 2517 3474 2572 τοῦ
3523 2515 3782 2585 Πνεύμα-

2189 2641 2279 2685 τος
2304 2621 2562 2683 λαϐόντες
2605 2619 2784 2687 λόγον,
2829 2618 2923 2670 καὶ
2943 2617 3076 2686 παρ’
3106 2612 3271 2669 αὖτοῦ
3298 2610 3639 2683 ἀρυσάμενοι
3680 2626 3783 2660 και

2192 2716 2357 2787 θαρὸν
2382 2715 2547 2785 ὕδωρ,
2579 2712 2657 2783 τῷ
2687 2710 2923 2781 σπόγγῳΙ
2957 2707 3065 2761 τῶν
3097 2707 3255 2762 Θείων
3283 2704 3574 2775 δογμάτων
3622 2700 3783 2755 τοῦτο

2192 2806 2575 2877 ἐξηλείψαμεν,
2598 2801 2840 2864 καὶτοὺς
2888 2799 3185 2871 ἐφευρετὰς
3237 2799 3338 2868 τῆς
3385 2790 3781 2863 νεωτεροποιοῦ

2191 2899 2526 2967 κενοφωνίας
2558 2896 2748 2967 πόρρω
2818 2909 2924 2946 που
2950 2891 3061 2945 τῶν
3106 2887 3588 2962 ἐκκλησιαστικῶν
3619 2902 3779 2954 περι-

2193 2991 2364 3045 ϐόλων
2413 2987 2607 3043 ἐϐάλλο
2616 3004 2737 3057 μεν.

2266 3080 2376 3134 Καὶ
2410 3078 2604 3151 ῶσπερ
2645 3080 2827 3148 χεῖρες
2848 3074 2946 3128 καὶ
2973 3073 3133 3136 πόδες
3180 3070 3490 3143 συμφώνως
3534 3072 3651 3134 τοῖς
3676 3068 3779 3139 τῆς

2192 3172 2374 3244 ψυχῆς
2436 3170 2771 3243 ἀφηγήμασι
2838 3166 3142 3231 κινοῦνται,
3225 3163 3399 3228 οὕτως
3475 3162 3632 3235 παρὰ
3683 3159 3780 3214 τοῦ

2118 3224 2159 3280 C
2194 3224 2812 3335 ’λαθόντες
2871 3260 3036 3331 χάριν
3084 3224 3182 3312 καὶ
3239 3224 3414 3327 ίσχὺν,
3474 3224 3780 3325 σύνδρομον

2191 3356 2409 3427 ἔχοντες
2458 3352 2552 3406 τοῦ
2586 3352 2824 3423 κράτους
2851 3350 3006 3421 ὑμῶν
3037 3349 3136 3419 τὴν
3166 3346 3523 3419 συμμαχίαν,
3549 3347 3650 3415 τὴν
3689 3345 3781 3397 εύ-

2192 3449 2410 3502 σέόειαν
2444 3445 2995 3517 συμπεφωνήκαμεν,
3030 3442 3123 3496 καὶ
3148 3442 3251 3509 τὴν
3319 3438 3581 3510 ἀλήθειαν
3645 3437 3779 3507 ἐκη-

2191 3540 2467 3612 ρύξαμεν⁸
2501 3538 2642 3591 ὥστε
2674 3535 2817 3590 κατὰ
2849 3533 3027 3588 πάντα
3081 3529 3448 3602 ἀποδέχεσθαι
3520 3530 3626 3591 τὰς
3689 3546 3778 3582 σε-

2190 3632 2330 3696 πτὰς
2360 3631 2575 3696 εἰκόνας
2594 3629 2687 3682 τοῦ
2709 3628 2915 3700 Κυρίου
2948 3626 3106 3698 ἡμῶν
3146 3625 3325 3697 Ἰησοῦ
3342 3623 3607 3695 Χριστοῦ,
3643 3622 3779 3675 καθὸ

2187 3726 2393 3789 τέλειος
2424 3726 2713 3796 ἄνθρωπος
2742 3723 2962 3792 γέγονε,
2994 3720 3090 3776 καὶ
3137 3722 3238 3775 ὅσα
3289 3720 3584 3792 ίστορικῶς
3636 3720 3777 3771 κατά

2188 3819 2287 3891 τὴν
2333 3819 2703 3888 εύαγγελικὴν
2760 3817 3017 3887 διήγησιν
3066 3816 3465 3887 διαγράφονται
3504 3831 3521 3847 ·
3553 3816 3653 3881 τῆς
3718 3830 3775 3864 τε

2186 3912 2461 3984 ἀχράντου
2491 3910 2780 3982 δεσποίνης
2808 3909 2967 3979 ἡμῶν
2985 3909 3085 3980 τῆς
3102 3908 3260 3977 ἁγίας
3288 3908 3579 3975 Θεοτόκου,
3604 3906 3776 3973 ἁγίων

2188 4022 2249 4059 τε
2278 4003 2556 4073 ἀγγέλωνο
2581 4003 2656 4066 ὡς
2685 4002 2965 4073 ἄνθρωποι
2996 4001 3430 4073 ἐνεφανίσθησαν
3458 4002 3568 4063 τοῖς
3602 3998 3775 4064 ἀξίοις

2187 4096 2503 4168 γενομένοις
2534 4098 2634 4166 τῆς
2665 4095 2845 4149 αὐτῶν
2895 4094 3205 4166 ἐμφανείας
3238 4111 3251 4125 ·
3283 4094 3382 4148 καὶ
3406 4081 3630 4147 πάντων
3665 4092 3776 4146 τῶν

2187 4188 2357 4258 ἁγίων
2389 4204 2403 4219 ο
2454 4187 2699 4250 καὶτοὺς
2739 4186 3143 4256 ἀγωνιστικοὺς
3173 4184 3355 4239 αὐτῶν
3385 4184 3590 4247 άθλους
3627 4184 3686 4237 ἓν
3711 4201 3771 4236 τε

2187 4280 2367 4336 σανίσι
2392 4280 2489 4334 καὶ
2525 4280 2583 4331 ἐν
2615 4279 2839 4349 τοίχοις,
2872 4280 3040 4349 ἱεροῖς
3073 4295 3132 4330 τε
3166 4278 3392 4331 σκεύεσι
3425 4278 3522 4331 καὶ
3550 4276 3771 4346 ἐσθῆσι,

2184 4372 2369 4435 καθὼς
2392 4373 2456 4425 ἐκ
2498 4370 2607 4423 τῶν
2636 4368 2906 4423 ἀνέκαθεν
2944 4369 3153 4441 χρόνων
3198 4370 3233 4441 ἡ
3296 4370 3428 4437 ἁγία
3473 4368 3571 4423 τοῦ
3633 4368 3770 4421 Θεοῦ

2187 4464 2451 4536 καθολικὴ
2476 4463 2771 4534 Ἐκκλησία
2795 4460 3092 4535 παρέλαϐε,
3117 4462 3210 4515 καὶ
3235 4460 3645 4534 ὲθεσμοθετήθη
3670 4478 3776 4513 πει-⁵

497 4549 801 4619 primisque
857 4548 1119 4603 doctrina:
1169 4559 1369 4604 nostrae
1419 4548 1740 4618 magistris,
1787 4564 1951 4619 quam
2014 4548 2083 4601 ab

2193 4561 2264 4632 ρά
2291 4578 2349 4613 τε
2379 4559 2489 4612 τῶν
2507 4560 2679 4627 ἁγίων
2714 4557 3058 4629 πρωτάρχων
3085 4558 3186 4625 τῆς
3201 4555 3361 4627 ἡμῶν
3389 4553 3769 4617 διδασκαλίας,

497 4656 688 4696 eorum
730 4640 1155 4701 successoribus.
1170 4642 1511 4712 egregiisque
1545 4640 1798 4696 Patribus
1836 4642 2079 4697 nostris:

496 4745 551 4789 et
584 4734 683 4789 has
721 4733 1051 4800 adoraudas,
1083 4734 1135 4788 id
1157 4743 1240 4789 est
1268 4734 1588 4790 salutandas
1618 4753 1630 4788 :
1665 4735 1901 4805 idipsum
1931 4735 2080 4789 enim

493 4837 579 4883 est
628 4837 924 4898 utrumque
948 4846 961 4882 :
994 4829 1176 4881 κυνεῖν
1192 4828 1393 4898 quippe
1416 4830 1640 4898 antiqua
1663 4828 1849 4883 Graeca
1876 4829 2080 4899 lingua,

493 4930 550 4975 et
583 4922 825 4981 salutare
854 4929 909 4977 et
930 4921 1171 4979 osculari
1194 4922 1467 4992 signiﬁcat
1495 4941 1509 4976 ε
1558 4932 1612 4975 et
1644 4922 1781 4993 πρὸς
1818 4923 2080 4993 praeposi-

497 5010 573 5066 tio
600 5021 958 5083 augmentum
990 5014 1262 5085 quoddam
1304 5013 1579 5084 signiﬁcat
1618 5013 1823 5067 amoris
1847 5054 1863 5079 ,
1893 5030 2082 5084 quem-

496 5102 793 5158 admodum
833 5113 889 5159 et
920 5105 1238 5177 προσφέρω,
1280 5104 1436 5175 κυρῶ
1462 5114 1515 5158 et
1548 5104 1870 5176 προσκυρῶ,
1931 5105 2081 5159 κυνῶ

495 5206 550 5248 et
580 5196 899 5266 προσκυνῶ,
930 5197 1078 5268 quod
1105 5196 1490 5253 salutationem
1524 5196 1728 5250 indicat
1751 5236 1765 5261 ,
1806 5207 1861 5251 et
1886 5213 2080 5253 secun-

496 5290 626 5344 dum
675 5291 1084 5361 protensiouem
1136 5290 1435 5346 amicitiam
1481 5308 1494 5345 :
1545 5291 1693 5360 quod
1745 5291 1890 5345 enim
1953 5292 2079 5362 quis

496 5382 796 5450 osculatur,
819 5394 876 5440 et
897 5387 1090 5440 adorat
1125 5402 1137 5438 :
1184 5394 1237 5438 et
1276 5384 1423 5454 quod
1461 5383 1687 5449 adorat,
1738 5383 1985 5455 profecto
2028 5394 2082 5440 et

498 5475 808 5543 osculatur;
853 5478 997 5533 sicut
1042 5486 1273 5534 testatur
1324 5478 1563 5531 humana
1604 5476 1856 5545 allectio,
1899 5494 2021 5549 qum
2049 5494 2079 5533 a

497 5566 658 5622 nobis
709 5568 777 5623 ad
825 5570 1035 5628 amicos
1080 5570 1331 5634 habetur,
1365 5576 1418 5623 et
1451 5565 1584 5639 [Gr.
1615 5570 1898 5624 obviorum
1943 5586 2079 5626 con-

496 5659 759 5732 gressus]
807 5661 970 5716 lectio
1025 5664 1141 5718 haec
1189 5663 1353 5717 ambo
1394 5662 1701 5731 perliciens.
1744 5661 1856 5719 Hoc
1896 5674 2077 5718 autem

497 5768 605 5805 non
633 5753 810 5807 solum
833 5758 973 5824 apud
1003 5772 1121 5821 nos,
1147 5758 1240 5811 sed
1262 5758 1403 5827 apud
1429 5764 1636 5813 veteres
1660 5759 1712 5812 in
1737 5757 1916 5813 divina
1941 5758 2081 5814 Scri-

499 5852 660 5912 ptura
685 5845 949 5918 scriptum
972 5848 1291 5918 reperimus.

2190 4652 2287 4707 καὶ
2311 4651 2420 4705 τῶν
2447 4650 2626 4706 αὐτῶν
2660 4650 2919 4720 διαδόχων
2949 4647 3256 4702 θεσπεσίων
3291 4646 3555 4716 Πατέρων
3587 4645 3773 4715 ἡμῶν·

2190 4745 2285 4799 καὶ
2306 4743 2512 4807 ταύτας
2550 4744 2899 4814 προσκυνεῖν,
2968 4742 3089 4813 ἤτοι
3133 4739 3516 4804 ἀσπάζεσθαν
3576 4736 3777 4790 ταυτὸν

2188 4837 2297 4910 γὰρ
2323 4836 2609 4908 ἀμφότερα
2644 4852 2657 4865 ⁸
2708 4838 2892 4889 κυνεῖν
2961 4834 3070 4906 γὰρ
3123 4836 3191 4905 τῇ
3230 4833 3517 4903 Ἑλλαδικῇ
3571 4833 3779 4903 ἀρχαίᾳ

2187 4930 2455 5001 διαλέκτῳ
2479 4929 2541 4982 τὸ
2568 4927 2911 4994 ἀσπάζεσθαι
2953 4930 3044 4982 καὶ
3099 4928 3161 4980 τὸ
3225 4928 3401 4996 φιλεῖν
3454 4926 3718 4998 σημαίνει
3755 4942 3769 4954 ·

2188 5025 2282 5077 καὶ
2311 5025 2373 5078 τὸ
2416 5024 2517 5093 τῆς
2547 5024 2684 5096 πρὸς
2723 5023 3036 5093 προθέσεως
3067 5022 3325 5075 ἐπίτασίν
3348 5040 3473 5075 τινα
3503 5022 3661 5092 δηλοῖ
3682 5021 3773 5074 τοῦ

2190 5119 2377 5183 πόθου,
2407 5116 2597 5187 ὥσπερ
2627 5119 2787 5187 φέρω
2812 5117 2903 5169 καὶ
2925 5115 3266 5186 προσφέρω,
3284 5113 3444 5182 κυρῶ
3468 5116 3565 5168 καὶ
3583 5131 3774 5183 προσ-

2192 5209 2370 5279 κυρῶ,
2423 5207 2589 5263 κυνῶ
2636 5209 2730 5261 καὶ
2765 5205 3109 5275 προσκυνῶ,
3141 5206 3170 5259 ὃ
3231 5206 3490 5273 ἐμφαίνει
3557 5207 3651 5258 τὸν
3694 5208 3757 5257 ἁ·

2189 5297 2443 5369 σπασμὸν
2472 5298 2567 5350 καὶ
2602 5296 2702 5368 τὴν
2736 5296 2856 5350 κατ’
2888 5296 3188 5349 ἐπέκτασιν
3219 5294 3425 5366 φιλίαν.
3452 5298 3519 5349 Ὃ
3554 5297 3665 5366 γάρ
3696 5314 3776 5359 τις

2190 5392 2337 5463 φιλεῖ
2368 5392 2461 5445 καὶ
2489 5393 2788 5461 προσκυνεῖ
2816 5407 2831 5422 ο
2857 5390 2954 5443 καὶ
2976 5389 3004 5442 ὃ
3035 5392 3356 5460 προσκυνεῖ,
3389 5390 3615 5453 πάντως
3678 5392 3772 5441 καὶ

2189 5483 2363 5552 φιλεῖν
2428 5481 2504 5545 ὡς
2536 5480 2868 5551 μαρτυρεῖή
2907 5478 3226 5550 ἀνθρωπίνη
3291 5478 3479 5549 σχέσις
3544 5479 3578 5548 ή
3640 5475 3775 5547 παρ’

2191 5575 2347 5644 ἡμῶν
2382 5573 2520 5645 πρὸς
2552 5573 2679 5635 τοὺς
2711 5571 2903 5641 φίλους
2935 5569 3217 5641 γινομένη,
3262 5571 3358 5623 καὶ
3396 5568 3641 5635 ἔντευξις
3699 5568 3767 5618 τά

2186 5668 2282 5723 δύο
2312 5664 2674 5721 ἀποτελοῦσα.
2706 5664 2780 5718 Οὐ
2816 5663 2978 5732 μόνον
3004 5664 3063 5717 δὲ
3088 5662 3247 5715 τοῦτο
3273 5661 3404 5732 παρ’
3441 5662 3595 5731 ἡμῖν,
3629 5659 3767 5713 ἀλλὰ

2188 5759 2280 5813 καὶ
2312 5756 2462 5828 παρά
2488 5758 2601 5818 τοῖς
2626 5755 2878 5820 παλαιοῖς
2908 5756 2966 5810 ἐν
3000 5757 3067 5827 τῇ
3095 5753 3420 5826 ΘείᾳΓραφῇ
3453 5753 3769 5822 ἐγγεγραμο

2194 5852 2350 5920 μένον
2382 5850 2730 5920 εύρῖσκομεν.
