4088 6526
287 367 414 433 im
1713 361 2119 422 El‘lSTOLAZ.
3392 360 3530 442 ttat

356 473 441 526 Ἐν
466 470 573 542 γάρ
601 469 721 531 ταῖς
768 467 1034 538 ἱστορίαις
1097 466 1206 521 τῶν
1267 466 1566 521 Βασιλειῶν
1627 470 1826 537 γέγρα-

2031 466 2089 521 Ιιι
2124 467 2367 523 historiis
2408 481 2642 538 namque
2702 464 3010 537 Regnorum
3069 466 3334 535 scriptum
3399 479 3527 524 est:

278 582 401 619 πται
419 580 434 595 υ
466 582 484 613 ι
522 559 632 614 Καὶ
657 557 823 612 Δαϐὶδ
848 557 1070 629 ἀνέστη,
1104 560 1195 612 καὶ
1221 558 1415 612 ἔπεσεν
1435 560 1528 613 ἐπὶ
1552 560 1826 631 πρόσωποι

1954 577 1972 611 ι
2012 558 2080 612 Ει
2114 559 2278 613 David
2307 559 2562 621 surrexit,
2587 568 2643 613 et
2667 558 2864 614 cecidit
2894 558 2948 612 in
2980 557 3173 612 faciem
3195 598 3210 622 ,
3246 570 3299 612 et
3333 561 3530 614 adora-

276 655 455 718 αύτοῦ,
490 654 579 707 καὶ
610 650 986 723 προσεκύνησε
1010 652 1129 722 τρὶς
1165 651 1257 704 τὸν
1291 651 1678 717 Ἰωνάθαν,καί
1706 671 1826 707 κατ·

1947 650 2025 701 vit
2061 650 2220 702 tertio
2271 648 2559 702 Jonatham
2590 689 2606 712 ,
2677 656 2732 702 et
2793 648 3141 701 deosculatus
3174 660 3422 704 esteum.
3452 653 3472 682 ⁸
3502 671 3521 705 ι

277 748 521 818 εφίλησεν
580 746 763 800 αὐτόν.
799 762 817 797 ι
850 745 915 798 Τί
948 745 1004 798 δὲ
1035 745 1199 799 πάλιν
1230 748 1257 799 6
1304 745 1508 817 Κύριος
1557 745 1683 816 περί
1734 744 1826 799 τῶι

1944 740 2082 807 Quid
2118 754 2297 796 autem
2344 741 2605 797 Dominus
2626 741 2693 796 de
2744 740 3035 797 Pharisans
3072 759 3259 798 rursus
3292 759 3526 813 evange-

272 839 569 910 Φαρισαίων
590 837 958 906 εύαγγελικῶς
985 855 1182 907 φησινς
1222 856 1241 889 ι
1276 836 1667 905 Ἀγαπῶσιτάς
1694 855 1826 910 πρω

1952 832 2053 885 lice
2080 832 2199 886 ait?
2233 852 2252 884 ι
2289 833 2489 887 Amant
2514 832 2717 902 primos
2745 833 3522 900 recubitusincmnis,etsalu-

273 931 537 993 τοκ).ισίας
568 932 625 983 ὲν
655 933 769 993 τοῖς
799 930 1061 994 δείπνοις,
1089 930 1183 983 καὶ
1236 930 1365 993 τοὺς
1406 930 1739 1002 ἀσπασμοὺς
1779 931 1826 982 ὲκ

1943 924 2173 979 taliones
2192 926 2244 979 in
2270 924 2486 979 foro“.
2500 944 2519 977 ι
2543 925 2765 979 Certum
2783 934 2863 980 est
2877 926 3022 996 quod
3040 926 3127 982 hic
3144 928 3525 984 salutationem

272 1024 385 1084 ταῖς
410 1021 657 1088 ἀγοραῖς.
684 1038 703 1070 ι
730 1019 899 1090 Δῆλον
950 1017 1188 1071 ἐνταῦθα
1222 1018 1516 1087 ἀσπασμὸν
1542 1018 1642 1089 τὴν
1674 1033 1840 1086 προσ-

274 1112 489 1182 κύνησιν
522 1109 690 1179 λέγει.
717 1110 781 1163 Oi
815 1109 923 1181 γὰρ
950 1110 1233 1177 Φαρισαῖοι
1261 1106 1583 1172 ἀλαζονικὸν
1634 1107 1839 1179 φρόνη-

276 1219 343 1271 μα
373 1199 611 1270 ἔχοντες,
662 1198 759 1251 καὶ
807 1198 1035 1261 ἑαυτοὺς
1099 1197 1339 1261 δικαίους
1388 1195 1530 1251 εἶναι
1575 1197 1833 1268 οἰόμενοι,

271 1289 689 1362 προσκυνεῖσθαι
718 1289 824 1342 ὑπὸ
871 1288 1092 1342 πάντων
1148 1288 1430 1353 ἔσπευδον,
1479 1289 1600 1359 οὐχ).
1657 1288 1838 1359 στόμα

270 1385 399 1455 πρὸς
430 1383 603 1454 στόμα
648 1381 919 1453 φιλεῖσθαι
948 1397 963 1413 ⁸
1004 1380 1164 1435 τοῦτο
1192 1381 1301 1451 γὰρ
1333 1381 1838 1451 ταπεινοφροσύνης

274 1476 466 1548 μᾶλλον
490 1475 780 1547 σύμϐολον,
837 1472 930 1527 καί
956 1474 1017 1527 ού
1057 1475 1394 1545 φαρισαῖκῆς
1414 1475 1668 1545 οἰήσεως.
1724 1473 1837 1527 Πά-

273 1572 349 1620 λιν
379 1566 434 1620 δὲ
462 1565 557 1619 καὶ
603 1563 816 1627 Παῦλος
844 1566 873 1617 6
897 1563 1040 1627 θεῖος
1061 1563 1381 1628 ἀπόστολος,
1437 1562 1629 1626 καθὼς
1695 1562 1831 1617 ἰστοο

272 1660 351 1727 ρεῖ
382 1656 596 1721 Λουκᾶς
656 1658 713 1710 ὲν
758 1658 880 1720 ταῖς
935 1655 1212 1727 Πράξεσιν
1244 1672 1260 1687 ο
1294 1675 1311 1707 ι
1348 1656 1471 1709 Ὅτι
1524 1655 1834 1725 γενομένων

266 1747 414 1818 ἡμῶν
442 1749 521 1812 εἰς
558 1748 926 1819 Ἰεροσόλυμα,
980 1748 1236 1818 ἀσμένως
1287 1745 1622 1811 ἀπεδέξαντο
1683 1747 1832 1819 ἡμᾶς

1940 1015 2311 1070 adorationem
2359 1016 2612 1085 appellet.
2670 1016 2928 1071 Phariszci
2977 1019 3175 1089 quippe
3230 1020 3525 1089 jactantem

1939 1121 2159 1162 sensum
2192 1106 2472 1172 habentes,
2510 1123 2743 1177 seseque
2769 1107 2944 1178 justos
2985 1110 3294 1179 opinantes,
3332 1112 3530 1166 adura-

1936 1198 1983 1252 ri
2014 1198 2082 1252 ab
2115 1198 2366 1252 omnibus
2399 1196 2749 1264 festinabant,
2779 1216 2886 1256 non
2921 1216 3017 1257 ore
3047 1201 3115 1257 ad
3149 1216 3211 1257 os
3242 1203 3480 1258 osculari
3508 1220 3522 1257 :

1939 1288 2043 1343 hoc
2067 1290 2211 1344 enim
2243 1298 2327 1344 est
2358 1292 2539 1359 potius
2592 1290 2918 1347 humilitatis
2943 1335 2959 1361 ,
2992 1305 3048 1349 ct
3088 1310 3197 1350 non
3225 1296 3524 1365 pharisaici

1936 1381 2165 1435 tumoris
2200 1382 2477 1437 indicium.
2530 1384 2735 1437 lterum
2787 1395 2967 1439 autem
3037 1386 3238 1442 Paulus
3303 1387 3523 1444 divinus

1938 1473 2238 1542 apostolus.
2277 1474 2416 1529 sicut
2443 1472 2618 1530 Lucas
2647 1475 2701 1529 in
2745 1474 2970 1533 Actibus
3005 1480 3380 1548 apostolorum
3422 1481 3524 1536 de-

1936 1563 2127 1618 scribit
2159 1582 2173 1618 :
2211 1583 2230 1616 ι
2269 1563 2405 1630 Quia
2433 1579 2555 1619 cum
2599 1566 2946 1622 venissemus
2975 1567 3429 1640 Hierosolymam,
3458 1572 3522 1624 li-

1936 1655 2126 1709 benter
2155 1664 2487 1725 exceperunt
2515 1672 2615 1712 nos
2652 1656 2872 1714 fratres.
2921 1656 3185 1729 Sequenti
3217 1671 3396 1715 autem
3432 1663 3521 1718 die

1933 1744 2195 1801 introibat
2223 1744 2425 1802 Paulus
2453 1748 2738 1804 nobiscum
2773 1750 2841 1805 ad
2869 1748 3138 1807 Iacobum
3166 1771 3181 1817 ;
3214 1769 3516 1824 omnesque

266 1841 311 1891 οἰ
332 1837 567 1910 ἀδελφοί.
603 1841 681 1911 Τῇ
732 1839 790 1893 δὲ
819 1839 1049 1914 ἐπιούσῃ
1076 1840 1251 1911 εἰσῄει
1291 1841 1320 1895 6
1344 1838 1556 1904 Παῦλος
1588 1840 1826 1911 σῦνὴμῖν

1935 1837 2147 1892 collecti
2178 1846 2308 1893 sunt
2345 1838 2614 1895 seniores.
2662 1839 2812 1906 Quos
2866 1857 2991 1896 cum
3041 1843 3354 1909 salutasset,
3396 1860 3519 1899 uar-

265 1935 393 2004 πρὸς
431 1933 689 1988 Ἰάκωϐον
713 1951 727 1965 ·
759 1935 961 1999 πάντες
1001 1951 1063 1988 τε
1090 1933 1457 2006 παρεγένοντο
1481 1935 1531 1988 οἰ
1585 1934 1831 2006 πρεσϐύο

262 2042 423 2095 τεροι.
458 2026 569 2079 Καὶ
598 2026 991 2097 ἀσπασάμενος
1035 2024 1256 2092 αὐτοὺς,
1287 2025 1541 2097 ἐξηγεῖτο
1595 2026 1720 2081 καθ’
1772 2026 1830 2080 ἓν

262 2116 481 2170 ἕκαστον
509 2110 585 2170 ὧν
616 2117 871 2186 ἐποίησεν
907 2116 937 2168 6
979 2115 1112 2180 Θεὸς
1134 2116 1193 2169 έν
1219 2116 1335 2179 τοῖς
1366 2114 1547 2168 ἔθνεσι
1596 2114 1685 2169 διὰ
1730 2115 1831 2187 τῆς

259 2203 522 2269 διακονίας
571 2204 759 2259 αὐτοῦ.
801 2223 821 2257 ι
853 2203 1062 2259 Οὐκοῦν
1084 2204 1365 2259 κάνταῦθα
1393 2204 1485 2259 τὸν
1512 2206 1827 2277 ἀσπασμὸν,

259 2296 352 2367 τὴν
386 2295 520 2367 πρὸς
550 2295 803 2368 ἀλλήλοις
851 2297 1156 2370 τιμητικὴν
1198 2295 1575 2369 προσκύνησιν
1614 2300 1643 2352 6
1690 2300 1831 2353 ἀπο-

155 2432 164 2439 .
260 2387 497 2452 στολικὸς
539 2388 666 2453 νοῦς
708 2387 1027 2459 διαγράφει.
1086 2387 1357 2460 Καθάπερ
1396 2389 1494 2443 καὶ
1539 2390 1671 2460 περὶ
1731 2388 1828 2443 τοῦ

268 2480 457 2534 Ἰακώϐ
484 2498 662 2553 φησι·
730 2500 748 2534 ι
779 2480 1201 2553 Προσεκύνησεν
1260 2482 1354 2534 ἐπὶ
1380 2481 1443 2536 τὸ
1493 2482 1665 2555 ἄκρον
1727 2483 1828 2555 τῆς

257 2575 445 2645 ῥάϐδου
476 2574 668 2629 αὐτοῦ.
704 2596 722 2629 ι
760 2576 1037 2647 Σύμφωνα
1059 2574 1118 2629 δὲ
1144 2573 1351 2639 τούτοις
1385 2574 1479 2627 καὶ
1508 2576 1538 2628 6
1569 2574 1670 2644 τῆς
1700 2575 1829 2627 Θεο-

253 2666 435 2735 λογίας
482 2667 775 2741 ἐπώνυμος
801 2666 1105 2741 Γρηγόριος
1139 2667 1329 2735 λέγει·
1393 2666 1507 2737 Τὴν
1571 2665 1826 2737 Βηθλεὲμ

254 2757 572 2831 σεϐάσθητι,
629 2761 722 2815 καὶ
750 2761 851 2830 τὴν
903 2758 1114 2829 φάτνην
1144 2756 1548 2830 προσκύνησον.
1573 2756 1672 2821 Τίς
1720 2756 1830 2829 ἄρα

250 2868 311 2921 γε
341 2852 450 2906 τῶν
498 2851 675 2921 ὀρθῶς
707 2852 740 2925 ἢ
777 2852 1087 2923 εἰλικρινῶς
1143 2850 1407 2904 νοούντων
1464 2849 1535 2903 τά
1574 2866 1828 2922 γεγραμ-

252 2945 389 3015 μένα
450 2945 559 3016 τῆς
617 2945 769 3011 θείας
837 2947 1063 3018 Γραφῆς
1127 2944 1465 3015 ἐννοήσειεν,
1514 2944 1597 2998 ὅτι
1650 2943 1829 2996 ταῦτα

249 3039 373 3109 περὶ
398 3038 508 3110 τῆς
547 3040 606 3092 έν
635 3039 909 3110 πνεύματι
955 3038 1212 3110 λατρείας
1253 3037 1704 3109 διαγορεύονται;
1765 3038 1827 3091 Εἰ

250 3133 321 3203 μή
365 3149 468 3186 που
518 3132 629 3187 τῶν
677 3134 923 3204 ἀνοήτων
970 3132 1067 3187 καὶ
1114 3131 1360 3203 ἀμοίρων
1414 3131 1586 3185 ὄντων
1642 3130 1826 3199 πάσης

247 3227 524 3297 γραφικῆς
558 3225 815 3295 γνώσεως
844 3226 937 3279 καὶ
974 3227 1251 3298 πατρικῆς
1306 3222 1682 3287 διδασκαλίας.
1732 3223 1827 3294 Μὴ

246 3317 351 3389 γὰρ
382 3318 462 3390 τῷ
492 3318 648 3391 ἄκρῳ
675 3318 777 3388 τῆς
802 3316 1002 3390 ῥάϐδου
1033 3318 1361 3388 ὲλάτρευσεν
1426 3314 1642 3380 Ἰακὼϐ,
1672 3314 1707 3385 ἢ
1757 3315 1825 3385 τῇ

245 3411 417 3482 φάτνῃ
442 3411 472 3463 6
503 3411 755 3479 θεολόγος
797 3410 1129 3482 προστάσσει
1159 3408 1455 3480 Γρηγόριος
1503 3407 1823 3478 λατρεύειν;

247 3502 542 3574 Οὐδαμῶς.
574 3504 746 3557 Πάλιν
775 3521 835 3557 τε
864 3505 957 3557 καὶ
988 3503 1149 3574 ἡμεῖς
1164 3501 1256 3555 τὸν
1286 3499 1555 3564 ζωοποιὸν
1586 3498 1827 3570 σταυρὸν

243 3595 640 3666 ἀσπαζόμενοι,
671 3595 873 3658 πάντες
914 3592 1218 3665 συμφώνως
1251 3592 1449 3665 ᾄδομεν
1480 3607 1495 3622 ⁸
1532 3591 1639 3645 Τὸν
1664 3607 1827 3644 σταυσ

243 3688 333 3757 ρόν
377 3704 478 3741 σου
508 3687 948 3759 προσκυνοῦμεν,
984 3686 1251 3751 Δέσποτα,
1283 3687 1380 3740 καὶ
1412 3683 1825 3756 προσκυνοῦμεν

239 3779 333 3849 τὴν
372 3777 580 3847 λόγχην
607 3777 708 3849 τὴν
732 3775 970 3840 νύξασαν
989 3776 1089 3846 τὴν
1120 3773 1386 3840 ζωοποιδν
1419 3773 1668 3846 πλευρὰν
1723 3773 1825 3843 τῆς

241 3871 337 3940 σῆς
373 3868 731 3940 ἀγαθότητος.
767 3869 947 3940 Ὅπερ
981 3866 1263 3939 προδήλως
1304 3866 1595 3936 ἀσπασμός
1623 3864 1740 3918 ὲστί
1764 3882 1824 3918 τε

241 3962 332 4013 καὶ
363 3958 609 4028 λέγεται,
645 3960 722 4020 ὡς
754 3958 907 4029 δηλοῖ
927 3957 990 4010 τὸ
1018 3955 1353 4029 προσψαύειν
1405 3955 1547 4010 αὐτά
1579 3957 1692 4019 τοῖς
1742 3956 1824 4008 οἰ-

240 4049 410 4113 κείοις
433 4048 594 4119 ημῶν
624 4046 879 4117 χείλεσιν.
936 4046 1000 4099 Εἰ
1026 4046 1084 4100 δὲ
1124 4045 1217 4099 καὶ
1276 4043 1540 4107 πολλάκις
1593 4042 1823 4115 εὕρηται

242 4140 276 4208 ἡ
305 4134 681 4209 προσκύνησις
713 4137 771 4189 έν
798 4138 866 4207 τῇ
895 4134 1017 4207 θεία
1054 4135 1270 4206 Γραφῇ,
1308 4136 1405 4188 καὶ
1435 4135 1550 4197 τοῖς
1606 4134 1821 4186 ἀστειο-

242 4228 418 4298 λόγοις
446 4229 626 4298 ἁγίοις
660 4228 941 4300 Πατράσιν
969 4225 1125 4298 ἡμῶν
1164 4225 1257 4280 ἐπὶ
1304 4225 1406 4296 τῆς
1439 4227 1499 4279 ὲν
1551 4224 1823 4296 πνεύματι

239 4318 518 4389 λατρείας,
552 4319 630 4384 ὡς
657 4319 974 4391 πολύσημος
997 4313 1133 4373 οὖσα
1151 4319 1187 4391 ἡ
1215 4316 1373 4390 φωνὴ
1405 4316 1535 4387 μίαν
1564 4316 1677 4371 τῶν
1720 4316 1818 4370 αὖε

241 4412 336 4483 τῆς
368 4411 787 4483 σημαινομένων
802 4410 1055 4483 ἐμφαίνει
1080 4410 1182 4483 τὴν
1211 4410 1352 4463 κατά
1377 4407 1632 4481 λατρείαν
1651 4425 1818 4478 προσ-

1934 1930 2089 1984 rabat
2112 1944 2208 2000 per
2230 1930 2448 2001 singula
2478 1946 2603 2001 quae
2639 1929 2865 1989 fecisset
2896 1932 3037 1988 Deus
3058 1932 3111 1986 in
3144 1934 3395 2003 gentibus
3421 1950 3516 2005 per

1933 2022 2301 2079 miniSIerium
2349 2023 2517 2093 ipsius
2551 2024 2594 2079 ⁷.
2625 2043 2643 2075 ι
2683 2024 2826 2096 Ergo
2877 2034 2929 2079 et
2994 2025 3083 2080 hic
3131 2026 3515 2084 salutationem

1933 2111 2337 2167 bonoratoriam
2382 2112 2763 2168 adorationem
2799 2128 2964 2183 quam
3001 2114 3234 2170 invrcem
3287 2117 3513 2174 exhibe-

1932 2217 2080 2267 mus,
2114 2202 2448 2271 apostolicus
2476 2218 2673 2259 sensus
2709 2202 2971 2258 describit
3002 2222 3017 2271 ;
3043 2206 3514 2275 quemadmodum

1929 2303 1984 2350 et
2035 2293 2104 2349 de
2155 2291 2323 2349 Jacob
2381 2294 2459 2349 ait
2516 2313 2530 2349 :
2599 2312 2618 2346 ι
2671 2294 2935 2350 Adoravit
3007 2295 3287 2369 fastigium
3349 2300 3514 2371 virga:

1928 2387 2050 2459 ejus
2080 2388 2123 2443 ⁸.
2170 2407 2187 2440 ι
2207 2387 2459 2443 Consona
2487 2404 2617 2443 vero
2637 2388 2756 2444 istis
2780 2398 2834 2444 et
2861 2388 3154 2459 Gregorius
3180 2406 3514 2461 cognomen-

1928 2488 1986 2535 to
2016 2479 2311 2550 Deiloquus
2339 2480 2470 2536 dicit
2502 2480 2549 2511 ⁸⁶
2577 2498 2593 2537 :
2640 2500 2659 2532 ι
2687 2479 2999 2536 Bethlehem
3031 2482 3169 2549 cole,
3196 2492 3249 2537 et
3276 2499 3515 2553 praesepe

1929 2571 2117 2627 adora.
2161 2592 2180 2625 ι
2241 2572 2395 2641 Quis,
2430 2580 2611 2643 putas,
2645 2589 2835 2629 eorum
2872 2575 2964 2645 qui
3000 2583 3147 2631 recte
3197 2584 3250 2629 et
3303 2576 3515 2631 sincere

1929 2661 2234 2736 intelligunt
2260 2665 2453 2732 qumin
2478 2664 2664 2720 divina
2693 2664 2974 2735 Scriptura
3008 2664 3393 2734 proferuntur.
3428 2668 3512 2720 in-

1930 2756 2154 2828 telligat,
2207 2760 2352 2826 quod
2406 2757 2521 2813 haec
2579 2758 2649 2813 de
2696 2758 3013 2815 adoratione
3051 2776 3173 2829 qua:
3225 2761 3277 2814 in
3314 2760 3513 2829 Spiritu

1928 2845 2022 2911 fit,
2076 2849 2557 2917 pronuntientur?
2591 2850 2697 2904 nisi
2764 2851 2902 2905 forte
2963 2852 3028 2905 de
3073 2851 3368 2906 insensatis
3418 2852 3511 2916 sit,

1930 2938 2014 2992 vel
2031 2953 2097 2991 ex
2121 2937 2207 2995 his
2222 2940 2314 3010 qui
2333 2940 2501 2995 totius
2530 2941 2875 3011 scripturalis
2905 2941 3148 2998 scientiae
3175 2958 3238 2997 ac
3275 2954 3514 3011 paternae

1932 3028 2197 3085 doctrinae
2284 3033 2598 3101 inexpertes
2705 3033 3006 3089 exsistunt.
3104 3033 3511 3104 Numquidnam

1933 3118 2152 3190 fastigio
2211 3121 2380 3193 virgae
2470 3124 2699 3179 servivit
2777 3122 2950 3181 Jacob
3006 3126 3030 3179 'I
3089 3135 3185 3181 aut
3255 3127 3514 3196 praecepit

1932 3208 2243 3280 Theologus
2282 3210 2579 3283 Gregorius
2615 3213 2942 3270 deservire?
2977 3213 3042 3270 Et
3073 3229 3268 3271 rursus
3294 3232 3513 3285 quoque

1932 3318 2031 3357 nos
2065 3304 2332 3358 vivificam
2359 3320 2576 3360 crucem
2615 3308 2918 3362 salutantes
2947 3323 3190 3383 consone
3213 3310 3464 3364 canimus
3494 3329 3508 3364 :

1928 3395 2161 3450 Crucem
2208 3404 2355 3449 tuam
2409 3398 2750 3461 adoramus,
2802 3397 3053 3463 Domine,
3110 3408 3164 3453 et
3217 3383 3513 3455 adoramus

1930 3486 2174 3541 lanceam
2204 3502 2326 3556 qute
2357 3490 2576 3559 aperuit
2598 3489 2872 3545 vivificum
2899 3491 3044 3545 latus
3068 3500 3170 3544 tua:
3204 3490 3463 3546 bonitatis
3494 3511 3509 3547 :

1928 3578 2075 3649 quod
2107 3580 2419 3637 certissime
2461 3582 2717 3638 salutatio
2754 3591 2841 3638 est
2869 3592 2934 3655 __et
2984 3583 3207 3648 dicitur,
3254 3584 3397 3639 sicut
3430 3584 3513 3637 iu-

1925 3671 2076 3727 dicat
2104 3672 2257 3739 illud,
2290 3676 2437 3744 quod
2467 3675 2582 3729 haec
2622 3676 2859 3745 propriis
2903 3675 3063 3730 labiis
3114 3676 3321 3731 nostris
3376 3693 3512 3732 con-

1930 3760 2210 3832 tingimus.
2267 3760 2404 3817 Nam
2435 3764 2537 3818 etsi
2590 3764 2871 3821 multoties
2927 3766 3211 3822 invenitur
3259 3768 3513 3822 adoratio

1926 3851 1982 3907 in
2016 3853 2201 3908 divina
2233 3852 2614 3925 Scriptura,et
2645 3858 2855 3913 urbane
2885 3858 3235 3930 loquentibus
3253 3860 3513 3916 Patrihus

1926 3944 2131 4000 nostris
2158 3961 2257 4016 pro
2287 3947 2554 4002 servitute
2582 3932 2705 4019 qua:
2755 3958 2841 4005 est
2869 3950 2923 4005 in
2956 3953 3175 4022 spiritu,
3222 3969 3348 4009 cum
3406 3970 3513 4009 vox

1926 4035 2100 4089 multa
2130 4035 2419 4107 significet,
2462 4052 2570 4092 una
2600 4046 2781 4095 tamen
2813 4040 3211 4111 significatione
3235 4042 3362 4109 ejus
3391 4054 3512 4098 tan-

1924 4128 2211 4182 tummodo
2260 4129 2552 4200 reperitur,
2589 4146 2713 4202 qua:
2758 4131 2969 4188 scilicet
3031 4133 3147 4188 sola
3198 4134 3513 4191 manifestat

1924 4218 2309 4275 adorationem
2360 4236 2484 4291 quae
2514 4231 2602 4279 est
2660 4226 2965 4280 secundum
3008 4224 3250 4280 latriam.
3320 4227 3513 4284 Adhuc

1923 4321 2106 4369 autem
2137 4312 2385 4370 adoratio
2413 4325 2500 4372 est
2533 4324 2587 4372 et
2613 4333 2679 4373 ea
2711 4332 2832 4389 qua:
2862 4333 2957 4387 per
2985 4319 3283 4384 honorem,
3317 4330 3373 4375 et
3409 4337 3505 4391 per

1924 4420 2167 4460 amorem
2197 4421 2261 4461 ac
2299 4405 2555 4463 timorem
2595 4409 2655 4463 fit
2694 4427 2708 4464 :
2742 4408 2902 4465 sicuti
2955 4424 3059 4466 nos
3115 4408 3412 4465 adoramus
3458 4412 3515 4468 el

244 4500 487 4572 κύνησιν.
527 4500 683 4553 Ἔστι
729 4501 835 4571 γάρ
866 4498 1239 4573 προσκύνησις
1267 4500 1364 4553 καὶ
1392 4500 1427 4569 ή
1466 4498 1613 4553 κατά
1649 4495 1814 4569 τιμὴν

1929 4495 2378 4566 gloriosissimum
2426 4506 2483 4553 et
2530 4499 3046 4555 mansuetissimum
3087 4500 3379 4573 imperium
3423 4519 3514 4560 ve-

242 4596 332 4649 xal
365 4595 533 4649 πόθον
566 4595 664 4649 καὶ
693 4595 859 4665 φόϐον
882 4610 896 4625 ⁸
927 4594 1003 4658 ὡς
1023 4592 1441 4667 προσκυνοῦμεν
1504 4594 1666 4664 ἡμεῖς
1718 4592 1819 4663 τὴν

242 4685 547 4741 καλλίνικον
578 4685 674 4740 καὶ
707 4684 1069 4757 ἠμερωτάτην
1108 4683 1263 4755 ὑμῶν
1286 4683 1587 4755 βασιλείαν.
1628 4682 1818 4735 Ἔστιν

240 4778 401 4850 ἑτέρα
438 4777 582 4832 κατὰ
620 4777 787 4848 φόϐον
821 4779 980 4848 μόνον
1006 4794 1021 4809 ο
1055 4778 1131 4843 ὡς
1184 4775 1379 4830 Ἰακὼϐ
1439 4774 1817 4847 προσεκύνησε

239 4873 329 4926 τὸν
376 4870 569 4925 Ἡσαῦ.
609 4872 766 4924 Ἔστι
820 4872 917 4923 καὶ
964 4871 1106 4925 κατά
1173 4870 1357 4941 χάριν,
1422 4868 1498 4932 ὡς
1563 4868 1816 4940 Ἀϐραὰμ

241 4962 380 5035 ὑπὲρ
409 4962 607 5035 ἀγροῦ,
640 4954 705 5016 οὗ
734 4961 928 5016 ἐλαϐεν
959 4961 1115 5034 παρά
1154 4962 1266 5015 τῶν
1297 4961 1432 5014 υίῶν
1476 4960 1587 5014 Χὲτ
1613 4963 1693 5025 εἰς
1714 4978 1815 5014 τα·

242 5055 344 5123 ψὴν
372 5054 590 5126 Σάρρας
623 5054 721 5125 τῆς
750 5054 1009 5123 γυναικὸς
1041 5053 1228 5119 αὐτοῦ,
1262 5053 1670 5124 προσεκύνησεν
1721 5054 1819 5107 αῦ-

239 5145 383 5210 τούς.
408 5146 577 5200 Πάλιν
601 5146 660 5200 δὲ
683 5146 1093 5217 προσδοκῶντες
1115 5164 1259 5209 τινες
1277 5145 1613 5216 ἀντιλήψεως
1635 5149 1821 5215 τυχεῖν

241 5239 388 5310 παρὰ
407 5238 516 5293 τῶν
530 5238 929 5310 ὑπερεχόντων,
954 5238 1350 5311 προσκυνοῦσιν
1376 5240 1593 5303 αὐτοὺς,
1615 5240 1691 5303 ὡς
1720 5241 1822 5293 Ἰα-

239 5330 353 5383 κὼϐ
373 5331 464 5387 τὸν
482 5329 702 5401 Φαραώ.
737 5330 928 5385 Ἔνθεν
954 5332 1048 5385 καὶ
1073 5333 1107 5402 ἡ
1141 5330 1259 5385 θεία
1290 5332 1478 5403 Γραφὴ
1499 5331 1826 5386 διδάσκουσα

309 5504 369 5577 ξι
400 5505 533 5577 Reg.
573 5509 776 5573 xx,4l.

888 5508 965 5578 ⁵τ⁶
1000 5506 1193 5565 Matth.
1240 5525 1373 5564 χχιιι
1412 5508 1465 5563 6.
1543 5511 1696 5563 7Act.
1726 5526 1855 5576 xu,
1888 5510 2073 5564 17-19:
2150 5510 2171 5543 ⁸
2204 5508 2369 5566 Hebr.
2415 5527 2473 5578 ιι,
2505 5511 2595 5565 21.

1928 4600 2129 4644 strum.
2164 4587 2260 4643 Est
2283 4598 2338 4644 et
2368 4590 2471 4645 alia
2504 4606 2600 4660 per
2621 4592 2871 4648 timorem
2901 4603 3135 4662 tantum,
3163 4595 3307 4651 sicut
3342 4595 3515 4652 Jacob

1929 4681 2177 4736 adoravit
2204 4682 2415 4737 Esau’.
2472 4681 2539 4737 Et
2589 4694 2674 4740 est
2718 4700 2814 4755 per
2854 4688 3111 4756 gratiam,
3163 4689 3310 4744 sicut
3338 4688 3516 4744 Abra-

1927 4776 2054 4829 ham
2094 4774 2344 4829 adoravit
2370 4774 2510 4829 filios
2541 4773 2678 4831 Ileth
2712 4794 2810 4846 pro
2841 4793 2974 4850 agro
3001 4795 3164 4846 quem
3205 4781 3419 4851 accepit
3447 4783 3517 4835 ah

1924 4871 2005 4927 eis
2035 4869 2089 4925 in
2112 4870 2445 4941 sepulturam
2476 4869 2626 4927 Sara:
2652 4874 2840 4929 uxoris
2870 4875 3056 4929 suae”.
3091 4874 3293 4930 lterum
3330 4885 3513 4929 autem

1923 4969 2303 5029 exspectantes
2363 4960 2589 5031 quidam
2636 4977 2667 5016 a
2713 4964 3135 5021 sublimioribus
3183 4965 3513 5020 beneficiqu

1919 5051 2457 5123 consequi,adorant
2492 5068 2611 5114 eos,
2640 5055 2784 5109 sicut
2833 5053 3003 5110 Jacoh
3054 5056 3394 5111 Pharaonem
3432 5058 3506 5113 “.

1924 5144 2064 5200 Hinc
2124 5147 2269 5200 enim
2334 5146 2518 5201 divina
2553 5146 2838 5216 Scriptura
2869 5147 3073 5204 docens
3093 5163 3193 5205 nos
3227 5166 3241 5204 :
3279 5167 3298 5200 ι
3329 5148 3516 5203 Domi-

1924 5254 2054 5293 num
2087 5238 2256 5293 Deum
2291 5246 2445 5293 tuum
2483 5239 2765 5307 adorabis,
2796 5254 2853 5296 et
2887 5241 2962 5296 illi
2993 5243 3096 5297 soli
3123 5242 3332 5299 servies
3361 5243 3404 5274 "
3441 5262 3459 5296 ι
3492 5261 3507 5299 :

1931 5332 2307 5388 adorationem
2400 5334 2477 5405 (ἦ)
2538 5336 2658 5391 sine
2714 5336 3085 5405 prohibitione
3132 5337 3271 5392 dixit
3325 5378 3341 5403 ,
3393 5346 3512 5392 tan-

2672 5513 2714 5541 "
2755 5513 2927 5573 Serm.
2961 5516 3014 5571 in
3049 5515 3236 5572 Natali
3274 5514 3498 5572 Christi.

242 5576 262 5609 ³
294 5575 429 5633 Gen.
463 5575 655 5644 (xxiii,
689 5579 742 5637 ὅ.
822 5578 865 5610 ¹⁰
901 5576 1037 5634 Gcn.
1078 5595 1231 5646 χχιιι,
1281 5580 1331 5635 7.
1412 5580 1826 5649 "Gen.x1.vu,‘.

1929 5582 2359 5648 'Dcut.xvi,15;
2390 5575 2519 5638 Luc.
2537 5599 2587 5637 iv
2612 5585 2697 5639 l8.

307 5746 407 5821 (ιοι
431 5745 609 5802 Unum
634 5762 701 5805 ex
732 5748 1052 5821 signiﬁcatis
1077 5748 1198 5821 ejus
1226 5759 1313 5808 cst
1341 5752 1586 5810 adoratio
1612 5769 1808 5812 secun-

242 5815 366 5871 dum
396 5819 630 5875 latriam.

1992 5753 2073 5822 (2)
2111 5754 2375 5831 Absoluta
2408 5757 2579 5827 ponit.
2604 5766 2659 5813 et
2687 5774 2791 5812 non
2829 5759 3178 5829 adjicit,solt',
3206 5766 3264 5814 ut
3297 5758 3505 5831 signiﬁ-

1919 5834 2040 5879 cata
2080 5827 2251 5883 multa
2273 5828 2660 5897 habentctu,ct
2693 5827 3270 5902 v'occtu'wquivocain.
3304 5827 3501 5889 Porro.
