4088 6492
616 457 781 512 quam
813 441 1056 499 diversas
1071 443 1291 514 quidem
1323 445 1774 519 signiﬁcationes,
1798 460 1894 512 sed
1922 462 2191 535 homony-

614 547 762 588 mam
784 547 970 588 vocem
990 533 1371 601 habentem,et
1395 552 1501 595 non
1523 541 1623 595 soli
1637 543 1867 603 addidit.
1890 550 2063 606 Porro
2083 533 2195 609 ser-

611 626 720 679 υἱεε
748 624 835 679 illi
869 626 970 679 soli
999 624 1139 681 dixit
1166 645 1181 693 ;
1221 629 1424 684 etenim
1455 633 1557 687 soli
1590 633 1699 691 Deo
1717 640 2037 698 servitutem
2068 660 2196 702 nos-

612 730 751 774 tram
782 720 1205 778 referimus.His
1234 741 1363 797 ergo
1388 729 1471 785 sic
1503 736 1899 804 comprobatis,
1926 743 2193 799 veraciter

609 821 663 865 et
690 815 1068 869 incunctanter
1092 831 1215 873 esse
1244 834 1430 875 coram
1470 821 1584 880 Deo
1619 839 1906 899 acceptum
1938 842 1993 889 et
2021 834 2191 891 bene-

608 905 870 974 placitum
900 916 1140 975 constat,
1161 911 1486 982 imaginales
1516 916 1873 979 formationes
1904 926 2191 997 dispensa-

606 998 774 1053 tionis
796 997 1009 1054 Domini
1034 1003 1205 1057 nostri
1224 1002 1353 1059 Jesu
1384 1005 1608 1074 Christi,
1642 1021 1696 1066 et
1724 1012 2060 1073 intemerata:
2093 1021 2189 1077 Dei

610 1090 908 1147 Genitricis
939 1108 1266 1165 semperque
1298 1100 1525 1170 virginis
1555 1102 1757 1171 Maria,
1785 1122 1847 1162 ac
1892 1109 2188 1169 honorabi-

603 1182 736 1237 lium
773 1185 1110 1255 angelorum,
1134 1199 1188 1242 et
1204 1192 1449 1246 omnium
1482 1205 1802 1252 sanctorum
1824 1239 1839 1265 ,
1872 1202 2105 1259 adorare
2131 1214 2185 1259 et

600 1276 838 1331 osculari
869 1286 954 1333 :et
982 1280 1327 1349 quisquissic
1357 1299 1416 1339 se
1445 1300 1552 1341 non
1581 1288 1940 1347 babueritsed
1968 1294 2183 1366 discep-

599 1369 799 1425 taverit
822 1410 836 1435 ,
867 1370 949 1426 vel
970 1372 1131 1426 etiam
1162 1374 1608 1450 elangueriterga
1635 1384 2029 1444 venerabilium
2048 1387 2184 1443 ima-

595 1461 783 1532 ginum
825 1464 1201 1521 adorationem
1236 1506 1253 1532 ,
1306 1469 1456 1525 hunc
1513 1473 1943 1533 anathematizat
1994 1491 2179 1537 sancta

594 1572 779 1615 nostra
810 1568 866 1616 et
894 1562 1220 1621 universalis
1251 1568 1516 1638 synodus,
1552 1586 1675 1642 quae
1728 1577 1937 1630 munita
1981 1589 2067 1634 est
2094 1579 2180 1634 di-

590 1652 701 1706 vini
743 1653 981 1723 Spiritus
1028 1657 1367 1727 operatione,
1405 1675 1470 1717 ae
1518 1666 1761 1733 paternis
1820 1679 1876 1724 et
1908 1672 2175 1727 ecclesia-

591 1747 748 1802 stit-is
769 1749 1177 1808 traditionibus.
1201 1751 1374 1809 Porro
1401 1759 1689 1813 anathema
1723 1760 1858 1816 nihil
1889 1764 2037 1820 aliud
2067 1775 2171 1833 est,

1682 340 1744 403 S.
1796 344 2107 409 TABASII
2150 351 2656 421 PATRIARCHAZ
2690 364 2797 429 GP.

2219 472 2268 529 A
2296 470 2483 541 ἡμᾶς’
2522 495 2541 528 ι
2571 479 2779 549 Κύριον
2838 484 2930 540 τὸν
2979 488 3110 546 Θεόν
3163 511 3258 551 σου
3311 507 3740 580 προσκυνήσεις,
3796 515 3895 568 καὶ

2296 565 2446 636 αῦτῷ
2461 568 2611 671 μόνω
2630 572 2951 647 λατρεύσεις
2965 599 2979 614 ·
2994 601 3015 637 ι
3033 585 3131 658 τὴν
3151 589 3249 659 μὲν
3270 565 3645 671 προσκύνησιν

2294 673 2404 767 τως
2437 662 2527 714 xui
2557 664 2618 717 οῦ
2656 667 2805 739 μόνῳ
2837 673 3083 746 εἴρηκεν,
3105 679 3182 743 ὡς
3209 662 3444 757 διάιρορα
3500 662 3890 767 σημαινόμενα

2293 747 2523 819 ἔχουσαν
2550 756 2646 810 xui
2672 759 2966 833 ὁμώνυμον
2995 762 3160 822 οὖσαν
3190 774 3292 845 τὴν
3311 747 3523 851 τρωνήν.
3650 747 3888 851 δὲῗλάΣ

2291 842 2544 947 τρεόσεις
2591 847 2742 947 αὐτῷ
2792 853 3183 947 μόνῃ-εἴρηκε
3214 842 3357 921 ’-καὶ
3384 842 3493 942 γὰρ
3552 842 3728 945 μόνῳ,
3756 876 3887 947 Θεῳ

2289 929 2388 1030 τήν
2442 931 2698 1030 λατρείαν
2747 941 2913 1011 ἡμεῖς
2960 929 3169 1023 [ήμῶν]
3228 929 3600 1030 ἀναφέρόμεν.
3651 929 3887 1021 ’ᾖοῦτων

2287 1020 2469 1130 aii-rw?
2520 1027 2976 1104 ἀποδειχθέντων,
3005 1020 3459 1117 ὁμολογουμένως
3474 1020 3573 1107 καὶ
3629 1058 3881 1130 ἀναμφι-

2292 1110 2579 1203 σϐητήτως
2611 1118 2912 1178 ἀποδεκτδν
2959 1129 3055 1183 xui
3082 1110 3379 1201 εὐάρεστον
3434 1110 3577 1197 εἶναι
3634 1110 3880 1203 ὲνῶίπίον

2288 1197 2440 1271 [add.
2470 1220 2535 1258 ea:
2562 1204 2688 1264 Lat.
2712 1207 2852 1266 εἶναι
2884 1216 3147 1289 πρόδηλον
3170 1197 3365 1299 stabam]
3390 1229 3486 1283 τοῦ
3506 1197 3876 1301 Θεοῦ,εᾶόᾷἐ

2285 1292 2390 1359 κάς
2412 1296 2791 1367 ἀναωπιῦσεις
2812 1305 2911 1375 τῆς
2937 1325 2996 1361 τε
3025 1292 3448 1384 οίκονομίαςῖτοῦ
3469 1292 3678 1394 Κυρίοῦ
3708 1329 3876 1397 ἡμῶν

2295 1387 2470 1479 Ἰησοῦ
2536 1394 2797 1465 Χριστοῦ,
2840 1404 2935 1454 καὶ
2992 1404 3091 1473 τῆς
3129 1407 3405 1479 ἀχρὰντου
3468 1387 3875 1479 θεοτόκουηκαὶ

2281 1477 2653 1552 ἀειπαρθένου
2691 1487 2937 1559 Μαρίας,
2965 1492 3076 1546 τῶν
3105 1512 3166 1549 τε
3189 1477 3388 1570 τιμίων
3437 1505 3708 1575 ἀγγέλων,

2280 1570 2497 1627 πάντων
2516 1574 2625 1628 τῶν
2649 1578 2841 1647 ἁγίων,
2871 1590 3195 1653 προσκυνεῖν
3223 1591 3319 1644 xui
3352 1570 3719 1662 dondéaaﬂut.
3754 1605 3871 1657 Καὶ

2277 1664 2331 1716 εῖ
2370 1680 2453 1729 τις
2485 1665 2562 1738 μὴ
2594 1667 2766 1735 οὕτως
2805 1671 2939 1743 ἔχοι,
2973 1677 3090 1730 ἀλλ’
3149 1680 3525 1761 ἀμφισϐητοίη
3575 1693 3666 1745 xui
3715 1698 3873 1749 νοσοῖ

2277 1756 2409 1824 περὶ
2463 1758 2562 1829 τὴν
2588 1759 2698 1815 τῶν
2730 1764 2944 1819 σεπτῶν
2973 1769 3199 1825 είκόνων
3234 1777 3630 1850 προσκύνησιν,
3662 1784 3861 1840 τοῦτον

588 1856 749 1907 qnam
782 1846 1050 1913 separatio
1070 1861 1099 1901 a
1122 1846 1251 1903 Deo.
1287 1848 1341 1904 Si
1359 1853 1503 1907 enim
1527 1855 1746 1924 quidam
1778 1857 1982 1917 fuerint
2008 1864 2144 1918 alter

2278 1848 2723 1927 ἀναθεμμτίζειή
2765 1856 2897 1925 ἁγία
2954 1862 3049 1915 xui
3103 1830 3857 1944 οἰκουμενικὴηήμῶνπσύνο

586 1942 773 1988 cantes
791 1943 847 1991 et
884 1946 1076 1992 contra
1093 1953 1156 1993 ea
1171 1955 1295 2010 qua:
1315 1941 1538 1999 definita
1561 1955 1690 2001 sunt
1707 1964 1815 2003 non
1832 1950 2171 2021 obedientes,

587 2025 638 2079 in
696 2028 951 2085 stimulos
1002 2032 1340 2099 calcitrant,
1389 2046 1443 2092 et
1483 2053 1614 2095 suas
1666 2041 1916 2111 ipsorum
1961 2048 2172 2106 animas

585 2116 805 2184 laedunt,
842 2118 1126 2176 Christum
1158 2122 1539 2194 oﬂ‘endentes,
1571 2139 1629 2185 et
1676 2129 1938 2190 Ecclesia:
1996 2136 2170 2207 ipsius

580 2208 878 2266 calumniis
910 2212 1202 2280 delectati,
1244 2219 1631 2289 impugnantes
1662 2238 1862 2281 vesane
1889 2229 2164 2299 pietatem,

582 2310 771 2370 ntpite
826 2304 1142 2373 piscornm
1216 2308 1603 2368 haereticorum
1660 2320 2165 2380 communicatores

575 2402 628 2447 et
662 2398 1013 2453 consentanei
1048 2410 1099 2455 et
1130 2402 1474 2460 contribules
1509 2423 1602 2473 per
1634 2408 1993 2480 impietatem.
2026 2414 2161 2470 Fra-

576 2490 686 2540 tres
737 2497 920 2545 autem
956 2501 1009 2545 et
1053 2495 1465 2558 comministros
1496 2508 1715 2556 nostros
1742 2501 1851 2557 Deo
1897 2506 2160 2564 amabiles

573 2581 861 2651 ep'scopos
900 2586 1150 2644 misimus
1183 2605 1309 2645 eum
1372 2593 1665 2652 abbatibus
1702 2606 1758 2651 et
1802 2600 2038 2665 clericis,
2099 2612 2160 2659 ut

570 2672 815 2728 omnium
851 2689 971 2745 quae
1005 2677 1059 2732 in
1091 2680 1248 2734 nobis
1292 2691 1444 2752 gesta
1478 2696 1606 2740 sunt
1657 2689 2152 2750 manilestationem

568 2763 899 2822 denuntient
940 2767 1182 2827 deisonis
1217 2773 1449 2831 auribus
1490 2778 1709 2833 vestris.
1749 2781 1921 2838 Porro
1958 2783 2027 2839 ad
2079 2786 2154 2841 si-

566 2858 861 2928 gnaculum
882 2869 937 2916 et
958 2862 1127 2919 robur
1153 2878 1342 2921 eorum
1371 2882 1493 2938 quae
1515 2885 1542 2922 a
1568 2872 1728 2928 nobis
1750 2873 1969 2930 definita
1997 2887 2149 2943 sunt,

565 2949 698 3018 quin
734 2951 899 3006 etiam
931 2953 997 3007 ad
1029 2954 1462 3014 satisfactionem
1520 2962 1752 3031 piissimi
1790 2965 2003 3034 imperii
2050 2986 2147 3025 ve-

2274 1940 2413 2005 οὸος,
2473 1942 2810 2014 ὀχυρωθεῖσα
2843 1952 2909 2021 τῇ
2936 1950 3029 2005 τοῦ
3060 1951 3205 2009 θείου
3249 1940 3567 2033 Πνεῦματος
3596 1966 3855 2040 ἐνεργείᾳ

2272 2033 2365 2085 καὶ
2396 2036 2517 2097 ταῖς
2549 2043 2845 2109 πατρικαῖς
2874 2045 2966 2096 xui
2992 2046 3475 2119 ἐκκλησιαστικαῖς
3495 2033 3855 2129 παραδόσεσξ.

2268 2124 2381 2181 Καὶ
2410 2126 2471 2178 τι
2500 2127 2749 2200 ἀνάθεμα
2777 2132 2934 2189 οὐδὲν
2964 2135 3150 2207 ἔτερόν
3179 2140 3349 2209 ἐστιν,
3375 2144 3408 2215 η
3438 2124 3726 2220 χωρισμὸς
3746 2153 3855 2207 ἀπὸ

2264 2215 2359 2269 τοῦ
2389 2218 2550 2274 Θεοῦ.
2586 2221 2648 2274 Εί
2672 2223 2781 2296 γάρ
2809 2226 2953 2291 τινές
2977 2230 3082 2284 είσι
3122 2215 3583 2307 ζυγομαχοῦντες,
3618 2215 3760 2314 πρὸς
3783 2247 3854 2299 τὰ

2263 2306 2549 2377 ὁρισθέντα
2598 2311 2672 2384 μὴ
2733 2315 3068 2388 πειθόμενοι,
3094 2322 3174 2386 είς
3227 2306 3435 2399 κέντρα
3502 2306 3849 2400 λακτίξοῦσι,

2262 2397 2358 2451 xui
2397 2399 2496 2464 τὰς
2521 2402 2734 2457 ἑαυτῶν
2764 2406 3011 2463 ἀδικοῦσι
3033 2410 3231 2483 ψυχὰς,
3265 2397 3492 2491 Χριστῷ
3522 2397 3841 2494 προσκροῦέ

2258 2508 2431 2558 οντες,
2463 2494 2560 2549 καὶ
2597 2499 2717 2562 ταῖς
2755 2502 2898 2556 κατά
2919 2502 3019 2573 τῆς
3058 2506 3387 2580 Ἐκκλησίας
3454 2514 3626 2568 αὑτοῦ
3682 2535 3845 2572 unxo-

2258 2583 2510 2652 φαντίαις
2540 2586 2814 2659 ἡδόμενοι,
2844 2592 3197 2666 εὑρίσκονται
3238 2600 3603 2673 πολεμοῦντες
3661 2610 3845 2678 ἐμμα-

2254 2675 2360 2740 νῶς
2385 2677 2485 2749 τὴν
2523 2680 2827 2751 εὐσέϐειαν,
2856 2685 2933 2749 ὡς
2975 2687 3087 2743 τῶν
3120 2692 3292 2747 πάλαι
3335 2697 3635 2767 αἱρετικῶν
3688 2703 3842 2767 ὄντες

2253 2770 2501 2825 κοινωνοὶ
2544 2773 2637 2828 xui
2670 2774 2943 2849 σύστοιχοι
2976 2783 3070 2835 καὶ
3095 2783 3357 2854 ὁμόφυλοι
3406 2792 3548 2844 κατὰ
3581 2793 3680 2864 τὴν
3711 2796 3838 2848 ἀσέ-

2251 2860 2427 2919 ϐειαν.
2457 2864 2597 2929 Τοὺς
2624 2866 2681 2921 δὲ
2724 2868 2991 2940 ἀδελφοὺς
3045 2875 3139 2928 xui
3180 2860 3648 2951 συλλειτουργοὺς⁷
3676 2886 3833 2956 ἡμῶν

2248 2953 2517 3023 θεοφιλεῖς
2564 2960 2898 3027 ἐπισκόπους
2924 2965 3330 3041 ἀπεστείλαμεν
3358 2974 3456 3028 σὺν
3501 2953 3834 3048 ἡγουμένοις

563 3041 684 3106 stri,
705 3044 1044 3113 sultjecimus
1074 3057 1300 3116 paterna
1328 3052 1641 3110 testimonia
1665 3072 1729 3111 ex
1761 3059 1948 3115 tnultis
1972 3077 2143 3131 pauca

2253 3044 2342 3098 xui
2371 3048 2675 3119 κληρικοῖς,
2706 3054 2793 3106 ἵνα
2827 3054 3046 3111 πάντων
3072 3060 3181 3114 τῶν
3212 3062 3272 3116 ὲν
3319 3064 3453 3135 ἡμῖν
3501 3041 3835 3141 πεπραγμέί-

561 3131 789 3185 collecta
822 3173 839 3201 ,
869 3141 923 3189 et
963 3136 1212 3195 claritate
1274 3143 1523 3201 veritatis
1582 3148 1972 3208 certitudinem
2022 3154 2143 3209 illu-

2253 3155 2352 3192 νων
2408 3139 2507 3209 τὴν
2552 3141 2785 3213 δήλωσιν
2838 3148 3234 3219 ἀναγγείλωσιν
3292 3131 3374 3219 εἱς
3431 3158 3533 3223 τὰς
3582 3131 3833 3232 θεοηνχεῖς

559 3225 809 3277 strantia.
846 3224 1116 3284 Caeterum
1173 3233 1419 3289 omnium
1458 3248 1706 3295 nostrum
1759 3242 2012 3301 Salvator
2046 3249 2139 3318 qui

2253 3230 2403 3299 ὑμῶν
2430 3233 2620 3296 ἀκοάς.
2656 3238 2799 3307 Πρὸς
2832 3240 2888 3293 δὲ
2919 3243 3315 3316 έπισφράγισιν
3347 3250 3447 3303 xui
3485 3224 3831 3325 ἐπικύρωσιν

558 3316 715 3371 vobis
750 3319 1081 3387 roimperat‘,
1118 3324 1323 3394 quique
1372 3342 1468 3395 per
1513 3347 1613 3387 vos
1651 3333 1911 3391 Ecclesiis
1950 3354 2136 3408 pacem

2253 3319 2352 3374 τῶν
2397 3323 2530 3392 παρ’
2560 3324 2720 3393 ἡμῶν
2751 3328 3097 3401 όρισθέντων,
3128 3337 3223 3389 xui
3250 3339 3349 3408 μέν
3373 3357 3457 3394 τοι
3490 3342 3587 3396 καὶ
3618 3316 3826 3417 πληρο-

556 3421 711 3461 suaut
736 3410 1035 3465 concedere
1082 3415 1271 3477 voluit,
1309 3434 1405 3488 per
1427 3422 1628 3477 multos
1653 3440 1826 3481 annos
1864 3431 2139 3487 custodiat

556 3516 784 3570 regnum
827 3515 1070 3559 vesmtm
1118 3521 1243 3561 cum
1297 3520 1490 3566 senatu
1520 3521 1575 3567 et
1622 3516 1959 3587 principibus
1995 3531 2048 3575 et
2076 3522 2139 3575 li-

554 3591 839 3647 ιΙαιιίεεῑηιο
886 3597 1129 3652 exercitu
1192 3610 1374 3674 vestro
1402 3643 1418 3667 ,
1479 3613 1647 3672 atque
1696 3608 1948 3665 universa
1976 3627 2136 3682 repu-

554 3680 694 3735 blica
723 3699 735 3735 :
762 3682 1037 3751 donetque
1070 3687 1227 3747 vobis
1270 3690 1577 3747 victoriam.
1612 3694 1730 3764 Ipse
1756 3697 1957 3768 quippe
2009 3680 2086 3757 ait
2115 3720 2129 3756 :

557 3789 576 3820 ι
610 3769 739 3824 Vivo
765 3786 866 3842 ego
912 3813 927 3837 ,
957 3774 1091 3831 dicit
1131 3778 1426 3847 Dominus,
1459 3783 1588 3852 quia
1620 3785 1991 3856 gloriﬁcantes
2046 3809 2131 3849 tne

552 3863 870 3933 gloriﬁcabo
897 3866 967 3923 ".
1002 3886 1020 3918 ι
1045 3868 1164 3937 Ipse
1186 3879 1271 3934 est
1301 3874 1695 3943 quiprarcinxit
1719 3895 1814 3935 vos
1830 3882 2029 3940 virtute
2077 3895 2131 3941 et

550 3957 738 4011 tundet
780 3968 1011 4015 cunctos
1063 3961 1248 4019 hostes
1296 4007 1312 4031 ,
1354 3975 1408 4020 et
1454 3968 1676 4034 donabit
1730 3974 1887 4031 vobis
1936 3992 2127 4035 omnes

545 4049 901 4123 ohedientes[
929 4052 1193 4127 Plangent
1211 4057 1419 4125 hostes,
1440 4071 1495 4116 et
1522 4065 1834 4133 gaudebunt
1857 4069 2057 4125 subditi
2083 4070 2122 4142 ].

544 4139 730 4196 Gaude
751 4158 904 4215 ergo,
936 4145 1157 4217 civitasf;
1185 4149 1391 4217 laetare,
1419 4168 1554 4208 nova
1584 4155 1713 4211 Sion
1751 4198 1765 4223 ,
1797 4161 1947 4216 orbis
1967 4171 2126 4219 terrae

542 4235 881 4310 speculatio[
904 4237 997 4294 Gr.
1025 4249 1079 4293 et
1108 4251 1161 4296 tu
1186 4241 1291 4298 civ.
1311 4247 1601 4320 specula].
1624 4248 1759 4305 Nam
1787 4262 1842 4308 et
1863 4253 1934 4308 ibi
1958 4254 2123 4310 David

540 4326 834 4391 regnavit,
889 4339 944 4385 et
993 4330 1082 4387 hic
1142 4332 1435 4392 Davidice‘
1469 4348 1521 4396 te
1587 4341 1690 4412 ipsi
1743 4342 1843 4414 [pii
1887 4345 2122 4415 impera-

544 4415 733 4489 tores]
783 4421 1120 4477 cnstodiunt.
1159 4424 1367 4497 [rerum
1402 4432 1732 4509 potiuntur].
1768 4436 2033 4494 Dominus
2062 4440 2114 4494 in

2241 3415 2437 3486 φορίαν
2482 3418 2579 3472 τοῦ
2632 3422 2896 3494 ὑμετέρου
2983 3432 3353 3497 πανευσεὸοῦς
3395 3437 3659 3507 κράτους,
3717 3415 3819 3493 ῦπ-

2238 3508 2518 3580 ετάξαμεν
2552 3517 2827 3585 πατρικὰς
2854 3520 3099 3591 χρήσεις,
3122 3523 3185 3576 ὲκ
3222 3524 3434 3581 πολλῶν
3458 3528 3651 3599 ὀλίγας
3695 3549 3821 3587 συν-

2237 3601 2558 3669 αγαγόντες,
2589 3607 2654 3676 τῇ
2700 3606 3053 3680 λαμπρότητι
3080 3615 3179 3684 τῆς
3230 3615 3490 3687 ἀληθείας
3534 3637 3819 3693 καταυγα-

2236 3691 2437 3757 ζούσας
2472 3696 2533 3749 τὺ
2563 3696 2801 3767 βέϐαιον.
2845 3701 2902 3755 '0
2939 3702 2995 3756 δὲ
3024 3706 3243 3760 πάντων
3287 3710 3446 3779 ἡμῶν
3469 3712 3665 3785 Σωτὴρ
3724 3691 3817 3771 xui

2236 3785 2657 3854 συμϐασιλεύων
2696 3791 2844 3862 ὑμῖν,
2906 3796 2934 3848 ό
2976 3798 3098 3861 ταῖς
3155 3799 3478 3872 ἐκκλησίαις
3532 3805 3604 3859 δι’
3663 3808 3817 3878 ὑμῶν

2229 3880 2329 3952 τὴν
2376 3880 2602 3955 εἰρήνην
2629 3884 2794 3937 αὐτοῦ
2827 3884 3131 3958 βραϐεῦσαι
3165 3891 3485 3964 εὐδοκήσας,
3515 3896 3575 3951 ὲν
3597 3899 3815 3965 πολλοῖς

2230 3976 2375 4031 έτεσι
2404 3977 2662 4047 φυλάττοι
2683 3978 2745 4031 τὸ
2773 3977 3045 4049 βασίλειον
3085 3982 3239 4052 ὑμῶν
3274 3986 3371 4041 σὺν
3425 3990 3492 4060 τῇ
3563 3993 3809 4064 συγκλή-

2225 4087 2306 4141 τῳ
2339 4070 2436 4122 xui
2469 4069 2696 4141 ἄρχουσι
2755 4071 2851 4125 xui
2879 4070 2958 4142 τῷ
3010 4075 3318 4147 πιστοτάτῳ
3364 4077 3523 4149 ὑμῶν
3561 4084 3807 4155 στρατῷ.

2226 4162 2322 4215 xui
2352 4162 2515 4216 παντὶ
2539 4161 2619 4232 τῷ
2645 4162 3040 4234 πολιτεύματι·
3072 4166 3167 4219 xui
3195 4166 3509 4239 δωρήσαιτο
3570 4174 3705 4245 ὑμῖν
3750 4176 3807 4227 τὸ

2225 4249 2403 4318 νικᾷν.
2436 4248 2606 4312 Αὐτὸς
2646 4250 2755 4320 γὰρ
2782 4247 2936 4303 εἶπε·
2977 4270 2995 4304 ι
3024 4252 3111 4306 Ζῶ
3136 4254 3265 4325 ἐγὼ,
3297 4256 3801 4334 λέγει’Κύριος,ὅτι

2221 4338 2349 4402 τοὺς
2384 4338 2710 4406 sagacem;
2733 4360 2799 4412 με
2844 4340 3073 4410 δοξάσω.
3110 4364 3130 4399 ι
3160 4349 3334 4414 Αὐτός
3383 4354 3534 4406 ἐστιν
3563 4356 3594 4409 ό
3648 4374 3801 4429 περι-

2223 4426 2478 4493 ζωννύων
2522 4430 2669 4501 ὑμᾶς
2713 4431 2977 4504 δύναμιν·
3031 4436 3129 4491 xui
3182 4440 3411 4510 κόψεται
3456 4446 3569 4499 πᾶν
3593 4447 3661 4500 τὸ
3704 4426 3798 4502 πο-

539 4508 717 4563 medio
733 4512 807 4564 tui
836 4512 897 4564 ιι.
922 4513 987 4569 Ει
1009 4516 1078 4572 sit
1100 4533 1299 4576 nomen
1323 4523 1442 4594 ejus
1472 4526 1813 4586 benedictum
1836 4532 1890 4587 in
1919 4534 2115 4590 sarcula
2151 4513 2154 4522 ί

2253 4520 2413 4590 έμιον
2443 4560 2458 4583 ,
2484 4523 2768 4592 χαρίσεται
2798 4524 2857 4578 δὲ
2908 4524 2970 4579 τὸ
3014 4508 3275 4598 ὑπήκοονξ
3321 4533 3495 4606 Χαῖρε
3555 4533 3657 4591 οῦν
3708 4538 3798 4591 xui

538 4592 887 4659 sa-culorum.
927 4605 1121 4663 Amen.

2224 4615 2365 4686 αὑτὴ
2392 4612 2569 4679 πόλις,
2621 4613 2941 4686 εὐφραίνου,
2977 4617 3013 4689 ἡ
3037 4619 3133 4673 νέα
3172 4620 3314 4676 Σιὼν
3339 4665 3355 4691 ,
3385 4626 3420 4697 ή
3474 4627 3579 4697 τῆς
3616 4631 3797 4683 οιχου.

537 4690 707 4763 μένης
775 4700 1051 4771 περιωπή.
1112 4701 1290 4758 Κάκεῖ
1335 4705 1444 4778 γὰρ
1496 4710 1659 4765 Δασὶδ
1721 4714 2060 4785 ἐϐασίλευσε,
2090 4714 2186 4771 xui
2247 4705 2352 4767 ὧδε
2404 4707 2711 4771 Λαδιτικῶς
2778 4708 2831 4762 οί
2878 4707 3125 4776 εὐσεδεῖς
3191 4690 3434 4783 βασιλεῖς
3490 4722 3797 4792 πρπανεύ⁶

532 4803 675 4841 ουσι.
705 4788 909 4863 Κύριος
951 4794 1011 4848 ἐν
1070 4796 1223 4870 μέσῳ
1272 4818 1367 4855 σου
1404 4818 1420 4833 ο
1446 4807 1546 4859 xui
1576 4808 1663 4880 εῐη
1719 4809 1780 4864 τὸ
1798 4811 1969 4883 ὄνομα
2005 4812 2173 4869 αὐτοῦ
2218 4806 2583 4879 εὐλογημένον
2619 4807 2699 4870 εἰς
2726 4806 2851 4871 τοὺς
2907 4806 3113 4873 αῐῶνας
3148 4810 3257 4865 τῶν
3288 4810 3523 4871 αἶώνων-
3599 4818 3790 4890 Ἀμήν.

532 4974 639 5029 Per
660 4985 853 5032 cuncta
888 4981 1225 5037 sanctissimo
1255 4994 1306 5039 et
1328 4987 1635 5045 beatissimo
1675 4991 1837 5061 fratri
1864 5005 1917 5050 et
1962 5012 2107 5051 com-

600 5067 868 5133 ministro,
905 5070 1119 5127 dontino
1151 5074 1394 5133 Adriano
1442 5095 1601 5150 papa;
1626 5085 1852 5141 senioris
1903 5086 2104 5155 Rom,

603 5158 860 5215 Tarasius
890 5163 1263 5223 misericordia
1300 5170 1396 5225 Dei
1419 5175 1691 5246 episcopus
1725 5177 2104 5236 Constantino-

592 5253 768 5321 paleas
794 5271 938 5311 nam
960 5256 1142 5315 Roma:
1163 5264 1215 5315 in
1247 5261 1473 5320 Domino
1501 5269 1751 5327 salutem.

595 5410 881 5471 Sumceret
931 5419 1155 5488 quidem
1210 5424 1469 5484 salutaris
1517 5428 1852 5501 dispensatio
1911 5440 2098 5510 magni

523 5499 619 5555 Dei
645 5511 700 5557 et
723 5502 1028 5566 Salvatoris
1069 5515 1243 5570 nostri
1270 5514 1396 5573 Jesu
1433 5499 1632 5578 Christi
1655 5526 1723 5581 ad
1759 5542 1972 5596 pacem,
2002 5499 2098 5587 nn-

524 5591 870 5652 animitatem
902 5610 957 5655 et
1010 5608 1360 5664 concordiam
1412 5613 1670 5672 omnibus
1731 5591 2090 5682 Christianis.

522 5677 641 5751 Ipse
676 5700 911 5757 namque
941 5701 1064 5761 post
1092 5710 1157 5749 ex
1186 5700 1414 5756 mortuis
1446 5707 1901 5766 resurrectionem
1958 5728 2090 5784 apo-

596 5795 664 5851 ”l
693 5794 823 5869 Reg.
849 5799 1018 5870 ",50.
1091 5806 1287 5865 “Psal.
1326 5829 1441 5879 XLV,
1479 5813 1529 5869 6.

2952 4898 3027 4956 B'.

2214 4989 2301 5060 Τῷ
2336 4992 2411 5047 τὰ
2442 4992 2643 5046 πάντα
2693 4991 2998 5059 ἁγιωτάτῳ
3025 4994 3127 5048 καὶ
3154 4997 3584 5067 μακαριωτάτφ
3614 5000 3787 5055 ἀδελ-

2278 5084 2371 5155 φῷ
2402 5083 2503 5140 καί
2528 5083 3006 5155 συλλειτουργῷ,
3054 5086 3237 5156 κυρίῳ
3278 5088 3560 5157 Ἀδριανῷ
3616 5092 3785 5159 ardua

2277 5176 2390 5247 τῆς
2420 5176 2832 5247 πρεσϐυτέρας
2866 5178 3113 5248 Ῥώμης,
3152 5179 3439 5249 Ταράσιος
3464 5184 3615 5250 ἐλέῳ
3639 5185 3785 5239 Θεοῦ

2277 5268 2615 5335 ἐπίσκοπος
2632 5272 3329 5341 Κωνσταντινουπόλεως
3357 5273 3503 5341 νέας
3555 5274 3784 5346 Ῥώμης

2277 5360 2349 5414 ἐν
2374 5361 2575 5430 Κυρίῳ
2600 5362 2851 5431 χαίρειν.

2279 5452 2477 5522 Ἤρκει
2528 5453 2630 5523 μὲν
2657 5456 2690 5525 ή
2724 5455 3076 5529 σωτηριώδης
3102 5458 3387 5528 οἰκονομία
3412 5456 3507 5510 τοῦ
3537 5458 3776 5529 μεγάλου

2201 5539 2337 5594 Θεοῦ
2370 5543 2464 5597 xui
2508 5543 2763 5615 Σωτῆρος
2795 5546 2954 5615 ἡμῶν
3001 5546 3174 5619 Ἰησοῦ
3224 5548 3467 5619 Χριστοῦ
3512 5550 3653 5621 πρὸς
3696 5550 3777 5602 εί-

2201 5631 2372 5703 ρήνην
2399 5632 2654 5704 ὁμόνοιάν
2681 5652 2739 5689 τε
2788 5636 2886 5690 xui
2923 5638 3243 5709 συμφωνίαν
3290 5641 3427 5694 πᾶσι
3480 5642 3592 5703 τοῖς
3638 5641 3773 5711 Χρι-

2199 5728 2455 5791 στιανοῖς.
2483 5727 2655 5794 Αὐτὸς
2688 5729 2795 5802 γὰρ
2833 5733 2969 5803 μετὰ
3000 5732 3101 5805 τὴν
3141 5735 3206 5789 ὲκ
3243 5733 3451 5806 νεκρῶν
3476 5733 3771 5789 ἀναϐίωσιν
