3994 6526
138 365 291 432 1437
1583 370 1731 432 EPIS

1829 370 1987 433 )LIE.
3265 364 3402 429 1538

126 487 258 548 τοῖς
283 483 597 547 ἀποστόλοις
620 484 786 538 αὐτοῦ
815 484 1135 555 ἐμφυσήσας
1155 485 1258 556 ἔφη
1280 500 1293 514 ⁸
1322 504 1339 537 ι
1372 486 1611 558 Είρήνην
1635 486 1731 557 τῆν

1840 486 1995 541 stolis
2020 485 2132 541 suis
2160 484 2442 540 insinuans
2467 484 2582 539 ait:
2627 502 2645 535 ι
2680 480 2881 537 Pacem
2915 496 3091 538 meam
3127 482 3198 536 do
3221 483 3399 546 vobis,

128 575 288 646 ἐμὴν
325 576 515 646 δίδωμι
543 576 691 646 ὑμῖν,
727 576 955 646 εἰρήνην
980 577 1082 647 τήν
1123 576 1262 649 ἐμὴν
1301 579 1503 649 ἀφίημι
1524 579 1672 649 ύμῖν.
1702 594 1721 630 ι

1830 591 2018 645 pacem
2059 589 2232 629 meam
2266 575 2516 643 relinquo
2545 573 2699 628 vobis
2733 573 2806 626 ”.
2845 592 2863 624 ι
2896 571 3072 642 Cujus
3111 573 3187 627 rei
3232 574 3405 644 gratia

141 666 424 720 Τούνικεν
449 667 956 737 διαμαρτυρόμενος
1013 669 1149 723 πᾶσι
1178 670 1311 739 ἡμῖν
1355 671 1385 722 ὁ
1452 669 1727 741 ἀρπαγεὶς

1829 675 2141 722 contestans
2172 666 2427 721 omnibus
2461 666 2615 719 nobis
2643 666 2732 719 ille
2753 664 2846 733 qui
2884 675 3069 734 raptus
3098 663 3152 718 in
3187 663 3405 733 tertium

134 760 225 821 ei;
246 758 432 829 τρίτον
457 758 705 830 οὐρανὸν,
731 759 829 813 καὶ
860 760 940 824 είς
954 761 1043 814 τὸν
1074 761 1404 830 παράδεισον
1437 760 1721 825 εἰσελθὼν,

1829 758 2050 819 οωιυιιι,
2079 767 2131 811 et
2179 759 2231 811 in
2267 755 2582 827 paradisum
2619 756 2903 825 ingressus
2938 754 3147 809 audivit
3204 770 3406 809 arcana

138 855 243 907 καὶ
277 853 520 918 ἀκούσας
549 851 766 925 ἄρῥητα
824 854 1069 925 ῥήματα,
1103 853 1324 918 Παῦλος
1353 856 1382 907 ό
1421 854 1563 917 θεῖος
1593 853 1729 907 ἀπόο

1829 851 2011 914 verba,
2068 848 2271 904 Paulus
2327 849 2538 904 scilicet
2597 848 2818 903 divinus
2858 847 3138 917 apostolus
3169 848 3407 902 asseruit

140 942 339 1003 στολος
367 942 685 1011 ἀπεφήνατο
724 940 893 995 είπών
917 956 931 971 υ
968 960 987 993 ι
1026 942 1261 1012 Χριστός
1300 944 1450 997 ἐστιν
1474 944 1508 1014 ή
1536 944 1725 1013 εἰρήνη

1829 941 2054 995 dicens:
2097 958 2116 991 ι
2154 938 2410 995 Christus
2439 949 2524 994 est
2558 955 2661 1010 pax
2700 948 2913 1004 nostra,
2944 940 3035 1009 qui
3068 937 3199 994 fecit
3249 950 3404 993 utra—

140 1031 332 1100 ἡμῶν,
361 1034 391 1085 ὁ
425 1033 662 1101 ποιήσας
706 1034 776 1086 τὰ
804 1033 1095 1104 ἀμφότερα
1125 1034 1200 1099 ἓν,
1234 1034 1327 1088 καὶ
1381 1034 1442 1087 τὸ
1479 1034 1727 1103 μεσότοι-

1829 1047 1934 1101 que
1958 1046 2125 1086 unum
2159 1048 2173 1098 ;
2204 1040 2259 1085 et
2291 1029 2528 1085 medium
2571 1029 2831 1099 parietem
2876 1029 3133 1085 macerias
3202 1030 3405 1085 dissol-

140 1140 244 1193 χον
271 1124 369 1177 τοῦ
406 1122 661 1194 φραγμοῦ
691 1124 972 1190 διαλύσας,
997 1126 1097 1196 τὴν
1116 1124 1316 1196 ἔχθραν
1344 1127 1403 1179 ὲν
1430 1129 1496 1198 τῇ
1562 1125 1727 1197 σαρκὶ

1829 1138 1960 1178 vens
1991 1120 2287 1194 [dissolvit]
2325 1123 2368 1154 ¹⁶
2402 1138 2417 1186 ;
2448 1121 2797 1176 inimicitiam
2851 1121 2904 1175 in
2939 1135 3105 1177 carne
3138 1138 3235 1176 sua
3270 1121 3310 1153 "
3332 1164 3345 1177 .
3380 1141 3398 1173 ι

141 1208 340 1263 αὐτοῦ.
386 1228 405 1261 ι
440 1210 550 1263 Kal
575 1206 731 1273 αὖθις
762 1211 1215 1266 Θεσσαλονικεῦσι
1259 1216 1486 1285 γράφων
1510 1232 1724 1285 παραγ-

1829 1216 1895 1270 Ει
1953 1230 2150 1271 rursus
2223 1213 2809 1269 Thessalonicensibus
2884 1215 3205 1284 praecipiens
3281 1217 3399 1269 ait:

142 1302 337 1369 γέλλει
362 1318 379 1333 ·
420 1321 440 1355 ι
475 1305 620 1372 Ἀρα
649 1300 763 1369 οὖν,
798 1303 1037 1373 ἀδελφοὶ,
1068 1308 1317 1376 στήκετε,
1352 1309 1446 1361 καὶ
1475 1310 1727 1380 κρατεῖτε

1832 1324 1851 1357 s
1886 1305 2093 1374 Itaque,
2126 1302 2347 1368 fratres,
2404 1311 2569 1367 state,
2627 1313 2681 1358 et
2706 1312 2885 1359 tenete
2914 1304 3235 1360 traditiones
3266 1319 3402 1375 quas

142 1395 255 1457 τάς
289 1394 640 1464 παραδόσεις,
692 1395 759 1459 ἃς
781 1396 1099 1467 ἐδιδάχθητε
1131 1398 1244 1451 εἴτε
1292 1398 1383 1453 διὰ
1432 1399 1614 1468 λόγου,
1646 1399 1730 1454 ετ-

1829 1395 2093 1450 didicistis
2127 1393 2241 1449 sive
2262 1408 2358 1464 per
2383 1406 2715 1457 sermonem,
2738 1391 2851 1446 sive
2868 1407 2963 1462 per
2989 1394 3274 1463 epistolam
3297 1409 3397 1448 no-

141 1501 209 1537 τε
244 1486 315 1538 δι’
370 1486 663 1555 ἐπιπολῆς
684 1486 861 1557 ήμῶν.
903 1505 922 1539 ι
991 1486 1132 1541 Ἀλλ’
1160 1487 1349 1559 ἐπειδὴ
1408 1490 1439 1543 ό
1483 1490 1725 1561 ἀρχέκα-

1829 1492 1995 1540 stram
2020 1484 2063 1515 ¹⁶
2087 1524 2101 1537 .
2132 1499 2153 1534 ι
2195 1480 2301 1536 Sed
2326 1480 2584 1547 quoniam
2614 1480 2873 1536 inimicus
2888 1480 2979 1550 qui
3008 1481 3076 1536 ab
3114 1482 3271 1536 initio
3305 1498 3401 1537 ne-

145 1593 250 1639 κος
277 1578 472 1647 ἐχθρὸς
503 1576 751 1642 διάϐολος
804 1579 864 1631 οὐ
915 1578 1175 1635 κατέλιπε
1220 1578 1362 1633 κατά
1436 1580 1727 1650 διαφόρους

1829 1591 1989 1647 quam
2020 1584 2103 1630 est
2120 1572 2391 1637 diabolus,
2425 1571 2755 1641 nonldimisit
2784 1588 2883 1643 per
2920 1573 3133 1628 diversa
3160 1582 3402 1644 tempora

143 1669 387 1739 καιροὺς
418 1668 513 1738 τὴν
543 1669 1075 1741 ὲποικοδομηθεῖσαν
1104 1671 1200 1724 ἐπὶ
1229 1670 1309 1742 τῷ
1346 1670 1583 1743 θεμελίῳ
1616 1671 1727 1726 τῶν

1829 1666 2144 1723 Miﬁcatam
2163 1680 2327 1735 supra
2359 1663 2777 1719 fundamentum
2806 1665 3176 1734 apostolorum
3194 1674 3248 1719 et
3278 1681 3403 1735 pro-

144 1756 470 1809 ἁποστόλων
492 1757 584 1809 καὶ
611 1759 910 1830 προφητῶν
955 1760 1285 1831 Ἐκκλησίαν
1303 1760 1515 1815 κατὰτὸ
1534 1761 1725 1816 δοκοῦν

1829 1760 2110 1829 phetarum
2127 1755 2452 1818 Ecclesiam,
2475 1756 2775 1810 secundum
2803 1757 2949 1826 quod
2973 1756 3076 1813 sibi
3106 1756 3281 1810 visum
3296 1767 3398 1823 est,

145 1844 301 1915 αὐτῷ
331 1845 627 1915 διασχίζειν
654 1821 714 1901 τε
872 1821 1244 1922 διαρῤήσσειν,
1278 1853 1470 1907 ἑαυτὸν
1503 1870 1727 1924 παρεισ-

1829 1821 2136 1905 discindere
2158 1855 2326 1916 atque
2380 1844 2749 1915 disrumpere,
2808 1821 2983 1901 semet
3021 1843 3265 1900 inferens
3305 1821 3403 1915 per

145 1935 217 2003 φέ
224 1954 339 2006 ρων
354 1937 443 1991 διά
457 1955 617 1992 τινων
638 1938 787 2010 αὐτῷ
803 1941 1315 1998 ἐπακολουθούντων
1331 1942 1540 2016 ἀνδρῶν
1560 1960 1729 2017 πονη-

1829 1937 2091 2005 quosdam
2149 1948 2209 1988 se
2254 1940 2547 2001 sequentes
2601 1933 2752 1989 viros
2815 1932 3029 1999 malos;
3087 1944 3142 1990 et
3188 1934 3399 1989 zizania

147 2027 389 2097 ρῶν,καὶ
407 2028 622 2094 ζιζάνια
644 2033 986 2104 ὲπισπείρειν
1001 2035 1059 2087 ὲν
1076 2034 1251 2108 ταύτῃ
1266 2038 1332 2107 τῇ
1345 2037 1726 2112 γεωργηθείσῃ

1829 2024 2264 2094 superseminare
2298 2023 2351 2077 in
2387 2024 2613 2093 regione
2640 2023 2762 2090 bac,
2791 2040 2911 2095 quae
2941 2025 3090 2079 culta
3124 2033 3209 2080 est
3249 2041 3279 2079 a
3308 2034 3398 2079 tu-

151 2120 263 2172 ὑπὸ
281 2119 391 2173 τῶν
417 2120 733 2192 σαλπίγγων
745 2124 838 2178 τοῦ
859 2124 997 2179 Πνεύ
1003 2143 1172 2195 ματος
1199 2127 1371 2196 ἁγίων
1388 2129 1724 2197 ἀποστόλων,

1829 2118 1910 2175 bis
1943 2115 2203 2186 Spiritus,
2233 2116 2496 2185 apostolis
2544 2115 2754 2171 scilicet
2797 2116 3005 2172 sanctis
3039 2133 3054 2171 :
3107 2114 3211 2185 ipsi
3247 2116 3394 2171 enim

144 2213 321 2266 Αὐτοὶ
348 2212 456 2285 γάρ
480 2213 709 2286 δύναμιν
727 2216 786 2283 ιε
807 2215 978 2286 ὕψους
998 2217 1276 2283 λαϐόντες,
1298 2220 1504 2290 ταύτην
1530 2223 1596 2292 τῇ
1629 2222 1728 2275 αὐ-

144 2301 280 2356 λακι
305 2303 406 2372 τῆς
428 2304 707 2375 ἐνεργείας
728 2306 1174 2378 άροτριάσαντες,
1197 2307 1406 2378 τροφὴν
1423 2307 1568 2379 ζωῆς
1595 2310 1728 2362 αίω-

146 2392 268 2444 νίου
297 2391 593 2446 κατέλιπον
622 2394 922 2465 δρέπεσθαι
952 2397 1064 2459 τοῖς
1079 2394 1148 2449 δι’
1168 2395 1350 2451 αὐτῶν
1380 2397 1725 2453 πιστεύσασι.

147 2482 365 2537 τούτων
423 2485 522 2554 τὴν
567 2484 831 2557 θεηγόρον
882 2486 1234 2542 διδασκαλίαν
1269 2488 1518 2555 λαϐόντες
1550 2492 1600 2543 οί
1629 2509 1727 2545 κα-

148 2574 222 2627 τὰ
252 2576 479 2647 καιροὺς
507 2577 710 2647 ταύτης
751 2578 1008 2647 ποιμένες
1036 2580 1132 2634 καὶ
1166 2580 1407 2651 φύλακες
1443 2582 1589 2651 ἀγιοι
1618 2585 1728 2639 Πα-

147 2666 317 2736 τὲρες
344 2666 524 2737 ήμῶν,
551 2668 618 2720 τὰ
656 2668 755 2739 μὲν
785 2669 1021 2736 ζιζάνια,
1051 2670 1172 2741 ῆτοι
1208 2673 1449 2743 αίρέσεις
1490 2674 1586 2728 καὶ
1607 2692 1727 2728 καις

148 2757 413 2827 νοτομίας
439 2761 921 2835 παρεισκριθείσας
956 2762 1050 2816 καὶ
1082 2764 1497 2834 ὲπεισαχθείσας
1552 2767 1727 2841 πρόρ-

150 2845 309 2915 ριζον
335 2846 614 2917 ἐξέτεμον,
663 2849 760 2903 καὶ
788 2850 881 2903 τὸν
906 2849 1117 2921 ἀμνητὸν
1148 2850 1391 2921 καθαρὸν
1420 2853 1487 2922 τῇ
1515 2852 1726 2923 ἀρούρᾳ

147 2935 507 3007 διετήρησαν.
550 2937 614 2990 Ἦ
640 2933 735 2991 οὐν
767 2937 1014 3009 ὑμετέρα
1078 2938 1522 3011 ἀρχιεροπρεπὴς
1572 2940 1729 2995 ἀδελ-

148 3029 293 3099 φικὴ
324 3029 603 3102 ἀγιωσύνη
651 3031 864 3096 τούτοις
896 3031 1206 3103 ὁμιλήσασα
1256 3032 1344 3086 διὰ
1389 3031 1498 3087 τῶν
1550 3034 1729 3089 αὐτῶν

149 3120 438 3192 θεηγόρων
469 3122 849 3189 διδασκαλιῶν,
887 3123 982 3178 καὶ
1008 3124 1141 3194 παρ’
1167 3123 1347 3177 αὐτῶν
1377 3123 1615 3179 λαϐοῦσα
1634 3124 1726 3179 τὸν

147 3211 252 3282 τῆς
290 3212 549 3283 ἀληθείας
571 3213 752 3282 λόγον,
788 3216 888 3276 τὰς
942 3215 1064 3269 νυνὶ
1118 3214 1453 3280 ἀκανθώδεις
1497 3215 1727 3287 βλαστη-

149 3302 332 3366 σάσας
368 3302 619 3373 βοτάνας,
646 3308 713 3378 τῇ
741 3306 849 3359 τῶν
872 3307 1209 3361 πιστοτάτων
1245 3309 1339 3361 καὶ
1372 3309 1727 3380 εἰρηνοποιῶν

148 3392 424 3463 βασιλέων
453 3394 611 3465 ήμῶν
634 3395 940 3465 συμφωνῶν
970 3396 1218 3469 ἀληθείᾳ,
1255 3397 1465 3451 ὲκτῖλαι
1524 3401 1590 3470 τῇ
1624 3416 1729 3470 μα-

146 3484 325 3554 χαίρᾳ⁵
354 3483 449 3537 τοῦ
492 3485 799 3555 πνεύματος
826 3486 1112 3555 ἕσπευσεν,
1162 3489 1532 3544 ἀποστείλασα
1585 3491 1728 3545 κατά

146 3576 254 3647 τὴν
282 3575 437 3647 ήμῶν
477 3579 780 3647 γραφεῖσαν
813 3579 950 3651 αὐτῇ
1002 3580 1239 3653 αίτησιν,
1275 3581 1414 3653 πρὸς
1454 3583 1518 3637 τὸ
1575 3582 1729 3652 γενέ-

152 3666 287 3721 σθαι
315 3668 697 3739 οἱκουμενικὴν
727 3669 965 3738 σύνοδον,
1021 3671 1351 3743 ὁμωνύμους
1402 3672 1603 3743 ἄνδρας
1647 3672 1727 3743 τῷ

150 3759 471 3831 πρωτάρχῳ
495 3759 605 3813 τῶν
631 3761 945 3816 ἀποστόλων
993 3761 1206 3833 Πέτρῳ.
1261 3759 1362 3817 Ὧν
1421 3780 1727 3834 παραγενο-

156 3852 363 3922 μένων,
394 3853 446 3905 οῖ
472 3868 531 3905 τε
565 3851 811 3916 εὐσεϐεῖς
862 3854 961 3907 καὶ
988 3852 1347 3925 γαληνότατοι
1378 3854 1535 3926 ήμῶν
1569 3854 1728 3925 βασι-
1781 3848 1791 3858 ’

152 3942 274 4007 λεῖς
304 3943 526 4006 τούτους
556 3943 798 4016 εὐμενῶς
831 3944 1138 4015 δεξάμενοι,
1174 3946 1307 4017 πρὸς
1334 3948 1480 4017 ἡμᾶς
1511 3948 1728 4002 ἐκέλευ-

149 4050 216 4086 ον
271 4032 607 4102 πέμπεσθαι,
636 4034 704 4087 δι’
736 4034 917 4087 αὐτῶν
940 4034 1245 4106 δεξαμένων
1268 4036 1424 4108 ήμῶν
1453 4038 1521 4091 τὰ
1548 4038 1729 4110 γράμ-

155 4139 312 4192 ματα
352 4121 525 4192 ὑμῶν.
557 4124 667 4176 Kal
697 4124 1057 4195 ὁμιλήσαντες
1077 4125 1260 4190 αὐτοῖς
1283 4126 1354 4179 τὰ
1382 4129 1728 4200 προσήκοντα

154 4212 682 4284 προσεκαλεσάμεθα
719 4215 967 4279 καὶτοὺς
996 4217 1059 4269 ὲκ
1108 4216 1207 4287 τῆς
1261 4217 1526 4288 ἀνατολῆς
1588 4220 1728 4290 lepo-

154 4306 393 4377 πρεπεῖς
418 4304 638 4373 ἀνδρας,
702 4304 954 4377 Ἰωάννην
989 4308 1085 4360 καὶ
1148 4307 1349 4378 Θωμᾶν
1406 4307 1567 4377 λόγου
1631 4310 1728 4364 καὶ

154 4392 416 4463 γνώσεως
448 4396 798 4465 μετέχοντας,
842 4398 935 4450 καὶ
964 4397 1221 4471 εὐλαϐείᾳ
1280 4400 1379 4453 καὶ
1429 4401 1725 4472 σεμνότητι

1829 2211 2023 2265 virtute
2048 2224 2113 2265 ex
2152 2209 2265 2263 alto
2292 2219 2536 2278 accepta,
2574 2218 2628 2265 et
2689 2210 2790 2264 hac
2817 2209 3018 2264 divinae
3066 2208 3237 2264 sulcis
3266 2223 3398 2278 cpe-

1824 2300 2059 2357 rationis
2097 2299 2401 2369 proscissa,
2432 2316 2615 2356 escam
2647 2308 2865 2355 :eternaa
2893 2300 3018 2356 vitae
3048 2300 3399 2370 reliquerunt

1829 2393 1913 2448 his
1940 2394 2035 2463 qui
2062 2407 2156 2462 per
2178 2394 2328 2463 ipsos
2357 2393 2733 2457 crediderunt,
2784 2392 3112 2463 carpendam
3147 2410 3160 2446 :
3203 2393 3396 2448 borum

1827 2484 2131 2554 deiloquam
2172 2482 2493 2541 doctrinamf
2518 2486 2692 2539 sancti
2725 2494 2903 2555 patres
2944 2485 3140 2543 nostri.
3170 2485 3262 2553 qui
3295 2484 3398 2538 hu-

1821 2573 1914 2644 jus
1963 2584 2214 2643 pastores
2241 2586 2294 2627 et
2336 2572 2594 2628 custodes
2650 2588 2743 2641 per
2794 2573 3009 2643 singula
3060 2572 3209 2628 fuere
3260 2586 3400 2628 tem-

1826 2680 1993 2734 pora,
2045 2663 2429 2733 suscipientes,
2493 2664 2729 2728 zizania,
2787 2665 2838 2719 id
2901 2675 2987 2720 est
3053 2665 3290 2721 haereses
3348 2674 3403 2720 et

1830 2757 2095 2813 novitates
2132 2756 2413 2811 addititias
2469 2755 2803 2830 {subreptas}
2848 2767 3010 2828 atque
3062 2758 3402 2814 introductas

1829 2848 2093 2903 radicitus
2145 2847 2517 2913 exciderunt;
2570 2856 2626 2903 et
2668 2863 2904 2904 messem
2958 2849 3218 2904 mundam
3271 2866 3403 2905 arvo

1828 2949 2310 2997 conservaverunt.
2355 2938 2545 2995 Vestra
2590 2955 2721 3012 ergo
2777 2940 3022 2996 fraterna
3078 2950 3133 2997 et
3185 2958 3403 2998 summo

1829 3030 2107 3101 pontificio
2125 3030 2381 3087 decorata
2413 3031 2681 3087 sanctitas
2712 3047 2838 3087 cum
2876 3033 2959 3088 his
2985 3048 3082 3103 per
3115 3032 3402 3103 deiloquas

1828 3138 1960 3179 suas
2015 3123 2294 3178 doctrinas
2346 3122 2756 3193 quodammodo
2807 3126 3194 3191 sermocinata,
3224 3134 3276 3180 et
3331 3124 3403 3180 ab

1827 3216 1905 3272 eis
1930 3223 2155 3285 accepto
2191 3215 2438 3271 veritatis
2497 3215 2686 3281 verbo,
2723 3215 2978 3286 spinosas
3024 3217 3225 3272 herbas
3281 3232 3404 3287 quae

1825 3322 1973 3362 nunc
2009 3307 2473 3378 germinaverunt,
2512 3306 2954 3362 ﬁdelissimorum
2978 3315 3033 3361 et
3052 3308 3401 3377 pacificorunt

1826 3401 2218 3473 imperatorum
2248 3399 2460 3455 veritati
2480 3399 2849 3467 concordans,
2875 3400 3106 3456 evellere
3128 3400 3403 3456 machaera

1826 3495 2052 3566 spiritus
2076 3493 2380 3558 festinavit,
2413 3497 2639 3548 mittens
2662 3493 2967 3548 secundum
3007 3493 3271 3563 scriptam
3298 3492 3403 3547 sibi

1826 3588 2144 3659 petitionem
2177 3596 2445 3651 nostram,
2499 3585 2569 3640 ad
2600 3580 2971 3641 universalem
3022 3584 3291 3655 synodum
3322 3583 3405 3638 fa-

1827 3680 2073 3735 ciendam
2102 3677 2414 3747 tequivocos
2473 3676 2622 3732 viros
2674 3676 2942 3747 principis
3026 3674 3402 3746 apostolorum
3473 3701 3477 3704 ~

1825 3771 1993 3826 Petri.
2035 3768 2246 3836 Quibus
2277 3768 2718 3832 advenientibus,
2749 3767 2822 3837 pii
2860 3777 2918 3824 et
2966 3766 3404 3837 tranquillissimi

1827 3854 2184 3930 imperatores
2212 3858 2382 3913 nostri
2414 3873 2510 3913 eos
2547 3857 2783 3927 benigne
2810 3856 3192 3926 suscipientes,
3218 3854 3283 3908 ad
3303 3869 3406 3908 nos

1824 3952 2088 4024 jubebant
2107 3950 2269 4016 mitti,
2298 3965 2391 4020 per
2419 3963 2515 4003 eos
2543 3948 2759 4003 litteras
2784 3954 2996 4002 vestras
3038 3945 3197 3999 nobis
3227 3945 3406 4000 susci—

1828 4044 2123 4116 pientibus.
2154 4042 2223 4098 Et
2268 4042 2435 4098 locuti
2474 4056 2599 4096 cum
2653 4040 2761 4095 illis
2791 4054 2914 4109 qua:
2976 4035 3401 4103 conveniebant,

1828 4134 2215 4192 advocavimus
2241 4142 2297 4190 et
2332 4148 2428 4189 eos
2457 4132 2549 4202 qui
2580 4131 2648 4186 ab
2684 4129 2906 4186 Oriente
2927 4136 3191 4183 venerant
3218 4142 3405 4183 sacer-

1829 4227 1977 4284 dotio
1997 4225 2284 4281 decoratos
2318 4225 2487 4289 viros,
2534 4221 2798 4278 Joannem
2834 4229 2891 4275 et
2923 4217 3213 4283 Thomam,
3254 4218 3407 4274 verbi

1829 4329 1883 4376 et
1903 4318 2145 4375 scientiae
2178 4316 2496 4387 participes,
2524 4323 2691 4383 atque
2720 4312 3023 4368 reverentia
3055 4319 3109 4366 et
3133 4310 3405 4367 modestia

1831 4420 2193 4483 perornatos:
2253 4410 2479 4464 aderant
2534 4406 2682 4462 enim
2712 4406 2802 4462 hic
2848 4415 2902 4460 et
2942 4405 3047 4475 ipsi
3101 4419 3199 4475 per
3258 4404 3404 4459 idem

155 4486 654 4556 κεκοσμημένους·
690 4489 947 4560 παρῆσαν
992 4490 1099 4559 γὰρ
1130 4490 1364 4545 ἐνταῦθα
1421 4492 1567 4546 κατὰ
1631 4494 1725 4548 τὸν

1836 4512 2049 4573 tempus
2079 4500 2481 4573 pervenientes.
2522 4496 2713 4567 Itaque
2760 4496 3107 4567 congregatis
3147 4494 3408 4551 omnibus

156 4579 329 4634 αὐτὸν
363 4579 551 4649 καιρὸν
579 4581 672 4633 καὶ
702 4581 857 4634 αὐτοὶ
900 4582 1243 4653 ἐληλυθότες.
1304 4585 1415 4639 Kal
1467 4585 1534 4657 δὴ
1602 4603 1728 4640 συν-

158 4671 565 4742 αθροισθέντων
599 4675 814 4728 πάντων
844 4675 955 4727 τῶν
982 4676 1252 4746 θεοφιλῶν
1282 4678 1603 4733 ἐπισκόπων
1633 4682 1731 4749 τῆς

157 4759 401 4815 ἐνταῦθα
424 4761 747 4833 διοικήσεως
791 4766 910 4817 κατ’
941 4766 1220 4821 ἐπίνευσιν
1257 4770 1353 4823 xal
1387 4768 1532 4823 θεῖον
1568 4769 1730 4840 ζῆλον

157 4851 272 4908 τῶν
310 4856 649 4908 πιστοτάτων
700 4856 792 4909 καὶ
822 4856 1062 4911 εὐσεϐῶν
1091 4857 1359 4928 βασιλέων
1395 4861 1571 4932 ἡμῶν,
1595 4863 1732 4918 καθ-

160 4946 298 5014 έδρα
353 4947 573 4999 συνόδου
599 4950 843 5016 γέγονεν.
889 4950 1050 5005 Ἀλλά
1069 4968 1215 5015 τινες
1245 4953 1303 5020 ἐξ
1334 4954 1587 5025 ἀφρένων
1609 4975 1735 5028 φρε-

159 5037 272 5091 νῶν
312 5038 646 5110 κινηθέντες,
676 5042 920 5113 ταραχὴν
969 5044 1028 5095 ὲν
1084 5045 1296 5109 ἑαυτοῖς
1348 5052 1734 5121 ποιησάμενοι,

162 5129 536 5201 ἐξανέστησαν
583 5133 729 5203 ἡμᾶς
751 5134 852 5203 τῆς
902 5135 1173 5207 καθέδρας
1201 5153 1215 5168 ·
1256 5139 1353 5193 καὶ
1380 5141 1732 5210 κωλυθέντες,

162 5224 410 5279 ἐνιαυτὸν
438 5225 535 5279 ἕνα
568 5227 746 5298 ἡσυχῆ
768 5228 1135 5300 διεμείναμεν.
1167 5230 1273 5285 Τοῦ
1299 5232 1353 5287 δὲ
1379 5233 1570 5305 χρόνου
1595 5252 1736 5308 παρ-

162 5315 438 5379 ελθόντος,
486 5313 644 5381 αὖθις
701 5319 753 5372 οί
794 5319 1064 5389 θεοφιλεῖς
1093 5322 1383 5378 ἐπίσκοποι
1444 5327 1734 5398 συναθροί-

161 5407 357 5473 ζεσθαι
388 5414 445 5464 ὲν
472 5414 539 5481 τῇ
573 5409 823 5467 Νικαέων
843 5413 1073 5487 λαμπρᾷ
1106 5418 1442 5489 μητροπόλει
1468 5420 1567 5489 τῆς
1585 5419 1736 5473 Βιθυ-

164 5498 277 5554 νῶν
313 5500 583 5573 ὲπαρχίας
617 5505 767 5576 παρά
798 5506 908 5559 τῶν
960 5507 1204 5564 εὐσεϐῶν
1260 5509 1525 5580 βασιλέων
1578 5512 1735 5584 ήμῶν

166 5589 506 5649 ἐκελεύοντο.
534 5595 644 5648 Kal
676 5595 740 5667 δὴ
772 5598 933 5667 ἡμεῖς
963 5599 1329 5671 συνεκδήμους
1360 5603 1490 5673 ἡμῖν
1545 5603 1733 5656 λαϐόν-

1832 4599 1942 4655 Deo
1972 4595 2299 4651 amabilibus
2327 4592 2604 4663 episcopis
2636 4590 2801 4662 hujus
2829 4589 3153 4653 dimceseos,
3178 4604 3272 4660 per
3302 4603 3409 4642 nu-

1826 4698 1941 4745 tum
1976 4697 2031 4745 et
2076 4688 2322 4743 divinum
2375 4684 2555 4739 zelum
2611 4683 3053 4739 ﬁdelissimorum
3082 4692 3137 4738 et
3192 4682 3409 4751 piorum

1828 4781 2247 4851 imperatorum,
2282 4779 2458 4834 sessio
2493 4777 2689 4849 synodi
2725 4776 2866 4832 facta
2896 4784 3002 4831 est.
3049 4774 3153 4829 Sed
3185 4774 3407 4843 quidam

1828 4886 1895 4928 ex
1919 4869 2218 4927 insensatis
2254 4869 2513 4925 sensibus
2540 4868 2696 4933 moti,
2737 4868 3219 4934 turbationemque
3265 4865 3410 4918 intra

1840 4978 1898 5018 se
1928 4961 2214 5026 facientes,
2243 4975 2542 5031 exsurgere
2605 4972 2704 5014 nos
2735 4957 2982 5013 fecerunt
3031 4972 3064 5011 e
3102 4970 3364 5011 consessu
3392 4974 3406 5009 :

1840 5063 1895 5109 et
1934 5052 2217 5123 prohibiti,
2267 5066 2412 5106 anno
2468 5065 2579 5104 uno
2614 5049 2767 5105 taciti
2797 5049 3122 5105 mansimus.
3154 5048 3224 5103 At
3279 5063 3410 5102 vero
3446 5080 3469 5089 ο

1840 5158 1984 5198 anno
2006 5130 2307 5206 transacto,
2337 5155 2533 5195 rursus
2557 5138 2666 5195 Deo
2689 5138 2953 5194 amabiles
3003 5138 3244 5209 episcopi
3275 5152 3410 5192 con-

1839 5234 2050 5305 gregari
2077 5235 2131 5288 in
2178 5231 2539 5288 Niczeensium
2582 5232 2728 5288 clara
2759 5230 3046 5303 metmpoli
3091 5228 3409 5300 Bithynicu-

1841 5328 1983 5383 sium
2013 5325 2311 5395 provinciae
2335 5340 2364 5380 a
2394 5325 2500 5395 piis
2536 5324 2964 5396 imperatoribus
3017 5322 3221 5378 nostris
3264 5321 3405 5390 jussi

1841 5429 1988 5475 sunt.
2024 5418 2305 5489 Siquidem
2358 5428 2412 5473 et
2442 5433 2544 5474 nos
2577 5417 2812 5473 comites
2862 5414 3019 5471 nobis
3075 5412 3409 5469 asciscentes

1840 5511 1951 5568 Deo
1974 5510 2238 5567 amabiles
2270 5511 2417 5565 viros
2444 5520 2500 5566 et
2530 5511 2641 5567 loci
2661 5517 2971 5566 servatores
2999 5513 3231 5567 vestros,
3251 5502 3408 5557 simi-

1836 5603 1960 5659 liter
1989 5613 2040 5658 et
2064 5619 2159 5659 eos
2181 5605 2273 5674 qui
2303 5603 2372 5659 de
2396 5602 2617 5660 Oriente
2646 5610 2927 5671 venerant,
2970 5597 3310 5673 perreximus
3338 5593 3409 5647 ad

242 5774 286 5809 "
308 5773 469 5833 Joan.
507 5795 617 5847 xw,
641 5779 733 5835 27.
811 5782 852 5813 ’⁸
884 5779 927 5835 ll
950 5782 1076 5838 Cor.
1121 5800 1218 5851 xu,
1248 5786 1363 5840 2-4.
1444 5790 1484 5821 ³⁷
1510 5786 1704 5857 Eplies.

1840 5787 1922 5842 Η.
2000 5788 2041 5819 ¹¹¹
2072 5786 2301 5844 llTltcs.
2347 5803 2402 5855 ιι,
2446 5788 2527 5843 Η.
