3994 6524
30 297 205 361 1441

32 425 199 461 νων.
272 406 581 465 ’Δσειστος
614 404 725 473 γάρ
749 404 867 457 ἑστι
902 404 997 457 καὶ
1021 402 1471 474 ἀκαταμάχητος,
1498 398 1564 475 ἧς
1585 403 1685 454 πύ·

26 502 149 553 ὶαι
185 499 344 569 ᾅδου
376 496 474 550 καὶ
499 496 760 558 ἀπιστίας
792 494 854 547 ού
888 493 1219 565 κατισχῦσαι
1253 511 1383 547 ποτε
1418 494 1679 564 δυνήσονο

36 608 179 654 ται,
216 589 315 652 ὡς
340 589 413 643 ὲκ
443 587 545 657 τῆς
584 587 872 659 Κυριακῆς
907 588 1092 659 φωνῆς
1122 589 1460 659 ἠκούσαμεν.
1519 606 1537 640 ι
1568 588 1679 643 Καὶ

44 678 398 749 ἐπληρώθη
432 678 607 749 χαρᾶς
635 677 699 731 τὸ
740 679 919 749 στόμα
982 678 1163 750 ἡμῶν,
1212 681 1310 734 καὶ
1367 681 1402 751 ἡ
1458 679 1680 748 γλῶσσα

49 772 242 842 ἡμῶν
272 772 667 840 ἀγαλλιάσεως
696 785 714 803 ο
748 789 767 822 ι
799 772 895 826 καὶ
923 771 1264 842 ἐγενήθημεν
1318 771 1683 842 εὐφραινόμε-

51 879 153 915 νοι
188 864 259 916 ὲν
292 867 367 934 τῇ
415 858 784 938 Ἐκκλησίᾳῇ
838 863 1298 937 προκαθεζόμεθα
1354 864 1498 917 κατὰ
1545 863 1680 916 Θεοῦ

60 952 382 1024 βούλησιν.
425 955 615 1009 Ταῦτα
653 951 750 1009 οὗν
810 956 1093 1024 γεγόνασι,
1154 953 1393 1025 Χριστοῦ
1440 954 1537 1007 τοῦ
1590 955 1683 1007 ἐπὶ

63 1046 317 1099 πάντων
351 1045 514 1116 ἡμῶν
542 1046 679 1100 Θεοῦ
711 1047 1125 1117 εὐδοκήσαντος,
1160 1047 1249 1101 διὰ
1301 1045 1411 1100 τῶν
1466 1048 1682 1118 όρθοδό-

69 1136 190 1200 ξων
233 1137 342 1189 καὶ
392 1136 784 1208 ἀνδρειοτάτων
820 1137 978 1207 ἡμῶν
1020 1137 1305 1208 βασιλέων.
1359 1138 1523 1192 Αὐτοὶ
1572 1140 1683 1210 γὰρ

69 1228 236 1281 κατὰ
271 1228 484 1293 παντὸς
523 1230 690 1283 τόπου
726 1229 827 1293 τὰς
863 1229 1068 1293 σεπτάς
1106 1229 1323 1293 εἰκόνας
1353 1231 1681 1302 ἀνέστησαν,

74 1320 142 1373 ἐν
177 1338 246 1374 τε
284 1320 612 1390 σεϐασμίοις
646 1324 818 1385 ναοῖς,
848 1320 943 1374 καὶ
974 1322 1033 1373 ὲν
1059 1322 1179 1384 ταῖς
1202 1320 1396 1385 αὐλαῖς
1445 1321 1556 1375 τῶν
1587 1322 1680 1392 βα·

80 1413 323 1467 σιλείων
378 1414 578 1468 αὐτῶν.
616 1408 712 1478 Οἷς
757 1412 961 1483 Κύριος
1013 1416 1042 1467 ό
1099 1414 1231 1478 Θεὸς
1280 1414 1382 1485 τὴν
1418 1415 1685 1470 ἀντίδοσιν

86 1504 411 1572 παράσχοι,
488 1502 640 1573 ὑψῶν
687 1504 751 1556 τὸ
802 1504 974 1575 κέρας
1020 1504 1120 1573 τῆς
1178 1504 1453 1574 βασιλείας
1504 1505 1686 1559 αὐτῶν

86 1593 243 1663 πρός
270 1609 335 1646 τε
386 1593 611 1665 εἰρήνην
634 1594 744 1648 τῶν
781 1595 1117 1666 Ἐκκλησιῶν
1160 1596 1347 1663 αὑτοῦ,
1383 1600 1480 1652 καὶ
1514 1615 1689 1669 σωτη-

91 1684 228 1754 ρίαν
262 1685 485 1740 πάντων
541 1686 699 1757 ἡμῶν
720 1686 829 1740 τῶν
859 1688 1225 1759 Χριστιανῶν.
1276 1691 1375 1761 Εἰη
1401 1690 1465 1744 τὸ
1513 1689 1685 1760 ὄνομα

90 1774 272 1829 αὐτοῦ
324 1776 691 1849 εύλογημένον
744 1780 829 1843 εἰς
862 1781 989 1843 τοὺς
1029 1779 1235 1843 αἰῶνας
1270 1782 1381 1835 τῶν
1443 1781 1684 1837 αἰώνων.

110 1867 318 1938 Ἀμήν.

843 1955 922 2010 I".

107 2042 195 2110 Τῷ
222 2046 296 2098 τὰ
327 2044 526 2099 πάντα
571 2045 873 2115 ἁγιωτάτῳ
904 2048 1008 2103 καί
1034 2050 1462 2119 μακαριωτάτη)
1505 2052 1685 2107 ἁδελ-

174 2134 270 2204 φῷ
303 2136 405 2189 καί
439 2139 911 2208 συλλειτουρτῷ,
955 2141 1140 2211 κυρίῳ
1188 2141 1467 2209 Ἀδριανῷ
1516 2143 1689 2210 πάπςι

177 2228 295 2295 τῆς
317 2230 733 2298 πρεσϐυτέρας
787 2229 1036 2300 Ῥώμης,
1094 2234 1386 2301 Ταράσιος
1439 2236 1690 2302 ἀνάξιος

174 2319 520 2457 ῑίςῖἔιῖπος
595 2324 1299 2390 Κωνσταντινουπόλεως
1351 2323 1423 2377 ἐν
1498 2329 1692 2393 Κυρίῳ

180 2476 523 2548 Πολυμερῶς
580 2477 672 2531 καὶ
722 2477 1096 2550 πολυτρόπως,
1124 2479 1517 2550 εὐαγγελικῶς,
1552 2481 1688 2536 ἀπο-

110 2570 381 2634 στολικῶς
428 2587 489 2624 τε
514 2572 608 2624 καὶ
641 2570 926 2643 πατρικῶς
952 2573 1324 2645 διδασκόμεθα
1381 2573 1688 2644 ἀφιλάργυ-

112 2681 213 2734 ρον
257 2664 459 2737 τρόπον
490 2662 634 2733 ἐχειν
658 2666 716 2717 ὲν
740 2666 808 2735 τῇ
839 2664 939 2735 τῆς
964 2665 1265 2736 ἱερωσύνης
1297 2666 1573 2736 άγιστείᾳ,
1597 2666 1693 2718 xal.

117 2755 196 2825 μὴ
232 2754 590 2825 χρυσίζεσθαι
642 2755 676 2827 ἢ
731 2756 1128 2828 ἁργυρίζεσθαι
1189 2757 1222 2827 ἢ
1282 2756 1692 2829 σφετερίζεσθαι

116 2845 214 2897 ἐπὶ
253 2844 560 2915 χειροτονίᾳ
586 2842 785 2907 παντὸς
821 2842 1097 2914 ἱερατικοῦ
1136 2843 1349 2912 ἀνδρὸς,
1375 2843 1450 2906 ὡς
1477 2841 1691 2895 ὑποδεί-

118 2936 284 3005 ξομεν
321 2936 378 2988 ὲν
404 2937 525 2998 ταῖς
555 2933 1137 3003 καθυποτεταγμέναις
1171 2934 1432 3004 χρήσεσιν
1473 2934 1580 2987 ἀπό
1633 2949 1693 2986 τε

117 3025 404 3095 γραφικῶν
432 3025 734 3095 θεηγοριῶν
765 3024 860 3077 καὶ
911 3023 1194 3098 πατρικῶν
1225 3022 1603 3077 διδασκαλιῶν.
1631 3025 1692 3075 υἱ

118 3118 230 3187 γὰρ
257 3115 587 3178 ἐπιτιθέντες
619 3117 715 3179 τὰς
747 3117 953 3185 χεῖρας,
982 3115 1249 3185 ὑπηρέται
1295 3114 1387 3167 τοῦ
1446 3114 1694 3187 Πνεύμα-

118 3210 213 3272 τός
250 3211 417 3272 εἰσιν,
454 3207 576 3277 ούχί
611 3208 817 3276 πράται
846 3206 940 3259 τοῦ
966 3206 1301 3277 Πνεύματος.
1329 3206 1547 3277 Δωρεὰν
1585 3209 1693 3276 γὰρ

120 3298 375 3361 λαϐόντες
418 3298 518 3370 τὴν
552 3298 713 3369 χάριν
744 3296 840 3351 τοῦ
873 3298 1212 3369 Πνεύματος,
1276 3297 1483 3367 δωρεὰν
1549 3297 1691 3349 δίδο-

122 3392 249 3447 σθαι
264 3394 371 3455 τοῖς
393 3392 523 3463 παρ’
536 3390 713 3445 αὐτῶν
735 3390 1245 3461 μεταλαμϐάνουσιν
1261 3390 1608 3461 ἀπεφήναντο
1629 3393 1691 3443 ὲκ

122 3485 223 3553 τῆς
250 3482 515 3554 κυρωκῆς
545 3483 729 3553 φωνῆς
766 3481 973 3554 ταύτην
1001 3481 1101 3551 τὴν
1160 3482 1577 3553 ἐλευθεριότητα
1611 3483 1689 3534 εἱ-

124 3575 371 3645 ληφότες.
412 3575 476 3628 Εἰ
512 3573 570 3627 δέ
591 3591 676 3637 τις
709 3572 995 3645 ἐλεγχθείη
1047 3572 1260 3645 χρυσίῳ
1294 3574 1498 3645 ταύτην
1547 3573 1691 3644 ὠνη-

129 3668 380 3738 σάμενος,
437 3666 830 3736 άποκήρυκτον
885 3665 1263 3737 διαγορεύουσι
1316 3665 1407 3718 τὸν
1453 3665 1692 3719 τοιοῦτον

125 3761 225 3831 τῆς
252 3760 525 3830 ἱερατικῆς
541 3757 746 3824 τάξεως
766 3756 1001 3831 [ditas].
1029 3759 1090 3812 Εἰ
1111 3759 1219 3829 γὰρ
1241 3757 1336 3812 καὶ
1356 3758 1580 3829 ὀνόματι
1594 3758 1692 3830 τὴν

132 3851 427 3922 ἱερωσύνην
450 3849 820 3921 κεκλήρωται,
845 3850 961 3905 ἀλλ’
989 3845 1083 3905 οὖν
1108 3850 1452 3918 διαψεύδεται
1482 3852 1510 3903 ὁ
1534 3849 1691 3918 λόγος

130 3944 227 3996 ἐπὶ
248 3942 321 4013 τῷ
347 3942 649 4013 πράγματι.
686 3942 873 4006 Οὐδεὶς
892 3941 1000 4013 γὰρ
1032 3942 1150 4013 Θεῷ
1177 3941 1445 3995 δουλεύειν
1472 3941 1694 3995 δύναται

129 4034 228 4086 καὶ
262 4034 553 4103 μαμμωνᾷ,
588 4033 666 4096 ὡς
700 4033 1077 4101 εύαγγελικῶς
1105 4034 1401 4104 ἐμάθομεν.
1428 4034 1539 4087 Καὶ
1572 4032 1694 4085 ἐπεὶ

128 4119 433 4192 ἠκούσαμεν
471 4120 823 4191 προφητικῶς
841 4121 934 4175 τοῦ
967 4122 1101 4176 Θεοῦ
1136 4121 1387 4193 βοῶντος,
1418 4141 1437 4174 ι
1482 4122 1691 4191 Ἱερεῖς,
1738 4126 1776 4156 ‹”

132 4212 391 4282 λαλήσατε
427 4214 507 4276 εἰς
531 4214 630 4283 τὴν
671 4213 900 4285 καρδίαν
940 4214 1304 4285 Ἰερουσαλήμ
1335 4229 1349 4243 °
1397 4232 1416 4265 ι
1455 4210 1612 4275 αὖθίς
1635 4231 1692 4265 τε

134 4301 545 4367 ἐπαπειλοῦντος
583 4304 679 4355 καὶ
706 4302 958 4371 λέγοντος
981 4319 995 4334 ο
1034 4321 1053 4355 ι
1102 4304 1160 4356 '0
1187 4303 1390 4367 σκοπὸς
1442 4303 1538 4356 ἐὰν
1610 4303 1695 4373 ἴδῃ

134 4395 234 4463 τὴν
283 4394 554 4464 ῥομφαίαν
596 4395 921 4465 ἐρχομένην,
952 4395 1046 4448 καὶ
1079 4393 1155 4466 μὴ
1202 4395 1420 4469 σημάνῃ
1450 4397 1516 4465 τῇ
1571 4394 1696 4446 σά).-

139 4501 312 4553 πιγγι,
340 4484 430 4537 καὶ
457 4485 487 4537 ό
514 4485 639 4550 λαὸς
673 4486 753 4557 μὴ’
790 4486 1113 4555 φυλάξηται,
1138 4486 1233 4539 καὶ
1258 4484 1536 4555 ἐλθοῦσαὴ
1560 4487 1696 4556 ῥομ-

138 4576 268 4644 φαία
310 4575 447 4648 λάὸῃ
475 4575 536 4641 ἐξ
578 4577 758 4630 αὐτῶν
797 4576 1000 4648 ψυχὴν,
1042 4577 1103 4630 τδ
1149 4570 1290 4647 αἷμα
1322 4577 1387 4629 ὲκ
1430 4575 1533 4646 τῆς
1582 4593 1695 4646 χει-

139 4666 230 4737 ρὸς
257 4664 344 4719 τοῦ
378 4666 582 4719 σκοποῦ
618 4666 930 4737 ἐκζητήσωο
972 4684 990 4718 ι
1014 4666 1176 4736 φόϐον
1202 4665 1296 4719 τοῦ
1329 4667 1428 4735 τῆς
1488 4667 1699 4736 σιωπῆς

139 4757 540 4828 κατακριματος
606 4757 1015 4829 ἀναγγέλλομεν
1071 4759 1183 4822 τοῖς
1243 4757 1524 4828 προέδροις
1565 4758 1698 4809 πᾶσι

138 4849 243 4902 τῶν
290 4848 406 4902 καθ’
437 4850 585 4919 ἡμᾶς
623 4848 999 4919 Ἐκκλησιῶν,
1055 4848 1141 4901 ἵνα
1200 4847 1342 4918 μετὰ
1390 4847 1699 4920 παρρησίας

141 4941 278 4996 κατὰ
302 4939 392 4994 τὸν
418 4938 562 4993 θεῖον
598 4939 917 4993 Ἀπόστολον
954 4939 1196 5009 εἴπωμεν
1219 4954 1233 4968 ·
1264 4937 1509 5010 Καθαροί
1537 4940 1702 5009 ἐσμεν

139 5036 245 5089 ἀπὸ
284 5035 374 5087 τοῦ
408 5034 637 5104 αἵματος
684 5032 792 5087 τῶν
827 5030 1388 5102 παραϐαινόντωντὰς
1412 5030 1701 5093 κανσινικάς

138 5129 414 5194 διατάξεις,
448 5128 543 5180 καὶ
577 5128 784 5194 πάνυγε
821 5126 1021 5197 μᾶλλον
1052 5124 1161 5176 τῶν
1212 5124 1305 5175 ἐπὶ
1355 5125 1632 5193 χρήμασιν
1666 5122 1699 5191 ἢ

142 5217 623 5289 χειροτονησάντων
685 5215 718 5284 ἢ
773 5212 1285 5285 χειροτονηθέντων,
1342 5212 1551 5283 Πέτρου
1604 5208 1697 5262 τοῦ

141 5312 281 5366 θείου
304 5308 622 5371 ἀποστόλου,
664 5300 725 5361 οῦ
756 5307 851 5360 καὶ
882 5307 980 5377 τὴν
1020 5305 1289 5375 καθέδραν
1346 5301 1693 5375 ἐκληρώσατο

141 5406 175 5473 ἡ
215 5402 469 5474 ἀδελφικὴ
512 5400 665 5472 ὑμῶν
694 5399 939 5469 ἁγιότης,
971 5398 1047 5462 ὡς
1100 5398 1318 5467 Σίμωνα
1363 5394 1454 5447 τὸν
1516 5394 1689 5465 μάγον

213 5516 253 5547 ²⁰
277 5515 457 5569 Matth.
498 5514 722 5580 xvr,18.
797 5513 841 5545 ²¹
866 5511 1011 5567 Psal.
1041 5526 1201 5573 cxxv,
1242 5512 1293 5564 5.
1372 5510 1416 5540 ’⁸
1450 5506 1641 5563 Matth-
1676 5524 1752 5573 vi,
1787 5507 1877 5561 24.

164 5604 233 5649 ;κ,
265 5587 349 5649 ‘26,
382 5583 472 5639 27.

164 5604 169 5609 ·
265 5587 349 5649 ‘2',
382 5587 472 5639 27.

145 5589 413 5746 ’.κίωϋῐίεῑ
440 5676 494 5729 in
528 5675 668 5731 libro
694 5672 843 5729 Juris
871 5669 1317 5727 Graeco-Romani
1364 5670 1455 5724 Gr.
1500 5678 1553 5724 ct
1581 5668 1699 5723 Lat.

1556 295 1962 355 EPISTOL/E.

3231 297 3367 363 1442

1716 414 1767 469 Α
1801 405 1924 459 bus.
1965 402 2270 461 lmmobilis
2294 404 2439 459 enim
2467 415 2551 459 est
2576 414 2629 461 et
2662 405 3099 476 inexpugnabilis
3128 425 3143 462 :
3170 409 3369 465 adver—

1788 511 1886 552 sus
1911 497 2068 568 cujus
2092 497 2252 552 ﬁdem
2293 505 2466 567 portae
2492 497 2651 552 interi
2679 505 2734 553 et
2777 497 3114 553 inﬁdelitatis
3156 514 3368 569 praeva-

1782 587 1891 643 lere
1919 602 2026 642 non
2057 596 2335 657 poterunt,
2373 588 2516 643 sicut
2561 604 2628 642 ex
2674 587 2959 642 Dominica
3006 602 3141 643 voce
3202 590 3364 643 audi-

1780 676 1961 732 vimus
2012 679 2059 709 "
2095 718 2110 733 .
2192 697 2211 729 ι
2238 678 2305 732 Et
2331 679 2593 748 repletum
2641 688 2722 733 cst
2756 678 2956 748 gaudio
2996 693 3058 734 os
3094 688 3369 744 nostrum,

1781 778 1835 824 et
1862 768 2046 837 lingua
2099 778 2281 825 nostra
2318 771 2683 824 exsultatione
2736 771 2819 823 ἰε
2860 789 2878 822 ι
2918 769 3123 824 etiaeti
3175 788 3368 826 sumus

1781 861 2026 916 laatantes
2073 860 2128 914 in
2190 861 2457 921 Ecclesia.
2522 862 2610 914 cui
2653 862 3015 930 praesidemus
3056 864 3361 917 secundum

1785 952 1879 1008 Dei
1925 952 2281 1007 voluntatem.
2336 952 2460 1008 llaec
2510 953 2693 1022 itaque
2743 955 2883 1007 facta
2931 963 3060 1008 sunt
3114 954 3363 1023 Christo,

1784 1044 1876 1112 qui
1904 1058 2070 1112 super
2102 1045 2287 1099 omnia
2313 1044 2457 1099 Deus
2483 1056 2669 1098 neSIer
2725 1052 2832 1109 est,
2857 1045 3094 1109 volente,
3130 1061 3227 1116 per
3276 1060 3367 1100 or-

1783 1135 2056 1190 thodoxos
2088 1144 2143 1188 et
2194 1134 2527 1190 fortissimos
2574 1137 2934 1204 imperatores
2970 1146 3208 1191 nostros.
3257 1137 3367 1207 Ipsi

1784 1225 1930 1279 enim
1957 1225 2010 1278 in
2037 1224 2189 1280 omni
2212 1224 2335 1280 loco
2360 1225 2698 1279 venerabiles
2750 1226 3017 1296 imagines
3047 1238 3365 1289 erexerunt,

1784 1326 1893 1370 tam
1920 1315 2124 1371 scilicet
2171 1316 2224 1370 in
2284 1316 2656 1371 celeberrimis
2691 1316 2930 1384 templis,
2983 1332 3146 1386 quam
3186 1319 3237 1371 in
3279 1336 3367 1372 rc-

1786 1407 1999 1479 galibus
2030 1406 2244 1477 palatiis
2274 1407 2415 1462 suis.
2464 1407 2675 1473 Quibus
2698 1407 2960 1462 Dominus
2995 1406 3136 1461 Deus
3156 1409 3364 1463 \icissi-

1788 1498 2031 1553 tudinem
2070 1498 2295 1560 tribuat,
2328 1498 2577 1552 exaltans
2624 1512 2793 1553 cornu
2828 1499 2977 1567 regni
3012 1514 3200 1554 eorum
3257 1512 3365 1554 tam

1786 1591 1853 1645 ad
1890 1605 2083 1661 pacem
2115 1590 2485 1645 Ecelesiarum
2518 1604 2766 1651 suarum,
2802 1604 2967 1659 quam
3030 1588 3097 1643 ad
3138 1591 3367 1645 salutem

1788 1683 2034 1737 omnium
2065 1682 2525 1738 Christianorum.
2567 1679 2633 1735 Et
2686 1682 2760 1735 sit
2814 1696 3013 1735 nomen
3048 1682 3169 1752 ejus
3203 1680 3369 1736 bene-

1717 1748 1758 1835 Ῑξ
1786 1769 1991 1826 dictum
2021 1770 2076 1826 in
2102 1771 2302 1826 saecula
2336 1771 2686 1827 saeculorum.
2724 1774 2917 1825 Amen.

1788 2035 1893 2090 Per
1914 2036 2094 2090 omnia
2122 2037 2461 2091 sanctissimo
2487 2048 2536 2091 et
2585 2037 2888 2091 beatissimo
2947 2037 3109 2106 fratri
3136 2047 3184 2091 et
3226 2055 3369 2092 com-

1859 2127 2104 2181 ministro
2159 2127 2401 2181 Adriano
2445 2143 2597 2196 papa:
2636 2129 2858 2182 senioris
2890 2125 3068 2182 Roma
3112 2127 3367 2183 Tarasius

1859 2218 2110 2288 indignus
2138 2220 2413 2288 episcopus
2440 2218 2969 2288 Constantinopoleos
3003 2237 3150 2276 nova:
3190 2220 3370 2277 Roma:

1859 2310 1912 2362 in
1944 2306 2172 2363 Domina
2203 2310 2429 2364 salutent
2455 2309 2557 2380 (3).

1863 2486 2157 2542 Multifarie
2191 2488 2486 2558 multisque
2533 2488 2734 2554 modis,
2766 2490 3077 2560 evangelice
3124 2490 3286 2545 simul
3316 2501 3369 2544 et

1790 2580 2092 2649 apostoliee
2124 2590 2286 2651 atque
2310 2590 2535 2651 paterae
2563 2582 2828 2638 docemur
2857 2584 2977 2639 sine
3012 2586 3241 2639 avaritia
3271 2586 3369 2640 lia—

1789 2670 1917 2726 bere
1968 2686 2150 2745 mores
2194 2670 2249 2725 in
2294 2672 2585 2727 sacerdotii
2636 2673 3098 2741 sanctiﬁcatione,
3155 2684 3210 2731 et
3259 2693 3366 2731 non

1791 2779 2009 2830 aurum,
2042 2778 2152 2819 non
2202 2774 2510 2835 argentum,
2537 2773 2632 2819 aut
2683 2765 2887 2837 aliquid
2929 2767 3076 2823 aliud
3103 2782 3369 2838 usurpare

1792 2870 1956 2925 super
1984 2871 2187 2912 manus
2207 2857 2557 2927 impositione
2580 2858 2766 2912 omnis
2790 2860 2987 2913 sacrati
3014 2860 3141 2926 viri,
3170 2875 3366 2930 quem-

1791 2946 2084 3001 admodum
2146 2947 2503 3002 ostendemus
2552 2948 2603 3002 iu
2640 2950 2907 3005 ordinatis
2952 2951 3179 3008 inferius
3212 2953 3365 3008 testi-

1720 3081 1763 3137 ο
1798 3040 2016 3103 muniis,
2054 3048 2161 3093 tam
2215 3055 2279 3094 cx
2336 3040 2635 3109 Scriptura:
2688 3040 2889 3097 divinae
2944 3044 3364 3107 assertionibus,

1797 3144 1959 3198 quam
1988 3146 2051 3183 ex
2093 3130 2336 3199 paternis
2366 3132 2699 3200 magisteriis
2723 3134 3042 3203 assumptis.
3088 3133 3191 3200 Qui
3217 3136 3365 3189 enim

1793 3235 1989 3274 manus
2021 3221 2326 3290 imponunt,
2363 3222 2597 3274 ministri
2622 3234 2747 3276 sunt
2792 3223 3053 3292 Spiritus,
3086 3242 3197 3279 non
3235 3244 3366 3281 ven-

1793 3308 2001 3362 ditores
2024 3308 2298 3375 Spiritus;
2324 3310 2493 3378 gratis
2525 3311 2727 3380 quippe
2757 3311 3092 3380 accipientes
3124 3315 3360 3383 gratiam

1796 3400 2056 3469 Spiritus,
2086 3400 2257 3470 gratis
2283 3399 2365 3455 his
2386 3401 2477 3470 qui
2511 3417 2540 3455 a
2582 3418 2641 3457 se
2671 3404 3001 3472 percipiunt,
3054 3405 3188 3460 dare
3225 3422 3370 3476 prm-

1792 3492 2092 3562 eipiuutur,
2127 3508 2192 3546 ex
2227 3492 2508 3547 Dominiea
2555 3509 2684 3549 voce
2725 3496 2865 3552 lianc
2902 3497 3213 3553 libertatein
3247 3499 3369 3570 μὴ.

1794 3583 2208 3656 liberalitatem]
2239 3587 2437 3655 adepti.
2474 3584 2530 3640 Si
2555 3587 2679 3655 quis
2708 3596 2886 3641 autem
2906 3591 3185 3645 convictus
3212 3590 3373 3647 fuerit

1792 3677 2028 3748 pecunia
2054 3678 2196 3731 lianc
2220 3677 2547 3742 obtinuisse,
2575 3677 2848 3745 abiectum
2915 3678 3033 3735 fore
3067 3681 3136 3736 ab
3182 3684 3372 3741 ordino

1794 3777 1986 3822 saneto
2047 3769 2394 3836 promulgant
2444 3767 2806 3837 bujusmodi:
2863 3777 2919 3824 et
2973 3770 3101 3824 licet
3148 3775 3372 3825 nomine

1793 3855 2164 3910 sacerdotium
2195 3857 2482 3918 sortiatur,
2520 3855 2611 3909 sed
2660 3854 2866 3909 fallitur
2914 3872 3096 3911 sermo
3121 3859 3173 3912 in
3206 3876 3370 3913 causa

1794 3946 1874 4020 [in
1910 3946 2017 4019 re].
2046 3945 2217 4000 Nemo
2276 3948 2420 4001 enim
2473 3947 2678 4000 servire
2706 3958 2886 4016 potest
2938 3947 3048 4003 Deo
3108 3959 3162 4003 et
3198 3967 3371 4004 mam-

1794 4057 1992 4107 monae,
2020 4042 2162 4096 sicut
2188 4057 2254 4095 ex
2283 4039 2577 4111 Evangelio
2606 4042 2899 4097 didicimus
2932 4044 2975 4075 “
3009 4083 3023 4097 .
3059 4044 3194 4108 Quia
3243 4060 3371 4099 vero

1793 4134 2107 4205 prophetico
2140 4134 2448 4189 audivimus
2473 4135 2581 4189 Deo
2619 4134 2927 4190 clamante:
2971 4153 2989 4185 ι
3018 4133 3367 4205 Sacerdotes,

1796 4227 2081 4299 loquimini
2131 4227 2198 4282 ad
2227 4242 2323 4282 cor
2365 4226 2667 4281 Jerusalem
2694 4226 2740 4257 ’³
2770 4244 2785 4290 ;
2817 4246 2834 4277 ι
2871 4242 3176 4297 rursusque
3222 4244 3373 4283 eum.

1795 4320 2040 4374 minante
2064 4328 2234 4388 atque
2259 4318 2510 4373 dicente:
2546 4338 2564 4369 ι
2600 4319 2921 4388 Speculator
2953 4319 2998 4374 si
3027 4320 3222 4374 viderit
3252 4321 3370 4391 gla-

1726 4412 1769 4466 D
1796 4409 1946 4463 dium
1978 4408 2307 4473 venientem,
2335 4415 2387 4460 et
2420 4408 2850 4461 noninsouuerit
2883 4406 3033 4473 tuba,
3055 4418 3107 4462 et
3140 4409 3371 4478 pupulas

1799 4509 1858 4549 se
1884 4509 1991 4548 non
2024 4493 2345 4547 custodierit
2377 4501 2469 4557 ;et
2509 4494 2729 4547 veniens
2756 4494 2970 4563 gladius
3004 4496 3274 4564 acceperit
3301 4512 3370 4550 ex

1795 4583 1877 4639 eis
1912 4582 2171 4645 animam,
2205 4582 2528 4651 sanguinem
2555 4584 2623 4636 de
2673 4599 2840 4637 manu
2878 4584 3239 4654 speculatoris
3286 4600 3371 4640 re-

1798 4672 2012 4744 quiram
2044 4672 2087 4704 “
2110 4710 2124 4725 .
2158 4690 2176 4723 ι
2211 4672 2484 4726 Timorem
2520 4689 2584 4725 ex
2627 4673 2846 4728 silentio
2876 4674 3248 4730 damnationis
3274 4676 3370 4732 de-

1800 4765 2121 4819 nuntiamus
2153 4765 2479 4834 praesulibus
2528 4766 2784 4821 omnibus
2838 4766 3203 4820 Ecclesiarum
3249 4784 3371 4838 qua:

1800 4858 1942 4928 apud
1974 4872 2074 4912 nos
2100 4867 2243 4920 sunt,
2274 4866 2334 4911 ut
2360 4874 2480 4911 cum
2512 4858 2707 4911 ﬁducia
2775 4859 3074 4912 secundum
3121 4859 3367 4912 divinum

1799 4951 2116 5018 Apostolum
2150 4950 2195 4982 "
2225 4950 2510 5005 dicamus:
2570 4949 2753 5002 Mundi
2811 4965 3001 5003 sumus
3040 4965 3070 5003 a
3104 4952 3370 5019 sanguine

1801 5034 2277 5105 przevaricantium
2318 5033 2610 5087 canonicas
2640 5033 3049 5102 dispositiones,
3090 5041 3143 5086 et
3197 5034 3369 5087 multo

1802 5127 1976 5197 magis
1998 5142 2185 5179 eorum
2211 5127 2302 5194 qui
2337 5140 2430 5193 per
2462 5125 2719 5192 pecunias
2765 5141 2960 5181 manus
2992 5126 3371 5195 imposuerunt

1802 5217 1886 5270 vel
1917 5216 2205 5282 imponunt
2251 5212 2367 5285 [Gn
2414 5215 2496 5268 vel
2529 5230 2722 5269 manus
2751 5215 3157 5285 impositionetn
3213 5232 3367 5269 accc-

1802 5304 2065 5378 pcrunt];
2107 5304 2267 5359 Petro
2293 5306 2477 5360 divino
2534 5307 2802 5375 apostolo,
2849 5306 3008 5376 cujus
3052 5306 3367 5360 cathedram

1797 5394 1985 5448 sortita
2024 5404 2108 5447 est
2132 5392 2368 5447 fraterna
2416 5395 2675 5449 sanctitas
2705 5404 2907 5455 vestra,
2966 5395 3065 5449 hos
3104 5404 3366 5462 tauquam

2026 5507 2070 5539 ’³
2107 5506 2206 5562 lsa.
2236 5524 2324 5573 xc,
2355 5508 2408 5561 2.
2506 5507 2551 5539 “
2586 5498 2795 5561 lﬁzcclt.
2821 5523 3012 5574 χχχιιι,
3046 5507 3101 5560 6.
3177 5508 3222 5540 ’⁸
3246 5508 3365 5565 Act.

1743 5682 1806 5722 ex
1851 5667 1954 5721 alia
1991 5668 2263 5722 versione.
2307 5664 2478 5721 Hann.
