4088 6490
632 298 766 362 1443
1736 290 1798 349 5.
1831 284 2138 348 TARASII
2179 285 2201 344 Ι

2304 281 2686 344 ΤΒΙΑΒΕΗᾺΕ
2718 281 2826 344 CP.
3765 287 3901 351 ιιιι

626 418 908 473 Simonem
962 410 1177 481 Magum
1246 408 1568 479 deponente.
1638 403 1814 474 Hujus
1890 402 1969 455 rei
2047 399 2201 471 grati:

2322 399 2545 462 τούτους
2580 398 2922 461 καθελόντος.
2946 396 3151 452 Τούτου
3182 400 3372 454 ἕνεκεν
3412 399 3510 471 οὐχ
3565 400 3901 456 ὑποστελλό-

629 525 738 565 non
763 503 1219 573 subterlugimus,
1248 515 1359 571 quo
1396 499 1581 552 minus
1631 494 2028 550 annunticmus
2062 490 2201 545 veri-

2320 489 2461 559 μεθα
2492 490 2589 543 τοῦ
2636 490 2921 559 ἀγγέλλειν
2955 490 3055 561 τὴν
3082 491 3366 563 ἀλήθειαν,
3409 493 3777 562 φυλάττοντες
3810 498 3901 550 καὶ

630 611 815 664 tatem,
858 597 1230 652 custodientes
1256 601 1309 647 et
1362 598 1613 646 tenentes
1664 601 1844 657 quam
1888 582 2099 639 sanctis
2153 588 2210 635 ct

628 685 1028 746 laudatissimis
1056 684 1346 753 apostolis,
1381 692 1435 736 et
1474 676 1926 734 memorabilibus
1953 672 2208 728 Patribus

630 781 836 837 nostris
876 777 1141 833 canonice
1170 785 1299 830 sunt
1336 774 1547 843 prolata
1573 789 1585 824 :
1620 779 1674 823 et
1705 768 1806 823 hos
1827 766 1922 837 qui
1954 764 2083 833 quid
2109 764 2210 817 lio-

628 885 751 922 rum
781 864 1235 933 contempserint,
1284 861 1689 916 abominamur.
1739 857 1910 925 Igitur
1966 854 2207 909 fraterna

627 970 681 1016 et
714 973 931 1014 summo
960 956 1268 1012 sacerdotio
1288 954 1546 1008 decorata
1571 950 1834 1005 sanctitas
1858 956 2061 1009 vestra,
2084 945 2209 1016 jure

629 1068 692 1106 ac
723 1050 1021 1105 secundum
1046 1047 1136 1101 Dei
1167 1045 1504 1100 voluntatem
1548 1040 1911 1113 pontificalem
1939 1039 2203 1093 ordinans

628 1142 882 1210 pietatem
916 1138 1033 1211 [GL
1065 1150 1282 1191 sacrum
1316 1134 1720 1189 hicrarchicum
1772 1131 2084 1201 gubernans
2110 1143 2205 1183 or-

627 1229 855 1303 dinem],
888 1228 1320 1299 opinatissimam
1354 1226 1516 1280 habet
1561 1225 1817 1295 gloriam.
1877 1221 2023 1275 Dixit
2059 1220 2203 1275 enim

627 1338 721 1393 per
744 1322 1062 1392 prophetam
1092 1321 1305 1389 primus
1330 1329 1382 1373 ct
1412 1331 1642 1387 magnus
1662 1328 1913 1370 summus
1944 1311 2204 1368 sacerdos

625 1414 883 1469 Christus
914 1411 1056 1466 Deus
1082 1420 1306 1465 noster:
1344 1428 1363 1462 ι
1397 1408 1533 1463 Vivo
1566 1425 1689 1479 ego,
1711 1406 1804 1461 sed
1838 1405 2207 1474 gloriﬁcantes

629 1524 715 1561 me
769 1506 1083 1573 glorilicabo
1110 1504 1153 1533 ⁸⁵
1184 1543 1197 1557 .
1222 1520 1239 1552 ι
1305 1500 1458 1556 Nosti
1483 1502 1654 1565 enim,
1690 1499 1773 1553 vir
1800 1497 2201 1552 desideriorum

630 1598 889 1669 Spiritus,
923 1598 1049 1666 quia
1097 1595 1430 1648 tolerabilior
1463 1601 1547 1647 cst
1576 1589 1876 1647 Macedonii
1920 1599 1974 1643 et
2014 1602 2204 1642 eorum

628 1691 721 1759 qui
751 1691 894 1743 circa
923 1689 1100 1757 ipsum
1132 1693 1281 1749 sunt,
1316 1684 1554 1755 Spiritus
1577 1684 2016 1753 impugnatorum
2040 1681 2204 1749 impia

2315 578 2653 650 κρατοῦντες
2684 580 2757 633 τὰ
2798 580 2953 650 παρά
3001 581 3111 635 τῶν
3157 583 3331 650 ἁγίων
3378 584 3472 637 καὶ
3521 586 3903 655 πανευφήμων

2313 669 2651 734 ἀποστόλων,
2684 671 2779 724 καὶ
2810 671 2921 724 τῶν
2942 672 3209 742 ἀοιδίμων
3245 673 3506 743 Πατέρων
3533 675 3697 745 ἡμῶν
3735 693 3902 728 κανο-

2316 760 2481 824 νικῶς
2519 761 2808 816 ἐκδοθέντα
2843 778 2858 793 '
2912 763 3010 816 καὶ
3051 763 3106 815 ετ
3132 780 3187 816 τι
3220 764 3426 817 τούτων
3452 766 3750 837 παρεϐάθη
3796 768 3904 820 ὑπό

2315 869 2500 917 τινων,
2542 852 2963 923 βδελυττόμεθα.
3012 852 3079 906 Ἦ
3126 848 3222 908 οῦν
3274 854 3537 928 ἀδελφικὴ
3593 857 3753 927 ὑμῶν
3793 858 3902 928 ἁρ-

2314 943 2686 1016 χιεροπρεπὴς
2749 945 3030 1015 ἁγιωσύνη
3086 944 3364 1016 ὲνθέσμως
3418 948 3515 1001 καὶ
3573 950 3720 1002 κατά
3762 947 3902 1000 Θεοῦ

2319 1035 2575 1106 βούλησιν
2621 1036 3038 1107 πρυτανεύουσα
3083 1036 3185 1105 τὴν
3241 1037 3563 1110 ἱεραρχικὴν
3587 1039 3898 1107 ἀγιστείαν,

2315 1126 2598 1197 διαϐόητον
2625 1127 2738 1197 ἔχει
2781 1127 2882 1199 τὴν
2929 1127 3108 1195 δόξαν.
3145 1128 3349 1199 Είρηκε
3380 1129 3489 1199 7&9
3523 1130 3614 1183 διά
3641 1130 3737 1183 τοῦ
3766 1148 3905 1202 προ-

2313 1219 2488 1288 φήτου
2525 1221 2555 1272 ό
2608 1220 2826 1291 πρῶτος
2861 1221 2958 1273 καὶ
3002 1219 3176 1292 μιγας
3235 1221 3526 1293 ἀρχιερεὺς
3578 1222 3819 1290 Χριστὸς
3871 1224 3902 1274 ὁ

2312 1308 2445 1371 Θεὸς
2474 1308 2631 1380 ἡμῶν
2663 1325 2677 1340 ο
2717 1329 2736 1362 ι
2774 1310 2862 1363 Ζῶ
2886 1309 3019 1381 ἐγὼ,
3069 1310 3187 1366 ἀλλ’
3213 1312 3248 1382 ἢ
3274 1312 3402 1375 τοὺς
3443 1310 3775 1376 δοξάζοντάς
3828 1331 3900 1383 με

2310 1402 2537 1467 δοξάσω.
2565 1420 2583 1455 ι
2603 1397 2761 1466 Οἶδας
2790 1404 2918 1473 7&9,
2943 1403 3076 1475 ἀνερ
3096 1402 3404 1474 ἐπιθυμιῶν
3432 1404 3529 1457 τοῦ
3550 1404 3694 1457 Πνεύ
3702 1422 3896 1474 ματος,

2310 1493 2393 1546 ὅτι
2445 1492 2788 1564 φορητοτέρα
2843 1492 3045 1563 μᾶλλόν
3094 1494 3213 1547 ἐστι
3259 1493 3595 1548 Μακεδονίου
3643 1494 3741 1547 καὶ
3785 1495 3899 1547 τῶν

2310 1587 2453 1656 ἀμφ’
2488 1585 2649 1639 αὐτὸν
2704 1587 3187 1656 Πνευματομάχων
3251 1588 3285 1656 ὴ
3326 1585 3597 1656 δυσσεϐὴς
3656 1586 3895 1656 αἰρεσις.

2324 1677 2579 1731 Ἐκείνων
2617 1677 2727 1747 γὰρ
2790 1676 2999 1745 κτίσμα
3062 1676 3159 1729 καὶ
3196 1675 3381 1728 δοῦλον
3442 1674 3539 1727 τοῦ
3592 1674 3729 1727 Θεοῦ
3799 1676 3896 1727 καὶ

631 1756 877 1831 haeresis.
941 1756 1050 1829 illis
1103 1776 1248 1827 enim
1321 1782 1626 1828 creaturam
1715 1780 1770 1825 et
1836 1786 2050 1825 servum
2120 1768 2201 1824 De.

2319 1767 2534 1837 Πατρὸς
2594 1766 2657 1820 τὸ
2742 1766 2898 1833 ἅγιον
2964 1765 3190 1835 Πνεῦμα
3256 1764 3681 1835 ληρῳδούντων,
3747 1757 3897 1816 οῦτοι

628 1884 694 1922 ac
781 1868 960 1922 Patris
1020 1866 1282 1935 Spiritum
1347 1865 1512 1920 delira
1574 1862 1916 1930 fatentibus,
1973 1861 2063 1917 isti
2127 1861 2211 1916 sui

630 1961 801 2028 ipsius
887 1974 1032 2024 eum,
1102 1967 1163 2013 ut
1251 1967 1560 2023 autumant,
1630 1972 1847 2012 servum
1951 1954 2208 2010 cilicium.

625 2050 817 2106 Omnis
867 2053 1011 2105 enim
1069 2049 1330 2105 dominus
1368 2052 1515 2119 quod
1548 2049 1822 2112 habuerit,
1858 2047 1904 2103 si
1952 2047 2207 2111 voluerit,

627 2143 943 2208 venumdat,
1000 2142 1120 2197 sive
1178 2157 1420 2206 servum,
1454 2142 1570 2197 sive
1628 2141 1773 2196 aliud
1829 2138 1960 2210 quid
2018 2154 2207 2194 eorum

627 2249 749 2304 quae
789 2232 1053 2303 possidet.
1098 2231 1368 2286 Similiter
1398 2241 1452 2286 et
1475 2232 1569 2302 qui
1600 2232 1753 2297 emit,
1809 2229 2068 2285 dominus
2106 2244 2206 2283 vo-

629 2324 746 2379 lens
776 2338 897 2380 esse
932 2324 1053 2393 ejus
1082 2323 1226 2393 quod
1257 2324 1477 2389 emerit,
1534 2339 1633 2394 per
1681 2322 1919 2393 pretium
1964 2321 2209 2392 pecuniae

634 2415 767 2470 illud
798 2416 1056 2485 acquirit.
1102 2415 1178 2469 lla
1222 2424 1275 2468 et
1300 2415 1391 2485 qui
1444 2416 1584 2469 hanc
1639 2415 1878 2485 iniquam
1936 2416 2204 2471 actionem

627 2516 947 2577 operantur,
999 2507 1294 2562 detrahunt
1339 2506 1569 2576 Spiritui
1650 2518 1862 2573 sancto,
1925 2506 2206 2577 mqualiter

627 2607 913 2669 peccantes
943 2597 1028 2651 his
1059 2596 1150 2665 qui
1184 2596 1582 2665 blasphemant,
1635 2596 1877 2651 dicentes
1928 2597 1983 2650 in
2050 2594 2203 2650 Beelv

630 2692 805 2746 zcbub
837 2691 1033 2758 ejicere
1069 2690 1337 2744 daemonia
1372 2688 1652 2743 Christum
1679 2689 1722 2718 ’7
1748 2727 1762 2741 .
1798 2690 1973 2756 Atque
2022 2698 2080 2742 ut
2107 2702 2202 2741 ve-

627 2784 745 2839 rius
791 2783 1060 2846 dicamus,
1110 2780 1268 2836 Juda:
1314 2788 1707 2851 comparantur
1782 2781 2052 2845 traditori,
2106 2779 2201 2850 qui

628 2873 722 2928 Dei
752 2872 1089 2928 occisoribus
1127 2869 1330 2926 Iudaeis
1361 2872 1536 2941 pretio
1561 2872 1773 2942 argenti
1802 2871 2076 2926 Christum
2108 2886 2200 2925 ve-

628 2958 935 3015 numdedit.
964 2958 1101 3013 Cum
1133 2972 1261 3028 ergo
1294 2968 1516 3013 sanctus
1548 2958 1789 3028 Spiritus
1836 2959 2199 3013 consubstan-

2313 1857 2542 1923 ἑαυτῶν,
2608 1857 2684 1921 ὡς
2732 1857 2988 1922 δοκοῦσι,
3030 1856 3220 1910 δοῦλον
3282 1858 3414 1910 αὐτὸ
3482 1856 3715 1909 ποιοῦσι.
3780 1858 3897 1919 Πᾶς

2310 1950 2422 2021 γάρ
2497 1949 2765 2021 δεσπότης
2799 1949 2830 2003 ὃ
2886 1966 2937 2002 τι
3000 1948 3066 2004 ἂν
3130 1948 3243 2020 ἔχοι
3284 1989 3299 2015 ,
3356 1952 3404 2003 εί
3464 1949 3755 2019 βούλοιτο,
3802 1968 3897 2003 πι-

2311 2042 2573 2114 πράσκει,
2630 2041 2741 2095 εἴτε
2768 2040 3008 2110 οίκέτην,
3043 2038 3159 2093 εἴτε
3207 2040 3395 2111 ἕτερον
3442 2034 3521 2095 ὧν
3565 2040 3843 2110 κέκτηται
3874 2056 3893 2072 ο

2309 2132 2571 2196 ὡσαύτως
2603 2132 2697 2186 καὶ
2719 2134 2748 2185 ὁ
2792 2130 3104 2202 ἀγοράζων,
3161 2131 3427 2202 δεσπότης
3459 2130 3787 2201 βουλόμενος
3814 2125 3894 2185 εῐ-

2308 2244 2396 2281 ναι
2426 2226 2520 2280 τοῦ
2572 2226 2977 2297 ἠγορασμένον,
3040 2225 3136 2279 διά
3182 2225 3347 2296 τιμῆς
3402 2226 3673 2296 ἀργυρίου
3728 2226 3897 2279 τοῦτο

2307 2320 2523 2373 κτᾶται.
2561 2319 2750 2382 υῦτως
2780 2319 2830 2372 οἱ
2852 2318 3059 2390 ταύτην
3092 2317 3191 2390 τὴν
3218 2317 3461 2389 ἄθεσμον
3494 2321 3698 2388 πρᾶξιν
3722 2321 3891 2390 ἔργα·

2307 2410 2546 2483 ζόμενοι,
2602 2412 3039 2476 καταϐιϐἀζουσι
3070 2411 3132 2465 τὸ
3180 2411 3405 2482 Πνεῦμα
3457 2412 3521 2465 τὸ
3562 2412 3746 2480 ἅγιον,
3802 2411 3892 2466 ίσα

2303 2505 2717 2576 ἁμαρτάνοντες
2738 2509 2851 2569 τοῖς
2880 2504 3319 2576 βλασφημοῦσιν,
3342 2506 3401 2557 ἐν
3430 2502 3769 2568 Βεελζεϐοὺλ
3797 2506 3889 2557 ὲκ-

2305 2597 2519 2651 ϐάλλειν
2551 2596 2619 2651 τὰ
2644 2596 2899 2667 δαιμόνια
2924 2596 3016 2649 τὸν
3045 2595 3302 2668 Χριστόν.
3342 2595 3415 2647 Ἦ
3436 2594 3563 2661 τόγε
3590 2595 3892 2664 ἀληθέστε-

2306 2706 2401 2761 ρον
2429 2692 2627 2753 εἰπεῖν,
2682 2688 3044 2760 παρεοίκασιν
3087 2686 3259 2757 Ἰούδᾳ
3283 2685 3361 2756 τῷ
3401 2685 3661 2759 προδότῃ,
3689 2686 3753 2748 ὃς
3777 2688 3889 2749 τοῖς

2304 2777 2616 2842 θεοκτόνοις
2644 2776 2922 2839 Ἰουδαίοις
2952 2775 3122 2846 τιμῆς
3146 2774 3411 2845 ἀργυρίου
3432 2775 3672 2844 Χριστδν
3701 2774 3888 2845 ἀπεμ-

2303 2870 2594 2940 πολήσατο.
2643 2869 2731 2933 Ὠς
2752 2867 2928 2922 οὖντὸ
2954 2867 3111 2935 ἅγιον
3151 2867 3375 2936 Πνεῦμα
3423 2864 3713 2936 ὁμοούσιόν
3772 2868 3889 2919 ἑστι

2300 2961 2520 3032 Χριστῷ
2542 2959 2620 3031 τῷ
2647 2959 2767 3031 Θεῷ
2802 2958 2985 3031 ἡμῶν,
3042 2959 3145 3027 τῆς
3195 2959 3365 3026 αὐτῆς
3415 2957 3580 3011 παντί
3637 2976 3746 3011 που
3790 2958 3887 3029 δῆ-

626 3053 775 3127 tiplis
799 3052 872 3107 sit
900 3051 1121 3107 Christo
1149 3050 1262 3106 Deo
1320 3063 1529 3116 nostro,
1576 3051 1819 3120 ejusdem
1868 3051 2097 3106 omnino
2144 3058 2198 3107 ct

2306 3051 2402 3106 λον
2450 3051 2668 3104 ἔσονται
2724 3050 2981 3121 μερίδος,
3018 3049 3095 3113 ὡς
3130 3049 3528 3104 ἀποδέδεικται.
3583 3048 3650 3103 Ei
3704 3050 3767 3104 δὲ.
3823 3050 3885 3103 οὐ

627 3147 732 3214 ipsi
760 3144 1026 3213 portionis
1066 3152 1249 3209 erunt,
1294 3153 1356 3197 ut
1390 3152 1669 3198 ostensum
1698 3155 1800 3199 est.
1846 3144 1903 3197 Si
1933 3159 2061 3199 vero
2090 3160 2198 3199 non

627 3237 908 3302 venditur,
943 3236 1312 3305 (perspicuum
1341 3236 1484 3289 cnim
1510 3246 1614 3304 est,
1662 3238 1806 3306 quod
1837 3238 1985 3291 nullo
2011 3238 2198 3308 modo)

630 3343 741 3382 non
772 3337 857 3383 est
889 3327 1080 3395 procul
1109 3327 1277 3381 dubio
1312 3327 1365 3380 in
1389 3328 1471 3382 eis
1500 3328 1677 3399 gratia
1709 3328 1947 3398 Spiritus
2000 3330 2198 3391 sancti,

628 3418 683 3473 id
712 3428 818 3479 est.
853 3418 1146 3472 sacerdotii
1174 3419 1461 3473 sanctitas.
1493 3419 1627 3473 Nam
1652 3421 1795 3488 quod
1824 3435 1932 3473 non
1971 3435 2198 3490 accepeo

628 3521 778 3573 runt,
812 3525 919 3562 non
952 3510 1171 3563 habent.
1206 3508 1473 3565 Memores
1501 3526 1632 3581 ergo
1673 3511 1783 3565 sint
1816 3513 1991 3567 sancti
2029 3512 2196 3578 Petri,

627 3601 697 3655 ad
725 3618 845 3657 eum
871 3602 963 3670 qui
997 3601 1102 3656 hoc
1144 3601 1401 3656 studebat
1453 3602 1528 3657 ita
1572 3604 1842 3659 dicentis:
1915 3622 1933 3656 ι
1964 3603 2081 3659 Νοιι
2117 3616 2201 3661 cst

629 3693 725 3749 tibi
757 3708 907 3761 pars,
938 3708 1116 3763 neque
1141 3708 1260 3748 sors
1290 3692 1343 3747 in
1403 3708 1656 3749 sermone
1685 3694 1788 3751 hoc
1815 3695 1862 3727 "
1882 3739 1895 3751 .
1925 3713 1946 3748 ι
1978 3695 2034 3751 Si
2051 3697 2197 3752 enim

628 3786 991 3839 venumdatur
1022 3784 1315 3839 sacerdotii
1347 3784 1607 3855 dignitas,
1639 3802 1769 3858 ergo
1819 3787 2089 3857 superﬂua
2118 3797 2202 3843 est

628 3876 770 3946 apud
803 3877 951 3947 ipsos
1007 3877 1132 3930 vitae
1170 3876 1465 3945 probabilis
1519 3878 1684 3942 actio,
1736 3887 1790 3933 et
1845 3880 1898 3933 iu
1949 3884 2199 3935 castitate

628 3967 862 4037 aliisque
936 3967 1232 4023 virtutibus
1303 3969 1670 4024 conversatio.
1733 3968 2054 4041 Superﬂuus
2114 3982 2201 4029 est

628 4060 931 4115 secundum
984 4060 1131 4128 ipsos
1176 4059 1342 4113 etiam
1399 4058 1602 4116 Paulus
1653 4060 1873 4116 divinus
1914 4065 2199 4133 apostolus

625 4153 856 4214 docens,
931 4159 1183 4220 Oportere
1239 4168 1257 4201 ι
1296 4149 1613 4219 episcopum
1668 4150 2197 4222 irreprehensibilcm

625 4262 645 4297 ι
660 4259 768 4310 ssc,
801 4241 1146 4312 prudentem,
1168 4252 1447 4306 ornatum,
1467 4242 1775 4308 doctorem,
1799 4245 2194 4312 cootinentcm,

628 4332 895 4396 Subrium,
929 4330 1349 4399 amplectentem
1383 4345 1509 4384 cum
1540 4332 1633 4399 qui
1660 4336 1960 4388 secundum
1996 4336 2199 4391 doctri-

2301 3145 2673 3214 πιπράσκεται
2711 3160 2725 3174 ·
2767 3141 3035 3213 πρόδηλον
3094 3143 3204 3213 γὰρ
3261 3141 3519 3213 οὐδαμῶς
3562 3154 3577 3169 ·
3637 3143 3885 3212 ἀναμφι-

2299 3236 2505 3300 λέκτως
2530 3237 2630 3289 οὒκ
2657 3235 2806 3290 ἔστιν
2831 3237 2889 3288 ἐν
2908 3235 3093 3298 αὐτοῖς
3121 3237 3154 3305 ἠ
3182 3235 3344 3305 χάρις
3376 3235 3471 3288 τοῦ
3502 3236 3666 3303 ἁγίου
3708 3236 3885 3290 Ilvati-

2303 3345 2492 3400 ματος,
2529 3329 2705 3381 εῖτουν
2728 3328 2762 3398 ἡ
2792 3326 2892 3398 τῆς
2920 3324 3222 3398 ἱερωσύνης
3266 3328 3539 3396 ἀγιστεία.
3582 3329 3698 3381 Καὶ
3726 3329 3758 3380 ὃ
3787 3328 3885 3381 οὐκ

2299 3422 2514 3486 ἔλαϐον,
2545 3422 2669 3475 οὐδὲ
2695 3420 2901 3491 ἔχουσι.
2925 3419 3347 3490 Μνησθήτωσαν
3365 3418 3459 3473 τοῦ
3484 3419 3645 3487 ἁγίου
3670 3420 3881 3491 Πέτρου

2302 3513 2439 3585 πρὸς
2484 3514 2578 3566 τὸν
2636 3513 2797 3566 τοῦτο
2855 3509 3288 3581 ἐπιτηδεύσαντα
3350 3510 3551 3563 οὑτωσὶ
3600 3511 3876 3580 λέγοντος,

2307 3623 2324 3656 ι
2349 3601 2467 3658 Οὐκ
2488 3604 2606 3658 ἔστι
2639 3621 2721 3658 σοι
2765 3604 2947 3675 μερὶς,
2980 3603 3104 3656 οὐδὲ
3149 3602 3351 3673 κλῆρος
3380 3604 3440 3656 ὲν
3466 3602 3714 3676 τῷλόγῳ
3758 3605 3879 3658 τού-

2298 3711 2397 3764 τῳ.
2430 3712 2448 3745 ι
2483 3694 2544 3747 El
2579 3692 2687 3763 7&9
2720 3691 3121 3761 ἀπεμπολεῖται
3146 3691 3179 3760 ἡ
3205 3691 3302 3760 τῆς
3370 3689 3679 3760 ἱερωσύνης
3728 3690 3876 3755 ἀξία,

2300 3784 2409 3855 ἄρα
2451 3784 2680 3855 περιττὴ
2733 3785 2865 3855 παρ’
2909 3784 3093 3846 αὐτοῖς
3122 3783 3156 3847 ἡ
3197 3781 3340 3835 κατά
3388 3781 3481 3834 τὸν
3531 3781 3652 3852 βίον
3703 3782 3876 3852 σεμνὴ

2300 3876 2568 3942 πολιτεία,
2599 3879 2694 3931 καὶ
2726 3878 2760 3946 ἡ
2782 3878 2839 3929 ὲν
2861 3875 3056 3947 ἁγνείᾳ
3109 3875 3205 3929 καὶ
3261 3875 3489 3944 ἀρεταῖς
3533 3876 3871 3946 ἀναστροφή.

2299 3968 2560 4039 Περιττδς
2580 3968 2702 4022 κατ’
2741 3969 2937 4031 αὐτοὺς
2970 3966 3067 4020 καὶ
3115 3965 3325 4028 Παῦλος
3354 3966 3383 4019 ὁ
3411 3965 3556 4029 θεῖος
3576 3967 3873 4029 ἀπόστολος

2298 4060 2585 4125 διδάσκων,
2636 4060 2748 4113 δεῖν
2791 4077 2810 4111 ι
2849 4058 2943 4114 τὸν
2965 4058 3267 4112 ἐπίσκοπον
3287 4057 3655 4127 ἀνεπίληπτον
3714 4054 3868 4122 εἶναι,

2302 4152 2574 4222 σώφρονα,
2602 4152 2849 4223 κόσμιον,
2896 4149 3230 4213 διδακτικὺν,
3263 4149 3527 4220 ἐγκρατῆ,
3586 4150 3866 4217 νηφάλιον,

2299 4245 2656 4317 ἀντεχόμενον
2683 4244 2778 4299 τοῦ
2799 4245 2940 4298 κατά
2962 4244 3061 4314 τὴν
3084 4240 3308 4313 διδαχὴν
3342 4242 3541 4294 πιστοῦ
3570 4242 3759 4309 λόγου,
3788 4243 3866 4294 ἵνα

2298 4338 2520 4402 δυνατὸς
2608 4337 2705 4390 καὶ
2760 4333 3101 4407 παρακαλεῖν
3134 4334 3194 4386 ὲν
3233 4336 3301 4404 τῇ
3336 4331 3662 4402 ὑγιαινούσῃ
3724 4334 3865 4385 διδα-

627 4439 751 4477 nam
791 4431 874 4478 est
897 4422 1109 4476 ﬁdelem
1140 4437 1473 4486 sermonem,
1497 4433 1556 4477 ut
1588 4434 1781 4493 potens
1802 4426 1873 4481 sit
1911 4427 2192 4484 exhortari

2304 4429 2520 4499 σκαλίᾳ,
2574 4431 2670 4483 καὶ
2725 4429 2851 4491 τοὺς
2884 4427 3267 4495 ἀντιλέγοντας
3306 4425 3571 4493 ἐλέγχειν.
3604 4443 3625 4476 ι
3655 4425 3868 4492 Οίχεται

627 4517 682 4569 in
712 4514 962 4569 doctrina
1002 4529 1157 4577 sana,
1185 4522 1239 4569 et
1280 4530 1376 4569 eos
1430 4516 1526 4585 qui
1572 4519 1952 4575 contradicunt
1999 4537 2199 4592 argue-

628 4624 687 4662 re
705 4609 749 4641 "
778 4647 791 4661 .
817 4626 835 4659 ι
868 4606 1231 4662 Proferuutur
1266 4606 1659 4683 [Evanescuut]
1707 4612 1871 4682 igitur
1908 4614 2023 4671 haec
2078 4632 2197 4672 om-

628 4699 717 4754 nia
751 4701 818 4754 ile
869 4701 1151 4756 vcnditore
1176 4717 1241 4757 ac
1263 4718 1511 4774 emptore
1544 4705 1793 4761 beneficii
1831 4706 2195 4782 [sacerdotii].

626 4789 798 4845 Porro
826 4791 1071 4861 subjecta
1098 4804 1419 4850 sanctorum
1454 4796 1768 4853 testimonia
1800 4801 2036 4854 alienum
2078 4818 2197 4857 om-

627 4885 757 4937 nino
784 4898 833 4954 .a
864 4884 1171 4940 sacerdotio
1192 4889 1548 4956 pronuntiant
1572 4905 1695 4944 eum
1722 4891 1815 4960 qui
1839 4892 2046 4946 dederit
2090 4894 2195 4948 ali-

625 4974 845 5043 quando
878 4974 955 5029 vel
992 4978 1262 5045 acccperit
1286 4980 1339 5032 in
1369 4980 1554 5049 aliquo
1584 4990 1847 5052 tempore,
1887 4982 2001 5038 sive
2041 4985 2194 5040 scili-

624 5077 712 5119 cet
741 5074 868 5121 ante
899 5082 1097 5121 manus
1125 5067 1560 5138 impositioncm,
1593 5073 1706 5128 sive
1732 5074 1784 5127 in
1839 5091 2033 5131 manus
2093 5077 2195 5132 itu-

626 5155 914 5225 positione,
981 5158 1098 5215 sive
1132 5170 1254 5231 post
1292 5177 1490 5220 manus
1544 5165 1967 5235 impositionem.
2028 5169 2191 5223 Acci-

626 5264 752 5317 pere
802 5259 889 5306 est
937 5252 1107 5318 enim,
1184 5255 1432 5326 accipere
1494 5259 1951 5331 quandocunque.
2014 5259 2192 5317 Sedet

624 5351 817 5393 omnes
850 5343 1223 5408 promotiones
1259 5345 1661 5404 ecclesiasticas
1701 5348 1956 5406 auferunt
2009 5352 2061 5406 in
2106 5352 2195 5408 da-

624 5429 774 5487 tioue
802 5437 1180 5503 pecuniarum.

693 5699 741 5731 ’⁸
768 5700 787 5754 l
812 5699 945 5771 Reg.
981 5718 1042 5771 ιι,
1072 5705 1161 5759 '50.
1237 5709 1281 5740 '7
1313 5706 1445 5762 Luc.
1486 5725 1546 5772 ll,
1580 5710 1661 5764 15.
1739 5710 1781 5742 ⁸⁸
1812 5712 1929 5766 Act.
1964 5728 2083 5777 vui,
2124 5713 2213 5766 2|.

2295 4519 2472 4571 τοίνυν
2519 4515 2690 4569 ταῦτα
2741 4515 2921 4569 πάντα
2942 4514 3009 4567 ἐκ
3036 4514 3132 4567 τοῦ
3162 4515 3368 4584 πράτου
3403 4514 3498 4566 καὶ
3559 4511 3866 4582 ἀγοραστοῦ

2296 4614 2393 4679 τῆς
2423 4607 2722 4679 ἱερωσύνης
2741 4625 2752 4639 ·
2781 4607 2837 4659 αἱ
2858 4603 2952 4661 οῦν
2986 4606 3351 4676 ὑποκείμεναι
3391 4604 3868 4677 ἀγιόλεκτοιχρή-

2296 4720 2409 4768 σεις
2442 4703 2723 4773 ἀλλότριον
2777 4700 2958 4770 πάντη
2986 4701 3086 4771 τῆς
3117 4700 3419 4771 ἱερωσύνης
3470 4699 3868 4768 ἀποφαίνονται

2293 4796 2386 4849 τόν
2417 4812 2546 4850 ποτε
2574 4796 2733 4849 δόντα
2763 4794 2796 4865 ἢ
2830 4792 3069 4848 λαϐόντα
3090 4793 3148 4845 ὲν
3172 4791 3468 4864 οἱῳδήποτε
3528 4792 3736 4864 χρόνῳ,
3759 4793 3870 4845 εἴτε

2295 4887 2391 4941 καὶ
2413 4886 2520 4957 πρὸ
2539 4887 2637 4957 τῆς
2665 4884 3017 4956 χειροτονίας,
3069 4886 3180 4938 εἱτε
3226 4883 3318 4938 καὶ
3348 4885 3406 4936 ὲν
3434 4886 3500 4954 τῇ
3534 4885 3870 4955 χειροτονίᾳ,

2291 4976 2325 5047 ἢ
2375 4976 2470 5029 καὶ
2522 4975 2662 5046 μετά
2704 4975 2807 5047 τὴν
2865 4974 3225 5045 χειροτονίαν.
3298 4973 3501 5027 Λαϐεἶν
3549 4973 3664 5045 γάρ
3712 4975 3870 5039 ἔστι,

2290 5071 2352 5124 τὸ
2378 5070 2565 5124 λαϐεῖν
2619 5070 2931 5140 ὁτεδήποτε.
2972 5067 3130 5122 Ἀλλά
3184 5066 3279 5121 καὶ
3333 5066 3518 5130 πάσας
3571 5066 3870 5137 ἐκκλησια-

2293 5163 2483 5227 στικὰς
2531 5161 2800 5234 προϐολὰς
2823 5159 3148 5233 ἀφαιροῦσιν
3196 5160 3291 5214 ὲπὶ
3330 5160 3396 5230 τῇ
3425 5157 3537 5212 τῶν
3565 5159 3865 5230 χρημάτων

2289 5256 2454 5311 δόσει.

2293 5715 2337 5748 ¹⁹
2370 5712 2389 5767 l
2418 5713 2562 5768 Tim.
2590 5729 2672 5781 ιιι,
2703 5714 2738 5767 '2
2773 5729 2787 5777 ;
2820 5708 2928 5766 Tit.
2966 5725 3003 5775 t,
