4088 6498
285 313 424 378 1445
1725 304 1899 366 EPIS‘

1929 303 2133 364 .‘OL/‘E.
3407 305 3543 372 1446

531 423 745 480 Κανὼν
767 421 882 476 τῶν
904 422 1088 493 ἁγίων
1109 423 1473 477 ἀποστόλων
1513 418 1625 477 κθ.’
1889 430 1932 478 Α

1889 430 1932 478 Α
2222 416 2407 472 Conon
2440 426 2745 470 sanctorum
2795 416 3158 485 apostolorum
3183 419 3271 473 i9.

353 519 419 572 Ei
444 534 528 581 τις
578 515 878 576 ἐπίσκοπος
925 514 1016 568 διὰ
1065 514 1364 586 χρημάτων
1411 514 1510 577 τῆς
1546 513 1702 577 ἀξίας
1734 510 1858 566 ταύ-

2033 505 2090 560 Si
2115 506 2236 577 quis
2261 510 2576 578 episcopus,
2604 515 2694 560 aut
2722 507 3024 579 presbyter,
3045 519 3139 563 aut
3157 508 3423 566 diaconus
3445 528 3539 583 per

276 628 382 680 της
434 610 714 681 ἐγκρατὴς
772 607 1020 678 γένηται,
1053 608 1087 678 ἢ
1113 607 1510 679 πρεσϐύτερος,
1535 607 1567 677 ἢ
1589 607 1857 669 διάκονος,

1961 601 2222 669 pecunias
2273 601 2414 655 hanc
2460 597 3128 670 obtinueritdignitatem,
3165 601 3458 672 deiiciatur
3488 614 3541 659 et

277 701 650 774 καθαιρείσθω
681 699 777 754 xal
809 699 973 764 αὐτὸς
1008 701 1103 755 xal
1135 702 1164 753 ὁ
1195 701 1608 771 χειροτονήσας·
1653 698 1746 751 xal
1767 699 1860 749 ἐκ·

1962 692 2080 762 ipse
2107 701 2160 747 ct
2181 693 2466 747 ortlinator
2483 692 2626 762 ejus,
2652 699 2706 746 et
2726 707 2757 744 a
2790 694 3176 749 communione
3206 695 3387 751 modis
3421 711 3542 752 om-

275 793 566 847 κοπτέσθω
595 791 914 845 παντάπασι
963 791 1058 843 καὶ
1085 790 1184 861 τῆς
1231 789 1540 854 κοινωνίας,
1571 787 1648 851 ὡς
1678 788 1862 858 Σίμων

1963 782 2124 837 nibus
2147 783 2524 849 abscindatur,
2551 783 2696 839 sicut
2724 780 2913 837 Simon
2950 783 3142 856 uagus
3177 802 3209 841 a
3241 803 3328 843 me
3357 786 3540 845 Petro.

274 889 304 939 ὁ
338 886 512 956 μάγος
546 882 791 949 ὑπ’ἐμοῦ
824 882 1058 949 Πέτρου.

413 979 527 1030 Ἐκ
545 974 666 1028 τῶν
685 973 972 1040 Πράξεων
993 972 1113 1026 τῶν
1131 973 1315 1043 ἁγίων
1340 973 1722 1029 ἀποστόλων.

1518 974 1722 1029 τύλων,
2367 965 2443 1018 De
2484 966 2702 1019 Actibus
2748 968 3132 1035 apostolorum.

358 1083 378 1117 ι
415 1063 562 1119 Ἰδὼν
589 1064 647 1116 δὲ
671 1063 700 1115 ὁ
729 1063 936 1132 Σίμων,
994 1063 1077 1116 ὃτι
1133 1062 1223 1116 διὰ
1272 1065 1372 1135 τῆς
1417 1063 1720 1128 ἐπιθέσεως
1753 1063 1862 1116 τῶν

2047 1074 2064 1107 ι
2096 1053 2234 1109 Cum
2267 1055 2498 1110 vidisset
2527 1065 2708 1111 autem
2748 1057 2961 1124 Simon,
3009 1061 3139 1130 quia
3177 1077 3273 1131 per
3310 1063 3542 1133 imposi-

283 1157 492 1230 χειρῶν
529 1155 640 1209 τῶν
687 1155 1006 1209 ἀποστόλων
1028 1154 1232 1209 δίδοται
1260 1155 1321 1208 τὺ
1343 1154 1568 1227 Πνεῦμα
1597 1157 1658 1209 τὸ
1685 1156 1860 1226 ἆγιον,

1968 1148 2172 1202 tionem
2191 1163 2386 1202 manus
2402 1149 2774 1217 apostolorum
2795 1154 3019 1206 daretur
3037 1152 3276 1222 Spiritus
3299 1164 3542 1222 sanctus,

281 1250 663 1322 προσήνεγκεν
725 1247 910 1312 αὐτοῖς
951 1248 1212 1318 χρήματα
1247 1286 1262 1311 ,
1310 1246 1509 1316 λέγων,
1558 1248 1686 1301 Δότε
1763 1250 1866 1302 κά-

1967 1240 2167 1297 obtulit
2195 1240 2277 1296 eis
2326 1240 2642 1310 pecuniam,
2677 1241 2905 1298 dicens:
2938 1243 3073 1300 Date
3127 1256 3181 1300 et
3214 1248 3348 1301 mihi
3407 1249 3547 1303 lianc

283 1344 379 1414 μοὶ
416 1343 516 1413 τὴν
569 1339 818 1408 ἐξουσίαν
859 1338 1062 1410 ταύτην
1091 1379 1105 1405 ,
1157 1340 1248 1395 ἵνα
1299 1333 1344 1409 ᾧ
1391 1341 1486 1395 ἐὰν
1541 1341 1716 1394 ἐπιθῶ
1765 1341 1863 1404 τὰς

1968 1341 2319 1404 potestatem,
2358 1341 2416 1386 ut
2444 1331 2755 1400 cuicunque
2794 1334 3113 1403 imposnero
3153 1353 3370 1404 manus,
3403 1354 3548 1394 acci-

279 1437 472 1505 χείρας
501 1475 515 1498 ,
575 1432 830 1503 λαμϐάνῃ
879 1431 1105 1502 Πνεῦμα
1154 1432 1332 1500 ἅγιον.
1390 1434 1598 1503 Πέτρος
1646 1433 1703 1486 δὲ
1741 1431 1864 1486 εἷπε

1970 1425 2083 1495 piat
2122 1423 2390 1495 Spiritum
2451 1430 2727 1477 sanctum.
2789 1421 2988 1479 Petrus
3053 1437 3234 1480 autem
3288 1429 3426 1484 dixit
3478 1433 3544 1482 ad

281 1525 424 1594 πρὸς
452 1523 616 1579 αὐτόν
637 1540 653 1556 ο
687 1524 760 1576 Τὸ
785 1523 1050 1594 ἀργύριόν
1076 1541 1172 1578 σου
1230 1528 1327 1580 σὺν
1365 1527 1448 1579 σοὶ
1491 1527 1577 1596 εἴη
1623 1528 1704 1590 είς
1763 1527 1868 1580 ἀπ-

1969 1533 2094 1572 eum
2124 1535 2137 1570 :
2178 1517 2418 1571 Pecunia
2452 1524 2540 1568 tua
2578 1525 2758 1570 tecum
2790 1516 2861 1570 sit
2891 1516 2945 1570 in
2993 1517 3378 1585 perditionem,
3422 1522 3546 1591 quia

282 1617 506 1681 ὠλειαν,
565 1616 649 1670 ὅτι
675 1614 774 1686 τὴν
802 1615 1011 1687 δωρεὰν
1029 1615 1123 1670 τοῦ
1156 1617 1292 1671 Θεοῦ
1321 1617 1577 1689 ἐνόμισας
1605 1618 1694 1672 διὰ
1735 1635 1870 1689 χρη-

1970 1610 2172 1664 donum
2206 1609 2300 1664 Dei
2332 1607 2661 1663 existimasti
2691 1608 2924 1678 pecunia
2966 1609 3272 1678 possidere.
3308 1611 3424 1664 Non
3466 1621 3550 1666 est

292 1708 483 1778 μάτων
509 1706 765 1761 κτᾶσθαι.
821 1707 934 1760 Ούκ
967 1708 1083 1761 ἐστι
1131 1725 1212 1762 σοι
1264 1708 1446 1780 μερὶς,
1496 1707 1616 1761 οὐδὲ
1665 1709 1906 1780 κλῆρος1

1934 1767 1938 1780 _
1972 1702 2068 1756 tibi
2123 1717 2269 1771 pars,
2319 1715 2497 1771 neque
2524 1715 2646 1756 sors
2705 1700 2758 1754 in
2791 1716 3045 1755 sermone
3074 1702 3213 1756 isto:
3265 1717 3361 1756 cor
3403 1703 3548 1756 enim

287 1760 347 1852 ἐν
372 1799 453 1869 τῷ
514 1798 662 1870 λόγῳ
698 1799 875 1870 τούτῳ
902 1816 916 1831 ⁸
954 1760 1367 1873 “apudet;
1404 1760 1514 1855 σου
1565 1760 1866 1858 causisin;
1897 1760 1901 1814 Σ

1935 1768 2123 1852 ἱιυιιιῐι
2155 1809 2263 1848 non
2311 1804 2395 1849 est
2454 1803 2665 1849 rectum
2721 1807 2910 1848 coram
2972 1792 3103 1849 Deo.
3163 1793 3549 1849 Paenitentiam

286 1892 473 1945 εὐθεῖα
497 1890 730 1944 ἐνώπιον
756 1889 850 1944 τοῦ
881 1891 1040 1945 Θεοῦ.
1089 1893 1444 1963 Μετανόησον
1487 1888 1580 1947 οῦν
1634 1895 1741 1947 ἀπὸ
1769 1893 1872 1964 τῆς

1972 1888 2157 1958 itaque
2191 1901 2292 1957 age
2334 1887 2404 1940 ab
2445 1884 2548 1940 hac
2580 1885 2823 1956 nequitia
2853 1894 2966 1950 tua,
2999 1893 3056 1939 et
3112 1901 3239 1956 roga
3271 1885 3464 1952 Deum,
3504 1888 3549 1941 si

287 1983 489 2047 κακίας
519 1998 612 2035 σου
643 1981 870 2053 ταύτης,
899 1983 993 2035 καὶ
1016 1982 1240 2053 δεήθητι
1268 1982 1363 2036 τοῦ
1401 1982 1634 2054 Κυρίου,
1678 1984 1726 2037 εί
1758 1985 1870 2055 ἄρα

1972 1978 2112 2034 forte
2143 1978 2454 2033 remittatur
2505 1977 2603 2030 tibi
2641 1977 2755 2031 haec
2800 1976 3065 2046 cogitatio
3111 1976 3296 2030 cordis
3348 1977 3448 2030 tui.
3493 1976 3549 2030 In

287 2073 625 2145 ἀφεθήσεταί
670 2089 752 2126 σοι
810 2073 844 2143 ή
885 2073 1102 2126 ἐπίνοια
1148 2072 1252 2143 τῆς
1309 2074 1537 2146 καρδίας
1597 2092 1714 2129 σου.
1775 2075 1872 2139 Εἰς

1970 2071 2097 2127 felle
2126 2070 2274 2126 enim
2314 2069 2701 2124 amaritudinis
2751 2077 2807 2123 et
2855 2067 3192 2139 obligatione
3245 2067 3553 2138 iniquitatis

288 2166 404 2237 γὰρ
460 2165 629 2236 χολὴν
677 2163 905 2236 πικρίας
931 2165 1028 2219 xal
1069 2164 1368 2238 σύνδεσμον
1419 2167 1634 2232 ἀδικίας
1665 2166 1778 2238 ὁρῶ
1811 2185 1872 2222 σε

903 2184 905 2192 ν
931 2165 1028 2219 xal
1069 2164 1368 2238 σύνδεσμον
1419 2167 1634 2232 ἀδικίας
1665 2166 1778 2238 ὁρῶ
1811 2185 1872 2222 σε
1970 2165 2132 2220 video
2159 2173 2210 2219 te
2234 2177 2357 2218 esse
2387 2161 2465 2216 ‘°.
2499 2180 2517 2213 ι

288 2258 439 2311 ὄντα.
469 2277 488 2310 ι

586 2352 681 2404 Ἐκ
704 2350 814 2417 τῆς
835 2352 1040 2419 τρίτης
1059 2349 1178 2403 τῶν
1205 2350 1562 2406 Βασιλειῶν.

1554 2389 1562 2406 ,
2377 2342 2455 2396 Ea:
2487 2343 2623 2395 libro
2660 2342 2818 2395 tertio
2849 2341 3168 2412 Regnorum.

370 2459 387 2491 ι
412 2441 524 2494 Kal
573 2442 671 2494 οὐκ
704 2442 1042 2512 ἐπέστρεψεν
1083 2441 1372 2512 Ἱεροϐοὰμ
1397 2442 1507 2496 ἀπὸ
1536 2445 1637 2514 τῆς
1667 2442 1870 2504 κακίας

2048 2452 2067 2484 ι
2099 2432 2217 2487 Non
2250 2443 2329 2487 est
2357 2449 2608 2487 reversus
2641 2432 2932 2487 Jeruboam
2961 2436 3028 2487 de
3061 2435 3142 2488 via
3175 2449 3274 2488 sua
3295 2434 3553 2503 pessima,

288 2531 457 2586 αύτοῦ
494 2552 507 2565 ·
534 2534 630 2587 καὶ
661 2536 985 2604 ἐπέστρεψε,
1018 2535 1114 2587 xal
1156 2535 1415 2604 ἐποίησεν
1448 2537 1511 2588 ἐκ
1544 2535 1748 2606 μέρους
1775 2535 1870 2587 τοῦ

1974 2529 2067 2581 sed
2095 2527 2430 2581 econtrario
2465 2526 2594 2580 fecit
2650 2526 2717 2580 de
2751 2527 3070 2581 novissimis
3120 2528 3307 2598 populi
3365 2543 3551 2583 sacer~

291 2626 422 2679 λαοῦ
487 2627 650 2698 ἱερεῖς
711 2627 952 2697 ὑψηλῶν.
994 2626 1054 2680 '0
1090 2626 1416 2698 βουλόμενος
1466 2627 1708 2698 ἐπλήρου
1771 2629 1871 2699 τὴν

1974 2617 2134 2672 dotes
2165 2617 2530 2670 cxcelsorum.
2585 2615 2913 2686 Quicunque
2982 2617 3219 2682 volebat,
3284 2617 3549 2685 implebat

291 2719 454 2789 χεῖρα
482 2717 668 2782 αὑτοῦ,
705 2719 798 2771 xa‘t
847 2719 1058 2786 ἐγίνετο
1113 2719 1292 2789 ἱερεὺς
1316 2721 1395 2780 είς
1427 2720 1492 2773 τὰ
1527 2721 1732 2792 ὑψηλά.
1761 2722 1872 2774 Kal

1974 2724 2196 2763 manum
2251 2725 2406 2764 suam
2444 2717 2499 2763 et
2532 2711 2694 2763 liebat
2742 2709 3002 2762 sacerdos
3062 2710 3434 2774 excelsorum,
3499 2719 3554 2766 et

291 2809 510 2875 ἐγένετο
532 2809 593 2862 τὸ
619 2810 770 2879 ῥῆμα
805 2810 961 2863 τοῦτο
990 2811 1067 2872 είς
1118 2812 1400 2882 ἁμαρτίαν
1455 2812 1534 2883 τῷ
1586 2815 1721 2885 οίκῳ
1767 2814 1866 2866 Ἰε-

1973 2809 2197 2870 propter
2241 2799 2384 2852 lianc
2416 2814 2641 2853 causam
2683 2809 2926 2868 peccavit
2976 2801 3172 2854 domus
3234 2799 3551 2866 Jcroboam,

297 2903 528 2972 ροῦοὰμ,
573 2907 668 2957 καὶ
721 2905 796 2966 είς
859 2904 1171 2974 ἀφανισμὸν
1234 2904 1346 2958 ἀπὸ
1412 2906 1710 2976 προσώπου
1770 2907 1871 2977 τῆς

1815 2908 1871 2977 ἧς
1971 2902 2025 2947 et
2056 2907 2248 2947 eversa
2272 2902 2376 2956 est,
2410 2899 2464 2946 et
2482 2890 2659 2944 deleta
2689 2892 2922 2960 desuper
2954 2891 3093 2946 facie
3126 2903 3285 2947 terrae
3315 2894 3381 2948 “.
3411 2911 3429 2946 ι

294 3013 419 3065 γης·
453 3015 468 3047 ι

308 3087 410 3142 Ἔτι
468 3088 570 3154 τῆς
603 3088 648 3140 δ’
708 3089 824 3143 τῶν
869 3089 1239 3220 Βασιξλεὲῷν,
1299 3088 1434 3159 περὶ
1487 3089 1599 3159 τῆς
1638 3089 1922 3158 λέπρας(

1037 3176 1087 3213 ιε
1119 3178 1180 3220 η.

1798 3107 1869 3157 ας
1897 3096 1944 3158 c
2118 3087 2202 3142 Ex
2240 3088 2376 3143 libro
2407 3099 2600 3160 quarto
2635 3090 2957 3162 Regnorum,
2988 3092 3052 3147 de
3071 3092 3220 3163 lepra
3244 3092 3412 3148 αἱαὶ.

1037 3176 1180 3227 tam.

375 3269 392 3300 ι
422 3250 530 3304 Kal
556 3249 859 3321 ἐπέστρεψε
880 3250 1101 3321 Νεεμὰν
1124 3249 1260 3319 πρὸς
1291 3250 1566 3306 Ἐλισσαιὲ
1595 3251 1757 3316 αὐτὸς
1779 3251 1875 3306 xal

2051 3263 2070 3296 ι
2107 3243 2489 3314 Reversusque
2539 3243 2781 3300 Naaman
2818 3246 2884 3300 ad
2933 3246 3110 3303 virum
3151 3247 3241 3302 Dei
3282 3263 3407 3304 cum
3433 3250 3553 3304 uni-

297 3339 453 3393 πᾶσα
485 3341 520 3411 ή
547 3340 867 3412 παρεμϐολή
895 3341 1060 3394 αὑτοῦ
1086 3358 1100 3372 ο
1131 3343 1226 3396 xal
1275 3339 1429 3414 ἦλθε,
1490 3344 1587 3396 xal
1615 3343 1746 3414 ἔστη
1786 3347 1875 3398 ἐνο

1977 3353 2139 3392 verso
2183 3338 2445 3392 comitatu
2475 3353 2599 3405 suo,
2640 3339 2790 3392 venit
2835 3351 2889 3393 et
2930 3341 3081 3395 stetit
3128 3355 3316 3395 coram
3368 3357 3456 3406 eo,
3503 3353 3557 3398 et

297 3427 474 3480 ώπιον
499 3430 687 3486 αὑτοῦ.
722 3431 832 3483 Kal
864 3427 1018 3485 εἶπεν
1039 3447 1054 3462 ο
1073 3431 1204 3485 Ἰδοὺ
1241 3433 1305 3502 δὴ
1333 3432 1550 3502 ἔγνωκα
1570 3474 1584 3498 ,
1633 3436 1716 3489 ὅτι
1775 3435 1876 3489 οὐκ

1976 3431 2056 3484 ait
2088 3447 2100 3483 :
2152 3429 2291 3484 Vere
2319 3431 2435 3484 scio
2466 3430 2611 3499 quod
2643 3445 2753 3484 non
2778 3429 2849 3485 sit
2886 3432 3025 3484 Deus
3057 3432 3197 3487 alius
3224 3432 3276 3485 iu
3298 3433 3554 3488 universa

297 3520 417 3574 ιστι
470 3521 602 3586 Θεὸς
623 3522 681 3575 ἐν
716 3522 866 3595 πάσῃ
920 3527 988 3595 τῇ
1043 3527 1151 3596 γῇ,
1205 3525 1377 3598 ἀλλ’ἢ
1408 3528 1468 3581 ἐν
1517 3527 1596 3599 τῷ
1634 3529 1871 3600 Ἰσραήλ.

1977 3534 2150 3587 terra,
2192 3522 2297 3576 nisi
2347 3531 2558 3576 tantum
2609 3523 2661 3575 in
2711 3521 2898 3577 lsrael.
2947 3523 3190 3579 Obsecro
3242 3526 3445 3595 itaque,
3501 3537 3559 3582 ut

298 3613 410 3665 Kal
438 3612 533 3666 νῦν
569 3613 700 3667 λάϐε
731 3615 834 3685 τὴν
897 3615 1149 3684 εὐλογίαν
1202 3619 1354 3690 παρὰ
1380 3619 1473 3672 τοῦ
1503 3620 1693 3674 δούλου
1756 3640 1872 3677 σου.

1977 3614 2216 3685 accipias
2249 3613 2684 3668 benedictionem
2719 3629 2749 3668 a
2773 3631 2936 3669 servo
2969 3625 3083 3669 tuo.
3111 3615 3296 3672 Atille
3332 3633 3557 3687 respou-

305 3707 416 3760 Kai
465 3700 620 3758 εἶπεν
660 3706 958 3761 Ἐλισσαιέο
992 3709 1067 3778 Ζῆ
1101 3709 1307 3779 Κύριος
1345 3704 1391 3778 ᾦ
1421 3712 1702 3783 παρέστην
1747 3714 1878 3767 ἐνώ-

1978 3707 2057 3762 dit
2083 3725 2096 3759 :
2137 3705 2281 3759 Vivit
2311 3705 2596 3768 Dominus,
2619 3714 2747 3760 ante
2772 3722 2935 3775 quem
2965 3718 3071 3772 sto,
3097 3709 3224 3778 quia
3255 3726 3362 3764 non
3400 3712 3555 3766 acci-

303 3816 428 3851 πιον
460 3795 650 3858 αὑτοῦ.
685 3798 732 3849 εί
761 3796 1024 3868 λήψομαι.
1062 3801 1172 3853 Kal
1207 3801 1577 3870 παρεϐιάσατο
1601 3803 1763 3856 αὑτὸν
1789 3804 1880 3857 λα-

1980 3801 2150 3871 piam.
2181 3798 2433 3868 Cumque
2459 3797 2570 3852 vim
2603 3797 2831 3864 faceret,
2884 3801 3104 3869 penitus
3172 3816 3280 3855 non
3324 3807 3557 3874 acquie—

305 3891 443 3954 ϐεἶν,
504 3888 600 3941 xal
637 3887 924 3958 ήπείθησε.
947 3907 966 3940 ι
997 3890 1106 3942 Καὶ
1141 3892 1259 3960 μετ’
1308 3891 1468 3960 ὀλίγα
1493 3909 1507 3922 ·
1558 3911 1576 3944 ι
1601 3895 1709 3948 Καὶ
1758 3890 1879 3948 εἷπε

1979 3894 2058 3947 vit
2085 3893 2204 3945 ³³.»
2262 3889 2325 3943 Et
2371 3899 2495 3959 post
2547 3905 2766 3960 pauca:
2828 3909 2848 3943 ι
2891 3891 3146 3962 Dixitque
3205 3893 3356 3949 Giezi
3424 3913 3562 3966 puer

306 3980 469 4051 Γιεξῆ
524 3980 585 4033 τὸ
640 3979 928 4051 παιδάριον
991 3981 1262 4034 Ἐλισσαιέ
1297 3998 1312 4011 ·
1360 3983 1490 4036 Ἰδοὺ
1554 3985 1810 4054 ἐφείσατο
1853 3987 1881 4039 ὁ

1980 3985 2086 4039 viri
2140 3983 2285 4038 Dei:
2340 3982 2592 4054 Pepercit
2622 3983 2874 4040 dominus
2926 4003 3081 4041 meus
3132 3986 3378 4042 Naaman
3423 3989 3561 4062 Syro

306 4074 499 4145 κύριός
554 4090 655 4143 μου
682 4072 776 4126 τοῦ
804 4074 1024 4144 Νεεμὰν
1058 4073 1152 4126 τοῦ
1204 4073 1401 4145 Σύρου,
1451 4075 1546 4129 τοῦ
1577 4075 1775 4141 ;λαϐεῖν
1817 4078 1883 4131 ἐκ

1983 4078 2098 4143 isti,
2142 4085 2202 4131 ut
2233 4091 2342 4130 non
2381 4075 2655 4146 acciperet
2684 4077 2753 4130 ab
2784 4092 2849 4131 eo
2877 4093 2996 4146 quae
3035 4078 3237 4133 attulit.
3272 4078 3420 4136 Vivit
3453 4081 3562 4137 Do-

307 4164 488 4234 χειρός
514 4163 680 4217 αὑτοῦ
716 4157 792 4217 ὧν
823 4165 1064 4234 ἐνήνοχε.
1101 4166 1173 4235 Ζῇ
1219 4165 1443 4238 Κύριος,
1475 4167 1522 4218 εί
1551 4166 1625 4236 μὴ
1658 4167 1883 4237 δράμω-

1983 4169 2191 4233 minus,
2228 4168 2356 4238 quia
2383 4182 2600 4222 curram
2651 4176 2775 4237 post
2824 4183 2972 4232 eum,
3009 4176 3063 4223 et
3093 4170 3361 4240 accipiam
3391 4172 3462 4227 ab
3497 4188 3560 4228 eo

314 4273 414 4325 μαι
469 4254 646 4307 ὀπίσω
672 4253 857 4319 αὑτοῦ,
897 4255 992 4307 xal
1016 4253 1273 4324 λήψωμαι
1307 4256 1437 4325 παρ’
1468 4256 1634 4310 αὑτοῦ
1665 4274 1741 4310 τι.
1775 4259 1884 4312 Kal

1986 4259 2218 4330 aliquid.
2268 4257 2334 4313 Et
2394 4267 2617 4313 secutus
2661 4267 2744 4313 est
2773 4257 2921 4312 Giezi
2997 4269 3116 4329 post
3155 4270 3370 4332 tergum
3420 4261 3564 4318 Naa-

312 4346 500 4409 ἐδίωξε
532 4345 696 4414 Γιεζῆ
726 4345 902 4398 ὀπίσω
955 4346 1196 4416 Νεεμάν.
1231 4366 1249 4398 ι
1306 4348 1415 4401 Kal
1462 4347 1601 4418 μετὰ
1631 4349 1842 4419 βραχέα
1866 4365 1880 4379 ⁸

1984 4367 2111 4405 man
2140 4351 2221 4403 ³³.
2253 4370 2270 4402 ι
2349 4349 2418 4403 Ει
2458 4359 2582 4419 post
2631 4363 2805 4412 pauca
2842 4369 2854 4404 :
2927 4367 2945 4400 t
2986 4349 3049 4404 Et
3096 4350 3236 4406 dixit
3280 4350 3561 4408 Naaman:

319 4457 335 4488 ι
364 4439 474 4490 Kal
511 4435 631 4491 εἷπε
678 4437 932 4507 Νεεμάν⁶
961 4438 1106 4492 Λάϐε
1145 4439 1210 4512 δὴ
1265 4441 1527 4495 τάλαντον
1590 4441 1877 4514 ἀργυρίου,
1911 4430 1933 4488 Ῑ

1951 4441 1958 4480 ⁵
1988 4442 2188 4514 Accipe
2223 4445 2485 4497 talentum
2522 4441 2733 4512 argenti
2760 4459 2774 4506 ;
2809 4451 2863 4496 et
2891 4443 3066 4514 coegit
3092 4459 3239 4509 cum,
3271 4445 3565 4516 ligavitque

317 4529 428 4583 Kal
464 4528 623 4581 ἔλαϐε
662 4527 754 4580 δύο
783 4528 1024 4584 τάλαντα
1051 4531 1315 4602 ἀργυρίου
1341 4534 1397 4584 ἐν
1427 4532 1545 4585 δυσὶ
1575 4532 1884 4599 θυλακίοις,

1986 4534 2097 4589 duo
2143 4534 2346 4589 talenta
2380 4533 2590 4604 argenti
2631 4533 2684 4587 in
2733 4532 2950 4587 duobus
2995 4533 3196 4600 saccis,
3236 4545 3288 4589 ct
3324 4535 3564 4606 duplicia

315 4622 409 4675 xal
462 4621 556 4675 δύο
604 4622 986 4693 ἀλασσομένας
1030 4625 1282 4688 στολάς.)
1342 4626 1452 4680 Kal
1513 4626 1634 4697 μεθ’
1691 4627 1884 4697 ἐτεραο

1988 4627 2309 4682 vestimenta
2339 4625 2417 4680 “.
2447 4645 2466 4678 ι
2510 4625 2576 4680 Et
2606 4635 2726 4695 post
2760 4626 2866 4680 alia
2901 4643 2915 4681 :
2957 4644 2974 4676 ι
3001 4624 3066 4679 Ει
3100 4625 3242 4681 dixit
3294 4626 3565 4681 Elisaeus:

319 4734 336 4768 ι
361 4715 472 4767 Kal
500 4711 622 4768 εἷπε
643 4715 782 4787 πρὸς
813 4715 976 4769 αὑτὸν
1020 4715 1290 4770 Ἑλισσαιέ
1313 4733 1327 4748 ·
1365 4718 1533 4772 Πόθεν
1563 4718 1762 4789 Γιεζῆ;
1796 4719 1889 4773 xal

1989 4719 2146 4776 Unde
2179 4721 2329 4774 venit
2352 4719 2546 4775 Giczi?
2586 4717 2689 4784 Qui
2723 4718 3010 4788 respondit
3037 4736 3052 4772 :
3083 4717 3205 4772 Non
3252 4717 3352 4772 ivit
3372 4728 3563 4774 servus

313 4800 435 4856 εἷπε
471 4804 670 4876 Γιεζῆο
698 4807 772 4860 Ού
808 4807 1147 4878 πεπόρευται
1203 4809 1230 4860 ό
1257 4808 1448 4874 δοῦλός
1504 4827 1598 4864 σου
1637 4809 1765 4864 ἔνθα
1795 4812 1890 4865 xal

1994 4823 2124 4868 tuus
2149 4827 2455 4883 quoquam.
2485 4811 2672 4866 Atille
2721 4810 2833 4865 ait:
2895 4809 3086 4864 Nonne
3137 4823 3232 4864 cor
3276 4823 3461 4864 meum
3501 4805 3552 4861 in

313 4897 462 4950 ἔνθα.
495 4899 606 4951 Kal
630 4893 750 4952 εἷπε
785 4899 920 4971 πρὸς
950 4900 1114 4954 αὐτὸν
1146 4900 1414 4954 Ἐλισσαιέ
1438 4916 1453 4931 °
1486 4902 1669 4974 Ούχὶή
1691 4903 1890 4976 καρδία

2002 4906 2252 4979 praesenti
2283 4913 2419 4964 erat.
2456 4905 2676 4975 quando
2722 4917 2980 4957 reversus
3005 4910 3089 4955 est
3119 4901 3282 4955 homo
3301 4901 3370 4957 de
3399 4916 3564 4959 curru

316 5009 421 5062 μου
446 4991 720 5062 ἐπορεύθη
752 4993 890 5062 μετὰ
921 4991 1040 5057 σοῦ,
1076 4993 1170 5044 καὶ
1214 4988 1352 5058 οἶδα,
1400 4993 1488 5045 ὅτε
1544 4994 1893 5066 ἀπέστρεψεν

1993 5009 2097 5050 suo
2121 4995 2176 5050 in
2213 5009 2506 5050 occursum
2535 4993 2656 5047 tui?
2692 4989 2848 5045 Nunc
2873 4991 3038 5061 igitur
3066 4992 3332 5061 accepisti
3370 5006 3568 5062 argen-

313 5083 342 5134 ὁ
365 5082 504 5152 ἀνὴρ
533 5082 640 5135 ἀπὸ
669 5082 762 5136 τοῦ
794 5083 1043 5154 ἅρματος
1082 5084 1163 5146 εἰς
1211 5083 1535 5153 συνάντησίι
1595 5103 1722 5152 σούς
1785 5087 1896 5140 Kal

1995 5099 2132 5154 tum,
2165 5097 2220 5142 ct
2275 5086 2537 5157 accepisti
2620 5092 2837 5140 vestes:
2895 5093 2956 5138 ut
3012 5099 3164 5138 emas
3235 5083 3454 5150 oliveta,
3517 5092 3569 5139 ct

313 5173 411 5226 νῦν
432 5173 624 5236 ἔλαϐες
653 5173 715 5226 τὸ
743 5173 1030 5243 ἀργύριον,
1059 5174 1155 5227 καὶ
1184 5173 1280 5227 νῦν
1329 5173 1520 5238 ἔλαϐες
1551 5176 1645 5228 xal
1671 5176 1738 5228 τὰ
1768 5177 1895 5247 ίμά-

1993 5183 2224 5245 vineas,
2303 5187 2358 5234 et
2411 5193 2564 5242 oves,
2641 5186 2696 5232 et
2755 5179 2941 5242 boves,
2989 5186 3043 5231 et
3107 5191 3317 5240 servos,
3352 5186 3405 5232 et
3470 5191 3569 5230 an-

310 5283 435 5320 τια·
475 5267 571 5319 xal
625 5267 770 5338 λήψῃ
800 5268 858 5320 ἐν
881 5267 1030 5337 αὑτῷ
1073 5267 1310 5337 κήπους,
1352 5268 1448 5321 xal
1497 5267 1751 5334 ἐλαιῶνα,
1803 5272 1897 5324 καὶ

1997 5272 2194 5328 cillas:
2266 5269 2362 5326 sed
2439 5269 2586 5340 lepra
2641 5266 2885 5322 Naaman
2938 5267 3240 5322 adhaerebit
3275 5268 3370 5321 tibi
3396 5275 3449 5321 et
3485 5283 3571 5322 sc-

311 5364 635 5433 ἀμπελῶνα,
674 5365 1052 5436 καὶπρόϐατα,
1090 5365 1184 5418 xal
1216 5363 1366 5432 βόας,
1419 5363 1514 5414 καὶ
1544 5361 1761 5424 παῖδας,
1795 5361 1889 5415 xal

2000 5364 2134 5419 mini
2194 5375 2287 5418 tuo
2344 5366 2399 5418 in
2465 5362 2884 5432 sempiternum.
2944 5359 3011 5415 Et
3074 5376 3330 5430 egressus
3361 5369 3444 5416 est
3501 5358 3571 5414 ab

314 5455 610 5519 παιδίσκας
643 5472 655 5486 ⁸
688 5457 781 5508 καὶ
811 5459 844 5526 ή
883 5455 1060 5527 λέπρα
1112 5455 1333 5526 Νεεμὰν
1377 5451 1775 5524 κολληθήσεται
1832 5456 1888 5507 ἐν

1177 5455 1333 5526 ιεμὰν
1377 5451 1775 5524 κολληθήσεται
1832 5456 1888 5507 ἐν
2001 5455 2338 5526 coleprosus
2372 5455 2529 5526 quasi
2555 5455 2645 5510 nix
2671 5456 2749 5511 ³⁸.
2775 5474 2791 5506 ι

316 5548 402 5600 σοὶ
441 5549 533 5599 καὶ
563 5549 620 5599 ἐν
647 5547 721 5617 τῷ
749 5531 1030 5619 ’σπέρματί
1098 5564 1190 5600 σου
1239 5548 1322 5610 είς
1378 5547 1469 5602 τὸν
1526 5547 1717 5600 αἰῶνα.
1782 5547 1889 5600 Kal
1927 5544 2153 5617 ἐξῆλθεν
2180 5549 2243 5600 ἐκ
2305 5548 2398 5601 τοῦ
2448 5546 2745 5616 προσώπου
2803 5545 2968 5600 αὐτοῦ
3000 5543 3410 5616 λελεπρωμένος
3439 5530 3594 5597 ὡσει

320 5657 476 5709 χιων.
491 5658 510 5691 ι

393 5759 439 5790 ⁸ο
473 5759 592 5812 Act.
621 5772 737 5823 vui,
766 5755 947 5812 18-95.
985 5757 1026 5790 ³⁸
1071 5755 1134 5812 lll
1164 5755 1292 5826 Reg.
1332 5755 1449 5820 x'ttt,
1475 5756 1562 5822 δαί,
1594 5757 1680 5811 δι.
1763 5757 1802 5787 ³⁹
1837 5754 1900 5808 IV
1925 5753 2007 5822 Rc;

1945 5754 2052 5826 leg.
2090 5770 2139 5819 ι’,
2175 5754 2258 5822 l5,
2294 5754 2376 5809 lG.
2410 5755 2452 5786 ⁵³
2480 5753 2610 5808 ibid.
2639 5753 2729 5818 το,
2764 5753 2807 5786 ⁸⁸
2835 5751 2943 5806 ibitl
2969 5752 3061 5808 23.
3138 5753 3182 5785 ⁸⁸
3213 5752 3341 5806 ibid.
3368 5747 3559 5806 25-97.
