4088 6528
298 378 437 443 1449

1718 379 2123 441 EPISTOLJE.

3447 384 3584 460 1450

296 497 410 547 τῶν
472 492 571 566 μὲν
626 494 849 561 λαῖκῶν,
901 495 1010 550 τῶν
1058 495 1116 549 δὲ
1167 495 1578 569 πρεσϐυτέρων,
1636 490 1719 557 οἷς
1772 496 1889 549 ἔδο-

1999 494 2147 550 lant.
2180 496 2428 569 Cumque
2457 507 2843 570 permanerent
2891 507 3060 555 testes
3094 509 3205 555 tam
3256 499 3380 555 laici
3413 517 3581 572 quam

302 588 401 652 ξαν
429 587 829 659 τεθαρρηκέναι
851 604 863 617 ·
897 589 1061 642 τινῶν
1084 588 1147 642 δὲ
1184 590 1280 642 καὶ
1338 589 1640 658 γυναικῶν,
1702 584 1796 641 καὶ
1823 587 1893 640 τὰ

301 680 421 749 εἴδη
448 678 557 733 τῶν
586 680 861 752 ἐνεχύρων
912 680 1205 748 λεγόντων,
1232 682 1362 745 τοὺς
1390 680 1608 745 τόπους,
1638 681 1732 733 καὶ
1764 679 1893 742 τοὺς

302 769 558 837 καιροὺς,
610 769 706 821 καὶ
730 768 831 839 τὴν
885 770 1183 840 ποσότητα,
1219 771 1280 824 ού
1311 772 1451 825 πάνυ
1484 770 1663 834 καλῶς
1714 768 1893 823 αὐτῶν

302 859 658 932 διακειμένης
710 863 810 931 τῆς
873 864 1233 934 συνειδήσεως
1265 904 1281 929 ,
1334 864 1646 934 αὐθαίρετοι
1698 863 1892 935 ὁμολο-

307 952 470 1020 γοῦσι
494 954 619 1024 δίχα
673 954 878 1025 πολλῆς
922 956 1171 1025 ἀνάγκης
1202 971 1218 986 ⁶
1258 957 1341 1010 ὅτι
1370 957 1706 1026 δεδώκαμεν,
1758 960 1891 1026 ὁμο-

306 1044 601 1115 λογοῦμεν.
636 1048 733 1099 καὶ
782 1047 1091 1118 γεγόναμεν
1122 1049 1381 1118 τοιαύτην
1412 1048 1734 1120 νομίσαντες
1763 1049 1893 1103 ἀκο-

306 1136 530 1189 λουθίαν
594 1134 754 1192 εἶναι.
800 1141 917 1192 Ἵνα
955 1140 1197 1209 δόξωμεν
1232 1142 1333 1209 τῆς
1370 1141 1567 1212 βουλῆς
1603 1141 1703 1210 τῆς
1727 1140 1895 1212 δημο-

312 1229 433 1293 σίας
481 1230 922 1301 ὲλευθεροῦσθαι.
984 1232 1093 1284 Καὶ
1125 1231 1221 1284 νῦν
1254 1232 1510 1303 δεόμεθα,
1545 1234 1594 1287 εἰ
1620 1233 1721 1302 μέν
1745 1233 1895 1286 ἐστιν

306 1322 456 1373 ὅσιον
508 1323 657 1391 ἡμᾶς
690 1315 831 1375 εἶναι
880 1325 938 1375 ἐν
969 1324 1037 1392 τῇ
1069 1322 1384 1395 λειτουργίᾳ
1420 1326 1523 1391 τῆς
1550 1322 1846 1391 ἐκκλησίας
1873 1340 1889 1356 ⁸

310 1410 433 1464 ἐπεὶ
484 1413 588 1465 κᾶν
648 1411 709 1464 τὸ
756 1413 981 1483 χρυσίον
1016 1412 1044 1464 ὃ
1092 1412 1426 1483 δεδώκαμεν,
1479 1414 1567 1466 ἵνα
1614 1412 1891 1484 λάϐωμεν.

310 1504 432 1558 Τῶν
459 1504 569 1577 γὰρ
616 1505 891 1573 γυναικῶν
939 1505 1100 1575 ἡμῶν
1162 1504 1479 1576 δεδώκαμεν
1526 1523 1647 1559 τινα
1698 1505 1891 1575 σκεύη.

322 1593 576 1663 Ἰωάννης
606 1593 743 1664 πρὸς
789 1592 965 1647 ταῦτα
990 1593 1260 1664 ὑπέσχετο
1305 1596 1370 1665 τῇ
1398 1594 1620 1666 συνόδῳ⁹
1652 1595 1735 1649 ὅτι
1784 1594 1827 1646 Τ
1830 1593 1893 1647 οὗ

312 1685 414 1754 μὲν
463 1684 849 1755 βουλευτηρίου
900 1683 1013 1755 ἐγὼ
1060 1687 1260 1750 αὐτοὺς
1320 1688 1417 1740 σὺν
1448 1686 1569 1757 Θεῷ
1611 1686 1895 1740 ἀπαλλάσ-

311 1794 391 1829 σω
425 1817 440 1842 ,
487 1775 725 1842 ἀξιώσας
776 1776 868 1829 τὸν
927 1776 1191 1849 βασιλέα*
1230 1779 1393 1849 ὑμεῖς
1438 1778 1497 1833 δὲ
1542 1778 1890 1850 προστάξατε

310 1869 508 1933 αὐτοὺς
531 1868 714 1924 λαϐεῖν
744 1868 779 1924 ἃ
803 1867 1066 1924 δεδώκασι
1092 1870 1246 1940 παρὰ
1266 1870 1375 1924 τῶν
1412 1870 1733 1923 Ἀντωνίνου
1763 1869 1895 1940 κλη-

311 1960 580 2031 ρονόμων.
639 1959 982 2031 Προσὰαξεν
1027 1962 1061 2032 ἡ
1105 1960 1346 2025 σύνοδος,
1398 1959 1462 2017 τὸ
1510 1960 1613 2032 μὲν
1668 1960 1896 2033 χρυσίον

311 2052 510 2119 αὐτοὺς
571 2052 754 2105 λαϐεῖν
802 2051 957 2124 παρά
995 2051 1105 2103 τῶν
1157 2050 1515 2122 κληρονόμων
1547 2050 1892 2111 ’Λντωνίνου.

310 2147 590 2199 κοινωνεῖν
615 2146 672 2199 δὲ
696 2144 843 2198 ἔνδον
893 2143 989 2199 τοῦ
1056 2144 1476 2213 θυσιαστηρίου,
1533 2140 1674 2197 εἶναι
1703 2143 1759 2199 δὲ
1786 2143 1896 2200 ἀπὸ

312 2238 507 2309 ίερέων
527 2255 540 2269 ’
572 2237 658 2291 ἵνα
694 2237 769 2308 μὴ
801 2237 1008 2291 τούτων
1050 2237 1539 2309 συγχωρηθέντων,
1581 2236 1703 2300 ἔθος
1733 2236 1894 2309 γένη-

308 2347 405 2383 ται
436 2329 726 2384 Ἰουδαϊκὸν
744 2329 775 2401 ἦ
793 2329 1090 2399 Αἰγύπτιον
1117 2330 1212 2384 τοῦ
1248 2317 1453 2384 πωλεῖν
1486 2331 1581 2385 καὶ
1605 2329 1896 2401 ἀγοράζειν

307 2420 412 2492 τὴν
448 2421 766 2492 ἱερωσύνην.
802 2422 940 2475 Φασὶ
997 2420 1108 2493 γὰρ
1154 2419 1246 2475 τὸν
1302 2418 1558 2493 λυμεῶνα
1616 2420 1712 2473 καὶ
1766 2420 1898 2491 ψευ-

309 2510 558 2582 δώνυμον
584 2512 929 2584 πατριάρχην
971 2513 1080 2565 τῶν
1124 2511 1398 2566 Ἰουδαίων
1421 2510 1541 2566 κατ’
1580 2510 1702 2573 ἔτος
1734 2510 1895 2581 ἀμεί-

312 2603 453 2665 ϐειν,
478 2604 620 2676 ἢκαὶ
646 2604 777 2675 παρ’
807 2603 929 2677 ἔτος
954 2605 1082 2667 τοὺς
1104 2602 1620 2676 ἀρχισυναγώγους,
1644 2603 1737 2659 ἐπὶ
1771 2604 1895 2655 συλ-

311 2692 449 2764 λογῇ
482 2692 577 2746 τοῦ
608 2693 907 2764 ἀργυρίου’
937 2694 1139 2765 ὁμοίως
1170 2695 1265 2747 καὶ
1325 2694 1418 2746 τὸν
1468 2693 1719 2764 ζηλωτὴν
1774 2693 1899 2745 τού-

312 2802 410 2838 του
468 2784 576 2838 τῶν
632 2785 945 2857 Αἰγυπτίων
998 2786 1381 2860 πατριάρχην·
1410 2784 1500 2841 ἵνα
1542 2782 1804 2855 πληρωθῇ
1838 2784 1899 2837 τὸ

316 2878 661 2948 προφητικόν
682 2896 693 2909 ·
735 2896 753 2929 ι
779 2878 842 2930 Οἱ
874 2879 1040 2948 ἱερεῖς
1068 2878 1239 2949 αὐτῆς
1276 2876 1419 2948 μετά
1446 2874 1636 2947 δώρων
1665 2876 1899 2947 ἀπεκρί-

314 2987 491 3037 νοντο,
520 2971 613 3023 καὶ
643 2972 689 3026 oi
732 2972 1008 3043 προφῆται
1040 2971 1210 3042 αὐτῆς
1241 2970 1381 3045 μετά
1416 2968 1684 3044 ἀργυρίου
1734 2971 1901 3044 ἐμαν-

312 3081 603 3121 τευοντο.»

328 3159 425 3211 Ἰἰκ
462 3156 578 3209 τῶν
630 3159 906 3212 κανόνων
940 3156 1060 3210 τῶν
1114 3155 1455 3221 ἑξακοσίων
1480 3154 1801 3223 τριάκοντα
1835 3156 1899 3209 ἀ·

390 3229 537 3296 τίων
564 3229 839 3296 Πατέρων
864 3225 983 3279 τῶν
1000 3228 1071 3281 ἐν
1087 3225 1429 3294 Χαλκηδόνι
1451 3225 1898 3291 συνελθόντων,

391 3298 591 3351 κανὼν
608 3298 907 3366 δεύτερος.

391 3390 458 3443 Εἰ
481 3407 567 3455 τις
613 3392 914 3453 ἐπίσκοπος
943 3390 1038 3444 ἐπὶ
1080 3388 1332 3462 χρήμασι
1383 3388 1722 3461 χειροτονίαν
1744 3388 1900 3457 ποιή-

316 3500 492 3549 σαιτο,
543 3484 639 3540 καὶ
664 3487 745 3548 εἰς
802 3485 1009 3557 πράσιν
1059 3483 1352 3555 καταγάγῃ
1403 3485 1504 3552 τὴν
1532 3483 1780 3554 ἄπρατον
1803 3484 1900 3553 χά·-

317 3594 428 3650 ριν,
463 3577 556 3633 καὶ
603 3580 962 3650 χειροτονήσῃ
1024 3579 1123 3631 ἐπὶ
1176 3578 1456 3649 χρήμασιν
1504 3577 1826 3637 ἐπίσκοπον,
1863 3574 1897 3647 ἢ

315 3672 760 3744 χωρεπίσκοπον,
791 3672 823 3742 ἢ
853 3671 1255 3741 πρεσϐύτερον,
1288 3672 1383 3725 καὶ
1412 3671 1688 3734 διάκονον,
1719 3671 1751 3740 ἢ
1782 3669 1899 3722 ἔτεο

318 3768 412 3835 ρόν
439 3783 562 3820 τινα
574 3765 685 3817 τῶν
713 3767 771 3818 ὲν
796 3764 873 3834 τῷ
899 3765 1086 3835 κλήρῳ
1116 3763 1672 3832 καταριθμουμένων,
1700 3762 1733 3831 ἢ
1767 3777 1900 3830 προ-

314 3860 568 3912 ϐάλλοιτο
619 3859 711 3912 ἐπὶ
766 3859 1042 3928 χρήμασιν
1105 3857 1408 3925 οἰκονόμον,
1448 3856 1482 3927 ἢ
1533 3854 1769 3917 ἔκδικον,
1805 3853 1900 3906 κσιί⁸

317 3947 758 4019 παραμονάριον,
812 3946 845 4017 ἢ
893 3945 1038 4007 ὅλως.
1076 3945 1198 3997 τινὰ
1249 3943 1348 3997 τοῦ
1394 3942 1642 4006 κανόνος,
1701 3941 1769 3993 δι’
1822 3940 1901 3994 al-

318 4042 706 4113 σχροκέρδειαν
763 4036 1228 4101 οἰκείαν,ότοῦτο
1284 4035 1666 4106 ἐπιχειρήσας,
1720 4032 1902 4102 ἐλεγχ-

316 4134 433 4197 θεὶς
482 4131 844 4187 κινδυνευέτω
904 4131 1035 4200 περὶ
1086 4128 1177 4185 τὸν
1230 4129 1432 4181 οἰκεῖον
1467 4125 1715 4196 βαθμόν’
1751 4124 1845 4178 καὶ
1872 4126 1900 4176 ό

316 4223 827 4298 χειροτονούμενος.
866 4221 1035 4293 μηδὲν
1064 4223 1130 4276 ὲκ
1158 4219 1258 4289 τῆς
1314 4219 1432 4277 κατ’
1460 4216 1730 4289 ἐμπορίαν
1753 4215 1901 4285 ὠφε-

314 4315 516 4373 λείσθω
573 4314 916 4386 χειροτονίας
958 4312 991 4384 ἦ
1034 4310 1329 4383 προϐολῆς,
1382 4308 1500 4364 ἀλλ’
1552 4308 1692 4360 ἔστω
1740 4306 1898 4362 ἀλλό-

312 4427 470 4482 τριος
529 4410 627 4480 τῆς
684 4406 905 4478 ἀξίαιςῆ
950 4403 1045 4461 τοῦ
1106 4402 1532 4473 φροντίσματος,
1585 4393 1757 4469 οὗπερ
1806 4400 1899 4451 ἐπὶ

2000 589 2330 660 presbyteri,
2367 590 2571 661 quibus
2608 591 2789 646 visum
2824 588 3000 646 fuerat
3052 591 3286 648 fidenter
3324 587 3444 664 [Gn
3476 594 3581 650 visi

1998 678 2213 735 fuerant
2233 680 2532 754 confidere]
2562 696 2686 737 esse
2708 683 3041 737 credendum
3071 698 3086 749 ;
3119 684 3368 752 quaedam
3396 693 3580 741 autem

1994 779 2049 823 et
2076 772 2382 827 mulieres:
2423 774 2589 829 ctiam
2640 776 2850 844 species
2906 775 3196 846 pignorum
3259 775 3498 848 praefati,
3529 790 3584 834 et

1997 859 2134 927 loca,
2168 874 2220 917 et
2276 872 2544 934 tempora,
2580 874 2634 920 et
2665 867 3070 936 quantitatem;
3129 883 3237 923 non
3276 854 3581 925 admodum

1998 951 2136 1006 bene
2154 955 2493 1011 conscientia
2528 970 2626 1011 sua
2652 956 2946 1028 disposita,
2977 958 3212 1014 ultronei
3251 960 3584 1016 confitentur

1996 1043 2205 1114 absque
2230 1048 2398 1099 multa
2433 1049 2762 1103 necessitate
2787 1069 2799 1081 ·
2854 1049 2992 1116 Quia
3033 1051 3310 1117 dedimus,
3351 1055 3586 1108 contitc-

1997 1150 2142 1197 mur,
2172 1145 2225 1189 et
2265 1137 2391 1191 facti
2453 1154 2665 1206 sumus,
2722 1144 2883 1195 talem
2947 1142 3335 1201 existimantes
3384 1162 3583 1202 consc-

1996 1226 2283 1295 qnentiam
2338 1226 2850 1303 [consuetudinem]
2899 1247 3042 1302 esse,
3093 1244 3155 1290 ut
3203 1236 3519 1293 videremur
3552 1254 3583 1292 a

1996 1319 2150 1374 curia
2180 1320 2401 1385 publica
2438 1322 2682 1377 liberari.
2712 1322 2778 1378 Et
2813 1341 2963 1382 nunc
3004 1328 3386 1398 obsecramus,
3449 1342 3507 1387 ut
3536 1333 3583 1388 si

1996 1413 2458 1485 quidninjnstum
2492 1425 2577 1471 est
2616 1432 2718 1472 nos
2749 1433 2874 1473 esse
2904 1420 2958 1473 in
2991 1422 3305 1479 ministerio
3334 1429 3583 1483 reclcsim

1997 1506 2214 1562 simus:
2250 1509 2334 1562 sin
2362 1518 2568 1574 autem,
2611 1508 2807 1568 saltem
2851 1526 3048 1566 aurum
3096 1518 3243 1584 quod
3305 1518 3580 1585 dedimus,

1998 1599 2374 1667 recipiamus:
2407 1616 2532 1654 nam
2561 1617 2797 1657 uxorum
2847 1614 3164 1660 nostrarum
3202 1615 3450 1678 quasdam
3487 1614 3583 1667 de-

1996 1688 2178 1744 dimus
2207 1704 2355 1743 vasa.
2385 1687 2627 1745 Joannes
2648 1690 2713 1744 ad
2740 1689 2855 1746 lucc
2886 1695 3298 1764 repromittebat
3325 1700 3580 1767 concilio,

1997 1780 2124 1850 quia
2162 1796 2189 1835 a
2241 1782 2396 1839 curia
2444 1784 2666 1857 quidem
2725 1801 2826 1857 ego
2854 1802 2951 1843 eos
2980 1804 3104 1843 cum
3150 1791 3262 1848 Deo
3317 1794 3579 1863 liberabo,

1999 1875 2286 1947 postulans
2328 1875 2747 1946 imperatorem:
2776 1895 2877 1935 vos
2914 1890 3095 1937 autem
3126 1886 3410 1958 prtecipite
3439 1892 3584 1944 acci-

1998 1981 2128 2037 pere
2175 1966 2298 2022 illos
2332 1969 2477 2037 quod
2510 1969 2800 2038 dederunt,
2858 1973 2928 2027 ab
2958 1974 3266 2031 [heredibus
3292 1979 3579 2037 Antonini.

1996 2057 2271 2128 Praecepit
2322 2061 2563 2132 synodus
2596 2078 2795 2117 aurum
2823 2064 3044 2134 quidem
3087 2080 3180 2123 eos
3229 2070 3470 2140 recipere
3514 2073 3583 2127 ab

1999 2147 2309 2206 incredibus
2361 2151 2651 2219 Antonini,
2714 2157 3128 2213 communicare
3200 2168 3381 2213 autem
3436 2161 3581 2219 intra

1995 2239 2192 2307 altare,
2226 2252 2429 2297 etesse
2470 2243 2716 2312 privatos
2746 2247 3058 2302 sacerdotio
3090 2266 3104 2304 :
3142 2265 3211 2306 ne
3240 2250 3361 2307 istis
3396 2253 3581 2309 indul-

1997 2334 2234 2403 gentiam
2270 2338 2611 2401 consecutis,
2642 2341 2984 2396 consuetudo
3020 2340 3178 2399 ilerct
3222 2344 3453 2403 Iudaica
3497 2350 3581 2404 vel

1998 2425 2249 2499 [Egyptia
2278 2429 2540 2484 vendendi
2573 2432 2970 2498 sacerdotium,
3008 2437 3094 2490 vel
3129 2439 3367 2493 emendi.
3410 2440 3583 2496 Aiunt

1997 2520 2143 2576 enim
2172 2521 2517 2591 pestilentem
2549 2530 2602 2575 et
2631 2523 2940 2579 falsidicum
2970 2529 3339 2596 patriarchnm
3360 2530 3581 2588 Judaeu-

2000 2627 2122 2665 rum
2154 2626 2249 2683 per
2280 2610 2528 2683 singulos
2551 2628 2727 2668 annos
2772 2614 2856 2669 vel
2897 2615 3065 2680 infra.
3114 2620 3578 2694 archisyuagogos

1999 2719 2097 2773 per
2148 2705 2297 2759 vices
2334 2705 2673 2760 constituere
2718 2720 2881 2759 causa
2927 2708 3248 2778 colligendae
3295 2714 3577 2785 pecuniae:

2000 2793 2254 2848 similiter
2290 2803 2344 2848 et
2372 2795 2750 2851 annulatorem
2788 2795 2975 2863 hujus,
3036 2797 3419 2870 [Egyptiorum
3469 2803 3580 2859 sci-

2003 2884 2130 2940 licet
2154 2884 2560 2956 patriarcbam;
2600 2894 2657 2942 ut
2684 2886 2974 2956 impleatur
3001 2887 3136 2944 illud
3160 2891 3579 2962 propheticum:

2006 2994 2024 3027 ι
2068 2974 2393 3033 Sacerdotes
2408 2977 2531 3045 ejus
2557 2993 2682 3033 cum
2717 2979 3043 3035 muneribus
3076 2983 3500 3051 respondebant,
3530 2994 3579 3040 et

2003 3069 2280 3139 prophetae
2307 3068 2454 3123 illius
2477 3083 2603 3125 cum
2639 3079 2866 3140 argento
2898 3071 3217 3129 divinabant
3244 3073 3312 3129 ".
3345 3093 3364 3127 ι

2006 3157 2090 3212 Εκ
2124 3158 2422 3231 canonibus
2442 3170 2810 3231 sexcentarum
2838 3161 3068 3231 triginta
3109 3174 3421 3218 sanctorum
3474 3163 3581 3219 Pa~

2075 3231 2342 3301 trum,qui
2358 3228 2692 3287 Chalcedone
2717 3228 3087 3299 convenerunt,
3118 3234 3304 3304 regula
3328 3238 3579 3295 secunda.

2073 3390 2133 3445 Si
2163 3390 2290 3461 quis
2322 3390 2615 3461 episcopus
2665 3406 2764 3462 per
2802 3390 3072 3463 pecunias
3121 3390 3314 3449 fecerit
3353 3393 3580 3451 ordina-

2001 3483 2228 3546 tionem,
2258 3491 2316 3537 et
2347 3482 2453 3538 sub
2489 3481 2663 3551 pretio
2707 3484 2979 3553 redegerit
3021 3484 3259 3553 gratiam
3312 3500 3435 3555 quae
3471 3501 3579 3543 non

2002 3585 2178 3646 potest
2207 3576 2390 3639 vendi,
2418 3576 2866 3646 nrdinaveritque
2905 3591 3000 3645 per
3047 3576 3339 3647 pecuniam
3364 3578 3579 3647 episco-

2000 3684 2155 3738 pum,
2190 3668 2275 3723 vel
2332 3667 2812 3736 chorepiscopum,
2871 3667 2961 3721 vel
3025 3669 3431 3739 presbyterum,
3489 3679 3578 3726 aut

1998 3760 2315 3825 diaconum,
2347 3758 2432 3812 vel
2469 3758 2770 3827 quemlibet
2815 3772 2881 3812 ex
2924 3757 3011 3812 his
3045 3758 3142 3828 qui
3167 3773 3576 3816 connumeran-

2002 3863 2088 3908 tur
2115 3854 2171 3906 in
2196 3852 2348 3906 clero
2380 3866 2395 3915 ;
2442 3860 2539 3903 aut
2567 3849 2908 3919 promoverit
2938 3863 3034 3918 per
3059 3850 3322 3919 pecunias
3357 3849 3578 3920 dispen-

2000 3941 2780 4009 satorem,autdefensorem,
2844 3941 2930 3995 vel
2964 3942 3428 4004 mansionarium,
3486 3950 3577 3999 aut

2001 4050 2331 4108 quemquam
2370 4034 2466 4105 qui
2497 4032 2782 4105 subjectus
2810 4040 2897 4086 est
2942 4032 3166 4101 regulae,
3201 4046 3303 4101 pro
3350 4032 3436 4088 sui
3463 4041 3577 4089 tur-

2001 4130 2209 4199 pissimi
2252 4127 2392 4183 lucri
2430 4124 2761 4180 commodo:
2815 4123 2863 4179 is
2907 4138 3070 4193 quem
3125 4125 3229 4178 hoc
3276 4132 3579 4181 attentasse

2000 4222 2291 4292 probatum
2334 4218 2518 4277 fuerit.
2554 4217 2761 4288 preprii
2790 4217 2993 4286 gradus
3032 4215 3281 4287 periculo
3328 4216 3581 4285 subjace-

2000 4316 2078 4370 bit
2108 4333 2121 4370 :
2160 4321 2216 4368 ct
2243 4313 2333 4384 qui
2381 4312 2669 4367 ordinatus
2714 4320 2820 4374 est,
2853 4309 2987 4364 nihil
3011 4325 3078 4367 ex
3108 4314 3208 4366 hac
3232 4313 3581 4369 ordinatione

2000 4416 2093 4462 aut
2123 4409 2490 4477 promotione,
2521 4418 2645 4472 qua:
2698 4418 2791 4471 per
2816 4401 3247 4474 negotiationem
3304 4402 3450 4459 facta
3475 4414 3580 4469 est,

314 4504 598 4575 χρήμασιν
646 4499 858 4571 ἔτυχεν,
889 4500 938 4551 εἰ
970 4497 1026 4550 δέ
1056 4514 1140 4566 τις
1186 4498 1282 4550 καὶ
1334 4492 1633 4565 μεσιτεύιυν
1700 4491 1894 4583 φανείη

2000 4499 2277 4572 proficiat,
2320 4496 2415 4552 sed
2449 4496 2523 4552 sit
2554 4494 2769 4550 alienus
2820 4509 2883 4548 ca
2912 4493 3179 4563 dignitate
3225 4502 3280 4550 et
3313 4497 3580 4552 sollicito.

312 4597 431 4657 τοῖς
459 4593 629 4656 οὕτως
660 4592 906 4662 αἰσχροῖς
938 4590 1033 4645 καὶ
1063 4588 1347 4659 ἀθεμίτοις
1378 4587 1647 4655 λήμμασι.
1674 4583 1769 4637 καὶ
1799 4578 1891 4637 οὗ·

1999 4598 2138 4657 dine,
2166 4607 2331 4662 quam
2363 4586 2612 4660 pecuniis
2647 4586 2922 4656 quasivit.
2946 4584 3145 4657 Siquis
3165 4603 3293 4642 vero
3312 4589 3576 4645 mediator

312 4704 409 4750 τος
433 4686 479 4738 εἰ
527 4685 626 4754 μὲν
665 4680 926 4754 κληρικδς
980 4683 1066 4752 εῖη
1095 4722 1111 4747 ,

315 4776 533 4850 βαθμοῦ
560 4792 573 4807 ·
614 4778 665 4831 εἰ
721 4775 778 4831 δὲ
816 4774 1003 4838 λαῖκδς
1056 4773 1088 4844 ἢ
1149 4770 1436 4843 μονάζων,
1499 4765 1897 4839 ἀναθεματιζέ-

317 4870 456 4925 σθω.

329 4984 435 5036 Ἐκ
467 4980 580 5047 τῆς
622 4982 950 5050 ἐγκυκλίου
986 4979 1317 5047 ἐπιστολῆς
1333 4980 1668 5038 Γενναόίου
1689 4979 1796 5035 τοῦ
1834 4979 1899 5036 ἁ-

392 5053 677 5123 γιωτάτου
762 5052 1247 5123 ᾀρχιείπισκόθζου
1330 5052 1902 5123 Κῳνσταντινουπόσ

391 5120 564 5187 λεως,
598 5122 697 5177 καί
734 5121 844 5189 τῆς
872 5122 995 5174 σὺν
1022 5122 1184 5183 αὐτῴ
1215 5120 1504 5175 συνόδου.

396 5217 580 5270 Ἔστω
614 5216 796 5287 τοίνυν
823 5216 917 5270 καί⁵
944 5214 1091 5267 ἔστιν
1151 5215 1559 5286 ἁποκήρυκτος,
1594 5212 1693 5266 καὶ
1723 5211 1905 5285 πάσης

318 5309 605 5379 ἱερατικῆς
631 5306 787 5371 ἀξίας
814 5324 875 5363 τε
906 5307 1000 5360 καὶ
1024 5306 1370 5378 λειτουργίας
1393 5305 1697 5377 ἀλλότριος,
1722 5305 1817 5357 καὶ
1835 5307 1902 5375 τῇ

316 5402 540 5477 κατάρᾳ
596 5401 692 5454 τοῦ
739 5400 1080 5469 ἀναθέματος
1113 5400 1498 5471 ὑποκείμενος,
1523 5400 1549 5452 ὃ
1578 5415 1638 5454 τε
1667 5397 1900 5452 κτᾶσθαι

316 5494 529 5565 ταύτην
560 5495 656 5566 τὴν
711 5492 1016 5563 ἱερωσύνην
1069 5493 1157 5547 διὰ
1183 5493 1483 5564 χρημάτων
1503 5492 1772 5557 οἰόμενος,
1808 5492 1904 5547 καὶ

316 5589 350 5641 ὁ
378 5588 587 5657 ταύτην
636 5586 901 5656 παρέχειν
958 5584 1051 5637 ἐπὶ
1099 5587 1380 5654 χρήμασιν
1425 5583 1853 5653 ὑπισχνούμενος
1885 5622 1901 5647 ,

319 5682 433 5738 εἴτε
462 5680 743 5754 κληρικδς,
780 5678 891 5731 εἴτε
923 5677 1110 5739 λαῗκδς
1144 5678 1228 5746 εἰη
1256 5692 1271 5707 '
1305 5676 1409 5730 κᾶν
1469 5676 1776 5746 ἐλέγχοιτο,
1804 5676 1908 5731 κᾶν

398 5836 443 5869 δ’
477 5832 638 5889 Milli.
680 5846 761 5892 tu.
806 5828 891 5884 ll.
1049 5890 1059 5902 .

616 5930 893 5987 ΡΑτιιοι..
928 5927 1049 5989 Gtt.
1072 5921 1338 5987 XCVIII.

1171 4678 1265 4734 τοῦ
1311 4677 1516 4731 οἰκείου
1579 4675 1893 4729 ἑκπιπτέτω

1999 4701 2102 4747 lam
2135 4684 2388 4756 turpibus
2415 4689 2468 4735 et
2490 4678 2743 4734 nefandis
2762 4677 2903 4733 datis
2928 4679 3012 4733 vel
3029 4679 3268 4750 acceptis
3287 4682 3579 4746 exstiterit.

1993 4783 2038 4839 si
2065 4779 2284 4851 quidem
2322 4772 2552 4829 clericus
2599 4770 2783 4837 fuerit,
2806 4760 3026 4840 proprio
3076 4772 3242 4842 gradu
3271 4772 3509 4839 decidat,
3536 4773 3579 4827 si

1982 4886 2123 4929 vero
2168 4869 2342 4925 laicus
2374 4875 2467 4921 aut
2509 4863 2833 4927 monachus,
2868 4862 3380 4919 anathematizetur.

2003 4986 2091 5043 Ea:
2151 4982 2404 5056 synodica
2433 4978 2702 5056 -episloia
2764 4974 3027 5056 Gennadii
3059 5054 3065 5056 _
3096 4977 3426 5056 sanctissimi
3486 4993 3577 5030 ar-

2072 5044 2391 5124 chiepiscopi
2421 5044 2984 5116 Constantinopoleos,
3017 5054 3067 5099 et
3098 5046 3286 5116 synodi
3316 5062 3432 5116 qua:
3462 5062 3577 5101 cum

2071 5143 2131 5182 εο
2166 5132 2302 5179 erat.

2074 5219 2161 5272 Sit
2191 5216 2380 5289 igitur,
2411 5222 2466 5268 et
2512 5220 2597 5267 est
2630 5208 2898 5280 abiectus,
2938 5219 2993 5264 et
3031 5208 3102 5264 ab
3136 5207 3286 5263 omni
3326 5207 3575 5263 sacerdo-

2004 5311 2098 5366 tali
2130 5308 2395 5380 dignitate
2439 5312 2605 5374 atque
2636 5302 2812 5357 oliicio
2860 5301 3095 5368 alienus,
3126 5308 3183 5355 et
3211 5299 3577 5356 maledictloni

2009 5397 2375 5455 anathematis
2425 5392 2711 5455 subditus,
2753 5399 2863 5444 tam
2899 5393 2993 5460 qui
3036 5390 3318 5460 possidere
3350 5390 3455 5445 hoc
3502 5405 3575 5445 sa.

2009 5491 2320 5549 cerdotium
2388 5502 2488 5560 per
2538 5483 2805 5557 pecunias
2854 5482 3140 5554 opinatur,
3195 5495 3359 5549 quam
3405 5481 3451 5535 is
3491 5482 3576 5550 qui

2011 5580 2260 5653 przehere
2284 5575 2337 5632 id
2374 5584 2597 5647 propter
2630 5572 2897 5645 pecunias
2932 5571 3243 5641 pollicetur,
3276 5568 3391 5625 sive
3422 5568 3552 5623 eleri

2015 5690 2134 5737 cus,
2166 5671 2282 5729 sive
2310 5670 2483 5728 laicus
2516 5668 2588 5726 sit
2617 5685 2631 5723 :
2656 5667 2772 5726 sive
2789 5666 3101 5729 convictus,
3127 5664 3243 5719 sive
3284 5678 3390 5719 non
3424 5663 3577 5721 fuerit

3098 5903 3176 5966 156
