4088 6494
564 340 694 407 1451

1647 330 1706 392 S.
1750 325 2057 390 TARASII
2093 322 2601 385 PATRIARCIUE
2633 322 2742 383 CP.

3712 316 3840 378 11:2

563 459 850 514 convictus
882 451 987 507 hoc
1016 447 1197 503 facere
1226 463 1240 499 :
1270 459 1379 500 non
1414 452 1500 499 est
1537 443 1685 497 enim
1724 439 1987 511 possibile
2020 452 2148 493 con-

2259 433 2328 505 μὴ
2356 434 2630 503 ἐλέγχοιτο
2670 430 2827 485 τοῦτο
2891 434 3086 488 ποιεῖν.
3115 433 3190 486 O5
3247 431 3357 503 γὰρ
3402 427 3515 485 οἷόν
3547 448 3608 485 τε
3645 438 3837 503 cupat-

563 545 753 602 venire
780 537 1246 599 inconvenientia,
1294 550 1471 604 neque
1501 548 1629 588 cum
1662 533 1775 585 Deo
1800 529 2146 586 Concordare

564 649 903 697 mammona,
928 631 1014 687 vel
1042 646 1138 687 eos
1168 628 1261 701 qui
1284 628 1411 683 huic
1433 629 1699 692 serviunt,
1716 626 1923 681 servire
1942 622 2052 677 Deo
2074 622 2145 676 δ’.

564 727 849 787 Dominica
880 736 962 780 est
997 724 1162 779 etiam
1189 721 1462 779 sententia
1489 720 1739 787 haecquae
1762 717 2148 770 incunctanter

563 818 767 875 asserit
800 831 907 872 non
956 829 1120 885 posse
1156 812 1266 866 Deo
1312 809 1519 865 servire
1542 820 1596 863 et
1620 820 1947 862 mammona:
1971 804 2038 856 “.

564 911 651 967 Ea:
673 905 967 965 canonibus
999 914 1197 961 sancta
1231 912 1395 1025 sexu:
1438 900 1627 1003 διείποόὶ
1662 902 1847 969 regula
1896 896 2148 953 vicesima

1199 990 1355 1025 secun
1400 990 1431 1024 a
1506 1011 1520 1025 .

1199 990 1431 1028 secunaa
1454 990 1473 1002 ‘
1484 990 1520 1025 '.

637 1071 747 1127 Eos
793 1070 884 1139 qui
923 1082 1021 1137 per
1065 1064 1329 1134 pecunias
1377 1062 1621 1118 ordinati
1674 1068 1826 1124 sunt,
1875 1059 1991 1114 sive
2030 1056 2147 1127 cpi-

569 1163 745 1234 scopi,
794 1162 911 1217 sive
958 1158 1277 1229 quicunque
1318 1153 1529 1219 clerici,
1577 1162 1634 1208 et
1681 1167 1789 1206 non
1842 1150 2147 1205 secundum

569 1253 951 1329 probationem
1006 1257 1061 1303 et
1108 1249 1233 1301 vitae
1288 1245 1601 1316 optionem,
1654 1242 1853 1311 deponi
1898 1239 2152 1311 praecipi-

574 1361 745 1402 mus:
782 1347 879 1399 sed
922 1349 976 1395 et
1027 1340 1149 1395 illos
1193 1338 1287 1409 qui
1335 1337 1439 1391 hos
1478 1336 1768 1390 ordinasse
1820 1339 2148 1388 noscuntur.

570 1438 875 1495 Audiamus
929 1434 1047 1489 haec
1097 1432 1301 1495 omnia,
1361 1438 1417 1483 et
1468 1427 1697 1483 auribus
1758 1425 2148 1496 percipiamus,

572 1545 687 1586 non
708 1527 884 1583 solum
931 1524 1131 1580 summi
1166 1520 1482 1576 sacerdotes
1523 1530 1576 1575 et
1609 1517 1926 1573 sacerdotes
1968 1524 2023 1571 et
2057 1515 2150 1585 qui

574 1619 628 1676 in
665 1620 810 1674 clero
859 1625 1348 1675 connumerantur,
1388 1609 1484 1667 sed
1529 1619 1582 1665 et
1609 1625 1801 1664 omnes
1837 1607 1931 1678 qui
1962 1606 2148 1661 orbem

575 1714 894 1770 habitamus
949 1717 1247 1764 terrarum.
1302 1705 1527 1775 Oportet
1572 1702 1719 1756 enim
1777 1698 2152 1754 abundantius

2253 522 2522 594 δασθῆναί
2572 538 2705 575 ποτε
2737 521 2806 575 τὰ
2838 521 3152 593 ἀσύμϐατα,
3213 523 3337 578 οὐδὲ
3396 522 3517 593 Θεῷ
3543 523 3840 594 συμφωνῆ-

2255 632 2344 668 cat
2377 616 2467 668 τὸν
2497 616 2807 684 μαμμωνᾶν
2835 654 2850 678 ,
2891 614 2923 685 ἢ
2950 616 3078 678 τοὺς
3128 615 3307 686 τούτῳ
3344 614 3701 678 δουλεύοντας
3724 614 3839 669 δου-

2252 707 2443 761 λεῦσαι
2472 705 2611 776 Θεῷ.
2637 706 2942 777 Δεσποτικὴ
2970 706 3107 778 αὕτη
3135 707 3281 761 ἔστὶν
3306 708 3585 775 ἀπόφασις
3605 705 3838 776 ἀναμφί-

2252 798 2466 862 λεκτος,
2490 798 2551 849 οὺ
2575 795 2834 849 δύνασθαι
2859 796 2978 867 Θεῷ
3008 796 3281 851 δουλεύειν
3309 798 3405 851 καὶ
3425 816 3544 869 μαμ
3556 799 3735 868 μωνᾷ.

2269 892 2363 944 Ἐκ
2389 889 2509 944 τῶν
2532 890 2811 943 κανόνων
2836 887 2954 977 τῆςι
2975 881 3150 1025 dﬂig-
3193 889 3376 958 ἕκτης
3427 889 3706 945 συνόδου
3736 907 3839 943 κα-

2888 977 3015 1011 νων
3044 978 3077 1011 κ
3145 1000 3159 1014 .

2888 977 3015 1011 νων
3044 977 3159 1014 2615⁷.

2326 1052 2467 1116 Τοὺς
2493 1051 2581 1105 ἐπὶ
2616 1050 2865 1122 χρήμασι
2895 1050 3429 1119 χειροτονουμένους,
3464 1040 3587 1103 εί¹τε⁴
3613 1050 3843 1103 ἐπισκό-

2258 1163 2411 1207 πους,
2441 1144 2474 1215 ἦ
2497 1144 2848 1215 οἱουσδήποτε
2877 1144 3201 1215 κληρικοὺς,
3226 1143 3317 1195 καὶ
3343 1143 3405 1194 οὐ
3438 1143 3582 1196 κατὰ
3608 1142 3838 1211 δοκιμα-

2258 1237 2379 1290 σίαν
2406 1235 2501 1289 καὶ
2526 1235 2617 1288 τοῦ
2650 1235 2767 1305 βίου
2795 1236 3029 1306 αἵρεσιν,
3057 1234 3443 1305 καθαιρεῖσθαι
3494 1234 3842 1305 προστάσσοι

2260 1346 2362 1400 μεν
2395 1345 2409 1359 ο
2438 1323 2593 1382 ἀλλὰ
2624 1328 2718 1381 καὶ
2773 1330 2903 1392 τοὺς
2954 1326 3844 1399 χειροτονήσαντας.’Λκούσωμεν

2256 1420 2433 1476 ταῦτα
2456 1420 2654 1485 πάντα,
2685 1420 2779 1474 καὶ
2812 1418 3225 1491 ὲνωτισὼμεθα,
3263 1420 3324 1474 οὐ
3359 1421 3521 1489 μόνον
3563 1421 3848 1492 ἀρχιερεῖς

2259 1514 2355 1567 καὶ
2378 1514 2563 1585 ἱερεῖς,
2595 1514 2689 1566 καὶ
2711 1514 2760 1566 οί
2787 1512 2867 1583 τῷ
2888 1512 3078 1584 κλήρῳ
3135 1511 3649 1585 κατηριθμημένα,
3711 1514 3848 1566 am

2258 1606 2352 1659 καὶ
2385 1605 2587 1668 πάντες
2609 1605 2659 1658 οί
2688 1604 3077 1668 κατοικοῦντες
3105 1606 3206 1677 τὴν
3237 1606 3592 1676 οἰκουμένην.
3624 1608 3719 1659 Δεῖ
3739 1607 3848 1676 γὰρ

2260 1696 2666 1769 περισσοτέρως
2690 1698 2838 1768 ἡμᾶς
2867 1697 3163 1768 προσέχειν
3191 1701 3307 1761 τοῖς
3346 1698 3692 1763 ἀκουσθεῖσι,
3738 1700 3847 1768 μή-

572 1820 678 1861 nos
714 1800 999 1858 intendere
1026 1798 1113 1853 his
1143 1811 1265 1866 quae
1310 1794 1630 1858 audiuntur,
1678 1805 1745 1846 ne
1773 1790 1918 1845 forte
1948 1789 2154 1846 deﬂua-

2259 1806 2390 1843 ποτε
2458 1788 2872 1861 παραρρυῶμεν
2894 1806 2908 1821 ’
2944 1807 2963 1841 ι
2988 1789 3193 1843 Ὀτιοῦ
3228 1789 3491 1861 φθαρτοῖς
3530 1791 3846 1861 ἁργυρίῳῆ

575 1912 701 1954 mus
735 1912 750 1951 :
789 1913 808 1946 ι
848 1891 988 1960 Quia
1021 1906 1131 1945 non
1169 1885 1625 1958 corruptibilibus
1660 1893 1889 1955 argento
1934 1892 1986 1939 et
2018 1900 2155 1939 auro

572 1986 841 2055 redempti
876 1998 1067 2040 sumus
1092 1983 1157 2037 de
1181 1995 1319 2034 vana
1350 1987 1539 2033 nostra
1569 1976 1884 2031 traditionis
1914 1987 2156 2047 paterna:

577 2074 1016 2137 conversatione,
1060 2069 1153 2126 sed
1191 2068 1434 2139 pretioso
1478 2067 1744 2137 sanguine
1792 2067 1919 2137 agni
1962 2065 2158 2120 imma-

577 2170 744 2228 culati
788 2176 841 2224 et
887 2159 1307 2220 incontaminati
1340 2157 1471 2215 Jesu
1524 2158 1731 2214 Christi
1754 2158 1821 2212 ".
1859 2178 1877 2210 ι
1913 2156 2006 2212 Sic
2053 2172 2155 2213 nos

576 2262 795 2323 docete,
844 2256 927 2310 vir
963 2251 1363 2318 sacratissime,
1417 2250 1575 2321 sequi
1623 2251 1867 2305 divinam
1904 2247 2154 2321 Scriptu-

579 2369 724 2416 ram,
765 2360 820 2407 et
852 2348 1195 2419 evangelica,
1240 2344 1568 2415 apostolica,
1616 2344 1906 2408 canonica,
1954 2353 2007 2398 et
2056 2359 2154 2413 pa-

580 2454 734 2501 terna
774 2448 1067 2514 prmccpta.
1099 2436 1403 2493 Obedimus
1436 2437 1584 2492 enim
1610 2436 1792 2491 verbis
1816 2438 1931 2491 oris
1963 2437 2151 2491 vestri.

586 2555 607 2591 ι
643 2534 823 2608 Super
868 2532 1082 2588 excelsa
1126 2528 1461 2592 conscende,
1501 2528 1680 2583 exalta
1727 2526 1783 2583 in
1831 2524 2159 2582 fortitudine

581 2642 775 2684 vocem
812 2634 962 2682 tuam
985 2625 1030 2656 “
1067 2640 1081 2678 :
1125 2641 1141 2673 ι
1175 2622 1262 2677 abi
1312 2621 1365 2676 in
1402 2620 1713 2682 latitudine,
1759 2620 1995 2691 praedica
2031 2634 2155 2675 cum

582 2719 808 2783 ﬁducia,
839 2727 902 2774 ut
932 2715 1215 2771 auferatur
1244 2724 1299 2769 et
1341 2714 1396 2768 itt
1435 2713 1793 2768 abolitionem
1836 2713 2018 2768 veniat
2055 2713 2157 2768 im-

581 2809 788 2885 positio
831 2821 1029 2863 manus
1077 2820 1202 2878 quae
1240 2819 1337 2874 per
1390 2804 1655 2875 pecunias
1716 2804 1822 2860 ﬁt:
1861 2819 2073 2857 necnon
2106 2812 2159 2857 et

582 2900 849 2976 quidquid
907 2900 1048 2953 hanc
1095 2906 1319 2969 propter
1358 2896 1671 2962 avaritiam,
1726 2894 2053 2967 iniustitiam
2105 2902 2160 2949 et

583 2992 1034 3066 acquisitiouem,
1080 2989 1257 3059 turpis
1306 2988 1444 3046 lucri
1497 2987 1670 3059 gratia
1720 2988 1993 3059 sequitur.
2045 2984 2160 3043 liae

582 3088 731 3142 cnim
788 3098 900 3140 una
944 3097 1073 3137 cum
1108 3080 1196 3136 his
1230 3096 1351 3151 qua:
1401 3095 1524 3135 cum
1580 3079 1671 3134 illa
1718 3078 2074 3147 conveniunt,
2125 3093 2155 3134 a

584 3180 787 3251 populo
823 3173 1205 3247 acquisitionis
1237 3173 1336 3245 qui
1378 3172 1601 3227 nomine
1635 3170 1844 3228 Christi
1877 3178 2153 3237 censetur,

583 3284 639 3328 et
666 3270 837 3343 gratis
894 3276 1233 3325 consecutus
1284 3273 1369 3320 est
1419 3264 1875 3335 redemptionem,
1939 3263 2158 3328 ablata,

585 3364 772 3419 omnia
803 3362 1060 3431 contagia
1086 3374 1209 3429 quae
1252 3357 1560 3427 nequitiam
1593 3364 1925 3425 sequuntur,
1952 3355 2159 3411 radici-

586 3464 679 3508 tus
722 3451 1177 3522 amputabuntur,
1218 3458 1271 3501 et
1316 3446 1631 3500 sacerdotes
1681 3457 1737 3498 ut
1774 3447 1955 3513 palma
2003 3445 2163 3499 flore-

585 3542 747 3609 bunt,
778 3540 983 3595 Christi
1014 3540 1239 3593 odorem
1292 3537 1379 3590 his
1419 3537 1514 3605 qui
1546 3535 1683 3591 salvi
1713 3536 1854 3592 fiunt
1886 3522 2164 3605 inspiran-

586 3645 711 3701 tes,
745 3626 807 3688 et
869 3631 1130 3686 Ecclesia:
1189 3627 1524 3697 triumphale
1568 3642 1792 3683 carmen
1849 3640 2159 3683 cam-tiles:

585 3724 830 3780 Abstulit
853 3720 1121 3776 Dominus
1155 3719 1459 3789 injustitias
1481 3728 1605 3775 tuas
1629 3734 1695 3774 ex
1722 3728 1794 3775 te.
1822 3719 1961 3787 Quin
1986 3730 2037 3775 et
2067 3736 2163 3775 eos

587 3816 682 3886 qui
712 3824 945 3882 carpunt
974 3811 1264 3866 dulcedine
1314 3811 1609 3882 replentes,
1642 3821 1697 3866 et
1727 3811 2162 3882 multiplicantes

587 3907 714 3963 illos
766 3906 821 3960 in
870 3912 1014 3958 terra
1047 3903 1239 3974 pingui
1264 3902 1334 3967 "’,
1380 3903 1665 3973 longaeva),
1710 3904 1960 3973 inquam,
2014 3904 2164 3959 illius

586 4000 713 4056 vita:
739 4013 805 4054 ac
838 3996 1276 4068 iucorruptibilis
1307 3997 1553 4055 haeredes
1582 4005 1982 4054 monstrantes.

1330 4107 1425 4165 IV.

588 4206 699 4261 Deo
752 4203 1120 4259 colendissimo
1154 4201 1199 4234 "
1262 4203 1623 4258 comministro
1682 4202 1897 4257 domino
1961 4203 2161 4260 Joanm‘

658 4275 962 4345 presbytero
988 4282 1037 4327 et
1077 4273 1367 4345 ltegumeno
1399 4289 1490 4345 seu
1521 4273 1935 4339 anne/toruae“,
1985 4275 2161 4329 Tara-

657 4341 770 4403 sius
817 4341 1069 4415 indignus
1112 4342 1387 4415 episcopus
1430 4341 1962 4414 Constantinopoleos
2012 4362 2161 4402 nova:

657 4416 841 4471 Roma
878 4412 1191 4467 in'Domino
1216 4413 1465 4466 salutent.

660 4503 765 4571 Qui
813 4520 880 4559 ex
914 4502 1133 4560 ﬂuentis
1164 4502 1341 4561 divini
1380 4504 1620 4575 Spiritus
1652 4504 1932 4577 irrigatus,
1984 4517 2038 4563 et
2081 4509 2163 4563 in-
2197 4498 2243 4555 Ι)

591 4595 896 4666 spiratione
932 4592 1094 4663 hujus
1120 4602 1206 4647 est
1241 4594 1575 4659 illustratus,
1612 4594 1783 4652 David
1821 4598 1914 4653 ille
1957 4599 2169 4654 scilicet

593 4689 736 4743 inter
776 4703 934 4758 reges
967 4687 1232 4758 propheta
1280 4694 1337 4741 et
1374 4685 1513 4741 inter
1549 4690 1845 4761 prophetas
1896 4708 2013 4755 rex,
2045 4693 2168 4747 lau-

590 4783 731 4836 dans
759 4779 1016 4835 dicebat:
1053 4797 1071 4831 ι
1105 4777 1268 4834 Initio
1297 4779 1528 4847 cognovi
1573 4779 1639 4835 de
1674 4782 2006 4838 testimoniis
2033 4784 2166 4848 lttis,

591 4871 851 4942 quoniam
899 4870 955 4924 in
995 4881 1260 4924 asternum
1310 4868 1551 4926 fundasti
1589 4886 1653 4925 ea
1674 4870 1742 4925 '°.
1772 4891 1790 4924 ι
1833 4872 1963 4928 Siue
2009 4890 2165 4929 men-

591 4964 751 5020 dacio
776 4964 963 5032 itaque
995 4954 1087 5017 his
1119 4961 1215 5031 qui
1252 4961 1591 5019 intellectum
1627 4962 1850 5031 habent,
1886 4972 1969 5021 est
2001 4966 2165 5036 hym-

592 5057 756 5113 nodia
798 5054 937 5119 haec,
976 5064 1029 5107 et
1077 5056 1233 5108 firma
1278 5055 1364 5110 his
1402 5054 1497 5125 qui
1550 5058 1853 5111 concinuut
1897 5070 2039 5115 eam.
2074 5058 2165 5114 Ait

590 5152 737 5203 enim
779 5148 1058 5215 inspector
1099 5145 1195 5200 Dei
1240 5146 1452 5216 Moyses
1481 5146 1549 5203 de
1592 5148 1740 5203 omni
1769 5148 1965 5204 divinae
2012 5151 2165 5205 Scri-

588 5248 763 5309 ptura:
806 5236 975 5295 aﬂatu
1004 5254 1019 5291 :
1058 5254 1075 5286 ι
1105 5235 1163 5290 lu
1198 5234 1307 5291 illis
1343 5250 1454 5290 non
1490 5245 1574 5291 est
1609 5236 1829 5303 addere,
1874 5243 1929 5290 et
1959 5236 2027 5291 ab
2059 5236 2164 5293 illis

589 5343 699 5382 non
738 5336 823 5382 est
844 5325 1062 5381 auferre
1082 5325 1147 5381 ".
1184 5343 1205 5378 ι

2256 1879 2468 1953 χρυσίῳ
2520 1880 2911 1951 ἡγοράσθημεν
2942 1882 3006 1935 ὲκ
3040 1882 3428 1953 τῆςςματαίας
3486 1900 3849 1954 πατροπαραο

2254 1972 2411 2027 δὸτου
2440 1972 2811 2042 ἀναστροφῆς,
2838 1971 2974 2025 ἀλλὰ
3017 1974 3188 2043 τιμίῳ
3237 1973 3433 2043 αἵματι
3469 1973 3673 2044 Ἀμνοῦ
3697 1975 3848 2043 ἀμώ·

2258 2082 2360 2136 μου
2382 2064 2479 2118 καὶ
2501 2063 2730 2118 ἀσπίλου
2762 2063 2941 2134 Ἰησοῦ
2968 2063 3010 2117 Χ
3020 2063 3231 2134 ριστοῦ.
3260 2083 3277 2115 ι
3302 2064 3494 2125 Οὕτως
3519 2066 3669 2135 ἡμᾶς
3702 2065 3848 2118 δίδα-

2255 2157 2369 2224 ξον,
2393 2157 2526 2229 ἆνερ
2554 2159 2839 2229 ἱερώτατε,
2862 2156 3094 2209 ἔπεσθαι
3126 2158 3241 2220 τοῖς
3300 2157 3599 2227 Γραφικοῖς
3624 2159 3719 2210 καὶ
3755 2158 3849 2210 εὑ-

2254 2251 2590 2320 αγγελικοῖς,
2630 2252 3035 2315 ἀποστολικοῖς,
3088 2253 3397 2313 κανονικοῖς
3422 2266 3482 2303 τε
3517 2250 3611 2303 καὶ
3640 2252 3848 2321 Harp:-

2255 2343 2372 2404 κοῖς
2405 2339 2853 2411 παραγγέλμασι.
2891 2339 3201 2409 Πειθόμεθα
3231 2340 3340 2411 γὰρ
3363 2344 3475 2406 τοῖς
3506 2341 3720 2411 ῥήμασι
3754 2343 3849 2397 τοῦ

2258 2432 2530 2503 στόματος
2559 2433 2588 2485 ὑ
2598 2433 2713 2501 μῶν
2742 2447 2756 2463 ⁸
2799 2451 2818 2484 ι
2869 2432 2993 2486 Ἐπὶ
3019 2434 3128 2487 τῶν
3158 2433 3378 2505 ὑψηλῶν
3405 2433 3665 2506 ἀνάϐηθι,
3697 2434 3851 2505 5dr»-

2258 2543 2350 2580 σον
2380 2527 2437 2578 ὲν
2479 2524 2627 2595 ίσχύῖ
2648 2528 2747 2595 τὴν
2775 2526 2962 2597 φωνήν
3021 2544 3118 2579 σου
3149 2543 3163 2558 ·
3200 2545 3219 2578 ›
3254 2527 3553 2599 πορεύθητι
3594 2531 3657 2581 ἐν
3718 2532 3854 2583 πλα-

2254 2617 2446 2687 τυσμῷ
2472 2634 2487 2649 ι
2523 2617 2760 2687 κήρυξον
2782 2618 2926 2686 μετὰ
2954 2619 3294 2691 παρρησίας,
3328 2622 3480 2685 ὅπως
3509 2621 3714 2694 ἐξαρθῇ
3759 2628 3851 2677 καὶ

2257 2710 2340 2772 είς
2388 2709 2699 2780 ἀφανισμὸν
2753 2710 3047 2781 οίχήσηται
3095 2712 3128 2782 ἠ
3175 2711 3266 2765 διὰ
3313 2714 3620 2783 χρημάτων
3666 2733 3851 2785 χειροο

2258 2800 2433 2865 θεσία,
2493 2801 2589 2855 καὶ
2612 2802 2723 2855 πᾶν
2766 2803 2870 2855 εῐτι
2918 2802 3093 2876 ταύτῃ
3138 2803 3227 2857 διὰ
3281 2804 3677 2876 φιλαργυρίαν,
3733 2808 3847 2860 ast-

2257 2893 2382 2948 κίαν
2396 2911 2457 2947 τε
2474 2894 2569 2948 καὶ
2587 2894 2861 2965 ἐμπορίαν
2886 2896 3292 2968 αίσχροκερδῶς
3326 2916 3400 2951 πα
3411 2899 3661 2970 ρέπεται.
3697 2901 3847 2953 Ταύ-

2256 3004 2357 3057 της
2370 2987 2478 3059 γὰρ
2507 2986 2646 3057 μετὰ
2669 2985 2777 3040 τῶν
2811 2987 3236 3057 συστοιχούντων
3263 2989 3401 3061 αὐτῇ
3443 2992 3850 3061 ἐξαιρουμένης

2259 3078 2325 3132 ἐκ
2360 3078 2457 3133 τοῦ
2485 3078 2800 3149 περιουσίου
2817 3077 2970 3143 λαοῦ,
2994 3079 3086 3132 τοῦ
3119 3080 3197 3151 τῷ
3225 3081 3453 3152 ὀνόματι
3477 3083 3573 3136 τοῦ
3606 3086 3848 3155 Χριστοῦ

2262 3170 2625 3242 κεκλημένου,
2670 3171 2767 3226 καὶ
2817 3171 3029 3243 δωρεὰν
3083 3174 3339 3244 τυχόντος
3377 3174 3481 3244 τῆς
3522 3176 3849 3248 ἀπολυτρώο

2265 3280 2424 3329 σεως,
2470 3263 2652 3318 πάντα
2680 3263 2751 3317 τὰ
2786 3266 2854 3335 τῇ
2914 3264 3087 3336 κακίᾳ
3142 3266 3489 3336 συνεπόμενα
3556 3270 3851 3339 μιεὶσματα

2264 3356 2564 3429 πρόρριζον
2585 3356 3150 3428 συνεκτμηθήσονται,
3168 3359 3266 3413 καὶ
3288 3361 3336 3412 οί
3366 3362 3536 3431 ἱερεῖς
3569 3361 3649 3424 ὡς
3673 3362 3851 3430 φοῖνιξ

2262 3446 2583 3518 ἀνθήσουσι,
2620 3446 2857 3516 Χριστοῦ
2910 3448 3141 3502 εὐωδίαν
3184 3452 3299 3512 τοῖς
3359 3449 3701 3519 σωζομένοις
3748 3456 3847 3522 έμ-

2265 3540 2540 3601 πνέοντες,
2572 3538 2668 3591 καὶ
2696 3540 2766 3611 τῇ
2804 3537 3115 3612 Ἐκκλησία
3143 3540 3427 3605 ἐπινικίως
3460 3544 3846 3615 πῳσᾴὼντες.

2264 3629 2513 3698 Περιεῖλε
2567 3630 2773 3700 Κύριος
2821 3631 2887 3683 ὲκ
2918 3629 3015 3683 σοῦ
3070 3631 3142 3685 τὰ
3190 3632 3510 3701 ἀδικήματα
3572 3650 3692 3688 σου.
3731 3636 3849 3687 Ἔτι

2263 3738 2322 3774 τε
2358 3720 2454 3773 καὶ
2502 3719 2633 3783 τοὺς
2692 3720 3062 3790 δρεπομένους
3105 3721 3499 3789 γλυκάζοντες,
3552 3724 3851 3793 πληθύνον-

2263 3811 2355 3873 et;
2366 3826 2423 3863 τε
2445 3808 2645 3872 αὐτοὺς
2667 3809 2725 3861 ὲν
2746 3809 2818 3879 γή
2828 3825 2898 3879 pq.
2918 3808 3085 3875 πίονι,
3105 3812 3206 3875 τῆς
3236 3808 3515 3880 μακαρίας
3539 3808 3851 3883 [μακραίω-

2260 3898 2375 3971 νος]
2409 3899 2645 3969 ἐκείνης,
2677 3898 2841 3969 λέγω,
2875 3900 2971 3954 καὶ
2991 3901 3273 3972 ἀκηράτου
3302 3900 3446 3972 ζωῆς
3480 3900 3851 3975 κληρονόμους

2264 3992 2732 4057 ἀναδεικνύοντες.

3030 4113 3103 4165 Δ’.

2268 4200 2358 4268 Τῷ
2386 4200 2841 4271 Θεοσεόεστάτῳ
2867 4201 2966 4256 καὶ
2987 4202 3410 4271 εὐλαϐεστάτῳ
3448 4207 3851 4270 (funestam-

2334 4270 2434 4353 γῷ,
2470 4272 2917 4353 βυρίῳἸωάγνι]
2969 4274 3351 4353 πρεσϐυςέρῳ
3380 4270 3492 4331 καὶ
3535 4276 3852 4353 ἡγουμένῳ

2333 4341 2811 4413 κιιὶύναχωρητῇ
2839 4342 2960 4396 τῶν
2986 4341 3295 4413 κοσμικῶν
3341 4341 3711 4413 φροντίδων,
3745 4346 3849 4399 Ta-

2326 4411 2547 4481 ρὰσιος
2576 4411 3275 4479 Κωνσταντινουπὸλεως
3291 4411 3437 4480 νέιις
3454 4414 3711 4483 Ῥώμης.

2352 4504 2411 4557 '0
2441 4506 2505 4558 ὲκ
2536 4504 2695 4557 θείων
2723 4503 2983 4573 ναμάτων
3041 4504 3136 4558 τοῦ
3156 4503 3306 4557 θείου
3363 4504 3693 4574 Πνεύματος
3754 4509 3851 4576 ἁρο

2263 4595 2504 4661 δευθεὶς,
2554 4596 2650 4649 καὶ¹
2692 4597 2759 4667 τῇ
2824 4595 3128 4666 ὲμπνιύσει
3155 4595 3351 4649 τούτου
3410 4596 3849 4663 καταυγασθεὶς,

2265 4687 2453 4749 Δασὶδ,
2499 4688 2528 4740 ὀ
2570 4688 2627 4739 ὲν
2691 4686 2981 4756 βασιλεῦσι
3024 4688 3310 4759 προφήτης
3371 4688 3467 4741 καὶ
3520 4688 3582 4740 ὲν
3632 4690 3853 4757 προφή-

2262 4795 2384 4840 ταις
2409 4777 2687 4848 βασιλεὺς,
2724 4778 2910 4843 ὑμνῶν
2968 4778 3144 4847 ἔλεγε
3179 4798 3198 4831 ι
3230 4778 3532 4849 Καταρχάς
3593 4780 3771 4848 ἔγνων
3793 4784 3854 4834 ὲκ

2264 4866 2372 4919 τῶν
2408 4866 2727 4937 μαρτυρίων
2763 4883 2884 4931 σου,
2923 4868 3005 4923 ὅτι
3029 4870 3110 4933 είς
3136 4868 3228 4921 τδν
3258 4868 3433 4923 αἰῶνα
3478 4869 3853 4940 ἐθεμελίωσας

2262 4959 2423 5012 αὑτά.
2446 4975 2465 5009 ι
2507 4957 2770 5030 ’Λψευδὴς
2795 4962 2909 5024 τοῖς
2936 4959 3062 5015 νοῦν
3090 4960 3308 5031 ἔχουσιν
3336 4963 3369 5032 ἠ
3403 4962 3659 5032 ὑμνῳδία
3688 4963 3853 5033 αὕτη,

2266 5052 2359 5103 καὶ
2380 5049 2575 5121 βεϐαία
2608 5055 2721 5118 τοῖς
2748 5052 2921 5124 αὐτὴν
2947 5053 3193 5125 ᾄδουσιν.
3229 5054 3375 5124 Ἔφη
3407 5053 3517 5123 γὰρ
3542 5055 3641 5108 καὶ
3670 5058 3700 5109 ὁ
3731 5056 3853 5109 θεός

2264 5159 2404 5211 πτης
2431 5141 2671 5214 Μωῦσῆς
2696 5146 2823 5215 περὶ
2848 5145 3027 5215 πάσης
3053 5144 3339 5215 Γραφικῆς
3389 5144 3690 5217 θεηγορίας
3714 5146 3857 5217 {0:0-

2265 5230 2477 5305 λογίας]
2514 5254 2530 5285 ι
2558 5235 2673 5286 Ἐπ’
2692 5234 2877 5297 αὐτοῖς
2893 5236 2991 5288 οὐκ
3010 5235 3123 5287 ἐστι
3154 5234 3493 5305 προσθεῖναι,
3513 5237 3610 5290 καὶ
3634 5236 3734 5288 ἀπ’
3751 5235 3853 5288 αὑ-

2264 5329 2371 5381 τῶν
2400 5334 2499 5382 οᾶκ
2528 5327 2673 5381 ἐστιν
2706 5328 2944 5397 ἀφελεῖν.
2987 5347 3004 5380 s

663 5507 707 5539 ”
734 5504 921 5579 Matth.
953 5520 1031 5579 vt,
1058 5503 1147 5558 24.
1228 5503 1433 5579 l"ibid.
1473 5504 1555 5579 __“
1580 5501 1659 5558 Ad
1691 5520 1841 5579 oram
1872 5523 1922 5561 c.
1958 5506 2193 5579 Jolygui.
2230 5505 2293 5559 lli
2339 5523 2619 5579 canones
2646 5523 2755 5579 non
2798 5507 2957 5579 apud
2982 5506 3355 5579 Latinosused
3396 5509 3541 5577 apud
3576 5510 3851 5579 quosdam

592 5572 815 5628 Grmcos
848 5574 1225 5635 inveniuntur,
1257 5575 1400 5629 sicut
1437 5572 1543 5628 alia
1596 5578 1879 5630 nonnulla.
1956 5578 2000 5608 "
2027 5572 2218 5631 I'Petr.
2256 5594 2292 5642 ι,
2334 5577 2417 5640 l8,
2450 5577 2532 5632 l9.
2612 5578 2656 5609 “
2682 5577 2761 5631 lsa
2819 5572 2907 5638 iL,
2939 5578 2992 5633 9.

3070 5579 3113 5609 "
3138 5576 3368 5633 Senecta
3404 5576 3655 5633 uberiJ—o
3682 5580 3850 5632 Vide-

593 5654 685 5696 tur
720 5644 914 5711 legisse
937 5646 1125 5696 Anast.
1154 5644 1211 5696 ἐν
1235 5647 1306 5714 γῇ
1342 5652 1435 5699 aut
1459 5645 1613 5713 χώρα
1683 5645 1727 5677 ⁸⁸
1754 5646 1810 5699 In
1843 5644 2031 5700 Grzuco
2061 5663 2074 5699 :
2115 5668 2131 5696 ι

2290 5648 2665 5712 colentissimo
2690 5665 2753 5703 ac
2784 5647 3301 5706 reverendissimoa
3326 5647 3499 5704 Hann.
3577 5648 3726 5703 “Gr.
3756 5668 3773 5697 ι
3795 5657 3850 5698 (ἰ

595 5715 964 5775 anachoreta,
999 5728 1254 5770 curarum
1286 5714 1492 5771 scilicet
1522 5714 1917 5771 ntundanarum
1945 5718 2335 5787 contemptori.
2366 5737 2385 5769 ο
2465 5720 2511 5749 ⁸ο
2545 5717 2690 5775 Psal.
2729 5735 2920 5784 cxvut,
2957 5718 3078 5777 I52.
3154 5720 3198 5751 “
3228 5718 3385 5779 Deut.
3418 5734 3493 5785 tv,
3525 5719 3591 5787 2;
3631 5736 3729 5783 stt,
3751 5720 3845 5773 3'1.
