3994 6500
140 338 306 403 1153

1603 341 2006 404 EPISTOLE.

3298 339 3437 409 1454

226 464 302 514 Oi
360 455 459 516 οῦν
498 460 888 533 ὲρευνητικῶς,
931 460 1025 515 καῖ
1070 461 1131 515 οὐ
1175 460 1578 535 παροδευτικῶς
1612 464 1745 516 πᾶσι

1918 461 2022 527 Qui
2047 475 2179 532 ergo
2208 458 2578 516 scrutabiliter
2599 470 2657 516 ει
2691 474 2800 515 non
2829 461 3147 518 transitoria
3171 463 3432 521 omnibus

143 557 281 620 τοῖς
342 555 647 627 Γραφικοῖς
694 553 791 607 καὶ
850 553 1150 625 ὶῘατρικοϊς
1201 553 1523 624 διδάγμασιν
1585 552 1752 622 ἐγκύ-

149 662 403 711 πτοντες
428 685 446 711 ,
506 645 600 700 καὶ
657 647 723 715 τῇ
773 643 1077 713 ἀναγνώσει
1155 640 1363 697 τούτων
1452 645 1749 713 προσέχον-

149 756 279 803 τες,
314 739 411 793 καὶ
436 738 528 793 τὸν
543 736 670 790 νοῦν
694 735 901 790 ἑαυτῶν
922 737 987 807 τῇ
1020 735 1273 807 εὐσεϐείᾳ
1300 735 1395 788 καὶ
1427 739 1493 807 τῇ
1523 736 1749 806 ἀληθείᾳ

154 831 659 902 προσπηγνύντες,
711 829 809 881 καὶ⁵
881 827 942 881 ού
1004 827 1144 898 πρὸς
1205 829 1266 880 τδ
1340 829 1469 882 ἴδιον
1537 828 1752 898 θέλημα

156 922 332 975 τοῦτο
356 922 635 993 φέροντες,
669 920 995 989 φωτίζονται
1028 918 1386 988 θαυμαστῶς.
1443 918 1552 972 άπὸ
1576 918 1750 988 ὀρέων

159 1014 431 1081 αἰωνίων,
466 1014 939 1084 καταυγαζόμενοι
966 1011 1072 1065 ὕπὸ
1109 1012 1219 1065 τῶν
1248 1009 1626 1079 εύαγγελικῶν
1656 1012 1752 1064 καὶ

160 1107 550 1161 ἁποστολικῶν
606 1106 982 1175 ἐνταλμάτων.
1017 1105 1159 1175 Ὀρη
1194 1102 1303 1173 γὰρ
1328 1100 1545 1156 ταῦταὸ
1564 1100 1749 1171 ψαλμ-

162 1199 302 1271 ῳδδς
331 1198 614 1269 ὀνομάζει,
626 1198 708 1251 ὅτι
735 1198 795 1250 ἐν
806 1196 989 1259 αὐτοῖς
1001 1194 1408 1265 ὲμμελετῶντες
1429 1192 1524 1246 καὶ
1537 1192 1751 1246 ὁδεύον-

160 1308 280 1354 τες,
336 1290 474 1360 πρὸς
527 1288 600 1343 τὰ
652 1288 879 1359 οὐράνια
941 1286 1316 1355 ὲπιδαίνομεν.
1382 1282 1588 1337 Αίὼνια
1647 1282 1744 1346 δὲ,

161 1382 251 1435 δτι
282 1381 349 1434 οὐ
376 1380 691 1451 πρόσφατα,
732 1377 853 1431 οὐδὲ
917 1376 1251 1449 πρόσκαιρα,
1307 1374 1445 1429 άλλὰ
1480 1375 1587 1446 πρὸ
1644 1391 1747 1427 κα·-

159 1473 407 1544 ταὸολῆς
432 1474 638 1542 κόσμου
668 1471 1016 1543 λελάληνται,
1053 1471 1101 1522 εί
1133 1471 1228 1522 καὶ
1253 1469 1342 1521 ἐπ’
1368 1468 1612 1539 ἐσχάτων
1638 1465 1747 1520 τῶν

164 1567 383 1637 χρόνων
421 1564 837 1636 ἑκπεφώνηνται
865 1563 1015 1635 παρὰ
1035 1562 1145 1615 τῶν
1165 1561 1424 1633 κηρύκων
1459 1559 1556 1613 τοῦ
1579 1560 1747 1627 εὐαγ-

163 1658 394 1728 γελικοῦ
441 1658 819 1728 κηρύγματος.
852 1655 1045 1725 Ἡμεῖς
1090 1650 1203 1717 οὖν,
1234 1653 1366 1723 ἄνερ
1413 1650 1745 1722 ἐπιθυμιῶν,

163 1752 280 1806 τῶν
339 1751 434 1805 τοῦ
489 1752 845 1820 Πνεύματος,
894 1748 971 1811 ὼς
1008 1746 1089 1818 τῷ
1140 1745 1259 1816 Θεῷ
1304 1761 1363 1798 σε
1393 1746 1458 1798 ὲκ
1500 1744 1750 1815 νεότητος

1860 554 2037 610 sacris
2065 552 2367 624 Scripturis
2406 563 2461 609 et
2490 554 2734 624 paternis
2770 555 3038 609 doctrinis
3083 555 3430 621 incumbunt.

1857 654 1912 698 et
1940 643 2159 699 lectioni
2188 643 2386 697 horum
2422 643 2741 709 intendunt,
2775 652 2830 697 et
2856 655 3096 699 mentem
3124 660 3282 701 suam
3312 646 3433 715 pie-

1860 735 1955 789 tati
1988 745 2044 790 et
2086 734 2302 790 veritati
2338 734 2590 806 inllgunt,
2629 744 2685 789 et
2719 751 2827 790 non
2861 736 2929 791 ad
2964 737 3243 807 propriam
3286 738 3433 793 hanc

1858 832 2190 886 voluntatem
2246 830 2530 899 referunt,
2593 831 2973 887 illuminantur
3026 832 3356 888 mirabiliter
3403 850 3432 887 α

1857 923 2139 979 montibus
2170 924 2412 989 aeternis,
2449 924 2704 979 illustrati
2742 919 2809 979 ab
2836 925 3170 997 evangelicis
3213 938 3263 981 et
3297 942 3435 995 apo-

1857 1015 2065 1069 stolicis
2121 1016 2422 1085 praeceptis.
2488 1015 2699 1071 Montes
2760 1018 2906 1071 enim
2967 1018 3083 1073 haec
3142 1017 3433 1072 Psalmista

1858 1106 2109 1160 nominat
2130 1108 2202 1169 ",
2241 1108 2504 1175 quoniam
2537 1108 2591 1161 in
2626 1108 2711 1162 his
2743 1108 3073 1162 meditantes
3096 1117 3150 1162 et
3184 1108 3437 1162 inambu-

1858 1197 2058 1258 lantes,
2082 1197 2149 1251 ad
2185 1196 2429 1251 caelestia
2466 1197 2891 1265 pertransimus.
2930 1197 3195 1252 Auernos
3224 1206 3432 1260 autem,

1855 1289 1985 1359 quia
2029 1304 2135 1343 non
2173 1290 2413 1344 recentia
2445 1304 2547 1343 nec
2595 1290 2944 1356 temporalia,
2976 1289 3075 1344 sed
3112 1290 3183 1344 ab
3221 1290 3435 1359 origine

1856 1381 2043 1437 mundi
2083 1383 2344 1452 praedicta
2406 1391 2537 1437 sunt
2582 1380 2703 1455 [σι’.
2755 1384 2893 1437 ante)
2924 1382 3114 1437 mundi
3159 1384 3433 1436 constitu—

1855 1476 2059 1529 tionem
2087 1476 2232 1530 dicta
2279 1473 2469 1547 sunt];
2516 1490 2831 1545 quanquam
2868 1474 3181 1528 novissimis
3220 1485 3434 1541 tempo-

1856 1569 2009 1622 ribus
2065 1567 2278 1638 prolata
2342 1568 2454 1623 sint
2500 1582 2528 1621 a
2584 1566 3040 1637 praedicatoribus
3106 1565 3437 1634 evangeliea:

1854 1658 2281 1729 praedicationis.
2320 1657 2431 1714 Nos
2484 1674 2616 1727 ergo
2641 1700 2656 1720 ,
2708 1659 2792 1711 vir
2833 1659 3242 1712 desideriorum
3271 1700 3287 1723 ,
3335 1673 3434 1713 co-

1854 1764 1978 1803 rum
2006 1749 2258 1805 videlicet
2285 1763 2408 1818 quae
2453 1760 2582 1804 sunt
2612 1748 2872 1819 Spiritus,
2915 1749 3032 1803 Deo
3080 1761 3139 1805 te
3178 1766 3207 1804 a
3233 1750 3435 1821 juven-

166 1846 537 1916 γινὼσκοντες
598 1842 976 1911 ἀνακείμενον,
1008 1839 1111 1909 τῆς
1146 1836 1377 1909 καρδίας
1401 1835 1557 1906 ἡμῶν
1591 1834 1748 1903 ὀλίγα

1862 1850 1964 1893 Luto
2011 1848 2404 1910 cognoscentes
2450 1840 2720 1905 deditum,
2760 1854 2971 1909 paucos
3018 1841 3208 1897 cordis
3260 1842 3435 1895 nostri

166 1940 297 1993 τινὰ
326 1937 603 2007 κινήματά
621 1952 679 1988 τε
714 1934 813 1988 καὶ·
848 1930 1193 2004 βουλεύματα
1225 1929 1361 2000 πρὸς
1392 1926 1631 1998 ψυχικὴν
1654 1926 1747 1978 εῦ-

167 2030 379 2099 θυμίαν
433 2026 820 2100 άνατιθέμεθα.
874 2024 958 2079 Τὰ
1001 2024 1111 2094 γὰρ
1164 2021 1388 2077 πλείονα
1435 2021 1615 2091 σιωπῇ
1661 2034 1749 2071 τι-

173 2122 394 2193 μάσθω.

246 2213 473 2277 Πάντως
518 2209 754 2282 ὲνηχήθη
811 2209 943 2280 ὑμῖν
1011 2207 1141 2281 περὶ
1194 2206 1295 2277 τῆς
1359 2202 1579 2259 συνόδου
1649 2201 1752 2272 τῆς

170 2306 477 2376 γενομένης
523 2304 743 2375 εὐδοκία
795 2301 935 2357 Θεοῦ
970 2302 1028 2355 ὲν
1051 2302 1118 2372 τῇ
1148 2298 1406 2353 Νικαέων
1436 2297 1591 2351 πόλει
1622 2311 1637 2327 ·
1668 2296 1751 2358 είς

172 2399 244 2469 ἢν
274 2397 488 2452 σύνοδον
510 2398 674 2469 ἡμεῖς
698 2413 758 2449 τε
792 2396 881 2449 καὶ
943 2392 1267 2465 ίερομύσται
1292 2390 1487 2460 ἄνδρες
1516 2404 1751 2458 τοποτη-

179 2493 341 2563 ρηταὶ
359 2490 453 2546 τοῦ
480 2507 541 2544 τε
563 2490 721 2545 πάπα
738 2491 836 2558 τῆς
866 2487 1245 2561 πρεσδυτέρας
1258 2485 1502 2556 Ῥώμης,
1526 2481 1750 2537 καὶτῶν

176 2584 277 2653 τῆς
308 2583 570 2653 ἀνατολῆς
592 2581 917 2650 ἁγιωτάτων
941 2579 1247 2651 ἀρχιερέων
1265 2576 1625 2648 συνήλθομεν,
1654 2574 1748 2627 καὶ

179 2676 446 2745 θεοφιλεῖς
488 2676 777 2730 ἐπίσκοποι
817 2673 1062 2727 πλεῖστοι
1121 2671 1268 2725 κατὰ
1313 2668 1611 2741 πρόσταξιν
1638 2665 1748 2733 τῶν

177 2769 416 2824 εύσεδῶν
440 2767 705 2839 βασιλέων
732 2766 911 2839 ήμῶν.
954 2764 1228 2827 Ὡσαύτως
1258 2764 1351 2817 καὶ
1378 2761 1623 2823 εὐλαϐεῖς
1651 2759 1749 2828 ἀρ·

178 2858 521 2930 χιμανδρίται
569 2858 666 2912 καὶ
710 2856 1029 2929 ἡγούμενοι,
1070 2855 1166 2909 καὶ
1206 2853 1415 2924 πληθὺς
1472 2850 1742 2919 μοναχῶν.

181 2954 290 3006 Καὶ
322 2953 420 3022 ήδη
455 2951 667 3005 πολλῶν
711 2950 911 3022 μεταξὺ
943 2948 1103 3020 ήμῶν
1133 2944 1498 3017 λαληθέντων,
1523 2942 1585 2995 τὸ
1613 2941 1746 3002 ἁλη-

181 3042 271 3106 θὲς
294 3043 387 3096 καὶ
404 3041 629 3112 ἀρεστὸν
652 3043 729 3112 τῷ
742 3041 861 3112 Θεῷ
885 3040 1099 3113 δκρίθη.
1120 3039 1228 3093 Καὶ
1247 3036 1390 3093 κατὰ
1401 3036 1498 3105 τὴν
1516 3032 1749 3105 ἀρχαίαν

1852 1938 2034 1983 motus
2061 1939 2117 1983 et
2146 1931 2457 1983 voluntates
2481 1929 2548 1983 ad
2583 1929 2750 1983 animi
2783 1930 3124 1983 alacritatem
3144 1943 3430 1987 commen-

1849 2020 2047 2076 damus
2076 2037 2089 2074 :
2122 2020 2279 2091 plura
2312 2021 2517 2094 quippe
2556 2020 2777 2075 silentio
2806 2021 3169 2077 lionorentur.

1925 2204 2127 2278 Utique
2160 2208 2410 2263 auditum
2439 2217 2525 2264 est
2560 2224 2589 2261 a
2623 2207 2780 2263 vobis
2799 2206 2868 2263 de
2896 2210 3105 2281 synodo
3124 2223 3258 2278 quae
3287 2206 3431 2263 facta

1851 2307 1935 2351 est
1958 2298 2304 2368 beneplacito
2347 2297 2440 2353 Dei
2479 2298 2533 2352 in
2564 2296 2927 2354 Nicaeensium
2948 2298 3087 2353 urbe
3112 2316 3132 2353 ι
3163 2298 3230 2353 ad
3261 2312 3429 2369 quam

1851 2389 2109 2445 videlicet
2151 2391 2421 2463 synodum
2470 2407 2570 2447 nos
2615 2399 2671 2446 et
2709 2393 2907 2448 sacrati
2941 2391 3042 2447 viri
3086 2401 3141 2447 et
3173 2393 3274 2448 loci
3310 2407 3429 2447 ser—

1850 2490 2073 2536 vatores
2107 2489 2217 2535 tam
2266 2496 2418 2552 papa:
2456 2481 2692 2535 senioris
2724 2480 2947 2546 Reum,
2970 2497 3138 2551 quam
3185 2481 3429 2539 Orientis

1851 2570 2333 2625 sanetissimorum
2392 2572 2704 2642 principum
2754 2572 3105 2628 sacerdotum
3163 2574 3430 2627 conveni-

1852 2680 2011 2728 mus;
2060 2680 2162 2719 nec
2213 2680 2323 2720 non
2365 2676 2419 2719 et
2453 2664 2564 2718 Deo
2604 2665 2871 2721 amabiles
2919 2667 3164 2739 epise0pi
3206 2669 3427 2738 plurimi

1850 2758 2158 2814 secundum
2198 2759 2615 2829 praeceptionem
2648 2759 2863 2829 piorum
2901 2759 3296 2830 imperatorum
3333 2779 3431 2816 no-

1852 2858 2115 2905 strorum.
2157 2848 2431 2906 Similiter
2479 2861 2533 2904 et
2564 2852 2851 2906 reverendi
2885 2853 3333 2909 arcltimandritte
3374 2864 3431 2911 et

1855 2940 2185 3011 hegumeni,
2249 2951 2304 2995 et
2355 2940 2650 2996 multitudo
2705 2941 3134 2999 monachorum.
3180 2943 3432 3012 Cumque

1851 3030 2024 3086 multa
2065 3030 2209 3084 inter
2255 3044 2355 3084 nos
2384 3030 2725 3093 dicerentur,
2755 3030 2906 3099 quod
2940 3045 3130 3084 verum
3172 3040 3229 3084 et
3258 3031 3431 3101 placi-

184 3134 541 3206 θεσμοθεσίαν
568 3134 677 3188 τῶν
702 3133 874 3203 ἁγίων
904 3132 1162 3203 Πατέρων
1188 3131 1347 3200 ἡμῶν
1375 3131 1408 3199 ή
1448 3126 1748 3194 Ἐκκλησία

1862 3131 1969 3178 tum
2002 3131 2088 3179 est
2112 3122 2247 3186 Deo,
2284 3120 2553 3178 sancitum
2593 3129 2714 3187 est;
2749 3128 2805 3175 et
2842 3121 3145 3176 secundum
3189 3122 3428 3191 priscam

181 3228 423 3283 ἀπέλαϐε
443 3230 540 3299 τὴν
570 3228 680 3280 τῶν
705 3226 928 3281 είκόνων
957 3221 1423 3294 ἁναζωγράφησίν
1439 3237 1498 3275 τε
1515 3220 1606 3273 καὶ
1625 3233 1757 3285 στη-

1862 3214 2260 3284 legislationem
2293 3222 2612 3267 sanctorum
2636 3212 2860 3267 Patrum
2900 3222 3217 3268 nostrorum
3250 3213 3435 3273 Eccle-

184 3320 510 3391 λογραφίαν,
541 3320 679 3390 πρὸς
708 3316 1000 3388 ἀναγωγὴν
1043 3317 1139 3370 καὶ
1172 3314 1483 3382 ὑπόμνησιν
1504 3309 1601 3364 τοῦ
1635 3307 1760 3362 καθ’

185 3416 332 3485 ἡμᾶς
357 3412 497 3476 νοὸς.
528 3411 623 3465 καὶ
647 3411 879 3481 μετοχήν
912 3424 1055 3472 τινος
1077 3402 1375 3476 ἁγιασμοῦ.
1394 3402 1461 3458 Εἴ
1484 3420 1536 3456 τι
1563 3402 1671 3472 γὰρ
1701 3400 1761 3454 τὸ

188 3509 346 3577 άγιον
386 3504 717 3573 Εὑαγγέλιον
778 3502 873 3556 διὰ
904 3503 1005 3571 τῆς
1037 3498 1398 3568 ἀναγνώσεως
1443 3495 1763 3565 ἐνσημαίνει

188 3602 341 3671 ἡμῖν,
374 3599 435 3651 τὸ
463 3598 599 3652 αὐτὸ
648 3596 739 3649 καὶ
770 3594 826 3647 αἱ
856 3593 1064 3655 είκόνες
1089 3608 1103 3623 ·
1130 3590 1225 3644 καὶ
1257 3591 1310 3645 εῐ
1328 3607 1381 3642 τι
1406 3589 1463 3642 αί
1498 3602 1765 3657 μαρτυρι-

189 3692 288 3747 καὶ
316 3691 484 3763 βίϐλοι
511 3687 825 3760 διηγοῦνται
853 3684 1101 3756 περὶτῶν
1122 3683 1466 3752 παθημάτων
1481 3680 1591 3733 τῶν
1625 3697 1764 3749 μαρ-

186 3787 391 3858 τύρων,
425 3782 626 3853 ὁμοίως
656 3781 753 3835 καὶ
780 3779 837 3833 αι
860 3778 1070 3841 είκόνες
1102 3792 1117 3808 ο
1148 3776 1245 3830 καὶ
1267 3773 1477 3837 ταύτας
1520 3771 1764 3835 άσπαζόυ

190 3878 334 3950 μεθα
365 3876 439 3938 ὡς
471 3870 855 3942 ἑκτυπώματα
907 3869 1016 3923 τῶν
1061 3865 1435 3938 πρωτοτύπων
1489 3863 1637 3925 ὄντα.
1670 3862 1767 3915 καὶ

188 3972 343 4030 οὐδὲν
369 3970 576 4038 ἕτερον·
604 3963 873 4035 πρόδηλον
906 3958 1258 4021 πιστεύοντες
1295 3958 1376 4020 είς
1405 3954 1500 4009 ἕνα
1536 3952 1669 4007 Θεὸν
1706 3954 1767 4005 ιν

191 4058 826 4134 Τριάδιὰνυμνούμενον,
871 4054 967 4107 καὶ
1003 4050 1153 4119 αὐτῷ
1199 4049 1347 4121 μόνῳ
1385 4046 1764 4118 λατρεύοντες.

205 4152 596 4224 Ἐξαιτούμεθα
624 4150 681 4203 δὲ
698 4147 906 4210 καὶτὰς
925 4142 1223 4217 πρεσϐείας
1240 4143 1339 4211 τῆς
1364 4140 1639 4212 άχράντου
1672 4140 1768 4192 Δε-

192 4245 459 4314 σποίνηςή
470 4242 585 4312 μῶν
601 4241 699 4311 τῆς
723 4238 882 4308 ἁγίας
905 4235 1193 4299 Θεοτόκου,
1226 4234 1395 4301 άγίων
1419 4248 1478 4284 τε
1494 4229 1765 4298 ἀγγέλων,

192 4338 287 4395 καὶ
306 4322 525 4390 πάντων
542 4332 651 4387 τῶν
669 4331 838 4401 ἁγίων
854 4328 951 4383 καὶ
963 4326 1124 4382 ὁσίων
1142 4324 1405 4395 Πατέρων
1426 4322 1601 4395 ἡμῶν.
1630 4318 1767 4374 Τού-

189 4446 301 4483 των
323 4426 496 4488 οὕτως
514 4424 707 4485 ὅντων,
738 4419 1068 4477 ἐνεκάλεσαν
1085 4419 1149 4487 τῇ
1174 4415 1381 4485 συνόδῳ
1395 4414 1455 4467 τὸ
1487 4412 1649 4468 πλέον
1675 4411 1768 4481 μέ-

1860 3305 1943 3360 sia
2007 3303 2215 3374 recepit
2270 3304 2571 3369 imaginum
2628 3302 2903 3373 picturam
2968 3313 3022 3359 et
3078 3306 3309 3374 titulos,
3360 3306 3435 3362 ad

1861 3394 2204 3463 superiorem
2233 3407 2457 3449 sensum
2486 3390 2878 3464 [elevationem
2922 3393 3116 3468 animi]
3143 3405 3196 3451 et
3219 3412 3435 3453 memo—

1866 3487 2001 3558 riam
2036 3487 2238 3541 mentis
2279 3495 2506 3549 nostrae,
2545 3500 2609 3540 ac
2641 3485 3113 3555 participationem
3146 3487 3437 3557 cujusdam

1863 3576 2337 3633 sanctiﬁcationis.
2383 3576 2658 3646 Quidquid
2706 3577 2851 3632 enim
2895 3587 3145 3635 sanctum
3191 3579 3437 3652 Evange—

1865 3667 1997 3721 lium
2050 3682 2148 3735 per
2198 3666 2489 3721 lectionem
2535 3666 2782 3739 insinuat
2811 3669 2991 3735 nobis,
3050 3669 3103 3725 id
3153 3671 3333 3741 ipsum
3378 3684 3439 3728 et

1868 3756 2133 3824 imagines
2164 3770 2179 3809 :
2210 3764 2264 3810 et
2287 3756 2551 3827 quidquid
2586 3766 2865 3828 gestorum
2904 3759 3031 3815 libri
3063 3761 3131 3817 de
3167 3764 3438 3833 passioni-

1867 3849 1969 3904 bus
2016 3856 2317 3919 martyrum
2362 3858 2605 3912 rnarrant,
2657 3851 2911 3905 similiter
2956 3863 3009 3907 et
3039 3853 3310 3923 imagines
3342 3874 3357 3911 :
3386 3867 3440 3910 et

1867 3941 1967 3997 has
2007 3942 2315 3997 salutamus
2365 3953 2626 4011 tanquam
2674 3942 2881 3997 formas
2911 3944 3343 4013 primitivorum,
3387 3960 3443 4003 ut

1868 4033 2007 4088 nihil
2046 4033 2195 4088 aliud
2233 4051 2247 4088 :
2283 4032 2534 4103 profecto
2566 4032 2622 4088 in
2659 4050 2826 4088 unum
2865 4033 3039 4093 Deum
3086 4038 3140 4094 iu
3169 4037 3442 4097 Trinitato

1869 4124 2203 4181 laudandum
2230 4124 2533 4191 credentes,
2558 4132 2614 4179 et
2637 4124 2747 4194 ipsi
2780 4126 2881 4181 soli
2908 4128 3231 4190 servientes.
3266 4133 3443 4201 Expe-

1871 4219 2036 4272 timus
2095 4218 2257 4272 etiam
2315 4217 2742 4276 intercessiones
2795 4218 3136 4295 intemeratae
3198 4220 3444 4281 Domina

1869 4317 2075 4367 nostrae
2104 4322 2310 4365 sanctze
2338 4307 2432 4378 Dei
2463 4307 2781 4375 Genitricis,
2811 4314 3242 4384 “neutrumque
3277 4331 3443 4383 auge-

1869 4403 2047 4457 lorum
2072 4440 2087 4467 ,
2122 4410 2181 4455 et
2209 4401 2453 4457 omnium
2488 4413 2801 4458 sanctorum
2843 4402 3066 4459 Patrum
3099 4415 3439 4465 nostrorum.

196 4536 287 4591 ρος
318 4517 428 4575 τῶν
456 4513 703 4570 eoauteo»:
726 4508 999 4584 μαντικῶν·
1032 4509 1141 4563 Καὶ
1181 4508 1343 4577 ἡμεῖς
1372 4505 1433 4558 δὲ
1467 4500 1757 4591 πίπτω·

1872 4494 1968 4549 His
2023 4493 2097 4551 ita
2136 4508 2196 4548 se
2253 4491 2615 4558 habentibus,
2671 4505 2866 4565 questa
2913 4504 3000 4551 est
3044 4499 3258 4569 synodo
3314 4514 3444 4568 pars

194 4626 400 4680 σκομεν
432 4607 528 4678 τὴν
574 4603 835 4674 Εγκλησιν
872 4602 1078 4667 ταύτην
1104 4613 1119 4628 ’
1149 4598 1233 4653 δτι
1261 4596 1310 4649 οἱ
1344 4594 1590 4656 πλείονες
1657 4590 1767 4644 τῶν

192 4702 512 4763 επισκόπων
559 4700 842 4770 χρήμασιν
901 4693 1186 4763 ὠνήσαντο
1242 4689 1340 4758 τὴν
1410 4684 1718 4756 ἱερωσύνην
1749 4696 1764 4713 ι

193 4801 293 4861 καὶ
308 4796 411 4852 κᾶν
426 4792 726 4865 ἁμαρτίαις
738 4787 1039 4860 ἡμετέραις
1056 4801 1123 4838 πε
1130 4779 1532 4854 ριπειρώμεθα,
1555 4776 1649 4830 καὶ
1661 4792 1718 4829 σε
1727 4792 1769 4827 ι-

196 4891 319 4959 ραῖς
362 4888 569 4938 τούτων
623 4874 1097 4947 συσφιγγώμεθα,
1150 4872 1236 4941 ἐφ’
1284 4868 1372 4935 αίς
1423 4869 1586 4935 ἵλεως
1636 4868 1770 4938 ἡμῖν

194 4981 409 5051 γένοιτο
459 4975 662 5047 Κύριος
689 4988 703 5004 ·
734 4969 853 5024 ἀλλ’
888 4964 984 5023 οὖν
1014 4966 1122 5021 τῶν
1177 4962 1551 5033 εύαγγελικῶν
1578 4959 1768 5013 ἐνταλ-

197 5072 388 5143 μάτων
418 5069 513 5127 καὶ
543 5060 849 5123 κανονικῶν
872 5057 1177 5122 διατάξεων
1197 5055 1294 5123 τὴν
1316 5054 1519 5124 γνῶσιν
1544 5051 1772 5123 εἰλήφα-

199 5179 326 5234 μεν,
372 5160 470 5213 zeal.
500 5159 559 5210 ἐν
589 5154 821 5225 καθαρῷ
872 5148 1158 5214 συνειδότι,
1220 5147 1315 5201 καὶ
1369 5145 1516 5217 ἁπλῇ
1549 5145 1769 5217 καρδίᾳ,

196 5254 296 5323 καὶ
320 5248 593 5323 άφιλαργύ
603 5266 681 5320 ρῳ
706 5246 913 5327 τρόπῳ,
942 5242 1036 5297 καὶ
1051 5242 1109 5293 ὲν
1140 5238 1443 5309 συνειδήσει
1462 5239 1771 5308 ἀνεπτερω-

202 5348 343 5418 μένῃ
394 5341 531 5412 πρὸς
566 5341 660 5397 τὸν
704 5336 858 5400 Θεὸν,
884 5336 951 5405 τῇ
974 5334 1235 5403 κανονικῇ
1290 5328 1385 5386 καὶ
1442 5327 1769 5397 εύαγγελικῇ

194 5435 439 5502 διατάξει
470 5431 612 5491 κατὰ
639 5430 817 5484 πάντα
833 5426 1061 5481 ἕπεσθαι
1088 5420 1382 5493 εὐχόμεθα·
1418 5418 1772 5486 καὶκαθήκαο

204 5545 306 5599 μεν
331 5523 558 5584 ἑαυτοὺς
581 5520 674 5575 καὶ
710 5515 1081 5584 ὑπεκλίναμεν
1116 5509 1436 5564 δουλοῦσθαι
1459 5510 1570 5570 τοῖς
1609 5507 1772 5575 εὐαγ-

200 5618 437 5689 γελικοϊς
466 5614 557 5667 καὶ
576 5608 951 5668 άποστολικοῖς
976 5604 1261 5674 πατρικοῖς
1292 5599 1769 5673 παραγγέλμασιν

275 5734 321 5772 οε
345 5731 486 5785 ρεωι.
528 5744 693 5791 un,
732 5726 782 5809 5.

1869 4586 2048 4656 major
2090 4584 2517 4641 rererendorum
2553 4588 2950 4645 monachorum
2985 4588 3440 4663 [episcoporum].

1868 4675 1975 4732 Sed
2031 4686 2087 4731 et
2137 4692 2236 4731 nos
2293 4678 2673 4747 praescivimus
2724 4682 3009 4751 querelam
3061 4685 3259 4748 istam,
3316 4686 3444 4754 quia

1869 4770 2054 4840 plures
2079 4770 2468 4841 episcoporum
2505 4773 2759 4841 pecuniis
2790 4775 3151 4829 obtinuerunt
3188 4777 3446 4833 sacerdo-

1872 4865 2007 4921 tium
2039 4883 2053 4920 :
2083 4874 2137 4920 et
2169 4864 2300 4920 licet
2341 4864 2580 4934 peccatis
2618 4864 2831 4920 nostris
2864 4866 3208 4920 obcaavemur
3240 4864 3445 4938 [impii-

1871 4954 2116 5028 cemur],
2175 4964 2232 5010 et
2289 4956 2484 5010 horum
2551 4954 2796 5009 restibus
2846 4956 3325 5025 constringamur,
3386 4957 3442 5014 in

1870 5051 2073 5120 quibus
2104 5048 2372 5119 prepitius
2406 5045 2565 5101 nobis
2600 5046 2675 5101 sit
2714 5046 2854 5102 Deus
2887 5065 2901 5103 :
2937 5056 3176 5105 attamen
3204 5064 3441 5121 evange.

1872 5141 2103 5197 licorum
2149 5138 2534 5198 mandatorum
2571 5147 2628 5192 et
2673 5138 3065 5195 eanonicarum
3113 5145 3442 5211 praceptiov

1871 5247 2001 5285 num
2036 5230 2400 5300 cognitionem
2432 5231 2794 5301 percepimus,
2848 5239 2904 5286 ot
2953 5234 3008 5285 in
3053 5233 3262 5288 nmnda
3308 5250 3441 5289 con.-

1872 5322 2125 5387 scientia,
2153 5332 2207 5376 et
2249 5323 2485 5393 simplici
2510 5324 2703 5387 corde,
2730 5332 2787 5378 et
2813 5323 2872 5379 in
2907 5338 3064 5380 more
3101 5325 3221 5381 sine
3263 5326 3446 5380 avari-

1871 5415 1970 5480 tia,
2000 5420 2055 5467 et
2080 5413 2514 5483 imperturbabili
2556 5414 2623 5470 ad
2658 5412 2828 5469 Deum
2860 5413 3070 5479 habito,
3116 5417 3440 5474 eanonit‘mn

1868 5504 1993 5579 [σν.
2042 5505 2377 5562 conscientia
2424 5505 2679 5562 alacriter
2721 5508 2976 5576 ει-ίεαιιε
3027 5523 3088 5567 se
3135 5508 3202 5563 ad
3250 5506 3443 5576 θθυίηθ

1874 5594 2024 5673 can.]
2065 5610 2161 5668 per
2215 5594 2399 5654 omnia
2459 5594 2613 5669 sequi
2668 5604 2926 5665 optamus
2976 5608 3309 5671 preceptum
3345 5614 3360 5654 :
3392 5605 3445 5658 α
