4088 6496
572 343 709 409 1455

1672 343 1733 403 S.
1763 340 2075 402 TARASII
2098 338 2607 403 PATRIARCHfE
2646 343 2755 403 CP.

3724 336 3858 404 1456

568 455 1096 529 comprehendimus
1124 451 1539 526 [submisimus]
1581 454 1976 524 nosmetipsos,
2007 452 2162 507 incli-

2271 453 2667 525 ἀγωνιζόμενοι
2686 452 2923 518 καὶτοὺς
2943 453 3041 524 τὴν
3062 453 3367 525 ἱερωσύνην
3390 454 3856 525 κληρωσαμένους

569 553 825 608 navimus
861 550 928 603 ad
964 546 1314 602 serviendum
1363 544 1703 617 evangelicis
1733 554 1900 614 atquc
1938 554 2165 614 aposto-

570 644 693 697 licis
724 651 777 696 et
806 639 1051 710 paternis
1090 639 1551 709 dispositionibus
1586 656 1601 693 :
1634 638 1981 692 decertantes
2017 646 2076 691 ut
2108 637 2165 694 hi

569 735 661 802 qui
698 732 1072 787 sacerdotium
1121 729 1301 786 sortiti
1350 739 1501 792 sunt,
1532 729 1613 783 sic
1643 729 1846 797 degant
1883 736 1938 781 et
1977 727 2165 783 vivant

569 834 623 880 et
661 834 1081 889 conversenlur,
1123 823 1216 879 sed
1252 833 1303 878 et
1342 838 1540 877 omnes
1572 822 1666 892 qui
1698 821 1908 876 Christi
1942 820 2165 876 nomine

571 919 912 971 vocitantur.
946 918 1016 970 At
1046 917 1092 971 si
1128 914 1355 985 quidam
1399 930 1506 969 non
1538 913 1921 983 acquieverint
1963 927 2165 982 praece-

572 1010 684 1079 ptis
723 1009 870 1071 istis,
906 1007 1348 1062 communicator
1384 1005 1573 1060 talium
1612 1004 1705 1074 qui
1736 1003 2003 1061 dicuntur
2039 1001 2165 1071 qui-

573 1100 719 1166 dem,
751 1118 857 1154 non
908 1112 1088 1160 autem
1123 1108 1252 1153 sunt
1284 1097 1624 1160 sacerdotes,
1659 1111 1782 1151 esse
1821 1110 1929 1149 non
1958 1095 2162 1164 patior,

574 1192 668 1246 sed
734 1191 951 1245 alienus
1007 1188 1076 1241 ab
1140 1188 1339 1241 horum
1406 1200 1529 1240 sum
1596 1185 1982 1254 portione:et
2028 1180 2163 1234 mihi

577 1283 797 1355 quidem
851 1280 1142 1352 protestari
1181 1280 1298 1334 haec
1351 1294 1461 1332 non
1510 1277 1750 1347 pigrum,
1801 1275 1938 1345 ipsis
1980 1283 2164 1327 autem

577 1388 778 1431 tutum.
807 1374 987 1428 Divini
1016 1388 1146 1443 ergo
1172 1386 1414 1429 canones
1447 1373 1665 1426 dantem
1692 1368 1773 1423 vel
1804 1367 2165 1437 accipientem

576 1469 630 1522 in
664 1468 1020 1523 ordinatione
1046 1465 1367 1529 sacerdotii,
1399 1465 1702 1534 deponunt,
1744 1471 1797 1516 et
1825 1473 2167 1531 persequun-

578 1571 666 1615 tur
709 1556 1044 1631 [expellunt]
1090 1573 1121 1611 a
1172 1556 1501 1612 sacerdotali
1545 1554 1834 1625 dignitate.
1882 1551 2167 1621 lnspector

578 1653 671 1707 Dei
698 1652 936 1723 Moyses,
982 1660 1039 1704 ut
1086 1650 1225 1716 dixi,
1261 1648 1504 1703 clamat:
1545 1664 1565 1698 ι
1600 1646 1656 1701 ln
1701 1645 1833 1711 illis,
1882 1644 2162 1714 inquiens,

578 1760 684 1799 non
736 1752 821 1799 est
872 1741 1208 1806 addendum,
1263 1750 1319 1796 et
1370 1740 1440 1796 ab
1482 1740 1561 1795 eis
1606 1754 1715 1793 non
1763 1747 1848 1792 est
1907 1735 2167 1791 auferen-

2268 544 2441 609 οὕτως
2460 546 2906 617 ἀναστρέφεσθαιι
2920 546 3014 600 καὶ
3032 545 3180 617 βιοῦν
3198 546 3297 600 καὶ
3314 544 3858 610 πολιτεύεσθαι,ἀλλά

2266 637 2364 692 καὶ
2388 640 2600 702 πάντας
2622 640 2751 701 τοὺς
2766 638 2847 709 τῷ
2863 637 3105 708 Χριστοῦ
3124 638 3351 708 ὀνόματι
3379 635 3785 708 κεκλημένους.
3800 636 3858 689 Et

2265 731 2322 785 δέ
2352 748 2502 794 τινες
2533 731 2825 786 ἀπειθοῦσι
2848 732 2963 795 τοῖς
2994 731 3299 800 ἐντάλμασι
3330 729 3572 793 τούτοις,
3603 729 3860 791 κοινωνὸς

2266 822 2375 875 τῶν
2405 820 2667 877 τοιούτων
2687 822 3001 891 λεγομένων
3028 823 3239 892 ἱερέων,
3288 822 3388 875 οὐκ
3416 823 3588 876 ὀντων
3612 821 3696 886 δὲ,
3725 816 3861 874 εἶναι

2266 914 2367 969 οὐκ
2419 915 2721 985 ἀνέχομαι·
2776 914 2913 969 ἀλλὰ
2972 914 3255 985 ἀλλότριος
3318 914 3417 985 τῆς
3476 915 3692 967 τούτων
3748 914 3861 983 εἰμὶ

2269 1004 2509 1074 μερίδος.
2554 1007 2666 1058 Καὶ
2702 1004 2831 1075 ἐμοὶ
2853 1004 3333 1076 διαμαρτύρασθαι
3361 1003 3537 1058 ταῦτα
3561 1006 3665 1058 ούκ
3696 1005 3861 1072 ὀκνη-

2272 1097 2384 1169 ρὸν,
2453 1098 2635 1161 αὐτοῖς
2665 1098 2723 1151 δὲ
2755 1096 3028 1166 ἀσφαλές.
3063 1098 3128 1149 υἱ
3155 1093 3249 1150 οὖν
3298 1097 3428 1150 θεῖοι
3485 1098 3716 1160 κανόνες
3772 1099 3863 1149 τὸν

2266 1189 2428 1244 δόντα
2458 1192 2491 1259 ἥ
2518 1189 2752 1243 λαϐόντα
2808 1190 2904 1243 ἐπὶ
2968 1189 3277 1262 χειροτονίᾳ
3328 1190 3636 1261 ἱερωσύνης
3675 1190 3863 1245 καθαι·

2270 1280 2425 1353 ροῦσι
2452 1280 2547 1335 καὶ
2586 1281 2957 1334 ἀποδιώκουσι
3000 1283 3098 1350 τῆς
3128 1280 3411 1351 ἱερατικῆς
3444 1282 3762 1351 ἁγιότητος.
3806 1282 3862 1334 ὐ

2269 1372 2508 1442 θεόπτης
2561 1373 2842 1442 Μωῦσῆς,
2898 1371 2974 1435 ὼς
3024 1371 3196 1443 ἔφθην
3248 1370 3442 1439 εἰπὼν,
3498 1372 3633 1441 βοᾷο
3680 1392 3700 1426 ι
3748 1373 3863 1426 Ἐπ’

2270 1464 2455 1526 αὐτοῖς
2476 1463 2575 1517 οὐκ
2601 1463 2720 1516 ἔστι
2747 1462 3101 1532 προσθεῖναι,
3131 1465 3227 1515 καὶ⁸
3252 1463 3350 1515 ἀπ’
3370 1464 3553 1517 αὐτῶν
3585 1466 3687 1516 οὐκ
3716 1465 3864 1518 ἐστιν

2269 1555 2512 1625 ἀφελεῖν.
2542 1574 2560 1607 ι
2604 1555 2879 1618 Ὡσαύτως
2928 1555 3023 1608 καὶ
3049 1557 3076 1608 ὁ
3100 1557 3451 1626 ύμνογράφος
3502 1558 3669 1610 Δασιδ
3724 1558 3863 1626 ᾠά).-

2268 1646 2371 1709 λει,
2405 1648 2503 1702 καὶ
2537 1648 2707 1717 ἡμεῖς
2734 1649 2831 1701 σὺν
2862 1647 3013 1718 αύτῷ
3042 1666 3053 1677 ·
3086 1667 3105 1699 ι
3131 1649 3432 1720 Καταρχὰς
3463 1648 3638 1717 ἔγνων
3668 1652 3738 1702 ἐκ
3757 1650 3865 1702 τῶν

2273 1738 2598 1811 μαρτυρίων
2626 1757 2743 1804 σου,
2780 1740 2864 1793 ὅτι
2908 1742 2989 1803 είς
3026 1740 3117 1793 τὸν
3148 1741 3322 1794 αἰῶνα
3366 1740 3743 1811 ἐθεμελίωσας
3771 1744 3866 1793 αύ-

578 1838 710 1892 dum
736 1834 803 1889 ⁸³.
840 1852 857 1886 ι
905 1833 1174 1888 Similiter
1210 1843 1265 1887 et
1306 1830 1759 1903 hymnographus
1802 1827 1971 1883 David
2004 1826 2162 1898 psal-

2266 1808 2401 1887 id.»
2431 1808 2544 1885 Καὶ
2578 1831 2663 1895 τίς
2704 1829 2887 1894 ίκανδς
2922 1831 3060 1901 πρὸς
3104 1832 3276 1886 ταῦτα
3306 1808 3666 1903 ἀντιστῆναις
3705 1834 3756 1887 εξ
3784 1833 3858 1905 μή

586 1931 668 1993 lit,
704 1936 757 1982 et
787 1942 886 1982 nos
911 1942 1036 1982 cum
1082 1926 1176 1980 illo
1210 1941 1224 1979 :
1264 1943 1281 1976 ι
1312 1924 1396 1980 Ab
1439 1924 1597 1979 initio
1640 1924 1870 1993 cognovi
1913 1924 1980 1977 de
2015 1922 2165 1977 testi—

578 2020 781 2075 moniis
820 2019 952 2081 tuis,
988 2018 1119 2088 quia
1167 2020 1219 2072 in
1258 2027 1525 2072 aternum
1556 2014 1803 2070 fundasti
1851 2031 1914 2070 ea
1938 2013 2007 2068 ⁵⁸.
2042 2032 2060 2066 ι
2104 2014 2168 2071 Et

578 2113 706 2184 quis
736 2112 803 2165 ad
838 2112 952 2166 haec
981 2110 1276 2166 resistendi
1307 2109 1581 2163 idoneus?
1613 2107 1718 2162 nisi
1751 2107 1892 2162 forte
1927 2106 2167 2161 infatue-

580 2217 669 2262 tur
722 2220 922 2272 sensu,
982 2214 1039 2261 et
1097 2204 1303 2259 divinis
1353 2202 1485 2259 velit
1540 2202 1789 2257 illudere.
1842 2198 1964 2255 Jam
2021 2200 2164 2256 enim

579 2296 810 2352 fundata
854 2304 986 2352 sunt
1033 2295 1354 2351 testimonia
1390 2293 1506 2359 Dei,
1554 2304 1608 2350 et
1640 2293 1883 2349 radicata
1936 2300 2068 2347 sunt
2111 2291 2165 2347 in

580 2390 824 2445 Ecclesia
893 2388 1017 2458 ejus
1072 2406 1085 2443 :
1138 2388 1267 2443 liret
1322 2386 1542 2457 quidam
1616 2385 1988 2456 temporaliter
2056 2399 2166 2440 non

579 2482 921 2547 obedientes,
978 2479 1209 2535 minime
1255 2479 1571 2534 custodiant
1631 2493 1715 2533 ea.
1778 2477 1876 2533 llla
1931 2491 2064 2547 ergo
2112 2476 2167 2533 in

580 2583 849 2629 wet-num
902 2582 1162 2637 manent;
1215 2580 1267 2625 ct
1301 2570 1446 2625 beati
1479 2568 1573 2639 qui
1624 2578 1948 2624 scrutantur
1989 2582 2077 2632 ea,
2114 2577 2170 2622 et

580 2666 670 2721 bis
696 2665 965 2721 obediunt
990 2682 1003 2720 :
1033 2673 1089 2720 et
1119 2678 1197 2718 ne
1230 2662 1324 2732 qui
1358 2676 1464 2717 non
1491 2661 1783 2718 obcdiunt.

654 2783 850 2841 Omnis
892 2796 1025 2852 ergo
1073 2781 1389 2850 episcopus,
1433 2778 1518 2835 vel
1565 2778 1873 2849 presbyter,
1924 2784 2022 2831 aut
2052 2777 2170 2833 dia-

582 2889 759 2931 conus
787 2872 1093 2936 convictus,
1115 2870 1265 2940 quod
1291 2885 1387 2938 per
1415 2868 1677 2938 pecunias
1709 2883 1905 2923 manus
1936 2867 2169 2937 imposi-

583 2966 792 3019 tionem
828 2961 1045 3017 dederit
1080 2961 1163 3014 vel
1194 2959 1496 3029 acceperit,
1533 2974 1563 3014 a
1597 2958 1911 3014 sacerdotio
1939 2959 2167 3013 decidit.

582 3054 871 3111 Fortassis
914 3063 1097 3108 autem
1138 3052 1331 3107 dicunt
1378 3052 1572 3121 aliqui,
1618 3051 1747 3120 quia
1786 3052 2165 3121 pmnitentiam

2269 1938 2372 1973 που
2409 1921 2657 1992 μωραίνῃ
2679 1921 2777 1991 τὴν
2802 1922 3066 1985 διάνοιαν,
3088 1924 3183 1975 καὶ
3206 1922 3423 1987 παίζειν
3450 1923 3698 1995 ὲθέλητὰ
3718 1925 3857 1991 θεῖας

2272 2014 2412 2086 Ἤδη
2458 2014 2568 2085 γὰρ
2621 2013 3050 2085 τέθεμελίωνται
3089 2014 3159 2067 τὰ
3205 2015 3487 2088 μαρτύρια
3543 2017 3643 2070 τοῦ
3698 2017 3857 2084 Θεοῦ,

2267 2106 2365 2159 καὶ
2417 2104 2768 2176 ἐρριζωμένα
2822 2105 2962 2158 εἰσὶν
2995 2106 3053 2157 ὲν
3080 2108 3146 2176 τῇ
3187 2105 3485 2179 Ἐκκλησία
3516 2108 3712 2176 αὐτοῦ,
3761 2113 3863 2164 κᾶν

2268 2198 2626 2269 προσκαίρως
2660 2197 2803 2262 τινὲς
2836 2197 3197 2263 ἀπειθοῦντες
3219 2198 3279 2252 ού
3314 2200 3667 2269 φυλάττωσιν
3702 2205 3860 2258 αὑτά.

2281 2292 2499 2347 Ἐκεῖνα
2524 2284 2619 2345 οὖν
2642 2292 2721 2356 εἰς
2757 2290 2850 2345 τὸν
2889 2291 3061 2344 αίῶνα
3103 2292 3346 2362 μένουσι,
3377 2295 3473 2347 καὶ
3517 2296 3785 2367 μακάριοι
3816 2300 3862 2350 οί

2267 2381 2669 2454 ἐξερευνῶντες
2695 2382 2856 2451 αὐτὰ,
2878 2382 2977 2436 καὶ
3002 2382 3214 2448 τούτοις
3244 2384 3589 2458 πειθόμενον
3615 2390 3714 2443 καὶ⁵
3745 2388 3865 2441 οὐαὶ

2267 2474 2581 2531 ἀπειθοῦσι.

2344 2788 2460 2850 Πᾶς
2519 2784 2614 2842 οὖν
2674 2791 3004 2859 ἐπίσκοπος,
3039 2794 3072 2864 ἣ
3110 2797 3565 2870 πρεσῦύτερος,ῆ
3617 2801 3862 2866 816mm;

2270 2878 2549 2950 ἐλεγχθεὶς
2601 2884 2697 2936 ἐπὶ
2759 2885 3011 2956 χρήμασι
3053 2887 3154 2959 τὴν
3188 2893 3531 2963 χειροτονίαν
3572 2896 3608 2967 ἣ
3660 2898 3788 2959 δοὺς
3829 2900 3862 2968 ἢ

2283 2970 2469 3025 λαϐὼν
2503 3013 2518 3039 ,
2580 2974 2683 3046 τῆς
2738 2976 3041 3049 ἱερωσύνης
3099 2984 3374 3038 ἐκπίπτει.
3438 2988 3605 3049 Ἴσως
3664 2990 3723 3044 δέ
3779 3009 3859 3043 τι-

2269 3080 2359 3127 νες
2394 3057 2671 3134 λέγουσιν,
2703 3068 2785 3121 ὃτι
2815 3071 3207 3144 Μετανοοῦμεν
3236 3078 3377 3148 ὑπὲρ
3422 3080 3526 3149 τῆς
3556 3082 3857 3154 ἁμαρτίας,

585 3147 801 3216 agimus
832 3160 933 3216 pro
976 3151 1230 3214 peccato,
1281 3152 1334 3197 et
1370 3142 1513 3199 Deus
1542 3142 1778 3212 ignoscit
1808 3143 1965 3197 illud.
1999 3144 2079 3197 lta
2114 3150 2162 3198 et

2270 3154 2365 3207 xui.
2400 3157 2426 3207 ὁ
2451 3154 2584 3219 Θεὸς
2641 3162 2919 3229 συγχωρεῖ
2967 3142 3162 3233 αὐτήν.
3219 3142 3358 3217 Ναὶ-
3381 3142 3643 3236 acute-{ib
3681 3142 3854 3239 λέγω,

587 3252 691 3306 ego
720 3237 864 3301 dico,
896 3236 1025 3305 quia
1057 3244 1109 3290 et
1134 3250 1328 3290 omnes
1360 3244 1587 3304 agentes
1618 3234 1994 3305 panitentiam
2024 3234 2167 3292 Deus

587 3328 843 3398 suscipit,
873 3338 926 3382 et
956 3327 1204 3397 indulget
1239 3343 1337 3396 per
1370 3327 1754 3396 pcenitentiam
1784 3336 2008 3397 peccata
2046 3342 2166 3395 qua!

583 3416 695 3485 jam
734 3426 951 3491 patrata
1006 3426 1155 3472 sunt.
1205 3415 1342 3469 Novi
1384 3416 1531 3470 enim
1587 3424 1641 3470 et
1679 3416 1846 3471 David
1899 3417 2166 3473 adulterio

585 3509 911 3577 depressum
958 3516 1012 3561 et
1061 3508 1384 3569 homicidio,
1431 3509 1527 3561 sed
1567 3518 1688 3562 acta
1724 3512 2046 3577 paenitentia
2080 3526 2167 3565 re-

588 3611 833 3670 ceptum,
881 3610 935 3654 et
984 3600 1172 3653 divino
1213 3598 1531 3653 testimonio
1565 3599 1925 3669 approbatum
1962 3619 1974 3654 :
2024 3620 2041 3654 ι
2077 3601 2166 3655 ln-

583 3691 711 3743 vcni
746 3689 939 3755 David,
976 3690 1180 3759 inquit,
1225 3688 1399 3743 tilium
1431 3687 1604 3751 Iesse,
1639 3689 1816 3743 virum
1862 3691 2163 3745 secundum

585 3797 684 3836 cor
720 3798 929 3845 meum,
965 3784 1058 3851 qui
1096 3781 1262 3836 faciet
1287 3795 1480 3835 omnes
1508 3781 1819 3836 voluntates
1845 3799 1996 3838 meas
2016 3785 2095 3849 5';
2138 3802 2157 3837 ›

582 3883 638 3927 ct
673 3882 861 3928 sancta
898 3872 1064 3926 David
1095 3872 1413 3943 praphetice
1448 3872 1826 3927 testimonium
1860 3874 2114 3930 habentia
2147 3893 2160 3930 :

581 3967 935 4036 perspicuum
984 3981 1113 4037 ergo
1158 3973 1244 4020 est
1299 3981 1399 4036 per
1428 3968 1805 4036 paenitentiam
1835 3982 1958 4022 cum
1996 3969 2164 4023 fuisse

582 4065 895 4110 correctum
948 4055 1069 4128 [ὃν.
1117 4072 1303 4127 persp.
1338 4057 1428 4111 ubi
1482 4058 1528 4111 is
1575 4058 1837 4127 poeniten.
1885 4070 2164 4117 correctus

581 4147 711 4221 est].
744 4141 849 4202 Sed
884 4149 1081 4203 iterum
1121 4149 1245 4203 novi
1278 4148 1502 4205 audisse
1539 4149 1692 4203 illum
1723 4166 1751 4202 a
1792 4148 1903 4204 Deo
1936 4169 1949 4204 :
1989 4168 2007 4201 ι
2042 4149 2161 4205 Non

584 4240 987 4296 tu‘mdificabis
1036 4239 1173 4296 mihi
1218 4242 1481 4309 domum,
1526 4242 1653 4311 quia
1697 4242 1779 4296 vir
1826 4243 2158 4312 sanguinum

578 4347 640 4387 es
662 4332 729 4386 ⁸⁸.
774 4350 793 4383 ι
834 4332 970 4386 Novi
1020 4331 1331 4388 Manassen)
1364 4348 1463 4403 per
1507 4331 1913 4389 confessionem
1958 4335 2027 4388 ab
2055 4336 2160 4389 im-

579 4425 787 4494 pietate
813 4425 1128 4481 dimissum.
1166 4426 1301 4482 Novi
1328 4435 1381 4481 et
1406 4428 1725 4482 meretrices
1754 4438 1806 4482 et
1832 4428 2157 4497 publicanos

2264 4438 2561 4510 θμηθὲντα,
2606 4444 2657 4495 εί
2708 4445 2783 4515 μή
2834 4463 2935 4498 που
2972 4449 3079 4521 πρὸ
3136 4451 3231 4503 τοῦ

2271 3245 2351 3299 ὅτι
2383 3248 2563 3301 πᾶσαν
2605 3250 2948 3319 μετάνοιανό
2973 3255 3107 3318 θεὸς
3150 3258 3533 3328 προσδέχεται,
3574 3264 3674 3315 καὶ
3729 3281 3859 3333 συγο

2269 3342 2441 3426 χωρεῖ
2472 3342 2559 3395 διὰ
2594 3344 2891 3411 μετανοίας
2919 3348 2988 3399 τὰ
3018 3350 3395 3418 προγεγονότα
3450 3354 3852 3426 ἁμαρτήματα.

2266 3424 2397 3482 Οἶδα
2436 3429 2545 3499 γὰρ
2593 3433 2688 3486 καὶ
2732 3434 2902 3488 Δαὸὶδ
2958 3439 3178 3509 μοιχείᾳ
3229 3424 3710 3512 συσχεθέντα
3760 3452 3855 3517 φόο

2265 3536 2361 3590 νῳ,
2396 3520 2534 3574 ἀλλὰ
2599 3526 3034 3610 μετανοήσαντα,
3086 3529 3348 3599 δεχθέντα
3408 3535 3505 3586 καὶ
3565 3554 3854 3610 μαρτυρηο

2265 3612 2468 3668 θένταο
2510 3609 2724 3687 «Εὗρον
2760 3618 2928 3673 Δασὶδ
2973 3620 3068 3672 τὸν
3124 3623 3220 3677 τοῦ
3264 3625 3432 3681 Ίεσαὶ
3476 3628 3653 3701 ἄνδρα
3714 3609 3855 3687 κατὰ

2262 3706 2362 3777 τὴν
2411 3707 2641 3777 καρδίαν
2693 3726 2818 3780 μου,
2846 3710 2905 3774 ὃς
2956 3715 3178 3786 ποιήσει
3236 3717 3420 3771 πάντα
3456 3720 3528 3773 τὰ
3568 3722 3855 3794 θελήματά

2268 3814 2430 3868 μουσι
2462 3801 2558 3853 καὶ
2588 3800 2656 3854 τὰ
2674 3803 2797 3856 ὅσια
2822 3803 2989 3857 Δαόὶδ
3008 3809 3365 3879 προφητικῶς
3395 3817 3848 3887 μαρτυρούμενα,

2263 3890 2488 3961 εὔδηλον
2513 3893 2603 3947 διὰ
2636 3897 2926 3964 μετανοίας
2949 3899 3146 3953 τούτου
3186 3901 3655 3975 διορθωσαμένου.
3690 3911 3851 3964 Ἀ).λά

2263 3981 2423 4035 πάλιν
2446 3977 2565 4036 οἶδα
2605 3985 2919 4042 ἀκούσαντα
2944 3990 3107 4043 αὐτὸν
3154 3994 3306 4063 παρὰ
3355 3996 3451 4050 τοῦ
3501 3999 3683 4063 Θεοῦ·
3727 4021 3746 4053 ι
3774 4005 3847 4057 05

2265 4072 2331 4162 συ
2365 4074 2749 4146 οίκοδομήσεις
2784 4097 2877 4148 μοι
2923 4076 3095 4147 οἷκον,
3119 4085 3201 4137 ὅτι
3257 4085 3398 4159 ἀνὴρ
3439 4091 3695 4162 αἱμάτων
3731 4092 3843 4148 εἴη

2264 4160 2395 4221 Οἶδα
2442 4169 2748 4259 Μανασσῆν
2802 4172 2868 4227 δι’
2923 4174 3332 4249 ὲξαγορεύσεως
3406 4160 3685 4252 ἀφεθέντα
3747 4192 3847 4259 τῆς

2260 4258 2534 4324 ἀσεϐείας.
2560 4256 2693 4315 Οἶδα
2712 4264 2805 4317 καὶ
2831 4267 3035 4337 πόρνας
3056 4270 3155 4322 καὶ
3170 4271 3416 4337 τελώνας
3438 4276 3733 4346 δεχθέντας
3760 4256 3845 4336 διὰ

2263 4351 2570 4418 μετανοίας,
2600 4353 2721 4406 οὐδέ
2751 4372 2871 4408 τινα
2904 4357 2960 4410 δὲ
2990 4359 3199 4413 τούτων
3236 4365 3318 4426 είς
3366 4367 3676 4442 ἱερωσύνην
3722 4374 3842 4444 up:-

3265 4452 3647 4527 βαπτίσματος
3690 4465 3844 4516 τοῦτο

578 4527 835 4586 reeeptos
881 4533 980 4587 per
1012 4519 1391 4588 pmnitentiam
1433 4537 1446 4573 :
1492 4536 1683 4573 verum
1729 4522 1939 4575 nullum
1971 4538 2035 4576 ex
2070 4522 2156 4578 his

2264 4532 2563 4625 πεπραχεν.
2622 4532 2756 4589 Οἶδά
2810 4556 2964 4601 τινας
3015 4519 3309 4613 μοναχοὺς,
3363 4519 3484 4601 ὅτε.
3513 4519 3729 4620 μὲν-ὲν
3770 4556 3845 4625 τῷ

581 4610 636 4663 ἱιι
677 4609 967 4663 sacerdotii
1017 4610 1285 4679 dignitate
1329 4622 1717 4677 numeratum;
1770 4615 1875 4668 nisi
1926 4614 2065 4669 forte
2100 4614 2153 4669 id

578 4709 707 4755 ante
747 4700 1029 4770 baptisma
1057 4689 1589 4757 commiseritublovi
1632 4715 1686 4759 et
1720 4708 2020 4763 monachos
2050 4708 2154 4762 ali-

577 4802 742 4864 quot,
778 4809 904 4849 cum
942 4795 996 4849 in
1030 4793 1238 4848 mundo
1268 4796 1546 4862 essent",
1584 4798 1733 4851 omni
1766 4800 1989 4855 libidine
2021 4816 2154 4855 con-

574 4895 905 4956 Spurcatos;
948 4900 1071 4941 cum
1099 4894 1280 4940 autem
1307 4887 1557 4943 solitarie
1588 4890 1853 4956 viverent,
1892 4901 2153 4961 tanquam

576 4978 729 5032 faces
763 4979 817 5031 in
855 4972 988 5032 Orbe
1022 4979 1432 5047 resplenduisse
1462 4999 1475 5035 :
1510 4981 1721 5035 nullum
1758 4992 1939 5037 tamen
1970 4998 2036 5037 ex
2069 4984 2153 5040 his

572 5072 631 5124 in
684 5071 1030 5126 sacerdotem
1085 5071 1492 5129 ordinatum".
1549 5072 1704 5139 Quod
1758 5075 1805 5129 si
1866 5083 2049 5129 autem
2097 5075 2151 5130 id

530 5164 533 5165 ⁷
573 5166 746 5219 semel
776 5177 941 5233 atque
987 5165 1188 5219 iterum
1235 5165 1442 5219 factum
1486 5178 1589 5233 est,
1638 5182 1747 5221 non
1796 5175 1976 5221 tamen
2015 5183 2151 5221 con-

576 5258 759 5313 festim
798 5258 971 5328 legem
1023 5258 1076 5311 in
1109 5257 1355 5313 Ecclesia
1397 5259 1723 5328 praescribit.
1773 5258 1994 5315 Scimus
2024 5276 2155 5316 san-

580 5359 719 5402 ctam
758 5347 1008 5422 [alutam]
1057 5349 1285 5403 Mariam
1319 5348 1743 5423 [AEgyptiacam]
1794 5353 1946 5423 prius
1977 5369 2155 5410 mere-

579 5440 769 5494 tricem
806 5442 999 5506 fuisse,
1039 5450 1230 5511 postea
1260 5442 1461 5497 factam
1490 5445 1861 5501 continentem
1892 5445 2155 5518 [fornica-

564 5532 741 5598 ‘riam,
780 5548 976 5589 rursus
1016 5544 1198 5589 autem
1236 5535 1519 5607 pudicam]
1559 5555 1573 5591 :
1612 5552 1720 5592 non
1774 5548 1957 5595 tamen
2008 5541 2150 5597 inter

640 5668 687 5702 ⁸³
719 5668 878 5726 Deut.
903 5686 977 5748 HL,
1005 5671 1074 5736 2;
1101 5689 1196 5737 xu,
1222 5672 1310 5727 52.
1387 5672 1434 5706 “
1460 5673 1601 5748 Psal.
1625 5690 1895 5739 cxxxvtu,
1926 5679 2049 5734 152.
2086 5680 2131 5712 ⁸⁵
2161 5680 2162 5685 “

2268 5681 2305 5735 l.
2332 5698 2525 5748 uvtn,
2550 5684 2641 5739 21.

2262 4621 2454 4692 κόσμῳ
2523 4620 2688 4695 ἦσαν,
2748 4630 2979 4701 πορνεία
3039 4634 3403 4702 συσχεθέντας
3435 4654 3450 4669 °
3505 4620 3846 4711 μονάσαντας

2257 4711 2333 4776 δὲ,
2372 4713 2448 4776 ὡς
2470 4717 2766 4787 φωστῆρας
2793 4721 2852 4772 ὲν
2875 4720 2954 4791 τῷ
2994 4725 3188 4797 κόσμῳ
3239 4727 3564 4799 λάμψαντας
3610 4737 3699 4790 διὰ
3749 4743 3845 4793 τοῦ

2255 4805 2559 4877 ἀσκητικοῦ
2595 4807 2712 4877 βίου
2748 4826 2763 4839 ³
2792 4811 2985 4866 οὐδένα
3018 4815 3077 4868 δὲ
3100 4820 3181 4881 είς
3209 4820 3518 4893 ἱερωσύνην
3550 4828 3840 4891 ἐπιϐάντα.

2255 4894 2415 4991 Eli—6s
2465 4898 2560 4951 καὶ
2622 4901 2852 4956 σπάνιον
2908 4905 3158 4975 γέγονεν,
3191 4911 3253 4963 ού
3303 4914 3470 4983 νόμος
3512 4918 3846 4991 Ἐκκλησξας

2254 4988 2434 5045 τοῦτο.
2466 4993 2579 5082 ’ξῆν
2636 4994 2790 5047 ὁσίαν
2825 4997 3050 5067 Μαρίαν
3089 5002 3297 5074 πόρνην
3319 5006 3380 5059 τὺ
3429 4988 3713 5082 πρότερον⁷
3763 5018 3840 5069 ῖσ-

2254 5098 2374 5152 μεν.
2432 5079 2598 5147 Αὖθις
2646 5085 2703 5139 δὲ
2758 5087 3037 5160 σώφρονα,
3071 5093 3131 5146 οὐ
3190 5097 3300 5169 μὴν
3334 5098 3391 5152 δὲ
3440 5104 3522 5166 είς
3566 5079 3672 5170 τας
3725 5108 3842 5161 δια-

2251 5175 2444 5269 κύνους
2468 5178 2888 5269 καταλεγεῖσαν,
2916 5183 3083 5252 ἁγίαν
3100 5186 3157 5269 οὲ
3188 5191 3283 5242 καὶ
3317 5191 3490 5264 ἐξῃρη
3500 5196 3676 5269 μένην
3711 5218 3844 5252 παν.

2251 5264 2341 5327 τὸς
2367 5266 2605 5339 πονηροῦ
2663 5272 3010 5342 πράγματος.
3080 5263 3192 5332 Καὶ
3218 5281 3272 5333 τί
3296 5263 3473 5341 ταῦτα
3502 5263 3691 5356 λέγω,
3750 5293 3842 5344 τὸν

2253 5355 2431 5426 ἀληθῆ
2482 5358 2642 5426 λόγον
2684 5363 3099 5433 επιστάμενοςς
3132 5370 3285 5441 παρὰ
3330 5373 3439 5427 τῶν
3506 5355 3839 5435 θείωνίάπο-

2257 5450 2459 5544 στόλων
2477 5451 2742 5544 μυηθεὶς,
2765 5457 2860 5509 καὶ
2888 5459 3043 5531 παρά
3073 5462 3182 5514 τῶν
3215 5465 3405 5531 αὐτοῖς
3426 5469 3840 5544 ἁκολουθησάνο

2255 5557 2363 5595 των
2393 5542 2564 5611 ἁγίων
2596 5544 2854 5618 Πατέρων
2873 5550 3055 5620 ἡμῶν,
3083 5558 3666 5631 πεπαρρησιασμένως

2751 5686 2866 5763 "ll
2896 5689 3032 5762 Reg.
3062 5711 3173 5761 xvi,
3204 5696 3257 5752 8.
3373 5701 3415 5733 ’τ
3446 5701 3837 5763 Fornicatione

577 5740 843 5805 tetentos,
892 5741 1115 5797 effectos
1141 5754 1329 5799 autem
1352 5747 1656 5802 monachos
1713 5750 1861 5803 sicut
1910 5751 2205 5806 luminaria
2238 5752 2292 5807 in
2335 5740 2538 5809 mundo
2580 5770 2677 5825 per
2704 5740 3497 5827 studiosam:vvit‘arnvl'ucentes.
