4088 6486
242 278 371 342 1457

1663 278 2069 348 EPISTOLAE.

3359 280 3497 348 1458

241 393 356 446 Ὅτι
404 390 432 442 ὁ
492 387 585 442 ἐπὶ
650 389 900 460 χρήμασι
945 391 1347 462 χειροτονηθεὶς
1395 392 1718 460 ἐπίσκοπος,
1774 394 1809 468 ἢ

1937 395 2184 457 liaconas
2214 400 2384 458 relata
2417 406 2524 454 cst.
2550 394 2831 464 Quorsum
2864 407 2998 449 vero
3031 390 3150 448 haec
3175 391 3338 452 dico?
3370 405 3497 450 cum

240 478 628 550 πρεσϐύτερος,
661 477 694 548 ἢ
725 477 994 544 διάκονος,
1063 479 1347 552 ἀλλότριός
1377 483 1494 536 ἔστι
1527 485 1623 554 τῆς
1648 485 1808 556 ἱερω-

241 570 418 639 σύνης.
451 568 584 622 Οὐδὲ
615 569 778 642 γὰρὴ
805 572 898 624 τοῦ
953 571 1097 626 θείου
1159 573 1480 644 Πνεύματος
1530 575 1690 648 χάρις
1721 596 1810 630 πιο

241 659 561 734 πράσκεται.
616 663 968 733 Καῖαφαῖκὸν
990 665 1422 737 τὸέπιτήδευμα,
1461 667 1814 736 Σιμωνιακὸν

240 757 296 807 τὸ
324 755 648 824 ἐγχείρημα,
708 754 988 828 ἀλλότριον
1022 757 1123 826 τῆς
1178 758 1460 828 ἱερατικῆς
1507 759 1812 828 ἁγιστείας.

242 848 346 900 Καὶ
400 845 490 898 ἐπὶ
542 846 773 918 πορνείᾳ
805 846 855 900 εἰ
909 846 1088 920 ληφθῇ
1150 849 1282 902 ποτέ
1339 867 1426 912 τις
1472 849 1610 920 μετὰ
1633 851 1692 904 τὸ
1717 850 1838 922 βά-,

244 955 466 1008 πτισμα,
505 941 581 1003 είς
639 939 938 1010 ἱερωσύνην
969 941 1030 992 οὐ
1085 940 1424 1013 προσεδέχθη
1454 957 1467 971 ·
1518 942 1654 996 θεῖοι
1717 961 1816 997 κα-

243 1030 384 1094 νόνες
408 1030 565 1084 τοῦτο
599 1031 1030 1102 διαγορεύουσιν.
1073 1032 1214 1086 Ἀλλ’
1237 1034 1285 1085 εί
1326 1031 1419 1088 καί
1463 1052 1548 1098 τις
1584 1036 1816 1108 εἰσήχθη

244 1126 320 1185 εις
383 1123 483 1192 τὴν
547 1124 850 1194 ἱερωσύνην
904 1123 1147 1178 τοιοῦτόν
1177 1143 1229 1179 τι
1272 1125 1507 1196 πράξας,
1551 1127 1820 1195 γνωσθεὶς

245 1212 525 1283 ἐξεϐλήθη.
557 1214 744 1269 Πάντα
769 1214 825 1268 δὲ
849 1215 1018 1286 ἄνδρα
1042 1220 1106 1289 τῇ
1163 1217 1423 1291 μετανοίᾳ
1473 1238 1818 1292 προσκαρτε-

250 1303 437 1374 ροῦντα
480 1305 573 1357 ἐπὶ
628 1307 1014 1378 ἁμαρτήμασι,
1073 1308 1173 1380 τὴν
1207 1308 1524 1380 ἁγαθότητα
1552 1312 1644 1364 καὶ
1693 1311 1820 1380 φιλ-

248 1396 553 1464 ανθρωπίαν
579 1396 672 1450 τοῦ
703 1398 836 1452 Θεοῦ
863 1396 1171 1468 γινώσκων,
1208 1397 1326 1455 οἶδα
1355 1393 1687 1474 λυτροῦσθαι
1723 1407 1824 1475 τῆς

247 1489 539 1560 ἁμαρτίας,
571 1489 752 1555 καθὼς
788 1491 884 1544 καὶ
917 1493 1174 1565 ἀνωτέρω
1197 1492 1652 1566 ἀποδεδώκαμεν.
1712 1497 1824 1549 Καὶ

248 1581 625 1652 ἁναθεματίζω
672 1586 923 1639 Ναυάτον
951 1588 1045 1642 καὶ
1095 1589 1222 1652 τοὺς
1247 1588 1442 1641 τούτου
1471 1587 1568 1658 τὴν
1590 1589 1826 1660 δυσσεϐῆ

251 1676 454 1744 αἵρεσιν
504 1677 945 1747 ὲπισπωμένους,
980 1678 1057 1742 ὡς
1113 1679 1443 1745 ἀθετοῦντας
1501 1682 1603 1752 τὴν
1659 1683 1825 1752 μετέι⁴

251 1783 413 1830 νοιαν,
443 1768 541 1820 καὶ
571 1769 669 1839 τὴν
692 1769 1105 1841 φιλανθρωπίαν
1120 1768 1214 1825 τοῦ
1247 1773 1385 1826 Θεοῦ
1419 1772 1495 1846 μὴ
1528 1776 1829 1848 προσιεμέι

250 1879 386 1924 νους.
423 1862 698 1928 Ὡσαύτως
720 1863 777 1918 δὲ
808 1864 1018 1919 καὶτὸν
1042 1865 1139 1920 ἐπὶ
1200 1868 1451 1938 χρήμασι
1504 1886 1827 1941 χειροτονη-

249 1958 402 2012 θέντα
427 1957 732 2013 ἐπίσκοπον
755 1960 1117 2029 μετανοοῦντα
1134 1962 1383 2032 ὁμολογῶ
1401 1965 1825 2036 προσδέχεσθαι·

249 2049 450 2116 ἀγαθὸς
506 2053 616 2120 γὰρ
661 2051 690 2104 ὁ
742 2050 874 2114 Θεὸς
937 2053 1030 2106 ἐπὶ
1089 2054 1268 2115 πᾶσι,
1343 2056 1438 2108 καὶ
1497 2056 1827 2127 ἀνεῳγμένα

247 2144 314 2197 τὰ
359 2141 642 2212 σπλάγχνα
702 2142 869 2197 αὐτοῦ
931 2144 1025 2197 ἐπὶ
1103 2145 1269 2198 παντὶ
1320 2145 1600 2218 ἀνθρώπῳ
1659 2166 1830 2218 μετα⁹

249 2235 454 2290 νοοῦντι
484 2252 498 2267 ·
531 2235 625 2290 καὶ
659 2237 740 2298 είς
768 2236 866 2306 τὴν
917 2235 1199 2306 βασιλείαν
1253 2237 1422 2291 αὑτοῦ
1479 2239 1672 2294 τοῦτον
1713 2243 1832 2294 cia-

251 2331 391 2397 άγει.
437 2329 579 2383 Ἀλλ’
605 2329 727 2381 ἐπεὶ
755 2327 899 2382 κατὰ
945 2329 1038 2382 τὸν
1069 2329 1397 2383 Ἀπόστολον
1430 2331 1610 2403 ἱερεὺς
1639 2333 1832 2388 ἀνεπί-

250 2420 451 2489 ληπτος
498 2419 702 2488 ὀφείλει
749 2414 911 2484 εἶναι,
946 2422 973 2474 ὁ
1004 2420 1094 2473 ἐπὶ
1150 2422 1400 2493 χρήμασι
1445 2425 1833 2497 χειροτονήσας

248 2513 448 2583 uvidi
517 2513 920 2584 χειροτονηθεὶς
969 2514 1057 2567 ἐπ’
1097 2515 1304 2578 αὐτοῖς.
1345 2515 1653 2587 ἁλλότριός,
1681 2519 1834 2571 ἐστιν

253 2605 575 2677 ἱερωσύνης,
629 2607 704 2669 ὡς
760 2606 961 2669 πάντες
996 2606 1222 2676 οἴδαμεν
1252 2608 1300 2660 οἱ
1358 2610 1459 2679 τῆς
1499 2606 1835 2678 Ἐκκλησίας

250 2698 530 2766 τρόφιμοι,
561 2700 624 2751 ἐκ
655 2699 958 2753 κανονικῶν
1017 2698 1363 2769 μαθημάτων
1421 2699 1832 2766 παιδευθέντες.

252 2789 464 2844 Οὐκοῦν
497 2791 636 2861 καλὴ
675 2793 772 2844 καὶ
805 2791 985 2862 ἀγαθὴ
1013 2793 1046 2856 ἡ
1084 2791 1372 2858 μετάνοια,
1396 2791 1494 2844 καὶ
1524 2793 1665 2864 πρὸς
1695 2792 1832 2849 Θεὸν

251 2879 585 2952 ἀνάγει.κάῒ
614 2883 722 2936 τῶν
773 2883 1193 2954 ἁμαρτημάτων
1241 2882 1564 2954 λυτροῦται.
1616 2885 1835 2950 Καύτὸς

251 2974 358 3046 γὰρ
384 2973 502 3044 ἐγὼ
522 2974 709 3047 χρῄζω
733 2975 944 3039 ἐλέους·
969 2971 1088 3028 οἶδα
1118 2975 1248 3066 γὲιρν
1280 2974 1380 3047 τὴν
1409 2975 1506 3030 τοῦ
1539 2976 1677 3030 Θεοῦ
1710 2978 1835 3046 φιλ-

1912 495 2162 551 veritatis
2217 507 2536 552 sermonem
2589 502 2926 560 cognoscam
2948 487 3018 553 ⁸⁸,
3062 495 3120 542 et
3165 501 3290 540 eum
3339 487 3499 557 quia

1913 589 2116 643 divinis
2144 586 2414 657 apostolis
2446 583 2701 640 initiatus
2728 589 2832 648 est,
2871 580 3137 636 audacter
3168 579 3500 633 clamantem

1916 677 1972 751 [a
2024 679 2230 736 divinis
2285 675 2552 748 apostolis
2603 683 2660 729 et
2709 672 2919 730 sanctis
2972 670 3231 726 Patrihus
3298 668 3503 723 nostris

1915 772 2144 827 edoctus
2170 771 2434 826 audacter
2479 764 2671 839 clam.]
2705 766 2920 821 videam
2949 784 2962 820 :
2993 763 3152 830 Quod
3185 762 3504 833 quicunque

1918 877 2014 934 per
2048 864 2336 931 pecuniam
2367 862 2657 917 ordinatus
2686 867 2775 915 est
2794 858 3116 930 episcopus,
3148 866 3242 912 aut
3269 855 3501 926 presby-

1924 964 2032 1020 ter,
2066 965 2166 1010 aut
2205 956 2494 1019 diaconus,
2543 953 2758 1008 alienus
2785 961 2870 1008 cst
2900 968 2929 1005 a
2961 949 3290 1007 sacerdotali
3321 949 3504 1019 digni-

1919 1056 2031 1104 tate
2073 1065 2086 1101 :
2139 1064 2248 1101 non
2294 1050 2442 1102 enim
2489 1047 2661 1102 divini
2709 1046 2951 1114 Spiritus
3002 1046 3176 1116 gratia
3227 1043 3503 1098 venditur.

1921 1139 2281 1209 Caiphaicum
2325 1140 2430 1192 hoc
2462 1140 2706 1194 studium
2740 1147 2846 1202 est,
2889 1137 3204 1192 Sunoniaca
3244 1135 3356 1189 hate
3388 1149 3507 1188 tua-

1922 1231 2201 1296 chinatio,
2241 1239 2297 1286 et
2323 1230 2504 1285 aliena
2548 1247 2578 1284 a
2609 1231 2940 1286 sacerdotali
2974 1227 3501 1285 sanctiﬁcatione”.

1926 1320 1982 1375 In
2043 1320 2381 1377 scortatione
2448 1330 2550 1374 aut
2608 1320 2882 1375 adulterio
2945 1321 2992 1376 si
3054 1318 3326 1388 quispiam
3384 1327 3509 1386 post

1925 1413 2200 1484 baptisma
2234 1412 2399 1469 fuerit
2444 1412 2848 1482 deprehensus,
2879 1409 3050 1465 divini
3083 1425 3325 1466 canones
3353 1409 3504 1464 illum

1926 1506 1993 1560 ad
2044 1506 2422 1561 sacerdotium
2479 1520 2590 1559 non
2651 1504 2953 1559 admittunt
2999 1519 3014 1554 :
3065 1503 3198 1572 quin
3246 1502 3412 1556 etiam
3459 1502 3508 1556 si

1927 1597 2203 1668 quispiam
2236 1605 2527 1668 promotus
2560 1597 2630 1652 ad
2665 1595 3039 1652 sacerdotium
3071 1594 3190 1667 [Gn
3220 1610 3397 1663 prom.
3427 1601 3513 1648 est

1930 1690 1998 1744 ad
2031 1690 2534 1758 sacertlotium..qui
2566 1688 2724 1761 tale],
2760 1689 2869 1744 tale
2905 1687 3113 1757 aliquid
3148 1686 3357 1748 fecerit.
3387 1699 3513 1740 con-

1932 1784 2115 1839 festim
2158 1783 2405 1854 ejicitur.
2449 1782 2644 1838 Omnis
2685 1782 2858 1853 igitur
2902 1782 2986 1836 vir
3015 1781 3111 1851 qui
3144 1781 3198 1834 in
3239 1782 3514 1849 poeniten-

1933 1877 2006 1931 tia
2029 1878 2311 1946 perdurat,
2351 1891 2446 1946 per
2483 1875 2782 1930 bonitatem
2811 1881 2867 1929 et
2892 1874 3373 1930 mansuetudinem
3416 1871 3512 1927 Dei

1930 1970 2147 2023 veniam
2191 1977 2544 2038 peccatorum
2597 1983 2826 2024 suorum
2887 1967 3099 2022 obtinet
3118 1967 3189 2032 ‘°,
3241 1964 3512 2034 quemadv

1935 2059 2162 2114 modum
2229 2060 2396 2116 etiam
2448 2061 2500 2116 in
2555 2059 2935 2128 superioribus
2989 2055 3514 2114 demonstravimus.

1934 2151 2201 2206 Novatum
2255 2162 2465 2216 autem,
2501 2161 2556 2208 et
2596 2151 2718 2222 ejus
2766 2152 2950 2221 impiae
3000 2147 3228 2205 haeresis
3276 2145 3516 2203 asseclas

1934 2243 2367 2306 anathematizo.
2427 2252 2622 2314 utpote
2667 2243 2763 2313 qui
2830 2241 3068 2311 injttrius
3129 2239 3201 2295 sit
3251 2239 3516 2293 adversus

1935 2331 2339 2403 ptenitentiam,
2372 2344 2429 2390 et
2462 2335 2941 2390 mansuetudinem
2970 2333 3070 2388 Dei
3101 2331 3297 2387 elevet.
3334 2327 3517 2396 Quare

1934 2427 2056 2497 ejus
2128 2426 2409 2496 Opinionis
2473 2440 2640 2490 sum,
2699 2434 2758 2479 ut
2817 2422 3084 2479 conﬁtear
3139 2421 3517 2490 recipiendum

1935 2519 2259 2588 episcopum
2306 2534 2404 2588 per
2445 2517 2710 2587 pecunias
2743 2516 3082 2579 ordinatum,
3132 2513 3298 2570 modo
3345 2511 3518 2581 poeni-

1937 2614 2049 2661 teat
2077 2623 2090 2660 :
2122 2606 2300 2662 bonus
2333 2605 2480 2660 enim
2519 2605 2662 2661 Deus
2687 2613 2773 2661 est
2807 2605 2863 2658 in
2904 2603 3187 2665 omnibus,
3222 2613 3278 2657 et
3303 2602 3513 2656 viscera

1938 2699 2062 2769 ejus
2109 2708 2302 2770 aperta
2351 2709 2483 2754 sunt
2528 2711 2960 2769 superomnem
3020 2695 3298 2750 hominem
3342 2693 3521 2763 panti-

1939 2801 2164 2858 tentem,
2199 2808 2362 2862 quem
2394 2793 2560 2848 etiant
2607 2792 2659 2845 in
2691 2806 2920 2862 regnum
2947 2805 3111 2844 suum
3141 2787 3380 2844 inducit.
3415 2785 3522 2840 Sed

1937 2885 2401 2956 quoniam,juxta
2453 2884 2700 2940 divinutn
2755 2881 3168 2952 Apostolum“,
3231 2879 3526 2949 episcopus

1937 2978 2291 3048 inculpabilis
2343 2972 2927 3048 [irreprehensibilis]
2984 2987 3108 3029 esse
3153 2971 3317 3026 debet
3366 2989 3379 3026 :
3430 2969 3525 3038 qni

251 3066 591 3140 ανθρωπίαν,
616 3068 698 3121 ὅτι
733 3067 912 3122 πάντα
945 3069 1037 3120 τὸν
1065 3063 1512 3139 προσερχόμενον
1563 3069 1832 3141 ἀποδέχε-

1937 3079 2166 3142 propter
2190 3069 2458 3140 pecunias
2490 3068 2730 3138 aliquem
2769 3067 3010 3131 ordinat,
3047 3073 3146 3118 aut
3173 3064 3243 3118 ah
3275 3063 3401 3116 aliis
3433 3076 3528 3115 or-

252 3175 360 3212 ται.
391 3156 542 3226 Ἔιρη
601 3157 710 3227 γὰρ
759 3157 847 3210 διὰ
891 3156 986 3211 τοῦ
1029 3158 1349 3227 προφήτουο
1394 3177 1412 3209 t
1439 3158 1581 3226 Λέγε
1614 3159 1678 3212 σὺ
1734 3160 1833 3224 τὰς

255 3248 529 3318 ἁμαρτίας
557 3264 648 3300 σου
676 3247 914 3316 πρῶτος,
943 3246 1030 3299 ἵνα
1058 3246 1375 3317 δικαιωθῇς.
1401 3267 1421 3300 ι
1456 3250 1584 3312 Καὶ,
1621 3267 1640 3298 ‹
1667 3249 1832 3314 Εἰπα,

255 3339 602 3411 ὲξαγορεύσω
645 3341 761 3393 κατ’
785 3339 922 3409 ἐμοῦ
951 3339 1048 3411 τὴν
1074 3340 1352 3412 ἁμαρτίαν
1383 3358 1487 3412 μου
1515 3342 1592 3413 τῷ
1619 3345 1834 3415 Κυρίῳ,

255 3434 435 3488 καὶσὺ
455 3434 672 3504 ἀφῆκας
701 3433 801 3504 τὴν
830 3433 1088 3488 ἀσέϐειαν
1109 3434 1208 3506 τῆς
1243 3434 1468 3505 καρδίας
1499 3453 1624 3506 μου.
1649 3455 1666 3487 ι
1702 3437 1836 3500 Καὶ,

263 3545 281 3578 ι
316 3526 492 3596 ’Υπὲρ
531 3525 735 3598 ταύτης
783 3527 1144 3598 προσεύξεται
1171 3528 1308 3599 πρὸς
1332 3528 1392 3581 σὲ
1421 3528 1529 3592 πᾶς
1581 3530 1728 3593 ὅσιος
1782 3531 1839 3582 ὲν

255 3619 437 3690 καιρῷ
488 3619 712 3688 εὐθέτῳ.
744 3639 761 3671 ι
811 3619 920 3673 Καὶ
953 3619 1044 3672 τὸν
1109 3620 1492 3691 πορνεύσαντα
1546 3621 1838 3692 Κορίνθιον

254 3708 376 3766 οῖδα
402 3711 803 3781 προσδεχθέντα
836 3711 988 3782 παρὰ
1007 3712 1086 3783 τῷ
1129 3713 1259 3780 θείῳ
1287 3713 1570 3782 ἀποστόλῳ
1619 3713 1840 3784 Παύλῳ,

1938 3165 2187 3228 diuatur,
2245 3161 2460 3217 alienus
2510 3169 2597 3216 est
2651 3177 2681 3215 a
2740 3156 3069 3214 sacerdotali
3115 3155 3405 3227 dignitate,
3468 3161 3530 3209 ut

1937 3273 2134 3312 omnes
2162 3257 2422 3311 novimus
2443 3255 2763 3325 quicunque
2788 3253 3050 3308 Ecclesiae
3073 3250 3282 3306 alumni
3311 3254 3526 3308 sumus.

1940 3347 2083 3421 Ergo
2115 3349 2261 3404 bona
2307 3357 2362 3403 et
2396 3345 2690 3402 laudabilis
2724 3345 3050 3415 poenitentia
3082 3359 3207 3414 qua:
3237 3343 3304 3397 ad
3353 3340 3528 3397 Deum

1938 3441 2112 3503 ducit,
2145 3448 2200 3494 et
2227 3455 2257 3493 a
2291 3439 2532 3507 peccatis
2577 3438 2799 3493 liberat.
2845 3435 2912 3489 Et
2956 3451 3060 3507 ego
3097 3449 3322 3506 quoque
3354 3433 3530 3488 mise-

1941 3534 2180 3591 ricordia
2209 3533 2431 3604 indigeo
2463 3548 2482 3589 :
2516 3531 2645 3588 novi
2690 3530 2838 3586 enim
2885 3529 2980 3584 Dei
3025 3525 3530 3605 mansuetudinem.
3623 3539 3626 3542 '

1941 3628 2036 3698 qui
2087 3639 2304 3680 onmem
2354 3623 2425 3678 ad
2469 3637 2529 3678 se
2559 3622 2868 3676 venientem
2921 3619 3139 3689 recipit,
3188 3618 3339 3672 Dixit
3385 3617 3533 3672 enim

1945 3735 2038 3789 per
2079 3717 2399 3786 prophetam
2435 3733 2448 3768 :
2495 3733 2513 3765 ι
2547 3713 2629 3768 Tu
2660 3713 2876 3783 primus
2911 3712 3001 3768 dic
3029 3720 3262 3781 peccata
3310 3719 3428 3772 tua,
3474 3717 3535 3762 ut

255 3803 316 3856 οὐ
353 3801 465 3874 μὴν
520 3801 577 3854 δὲ
624 3803 704 3866 εἰς
764 3801 1066 3873 ἱερωσύνην
1135 3802 1592 3858 ἀναϐιῦασθέντα.
1642 3805 1704 3857 Εἰ
1735 3807 1836 3876 γὰρ

1939 3806 2350 3880 justiliceris“.
2389 3824 2409 3858 ι
2465 3805 2578 3860 Et:
2627 3823 2646 3855 ι
2681 3804 2800 3858 Dixi
2840 3821 2854 3859 :
2891 3802 3138 3872 Eloquar
3187 3801 3532 3870 iniquitatem

261 3894 451 3964 πατὴρ
479 3893 934 3962 ἀποδημήσαντος
961 3894 1100 3958 υἱοῦ,
1144 3894 1240 3946 καὶ
1293 3893 1486 3946 τοῦτον
1540 3893 1836 3966 ἀθετήσαν-

1947 3913 2136 3954 meam.
2154 3911 2340 3953 coram
2391 3895 2650 3962 Domino,
2692 3903 2749 3950 et
2790 3901 2847 3947 tu
2892 3890 3156 3947 remisisti
3200 3889 3533 3959 impietatem

261 4003 375 4048 τος,
403 3981 560 4048 αὖθις
597 3984 656 4039 δὲ
687 3983 1153 4056 ἐπανερχομένου,
1213 3985 1701 4056 προσλαμϐάνεται
1758 3989 1836 4044 διὰ

1949 3990 2132 4048 cordis
2159 3990 2267 4044 mei
2290 3990 2354 4041 ⁸³.
2393 4005 2412 4039 ι
2471 3987 2582 4041 Et:
2617 4005 2635 4038 ‹
2673 3985 2786 4040 Pro
2833 3999 2899 4038 ea
2947 3982 3131 4037 orabit
3159 3980 3226 4035 ad
3276 3988 3326 4035 te
3356 3979 3536 4034 omnis

261 4077 362 4148 τὴν
395 4073 632 4145 φυσικὴν
650 4076 905 4145 στοργήνο
937 4075 1084 4144 πόσῳ
1123 4075 1325 4144 μᾶλλον
1351 4075 1378 4126 ό
1409 4076 1594 4146 πατὴρ
1629 4077 1836 4133 πάντωι

1951 4092 2178 4140 sanctus
2217 4083 2273 4138 in
2314 4092 2563 4152 tempore
2609 4090 2923 4152 opportuno
2945 4078 3012 4133 “.
3053 4095 3072 4129 ι
3114 4076 3248 4130 Nam
3282 4076 3330 4131 si
3361 4083 3536 4144 pater,

266 4167 425 4238 ἡμῶν
454 4165 584 4230 Θεὸς
606 4168 784 4219 πάντα
807 4165 1175 4238 μετανοοῦντα
1222 4167 1318 4220 καὶ
1361 4167 1720 4238 προσδέχεται
1752 4170 1836 4222 καῚ

1953 4177 2066 4232 lilio
2115 4191 2342 4246 peregre
2388 4174 2722 4238 exsistente,
2772 4179 2827 4226 et
2883 4186 2998 4224 rem
3051 4168 3217 4238 impie
3259 4176 3316 4223 et
3351 4167 3538 4236 inique

269 4258 725 4327 ἀγκαλίζεταιὼς
756 4258 1205 4329 φιλάνθρωπος,;
1268 4259 1329 4312 οὐ
1381 4260 1490 4330 γὰρ
1548 4261 1694 4316 θέλει
1759 4265 1836 4316 τὸη

1954 4275 2172 4338 agente,
2229 4263 2550 4318 redeuntem
2603 4261 2802 4314 iterum
2856 4258 2925 4315 ad
2966 4273 3027 4313 se
3066 4256 3304 4312 naturali
3350 4270 3539 4310 amore

269 4352 500 4404 θάνατον
545 4349 641 4402 τοῦ
691 4347 1038 4420 ἁμαρτωλοῦ,
1077 4349 1153 4412 ὡς
1176 4350 1236 4402 τὸ
1258 4351 1587 4422 ἐπιστρέψαι
1631 4353 1728 4406 καὶ
1753 4353 1836 4423 ζῇη

1955 4355 2307 4430 prosequitur
2337 4373 2351 4410 :
2389 4362 2599 4425 quanto
2629 4352 2804 4422 magis
2839 4349 2982 4405 Deus
3010 4349 3258 4404 omnium
3290 4358 3541 4401 nostrum

267 4440 455 4495 αὐτόν.
487 4439 647 4494 Καθὰ
678 4440 774 4493 καὶ
799 4438 1114 4510 ἠκούσαμεν
1141 4438 1202 4502 ἐξ
1227 4439 1397 4512 αὐτῆς
1425 4442 1526 4510 τῆς
1564 4444 1836 4514 Κυριακῆς

1959 4427 2147 4514 Pater,
2188 4462 2410 4504 omnem
2448 4445 2808 4516 pmnilentem
2841 4441 3111 4514 suscipiet
3137 4442 3191 4496 in
3225 4439 3368 4494 ulnis
3400 4439 3538 4504 suis,

271 4533 457 4602 ςωιῆς
516 4532 890 4602 εύαγγελικῶς
939 4531 1261 4604 παραϐολὴν
1322 4532 1695 4605 διηγουμένης
1725 4540 1856 4607 περὶ

272 4626 363 4680 τοῦ
417 4625 647 4688 ἀσώτως
689 4626 782 4679 τὸν
833 4625 948 4696 βίον
971 4625 1260 4696 ζήσαντος,
1288 4626 1370 4679 ὅτι
1411 4629 1857 4700 μετανοήσαντος

273 4717 468 4785 αὐτοῦ,
535 4718 689 4788 παρὰ
733 4717 826 4772 τοῦ
854 4719 912 4772 ὲν
971 4720 1222 4790 οὐρανοῖς
1286 4719 1500 4791 Πατρὸς
1556 4722 1856 4795 ἀπεδέχθη.

276 4816 476 4885 Χαίρει
518 4814 629 4886 γὰρ
688 4814 784 4868 ἐπὶ
833 4812 1000 4867 παντὶ
1076 4813 1390 4884 ἁμαρτωλῷ
1477 4815 1855 4885 μετανοοῦντι.

279 4907 441 4976 Μέγα
499 4907 664 4960 ὅπλον
708 4909 742 4978 ή
777 4907 1057 4978 μετάνοια,
1121 4906 1332 4977 μεγάλη
1385 4907 1661 4979 σωτηρίας
1713 4909 1854 4976 όδὸς,

281 4999 541 5071 πρόξενος
583 4997 834 5070 οὐρανῶν
879 4996 1180 5068 βασιλείας,
1219 4997 1503 5068 ἀφθάρτου
1569 4996 1719 5068 ζωῆς
1769 5000 1864 5053 66-

280 5091 412 5161 ητὸς
433 5129 448 5153 ,
482 5089 839 5162 μαρτυρικῶν
881 5089 1166 5160 ἀθλήσεων
1217 5090 1480 5161 πάρισος,
1507 5146 1513 5153 ,
1542 5091 1680 5160 πρὸς
1729 5090 1865 5145 Θεὸν

280 5183 572 5253 όόηγοῦσα,
633 5183 731 5236 καὶ
765 5181 862 5236 σὺν
888 5180 1006 5253 Θεῷ
1056 5178 1198 5236 εἶναι
1235 5182 1497 5245 ποιοῦσα,
1525 5181 1620 5236 τοῦ
1653 5181 1867 5253 ἀνθρω-

283 5274 440 5329 πίνου
471 5274 662 5344 γένους
709 5271 1006 5345 βακτηρία,
1044 5273 1352 5328 πιπτόντων
1393 5274 1710 5338 ἀνάστασις.
1740 5275 1865 5330 Μα-

395 5514 728 5602 335383-350-
795 5514 891 5602 ,εξ
921 5514 1384 5602 θυι-,εροει-,ἔβο
1496 5515 1863 5602 "ean-.25-

1957 4558 2080 4598 cum
2116 4541 2191 4596 sit
2237 4537 2595 4608 singulariter
2646 4533 3019 4590 misericors?
3055 4531 3176 4587 Non
3207 4532 3351 4586 enim
3394 4545 3544 4584 moro

1959 4645 2066 4691 tem
2103 4633 2234 4704 petit
2285 4629 2612 4701 peccatoris,
2652 4626 2746 4682 sed
2785 4626 2964 4697 magis
3005 4633 3070 4680 ut
3105 4631 3461 4679 convertatur
3489 4630 3545 4674 et

1959 4726 2105 4779 vivat
2125 4724 2191 4778 “.
2245 4717 2724 4787 Quemadmodum
2801 4717 2966 4770 etiam
3016 4715 3072 4768 in
3127 4711 3426 4782 Evangelia
3476 4709 3546 4764 ab

1961 4820 2079 4888 ipsa
2124 4813 2338 4871 Domini
2365 4827 2496 4868 voce
2518 4813 2564 4844 “
2606 4827 2704 4881 per
2744 4808 3063 4879 parabolam
3097 4805 3164 4860 de
3209 4803 3464 4873 prodigo,
3493 4809 3548 4855 et

1965 4920 2152 4981 postea
2187 4907 2508 4980 pmnileute,
2541 4902 2799 4958 instructi
2839 4913 3056 4962 sumus,
3090 4911 3120 4949 a
3147 4897 3308 4950 Patre
3339 4893 3546 4948 cmlcsti

1962 4994 2182 5072 recepto
2216 5004 2270 5055 in
2305 4999 2460 5055 caelis
2497 4997 2578 5068 [in
2610 4995 2763 5050 cretis
2797 4988 3111 5062 redundat].
3156 4987 3370 5044 Gaudet
3399 4987 3545 5041 enim

1965 5069 2130 5165 super
2191 5107 2408 5147 omnem
2465 5088 2745 5142 hominem
2816 5093 3070 5155 agentem
3141 5079 3544 5151 paenitentiam.
3597 5069 3600 5072 ⁴

1965 5183 2293 5240 Ptenitentia
2313 5179 2543 5250 insignis
2567 5190 2649 5234 est
2675 5191 2976 5240 armatura,
2996 5182 3196 5242 magna
3216 5170 3414 5228 salutis
3437 5170 3544 5233 vin,

1966 5277 2188 5350 hOSpitii
2219 5275 2370 5348 regni
2399 5276 2670 5331 ctelorum
2695 5269 3076 5344 dispensatrix
3102 5267 3172 5336 “,
3205 5264 3552 5336 incorrupti-

1976 5518 2071 5571 “l
2123 5515 2270 5572 Tim.
2295 5534 2356 5580 tt.
2382 5519 2440 5572 2.
2550 5517 2595 5548 ⁶¹
2639 5515 2744 5570 lsa.
2793 5531 2904 5577 xu,
2931 5512 3025 5568 26.
3136 5511 3182 5543 "
3215 5509 3542 5574 Psal.tt,,-5.

295 5587 338 5619 ⁸⁸
368 5586 502 5641 ihid.
536 5587 588 5642 6.
620 5585 714 5640 Gr.
745 5586 916 5641 addit.
955 5605 974 5637 ι
1010 5585 1073 5638 Et
1101 5585 1444 5641 Corinthium
1481 5585 1573 5656 qui
1608 5585 1914 5642 fornicatus
1943 5597 2044 5646 est.
2075 5590 2198 5642 novi
2223 5605 2252 5642 a
2280 5590 2466 5643 divino
2500 5587 2749 5654 aposmlo
2775 5585 2946 5640 Paulo
2971 5594 3287 5656 receptum,
3324 5595 3432 5656 non
3467 5589 3550 5633 la-

295 5673 417 5710 men
447 5667 693 5713 evectum
727 5659 794 5712 ad
826 5656 1246 5713 sacerdotium.»
1317 5657 1361 5689 ⁸⁸
1384 5657 1581 5713 Ezech.
1615 5675 1747 5712 xvm
1775 5670 1831 5712 et
1860 5673 2057 5714 xum.

295 5727 528 5783 clliatrix
552 5747 565 5783 :
592 5729 647 5783 in
672 5745 721 5783 c.
740 5728 956 5784 loliano
978 5728 1180 5784 dicitur
1208 5747 1220 5784 :
1244 5727 1636 5785 Reconciliatio
1659 5729 1806 5801 regni
1837 5730 1961 5785 etei.

2167 5660 2213 5690 '°
2242 5659 2374 5716 huc.
2407 5676 2496 5718 xv.
2538 5651 2599 5711 tl
2633 5673 2786 5726 seqq.
2865 5657 2908 5688 ⁸⁷
2941 5655 3040 5714 Gr.
3071 5653 3223 5723 regni
3252 5651 3381 5709 εωι.
3419 5664 3552 5704 con-
