4088 6494
622 288 644 354 1
656 288 758 357 459

1695 307 1759 371 5.
1785 309 2090 373 TARASII
2132 305 2638 376 PATRIARCHE
2666 310 2770 375 (ΣΡ.

3734 304 3758 371 1
3775 306 3881 369 £60

615 410 741 465 bilis
775 410 873 465 vim
901 409 1033 478 dux,
1065 415 1483 487 martyricorum
1534 426 1895 482 certaminum
1935 428 2148 498 atquipa

2286 428 2465 499 κάριοι
2498 430 2563 497 ,οι
2618 429 2827 498 ταύτην
2877 424 3274 497 ἀσπαζόμενοι.
3334 423 3399 478 σι
3471 420 3645 492 ταύτῃ
3698 436 3877 491 προη-

616 503 778 569 ratio,
824 504 890 558 ad
942 504 1112 560 Deum
1162 507 1304 562 viam
1357 510 1630 581 indicans,
1678 526 1732 571 et
1760 534 1884 573 cum
1930 520 2047 588 ipso
2082 536 2180 575 nos

614 610 738 651 esse
772 595 1015 664 faciens;
1054 598 1277 654 humani
1308 605 1527 673 generis
1574 606 1819 668 baculus.
1865 611 2176 666 cadentium

614 697 667 739 et
697 686 972 755 lapsorum
1008 692 1302 746 surrectio.
1336 693 1481 748 Beati
1514 695 1607 766 qui
1654 698 1797 753 hanc
1838 700 2177 770 amplectun-

612 784 722 841 tur,
773 784 829 832 et
876 777 1004 833 huic
1054 780 1357 838 adhaerent.
1391 785 1494 850 Qui
1550 787 1689 843 hanc
1737 801 2012 856 exercent,
2054 808 2177 849 cum

608 869 818 938 angelis
860 868 1030 926 vitam
1071 874 1335 942 aequalem
1369 874 1597 943 ducunt,
1634 879 1701 932 ab
1732 882 1880 935 omni
1914 883 2056 937 malo
2086 884 2179 939 de-

606 958 835 1026 clinant,
866 971 919 1016 et
948 962 1152 1018 hortum
1188 964 1416 1021 faciunt.
1451 966 1779 1027 Pmnitentia
1813 984 1898 1028 est
1931 976 2175 1029 coalum-

602 1067 675 1107 na
714 1061 767 1108 et
814 1054 1101 1110 familiaris
1152 1057 1465 1113 dilectionis
1511 1057 1866 1132 [collaetanea
1912 1075 1964 1120 et
2006 1066 2175 1121 coha-

603 1143 829 1199 bitatrix
869 1146 1200 1219 charitatis],
1233 1149 1611 1221 eleenmsyme,
1649 1154 1863 1225 jejunii.
1896 1157 2174 1213 abstinen-

601 1235 688 1289 tia:
715 1277 728 1297 .
783 1239 1156 1306 temperantiae
1181 1278 1194 1304 ,
1237 1239 1525 1309 probitatis
1552 1282 1568 1308 ,
1620 1245 1923 1302 honestatis
1956 1289 1970 1311 ,
2020 1264 2174 1304 man-

601 1325 909 1381 suetudinis
941 1325 1057 1398 [Gr.
1096 1332 1267 1392 addit.
1308 1333 1599 1407 orationis]
1626 1353 1638 1389 :
1672 1346 1726 1390 et
1755 1348 1812 1390 ut
1842 1353 2027 1391 verum
2063 1355 2171 1392 uno

594 1415 766 1467 verbo
794 1415 994 1481 dicam,
1027 1418 1140 1473 haec
1165 1424 1349 1476 omnia
1379 1424 1541 1493 pollet
1569 1426 1887 1495 paenitentia
1914 1425 2033 1498 [Gn
2058 1425 2171 1481 haec.

594 1504 784 1558 omnia
809 1516 893 1561 est
921 1508 1162 1579 pmnit.].
1194 1511 1257 1591 ,δὶ
1285 1514 1409 1583 quis
1452 1525 1636 1570 autem
1664 1516 1805 1573 hanc
1829 1519 2171 1573 contaminat

595 1600 651 1648 et
682 1600 1005 1666 contemnit,
1039 1615 1147 1655 nou
1180 1603 1322 1658 inter
1345 1618 1612 1671 servatos,
1640 1608 1732 1662 sed
1759 1608 1900 1664 inter
1923 1611 2167 1679 perditos

2284 519 2500 589 ἔχοντες
2562 519 2701 591 μετὰ
2750 518 2999 589 ἀγγέλων
3047 516 3498 571 ωνδιαιτιῦνταιθ
3566 514 3616 567 οἱ
3664 512 3875 580 ταύτης

2283 612 2580 676 ἀσκοῦντες
2605 611 2940 683 ἐκκλίνουσιν
2961 610 3068 665 ἀπὸ
3100 609 3300 673 παντὸς
3332 606 3530 672 κακοῦ,
3566 605 3664 660 καὶ
3688 600 3871 657 ποιοῦ-

2286 718 2368 755 σιν
2395 701 2620 768 ἀγαθόν.
2650 702 2922 756 Μετάνοια
2938 696 3032 755 οῦν
3055 699 3253 771 τροφὸς
3303 698 3398 752 καὶ
3443 697 3700 767 ὁμόοικος
3729 694 3872 762 ἀγά-

2282 809 2410 862 πης,
2430 792 2825 864 ὲλεημοσύνης,
2854 791 3194 865 προσευχῆς,
3212 790 3489 861 νηστείας,
3508 787 3868 858 ἐγκρατείας,

2282 883 2654 957 σωφροσύνης,
2709 883 3238 956 ταπεινοφροσύνης,
3296 882 3695 952 χρηστότητος,
3723 880 3868 946 ἀγα-

2278 974 2545 1046 θωσύνης,
2573 978 2900 1041 ἐπιεικείας,
2933 978 3031 1030 καὶ
3058 975 3167 1029 τῶν
3197 973 3407 1036 τούτοις
3432 969 3764 1025 ἀκολούθων.
3803 968 3870 1021 Τ⁹

2276 1068 2479 1139 ἀληθὲς
2527 1072 2723 1132 εἰπεῖν,
2749 1069 2923 1123 ταῦτα
2960 1068 3244 1139 μετάνοια.
3297 1065 3404 1118 Καὶ
3436 1065 3603 1126 εἴτις
3655 1060 3868 1128 ταύτην

2274 1161 2476 1227 ἀθετεῖ,
2506 1163 2564 1215 ἐν
2593 1164 2703 1225 τοῖς
2752 1160 3085 1230 σωζομένοις
3124 1161 3223 1240 οὐκ
3265 1159 3431 1219 ἔστιν,
3481 1155 3600 1210 ἀλλ’
3637 1157 3699 1207 ἐν
3746 1156 3859 1213 τοῖς

2274 1251 2664 1322 ἀπολλυμένοις
2695 1293 2708 1317 ,
2757 1254 2814 1305 ἐν
2862 1244 2971 1315 οἴς’
3003 1253 3032 1305 ὁ
3084 1248 3302 1321 σκώληξ
3353 1250 3414 1301 ού
3472 1246 3742 1315 τελευτᾷ,
3796 1244 3861 1294 τὸ

2276 1344 2388 1416 πῦρ
2416 1346 2475 1398 ού
2509 1345 2822 1399 σϐέννυται.
2853 1338 2953 1398 Ὧν
3010 1342 3375 1413 ῥυσθείημεν,
3412 1338 3859 1407 ἀξιωθησόμενοι

2271 1436 2382 1489 τῶν
2445 1434 2872 1507 ἐπηγγελμένων
2922 1432 3145 1503 ἀγαθῶν
3212 1431 3354 1485 ἐλέει
3414 1432 3510 1484 καὶ
3539 1428 3858 1497 οἱκτιρμοίς

2271 1528 2507 1601 Χριστοῦ
2541 1527 2634 1582 τοῦ
2672 1527 2808 1581 Θεοῦ
2850 1526 3008 1599 ἡμῶν
3038 1543 3051 1557 ο
3090 1524 3378 1579 καὶταῦτα
3407 1523 3510 1593 ἤδη
3538 1520 3671 1591 παρ’
3696 1519 3857 1588 ἡμῶν

2270 1620 2632 1694 κηρύσσεται,
2652 1617 2909 1690 ἱερώτατε
2949 1618 3101 1689 ἄνερ,
3128 1617 3174 1669 εἰ
3199 1616 3292 1670 καί
3322 1631 3467 1676 τινες
3488 1613 3710 1665 θέλουσι
3740 1610 3856 1661 λοι-

594 1689 969 1745 numerandus
1016 1701 1123 1756 est,
1162 1709 1398 1762 quorum
1429 1699 1774 1754 vermisnon
1820 1704 2072 1766 moritur,
2114 1715 2156 1758 cl

2268 1689 2446 1785 δορεῖν
2471 1713 2617 1784 ἡμᾶς
2637 1729 2652 1744 ο
2689 1689 2851 1784 ἡμεῖς
2877 1707 2971 1765 οῦν
2999 1711 3223 1781 οἴδαμέν
3244 1726 3299 1762 σε
3330 1709 3541 1777 δοχεῖον
3570 1700 3715 1758 εἶναι
3741 1703 3853 1756 τῶν

593 1778 738 1846 ignis
788 1796 896 1833 non
948 1785 1327 1855 exstinguitur
1351 1789 1416 1844 ⁸⁸.
1479 1790 1522 1845 Α
1590 1792 1792 1860 quibus
1844 1794 2156 1861 liberemur,

2266 1804 2639 1875 εὐαγγελικῶν
2660 1804 2752 1857 xai
2773 1802 3144 1857 ἀποστολικῶν
3162 1802 3255 1855 xui
3283 1798 3587 1853 κανονικῶν
3614 1796 3847 1862 διαταγ-

592 1870 743 1939 digni
786 1871 958 1928 habiti
989 1878 1279 1945 promissis
1312 1880 1472 1935 bonis
1505 1883 1880 1940 misericordia
1912 1896 1966 1941 et
1998 1888 2165 1943 mise-

590 1962 901 2019 rationibus
941 1965 1145 2023 Christi
1192 1969 1287 2026 Dei
1323 1974 1524 2029 nostri.
1559 1972 1681 2030 ilazc
1710 1991 1739 2030 a
1768 1979 1927 2034 nobis
1968 1979 2164 2050 praedi-

589 2063 807 2123 cantur,
843 2056 930 2109 vir
970 2062 1346 2129 sanctissime,
1384 2065 1428 2120 si
1482 2064 1623 2122 forte
1673 2066 1897 2143 fuerint,
1933 2070 2025 2141 qui
2059 2086 2163 2127 nos

588 2160 809 2216 quoque
831 2147 1097 2208 infamare
1129 2156 1422 2214 voluerint.
1451 2159 1718 2217 Novimus
1735 2164 1880 2217 enim
1901 2172 1952 2219 te
1971 2166 2162 2236 singu-

585 2238 758 2293 larem
803 2242 1236 2303 admonitionem
1263 2250 1306 2283 “
1332 2262 1385 2306 et
1418 2254 1686 2308 cultorem
1715 2258 2157 2336 evangelicarnm

585 2338 641 2382 et
712 2334 1183 2404 apostolicarum,
1259 2344 1761 2416 canoniearnmque
1814 2334 2155 2419 jussionum.

585 2420 948 2486 Quamobrem
982 2431 1247 2489 audacius
1276 2451 1493 2505 quoque
1522 2438 1586 2492 ad
1626 2448 1675 2493 te
1702 2439 1802 2495 ista
1839 2443 2157 2507 scribimus,

585 2516 954 2589 cupimusque
997 2532 1058 2577 ut
1096 2540 1159 2579 ea
1208 2529 1515 2595 monachis,
1559 2540 1613 2586 et
1647 2534 1868 2600 ascetis,
1915 2536 2158 2607 virisque

596 2609 853 2665 omnibus
882 2613 1154 2685 religiosis
1180 2617 1298 2690 [Gn
1324 2620 1567 2692 virisque
1597 2626 1999 2700 saecularibus].
2030 2622 2153 2685 cum

584 2701 782 2769 quibus
828 2704 925 2758 tibi
965 2711 1359 2765 commercium
1411 2724 1519 2777 est,
1561 2716 1878 2788 significes:
1917 2729 1972 2775 et
2011 2730 2068 2775 ut
2101 2722 2153 2776 in

584 2792 932 2852 orationibus
963 2800 1070 2854 tuis
1121 2802 1391 2872 cmlipetis
1444 2809 1615 2863 nostri
1670 2825 1878 2865 memor
1910 2811 1984 2866 sis
2032 2811 2150 2885 [Gn

581 2884 753 2951 addit,
816 2891 860 2944 si
917 2907 1046 2947 vero
1094 2895 1259 2950 etiam
1306 2898 1547 2964 libuerit,
1595 2903 1902 2976 ostendas],
1954 2884 2153 2961 obnixe

581 2991 875 3049 regamus,
933 3000 1046 3054 quo
1111 3004 1176 3042 ex
1232 2991 1708 3051 circurndantibus
1763 3012 1865 3053 nos
1912 3000 2152 3069 undique

2267 1898 2477 1968 μάτων.
2505 1895 2775 1950 Τούνεκεν
2808 1896 2904 1949 καὶ
2932 1892 3387 1964 προσανεθέμεθά
3414 1909 3498 1943 σοι
3543 1888 3720 1942 ταῦτα
3757 1887 3845 1941 διὰ

2261 1986 2417 2042 τοῦδε
2446 1986 2540 2040 τοῦ
2559 1985 2749 2055 ῦςρους,
2774 1986 2871 2040 καὶ
2888 1984 3208 2057 παρακαλοῦ
3216 1984 3435 2055 μεν,ἐφ’
3457 1976 3539 2047 οἷς
3559 1980 3843 2050 πεπληροο

2261 2079 2519 2151 φόρησαι,
2552 2078 2808 2150 ἀνδράσιν
2824 2076 3101 2145 εὐλαϐέσι,
3140 2079 3395 2147 μοναχοίς
3434 2089 3496 2127 τε
3529 2073 3627 2125 καὶ
3656 2071 3841 2140 βιωτι-

2261 2174 2377 2235 κοῖς
2403 2167 2577 2223 ταῦτα
2607 2168 3050 2239 προσαναθέσθαι
3078 2182 3094 2200 ⁸
3126 2169 3174 2220 εἰ
3205 2167 3258 2220 δὲ
3293 2164 3523 2238 ἀρεστόν
3570 2162 3653 2217 σοί
3698 2164 3840 2225 ἐστι,

2260 2263 2354 2319 καὶ
2404 2262 2809 2317 ὑποδεικνύναι.
2840 2263 3149 2335 Αῐτούμεθα
3170 2263 3226 2316 δὲ
3257 2264 3314 2315 ἑν
3343 2262 3464 2325 ταῖς
3524 2257 3837 2331 ούρανοπὸο

2260 2377 2372 2433 ροις
2408 2374 2498 2410 σου
2530 2360 2714 2429 εὐχαῖς
2743 2354 3151 2429 μιμνήσκεσθαι
3198 2353 3381 2425 ἡμῶν,
3411 2354 3563 2415 ὅπως
3620 2348 3839 2423 ῥυσθῶ-

2260 2472 2359 2526 μεν
2381 2455 2444 2508 ἐκ
2482 2453 2588 2507 τῶν
2643 2451 2826 2520 κύκλῳ
2879 2447 3371 2516 συνεπιτιθεμένων
3432 2443 3644 2497 κακῶν.
3712 2442 3836 2495 Εἰσὶ

2255 2545 2364 2616 γὰρ
2394 2544 2487 2597 καὶ
2510 2541 2713 2596 ἔσωθεν
2745 2540 2838 2593 καὶ
2862 2538 3060 2603 ἔξωθεν
3088 2534 3509 2596 ἐπαναστάσεις,
3546 2531 3607 2597 ἐξ
3638 2526 3717 2584 ὧν
3742 2530 3832 2583 διὰ

2256 2634 2497 2705 Χριστοῦ
2515 2633 2609 2686 τοῦ
2622 2632 2758 2686 Θεοῦ
2777 2630 2933 2703 ἡμῶν
2951 2629 3191 2701 appensi;
3201 2644 3322 2698 μεν,
3342 2626 3437 2679 xai
3460 2624 3731 2697 ῥυσθῆναι
3755 2622 3840 2674 ξλ-

2256 2728 2508 2797 πίξομεν,
2539 2726 2632 2780 καὶ
2657 2724 2767 2779 ἀπὸ
2812 2722 2907 2777 τοῦ
2947 2720 3238 2792 παρόντος,
3270 2716 3691 2787 φυλαττομένης
3734 2714 3835 2783 τῆς

2252 2819 2428 2891 ψυχῆς
2480 2818 2638 2891 ἡμῶν
2705 2804 3127 2889 ἀπαρατρώτου.
3203 2812 3392 2875 Ούδε“ις
3437 2810 3548 2880 γὰρ
3605 2810 3839 2880 ἤλπισεν
3922 2874 3925 2877 ἱ

2254 2914 2348 2967 ἐπὶ
2380 2910 2603 2982 Κύριον,
2634 2908 2727 2963 καὶ
2750 2906 3125 2979 κατῃσχύνθη.
3150 2900 3507 2977 Λέγομενοῦν
3526 2906 3623 2957 καὶ
3649 2903 3835 2957 πάλιν·

2252 3001 2438 3075 Εῦχου
2471 3003 2624 3075 ἡμῖν,
2660 3002 2790 3073 ἄνερ
2812 3000 2931 3071 φίλε
2962 3000 3097 3053 Θεοῦ
3131 2999 3229 3052 καὶ
3258 2999 3518 3069 ἡμέτερε,
3564 2995 3707 3049 ἀλλά
3744 2995 3837 3048 καὶ

579 3071 741 3126 malis
766 3076 984 3131 tandem
1010 3079 1307 3149 aliquando
1335 3084 1651 3141 liberemur.
1687 3084 1889 3157 Urgent
1919 3091 2065 3144 enim
2096 3100 2150 3147 et

2258 3071 2458 3167 πάτερ’
2492 3071 2714 3164 οἴδαμεν
2735 3071 2866 3163 γάρ,
2898 3094 2982 3147 ὅτι
3016 3093 3217 3162 στοργῇ
3270 3088 3464 3142 τέκνου
3500 3086 3642 3159 πρὸς
3680 3086 3833 3157 ἡμᾶς

578 3161 729 3216 intus
753 3176 805 3218 et
828 3177 982 3222 extra
1012 3169 1420 3242 insultationes,
1458 3192 1488 3231 a
1531 3179 1730 3248 quibus
1772 3181 2148 3238 misericordia

580 3254 672 3308 llei
699 3270 892 3314 sumus
915 3260 1154 3331 liberati,
1191 3275 1245 3320 et
1270 3270 1500 3337 posthac
1522 3286 1742 3341 quoque
1766 3288 1865 3329 nos
1887 3290 2148 3331 evasuros

575 3349 927 3408 conﬁdimus.
964 3356 1332 3421 Quamobrem
1360 3362 1553 3417 iterum
1592 3372 1756 3434 atque
1785 3367 1982 3422 iterum
2017 3369 2149 3423 dici-

578 3452 699 3493 mus
726 3458 739 3494 :
764 3443 894 3507 Ora,
932 3461 1174 3516 precare,
1207 3466 1238 3504 ο
1271 3454 1445 3509 amice
1473 3456 1555 3509 vir
1585 3455 1679 3510 Dei
1706 3467 1761 3511 et
1788 3468 1991 3523 noster,
2038 3459 2149 3515 imo

575 3532 762 3601 potius
784 3533 948 3592 Pater
974 3557 989 3592 :
1017 3540 1223 3596 scimus
1243 3543 1387 3598 enim
1414 3547 1558 3617 quod
1586 3547 1782 3603 aﬂ'ectn
1805 3565 1872 3604 eo
1895 3566 2023 3621 erga
2050 3567 2147 3607 nos

577 3620 806 3681 affectus
835 3643 916 3693 es,
946 3645 1061 3700 quo
1104 3642 1260 3702 pater
1297 3652 1424 3709 erga
1457 3638 1658 3695 liberos
1698 3656 1849 3697 suos.
1882 3641 2026 3699 Deus
2052 3660 2146 3715 pa-

574 3716 677 3777 eis,
711 3716 804 3785 qui
851 3728 907 3773 et
938 3732 1146 3778 remota
1194 3734 1249 3780 et
1296 3729 1600 3799 propinqua
1639 3732 1706 3785 ad
1753 3748 1811 3787 se
1855 3745 2141 3798 convocat.

574 3808 740 3861 vitam
777 3820 1018 3867 nostram
1063 3816 1115 3871 in
1169 3834 1300 3889 pace
1343 3833 1653 3888 conserva,
1701 3834 1755 3880 et
1797 3840 1988 3883 omnes
2020 3827 2142 3883 illos

572 3896 663 3964 qui
707 3913 832 3954 eum
880 3906 1069 3960 colunt
1121 3918 1175 3963 ct
1221 3910 1586 3982 admirantur,
1636 3931 1945 3987 nomenque
1995 3919 2142 3975 illius

2247 3190 2538 3246 διάκεισαι.
2596 3187 2919 3251 ΚσὶὸΘεδς
2978 3187 3077 3257 τῆς
3132 3184 3431 3255 εἰρήνης,ὀ
3478 3181 3549 3235 τὰ
3604 3179 3826 3251 μακρὰν

2248 3282 2343 3335 καιλ⁸
2371 3282 2439 3336 τὰ
2465 3282 2631 3351 ἐγγὺς
2694 3281 2774 3344 εἰς
2818 3278 3013 3333 ἐαυτὸν
3071 3275 3619 3348 προσκαλεσάμενος,
3666 3274 3725 3324 ἐν
3756 3272 3833 3323 εἰ·
3868 3322 3871 3323 ,

2250 3375 2386 3447 ρὴνῃ
2415 3373 2510 3445 τὴν
2541 3373 2685 3445 ζωὴν
2742 3373 3073 3443 διατηρῆσαι
3135 3371 3354 3423 πάντων
3406 3367 3565 3438 ἡμῶν
3593 3365 3673 3436 τῷ
3706 3363 3828 3417 sva-

2249 3481 2380 3535 ματι
2408 3464 2573 3519 αὑτοῦ
2608 3463 2978 3535 κεκλημένων,
3009 3459 3335 3531 πρεσϐείαις
3384 3459 3477 3512 καὶ
3510 3458 3703 3526 εὐχαῖς
3732 3454 3831 3523 τῆς

2245 3558 2515 3630 ἀχράντου
2547 3555 2844 3624 Δεσποίνης
2869 3553 3024 3625 ἡμῶν
3050 3553 3154 3622 τῆς
3192 3551 3354 3619 ἁγίας
3390 3549 3687 3612 Θεοτόκου,
3737 3545 3831 3598 καὶ

2246 3652 2465 3705 πάντων
2504 3647 2674 3719 ἁγίων
2720 3647 2906 3701 αὐτοῦ.
2946 3645 3141 3716 Ἀμήν.
3182 3645 3326 3696 [lict
3390 3641 3446 3693 δέ
3498 3642 3617 3703 τοῖς
3676 3638 3829 3691 ἀδελ-

2245 3744 2366 3811 φοῖς
2398 3743 2509 3805 τοῖς
2539 3737 2945 3793 καταναντῶσιν
2979 3736 3061 3798 εἰς
3091 3735 3256 3806 ὑμᾶς,
3275 3733 3351 3795 ὡς
3383 3732 3441 3798 ἐξ
3464 3730 3627 3801 ἡμῶν
3658 3745 3823 3799 προσ-

2243 3833 2604 3904 αγορεύσοις,
2658 3831 2747 3885 ἴνα
2804 3830 2899 3884 καὶ
2957 3828 3114 3883 αύτοὶ
3168 3825 3284 3898 μεθ’
3332 3824 3493 3895 ὑμῶν
3550 3822 3818 3892 εὔχωνται

2243 3924 2399 3994 ἡμῖν.

573 3989 850 4059 invocant,
901 3999 1083 4055 salvos
1134 4000 1299 4058 faciat
1348 4006 1745 4064 intercessione
1792 4019 1845 4064 et
1889 4012 2143 4081 precibus
2182 4010 2430 4072 Domina:
2496 4022 2697 4071 nostra:
2763 4020 2967 4069 sancta
3004 4010 3097 4065 Dei
3132 4006 3448 4073 Genitricis,
3485 4015 3541 4060 et
3570 4001 3814 4058 omnium

571 4094 907 4142 sanctorum.
949 4091 1142 4147 Amen.
1182 4092 1386 4152 Omnes
1421 4096 1617 4154 fratres
1660 4100 1752 4170 qui
1800 4103 1865 4158 ad
1912 4119 2009 4159 vos
2049 4107 2421 4175 pervenerint,
2469 4116 2660 4163 nostro
2702 4107 2922 4162 nomine
2989 4102 3194 4159 salutes
3235 4101 3424 4166 velim,
3492 4107 3555 4153 ut
3596 4107 3657 4154 et
3716 4096 3817 4167 ipsi

572 4179 855 4235 vobiscum
887 4171 985 4249 p'ro
1015 4184 1172 4239 nobis
1206 4199 1382 4242 orent.

638 4272 794 4331 Jesus
825 4274 1080 4334 Christus
1124 4278 1266 4336 Deus
1297 4280 1386 4337 Dei
1420 4282 1610 4340 Filius.

1326 4394 1387 4452 ν.

574 4477 858 4555 Exemplar
885 4482 1189 4538 litterarum
1214 4504 1329 4555 qua:
1355 4491 1528 4545 missa
1554 4503 1675 4546 sunt
1704 4494 1772 4546 ad
1795 4511 2026 4548 summas
2048 4514 2135 4550 sa-

640 4552 872 4606 rerdotes
893 4564 966 4627 et
1007 4552 1302 4627 sqcerdq'tes
1339 4560 1665 4627 ΑιιιὶοτΙιὸιῑ»,
1699 4563 2056 4626 Alexandriw,
2086 4575 2135 4619 et

636 4630 836 4675 sancti:
857 4624 1106 4683 civitatis.
1133 4642 1166 4677 α
1200 4625 1422 4680 Tarasio
1446 4624 1784 4687 sanctissimo
1812 4644 1861 4689 et
1893 4624 2136 4689 beatissi-

640 4692 783 4743 mo"
816 4694 1125 4761 patriarcha
1155 4695 1707 4759 Constantiuouoleos.

2170 4389 2218 4446 ι)

2365 4286 2572 4359 Ἰησοῦς
2603 4286 2836 4356 Χριστὸς
2867 4283 3000 4347 Θεὸς
3018 4278 3154 4335 Θεοῦ
3177 4278 3325 4337 Υἱός.

2990 4396 3044 4448 ε,

2249 4497 2424 4567 ἰσογ
2454 4506 2802 4567 γραιιμασλιιί
2820 4487 3222 4567 ᾀποσταβεῖσι
3255 4488 3581 4567 εξρρςΔτςυς
3604 4483 3812 4567 ρρχιε-

2307 4563 2438 4632 ρεῖς
2459 4552 2763 4632 ’ἆαῖιέρεῖς
2791 4559 3166 4632 Ἀντιοχείας,
3198 4552 3309 4632 καῖ’
3337 4552 3813 4632 ᾉλεξωςδρειάς,

2319 4626 2425 4687 καί
2461 4632 2572 4697 τῆς
2623 4626 2796 4699 artat;
2844 4630 3101 4692 πόλεως,
3138 4628 3299 4699 παρὰ
3360 4626 3664 4692 Tapao'lov
3714 4626 3817 4699 τοᾷ

2315 4704 2640 4772 ἀγιωτάτου
2675 4697 2682 4699 ⁷
2714 4700 2812 4753 καὶ
2877 4697 3324 4772 μακαριωτάτοι)
3393 4697 3816 4764 οικοινμεγιιοῡ

2317 4769 2687 4842 πατριάρχου
2730 4769 3447 4831 Κωνσταντινουπόλεως.

1549 4859 1758 4930 (διλκςι,
1795 4861 1996 4918 Coucil.
2032 4864 2249 4920 Collect.
2291 4874 2330 4922 t.
2364 4865 2483 4929 XII,
2533 4880 2586 4935 p-
2634 4861 2816 4930 1119)

633 4964 799 5022 Multa
832 4976 887 5022 et
920 4984 1116 5040 magna
1168 4972 1511 5041 providentia
1566 4974 1834 5031 Dominus
1866 4977 2009 5033 Deus
2039 4980 2137 5032 ho-

562 5058 774 5114 minum
816 5062 954 5117 vitas
1000 5078 1198 5132 regens
1227 5076 1280 5121 et
1308 5066 1657 5138 protrahens,
1692 5077 1855 5139 atque
1902 5085 2136 5140 proven-

562 5160 678 5205 tum
730 5152 857 5207 viue
905 5154 1340 5228 uniuscujusque
1383 5158 1637 5215 consulte
1672 5160 1948 5217 deducens
1991 5163 2137 5233 (sine

561 5240 681 5311 ipso
710 5258 949 5312 namque
973 5243 1181 5302 factum
1206 5257 1290 5304 est
1325 5250 1458 5304 nihil
1489 5252 1555 5317 “,
1590 5251 1718 5322 quia
1753 5260 1808 5307 et
1836 5253 2014 5323 capilli
2047 5269 2136 5310 ca-

558 5334 688 5404 pitis
709 5336 881 5391 nostri
914 5340 1185 5395 numerati
1217 5351 1347 5395 sunt
1381 5343 1428 5396 ei
1451 5342 1542 5412 τ⁸),
1574 5353 1628 5398 et
1650 5360 1735 5399 me
1776 5344 1829 5399 in
1865 5345 2125 5400 laicorum

560 5426 753 5482 ordine
781 5443 956 5500 usque
988 5445 1137 5487 nunc
1168 5441 1722 5501 connumeratum,et
1755 5436 2132 5505 imperialibus

558 5517 885 5600 lliuisterijs
917 5522 1260 5593 deputatum,
1292 5526 1480 5583 nescio
1507 5527 1710 5599 quibus
1743 5527 1967 5600 iudiciis
1992 5528 2135 5602 (ipse

661 5653 709 5687 “
732 5652 896 5709 Marc.
922 5670 998 5716 ιιι.
1025 5656 1119 5715 ιδ.

556 5734 617 5784 ιι.
649 5723 704 5780 3.
818 5726 859 5759 "
893 5724 1087 5783 Matth.
1112 5745 1163 5793 κ,
1200 5728 1292 5785 30.

1232 5660 1275 5734 ‘_’
1302 5660 1395 5716 Gr.
1425 5662 1850 5734 receptaculum,
1881 5674 1934 5719 et
1962 5663 2016 5722 in
2055 5679 2103 5719 c.
2146 5661 2383 5719 Joliano.

2308 4976 2536 5038 Πολλαῖς
2578 4976 2672 5028 καὶ
2729 4974 2992 5045 μεγάλαις
3046 4973 3326 5043 προνοίαις
3383 4972 3590 5042 Κύριος
3628 4975 3658 5025 ὁ
3687 4971 3817 5033 Θεδς

2236 5068 2362 5131 τοὺς
2392 5064 2506 5121 τῶν
2541 5066 2844 5137 ἀνθρώπιον
2887 5066 3038 5137 βίους
3095 5066 3391 5119 διευθύνων
3433 5082 3493 5117 τε
3538 5065 3635 5117 καὶ
3675 5064 3815 5129 διεξ-

2234 5157 2404 5225 άγων,
2443 5156 2539 5211 καὶ
2570 5156 2669 5225 τὴν
2699 5156 2919 5211 ἔκϐασιν
2947 5155 3047 5226 τῆς
3080 5154 3315 5208 ἑκάστου
3346 5153 3493 5223 ζωῆς
3521 5151 3815 5225 κηδεμονιο

2235 5249 2346 5311 κῶς
2391 5247 2599 5319 ὁδηγῶν
2627 5264 2640 5277 ·
2671 5249 2844 5318 χωρὶς
2886 5247 2997 5318 γὰρ
3043 5245 3209 5299 αὑτοῦ
3255 5246 3474 5314 ἐγένετο
3520 5245 3697 5307 οὐδὲν,
3734 5244 3814 5295 ὅτι

2235 5341 2332 5394 καὶ
2369 5341 2425 5394 αἱ
2459 5341 2643 5412 τρίχες
2664 5340 2759 5409 τῆς
2793 5338 3034 5407 κεφαλῆς
3058 5338 3215 5409 ἡμῶν
3256 5336 3641 5408 ἠριθμημέναι
3673 5337 3811 5387 εἰσιν

2235 5433 2385 5503 αὐτῷ
2405 5450 2418 5463 α
2448 5434 2592 5504 κάμὲ
2626 5435 2683 5487 ἐν
2710 5431 2788 5502 τῷ
2813 5433 2921 5485 τῶν
2955 5431 3160 5486 λαῖκῶν
3196 5431 3436 5498 τάγματι
3458 5429 3566 5492 ἕως
3594 5428 3693 5481 τοῦ
3720 5426 3811 5480 νῦν

2240 5524 2638 5597 ¹ιιριθμημένον,
2682 5526 2776 5578 καὶ
2796 5528 2915 5588 ταῖς
2949 5525 3258 5596 βασιλικαῖς
3290 5521 3619 5595 ύπηρεσῖαις
3658 5522 3807 5574 ἐντιο

2498 5659 2620 5715 "In
2648 5660 2743 5718 Gr.
2775 5626 3015 5728 additur,
3048 5658 3397 5717 universalis.
3425 5656 3490 5714 ιι.
3567 5659 3610 5690 τι
3644 5656 3803 5712 Joan.
