4088 6490
224 295 349 365 illi!

1633 302 2030 373 ΕΡΙΞἹῸΙΛΞ.

3320 309 3470 375 1462

221 413 500 483 ’τι-(μένον,
547 412 646 468 οὐκ
682 410 799 469 οῖδα
831 413 911 479 οἷς
960 416 1258 487 κρίμασιν⁹
1296 418 1461 483 αὐτὸς
1484 420 1745 489 γινώσκει
1770 438 1783 452 ο

1908 424 2018 493 scit)
2072 423 2125 477 iu
2169 419 2484 479 cathedram
2542 422 2909 496 pontificalem
2976 423 3195 489 evexit,
3247 412 3468 481 hortatu

224 509 297 567 sl;
323 506 493 559 θῶκον
516 507 903 576 ἀρχιερατικὺν
930 508 1244 576 ἀνεϐίϐασε,
1263 512 1581 582 προτροπῆς
1606 511 1789 582 βιαίας

226 599 365 669 παρὰ
411 598 506 666 τῆς
552 597 814 669 ἀληθείας
869 599 1175 670 προμάχων
1240 601 1647 657 εὐσεϐεστάτων
1694 604 1789 657 καὶ

224 688 509 760 ὀρθοδόξων
539 686 808 758 βασιλέων
840 690 1018 760 ἡμῶν,
1052 692 1146 744 καὶ
1192 690 1514 759 ἁγιωτάτων
1562 692 1786 763 ἐπισκό-

226 799 332 834 πων
358 796 415 832 τε
452 780 544 833 καὶ
566 778 861 850 κληρικῶν,
893 782 974 844 είς
1013 781 1113 849 ἐμὲ
1146 782 1466 854 γενομένης.
1503 781 1595 837 Διὸ
1614 785 1788 853 ἀναγ-

225 872 481 935 καστικῶς
515 870 801 941 ὑποκύψας
856 873 1151 936 ύπένευσα,
1181 876 1275 928 καὶ
1303 874 1394 927 τὸν
1417 875 1515 945 τῆς
1542 876 1790 945 ὑπακοῆς

227 965 425 1036 καρπὸν
455 963 757 1035 δρέψασθαι
787 964 998 1028 τούτοις
1028 965 1307 1021 ἀπέδωκα.
1347 967 1454 1019 Καὶ
1486 966 1791 1037 παρακαλῶ

227 1060 342 1120 τοὺς
362 1055 654 1125 πανιέρους
683 1056 851 1125 ὑμᾶς,
885 1054 959 1119 ὡς
988 1056 1087 1126 μὲν
1108 1056 1353 1128 πατέρας
1379 1056 1790 1128 μικροψυχοῦν-

228 1165 287 1202 τα
318 1146 589 1215 βακτηρία
623 1143 931 1215 δυνάμεως,
958 1147 1079 1209 ταῖς
1120 1149 1418 1216 πατρικαῖς
1466 1146 1621 1217 ὑμῶν
1650 1146 1792 1200 διδα-

230 1238 465 1300 σκαλίαις
510 1236 906 1308 ύποστηρίξαι⁶
941 1235 1015 1299 ὡς
1057 1235 1113 1290 δὲ
1152 1236 1421 1308 ἀδελφοὺς
1465 1240 1587 1299 ταῖς
1618 1237 1792 1291 καθα-

230 1333 343 1402 ραῖς
403 1328 556 1400 ὑμῶν
595 1329 786 1398 εὐχαῖς
819 1327 1035 1398 βοηθεῖν
1066 1331 1223 1400 ἡμῖν,
1254 1332 1322 1399 τῇ
1361 1329 1455 1383 τοῦ
1489 1328 1624 1383 Θεοῦ
1655 1347 1792 1382 πανο

228 1421 380 1491 οπλία
430 1420 565 1489 πρὸς
620 1422 719 1482 τάς
772 1419 1059 1490 μεθοδείας
1116 1420 1212 1474 τοῦ
1256 1420 1795 1491 Ἀντικειμένου,καὶ

230 1513 457 1581 κύμασιν
497 1510 927 1583 ἀλλεπαλλήλοις
967 1510 1430 1566 ὲνθαλαττεύοντά
1485 1528 1553 1583 με
1599 1512 1795 1565 διακυ-

229 1603 567 1676 ϐερνηθῆναι,
601 1604 749 1666 ὅπως
780 1604 1179 1674 καθορμίσαιμι
1212 1604 1304 1657 ἐπὶ
1334 1603 1531 1675 λιμένα
1556 1604 1798 1675 θελήμα-

1892 515 2073 573 valido
2106 532 2138 571 a
2172 517 2419 572 veritatis
2450 517 2972 588 propugnatoribus,
3007 517 3272 588 piissimis
3318 517 3469 573 vide-

1891 606 2019 662 licet
2072 623 2138 661 ac
2204 608 2529 664 orthodoxis
2565 608 3252 681 imperatoribuynostris,
3302 618 3470 679 atque

1891 702 2257 757 sanctissimis
2286 700 2583 771 episcopis.
2615 716 2712 757 seu
2740 700 2976 767 clericis,
3002 701 3057 755 in
3095 715 3182 756 me
3203 701 3471 756 violenter

1889 793 2123 849 elleeto:
2154 795 2244 848 cui
2284 793 2651 848 succumbens
2680 792 2874 857 annui,
2910 801 2965 847 et
2992 792 3317 848 obedientire
3348 792 3470 847 fru-

1891 896 2037 939 ctum
2072 886 2156 941 his
2186 886 2520 955 carpendum
2542 884 2817 940 commisi.
2838 884 2903 938 Et
2931 900 3062 955 rogo
3087 900 3182 940 vos
3213 885 3471 941 sacratis-

1893 975 2086 1039 simcs,
2118 984 2178 1029 ut
2227 989 2486 1045 tanquam
2511 988 2696 1046 patres
2727 988 2815 1030 me
2839 975 3245 1046 pusillanimem
3272 975 3471 1030 baculo

1893 1065 2169 1136 potentiae,
2203 1065 2254 1119 id
2285 1074 2394 1131 est,
2440 1065 2684 1135 paternis
2731 1067 2930 1121 vestris
2979 1066 3312 1137 magisteriis
3366 1066 3472 1120 ful-

1892 1156 2076 1222 ciatis,
2104 1166 2160 1212 et
2213 1157 2378 1212 veluti
2429 1156 2627 1213 fratres
2681 1159 2834 1228 puris
2895 1159 3243 1215 orationibus
3276 1160 3470 1213 vestris

1895 1262 1996 1302 nos
2059 1263 2184 1303 cum
2241 1257 2519 1302 armatura
2571 1248 2665 1303 Dei
2721 1259 2910 1305 contra
2958 1250 3229 1304 versutias
3257 1250 3471 1320 antiqui

1896 1340 2068 1395 hostis
2126 1340 2420 1409 adjuvetis.
2456 1351 2621 1410 atque
2660 1340 2922 1397 ﬂuctibus
2972 1343 3206 1397 invicem
3239 1358 3471 1413 surgen-

1894 1434 2041 1489 tibus
2082 1433 2425 1489 vacillantem
2473 1433 2813 1500 gubernetis,
2849 1444 3119 1502 quatenus
3164 1436 3469 1505 pertingatn

1896 1525 1963 1580 ad
1992 1535 2207 1595 portum
2238 1525 2539 1580 voluntatis
2580 1524 2789 1579 Christi
2827 1525 2921 1579 Dei
2954 1527 3149 1579 nostri.
3189 1523 3285 1580 Est
3322 1526 3471 1579 enim

1896 1631 2123 1686 prorsus
2169 1612 2297 1687 [est]
2320 1616 2461 1684 apud
2486 1629 2587 1670 nos
2603 1612 2878 1685 quoddam
2896 1614 3142 1684 praelium
3166 1614 3283 1668 sine
3305 1613 3473 1677 ferro,

226 1715 309 1761 τος
338 1696 573 1768 Χριστοῦ
605 1694 707 1748 τοῦ
729 1694 862 1748 Θεοῦ
897 1693 1075 1765 ἡμῶν.
1101 1695 1256 1748 Ἔστι
1287 1694 1417 1767 γάρ,
1453 1696 1602 1750 ἔστιν
1629 1697 1797 1759 ὅντως

1908 1710 2030 1764 dum
2062 1724 2346 1765 sermones
2370 1708 2579 1778 jaciant
2604 1717 2657 1762 et
2679 1707 2980 1777 jaciantur.
3009 1706 3114 1762 Sed
3146 1705 3482 1775 triumphale.

228 1791 280 1843 ὲν
309 1791 412 1851 τοῖς
438 1786 562 1841 καθ’
588 1788 737 1857 ἡμᾶς
774 1786 1013 1857 πόλεμός
1047 1804 1132 1851 τις
1172 1787 1452 1859 άσίδηρος,
1488 1788 1637 1856 λόγοι
1673 1788 1798 1858 βάλ-

1908 1800 2173 1855 habemus
2202 1800 2533 1868 trophatum,
2565 1800 2850 1852 veritatem
2891 1813 3018 1867 qua:
3059 1812 3169 1851 non
3211 1796 3474 1850 vincitur.

228 1879 401 1943 λοντές
425 1895 487 1932 τε
518 1880 612 1931 καὶ
637 1877 978 1948 βαλλόμενοι.
1016 1876 1176 1931 Ἀλλά
1200 1876 1455 1948 τρύπαιον
1481 1878 1796 1949 νικητήριον

229 1971 413 2040 ἔχομεν
457 1969 558 2041 τὴν
607 1970 683 2039 μὴ
729 1968 1040 2039 νικωμένην
1087 1969 1369 2040 ἀλήθειαν.
1408 1966 1546 2024 Εἶτά
1591 1986 1649 2023 τε
1701 1970 1796 2023 καὶ

228 2060 547 2127 καταιγίδων
571 2058 816 2128 σφοδρῶν
838 2060 1202 2113 είσπνεουσῶν
1231 2061 1610 2123 συνασπιστᾰς
1642 2059 1795 2130 ὑμᾶς

228 2150 529 2218 λαϐόμενοι,
563 2149 664 2219 τὴν
697 2148 904 2202 τούτων
940 2149 1137 2221 μικρδιν
1170 2150 1582 2218 ὑπενέγκαντες
1606 2149 1793 2221 ζάλην,

230 2242 530 2311 εὑρήσομεν
571 2241 764 2304 αὐτοῖς
819 2241 1054 2311 Χριστὸν
1093 2240 1459 2312 ἐπιτιμῶντα,
1505 2241 1597 2294 καὶ
1625 2241 1799 2311 γαλη-

231 2332 351 2393 vim;
399 2331 492 2384 τὸν
540 2329 655 2400 βίον
699 2332 829 2401 ημῖν
883 2330 1244 2399 ὲπεξάγοντα.
1287 2331 1398 2385 Καὶ
1435 2331 1640 2384 τούτων
1701 2331 1799 2401 μὲν

231 2420 542 2490 ἀρκούντως
586 2423 646 2473 ὲν
692 2421 1002 2491 προοιμίοις
1047 2424 1182 2491 ἡμῖν
1220 2422 1554 2494 εἰρημένων,
1595 2423 1654 2475 έν
1684 2422 1800 2485 τοῖς

233 2512 353 2581 ἑξῆς
386 2515 577 2580 σαφῶς
604 2514 636 2583 ἡ
665 2512 902 2583 ἀκριϐὴς
934 2515 1063 2583 περὶ
1089 2514 1269 2567 αὐτῶν
1320 2514 1522 2583 γνῶσις
1548 2514 1799 2584 διαγγελσ

232 2603 471 2672 θήσεται.
506 2603 620 2656 Νῦν
643 2604 701 2658 δὲ
733 2606 819 2674 ἐφ’
847 2606 1037 2676 ἕτερον
1072 2604 1272 2660 σκοπὸν
1308 2605 1508 2672 λέξεων
1547 2604 1797 2677 ἔρχομαι.

242 2694 458 2766 Ἐπειδὴ
514 2697 623 2768 γὰρ
655 2697 858 2767 ἀρχαία
896 2716 1002 2763 τις,
1044 2699 1279 2771 τάληθὲς
1307 2699 1363 2752 δὲ
1395 2699 1626 2771 φράσαι,
1660 2702 1802 2754 ἀπο-

233 2789 445 2858 στολικὴ
466 2791 768 2861 παράδοσις
795 2792 852 2843 ὲν
870 2791 1074 2855 πάσαις
1100 2793 1220 2855 ταῖς
1254 2791 1606 2863 Ἑκκλησίαις
1622 2791 1800 2860 διῆκε,

229 2881 363 2953 πρὸς
404 2882 690 2953 ίεραρχίαν
731 2882 1032 2953 ἀγομένους
1063 2885 1178 2947 τοῖς
1211 2884 1315 2955 πρδ
1350 2884 1532 2938 αὐτῶν
1560 2884 1657 2948 τὰς
1692 2886 1803 2957 ίερ-

231 2977 420 3046 αρχίας
471 2974 873 3047 ἐγχειρίζουσιν
906 3015 921 3041 ,
960 2975 1037 3038 ὡς
1082 2975 1149 3030 ἂν
1216 2977 1329 3048 ἔχοι
1368 2976 1441 3031 τὰ
1470 2977 1570 3047 τῆς
1623 2976 1804 3032 αὐτῶν

1900 1893 2104 1947 Deinde
2129 1906 2351 1962 quoque
2377 1899 2432 1945 et
2458 1889 2708 1960 procellis
2734 1890 3148 1945 vehementibus
3196 1888 3478 1958 inspiran-

1902 1981 2070 2043 tibus,
2107 1980 2161 2034 itt
2195 1979 2460 2035 auxilium
2498 1978 2656 2034 vobis
2684 1978 3003 2047 assumptis,
3034 1980 3230 2032 harum
3258 1977 3478 2048 pauxil-

1902 2071 2013 2127 lum
2066 2073 2197 2143 quid
2228 2072 2552 2128 suli‘erentes
2583 2081 2798 2134 aestum.
2840 2071 3118 2126 Christum
3158 2070 3259 2125 has
3294 2071 3477 2125 incre-

1902 2174 2119 2234 pantem
2173 2163 2505 2228 invenimus,
2541 2172 2598 2219 et
2635 2164 2800 2217 vitam
2824 2161 3124 2231 tranquille
3163 2177 3258 2231 per
3287 2159 3476 2215 omnia

1904 2256 2293 2327 transigemus.
2334 2256 2398 2310 Et
2446 2256 2530 2310 his
2561 2254 2781 2326 quidem
2813 2252 3137 2311 suilicientet
3192 2252 3247 2309 in
3279 2250 3477 2321 praefa-

1904 2349 2048 2402 tione
2080 2358 2266 2405 nostra
2296 2348 2619 2420 praemissis,
2652 2348 2705 2402 in
2728 2346 2940 2401 cazteris
2967 2345 3251 2401 evidenter
3277 2345 3488 2404 horum

1902 2443 2148 2515 c0guitio
2193 2441 2625 2497 denuntiabitur.
2678 2437 2835 2493 Nunc
2878 2446 3062 2492 autem
3099 2437 3165 2491 ad
3195 2436 3359 2490 aliam
3393 2435 3479 2490 in.

1904 2537 2199 2594 tentionem
2224 2533 2439 2589 dicendi
2475 2530 2755 2605 [dicendo]
2781 2528 3121 2601 progredior.
3155 2526 3297 2594 Quia
3328 2528 3475 2582 enim

1905 2631 2084 2699 prisca
2131 2626 2403 2698 quaedam,
2447 2633 2502 2679 et
2536 2632 2596 2678 ut
2639 2624 2823 2678 verius
2851 2621 3144 2681 fateamur,
3175 2619 3481 2689 apostolica

1905 2718 2122 2777 traditio
2154 2719 2208 2773 in
2237 2718 2495 2774 omnibus
2534 2714 2793 2772 Ecclesiis
2823 2713 3068 2779 inolevit,
3100 2721 3161 2767 ut
3196 2712 3251 2766 hi
3283 2711 3378 2781 qui
3408 2706 3479 2765 ad

1906 2813 2242 2885 pontiﬁcium
2290 2811 2693 2881 provehuntur,
2734 2807 3169 2878 praecedentibus
3210 2820 3269 2860 se
3302 2803 3356 2859 in
3387 2817 3481 2858 eo-

1904 2909 2025 2963 dem
2049 2903 2510 2973 ordine,qualiter
2534 2917 2595 2959 se
2616 2900 2858 2958 habeant
2883 2914 3007 2969 quae
3038 2912 3152 2953 suae
3182 2896 3304 2951 tidei
3327 2900 3478 2957 sunt,

1905 2998 2226 3069 exponendo
2273 2993 2664 3051 commendent
2697 3012 2712 3049 :
2749 2991 2939 3047 Visum
2992 2999 3075 3046 est
3128 3000 3182 3045 et
3210 2987 3346 3043 mihi
3378 2988 3483 3041 hoc

232 3071 463 3133 πίστεως
530 3069 884 3124 ἀνατίθεσθαι
926 3086 940 3101 ·
992 3069 1140 3135 ἔδοξε
1197 3071 1369 3141 κάμοὶ
1422 3070 1636 3135 τούτοις
1678 3072 1805 3124 ἑπο-

1908 3088 2160 3155 sectanti,
2198 3103 2285 3143 me
2312 3087 2466 3143 vobis
2512 3085 2805 3149 inclinare,
2831 3092 2887 3138 et
2927 3081 3139 3153 liquido
3162 3077 3485 3135 confessio-

234 3162 372 3233 μένῳ
398 3162 693 3217 ύποκλῖναι
710 3161 950 3234 ἐμαυτὸν
976 3162 1127 3233 ύμῖν,
1144 3164 1241 3217 καὶ
1257 3162 1527 3234 άριδήλως
1560 3162 1657 3234 τὴν
1684 3163 1803 3218 κατ’

231 3256 328 3324 ἐμὲ
372 3254 667 3326 ὁμολογίαν
706 3254 1091 3325 ἐξαγορεῦσαι,
1134 3254 1319 3319 καθὼς
1373 3256 1477 3309 ὑπὸ
1517 3255 1632 3308 τῶν
1673 3255 1802 3309 σαλ-

232 3344 444 3412 πίγγων
495 3345 590 3398 τοῦ
636 3344 994 3415 Πνεύματοςο
1033 3337 1108 3399 ὧν
1152 3344 1182 3396 ὁ
1231 3343 1467 3413 φθόγγος
1510 3344 1590 3407 είς
1624 3344 1807 3398 πᾶσαν

231 3438 326 3508 τὴν
360 3439 467 3509 γῆν
498 3437 711 3509 ἐξῆλθε,
757 3439 855 3492 καὶ
895 3439 975 3501 είς
1009 3437 1075 3491 τά
1112 3436 1324 3503 πέρατα
1352 3437 1448 3507 τῆς
1478 3436 1808 3505 οἰκουμένης

232 3529 297 3582 τά
332 3532 557 3601 ῥήματα
575 3547 590 3562 ο
625 3532 721 3585 καὶ
751 3531 905 3602 παρὰ
926 3532 1030 3583 τῶν
1063 3528 1244 3584 αὐτῶν
1277 3528 1689 3600 θρεμμάτωντε
1715 3525 1808 3582 καὶ

235 3623 639 3694 προϐλημάτων
708 3623 869 3678 θείων
938 3625 1203 3695 Πατέρων
1261 3621 1419 3693 ἡμῶν
1469 3620 1529 3685 ἐξ
1583 3618 1808 3674 ἁπαλῶν

232 3712 445 3781 ὀνύχων
475 3712 807 3783 ἀνατραφεὶς
842 3712 1159 3782 μεμάθηκα.

302 3803 555 3855 Πιστεύω
587 3804 667 3864 είς
697 3800 792 3854 ἕνα
827 3801 957 3855 Θεὸν
992 3802 1210 3873 Πατέρα
1240 3801 1682 3872 παντοκράτορα,
1708 3801 1803 3854 καὶ

237 3897 312 3956 εἰς
351 3894 450 3946 ἕνα
486 3894 693 3963 Κύριον
736 3890 947 3963 Ἰησοῦν
989 3893 1223 3964 Χριστὸν
1250 3892 1342 3945 τὸν
1373 3892 1504 3945 Υίδν
1547 3892 1642 3945 τοῦ
1674 3891 1810 3944 Θεοῦ

238 3985 329 4037 καὶ
357 3983 495 4035 Θεὸν
523 3982 701 4053 ἡμῶν,
729 3980 1063 4052 γεννηθέντα
1107 3983 1171 4035 ὲκ
1196 3980 1289 4036 τοῦ
1317 3981 1533 4053 Πατρὺς
1563 3981 1815 4052 ἀχρόνως

240 4078 333 4130 καὶ
373 4074 581 4138 άῖδίως.
606 4075 714 4129 Καὶ
746 4075 826 4138 είς
852 4074 914 4127 τὸ
938 4073 1163 4144 Πνεῦμα
1193 4074 1254 4129 τὸ
1279 4076 1456 4143 άγιον,
1485 4074 1577 4127 τὸν
1608 4075 1814 4143 Κύριον

242 4168 333 4221 καὶ
364 4165 761 4232 ζωοποιοῦν,τδ
794 4167 860 4219 ὲκ
893 4166 989 4220 τοῦ
1012 4166 1228 4238 Πατρδς
1258 4167 1326 4220 δι’
1358 4165 1489 4219 Υίοῦ
1517 4165 1815 4237 ἐκπορευό-

247 4275 424 4329 μενον,
454 4259 550 4312 καὶ
577 4259 709 4311 αὐτὸ
737 4259 870 4311 Θεὸν
898 4258 959 4311 δν
988 4276 1045 4312 τε
1074 4259 1172 4312 καὶ
1199 4257 1625 4328 γνωριζόμενον·
1649 4257 1816 4329 Τριά-

245 4352 309 4404 δα
350 4350 657 4421 ὀμοούσιον,
714 4350 976 4422 ὁμότιμον
1012 4368 1074 4405 τε
1101 4351 1196 4404 καὶ
1247 4352 1565 4421 ὁμόθρονον,
1623 4351 1815 4417 ἀΐδιον,

1907 3194 2029 3233 nem
2082 3175 2471 3242 pronuntiare,
2515 3170 2979 3243 quemadmodum
3028 3184 3061 3224 a
3111 3166 3256 3223 tubis
3307 3164 3482 3222 sancti

1908 3270 2145 3341 Spiritus
2170 3276 2425 3339 (quarum
2451 3281 2623 3321 sonus
2653 3266 2707 3319 in
2738 3278 2957 3317 onmem
2984 3270 3189 3316 terram
3216 3257 3405 3318 exivit,
3429 3263 3487 3311 et

1908 3363 1959 3416 in
2007 3364 2142 3417 lines
2171 3371 2330 3414 terrae
2362 3357 2610 3426 verba")
2636 3364 2690 3411 et
2723 3355 2792 3409 ab
2828 3367 3017 3408 earum
3048 3347 3290 3407 alumnis
3319 3355 3484 3416 atque

1908 3453 2172 3519 asseclis,
2220 3448 2612 3505 sacratissimis
2678 3445 2929 3501 videlicet
2980 3440 3235 3496 Pati-ibus
3282 3435 3486 3495 nostris

1908 3530 2198 3608 educatus,
2234 3555 2302 3596 ex
2331 3538 2469 3610 ipsis
2508 3535 2767 3592 mollibus
2798 3531 3015 3603 ungulis
3046 3528 3235 3585 didici.

1981 3806 2159 3863 Credo
2199 3806 2253 3861 in
2288 3820 2458 3861 unum
2493 3804 2660 3860 Deum
2694 3802 2909 3857 Patrem
2952 3798 3408 3869 omnipotentem,
3433 3806 3490 3851 et

1915 3898 1969 3951 in
2008 3910 2176 3950 unum
2210 3893 2498 3949 Dominum
2539 3889 2725 3945 Jesutn
2764 3888 3039 3943 Christum
3072 3884 3271 3939 Filium
3308 3881 3401 3937 Dei
3434 3892 3490 3936 et

1919 3989 2084 4044 Deum
2121 3996 2387 4051 nostrum,
2425 3994 2613 4039 natum
2640 4000 2703 4038 ex
2734 3982 2895 4035 Patre
2926 3982 3045 4035 sine
3078 3988 3326 4048 tempore
3346 3991 3488 4033 eoa:-

1917 4090 2128 4137 tcrnum
2162 4099 2177 4134 :
2212 4088 2267 4134 et
2297 4079 2352 4133 in
2382 4076 2644 4146 Spiritum
2667 4084 2939 4137 sanctum,
2972 4070 3263 4125 Dominttm
3285 4079 3342 4124 et
3362 4069 3491 4124 vivi-

1918 4171 2192 4236 licantem,
2252 4182 2320 4223 ex
2381 4164 2543 4219 Patre
2579 4178 2675 4234 per
2723 4163 2916 4216 Filium
2973 4159 3382 4230 procedentem,
3434 4164 3490 4213 et

1917 4259 2169 4317 eumdem
2195 4257 2363 4313 Deum
2389 4272 2510 4314 esse
2543 4264 2597 4311 et
2623 4252 2880 4324 cognosci
2916 4272 2928 4308 :
2970 4251 3296 4306 Trinitatem
3328 4250 3491 4305 unius
3579 4295 3592 4319 ,

1921 4350 2258 4416 substantiae,
2286 4348 2449 4404 unius
2481 4347 2707 4402 honoris
2736 4359 2791 4400 et
2820 4346 2986 4411 sedis,
3019 4344 3409 4414 sempiternam
3438 4352 3494 4397 et

246 4445 516 4511 ἅκτιστον,
551 4443 661 4497 τῶν
687 4444 903 4499 πάντων
930 4445 1245 4515 κτισμάτων
1267 4442 1605 4515 δημιουργόν
1627 4459 1642 4472 ·
1683 4443 1805 4513 μίαν

1920 4442 2250 4505 increatam,
2312 4438 2559 4494 omnium
2622 4446 3001 4492 creaturarum
3068 4433 3425 4490 conditricem
3478 4452 3491 4487 :

246 4538 439 4610 ἀρχὴν,
475 4538 604 4610 μίαν
631 4537 865 4609 θεύτητα
895 4538 990 4591 καὶ
1030 4538 1352 4608 κυριότητα,
1381 4536 1511 4605 μίαν
1539 4534 1819 4606 βασιλείαν

249 4632 337 4684 καὶ
371 4630 605 4700 δύναμιν
648 4628 744 4683 καὶ
784 4627 1034 4693 ἐξουσίαν
1084 4628 1142 4680 ὲν
1193 4627 1374 4696 τρισὶν
1423 4627 1817 4691 ύποστάσεσιν,

251 4722 572 4793 άδιαιρέτως
612 4720 1021 4792 διαιρουμένην,
1052 4719 1155 4773 καὶ·
1172 4720 1461 4789 ἡνωμένην
1491 4718 1832 4794 διαιρετῶςο⁴

255 4814 325 4884 μὴ
362 4813 421 4879 ἐξ
458 4811 666 4865 ἀτελῶν
721 4810 888 4881 τριῶν
940 4810 998 4863 ἓν
1045 4828 1100 4863 τι
1142 4810 1369 4871 τέλειον,
1404 4810 1521 4863 ἀλλ’
1555 4812 1621 4863 ἐκ
1650 4810 1822 4879 τριῶν

251 4905 470 4959 τελείων
504 4905 561 4958 ἓν
591 4904 888 4976 ὑπερτελὲς
933 4905 1027 4957 καὶ
1062 4903 1401 4975 προτέλειον,
1444 4904 1519 4966 ὡς
1567 4905 1596 4956 ὁ
1650 4904 1823 4973 μέγας

255 4994 354 5066 ἔφη
387 4994 688 5058 Διονύσιος.
741 4996 904 5047 Ὥστε
956 4994 1099 5048 κατά
1146 4994 1247 5063 μὲν
1302 4993 1401 5064 τὴν
1442 4993 1685 5065 ἰδιότητα
1714 4994 1825 5046 τῶν

257 5088 565 5155 προσώπων
589 5086 715 5156 τρία
751 5089 820 5139 τά
853 5084 1329 5156 προσκυνούμενα,
1360 5085 1504 5139 κατά
1534 5085 1592 5138 δὲ
1619 5085 1681 5137 τὸ
1711 5102 1825 5138 κοι-

257 5182 341 5234 νὸν
360 5181 456 5250 τῆς
487 5180 703 5248 φύσεως
734 5173 813 5241 εἷς
842 5177 977 5241 Θεὸς
1018 5178 1237 5231 πάντων
1268 5174 1499 5244 ποιητὴς
1528 5172 1740 5246 ὁρατῶν
1766 5191 1827 5227 τε

228 5265 350 5325 ’καὶ
383 5271 654 5341 ἀοράτων,
692 5269 907 5322 πάντων
948 5266 1277 5339 προνοητής.
1327 5265 1605 5336 Ὀμολογῶ
1631 5265 1687 5319 δὲ
1733 5264 1829 5317 καὶ

261 5365 355 5435 τὴν
393 5364 484 5418 διά
533 5362 630 5432 τὴν
682 5361 957 5432 ἡμετέραν
997 5359 1269 5430 σωτηρίαν
1305 5358 1392 5411 ἐπ’
1428 5357 1676 5428 ἐσχάτων
1718 5357 1829 5411 τῶν

265 5458 482 5529 ἡμερῶν
511 5456 652 5511 κατά
688 5454 870 5526 σάρκα
894 5455 1150 5524 γέννησιν
1196 5452 1288 5506 τοῦ
1351 5453 1469 5515 ένδς
1514 5452 1616 5522 τῆς
1669 5452 1831 5519 ἀγίας

264 5548 488 5622 Τριάδος
520 5547 613 5602 τοῦ
643 5544 775 5601 Υίοῦ
804 5545 899 5599 τοῦ
937 5544 1093 5610 Θεοῦ,
1128 5545 1334 5619 Κυρίου
1364 5544 1419 5598 δὲ
1454 5543 1611 5615 ἡμῶν
1655 5542 1828 5615 Ἰησοῦ

368 5782 409 5815 ’³
437 5779 579 5837 Psal.
609 5795 767 5847 mu,
798 5782 862 5849 5;
896 5780 1056 5840 lion).
1104 5797 1156 5846 κ,
1187 5782 1240 5835 8.

1920 4549 2087 4590 unum
2123 4532 2485 4603 principium,
2538 4545 2704 4586 unam
2753 4529 3008 4583 deitatem
3058 4535 3113 4581 et
3159 4524 3497 4581 dominatio-

1922 4641 2069 4688 nem,
2097 4639 2267 4679 unum
2322 4622 2634 4692 imperium,
2682 4628 3024 4690 potentatum
3066 4627 3116 4673 et
3169 4624 3494 4687 potestatem

1922 4717 1976 4772 in
2008 4718 2183 4771 trihus
2227 4712 2624 4776 subsistentiis,
2671 4712 2951 4766 individue
2978 4710 3198 4781 quidem
3238 4708 3494 4771 divisam,

1921 4819 1977 4865 et
2008 4809 2179 4864 divise
2202 4806 2411 4860 unitam
2451 4822 2466 4861 :
2510 4820 2618 4859 non
2653 4818 2719 4859 ex
2744 4801 3074 4872 imperfectis
3105 4799 3283 4854 tribus
3322 4814 3492 4854 unum

1920 4901 2125 4971 aliquid
2180 4898 2479 4968 perfectum
2524 4915 2538 4951 :
2568 4895 2683 4949 ‘sed
2728 4910 2792 4949 ex
2828 4894 3007 4948 tribus
3037 4891 3294 4963 perfectis
3324 4906 3495 4945 unum

1924 4990 2457 5061 superperfectumet
2476 4983 3076 5056 plusquamperfectum
3093 4981 3246 5048 ",uti
3266 4997 3499 5052 magnus

1927 5084 2144 5139 locutus
2179 5090 2263 5134 est
2304 5078 2618 5148 Dionysius.
2666 5075 2855 5146 Itaque
2902 5074 3204 5131 secundum
3257 5075 3499 5144 preprie-

1928 5183 2091 5231 tatem
2148 5184 2505 5242 personarum
2546 5168 2650 5223 tria
2678 5168 2896 5237 quidem
2938 5166 3247 5231 adoranda;
3279 5175 3335 5218 at
3370 5177 3498 5217 vero

1928 5261 2229 5322 secundum
2262 5273 2610 5314 communem
2644 5268 2850 5313 natura:
2881 5257 3151 5311 rationem
3184 5269 3325 5308 unus
3356 5251 3501 5308 Deus
3568 5318 3569 5321 η

1929 5355 2175 5411 omnium
2207 5352 2382 5407 factor
2413 5350 2710 5405 visibilium
2745 5356 2799 5404 et
2836 5348 3218 5411 invisibilium,
3250 5347 3498 5401 omnium

1931 5449 2202 5519 provisor.
2243 5442 2516 5498 Conﬁteor
2555 5450 2733 5495 autem
2767 5439 2965 5495 factam
3000 5447 3220 5508 propter
3266 5436 3497 5493 salutem

1933 5550 2173 5595 nostram
2230 5534 2283 5589 in
2338 5529 2652 5586 novissimis
2691 5530 2885 5587 diebus
2944 5528 3243 5584 secundum
3279 5538 3499 5582 carnem

1353 5782 1399 5813 "
1423 5780 1599 5836 Locus
1632 5776 1927 5837 obscurus,
1959 5780 2014 5827 et
2047 5779 2206 5826 caute
2230 5765 2515 5838 legendus.
