4088 6526
545 341 695 410 1463

1593 341 1654 404 S.
1690 341 1998 404 TARASII
2042 333 2550 401 PATRIARCHIE
2599 333 2698 394 ΕΡ.

3689 311 3840 377 1464

557 453 893 510 nativitatem
941 453 1102 509 unius
1153 460 1356 509 sanctae
1389 453 1701 520 Trinitatis,
1750 453 1873 509 Filii
1923 454 2135 510 scilicet

2251 446 2479 520 Χριστοῦ
2528 445 2624 498 καὶ
2672 437 2834 505 Θεοῦ,
2866 440 2932 493 ἐκ
2963 437 3062 508 τῆς
3090 433 3316 508 ἀληθῶς
3355 430 3518 503 ἁγίας
3548 429 3837 484 Θεοτόκου

558 546 654 601 Dei
683 555 739 602 et
775 544 996 600 Domini
1048 545 1225 599 nostri
1274 543 1406 599 Jesn
1460 544 1692 607 Christi.
1753 563 1818 602 ex
1868 545 2131 601 veraciter

559 648 750 695 sancta.
802 635 898 692 Dei
945 637 1209 710 genitrice
1251 653 1582 709 semperque
1641 638 1862 710 Virgine
1917 637 2133 696 Maria:

559 728 1084 784 cnnsubstsntialem
1113 727 1334 797 quidem
1370 727 1580 783 factum
1619 730 1780 784 nobis
1808 730 1984 785 modis
2017 745 2139 784 om-

561 813 723 868 nibus
765 813 977 884 absque
1011 824 1256 880 peccato,
1283 831 1390 870 non
1423 825 1604 872 autem
1635 818 1978 873 desinentem
2013 833 2136 874 esse

561 902 707 971 quod
743 912 894 970 erat;
937 905 1031 960 sed
1075 905 1292 960 duabus
1333 907 1547 964 naturis
1583 908 1876 965 inconfuse
1913 925 2141 964 manen-

562 991 732 1056 tibus,
767 1007 871 1045 una
927 1005 1051 1047 cum
1112 994 1546 1050 consistentibus
1593 995 1647 1050 in
1691 1012 1752 1052 se
1790 997 2006 1054 duabus
2044 1012 2143 1050 vo-

563 1082 866 1138 luntatibus
903 1092 959 1137 et
997 1085 1456 1153 operationibus:
1491 1088 1815 1142 crucifixum
1851 1102 1951 1158 pro
1977 1088 2143 1142 nobis

561 1190 752 1239 carne,
789 1183 844 1230 et
897 1176 1197 1245 sepultum,
1229 1187 1286 1232 et
1339 1181 1734 1244 resurrexisse,
1763 1180 1817 1233 in
1865 1181 2146 1250 cmlosque

563 1267 896 1332 ascendisse,
922 1277 976 1322 et
1005 1277 1298 1324 venturum
1328 1269 1580 1341 judicare
1601 1273 1754 1326 vivos
1785 1281 1839 1327 et
1868 1283 2142 1327 mortuos.

563 1355 794 1425 Insuper
814 1373 975 1428 spero
999 1361 1460 1416 resurrectionem
1481 1371 1846 1422 mortuorum,
1871 1371 1924 1416 et
1952 1364 2142 1432 singu-

564 1449 746 1502 lorum
775 1459 1058 1520 gestorum
1086 1452 1442 1507 redditionem
1475 1453 1596 1526 [(ιῖν.
1629 1452 1798 1518 addit,
1835 1453 2143 1526 mternam],
2189 1448 2197 1456 ’

563 1541 836 1596 bonorum
885 1543 1116 1607 scilicet,
1160 1545 1326 1600 etliis
1377 1546 1809 1600 contrariorum.
1875 1544 2147 1616 Expetens

566 1635 731 1688 etiam
801 1635 1227 1692 intercessiones
1280 1637 1646 1692 sanctissimae
1689 1643 1745 1692 et
1811 1638 2149 1695 intemeratae

571 1725 815 1782 Dominae
848 1711 1051 1783 nostra:
1097 1727 1190 1782 Dei
1224 1727 1524 1784 Genitricis
1550 1737 1606 1784 et
1659 1743 1877 1796 semper
1905 1729 2147 1800 Virginis

2239 543 2334 596 καὶ
2370 533 2761 610 Ἀειπαρθένου
2801 529 3078 603 Μαρίας’
3123 523 3481 588 ούσιωθέντος
3534 523 3633 610 μεν
3687 522 3841 610 ἡμῖν

2237 631 2438 696 όλικῶς
2467 608 2636 703 χωρὶς
2667 623 2965 698 ἁμαρτίας,
3001 621 3078 693 μὴ
3109 619 3408 679 ἐκστάντος
3437 616 3493 670 δὲ
3523 608 3699 685 οὗπερ
3730 609 3836 684 ἦν,

2238 723 2338 778 καὶ
2377 723 2454 787 ὡς
2507 719 2616 774 τῶν
2661 717 2756 772 δύο
2802 716 3021 786 φύσεων
3060 711 3387 782 ἀσυγχύτων
3436 706 3840 780 μεμενηκυιιῖη

2245 815 2385 886 μετὰ
2413 809 2508 866 καὶ
2537 808 2644 864 τῶν
2671 809 2731 862 ἐν
2753 807 2945 869 αὐταῖς
2977 803 3071 858 δύο
3111 801 3437 872 θελημάτων
3463 815 3523 852 τε
3549 800 3644 852 καὶ
3673 801 3844 867 ἐνερο

2245 907 2444 978 γειῶν·
2501 900 2916 974 σταυρωθέντος
2967 914 3029 951 τε
3073 895 3216 966 ὑπὲρ
3269 893 3430 966 ἡμῶν
3489 893 3679 964 σαρκὶ,
3734 892 3846 943 καὶ

2249 999 2528 1068 ταφέντος,
2557 995 2654 1050 καὶ
2690 993 3050 1054 ἀναστάντος,
3077 985 3454 1058 είςόύρανούς
3481 1002 3541 1038 τε
3566 983 3847 1052 ἀνεληλυο

2245 1091 2421 1156 θότος,
2454 1090 2550 1143 καὶ
2580 1088 2805 1159 ἥξοντος
2835 1087 3017 1156 κρῖναι
3050 1080 3263 1146 ζῶντας
3291 1079 3385 1132 καὶ
3412 1075 3662 1148 νεκρούς.
3703 1073 3847 1129 Ἐπὶ

2245 1181 2461 1244 τούτοις
2482 1180 2538 1233 δέ
2565 1177 2857 1251 προσδοκῶ
2883 1177 3184 1230 ἀνάστασιν
3214 1171 3448 1240 νεκρῶν,
3472 1169 3567 1222 καὶ
3598 1167 3844 1220 ἑκάστου

2245 1275 2356 1328 τῶν
2405 1271 2766 1343 πραχθέντων
2809 1265 3038 1322 αἰωνίαν
3077 1265 3352 1321 ἀντίδοσιν
3386 1260 3612 1330 ἀγαθῶν
3643 1276 3703 1312 τε
3732 1259 3845 1313 καὶ

2247 1369 2355 1422 τῶν
2407 1363 2689 1420 ἐναντίων.
2734 1357 3092 1429 Ἐξαιτοῦμαι
3134 1356 3193 1409 δὲ
3248 1356 3343 1408 καὶ
3385 1353 3485 1414 τὰς
3531 1350 3843 1420 πρεσϐείας

2247 1461 2347 1531 τῆς
2376 1475 2434 1513 τε
2468 1454 2742 1524 παναγίας
2765 1451 3035 1522 ἁχράντου
3054 1449 3148 1502 καὶ
3167 1444 3563 1517 Ἀειπαρθένου
3588 1441 3841 1511 Μαρίας,

2247 1552 2359 1609 τῶν
2391 1569 2453 1604 τε
2493 1550 2663 1618 ἁγίων
2690 1545 2962 1615 ἀγγέλων,
2996 1542 3089 1595 καὶ
3117 1540 3226 1594 τῶν
3253 1539 3426 1607 ἁγίων
3448 1535 3676 1602 ἐνδόξων
3701 1537 3846 1587 ἁπο-

2251 1645 2478 1708 στό).ων,
2512 1638 2831 1713 προφητῶν,
2885 1633 3207 1707 μαρτύρων,
3239 1628 3602 1701 όμολογητῶν
3637 1645 3700 1680 τε
3743 1626 3846 1679 καὶ

2249 1731 2609 1787 διδασκάλων.
2650 1729 2764 1782 Καὶ
2789 1725 3116 1794 ἀσπάζομαι
3157 1720 3256 1784 τὰς
3306 1719 3513 1784 σεπτας
3546 1719 3728 1772 αὐτῶν
3761 1717 3844 1769 εἰ·

565 1818 774 1884 Μανία»,
803 1831 1232 1888 sanctorumque
1273 1819 1619 1890 angelorum,
1656 1831 1710 1875 et
1741 1832 2059 1876 sanctorum
2093 1833 2147 1876 et

2251 1827 2433 1888 κόνας.
2467 1824 2579 1877 Καὶ
2617 1823 2798 1875 πᾶσαν
2845 1815 3134 1889 αἱρετικὴν
3174 1813 3496 1885 ἐρεσχελίαν
3547 1810 3844 1882 βδελύσσο-

565 1908 1096 1976 gloriosissimorum
1117 1912 1518 1981 apostolorum,
1551 1913 1972 1980 prophetarum,
1995 1927 2144 1966 mar-

567 2010 772 2071 tyrum,
807 2001 1214 2069 confessorem,
1245 2014 1296 2059 et
1335 2005 1724 2073 magistrorum
1757 2004 2097 2078 [doctorum]
2129 2024 2143 2060 :

519 2155 532 2168 γ
563 2091 814 2148 salutans
851 2104 905 2148 et
953 2095 1296 2152 venerabiles
1343 2098 1534 2152 icouas
1565 2110 1780 2164 eorum,
1815 2106 1870 2152 et
1925 2113 2142 2154 omnem

567 2186 877 2242 limretiwm
943 2189 1270 2245 abominans
1342 2191 1770 2255 contentionem,
1831 2203 2044 2246 necnon
2095 2200 2148 2245 et

2257 1935 2377 1988 μαι,
2423 1916 2518 1970 καὶ
2563 1914 2694 1976 τοὺς
2733 1909 2916 1965 αὐτῶν
2957 1905 3240 1979 ἡγήτορας
3278 1923 3338 1958 τε
3382 1904 3478 1959 καὶ
3507 1901 3844 1972 προῦολέας,

2253 2009 2401 2080 λέγω
2442 2009 2508 2080 δὴ
2554 2007 2799 2078 Σίμωνα,
2845 2002 3176 2074 Μαρκίωνα,
3211 1999 3492 2059 Μάνεντα,
3535 1997 3752 2051 Παῦλόν
3779 2013 3845 2048 τε

2254 2103 2346 2156 τὸν
2383 2099 2732 2172 Σαμοσατέα,
2776 2096 2874 2151 καὶ
2909 2092 3201 2148 Σαϐἐλλιον
3244 2091 3338 2146 τὸν
3381 2090 3577 2156 Λίϐυν,
3621 2089 3716 2143 καί
3771 2088 3848 2142 τὰ

2256 2192 2435 2246 αὐτῶν
2468 2191 2639 2259 ἐναγῆ
2669 2188 2939 2259 δόγματα.

563 2294 756 2338 eorum
801 2283 1063 2340 ductores
1107 2294 1276 2355 atque
1319 2286 1610 2355 primores,
1647 2287 1960 2341 Simeonem
1999 2288 2268 2355 videlicet,
2301 2286 2659 2352 Marcionem,
2717 2283 3011 2349 Manetem,
3063 2279 3294 2339 Paulum
3362 2290 3585 2349 quoque
3643 2271 3849 2327 Samo-

547 2386 842 2442 Catenum,
874 2389 928 2433 et
963 2378 1268 2434 Sabellium
1305 2380 1560 2450 Libynm,
1604 2395 1904 2452 eorumque
1921 2380 2175 2452 dogmata
2216 2380 2450 2439 nefaria.

639 2467 864 2536 “scipio
891 2469 1060 2522 etiam
1101 2477 1322 2525 sanctas
1371 2479 1426 2524 et
1470 2471 1810 2526 universales
1851 2486 1947 2526 sex
1981 2487 2150 2543 syno-

565 2562 688 2624 dos,
724 2571 776 2616 et
805 2575 996 2616 earum
1031 2561 1218 2616 divina
1249 2563 1500 2632 dogmata
1537 2563 1744 2632 pariter
1771 2574 1827 2618 et
1848 2563 2150 2629 doctrinas,

567 2661 828 2722 tauquam
855 2667 978 2722 quae
1011 2653 1193 2708 divina
1223 2654 1584 2724 inspiratione
1618 2655 1777 2711 nobis
1799 2656 1998 2710 tradita
2031 2656 2152 2711 fue-

566 2744 699 2798 rint.
755 2743 821 2797 Et
878 2758 1005 2799 cum
1057 2747 1231 2814 prima
1279 2746 1502 2814 quidem
1549 2746 1882 2802 homousion
1933 2758 1989 2803 et
2044 2765 2151 2803 una

566 2849 693 2888 cum
727 2833 892 2890 Patre
941 2836 1062 2891 sine
1096 2835 1253 2892 initio
1295 2836 1497 2892 Filium
1538 2852 1662 2892 esse
1732 2837 1996 2903 credens?
2016 2854 2152 2894 ana-

569 2926 864 2980 tltematizo
899 2927 1126 2998 impium
1150 2928 1364 2993 Arium,
1393 2929 1634 2994 Aetium,
1670 2927 2017 2996 Euuomium,
2039 2929 2151 2984 Eu-

569 3018 819 3084 doxium,
844 3027 902 3074 et
929 3010 1309 3090 Demophilum
1356 3040 1370 3076 :
1407 3031 1531 3091 post
1562 3021 1664 3076 bos
1698 3026 1758 3076 et
1785 3037 1883 3076 eos
1915 3021 2005 3092 qui
2027 3023 2152 3092 jure

568 3106 832 3161 dicuntur
879 3107 1182 3166 Dissimiles
1215 3119 1272 3165 et
1322 3108 1672 3173 Semiariani,
1723 3120 1888 3180 atque
1932 3126 2148 3165 omnem

535 3238 537 3240 .
570 3193 980 3266 coinquinatam
1021 3213 1213 3254 eorum
1248 3208 1550 3255 catervam.
1583 3200 1719 3255 Cum
1749 3202 1988 3256 secunda
2021 3215 2150 3256 vero
2177 3185 2220 3243 ο

569 3286 742 3346 Deum
771 3302 896 3343 esse
925 3287 1188 3359 Spiritum
1211 3300 1464 3346 sanctqu
1505 3301 1558 3346 et
1588 3290 1977 3347 viviticaturem
2019 3307 2152 3348 con-

573 3381 752 3445 literis,
797 3381 999 3451 abjicio
1049 3382 1429 3440 Macedoninm
1488 3393 1543 3440 et
1597 3401 1794 3443 omnes
1847 3387 1941 3456 qui
1993 3389 2154 3442 unius

571 3485 697 3524 cum
728 3472 824 3526 illo
848 3483 978 3526 sunt
1009 3489 1228 3540 sensus,
1262 3492 1388 3531 cum
1433 3477 1520 3532 liis
1549 3486 1732 3532 autem
1767 3487 1821 3532 et
1847 3478 1956 3532 Deo
1990 3493 2154 3548 pero-

574 3579 696 3618 sum
728 3563 1158 3634 Apollinarium,
1190 3570 1282 3639 qui
1311 3569 1591 3624 insensate
1637 3571 1876 3641 desipuit
1903 3569 2026 3644 [σν.
2061 3573 2154 3642 qui

574 3656 696 3712 sine
725 3667 908 3713 mente
941 3659 1202 3729 opinatus
1241 3659 1374 3732 est.]
1404 3660 1542 3716 Cum
1579 3663 1736 3718 tertia
1763 3676 1947 3719 autem
1984 3681 2153 3719 unum

575 3746 872 3800 Dominum
924 3736 1421 3805 JesumChristum
1474 3733 1664 3806 verum
1701 3753 1868 3808 Deum
1902 3767 2153 3810 nostrum

573 3847 642 3887 ex
677 3832 840 3890 Patre
874 3837 1137 3905 genitum,
1181 3840 1544 3911 eamdemque
1593 3843 1644 3897 in
1697 3845 2015 3899 novissimis
2041 3847 2156 3902 die-

574 3928 680 3982 bus
704 3937 928 3997 propter
945 3930 1180 3985 salutem
1206 3941 1448 3988 nostram
1480 3934 1826 3990 incarnatum
1867 3952 1931 3991 ex
1965 3949 2155 3994 sancta

578 4015 673 4072 Dei
706 4017 983 4076 Genitrice
1020 4035 1346 4093 semperque
1379 4023 1590 4095 virgine
1614 4023 2153 4096 Maria,praedicans,

577 4109 819 4165 hominis
846 4109 1116 4167 cultorem
1156 4111 1494 4179 Nestorium,
1537 4122 1592 4169 et
1640 4115 1821 4186 bigam
1857 4133 1979 4188 quae
2007 4117 2154 4175 circa

575 4199 754 4270 ipsum
781 4211 884 4268 est,
920 4205 1212 4259 Diodorum
1254 4206 1329 4260 ait
1359 4221 1424 4261 ac
1449 4204 1824 4275 Theodorum,
1858 4225 2070 4266 necnon
2102 4221 2156 4266 et

584 4312 775 4352 eorum
806 4299 1168 4367 prodigiosum
1189 4300 1431 4374 fabulam
1449 4301 1829 4372 praedicantes,
1856 4306 1976 4361 etin
1995 4305 2156 4362 Chri-

574 4397 662 4444 sto
723 4391 1068 4460 personalem
1120 4393 1443 4448 dualitatem
1492 4392 1817 4460 formantes,
1879 4400 2071 4468 procul
2123 4417 2152 4455 a

575 4480 927 4538 confessione
963 4499 1082 4540 mea
1133 4486 1356 4555 repello.
1392 4486 1658 4543 Praeterea
1691 4503 1816 4544 cum
1854 4503 2048 4561 quarta
2084 4510 2149 4548 ex

575 4573 791 4628 duabus
830 4576 1043 4632 naturis
1085 4584 1139 4630 et
1169 4575 1223 4631 in
1264 4577 1478 4634 duabus
1503 4581 1716 4636 naturis
1743 4597 1911 4636 unum
1943 4593 2150 4638 sanctae

574 4664 863 4723 Trinitatis
910 4667 1195 4724 Christum
1223 4669 1390 4724 Deum
1419 4682 1664 4726 nostrum
1708 4689 1876 4729 carne
1935 4676 2153 4733 venisse

573 4758 838 4825 s’cntiens,
895 4760 1300 4816 anathematizo
1367 4762 1746 4832 Entychetem,
1799 4766 2148 4834 Dioscorum,

572 4855 627 4902 et
667 4857 834 4904 totam
880 4849 1124 4921 ipsorum
1171 4853 1287 4907 sine
1331 4855 1506 4924 capite
1545 4857 1976 4924 multitudinem,
2041 4875 2147 4913 una

573 4955 699 4996 cum
733 4942 999 4999 divinitus
1017 4943 1360 5001 fulminando
1393 4945 1621 5013 Severo,
1641 4957 1695 5003 et
1725 4947 1948 5005 infando
1973 4949 2151 5004 Julia-

573 5047 645 5086 no
685 5030 1129 5103 Halicarnasseo,
1161 5037 1255 5107 qni
1298 5036 1544 5094 fabulose
1576 5037 1868 5093 Dominum
1897 5050 2144 5096 nostrum

574 5124 954 5194 incorruptum
980 5143 1182 5199 corpus
1213 5132 1524 5201 suscepisse
1563 5132 1856 5201 perhibuit.
1903 5131 2151 5204 Denique

571 5213 627 5271 in
663 5215 875 5288 quinta,
927 5234 1050 5290 quae
1087 5221 1227 5275 sicut
1274 5223 1540 5277 machaera
1587 5224 1816 5294 spiritus
1860 5225 1913 5280 in
1955 5243 2150 5296 super-

573 5306 693 5363 ficie
739 5310 1148 5379 quodammodo
1183 5328 1244 5368 ex
1289 5314 1562 5382 prioribus
1609 5318 1949 5388 temporibus
1993 5323 2150 5374 navi-

572 5407 766 5466 gantes
822 5403 1043 5472 iniquas
1096 5402 1322 5459 rescidit
1390 5404 1651 5467 haereses,
1719 5414 1773 5460 et
1833 5407 2148 5467 inventores

573 5488 830 5560 patefecit
857 5507 1070 5558 earum,
1112 5491 1400 5564 Origenem
1433 5493 1708 5555 videlicet.
1747 5504 1800 5550 et
1828 5495 2138 5568 Didymum,

571 5591 622 5635 et
670 5581 1002 5652 Evagrium;
1051 5585 1123 5639 ita
1176 5595 1231 5640 et
1264 5599 1365 5654 ego
1392 5585 1515 5650 has,
1555 5595 1742 5653 utpote
1797 5597 2145 5658 portentosas

571 5672 955 5730 haereticorum
1003 5677 1394 5743 fabulationes,
1431 5679 1654 5748 repello.
1705 5666 1876 5737 Porro
1900 5698 1997 5753 per
2031 5679 2148 5740 s'ex-

567 5777 684 5822 tam
729 5767 873 5824 sicut
897 5783 965 5825 ex
1010 5770 1225 5828 duabus
1262 5770 1475 5826 naturis
1509 5769 1816 5841 Christum,
1840 5793 1903 5832 ex
1947 5777 2146 5846 quibus

2338 2468 2701 2542 Ἀποδέχομαι
2743 2467 2801 2524 δὲ
2843 2467 2940 2522 καὶ
2982 2464 3082 2530 τὰς
3121 2464 3287 2534 ἁγίας
3319 2462 3414 2516 καὶ
3451 2460 3848 2532 οίκουμενικὲις

2253 2563 2314 2629 ἒξ
2365 2563 2642 2629 συνόδους,
2689 2563 2784 2615 καὶ
2841 2558 2911 2616 τὰ
2965 2556 3149 2612 αὐτῶν
3205 2556 3328 2610 θεῖα
3381 2553 3630 2624 δόγματά
3661 2570 3721 2604 τε
3753 2554 3848 2605 καὶ

2252 2655 2582 2727 διδάγματα,
2630 2655 2707 2720 ὡς
2751 2653 2875 2725 θείᾳ
2923 2649 3227 2724 ἐμπνεύσει
3265 2649 3399 2720 ἡμῖν
3433 2645 3843 2717 παραδοθέντα.

2253 2750 2367 2804 Καὶ
2387 2749 2488 2818 τῆς
2511 2749 2612 2819 μὲν
2643 2750 2871 2818 πρώτης
2901 2743 3189 2816 ὁμοούσιον
3212 2741 3310 2795 καὶ
3336 2741 3682 2810 συνάναρχον
3703 2735 3848 2792 εἶναι

2259 2839 2643 2913 κηρυττούσης
2683 2837 2760 2908 τῷ
2795 2837 2975 2909 Πατρὶ
3012 2835 3106 2889 τὸν
3142 2833 3294 2897 Υίὸν,
3324 2829 3724 2900 ἀναθεματίζω
3757 2829 3848 2882 τὸν

2257 2931 2493 3003 δυσσεσῆ
2553 2931 2798 3001 Ἀρειον,
2875 2925 3104 2991 Ἀέτιον,
3158 2921 3433 2988 Εὑδόξιον,
3476 2921 3844 2992 ,Δημόφιλον

2261 3023 2380 3095 μεθ’
2405 3023 2500 3088 οὒς
2534 3022 2628 3078 καὶ
2657 3021 2784 3085 τοὺς
2810 3019 3036 3083 ἐνδίκως
3063 3017 3393 3089 λεγομένους
3447 3013 3767 3085 ’Δνομοίους
3787 3031 3846 3065 τε

2257 3117 2355 3170 καί⁹
2400 3113 2776 3186 Ἦμιαρείους,
2813 3112 2909 3165 καὶ
2941 3111 3124 3164 πᾶσαν
3154 3107 3254 3180 τὴν
3312 3105 3710 3178 μεμιασμένην
3745 3107 3845 3174 ὁμ-

2253 3207 2452 3276 ήγυριν
2480 3204 2808 3274 αύτῶν.Τῆς
2823 3203 2879 3256 δὲ
2901 3200 3182 3273 δευτέρας,
3211 3199 3345 3254 Θεὸν
3363 3194 3504 3252 εἶναι
3534 3198 3596 3251 τὸ
3622 3196 3848 3267 Πνεῦμα

2253 3297 2316 3351 τὸ
2358 3297 2537 3365 ἆγιον,
2584 3295 2645 3349 τὸ
2691 3292 2898 3364 Κύριον
2933 3291 3031 3345 καὶ
3077 3289 3407 3356 ζοωποιοῦν,
3455 3287 3846 3355 damni-leuat

2253 3388 2590 3444 Μακεδόνιον
2618 3387 2713 3440 καὶ
2752 3384 2964 3447 πάντας
2994 3385 3122 3447 τοὺς
3160 3383 3471 3453 ὁμόφρονας
3523 3379 3697 3451 αὐτῷ.
3743 3380 3846 3432 Σὺν

2254 3481 2466 3543 τούτοις
2497 3479 2553 3533 δὲ
2577 3478 2786 3532 καὶτὸν
2817 3473 3088 3545 θεοστυγῆ
3125 3473 3530 3544 Ἀπολινάριον,
3562 3471 3660 3524 τὸν
3693 3472 3846 3541 ἀνοήο

2256 3587 2363 3634 τως
2404 3569 2773 3640 φρονήσαντα.
2829 3567 2940 3636 Τῆς
2994 3565 3051 3618 δὲ
3108 3565 3324 3634 τρίτης,
3355 3563 3453 3615 ’ἐνα
3506 3563 3602 3615 τὸν
3636 3562 3844 3632 Κύριον

2257 3659 2416 3731 ήμῶν
2461 3656 2672 3731 Ἰησοῦν
2702 3658 2940 3731 Χριστὸν
2983 3655 3075 3709 τὸν
3108 3654 3364 3724 ἀληθινὸν
3411 3653 3548 3705 Θεὸν
3578 3651 3739 3723 ἡμῶν
3784 3655 3844 3705 ἐκ

2256 3751 2350 3805 τοῦ
2393 3751 2608 3822 Πατρὸς
2640 3749 2996 3823 γεννηθέντα,
3030 3747 3196 3802 αὐτόν
3227 3764 3286 3800 τε
3325 3747 3413 3800 ἐπ’
3437 3745 3688 3816 ἐσχάτων
3733 3744 3843 3797 τῶν

2258 3843 2484 3916 ἡμερῶν
2511 3843 2602 3898 διὰ
2638 3843 2739 3914 τὴν
2769 3842 3048 3914 ἡμετέραν
3081 3839 3363 3911 σωτηρίαν
3395 3837 3757 3908 σαρκωθέντα
3783 3839 3844 3890 ἐκ

2255 3940 2361 4009 τῆς
2391 3937 2550 4006 ἁγίας
2596 3935 2863 3990 Θεοτόκου
2920 3934 3015 3988 καὶ
3053 3930 3445 4003 Ἀειπαρθένου
3474 3929 3725 4000 Μαρίας,
3756 3930 3844 3983 τὸν

2257 4027 2722 4101 ἀνθρωπολάτρην
2760 4026 3057 4096 Νεστόριον
3084 4025 3181 4080 καὶ
3207 4024 3309 4096 τὴν
3345 4023 3487 4094 ἀμφ’
3518 4023 3687 4076 αὑτὸν
3715 4022 3839 4086 ξυν-

2257 4116 2453 4187 ωρίδα,
2518 4117 2663 4187 φημὶ
2707 4115 2774 4188 δὴ
2824 4115 3089 4184 Διόδωρόν
3144 4130 3204 4166 τε
3267 4113 3362 4167 καὶ
3412 4113 3716 4182 Θεόδωρον,
3751 4112 3842 4164 καὶ

2257 4212 2384 4275 τοὺς
2430 4209 2530 4281 τὴν
2575 4209 2756 4262 αὐτῶν
2804 4206 3206 4279 τερατομυθίαν
3256 4203 3734 4276 πρεσϐεύσαντας,
3770 4204 3842 4266 ὠς

2258 4303 2559 4371 νοήσαντας
2618 4301 2712 4352 ἐπὶ
2757 4297 2998 4370 Χριστοῦ
3059 4297 3159 4367 τὴν
3231 4293 3593 4367 προσωπικὴν
3652 4293 3839 4355 δυάδα,

2259 4391 2450 4465 πόρρω
2472 4392 2571 4461 τῆς
2607 4391 2748 4462 ἐμῆς
2775 4391 3069 4462 ὁμολογίας
3109 4389 3359 4444 ἐκδιώκω
3385 4409 3399 4422 ·
3433 4389 3534 4460 τῆς
3558 4388 3618 4441 δὲ
3649 4389 3842 4458 τετάρ-

2258 4499 2378 4554 της,
2399 4484 2465 4537 ἐκ
2487 4481 2582 4536 δύο
2609 4481 2826 4553 φύσεων
2865 4482 3006 4536 εἶναι
3031 4484 3123 4536 τὸν
3151 4483 3251 4536 ἕνα
3288 4484 3387 4553 τῆς
3416 4483 3582 4551 ἁγίας
3609 4481 3841 4553 Τριάδος

2187 4548 2231 4602 D
2256 4548 2495 4644 Χριστὸν
2524 4548 2632 4626 τὸν-
2649 4571 2782 4626 Θεὸν
2821 4574 2982 4644 ἡμῶν
3018 4572 3186 4644 σαρκὶ
3220 4548 3680 4644 ἐπιδημήσαντα,
3710 4575 3841 4626 άνα-

2256 4665 2537 4738 θεματίζω
2565 4667 2832 4739 Εύτυχέα,
2865 4659 3179 4739 Διόσκορον,
3220 4668 3316 4721 καὶ
3349 4670 3534 4722 πᾶσαν
3573 4668 3677 4736 τὴν
3713 4668 3841 4721 ἀκέο

2258 4761 2427 4830 φαλον
2451 4760 2633 4816 αὐτῶν
2666 4760 2900 4830 πληθὺν,
2938 4761 3077 4832 μετὰ
3117 4761 3209 4816 καί⁵
3244 4761 3488 4832 Σεὸήρου
3514 4759 3611 4814 τοῦ
3647 4759 3839 4830 θεηλά-

2254 4871 2371 4919 του,
2423 4853 2518 4907 καὶ
2577 4853 2674 4908 τοῦ
2709 4855 2976 4925 ἀθεμίτου
3017 4855 3308 4909 Ἰουλιανοῦ
3339 4855 3435 4908 τοῦ
3481 4854 3840 4926 Ἁλικαρνασ-

2256 4946 2416 5010 σέως,
2439 4947 2532 5000 τοῦ
2567 4948 2982 5018 μυθευσαμένου
3016 4947 3295 5020 ἄφθαρτον
3327 4947 3488 5018 σῶμα
3513 4949 3607 5000 τὸν
3640 4947 3840 5017 Κύριον

2251 5039 2412 5111 ἡμῶν
2457 5039 2666 5111 Ἰησοῦν
2719 5039 2956 5111 Χριστὸν
2991 5038 3384 5095 ἀναλαϐέσθαι.
3421 5038 3536 5108 Τῆς
3589 5039 3650 5092 δὲ
3703 5041 3840 5108 πέμο

2255 5150 2418 5205 πτης,
2441 5133 2516 5197 ὡς
2553 5133 2590 5205 ἡ
2616 5131 2709 5185 τοῦ
2753 5131 3072 5204 Πνεύματος
3105 5130 3356 5203 μάχαιρα
3400 5131 3499 5193 τας
3540 5130 3601 5194 ἐξ
3634 5131 3839 5184 ἄνωθεν

2251 5225 2360 5278 τῶν
2416 5225 2626 5298 χρόνων
2681 5225 3120 5290 ἐπιπολαζούσας
3161 5223 3437 5293 ἀθέσμους
3478 5223 3725 5292 αἱρέσεις
3759 5221 3840 5286 ἐξ-

2249 5315 2432 5386 έτεμε,
2454 5316 2688 5375 καὶτοὺς
2715 5315 3016 5386 ἐφευρετὰς
3040 5313 3222 5368 αὐτῶν
3241 5311 3672 5383 ἐθριάμϐευσεν,
3705 5312 3840 5382 Ὠρι-

2247 5409 2437 5479 γένην,
2466 5408 2698 5479 Δίδυμόν
2728 5425 2786 5461 τε
2827 5406 2925 5461 καὶ
2980 5407 3278 5478 Εὐάγριον,
3319 5403 3480 5473 κάγὼ
3528 5404 3840 5475 ἐξωθοῦμαι

2255 5500 2332 5564 ὡς
2378 5501 2674 5570 αἱρετικῶν
2701 5499 3116 5571 τερετισμάτων
3167 5497 3340 5572 [ἀλλ.
3372 5494 3836 5569 τερατευμάτων]

2259 5594 2605 5664 μυθεύματα.
2658 5593 2770 5663 Τῆς
2828 5591 2883 5644 δὲ
2927 5591 3116 5666 ἕκτης,
3151 5592 3339 5663 ὥσπερ
3378 5593 3443 5643 ἐκ
3499 5589 3594 5642 δύο
3625 5590 3841 5660 φύσεων

2255 5688 2343 5740 τον
2375 5685 2630 5756 Χριστὸν,
2665 5685 2725 5750 ἐξ
2755 5679 2830 5739 ὧν
2860 5687 3032 5751 ἐστιν,
3064 5684 3237 5748 οὕτως
3262 5685 3358 5738 καὶ
3406 5680 3506 5743 τὰς
3537 5680 3634 5735 δύο
3683 5700 3839 5751 φυσι-

2254 5778 2358 5842 κὰς
2419 5778 2665 5852 θελήσειε
2713 5796 2773 5834 τε
2829 5778 2922 5835 καὶ
2953 5777 3239 5850 ἐνεργείας
3277 5779 3335 5834 ἐν
3391 5779 3632 5851 ἑκατέρᾳ
3682 5776 3835 5848 φύσει
