4088 6494
296 308 422 377 1465

1722 321 2128 387 EPISTOL/E.

3420 341 3553 408 “66

292 448 643 513 πεπίστευκα,
674 446 993 521 ἀνθρωπίνῃ
1027 466 1083 502 τε
1112 452 1205 504 καὶ
1230 452 1407 526 θεῖκῇ.
1440 454 1550 510 Καὶ
1581 454 1865 511 ὑποδάλλω

1971 448 2025 493 et
2053 451 2159 502 est.
2188 443 2319 500 olim
2364 460 2485 503 esse
2532 448 2827 504 didiceram
2864 469 2877 515 ;
2912 451 2988 506 ita
3025 460 3081 506 et
3112 453 3253 508 duas
3276 444 3555 514 naturales

290 544 360 613 τῷ
408 540 711 612 ἀναθέματι
758 541 965 612 Κῦρον,
1010 543 1258 615 Σέργιον,
1306 546 1580 619 Ὀνώριον,
1624 549 1865 623 Πύρρον,

292 634 514 697 Παῦλον,
544 635 639 688 καὶ
674 634 885 699 πάντας
920 636 1045 700 τοὺς
1078 638 1374 708 ὁμοδόξους
1416 642 1623 705 αὑτοῖς,
1653 644 1749 695 καὶ
1782 644 1850 697 τά

290 728 458 781 αὐτῶν
483 726 751 798 δόγματα,
768 727 844 792 ὡς
868 729 1163 800 Σοδομίνην
1190 731 1435 802 ἄμπελον
1460 736 1554 787 καὶ
1572 734 1859 807 Γομορῥη-

292 820 384 889 νην
413 818 718 889 κληματίδα
764 820 997 892 ἔχουσαν
1033 822 1230 895 βότρυν
1275 824 1506 895 πικρίας
1553 827 1862 897 μεμίσηκά.

291 914 394 982 Τῆς
428 913 483 965 δὲ
535 913 710 983 αὑτῆς
767 915 933 982 ἁγίας
989 916 1156 987 ἕκτης
1202 918 1444 984 συνόδου,
1480 920 1617 989 μετά
1648 920 1868 975 πάντων

290 1004 392 1057 τῶν
415 1002 692 1073 ὲνθέσμως
723 1006 815 1058 καὶ
844 1006 1082 1069 θειωδῶς
1107 1008 1537 1078 ἐκφωνηθέντων
1575 1010 1863 1079 δογμάτων

292 1098 414 1167 παρ’
447 1097 641 1166 αὑτῆς,
667 1098 764 1150 καὶ
814 1100 943 1160 τοὺς
992 1098 1315 1162 ἐκδοθέντας
1346 1103 1574 1166 κανόνας
1599 1104 1863 1174 ἀποδέχο-

295 1210 405 1259 μαι,
440 1192 499 1245 ὲν
526 1185 607 1255 οἷς
631 1193 934 1262 ἐμφέρεται
957 1209 969 1222 °
1002 1193 1060 1246 ἐν
1103 1212 1215 1248 τισι
1242 1196 1350 1249 τῶν
1393 1198 1608 1251 σεπτῶν
1637 1199 1864 1252 είκόνων

294 1282 528 1350 γραφαῖς
561 1281 734 1348 ἀμνὸς
763 1282 1015 1353 δακτύλῳ
1042 1285 1136 1337 τοῦ
1165 1285 1475 1357 προδρόμου
1512 1289 1865 1359 δεικνύμενος

292 1370 702 1440 ἐγχαράττεται,
732 1372 791 1436 ὂς
816 1376 894 1436 είς
929 1375 1098 1427 τύπον
1127 1377 1453 1447 παρελήφθη
1484 1379 1584 1448 τῆς
1618 1382 1865 1451 χάριτος,

291 1465 376 1516 τὸν
420 1462 676 1532 ἀληθινὸν
719 1464 850 1533 ἡμῖν
896 1465 988 1519 διά
1027 1467 1195 1536 νόμου
1226 1472 1664 1540 προῦποφαίνων
1692 1475 1865 1541 ἀμνὸν

291 1555 517 1624 Χριστὸν
544 1555 635 1609 τὸν
666 1555 802 1609 Θεὸν
836 1558 1013 1628 ἡμῶν.
1045 1561 1183 1622 Τοὺς
1209 1558 1302 1615 οῦν
1350 1562 1621 1627 παλαιοὺς
1655 1563 1863 1629 τὺπους

292 1648 379 1701 καὶ
405 1647 504 1711 τὰς
533 1650 712 1712 σκιάς.
741 1650 817 1710 ὡς
843 1651 942 1720 τῆς
970 1652 1231 1722 ἀληθείας
1255 1654 1505 1723 σὺμϐολά
1522 1672 1580 1707 τε
1611 1657 1704 1709 καὶ
1731 1674 1865 1726 προ-

1978 531 2285 591 vuluntatcs
2334 544 2391 591 et
2422 539 2775 608 Operationes
2808 541 2926 612 ejus
2977 543 3034 598 iu
3083 555 3315 623 utraque
3356 560 3555 607 natura

1978 625 2209 691 credidi,
2265 628 2505 685 humana
2560 632 2770 689 scilicet
2813 647 2869 689 et
2910 635 3094 692 divina
3168 639 3555 712 Submittoque

1975 716 2311 773 anathemati
2364 719 2569 793 Cyrum
2604 731 2658 778 et
2730 723 3001 798 Sergium,
3052 728 3377 797 Honorium,
3420 732 3554 805 Pyr-

1975 810 2157 877 rhum,
2184 808 2439 880 Paulum,
2491 825 2565 870 et‘
2595 831 2788 873 omnes
2848 831 3260 880 consectatores
3306 840 3495 880 eorum
3533 845 3548 895 ;

1968 902 2161 973 dogma
2191 921 2407 975 quoque
2452 908 2717 978 ipsorum,
2758 918 2817 965 ut
2859 910 3252 969 Sodomiticam
3278 917 3467 983 vitem,
3496 929 3551 973 et

1971 995 2435 1055 Gonmrrhitieam
2488 1003 2863 1073 propaginem,
2912 1006 3299 1064 amaritudinis
3328 1009 3550 1081 botryo-

1970 1104 2092 1142 nem
2139 1089 2422 1157 habentes,
2482 1094 2649 1148 odivi.
2704 1094 2881 1165 Ipsius
2929 1106 3109 1151 autem
3149 1108 3351 1153 sancta:
3386 1112 3551 1157 sextae

1966 1184 2160 1253 synodi
2189 1200 2313 1239 cum
2361 1186 2617 1241 omnibus
2661 1187 3030 1258 dogmatibus,
3065 1205 3187 1260 qum
3216 1191 3461 1261 legaliter
3486 1208 3551 1249 ac

1965 1277 2229 1332 divinitus
2252 1278 2319 1332 ab
2341 1294 2402 1333 ea
2439 1279 2780 1351 promulgata
2819 1291 2966 1347 sunt,
3000 1285 3165 1337 etiam
3198 1283 3550 1354 depromptos

1966 1384 2207 1425 canones
2240 1370 2463 1441 recipio,
2495 1370 2546 1425 in
2580 1374 2780 1442 quibus
2809 1375 3043 1430 refertur
3076 1394 3089 1430 :
3126 1379 3183 1432 In
3217 1380 3548 1448 quibusdam

1968 1461 2359 1516 venerabilium
2396 1464 2694 1533 imaginum
2734 1466 2964 1535 picturis
2999 1484 3171 1539 agnus
3210 1472 3384 1541 digito
3415 1489 3552 1542 prre-

1966 1552 2211 1607 cursoris
2243 1563 2504 1608 exaratur
2530 1566 2812 1623 ostensus,
2850 1558 3021 1628 quiin
3057 1561 3228 1630 ﬁgura
3270 1566 3553 1631 prmeessit

1968 1642 2175 1711 gratiae,
2197 1660 2384 1700 verum
2416 1647 2568 1702 nobis
2596 1666 2690 1716 per
2718 1651 2890 1719 legem
2912 1653 3296 1710 demonstrans
3324 1670 3551 1725 agnum,

291 1740 635 1809 χαράγματα,
668 1745 732 1811 τῇ
761 1742 1060 1816 Ἐκκλησία
1082 1746 1557 1817 παραδεδομένους
1583 1765 1865 1801 κατασπα-

1969 1737 2247 1795 Christum
2281 1742 2531 1799 videlicet
2557 1744 2845 1800 Dominum
2873 1756 3145 1803 nostrum.
3173 1749 3397 1806 Veteres
3424 1766 3554 1823 ergo

290 1832 521 1901 ζόμενοι,
552 1834 652 1905 τὴν
686 1835 846 1906 χάριν
893 1838 1260 1907 προτιμῶμεν
1310 1840 1408 1893 καὶ
1438 1841 1540 1910 τὴν
1582 1842 1869 1912 ἀλήθειαν,

289 1924 360 1987 ὡς
394 1924 666 1995 πλήρωμα
694 1927 865 1996 νόμου
889 1929 1095 1996 ταύτην
1117 1930 1538 2001 ὑποδεξάμενοι·
1570 1934 1646 1997 ὡς
1682 1935 1750 1987 ἂν
1773 1931 1869 1988 οὑν

287 2017 345 2070 τὸ
375 2016 580 2071 τέλειον
609 2018 704 2071 καὶ
732 2018 791 2071 ὲν
824 2022 944 2082 ταῖς
978 2024 1464 2092 χρωματουργίαις
1491 2026 1549 2077 ἐν
1587 2026 1704 2088 ταῖς
1730 2026 1868 2079 πάν-

287 2126 387 2163 των
414 2110 605 2180 ὄψεσιν
623 2111 1033 2182 ὑπογράιρηται,
1057 2114 1149 2166 τὸν
1172 2114 1265 2167 τοῦ
1293 2116 1540 2185 αἴροντος
1566 2118 1664 2187 τὴν
1688 2118 1869 2189 ἀμαρ-

285 2204 404 2255 τίαν
430 2202 525 2257 τοῦ
554 2205 762 2275 κόσμου
786 2204 960 2274 ἀμνοῦ
991 2206 1225 2275 Χριστοῦ
1255 2208 1349 2260 τοῦ
1376 2209 1514 2263 Θεοῦ
1544 2211 1702 2280 ἡμῶν
1729 2211 1869 2265 κατὰ

286 2296 374 2347 τὸν
414 2294 763 2367 ἀνθρώπινον
809 2297 1137 2367 χαρακτῆρα
1160 2299 1253 2351 καὶ
1282 2301 1337 2351 ἐν
1364 2302 1485 2362 ταῖς
1525 2301 1730 2354 εἰκόσιν
1760 2303 1868 2355 ἀπὸ

286 2387 377 2440 τοῦ
408 2387 510 2441 νῦν
543 2389 663 2441 ἀντὶ
694 2389 785 2442 τοῦ
826 2390 1060 2444 παλαιοῦ
1096 2392 1270 2461 ἀμνοῦ
1296 2393 1728 2462 ἀναστηλοῦσθαι
1754 2395 1869 2465 ὁρί-

284 2482 483 2548 ζομεψ
526 2481 595 2534 δι’
625 2482 789 2535 αὑτοῦ
819 2482 879 2534 τὸ
908 2483 1005 2553 τῆς
1034 2483 1418 2547 ταπεινώσεως
1446 2483 1576 2553 ὕψος
1608 2484 1702 2539 τοῦ
1731 2484 1864 2539 Θεοῦ

282 2570 445 2633 λόγου
480 2572 893 2635 κατανοοῦντες,
937 2574 1030 2626 καὶ
1062 2575 1199 2645 πρὸς
1233 2576 1454 2645 μνήμην
1486 2577 1583 2645 τῆς
1612 2578 1671 2628 ἐν
1702 2577 1867 2646 σαρκὶ

281 2664 582 2729 πολιτείας,
617 2664 711 2719 τοῦ
750 2684 809 2719 τε
843 2668 1051 2730 πάθους
1097 2667 1263 2721 αὑτοῦ
1304 2668 1398 2721 καὶ
1451 2667 1547 2721 τοῦ
1598 2670 1864 2739 σωτηρίου

281 2759 517 2813 θανάτου
556 2760 1083 2831 χειραγωγούμενοι,
1120 2760 1216 2814 καὶ
1262 2762 1359 2832 τῆς
1410 2762 1662 2815 ἐντεῦθεν
1714 2780 1867 2831 γενο-

282 2852 460 2921 μένης
513 2850 592 2922 τῷ
638 2852 830 2922 κόσμῳ
878 2851 1335 2922 ἀπολυτρώσεως.
1385 2853 1465 2905 Τά
1517 2854 1573 2906 δὲ
1632 2856 1866 2925 περιττὰ

279 2942 642 3013 θρυλλήματά
673 2960 733 2996 τε
768 2942 861 2996 καὶ
898 2942 1313 3014 βατταρίσματα
1336 2944 1472 3015 μετὰ
1501 2944 1672 2997 ταῦτα
1706 2944 1867 2998 ἀϐού-

277 3035 386 3096 λως
421 3036 832 3105 ὲκφωνηθέντα,
879 3036 954 3099 ὡς
1005 3036 1137 3107 παρ’
1164 3036 1292 3104 ὑμίν
1357 3036 1430 3106 μὴ
1475 3037 1861 3106 ἀποδεχθέντα,

281 3128 423 3198 μηδὲ
470 3127 613 3182 κατὰ
658 3128 811 3182 θείαν
852 3130 1014 3199 χάριν
1062 3128 1391 3196 λαληθέντα,
1421 3130 1657 3182 ἀϐέϐαια
1701 3130 1866 3199 ἠγοῦ-

280 3238 397 3290 μαι.
458 3221 566 3273 Καὶ
604 3220 817 3290 χαίρειν
865 3218 1078 3283 τούτοις
1122 3220 1390 3281 εἰπόντες,
1450 3222 1546 3273 καὶ
1622 3220 1865 3274 ἐκποδὼν

278 3314 667 3385 ποιησάμενοι,
714 3312 1130 3382 διαξωννὺμεθα
1164 3313 1265 3375 τὰς
1319 3311 1528 3380 ὀσφύας
1570 3313 1727 3382 ἡμῶν
1768 3314 1865 3381 τῆς

274 3405 520 3468 διανοὶας
549 3407 608 3459 ἐν
639 3403 891 3475 ἀληθείᾳ,
924 3405 1019 3456 καὶ
1051 3403 1447 3473 διανιστάμεθα
1492 3403 1611 3475 ἅμα
1643 3407 1754 3467 τοῖς
1777 3405 1866 3457 εῦ-

277 3498 465 3551 σεϐἑσι
498 3498 806 3568 προμάχοις
851 3498 949 3566 τῆς
979 3495 1244 3565 ἀληθείας
1291 3498 1504 3559 πιστοῖς
1554 3496 1865 3567 βασιλεῦσιν

274 3588 441 3660 ἡμῶν
495 3590 632 3659 πρὸς
679 3589 874 3642 ἕνωσιν
902 3588 1001 3653 τῆς
1031 3588 1192 3656 ἀγίας
1240 3587 1334 3641 τοῦ
1385 3587 1520 3641 Θεοῦ
1570 3589 1864 3659 καθολικῆς

285 3682 660 3752 Ἐκκλησίαςο
696 3682 791 3745 οὓς
844 3682 941 3735 καὶ
976 3680 1197 3735 σύνοδον
1251 3681 1505 3749 γενέσθαι
1554 3684 1868 3750 οίκουμενι-

274 3776 386 3844 κὴν
421 3774 745 3844 ᾐτησάμεθα
794 3773 890 3825 ἐπὶ
944 3773 1220 3842 παρουσίᾳ
1252 3773 1455 3835 παντὸς
1494 3772 1588 3825 τοῦ
1620 3771 1867 3843 φιλοχρί-

278 3883 413 3920 στου
452 3864 633 3918 αὑτῶν
677 3864 809 3918 λαοῦ
831 3881 844 3897 ’
882 3865 975 3917 καὶ
1005 3867 1071 3934 τῇ
1098 3863 1344 3935 ἡμετέρᾳ
1376 3866 1591 3933 αίτήσει
1623 3864 1867 3928 εὐσεϐῶς

277 3958 616 4012 ιπένευσανο
644 3957 767 4011 ὃθεν
812 3957 956 4028 ὑμᾶς
1006 3957 1135 4020 τοὺς
1174 3975 1192 4007 ι
1217 3955 1743 4027 ὲποικοδομηθέντας
1774 3958 1866 4011 ἐπὶ

277 4048 357 4119 τῷ
392 4048 628 4119 θεμελίῳ
677 4047 788 4100 τῶν
838 4048 1158 4102 ἀποστόλων
1197 4048 1295 4099 καὶ
1340 4048 1661 4117 προφητῶν,
1713 4048 1866 4111 ὄντος

276 4140 683 4209 ἀκρογωνιαίου
742 4138 912 4192 αὑτοῦ
955 4136 1133 4208 Ἰησοῦ
1195 4136 1506 4205 Χριστοῦ,›
1565 4138 1748 4202 καθὼς
1809 4140 1867 4194 ἐν

277 4234 397 4294 τοῖς
440 4230 677 4300 πρόσθεν
723 4232 958 4302 εἴρηται,
1014 4229 1337 4300 συμμάχους
1387 4230 1483 4283 καὶ
1534 4230 1867 4295 συνοπαδοὺς

280 4326 378 4378 καὶ
416 4323 791 4385 συνασπιστάς
834 4323 1145 4393 λαϐόμενοι,
1179 4341 1196 4374 ι
1230 4323 1561 4392 πεποίθησιν
1606 4325 1866 4394 τοιαύτην

1973 1833 2175 1907 liguras
2211 1842 2265 1887 et
2296 1832 2538 1899 umbras,
2574 1844 2760 1904 utpote
2790 1837 3036 1891 veritatis
3060 1838 3297 1903 indicia,
3322 1840 3384 1893 'et
3414 1856 3555 1909 prae-

1971 1924 2226 1980 cedentes
2277 1926 2625 1981 characteres
2679 1928 2932 1983 Ecclesia:
2968 1929 3198 1985 traditos
3225 1935 3551 2001 salutantes,

1972 2014 2200 2083 gratiam
2254 2014 2461 2070 honore
2507 2016 2848 2085 prtel'erimus
2893 2027 2947 2071 et
2980 2020 3287 2084 veritatem,
3324 2019 3462 2075 hanc
3493 2026 3553 2075 ut

1973 2104 2109 2170 legis
2153 2106 2543 2175 plenitudinem
2595 2108 2969 2164 admittentes.
3007 2108 3074 2164 Ut
3110 2124 3242 2177 ergo
3277 2109 3544 2180 perfectio

1969 2198 2133 2252 etiam
2171 2215 2266 2269 per
2300 2198 2544 2254 colorum
2571 2204 2917 2269 operationes
2953 2202 3006 2255 in
3039 2203 3283 2256 omnium
3311 2205 3550 2260 vultibus

1970 2290 2313 2359 depingatur,
2365 2291 2739 2346 characterem
2784 2292 2923 2361 Agni
2967 2292 3061 2347 Dei
3115 2295 3285 2348 nostri
3319 2294 3548 2359 Christi,

1971 2385 2062 2454 qui
2115 2384 2255 2440 tollit
2280 2395 2499 2454 peccata
2539 2387 2750 2451 mundi,
2798 2387 3097 2441 secundum
3150 2389 3549 2444 humanitatem

1970 2479 2133 2531 etiam
2174 2478 2228 2530 in
2274 2478 2448 2533 icouis
2487 2494 2554 2533 ex
2598 2478 2702 2534 hoc
2737 2496 2834 2549 pro
2876 2482 3041 2534 veteri
3077 2498 3217 2551 agno
3258 2481 3551 2539 deﬁnimus

1969 2568 2222 2639 depiugi:
2257 2585 2353 2639 per
2382 2585 2506 2625 eum
2536 2571 2787 2627 videlicet
2825 2571 3198 2628 celsitudinem
3228 2573 3551 2629 humilitatis

1970 2661 2065 2716 Dei
2097 2661 2256 2718 Verbi
2286 2664 2721 2728 considerantes,
2754 2674 2806 2719 et
2845 2665 2911 2719 ad
2950 2667 3268 2719 memoriam
3307 2682 3548 2722 conver-

1970 2757 2201 2811 sationis
2232 2774 2395 2827 quant
2440 2758 2491 2811 in
2529 2774 2694 2811 carne
2728 2759 2920 2828 gessit,
2950 2758 3221 2827 passionis
3239 2774 3460 2828 quoque
3485 2776 3551 2815 ac

1968 2851 2225 2905 salutaris
2259 2851 2450 2905 mortis
2500 2851 2620 2919 ejus
2659 2850 2903 2918 adducti,
2944 2860 3107 2919 atque
3156 2850 3548 2920 redemptionis

1969 2958 2091 3011 qua!
2134 2942 2260 2997 hinc
2283 2951 2367 2997 est
2404 2945 2611 2997 mundo
2634 2943 2845 2997 ell‘ecta.
2894 2941 3210 3012 Superlluas
3244 2953 3422 2998 autem
3464 2956 3552 2998 tu-

1969 3037 2362 3093 multuationes
2410 3046 2464 3092 et
2512 3038 2863 3108 garrulitates
2910 3047 3031 3107 post
3066 3036 3181 3093 lucc
3242 3038 3551 3094 inconsulte

1970 3127 2364 3197 promulgatas,
2408 3136 2467 3181 ut
2498 3126 2639 3194 apud
2668 3142 2769 3180 vos
2803 3126 3030 3180 minime
3060 3134 3323 3195 receptas,
3373 3142 3550 3195 neque

1969 3236 2065 3287 per
2107 3220 2346 3274 divinam
2401 3221 2632 3287 gratiam
2681 3220 2882 3283 dictas,
2925 3219 3113 3274 irritas
3162 3218 3545 3273 :estimamus:

1965 3322 2018 3366 et
2056 3328 2154 3366 ave
2209 3312 2330 3367 istis
2374 3314 2641 3379 dicentes,
2682 3310 3014 3383 fugacesque
3047 3311 3265 3374 facturi,
3305 3311 3549 3381 accingi-

1967 3420 2088 3460 mus
2123 3406 2337 3460 lumbos
2380 3406 2579 3459 mentis
2606 3413 2809 3459 nostra}
2840 3405 2893 3458 in
2945 3406 3192 3465 veritate,
3227 3414 3276 3458 et
3311 3403 3550 3459 suscita-

1967 3515 2089 3552 ntur
2111 3513 2216 3552 una
2241 3515 2364 3553 cum
2397 3499 2501 3565 piis
2518 3508 2570 3552 et
2593 3498 2846 3552 ﬁdelibus
2869 3498 3294 3566 imperatoribus
3319 3498 3545 3561 nostris,

1966 3591 2465 3662 propugnatorilnts
2532 3590 2787 3646 videlicet
2850 3591 3116 3655 veritatis,
3166 3590 3231 3643 ad
3284 3589 3545 3643 unitatem

1967 3694 2170 3737 saneta:
2195 3684 2286 3737 Dei
2320 3683 2574 3739 Ecclesia:
2603 3703 2616 3738 :
2653 3701 2683 3738 a
2709 3684 2910 3753 quibus
2936 3696 2989 3736 et
3017 3683 3286 3755 synodum
3326 3683 3550 3735 univer-

1967 3776 2134 3829 salem
2164 3775 2457 3845 petivimus
2477 3776 2529 3829 in
2553 3775 2842 3844 praesentia
2860 3775 3026 3830 totius
3048 3790 3239 3830 eorum
3268 3774 3381 3828 Deo
3400 3790 3547 3828 ama-

1969 3869 2093 3923 bilis
2116 3869 2319 3939 populi,
2348 3877 2401 3923 et
2424 3870 2778 3939 postulationi
2833 3878 3035 3923 nostra:
3088 3868 3173 3937 pie
3206 3874 3542 3921 annueruut.

1968 3959 2123 4015 Unde
2153 3976 2247 4015 ves
2262 3961 2352 4029 qui
2379 3978 2397 4011 ι
2424 3960 2837 4029 supet‘aadilicati
2862 3959 2993 4013 estis
3031 3973 3195 4026 super
3217 3957 3545 4010 fundamen-

1969 4064 2082 4108 tum
2122 4054 2495 4123 apostolorum
2532 4063 2585 4106 et
2619 4053 3032 4123 prephetarum,
3076 4050 3254 4117 ipsum
3291 4047 3547 4102 videlicet

1967 4159 2242 4199 summum
2265 4152 2319 4198 et
2340 4143 2656 4214 angularem
2683 4142 2915 4210 lapidem
2937 4141 3216 4195 Christum
3239 4137 3544 4203 Jesum",|

1978 4236 2440 4305 quemadmodum
2479 4236 2530 4289 in
2567 4235 2997 4304 praecedentibus
3045 4233 3260 4287 dictum
3276 4241 3379 4294 est,
3414 4247 3548 4295 con-

1970 4338 2273 4385 certatores
2295 4338 2348 4383 et
2370 4337 2780 4384 consectatores
2811 4342 2876 4382 ac
2899 4326 3263 4381 auxiliatores
3315 4340 3545 4379 sumen-

277 4417 481 4487 ἔχομεν
534 4416 634 4488 τὴν
683 4416 820 4487 πρὸς
863 4417 1031 4469 Θεὸν
1067 4416 1165 4484 οὑχ
1211 4416 1296 4468 ὃτι
1346 4416 1522 4468 ἱκανοί
1567 4417 1736 4485 ἐσμεν
1771 4417 1865 4486 ἀφ’

1974 4429 2075 4487 tes,
2101 4420 2540 4476 «Conﬁdentiant
2595 4420 2755 4474 talem
2806 4418 3070 4473 habemus
3110 4418 3177 4471 ad
3217 4416 3545 4469 Dominum:

279 4509 494 4564 ἑαυτῶν
525 4509 846 4577 λογίσασθαί
866 4527 917 4562 τι
942 4508 1017 4571 ὡς
1048 4508 1113 4574 ἐξ
1134 4506 1363 4569 ἑαυτῶν,
1393 4507 1509 4559 ἀλλ’
1540 4509 1573 4578 η
1616 4509 1865 4574 ἱκανότης

1969 4531 2073 4569 non
2097 4514 2241 4583 quod
2264 4514 2595 4569 sullicientes
2624 4528 2816 4568 sumus
2830 4512 3071 4582 cogitare
3096 4510 3300 4579 aliquid
3321 4526 3349 4563 a
3367 4509 3555 4572 nobis,

278 4606 310 4672 ἡ
322 4602 445 4672 μῶν
475 4602 544 4655 ὲκ
568 4602 662 4656 τοῦ
696 4602 833 4656 Θεοῦ
860 4605 1026 4658 ἐστιν.
1058 4625 1074 4655 ι
1110 4606 1235 4659 Ὂτι
1266 4608 1335 4661 τὰ
1365 4607 1702 4679 διερρωγότα
1731 4608 1865 4679 μέλη

1969 4606 2126 4676 quasi
2166 4622 2196 4660 ιι
2220 4607 2397 4669 nobis,
2418 4606 2509 4659 sed
2537 4604 2857 4660 sufﬁcientia
2880 4614 3068 4659 nostra
3085 4619 3150 4657 ex
3177 4601 3285 4657 Deo
3328 4605 3485 4668 est';
3524 4623 3543 4654 ι

280 4695 377 4746 καὶ
398 4693 799 4764 ἀποσχισθέντα
816 4696 893 4759 είς
908 4694 965 4746 ἒν
980 4695 1138 4766 σῶμα
1164 4699 1752 4769 συναρμολογούμενον
1775 4702 1865 4755 καὶ

1969 4698 2094 4767 quia
2128 4697 2374 4765 disrupta
2407 4697 2653 4751 membra
2699 4704 2755 4751 et
2790 4694 3022 4750 discissa
3050 4695 3103 4748 in
3143 4709 3313 4748 unum
3348 4709 3558 4763 corpus

279 4785 759 4856 συςλόιϐαζόμενον
781 4789 879 4858 τὴν
908 4787 1139 4859 αὔξησιν
1171 4792 1484 4861 ποιήσεται,
1508 4792 1567 4845 ἐν
1591 4786 1673 4856 οἷς
1697 4810 1865 4860 κεφα·

1969 4796 2310 4858 compactum
2342 4793 2396 4841 et
2418 4801 2727 4842 connexum
2765 4801 3014 4842 crescere
3042 4785 3228 4849 faciet,
3254 4786 3306 4839 in
3341 4787 3549 4854 quibus

278 4879 345 4951 λη
369 4880 519 4932 ἐστιν
542 4881 570 4932 ὁ
598 4881 857 4952 Χριστός.
888 4882 999 4934 Καὶ
1024 4884 1224 4954 μηκέτι
1265 4884 1350 4954 εἴη
1377 4884 1865 4957 διεσκορπισμένα.

1969 4877 2515 4949 caputestChristus,
2545 4887 2598 4932 et
2628 4879 2772 4932 ultra
2793 4878 2905 4947 jam
2932 4893 3042 4933 non
3073 4888 3237 4932 erunt
3272 4879 3545 4947 dispersa.

353 4973 468 5027 Καὶ
514 4972 700 5027 λοιπον
766 4974 1026 5047 αίτοῦμαι
1080 4977 1180 5047 τὴν
1236 4977 1513 5048 ὑμετέραν
1582 4978 1865 5051 ἀγιότητα,

2038 4972 2115 5025 De
2152 4981 2346 5026 επιειό
2390 4986 2649 5041 rogamus
2684 4970 3027 5024 sanctitatem
3072 4980 3333 5031 vestram,
3372 4984 3548 5039 usque

278 5065 388 5127 Eax;
419 5064 530 5118 τῶν
557 5065 655 5119 δύο
682 5069 1077 5139 τοποτηρητῶν
1117 5070 1437 5125 ἀποστεῖλαι
1474 5071 1616 5142 μετά
1675 5072 1870 5145 θεηγό-

284 5171 381 5221 ρον
410 5155 768 5225 γραμματίου
799 5157 973 5228 ὑμῶν,
1004 5159 1098 5212 καὶ
1134 5161 1188 5213 ετ
1215 5159 1268 5211 τί
1310 5161 1457 5214 ἐστιν
1504 5162 1633 5229 ὑμῖν
1676 5164 1742 5216 ὲκ
1770 5163 1865 5217 τοῦ

282 5247 420 5300 Θεοῦ
451 5248 811 5318 ἐνηχοὺμενον
840 5253 969 5322 περὶ
994 5252 1094 5322 τῆς
1118 5252 1429 5318 ὑποθέσεως
1448 5255 1673 5324 ταύτης,
1709 5274 1868 5325 φανε-

286 5340 498 5408 ρώσατε
533 5344 691 5412 ἡμῖν·
740 5343 816 5408 ὡς
866 5345 1186 5413 ὀφειλόντων
1215 5349 1307 5401 καὶ
1339 5346 1448 5401 τῶν
1476 5351 1865 5421 τοποτηρητῶν

285 5434 465 5500 ὑμῶν,
517 5436 611 5488 καὶ
660 5434 770 5488 τῶν
823 5438 1167 5507 γραμμάτων
1220 5440 1374 5509 ὑμῶν
1427 5441 1718 5506 συνοδικῶς
1771 5443 1865 5496 ἐπὶ

285 5525 446 5587 πᾶσι,
473 5526 584 5578 τῶν
613 5528 713 5597 μὲν
742 5527 997 5598 λαλῆσαι,
1024 5532 1131 5582 τῶν
1162 5530 1218 5583 δὲ
1245 5532 1682 5605 ἀναγνωσθῆναι,
1714 5537 1863 5603 ὅπως

285 5614 483 5686 διωθῇ,
523 5618 591 5672 τὰ
640 5619 1014 5691 διεσχισμένα.
1060 5622 1201 5675 Αὐτὸ
1229 5624 1338 5694 γὰρ
1376 5625 1535 5680 τοῦτο
1585 5629 1677 5681 καὶ
1709 5629 1861 5701 παρά

357 5771 406 5804 ’³
434 5770 633 5844 Ephcs.
670 5790 729 5840 ιι,
752 5772 845 5829 20.
925 5774 968 5806 ⁷⁸
998 5772 1042 5829 ll
1073 5774 1199 5832 Cor.
1242 5792 1325 5845 ιιι,
1357 5777 1411 5847 4,
1446 5780 1499 5834 5.

1968 5063 2033 5119 ad
2066 5066 2204 5119 duos
2239 5061 2519 5137 [vicarios]
2556 5063 2657 5117 loci
2690 5073 2997 5118 servatores
3027 5063 3242 5116 mittere
3274 5077 3398 5116 cum
3431 5063 3550 5115 dei-

1966 5157 2128 5226 loqua
2158 5156 2389 5226 epistola
2430 5172 2550 5223 sua,
2587 5165 2640 5209 et
2670 5154 2935 5225 quidquid
2962 5155 3065 5209 sibi
3095 5153 3548 5208 fueritdivinitus

1966 5264 2129 5319 super
2166 5249 2269 5303 hoc
2302 5250 2520 5319 negotio
2571 5250 2893 5321 revelatum,
2926 5248 3086 5301 nobis
3139 5247 3319 5300 facere
3370 5247 3547 5299 niani-
3588 5304 3595 5321 γ

1971 5340 2171 5397 festum
2208 5361 2225 5409 ;
2282 5354 2341 5397 ut
2389 5346 2689 5400 secundum
2726 5347 2869 5413 quod
2892 5343 3132 5399 debitum
3158 5350 3262 5407 est,
3298 5351 3405 5395 tam
3443 5340 3547 5395 loci

1970 5446 2296 5502 servatores,
2334 5454 2500 5509 quam
2558 5439 2753 5494 litterae
2798 5449 2995 5495 vestra:
3029 5438 3307 5508 synodica:
3334 5436 3450 5490 sive
3476 5437 3542 5490 ad

1972 5530 2459 5601 loquendum,sive
2474 5533 2540 5589 ad
2574 5530 2862 5603 legendum
2894 5531 2947 5586 in
2972 5530 3231 5585 omnibus
3261 5528 3549 5583 invenian-

1971 5640 2078 5699 tur,
2124 5638 2394 5701 quatenus
2449 5642 2545 5697 per
2594 5625 2699 5682 hoc
2720 5640 2842 5697 quae
2869 5624 3043 5681 scissa
3066 5630 3216 5689 sunt,
3245 5620 3541 5677 uniantur:
