4088 6502
553 294 689 360 H67

1610 290 1671 351 S.
1698 287 2008 351 TABASII
2057 286 2562 348 PA'I’hlARCH/E
2614 287 2703 348 (ΖΡ

3680 288 3841 352 μσς

550 408 787 477 idipsum
846 404 993 460 enim
1027 413 1082 459 et
1110 419 1139 459 a
1170 401 1403 474 praesule
1448 400 1684 457 senioris
1736 399 1923 454 Romae
1952 396 2133 467 petivi-

2236 396 2331 450 τοῦ
2362 399 2628 472 προέδρου
2656 399 2755 469 τῆς
2784 397 3162 470 πρεσϐυτερας
3212 396 3434 470 Ῥώμης
3456 398 3795 471 ᾐτησάμεθα
3820 416 3838 430 ⁸

552 517 680 555 tnns
704 517 718 555 :
743 508 798 553 et
828 513 960 567 rogo
982 512 1078 550 vos
1108 496 1364 562 fraterne,
1386 494 1737 565 apostolicam
1770 491 1926 545 vobis
1948 503 2134 542 vocem

550 590 939 665 pronuntians,
993 600 1254 659 tanquam
1310 586 1422 642 Deo
1471 586 1799 640 exhortante
1847 598 1943 652 per
1986 596 2133 646 nos;

551 684 737 738 omnii
780 690 1194 751 perscrutantes
1228 680 1530 734 secundum
1563 676 1855 731 consilium
1887 682 2133 728 vestrum

549 775 696 844 quod
736 774 789 828 in
833 773 945 827 Deo
995 773 1280 838 patefacitc
1315 770 1495 825 nobis.
1523 768 1801 836 Scriptum
1831 772 1915 821 est
1937 765 2081 818 enim
2120 781 2134 818 :

557 863 724 916 Labia
776 863 1120 916 sacerdotum
1159 860 1452 915 custodient
1514 858 1814 920 scientiam,
1873 866 1923 909 et
1971 853 2143 926 legent

548 955 820 1023 exquirent
847 969 911 1006 ex
941 968 1031 1005 ore
1057 968 1238 1005 eorum
1260 952 1327 1005 ⁷⁷.
1360 948 1504 1003 Certi
1550 950 1695 1003 enim
1725 963 1942 1011 sumus,
1974 946 2124 1016 quod

553 1043 769 1097 semina
809 1041 1059 1097 veritatis
1086 1041 1138 1094 in
1165 1040 1321 1094 vobis
1349 1040 1497 1094 salva
1544 1037 1889 1093 custodiatis.
1943 1037 2048 1090 Sed
2082 1044 2136 1089 et

551 1137 628 1206 pii
680 1136 1044 1205 imperatores
1097 1135 1269 1190 nostri
1302 1145 1356 1188 et
1411 1149 1507 1201 per
1563 1143 1755 1187 cuneta
1817 1130 2136 1185 orthodoxae

553 1228 801 1283 veritatis
826 1228 1135 1281 lirmitatem
1189 1236 1490 1289 sectantur,
1524 1234 1577 1280 et
1608 1224 1838 1278 Domino
1873 1224 1977 1275 Deo
2005 1236 2133 1289 sup-

553 1320 761 1387 plicare
811 1334 918 1373 non
956 1329 1197 1381 cessant,
1254 1317 1559 1373 secundum
1610 1316 1935 1386 Gregorium
1975 1314 2133 1383 quia

553 1412 828 1480 theologia
897 1425 1203 1482 cognomen
1260 1410 1490 1464 sortitus
1541 1418 1669 1474 est;
1715 1416 1776 1461 ut
1835 1405 2136 1460 elliciamur

556 1517 677 1563 nos,
721 1502 815 1568 qui
850 1501 1012 1554 unius
1044 1499 1137 1553 Dei
1169 1498 1511 1560 exsistimus,
1549 1513 1719 1551 unum
1756 1514 1770 1563 ;
1812 1504 1866 1550 et
1909 1495 2002 1563 qui
2038 1510 2133 1547 sn-

555 1609 678 1647 mus
720 1593 1027 1655 Trinitatis.
1071 1593 1207 1647 uniti
1269 1600 1325 1646 et
1361 1592 1576 1646 honore
1611 1604 1768 1658 pares
1797 1598 1964 1658 atque
1998 1603 2135 1641 una-

554 1685 733 1740 nimes
763 1685 816 1737 in
844 1684 1058 1741 cunctis
1086 1683 1434 1740 inveniamur
1467 1700 1483 1749 ;
1519 1694 1572 1736 et
1605 1680 1697 1752 qui
1731 1697 1924 1736 sumus
1957 1679 2131 1734 sancti

2238 489 2332 544 καὶ
2388 489 2695 561 παρακαλῶ
2752 490 2901 562 ὑμᾶς
2950 492 3278 560 ἀδελφικῶς,
3309 492 3408 561 τὴν
3456 493 3843 564 ἀποστολικὴν

2238 584 2369 652 ὑμῖν
2392 583 2906 657 προσφθεγγόμενος
2949 583 3154 655 φωνὴν,
3187 584 3260 647 ὡς
3282 584 3378 638 τοῦ
3404 586 3538 639 Θεοῦ
3565 604 3840 657 παρακα-

2236 674 2455 739 λοῦντος
2479 675 2549 728 δι’
2582 677 2610 728 ὑ
2620 675 2758 746 μῶν,
2785 674 2963 729 πάντα
2994 677 3330 746 ἐρευνῶντες
3356 678 3498 732 κατὰ
3522 679 3611 732 τὸν
3634 680 3840 733 ἔνθεον

2239 768 2441 821 σκοπὸν
2486 769 2663 839 ὑμῶν,
2698 766 3055 839 φανερώσατε
3099 770 3254 840 ἡμῖν.
3306 769 3619 840 Γέγραπται
3672 770 3833 840 γάρ’

2234 860 2417 926 Χείλη
2440 860 2643 927 ἱερέων
2675 860 3014 929 φυλάξεται
3044 858 3295 930 γνῶσιν,
3310 860 3408 913 καὶ
3438 861 3624 929 νόμον
3647 861 3837 932 ἐκξηο

2236 948 2537 1017 τήσουσιν
2557 950 2625 1004 ἐκ
2646 952 2945 1020 στόματος
2965 948 3184 1004 αὐτῶν.
3207 950 3562 1020 Πεπείσμεθα
3588 952 3716 1023 γὰρ.
3733 954 3834 1005 ὅτι

2235 1041 2304 1095 τὰ
2330 1043 2622 1113 σπέρματα
2646 1043 2745 1112 τῆς
2766 1041 3022 1113 ἀληθείας
3040 1043 3099 1095 ἐν
3123 1041 3338 1104 ἑαυτοῖς
3360 1041 3672 1104 διασώζετε.
3702 1045 3837 1097 Καὶ

2234 1135 2284 1186 οἱ
2313 1132 2557 1197 εὐσεϐεῖς
2575 1132 2630 1186 δὲ
2654 1134 2686 1203 ἡ
2695 1133 2813 1203 μῶν
2835 1133 3076 1204 βασιλεῖς
3107 1135 3204 1187 καὶ
3233 1132 3375 1187 κατά
3398 1135 3578 1188 πάντα
3601 1136 3838 1205 ὀρθόδοο

2236 1223 2316 1290 ξοι
2346 1210 2447 1293 τῆς
2472 1224 2733 1294 ἀληθείας
2765 1224 3062 1295 βεϐαίωσιν
3091 1225 3455 1292 ἐπισπῶνται,
3480 1226 3570 1279 καὶ
3612 1227 3839 1299 Κύριον

2234 1316 2326 1369 τὸν
2356 1316 2488 1369 Θεὸν
2518 1316 2826 1370 ἱκετεύουσι
2855 1318 2998 1370 κατά
3025 1317 3122 1369 τὸν
3159 1318 3259 1386 τῆς
3292 1317 3572 1389 θεολογίας
3601 1319 3836 1371 ἐπώνυ-

2239 1424 2340 1477 μον
2372 1405 2693 1479 Γρηγόριον,
2731 1407 2821 1460 ἵνα
2860 1405 3147 1478 γενώμεθα
3192 1410 3242 1460 οί
3284 1410 3378 1460 τοῦ
3414 1408 3533 1471 ἐνὸς
3573 1409 3707 1462 Θεοῦ
3733 1409 3835 1471 ἓν,

2236 1496 2332 1548 καὶ
2387 1496 2435 1547 οἱ
2494 1495 2598 1564 τῆς
2655 1495 2911 1566 Τριάδος,
2963 1498 3236 1568 ἡνωμένοι
3293 1500 3389 1552 καὶ
3436 1500 3685 1570 ὁμότιμοι
3724 1503 3841 1556 καὶ

2235 1585 2501 1654 ὁμόψυχοι
2526 1601 2540 1615 ·
2572 1588 2623 1638 οἱ
2666 1586 2759 1639 τοῦ
2794 1588 2950 1655 ἁγίου
2994 1589 3334 1659 Πνεύματος,
3389 1592 3449 1643 οὗ
3501 1593 3620 1644 κατ’
3660 1594 3836 1664 nar;-

2235 1676 2365 1740 λων,
2400 1677 2538 1731 ἀλλὰ
2570 1680 2670 1733 σὺν
2702 1678 2989 1750 ἀλλήλοις’
3018 1681 3070 1733 οί
3123 1683 3225 1752 τῆς
3279 1682 3540 1752 ἀληθείας
3585 1686 3644 1737 τὸ
3686 1688 3841 1741 αὐτὸ

556 1774 816 1843 Spiritus,
844 1791 949 1830 non
981 1784 1172 1829 contra
1207 1774 1462 1836 invicem,
1498 1775 1591 1827 sed
1629 1786 1727 1841 pro
1769 1771 2000 1845 invicem
2061 1770 2133 1824 si—

2241 1769 2567 1839 φρονοῦντες
2596 1771 2693 1823 καὶ
2724 1770 2998 1839 λέγοντες,
3037 1774 3132 1826 καὶ
3163 1775 3237 1843 μὴ
3277 1776 3360 1846 εἴη
3388 1776 3502 1845 ἔρις
3548 1780 3642 1830 καὶ
3668 1778 3837 1849 διχο-

558 1879 679 1916 mus
709 1880 723 1928 ;
753 1874 807 1917 et
836 1866 927 1932 qui
958 1878 1151 1919 smnus
1176 1863 1444 1927 veritatis,
1485 1862 1719 1930 itlipsum
1748 1861 2024 1930 sapientes
2054 1872 2137 1915 at-

538 1969 662 2027 que
686 1954 936 2009 dicentes
987 1956 1367 2023 exhibeamur,
1401 1963 1456 2008 et
1486 1971 1592 2008 non
1624 1954 1696 2009 sit
1751 1954 2026 2007 coxttentio
2049 1952 2132 2005 vel

554 2045 903 2100 dissensioin
938 2045 1096 2101 nobis
1130 2064 1146 2113 ;
1178 2048 1293 2112 sed,
1356 2049 1497 2102 sicut
1538 2047 1806 2100 habemus
1834 2062 2002 2100 unum
2036 2046 2134 2100 ba-

556 2137 776 2205 ptisma,
810 2153 971 2191 unam
1004 2139 1185 2201 ﬁdem,
1220 2139 1291 2192 ita
1317 2148 1371 2192 et
1392 2139 1807 2193 consonantiam
1869 2152 2032 2191 unam
2080 2138 2131 2190 in

554 2226 704 2279 omni
741 2227 1120 2281 ερςιεδίιιειίοο
1156 2228 1394 2297 negotio.
1429 2226 1491 2281 Et
1524 2243 1628 2297 pax
1682 2226 1772 2280 Dei
1809 2242 1931 2297 qua!
1961 2242 2131 2279 exsn~

554 2324 707 2385 perat
759 2332 979 2369 omnem
1017 2332 1263 2382 sensum,
1311 2317 1365 2370 in
1407 2333 1575 2370 unum
1619 2331 1720 2371 nos
1750 2315 2045 2377 conducat,
2078 2322 2133 2369 et

556 2408 729 2461 divisa
786 2408 962 2468 uniat.
1020 2420 1184 2477 atque
1235 2410 1557 2463 diuturnum
1618 2409 1815 2463 vulnus
1866 2415 2044 2470 sanet,
2080 2416 2135 2459 et

554 2500 1077 2554 incolutnitatelidei
1128 2501 1369 2569 integros
1421 2509 1618 2563 servet,
1666 2511 1718 2554 et
1748 2500 1800 2553 in
1838 2516 1964 2554 vera
1995 2516 2131 2553 con-

556 2590 794 2645 fessione
825 2600 988 2659 atque
1018 2590 1313 2645 concordia
1352 2592 1593 2646 stabiliat
1618 2607 1832 2655 omnes,
1870 2594 2133 2661 uniatque

554 2692 799 2734 sanctam
864 2681 1166 2735 Ecclesiam
1222 2691 1480 2747 suant,et
1527 2694 1842 2751 compescat
1868 2684 2129 2738 scandala

552 2789 675 2840 quae
740 2772 1092 2841 super-iacent
1137 2772 1185 2827 ei
1242 2774 1729 2830 intercessimiibus
1790 2775 2132 2831 intemeratae

559 2861 803 2918 Dominae
835 2873 1041 2918 nostra:
1078 2864 1171 2919 Dei
1195 2864 1491 2919 Genitrit-is
1529 2875 1583 2920 et
1633 2866 1879 2920 omnium
1908 2877 2129 2922 sancto-

552 2973 672 3010 rum
712 2957 827 3011 liat.
858 2960 1053 3010 Amen.

620 3043 816 3101 Petrus
868 3054 923 3101 et
955 3046 1150 3101 Petrus
1207 3047 1317 3103 Deo
1373 3050 1636 3106 amabiles
1701 3052 2019 3124 presbyteri,
2073 3065 2128 3110 et

554 3135 729 3189 locum
780 3138 1078 3192 retinentes
1112 3137 1410 3194 beatissimi
1441 3156 1593 3210 papa:
1644 3143 1871 3197 Adriani
1902 3146 2134 3201 senioris

551 3225 770 3293 Rontte,
800 3228 1055 3283 dixerunt
1083 3247 1095 3283 :
1129 3228 1453 3298 Hujusmodi
1492 3234 1700 3289 litteras
1750 3237 2140 3293 sanctissimus

557 3333 697 3387 papa
735 3320 968 3387 recepit,
1002 3330 1056 3373 et
1079 3320 1285 3377 idcirco
1330 3322 1533 3378 direxit
1564 3341 1663 3380 nos
1692 3341 1817 3381 cum
1854 3328 2140 3397 rescriptis

553 3426 679 3479 quae
706 3410 817 3479 jam
846 3410 981 3464 lecta
1012 3421 1164 3465 sunt.

624 3587 860 3642 Joannes
910 3588 1020 3643 Deo
1051 3588 1301 3645 amabilis
1335 3592 1651 3663 presbyter,
1697 3605 1752 3648 et
1792 3596 1969 3656 locum
2009 3599 2141 3651 reti-

558 3696 692 3734 nens
721 3680 1066 3734 orientalium
1092 3684 1399 3754 principum
1431 3686 1802 3752 sacerdotum,
1826 3689 1963 3742 dixit
2000 3706 2014 3739 :
2047 3689 2139 3745 Ha:

556 3772 768 3835 litterze,
800 3782 852 3827 et
908 3777 1078 3841 pietas
1130 3774 1342 3845 imperii
1382 3777 1504 3833 fecit
1553 3796 1652 3835 nos
1685 3782 1869 3836 venire
1904 3783 2045 3839 huc.
2081 3796 2139 3839 et

553 3860 794 3931 etfugere
856 3860 1170 3933 iniquorum
1228 3866 1446 3923 illorum
1492 3868 1747 3927 Ecclesia:
1785 3873 2135 3930 inimicorum

554 3967 774 4005 manus.

626 4130 826 4187 Sancta
866 4134 1107 4204 synodus
1137 4136 1275 4193 dixit
1309 4155 1322 4192 :
1358 4138 1499 4195 Deus
1526 4157 1625 4198 vos
1657 4142 1794 4200 bene
1832 4147 2081 4205 adduxit.

624 4225 1017 4283 Constantinus
1067 4228 1177 4283 Deo
1212 4233 1462 4287 amabilis
1491 4234 1759 4292 diaconus
1795 4248 1850 4291 et
1886 4242 2133 4298 notarius

2239 1861 2439 1914 στασία
2469 1864 2528 1913 ἐν
2577 1863 2747 1931 ἡμῖν·
2789 1862 3119 1933 ἀλλ’ῶσπερ
3170 1865 3370 1936 ἔχομεν
3407 1867 3466 1920 ἓν
3510 1868 3833 1940 βάπτισμα,

2239 1948 2367 2021 μίαν
2396 1950 2601 2015 πίστιν,
2633 1950 2810 2014 οὕτως
2853 1951 2948 2007 καὶ
2976 1957 3301 2023 συμφωνίαν
3344 1958 3477 2027 μίαν
3500 1960 3594 2012 ἐπὶ
3616 1963 3841 2024 παντὸς

2234 2042 2694 2112 ἐκκλησιαστικοῦ
2731 2044 3075 2115 πράγματος.
3108 2048 3217 2100 Καὶ
3254 2049 3285 2119 ἡ
3318 2051 3507 2120 εἰρήνη
3552 2050 3647 2104 τοῦ
3682 2053 3837 2105 Θεοῦ

2233 2134 2266 2203 ἡ
2315 2135 2656 2205 ὑπερέχουσα
2698 2136 2878 2191 πάντα
2908 2138 3055 2202 νοῦν,
3090 2141 3170 2202 είς
3212 2140 3271 2192 ἓν
3316 2142 3616 2209 συναγάγοι
3642 2147 3832 2214 ἡμᾶς,

2234 2225 2329 2279 καὶ
2358 2226 2424 2278 τὰ
2461 2226 2768 2297 διῃρημένα
2804 2228 3053 2289 ἐνώσειε.
3081 2232 3173 2283 καὶ
3201 2231 3263 2284 τὸ
3298 2222 3514 2303 χρόνιον
3556 2235 3714 2299 ἕλκος
3742 2238 3837 2291 ici-

2235 2338 2412 2384 σαιτο,
2468 2324 2563 2375 καὶ
2613 2325 2671 2375 ἐν
2714 2323 2993 2395 εὐρωστίᾳ
3050 2316 3291 2389 πίστεως
3335 2329 3673 2397 ἀκραιφνοῦς
3726 2332 3835 2384 καὶ

2231 2410 2467 2479 ἀληθοῦς
2512 2411 2806 2481 ὁμολογίας
2866 2413 2962 2465 καὶ
3015 2415 3338 2483 συμφωνίας
3380 2416 3651 2485 στηρίξειε
3680 2417 3834 2471 πᾶν.

2231 2520 2351 2567 τας,
2393 2504 2486 2556 καὶ
2521 2504 2852 2576 φρουρήσειε
2902 2504 3001 2574 τὴν
3037 2505 3198 2573 ἁγίαν
3245 2506 3412 2560 αὑτοῦ
3458 2507 3829 2578 Ἐκκλησίαν,

2232 2596 2328 2648 καὶ
2367 2596 2597 2650 παύσειε
2642 2596 2713 2650 τὰ
2758 2598 2883 2651 κατ’
2921 2598 3095 2667 αὐτῆς
3140 2598 3471 2669 ἐπικείμενα
3518 2601 3829 2659 σκάνδαλα.

2232 2687 2554 2758 πρεσϐείαις
2579 2690 2679 2759 τῆς
2714 2689 2985 2760 ἀχράντου
3023 2691 3323 2761 Δεσποίνης
3354 2691 3513 2763 ἡμῶν
3546 2689 3829 2747 Θεοτὸκου

2233 2782 2325 2834 καὶ
2354 2781 2571 2835 πάντων
2597 2781 2708 2835 τῶν
2727 2781 2900 2850 ἁγίων
2924 2782 3157 2851 γένοιτο.
3197 2782 3393 2853 Ἀμήν.

2316 3038 2523 3110 Πέτρος
2554 3040 2648 3093 καὶ
2677 3040 2886 3113 Πέτρος
2914 3043 2966 3095 οἱ
2999 3042 3406 3113 θεοφιλεστατοι
3436 3046 3828 3118 πρεσϐύτεροι,

2245 3132 2343 3187 καὶ
2379 3132 2469 3185 τὸν
2504 3132 2673 3187 τόπον
2727 3136 3017 3206 ἐπέχοντες
3060 3136 3155 3190 τοῦ
3201 3141 3625 3209 μακαριωτάτου
3665 3141 3837 3195 πάπα

2256 3224 2532 3296 Ἀδριανοῦ
2565 3226 2664 3296 τῆς
2692 3227 3067 3298 πρεσϐυτέρας
3108 3229 3350 3301 Ῥώμης,
3386 3226 3541 3284 εἶπον
3577 3248 3592 3262 ·
3628 3230 3836 3286 Τοιαῦ-

2243 3332 2312 3369 τα
2336 3317 2647 3387 γράμματα
2678 3317 2972 3389 δεξάμενος
3017 3322 3113 3374 καὶ
3137 3323 3165 3375 ὁ
3204 3322 3509 3390 ἀγιώτατος
3528 3324 3689 3394 ἡμῶν
3717 3325 3831 3378 πά-

2246 3427 2373 3474 πας,
2393 3409 2586 3462 τούτου
2617 3410 2806 3464 ἕνεκεν
2831 3412 3159 3466 ἀπέστειλεν
3176 3416 3328 3484 ἡμᾶς
3355 3415 3496 3486 μετά
3521 3415 3634 3469 τῶν
3670 3418 3827 3471 ἀντι-

2240 3503 2471 3573 γράφων
2502 3503 2613 3559 τῶν
2639 3504 2740 3574 ἤδη
2763 3505 3253 3573 ἀναγνωσθέντων.

2324 3596 2578 3667 Ἰωάννης
2620 3599 2648 3648 ὁ
2686 3596 3106 3666 θεοφιλέστατος
3145 3600 3543 3671 πρεσϐύτερος.
3596 3604 3694 3656 καὶ
3734 3603 3830 3657 τὸν

2240 3687 2405 3740 τόπον
2453 3680 2668 3759 ἐπέχων
2710 3689 2820 3743 τῶν
2869 3691 3207 3745 ἀνατολικῶν
3253 3695 3580 3765 ἀρχιερέων,
3630 3692 3785 3750 εἶπεν
3809 3714 3824 3726 ο

2240 3777 2429 3833 Ταῦτα
2457 3779 2527 3833 τὰ
2559 3780 2682 3850 ίερά
2709 3780 3041 3851 γράμματα,
3075 3782 3173 3835 καὶ
3202 3783 3232 3853 ή
3265 3783 3522 3836 εὐσέϐεια
3542 3785 3645 3853 τῆς
3675 3784 3827 3854 βασι-

2239 3867 2388 3931 λείας
2423 3867 2835 3939 παρεσκεύασεν
2864 3871 3011 3940 ὴμᾶς
3044 3869 3139 3923 τοῦ
3168 3871 3586 3942 παραγενέσθαι
3630 3875 3827 3928 ἐνταῦς

2238 3960 2328 4027 θα,
2365 3963 2461 4014 καὶ
2502 3962 2788 4031 διαφυγεῖν
2815 3964 2925 4016 τῶν
2965 3964 3301 4035 παρανόμων
3329 3966 3561 4021 ἐκείνων
3594 3969 3691 4021 καὶ
3737 3971 3828 4039 ἐχ-

2237 4054 2382 4125 θρῶν
2408 4058 2511 4126 τῆς
2548 4053 2880 4126 Ἐκκλησίας
2908 4058 3008 4121 τὰς
3037 4062 3250 4130 χεῖρας.

2316 4153 2380 4205 Ἦ
2397 4151 2530 4220 ἁγία
2546 4151 2762 4216 σύνοδος
2784 4147 2959 4206 εἶπεν
2992 4154 3049 4208 '0
3063 4154 3194 4217 Θεὸς
3217 4155 3397 4219 καλῶς
3411 4157 3554 4227 ὑμᾶς
3572 4158 3826 4227 ἤνεγκεν.

2305 4246 2719 4310 Κωνσταντῖνος
2752 4247 2780 4300 ὀ
2810 4245 3227 4316 θεοφιλέστατος
3258 4247 3506 4311 διάκονος
3537 4250 3636 4300 καὶ
3669 4250 3827 4304 vati-

552 4317 691 4371 (lixit
715 4336 726 4366 :
748 4308 877 4373 Praei
898 4321 1153 4375 manibus
1186 4324 1361 4379 habeo
1387 4338 1719 4383 memoratos
1739 4338 2131 4400 quaterniones

2239 4352 2357 4407 ριος
2387 4331 2578 4390 εἶπενο
2624 4308 2751 4391 Ἐπὶ
2798 4308 2990 4409 χεῖρας
3042 4337 3151 4408 ἔχω
3197 4308 3298 4402 τὰς
3350 4308 3827 4410 μνημονευθείσας

552 4412 644 4479 qui
678 4412 830 4465 missi
866 4422 996 4467 sunt
1024 4414 1093 4468 ab
1118 4412 1337 4471 Oriente
1365 4429 1452 4483 ;et
1479 4422 1522 4474 si
1548 4419 1776 4490 jubetis,
1808 4422 2072 4492 legemus.

554 4586 902 4675 Sanctissiiito
934 4612 995 4646 ac
1028 4593 1334 4675 beatissimo
1362 4599 1573 4652 domino
1598 4601 1823 4657 Tarasio
1866 4606 2132 4675 archiepi-

623 4677 779 4743 scopo
819 4662 1365 4743 _Constant_inopoleas
1385 4673 1747 4743 etquniversali
1788 4662 2132 4743 patriarcliw,

625 4730 855 4788 Orientis
893 4737 1085 4789 suumn“
1117 4730 1412 4793 sacerdotes
1440 4741 1496 4794 in
1524 4741 1746 4797 Domino
1777 4730 2025 4804 salutem.

624 4893 1031 4953 Saeratissimis
1049 4908 1103 4953 et
1121 4917 1186 4954 ex
1206 4899 1388 4955 divina
1416 4902 1637 4959 deitatis
1669 4904 2032 4975 inspiratione
2064 4906 2134 4961 li-

548 4987 704 5041 bellis
722 4989 1031 5057 apostolicae
1057 5006 1121 5046 ac
1156 5004 1396 5063 paternae
1423 4996 1730 5051 sanctitatis
1777 5009 1968 5053 vestrm
1994 5015 2133 5062 pra:-

550 5079 785 5142 lectis,o
814 5081 1132 5149 beatissimi,
1178 5101 1277 5140 nos
1321 5086 1637 5155 liumiies,et
1684 5095 1989 5160 eornmqni
2040 5093 2134 5147 dc-

549 5181 751 5225 sertum
802 5172 1041 5230 incolere
1089 5179 1329 5247 gestiunt
1391 5181 1589 5247 ultimi,
1637 5192 1877 5238 tremore
1929 5185 2132 5255 pariter

546 5271 599 5316 et
628 5263 829 5332 gaudio
857 5280 1050 5322 sumus
1082 5269 1312 5323 detenti.
1349 5272 1612 5327 'l‘retnore
1642 5274 1863 5343 quidem
1910 5286 2133 5346 propter

550 5352 800 5410 timorem
849 5374 1043 5413 eorum
1083 5362 1288 5431 quibus
1336 5364 1408 5419 ob
1433 5374 1655 5435 peccata
1707 5376 1892 5422 nostra
1925 5370 2132 5424 servire

547 5446 746 5501 decreti
781 5466 1004 5516 sumus,
1037 5455 1242 5526 quique
1274 5472 1400 5512 vere
1449 5466 1579 5513 sunt
1623 5460 1774 5529 impii
1805 5468 1860 5515 et
1888 5478 1905 5513 ι
1942 5464 1994 5516 in
2023 5460 2132 5517 eir-

546 5535 717 5602 cuitu,
754 5543 1058 5598 secundum
1120 5547 1265 5617 quod
1312 5549 1578 5621 scriptum
1610 5560 1715 5617 est,
1753 5550 1905 5626 impii
1931 5556 2126 5612 ambu-

616 5670 664 5704 "
692 5670 923 5731 Malach.
968 5695 1025 5741 ll,
1050 5685 1104 5747 7.

2236 4429 2499 4498 τετράδας
2536 4432 2638 4495 τὰς
2663 4431 3067 4495 ἀποσταλείσας
3094 4433 3160 4486 ἐκ
3178 4433 3278 4503 τῆς
3294 4432 3616 4503 ’Δνατολῆς,
3653 4436 3749 4488 καὶ
3777 4434 3825 4487 εί

2236 4517 2510 4585 κελεύετε,
2542 4519 2954 4591 ἀναγνώσομαι.

2239 4611 2329 4677 Τῷ
2373 4610 2673 4679 ἁγιωτάτῳ
2723 4612 2822 4666 καί
2879 4614 3307 4681 μακαριωτάτῳ
3354 4616 3545 4683 κυρίῳ
3593 4618 3693 4671 καὶ
3728 4617 3823 4671 δικ

2305 4683 2502 4751 σπότῃ
2543 4683 2813 4749 Ταρασίῳ
2835 4684 3292 4752 ἀρχιεπισκόπῳ
3322 4690 3820 4741 Κωνσταντινου-

2305 4754 2559 4826 ⁸τεόαῖιιεως,
2595 4752 2693 4805 καί
2738 4753 3131 4826 οίκουμενικῷ
3171 4755 3530 4826 πατριάρχῃ,
3594 4762 3649 4813 οἱ
3710 4756 3820 4824 τῆς

2317 4822 2501 4889 Ἐῴας
2526 4823 2821 4891 ἀρχιερεῖς
2850 4822 2921 4877 ἐκ
2948 4826 3142 4892 Κυρίῳ
3169 4822 3422 4893 χαῷεικ.

2303 4915 2429 4977 Τοῖς
2465 4914 2744 4984 πανιέροις
2773 4916 2870 4969 καὶ
2900 4917 2967 4970 ἐκ
2998 4915 3148 4980 θείας
3183 4917 3474 4981 ἐπιπνοίας
3506 4919 3819 4990 ύπαγορευσ

2234 5003 2371 5057 θεῖσι
2396 5004 2661 5069 λιϐέλλοις
2693 5009 2793 5077 τῆς
2818 5007 3093 5078 ὑμετέρας
3123 5008 3553 5078 ἐντετυχηκότες
3580 5012 3819 5067 ἀποστο-

2232 5095 2390 5166 λικῆς
2436 5113 2495 5149 τε
2543 5099 2641 5150 καὶ
2697 5100 2969 5170 πατρικῆς
3010 5098 3322 5168 ἁγιωσύνης
3367 5103 3817 5171 μακαριώτατοι,

2232 5193 2391 5261 ἡμεῖς
2419 5192 2469 5244 οί
2499 5192 2767 5256 ταπεινοὶ,
2824 5193 2919 5245 καὶ⁸
2962 5192 3070 5246 τῶν
3112 5191 3211 5261 τὴν
3254 5193 3465 5262 ἔρημον
3514 5200 3814 5265 παροικεῖν

2232 5285 2535 5353 ἐφιεμένων
2570 5284 2810 5356 ἔσχατοι,
2847 5286 3035 5357 τρόμῳ
3060 5287 3155 5338 καὶ
3192 5288 3339 5358 χαρᾷ
3374 5287 3812 5358 συνεσχέθημεν.

2232 5376 2431 5449 Τρόμῳ
2462 5377 2584 5448 μὲν,
2625 5376 2714 5431 διὰ
2746 5377 2837 5433 τὸν
2865 5378 3029 5447 φόϐον
3062 5379 3172 5432 τῶν
3193 5373 3276 5442 οἷς
3290 5379 3566 5433 δουλεύειν
3598 5380 3689 5433 διὰ
3719 5382 3814 5443 τὰς

2231 5469 2508 5539 ἁμαρτίας
2541 5469 2699 5540 ἡμῶν
2732 5468 3167 5540 κατεκρίθημεν,
3208 5469 3318 5523 τῶν
3365 5469 3542 5532 ὅντως
3573 5470 3809 5533 ἀσεϐῶν,

2232 5560 2326 5615 καὶ
2360 5560 2566 5631 κύκλῳ,
2616 5560 2838 5633 κατὰτὸ
2891 5561 3304 5634 γεγραμμένον,
3337 5562 3808 5630 περιπατούντων,
