4088 6538
219 345 355 413 146]
1106 364 1109 367 ⁷
1344 376 1347 377 ν
1659 343 2067 408 ΕΡΙΒΤΟῙΛΕ.
2286 343 2293 349 ’
3373 344 3508 411 1470

216 454 313 513 καὶ
387 458 695 531 προφάσεις
752 458 875 514 καθ’
911 459 1171 533 ἑκάστην,
1238 478 1312 526 ως
1390 461 1522 528 ἔπος
1598 463 1800 524 εἰπεῖν,

1913 462 2026 517 lant
2062 460 2132 527 ",
2174 479 2192 513 ι
2223 474 2288 515 ac
2322 473 2418 531 per
2454 455 2702 529 singulos
2742 472 2878 527 pene
2907 455 3026 512 dies
3058 458 3379 513 occasiones
3410 477 3508 515 ex-

216 547 433 620 ὴμέραν
466 550 876 622 ἐπιζητούντων
919 552 1014 605 τοῦ
1067 551 1381 608 θανατῶσαι
1418 555 1511 609 καὶ
1540 555 1800 610 ἀπολέσαι

1914 553 2162 625 quirunt,
2207 560 2271 606 ut
2301 568 2401 607 nos
2430 551 2594 605 morti
2627 550 2876 613 tradant,
2907 560 2962 604 et
2993 550 3221 621 perdant
3255 592 3270 617 ,
3306 552 3512 621 gaudio

214 642 361 712 ἡμᾶς
382 658 398 673 ο
432 645 575 716 χαρᾷ
600 642 677 709 δὲ,
709 642 798 697 διὰ
839 643 937 715 τὴν
961 643 1351 714 ὲκλάμπουσαν
1380 649 1438 701 έν
1474 648 1606 718 ύμῖν
1639 648 1800 721 [ἄλλ.

1912 661 2065 711 vero,
2097 653 2323 715 propter
2361 642 2649 698 veritatem
2675 640 2998 696 orthodoxa:
3033 641 3156 697 fidei
3192 658 3312 712 qua:
3344 643 3511 713 fulget

213 734 269 785 ἐν
318 731 532 804 αὐτοῖς]
572 732 811 786 ἀκτίνων
881 734 1040 803 δίκην
1090 733 1334 805 ἡλιακῶν
1383 736 1484 806 τῆς
1519 734 1800 808 ὀρθοδόξου

1912 736 1966 792 in
1986 737 2067 793 eis
2095 738 2359 793 solarium
2394 750 2548 790 more
2580 734 2888 800 radiorum,
2922 743 2978 788 et
3000 735 3123 788 lucu
3142 736 3507 792 lentissimam

220 822 463 889 πίστεως
520 826 835 897 ἀκρίϐειαν.
895 827 991 880 καὶ
1041 827 1151 880 τῶν
1196 827 1578 882 άποστολικῶν
1622 845 1683 881 τε
1714 828 1809 881 κα)⁵

214 916 509 988 Πατρικῶν
535 917 828 989 δογμάτων
847 917 1288 990 διαφανεστάτην
1313 919 1641 984 ὲξάπλωσιν.
1668 918 1807 991 Περὶ

211 1002 286 1062 ὦν
321 1010 601 1082 εὐκαίρως
652 1012 753 1083 τῆς
805 1010 901 1065 τοῦ
943 1013 1226 1083 προφήτου
1283 1012 1553 1084 Ζαχαρίου
1581 1014 1678 1067 καὶ
1706 1013 1807 1083 τῆς

212 1100 302 1156 τοῦ
335 1100 501 1170 λόγου
539 1101 727 1172 φωνῆς
756 1103 1085 1174 γεννήτορος
1112 1104 1193 1166 είς
1226 1104 1447 1174 μνήμην
1486 1103 1633 1173 ᾠδῆς
1675 1103 1803 1173 ἐλη-

211 1193 455 1259 λυθότες,
484 1192 889 1264 μεγαλοφώνως
917 1194 1134 1265 βοῶμεν
1154 1211 1169 1226 ·
1209 1215 1227 1248 ι
1269 1194 1808 1267 Ἐπεσκέψατοήμᾶς

212 1284 453 1357 ἀνατολὴ
502 1286 776 1359 παμφαὴς
830 1286 889 1353 ἐξ
941 1284 1108 1356 ὕψους
1136 1306 1153 1339 ι
1217 1286 1562 1361 θεωρητικῆς
1608 1304 1667 1341 τε
1712 1288 1806 1341 καὶ

212 1378 693 1451 θεοφρονεστάτης
739 1379 1002 1445 διανοίας,
1049 1382 1163 1445 τοῖς
1211 1382 1268 1435 έν
1314 1380 1497 1441 σκότει
1529 1381 1624 1433 καὶ
1679 1380 1806 1448 σκιᾷ

210 1469 472 1537 θανάτου,
508 1473 859 1542 κακοτρόπου
914 1471 1146 1543 πλάνης,
1177 1474 1297 1544 ἦτοι
1338 1472 1639 1543 Ἀραϐικῆς
1677 1472 1799 1525 δυσ·

211 1560 447 1625 σεδείας,
483 1563 812 1633 καθημένοις
849 1565 1008 1635 ἡμῖν,
1041 1564 1136 1617 τοῦ
1176 1564 1509 1619 κατευθῦναι
1538 1566 1666 1627 τοὺς
1682 1581 1801 1636 νοηο

214 1654 485 1725 ματικοῦς
521 1655 681 1727 ήμῶν
721 1656 889 1721 πόδας
923 1658 1005 1721 είς
1048 1657 1168 1711 όδὸν
1205 1656 1303 1710 καὶ⁴
1328 1655 1549 1728 τρίϐους
1597 1658 1796 1728 εἰρηνιο

220 1744 319 1813 κῆς
349 1746 762 1811 καταστάσεως.
791 1764 810 1797 ι
836 1747 931 1809 Τίς
961 1746 1185 1817 λαλήσει
1220 1747 1318 1811 τὰς
1344 1744 1660 1810 δυναστείας
1700 1748 1807 1799 Κυ-

1909 829 2351 899 explanationem
2404 828 2830 898 apostolicorum
2867 828 3189 897 dogmatum
3232 838 3286 881 et
3327 839 3510 899 pater-

1911 937 2131 977 norum.
2170 921 2246 976 De
2274 921 2477 991 quibus
2510 928 2632 990 apte
2674 919 2976 988 genitorem
3030 921 3181 975 vocis
3220 917 3407 981 Verbi.
3455 921 3508 977 id

1907 1022 2011 1079 est,
2056 1013 2377 1084 prophetam
2410 1011 2732 1066 Zachariam
2775 1011 2841 1065 ad
2873 1011 3199 1066 memoriam
3235 1012 3506 1067 reducen-

1910 1117 2014 1167 tes.
2048 1120 2246 1175 magna
2276 1119 2409 1159 voce
2442 1104 2789 1159 clamamus:
2829 1123 2847 1153 ‹
2888 1103 3147 1157 Visitavit
3179 1119 3279 1157 IIOS
3315 1104 3506 1161 oriens

1907 1214 1972 1254 ex
2000 1198 2113 1253 alto
2150 1199 2218 1260 τ’,
2262 1215 2280 1249 ι
2308 1197 2652 1267 splendidius
2708 1196 2953 1251 theorica
2979 1205 3033 1249 ct
3083 1196 3267 1252 divina
3320 1197 3507 1267 provi-

1906 1289 2087 1345 dentia
2130 1288 2418 1344 illustratze
2447 1286 2670 1349 mentis,
2704 1286 2757 1339 iu
2786 1287 3023 1342 tenebris
3054 1298 3111 1341 et
3136 1288 3331 1342 umbra
3358 1304 3509 1343 mor-

1906 1382 1978 1438 tis
2003 1380 2225 1452 maligni
2258 1378 2485 1441 erroris,
2522 1377 2574 1432 id
2602 1387 2707 1442 est,
2734 1379 2982 1433 Arabicae
3038 1380 3338 1449 impietatis
3363 1420 3378 1443 .
3415 1397 3508 1437 se-

1916 1467 2110 1522 dentes
2133 1506 2150 1531 ,
2193 1465 2261 1521 ad
2314 1464 2632 1535 dirigendos
2685 1466 3054 1536 intelligibiles
3087 1470 3249 1537 pedes
3281 1479 3506 1528 nostros

1906 1557 1961 1612 in
2002 1558 2145 1611 viam
2180 1565 2235 1612 et
2264 1556 2493 1612 semitas
2527 1556 2780 1627 pacifera:
2808 1559 3260 1615 constitutionis.
3299 1579 3318 1612 ι
3358 1560 3501 1628 Quis

1908 1648 2165 1720 loquetur
2208 1648 2483 1717 potentias
2541 1649 2756 1703 Domini
2786 1650 2831 1681 ⁸⁰
2857 1651 2879 1701 ?
2908 1669 2926 1700 ι
2965 1650 3256 1705 nobiscum
3307 1654 3506 1722 psallat

1909 1740 2078 1795 David
2102 1752 2257 1811 pater
2282 1740 2374 1795 Dei
2407 1757 2422 1806 ;
2462 1758 2481 1791 ‹
2510 1738 2624 1794 Aut
2670 1740 2889 1795 auditas
2919 1740 3081 1796 faciet
3103 1757 3294 1799 omnes
3317 1744 3506 1801 laudes

212 1835 402 1907 ρίουςι
446 1837 810 1908 συμψαλλέτω
851 1839 1016 1893 Δαόὶδ
1055 1841 1188 1910 ἡμῖν
1225 1840 1254 1893 6
1302 1838 1629 1909 θεοπάτωρ·
1662 1858 1681 1892 ι
1715 1839 1800 1892 Ἀ-

1902 1834 2024 1905 ejus
2049 1834 2142 1888 "‘2
2178 1852 2197 1886 ι
2235 1833 2500 1904 quoniam
2559 1833 2819 1888 misertus
2873 1843 2961 1889 est
3017 1834 3164 1890 Deus
3226 1837 3503 1907 desperati

210 1928 443 1990 κουστέις
491 1930 711 1999 ποιήσει
744 1929 930 1992 πάσας
978 1931 1077 1993 τὰς
1130 1929 1374 1993 αἰνέσεις
1429 1929 1630 1998 etB-toﬁ;
1662 1949 1681 1982 ι
1714 1929 1799 1983 ὅτι

205 2020 445 2089 ἠλέησεν
471 2022 500 2073 6
531 2020 666 2085 Θεὸς
708 2023 801 2074 τὸν
830 2022 1262 2093 ἀπεγνωσμένον
1304 2022 1435 2077 λαὸν
1472 2022 1665 2087 αὐτοῦ,
1704 2024 1801 2077 καὶ

208 2114 275 2169 τά
303 2113 577 2169 διεστῶτα
616 2116 754 2186 πρὸς
792 2115 923 2187 μίαν
958 2115 1165 2187 συνῆψε
1215 2116 1456 2181 πίστεως
1507 2115 1797 2188 ἁρμονίαν.

213 2226 231 2257 ι
264 2206 389 2259 ὀτι
424 2206 617 2277 ἦγειρε
650 2207 821 2277 κέρας
878 2209 1160 2281 σωτηρίας
1203 2211 1338 2279 ἡμῖν
1363 2227 1382 2260 ι
1420 2210 1516 2263 καὶ
1562 2207 1803 2280 ἀνορθώ-

212 2312 351 2359 σεως
400 2296 459 2349 ὲν
484 2296 618 2367 οἴκῳ
650 2298 743 2351 καὶ
771 2297 1007 2369 θεοδὸχῳ
1037 2297 1153 2369 ναῷ
1184 2299 1278 2352 τοῦ
1312 2298 1639 2371 μονογενοῦς
1671 2298 1802 2352 Υίοῦ

208 2390 403 2455 αὑτοῦ,
455 2392 667 2462 Κυρίου
708 2392 765 2446 δὲ
793 2394 889 2447 καὶ
928 2393 1065 2447 Θεοῦ
1097 2396 1192 2449 καὶ
1215 2396 1471 2466 Σωτῆρος
1493 2395 1652 2467 ἡμῶν
1698 2396 1804 2465 ’1η-

207 2481 299 2535 σοῦ
343 2482 616 2553 Χριστοῦ·
651 2483 855 2548 οἵτινές
914 2484 1037 2537 ἐστε
1080 2486 1240 2556 ὑμεῖς
1280 2485 1596 2554 ἁγιώτατοι,
1632 2486 1728 2539 καὶ
1755 2486 1804 2539 οἱ

204 2573 272 2626 τὰ
309 2574 544 2646 δεύτερα
594 2575 737 2629 κατὰ
767 2575 970 2647 θεσμὸν
1013 2576 1108 2631 καὶ
1155 2577 1312 2644 τάξιν
1352 2578 1680 2650 Ἐκκλησίας
1710 2578 1808 2648 φέ-

209 2683 396 2735 ροντες
444 2668 601 2738 ὑμῶν
655 2667 975 2739 θεοστεφείς
1008 2669 1362 2740 τροπαιοῦχοι
1409 2671 1503 2724 καὶ
1532 2670 1804 2742 θεοψήφιο

208 2777 325 2813 στοι
374 2760 620 2830 βασιλεῖς
671 2761 831 2833 ἡμῶν
863 2763 959 2816 καὶ
988 2763 1251 2822 δεσπόται
1287 2764 1388 2834 τῆς
1416 2764 1759 2836 οἰκουμένης
1782 2781 1799 2797 ⁸

205 2853 482 2925 ἱερωσύνη
516 2854 625 2925 γὰρ
658 2853 941 2924 βασιλείας
973 2857 1250 2926 ἁγιασμός
1278 2858 1396 2912 ἐστι
1421 2859 1517 2911 καὶ
1546 2859 1806 2913 ἀναστοι·

204 2942 449 3014 χείωσις,
487 2945 585 2999 καὶ
638 2944 887 3015 βασιλεία
942 2945 1248 3017 ἱερωσύνης
1315 2948 1469 3017 ἰσχὺς
1530 2948 1624 3002 καὶ
1672 2963 1805 3020 κραο

203 3034 449 3105 ταίωμα.
501 3037 640 3107 Περὶ
700 3028 775 3089 ὧν
826 3036 992 3104 σοφός
1032 3053 1089 3089 τε
1117 3035 1253 3102 ἄναξ
1281 3038 1379 3090 καὶ
1409 3038 1468 3090 έν
1494 3036 1809 3107 βασιλεῦσιν

1904 1926 2092 1998 pepuli
2128 1925 2240 1992 sui,
2280 1935 2335 1981 et
2367 1926 2627 1981 distantia
2658 1926 2725 1981 ad
2755 1943 2923 1982 unam
2948 1927 3073 1982 lidei
3113 1928 3336 1997 collegit
3370 1930 3502 1984 har-

1904 2020 2171 2074 moniam.
2205 2038 2225 2072 ‹
2276 2019 2343 2074 Et
2390 2020 2567 2075 ert-xit
2625 2035 2796 2075 cornu
2836 2021 3032 2075 salutis
3074 2021 3233 2076 nobis
3263 2021 3309 2053 ⁸⁸
3338 2060 3354 2085 .
3394 2041 3412 2075 ι
3450 2031 3506 2077 et

1904 2114 2228 2170 directionis
2264 2112 2319 2167 in
2354 2112 2543 2178 domo,
2569 2124 2620 2168 et
2651 2113 2937 2169 dominum
2972 2115 3269 2184 recipiente
3298 2115 3503 2184 templo

1904 2205 2173 2278 unigeniti
2200 2205 2321 2259 Filii
2361 2204 2471 2270 sui,
2514 2204 2730 2259 Domini
2772 2206 3027 2262 videlicet
3063 2205 3156 2261 Dei
3184 2223 3251 2263 ac
3305 2206 3502 2262 Salva-

1907 2298 2043 2351 toris
2068 2296 2241 2353 nostri
2271 2294 2401 2351 Jesu
2425 2295 2630 2350 Christi
2664 2314 2677 2350 :
2714 2295 2864 2367 quod
2893 2296 3032 2353 estis
3063 2312 3159 2353 vos
3209 2298 3497 2353 sanctissi-

1904 2388 2253 2459 mi”,atque
2281 2388 2336 2442 hi
2367 2388 2459 2458 qui
2489 2399 2671 2457 partes
2691 2389 2963 2445 secundas
2993 2388 3253 2445 Ecclesiae
3282 2397 3503 2460 portant

1905 2495 2000 2550 per
2029 2478 2203 2548 legem
2236 2488 2289 2533 et
2317 2480 2565 2533 ordinem
2616 2478 2879 2535 Ecclesite
2912 2488 3113 2535 nostrae
3133 2520 3150 2546 ,
3188 2480 3496 2551 trimnpha-

1906 2582 2052 2628 tores
2107 2573 2319 2627 scilicet
2386 2588 2451 2627 ac
2511 2572 3070 2628 divinitus‘redimiti
3130 2590 3227 2628 seu
3284 2572 3494 2628 decreti

1906 2666 2183 2735 principes
2216 2665 2385 2721 nostri
2426 2674 2481 2719 et
2512 2665 2722 2720 domini
2756 2674 3029 2721 terrarum
3074 2665 3259 2720 orbis.
3304 2664 3502 2720 Sacer-

1906 2758 2120 2814 dotium
2206 2757 2351 2813 enim
2407 2757 2621 2827 imperii
2673 2758 3040 2813 sanctificatio
3105 2768 3189 2813 est
3258 2768 3309 2815 et
3364 2775 3501 2814 con-

1909 2852 2160 2912 SIitutio.
2190 2860 2244 2906 et
2276 2850 2568 2921 imperium
2600 2851 2895 2907 sacerdotii
2936 2850 3203 2905 fortitudo
3231 2860 3286 2906 et
3309 2852 3497 2906 firma-

1908 2954 2201 2998 mentum:
2252 2943 2320 2999 de
2362 2943 2568 3013 quibus
2636 2946 2856 3014 sapiens
2890 2945 3113 3015 quidam
3157 2946 3412 3016 princeps
3443 2957 3498 3001 et

1918 3036 1978 3092 in
2035 3037 2243 3093 sanctis
2317 3037 2540 3107 regibus
2606 3037 2966 3095 beatissimus
3020 3040 3146 3093 ait:
3195 3038 3493 3095 Maximum

202 3125 381 3196 ἁγίοις
428 3127 533 3199 ἔφη
605 3130 1071 3199 μακαριστότατε-ξος
1102 3147 1114 3159 ·
1145 3130 1419 3199 Μέγιστον
1455 3128 1628 3201 δῶρον
1675 3130 1800 3193 Θεὸς

1909 3128 2116 3184 donum
2153 3126 2299 3184 Deus
2346 3128 2664 3185 hominibus
2710 3129 2986 3201 przestitit,
3044 3130 3415 3185 sacerdotium
3445 3142 3501 3186 et

200 3191 533 3289 ἀνθρώπως.
583 3191 859 3291 παρέσχεν
934 3191 1257 3293 ἱερωσύνην.
1334 3222 1428 3275 καὶ
1491 3191 1800 3291 βασιλείανλ

1910 3221 2205 3289 imperium
2240 3239 2252 3274 :
2283 3220 2415 3275 illud
2448 3220 2670 3291 quidem
2703 3222 2981 3276 adornatis
3015 3233 3070 3278 et
3095 3238 3291 3293 regens
3323 3225 3495 3280 cmle-

200 3307 298 3378 τὴν
371 3308 472 3379 μὲν
524 3311 593 3364 τὰ
641 3311 872 3382 οὐράνια
931 3312 1393 3384 κατακοσμοῦσαν
1437 3313 1533 3366 καὶ
1583 3314 1802 3367 διέπου-

201 3417 321 3467 σαν,
355 3402 454 3474 τὴν
485 3403 541 3457 δὲ
568 3402 919 3469 οίακίζουσαν
946 3406 1169 3475 θεσμοῖς
1196 3405 1428 3468 δικαίοις
1463 3405 1531 3459 τὰ
1560 3406 1798 3474 ἐπίγεια.

200 3493 315 3547 Νῦν
398 3495 618 3565 άληθῶς
667 3497 729 3550 τὸ
783 3499 1105 3566 μεσότοιχον
1143 3496 1238 3550 τοῦ
1296 3496 1557 3567 φραγμοῦ
1618 3498 1800 3552 διαλέ-

198 3586 393 3652 λυται,
452 3589 548 3641 καὶ
606 3589 899 3659 συμφωνία
958 3590 1226 3661 κατάρχει
1299 3590 1640 3659 διαφωνίας,
1704 3592 1801 3645 καὶ

202 3678 516 3732 ὑποκύπτει
552 3679 748 3735 ὲνώσει
806 3681 1092 3753 διαίρεσις.
1128 3684 1224 3736 καὶ
1272 3683 1505 3754 φροῦδος
1556 3684 1799 3757 κατέστη

199 3769 524 3833 διάστασις·
564 3771 724 3841 καὶή
775 3774 965 3845 εἰρήνη
1036 3774 1125 3827 τοῦ
1183 3776 1323 3830 Θεοῦ
1371 3778 1405 3848 ἡ
1446 3778 1800 3851 ὑπερέχουσα

208 3864 393 3917 πάντα
441 3861 589 3928 νοῦν,
619 3862 863 3935 φαιδρῶς
913 3866 1193 3935 πομπεύει
1237 3867 1318 3937 τῷ
1364 3868 1667 3940 προσώπῳ,
1702 3870 1799 3923 καὶ

206 3957 709 4028 παρῤησιαστικῶς
744 3956 1112 4014 πολιτεύεται.
1175 3961 1292 4014 Νῦν
1325 3981 1342 4013 ι
1367 3962 1432 4015 Ol
1472 3961 1796 4033 γενηθέντες

206 4048 367 4117 ἡμεῖς
419 4046 624 4112 ὄνειδος
669 4051 784 4111 τοῖς
844 4048 1052 4117 γείτοσι
1127 4050 1224 4104 καὶ
1260 4052 1584 4123 συνομόροις
1613 4053 1794 4124 ἡμῶν,

208 4140 594 4210 μυκτηρισμὸς
617 4142 712 4195 καὶ
733 4140 1044 4214 χλευασμὸς
1071 4146 1187 4208 τοῖς
1215 4144 1405 4217 κύκλῳ
1427 4146 1605 4218 ἡμῶν,
1632 4164 1652 4199 ›
1686 4148 1795 4201 κάκ

204 4229 394 4283 τούτου
429 4231 563 4301 πρὸς
601 4232 706 4303 γῆν
753 4232 1067 4303 κεχηνότες,
1094 4234 1175 4298 είς
1216 4234 1482 4305 οὐρανοὺς
1533 4234 1792 4306 ἐκθύμως

207 4318 666 4390 συνανανεύομεν,
697 4321 791 4374 καὶ
840 4320 1133 4392 ψαλμικῶς
1183 4324 1243 4375 ἐν
1290 4324 1613 4392 ἀγαλλιάσει
1660 4326 1792 4380 ἁνα-

206 4410 481 4482 κράζομεν
515 4427 528 4441 ’
574 4430 592 4465 σ
625 4412 712 4465 Ἐν
737 4412 913 4484 τούτῳ
970 4412 1164 4483 ἔγνων,
1215 4414 1295 4468 ὅτι
1352 4415 1652 4487 τεθέληκάς
1697 4434 1787 4488 με,

206 4500 284 4553 ὅτι
317 4502 378 4554 οὐ
412 4502 487 4574 μὴ
514 4504 752 4575 ἐπιχαρῆ
782 4505 810 4557 ό
837 4505 1030 4576 ἐχθρός
1082 4524 1185 4577 μου
1230 4507 1318 4560 ἐπ’
1353 4507 1499 4579 ἐμοί.
1528 4527 1547 4560 ›
1588 4508 1784 4578 Κάμοῦ
1818 4544 1863 4602 D

207 4591 262 4645 δὲ
287 4591 376 4646 διὰ
405 4593 506 4666 τὴν
534 4594 773 4648 ἀκακίαν
808 4598 901 4649 καὶ
946 4596 1228 4668 ἁπλότητα
1279 4598 1462 4671 πλάνῃ
1517 4616 1783 4671 περιτρα-

207 4683 397 4750 πέντος
426 4686 747 4747 ἁντελάδου,
782 4688 876 4740 καὶ
908 4686 1181 4751 διασώσας
1215 4704 1282 4759 με
1326 4689 1656 4760 ἀνέστησας,
1688 4689 1786 4743 καλ⁵

205 4777 293 4828 ἐπὶ
318 4777 416 4849 τὴν
464 4778 669 4851 πέτραν
694 4778 798 4848 τῆς
825 4780 1195 4851 άποστολικῆς
1256 4781 1494 4845 πίστεως
1516 4782 1644 4845 τοὺς
1676 4798 1786 4852 χω-

198 4865 469 4935 ηλάναντάς
502 4888 602 4943 μου
635 4871 804 4935 πόδας
825 4872 1156 4944 κατέπηξας.

276 4960 464 5016 Ταῦτα
491 4964 587 5017 καὶ
619 4962 687 5018 τὰ
711 4963 926 5028 τούτοις
952 4965 1189 5036 γράφειν
1214 4964 1363 5035 ἡμᾶς
1397 4962 1613 5037 συνῳδὰ
1640 4982 1784 5038 παρ·-

208 5051 513 5108 εσκεύασαν
567 5056 625 5109 αί
678 5057 1041 5129 θεοχάρακτοι
1068 5057 1250 5112 δέλτοι
1302 5056 1479 5127 ὑμῶν.
1511 5056 1581 5120 ἃς
1628 5075 1789 5112 κανο-

211 5144 342 5215 νικῷ
372 5149 689 5218 κινούμενοι
730 5149 903 5221 νόμῳ,
938 5150 1034 5202 καὶ
1062 5148 1534 5221 πατροπαραδότῳ
1564 5148 1791 5221 εὐταξίᾳ

211 5237 628 5308 ποδηγούμενοι,
660 5243 775 5304 τοῖς
822 5242 952 5305 τοὺς
1007 5241 1402 5305 ἀποστολικοὺς
1456 5241 1682 5313 θρόνους
1712 5240 1791 5295 δι-

208 5345 359 5382 ιπειν
384 5330 610 5402 λαχοῦσι
634 5331 723 5385 διὰ
771 5332 1059 5405 ξυνωρίδος
1087 5334 1249 5404 ἁγίας
1274 5334 1369 5387 καὶ
1401 5331 1665 5397 εὐλαϐοῦς
1695 5332 1791 5385 καὶ

213 5417 532 5494 θεοδηγήτου
586 5424 949 5495 πεπόμφατε⁹
1002 5427 1200 5492 οἵτινες
1273 5426 1623 5498 ἀφικόμενοι,
1696 5425 1792 5478 καὶ

210 5513 343 5567 κατὰ
366 5513 502 5568 Θεοῦ
523 5514 779 5587 βούλησίν
791 5533 848 5571 τε
874 5518 966 5571 καὶ
984 5517 1263 5572 ὲπίνευσιν
1279 5519 1655 5592 ύπηντηκότες
1678 5520 1791 5582 τοῖς

277 5649 324 5722 7⁵
370 5653 516 5711 Psal.
545 5672 598 5711 xl
626 5700 640 5718 .
669 5658 723 5712 9.
797 5656 843 5689 '°
904 5654 1034 5711 Luc.
1080 5672 1116 5722 ι,
1152 5656 1237 5711 78.
1316 5662 1362 5694 ⁸⁸⁵
1419 5656 1567 5714 Psal.
1633 5674 1721 5722 ον,
1757 5657 1815 5712 2.

722 5727 1069 5799 patriarchae,
1096 5743 1223 5783 nam
1264 5728 1504 5799 primum
1536 5730 1589 5785 in
1633 5727 1874 5785 Ecclesia
1915 5727 2092 5785 locum
2140 5726 2423 5798 possident
2452 5723 2788 5781 sacerdotes.
2822 5742 2840 5776 ι
2920 5724 2967 5755 ⁸⁸
2998 5722 3141 5779 i'sal.
3171 5732 3396 5789 until,
3423 5722 3477 5775 ό.

214 5720 412 5847 Parim“
436 5726 673 5782 retinent

320 5796 418 5847 sal.
450 5814 516 5847 ιι
536 5837 550 5847 .
579 5796 662 5847 12.

320 5796 418 5852 sal.
450 5814 550 5866 ιι..
579 5796 662 5854 te.

1905 3314 2032 3378 stia,
2093 3312 2197 3368 hoc
2226 3327 2356 3368 vero
2385 3313 2702 3384 gubernans
2742 3314 2958 3385 legibus
2987 3316 3155 3385 justis
3189 3317 3492 3371 terrestria.

1908 3406 2069 3462 Nunc
2108 3402 2374 3461 veraciter
2399 3407 2611 3464 medius
2642 3410 2898 3464 maceriae
2926 3412 3111 3479 paries
3144 3410 3359 3466 solutus
3385 3420 3494 3474 est,

1900 3508 1956 3554 et
1985 3499 2282 3553 concordia
2332 3499 2625 3555 discordia:
2670 3501 3036 3571 priucipatur,
3072 3511 3128 3556 et
3158 3502 3484 3556 incurvatur

1899 3589 2096 3645 ttnitati
2128 3590 2348 3657 divisio,
2379 3602 2432 3646 et
2456 3590 2579 3661 fuga
2607 3591 2757 3662 lapsa
2807 3592 3080 3662 disparuit
3104 3592 3445 3648 dissonantia
3476 3609 3491 3645 :

1898 3693 1954 3737 et
1988 3696 2095 3751 pax
2129 3682 2224 3736 Dei
2251 3697 2372 3751 qua:
2401 3693 2697 3752 exsuperat
2726 3699 2944 3739 omnem
2969 3699 3215 3747 sensum,
3241 3684 3491 3755 jucunde

1900 3776 2050 3831 vultu
2090 3774 2423 3844 triumphat,
2463 3784 2519 3830 et
2553 3774 2880 3831 fiducialiter
2920 3786 3298 3832 conversatur.
3334 3776 3494 3831 Nunc

1898 3881 2001 3923 nos
2062 3886 2080 3918 ι
2131 3868 2225 3938 qui
2278 3866 2408 3922 facti
2460 3866 2740 3923 fueramus
2802 3869 3157 3939 opprobrium
3217 3869 3410 3923 vicinis
3440 3878 3495 3923 et

1897 3958 2152 4013 amnibus
2188 3958 2413 4022 nostris,
2453 3957 2811 4012 subsannatiu
2836 3966 2890 4012 et
2944 3957 3150 4012 derisio
3187 3958 3273 4012 his
3315 3958 3407 4028 qui
3433 3958 3486 4012 iu

1895 4052 2135 4106 circuitu
2167 4062 2358 4106 nustro
2392 4058 2521 4104 sunt
2554 4048 2622 4116 “,
2656 4066 2676 4101 ι
2710 4064 2775 4103 ac
2800 4064 2898 4118 per
2919 4047 3023 4103 hoc
3051 4048 3117 4102 ad
3141 4058 3340 4103 terram
3374 4064 3487 4118 prae

1893 4144 2222 4200 confusione
2246 4143 2669 4214 prospicientes,
2705 4141 2775 4197 ad
2807 4142 2977 4198 caelos
3002 4142 3246 4196 unanimi
3278 4142 3484 4196 alacri-

1893 4245 2002 4291 tate
2024 4236 2377 4306 suspicimus,
2399 4245 2453 4290 et
2466 4235 2759 4305 psallentes
2785 4234 2838 4289 in
2862 4233 3228 4289 exsultatione
3260 4234 3481 4303 procla-

1892 4343 2109 4383 mamus
2143 4345 2157 4382 :
2192 4345 2210 4380 ι
2250 4326 2308 4381 lu
2344 4327 2450 4382 hoe
2481 4325 2714 4396 cognovi
2755 4364 2773 4390 ,
2804 4326 3064 4396 quoniam
3109 4324 3329 4379 voluisti
3376 4340 3481 4391 me,

1892 4422 2020 4489 quia
2056 4438 2163 4476 non
2211 4420 2468 4495 gaudebit
2508 4420 2766 4475 inimicus
2805 4435 2961 4476 meus
3007 4433 3171 4489 super
3229 4434 3314 4472 me
3340 4418 3409 4471 ⁸⁵.
3455 4437 3475 4469 ι

1892 4512 1977 4568 Me
2008 4522 2190 4568 autem
2247 4521 2469 4583 propter
2538 4510 2906 4566 innocentiam
2967 4519 3021 4565 et
3073 4509 3478 4578 simplicitatem

1886 4616 2036 4661 ‘errot
2051 4606 2097 4661 is
2127 4604 2356 4677 [errore]
2377 4604 2694 4659 titubantem
2728 4602 3040 4672 suscepisti,
3064 4611 3117 4656 et
3147 4602 3361 4656 salvum
3392 4616 3479 4656 me

1897 4699 2107 4755 faciens
2137 4700 2394 4763 erexisti,
2426 4706 2482 4752 et
2525 4712 2689 4768 super
2741 4705 2950 4766 petram
3002 4695 3317 4766 apostolica:
3352 4694 3475 4749 fidei

1896 4790 2270 4847 claudicantes
2310 4788 2474 4861 pedes
2504 4803 2657 4844 meos
2691 4786 2940 4843 intlxisti.

1965 4966 2093 5024 llaec
2130 4975 2184 5023 et
2214 4965 2300 5021 bis
2338 4962 2682 5020 concinentia
2718 4962 2961 5019 scribere
3001 4975 3102 5016 nos
3138 4959 3381 5016 fecerunt
3405 4959 3489 5015 di-

1899 5060 2103 5117 vinitus
2139 5068 2363 5116 exarata
2422 5056 2702 5111 volutuiua
2764 5064 2983 5121 vestra,
3043 5069 3166 5123 quae
3216 5053 3485 5108 canonica

1898 5153 2029 5208 moti
2061 5152 2180 5221 lege
2203 5190 2219 5217 ,
2250 5158 2304 5204 et
2351 5154 2598 5219 paterna:
2630 5146 2939 5202 traditionis
2993 5142 3283 5213 disciplina
3305 5142 3479 5203 docti.

1897 5243 1985 5300 his
2013 5242 2107 5313 qui
2146 5240 2575 5311 apostolicarum
2635 5239 2847 5294 sedium
2901 5238 3257 5291 moderamen
3303 5235 3485 5289 sortiti

1896 5308 2050 5399 sunt,
2093 5308 2199 5404 per
2230 5331 2555 5388 reverendas
2585 5341 2639 5385 et
2676 5346 2706 5384 a
2740 5331 2848 5385 Deo
2873 5328 3115 5384 directas
3152 5328 3302 5396 bigas
3333 5326 3485 5380 misi-
3533 5308 3543 5334 ⁸

1896 5426 2037 5482 stis:
2078 5424 2175 5496 qui
2217 5423 2617 5495 pervenientes,
2644 5430 2700 5477 et
2757 5436 2853 5491 per
2898 5421 2993 5476 Dei
3053 5419 3393 5474 voluntatem
3420 5432 3485 5473 ac

1896 5529 2090 5575 nutum
2114 5526 2468 5575 occurrentes
2498 5516 2587 5573 Dei
2618 5515 2925 5572 cultoribus
2962 5514 3226 5569 fratribus
3254 5512 3481 5577 nostris,

1890 5657 1932 5689 "
1972 5656 2100 5712 ibid.
2180 5657 2224 5687 ⁸³
2268 5655 2401 5710 Luc.
2466 5670 2504 5720 ι,
2548 5652 2640 5707 69.
2717 5652 2764 5683 ⁸³
2799 5654 2996 5707 Anast.
3055 5650 3246 5717 verb.,
3287 5669 3306 5701 ι
3339 5648 3476 5716 Quia
