4088 6498
594 303 725 368 M71

1670 302 1728 361 S-
1769 299 2080 361 TARASII
2116 297 2628 360 PATRIABCIIE
2665 297 2776 358 (ΞΡ.

3757 296 3904 362 ΗΕ

592 419 727 470 viris
755 416 997 481 sanctis.
1030 416 1123 487 qui
1159 414 1432 472 dederunt
1460 413 1674 470 animas
1707 427 1838 468 suos
1865 427 1961 482 pro
1997 411 2183 467 Eccle-

2286 409 2710 472 εύσεδεατάτοις
2764 407 3018 478 ἀδελφοῖς
3071 409 3231 482 ἡμῶν
3255 409 3517 482 ἀνδράσιν
3570 413 3765 482 ἁγίοις
3798 413 3904 467 καὶ

591 510 799 565 siarum
854 509 1198 563 correctione
1229 517 1321 576 ;et
1352 506 1616 578 recogniti
1649 520 1714 560 ex
1756 505 1924 560 veleri
1953 512 2008 559 et
2038 504 2182 558 anti-

590 617 697 671 qua
730 599 1149 654 conversatione
1181 641 1198 665 ,
1244 597 1402 654 valde
1432 597 1604 669 gavisi
1636 605 1764 651 sunt
1794 613 1810 651 :
1845 604 1900 652 et
1937 596 2176 652 maxime

594 681 928 763 reperientes
953 692 1149 747 ambos
1175 692 1233 745 in
1266 706 1378 745 uno
1406 691 1525 745 loco
1573 689 1855 759 degentes,
1878 697 1932 742 et
1957 685 2178 742 modum

596 783 705 838 Deo
764 784 1025 853 placitum
1087 791 1496 854 persequentes.
1558 782 1625 836 Et
1671 795 1794 836 sese
1858 781 2181 841 revelantes.

593 877 957 932 o~tcnderunt
993 876 1074 932 eis
1120 875 1464 930 orthodoxia:
1493 883 1690 929 vestra:
1717 873 1826 930 Deo
1853 875 2104 930 decentes
2128 883 2187 928 et

590 972 788 1041 dignos
827 970 1196 1024 admiratione
1221 967 1460 1031 libellos,
1492 965 1791 1022 referentes
1821 982 1914 1036 per
1934 967 2184 1023 ordinem

595 1060 708 1116 Deo
745 1061 957 1131 placita:
987 1059 1297 1114 sanctitatis
1343 1068 1539 1114 vestrae
1568 1059 1788 1120 mentis.
1811 1067 1866 1114 et
1894 1059 2044 1130 pium
2076 1059 2187 1114 Deo

591 1163 1049 1208 conservatorum
1082 1149 1432 1204 dominorum
1457 1157 1770 1204 nostrorum
1799 1149 2112 1211 consilium.
2132 1157 2188 1204 et

593 1245 908 1300 communis
938 1243 1186 1297 omnium
1213 1242 1410 1296 salutis
1439 1241 1930 1309 exspectationem,
1951 1251 2006 1295 et
2037 1241 2186 1296 circa

597 1337 768 1392 Deum
793 1337 912 1392 sine
934 1336 1258 1391 confusione
1289 1349 1462 1403 spem.
1485 1333 1550 1386 At
1578 1333 1654 1386 illi
1683 1332 1841 1402 quasi
1873 1348 2041 1387 unam
2066 1335 2185 1387 aui“

598 1449 742 1488 mam
776 1433 828 1486 in
860 1431 1074 1486 duobus
1103 1429 1430 1499 corporibus
1465 1429 1754 1488 habentes.
1783 1436 1838 1482 et
1871 1443 2068 1492 unum,
2107 1444 2190 1482 se-

593 1527 843 1580 cundum
896 1522 1242 1592 Apostolum.
1280 1521 1577 1591 sapientes,
1629 1528 1684 1574 et
1719 1535 1747 1572 a
1778 1519 1964 1573 divino
1999 1519 2187 1590 agitati

594 1616 830 1685 Spiritu,
865 1625 1076 1669 secreto
1103 1614 1306 1683 pariter
1331 1623 1383 1667 et
1414 1613 1779 1682 iutclligentcr
1830 1611 2025 1666 fratres
2056 1627 2191 1665 con-

598 1716 842 1776 tegeutes
878 1715 930 1760 et
962 1707 1302 1762 occultantes
1343 1714 1564 1774 propter
1595 1705 1946 1759 formidinem
2003 1705 2188 1758 inimi-

595 1816 784 1855 corum
818 1799 1002 1853 erucis
1023 1841 1037 1862 .
1077 1813 1198 1867 quae
1231 1795 1358 1850 hinc
1393 1796 1520 1850 inde
1548 1796 1810 1866 disposita
1843 1798 2043 1861 fuerat,
2082 1812 2190 1851 non

594 1891 713 1946 ausi
747 1902 894 1953 sunt,
929 1906 1054 1944 cum
1087 1898 1270 1944 essent
1304 1889 1606 1957 sapientes.
1648 1889 1730 1941 vel
1772 1888 1999 1943 credere
2024 1889 2192 1942 visio-

594 1999 719 2037 nem
754 1981 1023 2050 ipsorum,
1060 1979 1141 2033 vel
1188 1994 1370 2033 causa:
1419 1978 1635 2047 operari
1670 1977 1964 2032 decursum
1995 1995 2008 2032 :
2044 1993 2185 2046 prze-

594 2077 784 2132 sertim
815 2091 940 2131 cum
971 2077 1025 2130 in
1060 2074 1257 2130 tiu'iore
1281 2088 1368 2127 res
1420 2072 1751 2133 haberetur.
1779 2079 1834 2125 et
1877 2085 2045 2141 quam
2076 2086 2193 2125 ma-

595 2171 743 2223 xime
788 2167 1144 2222 crcbrescens
1193 2165 1485 2220 consilium
1516 2172 1571 2218 et
1601 2164 1834 2232 diligens
1866 2161 2193 2230 circumspi«

594 2258 774 2314 ciemii
796 2267 1062 2314 tractatus
1082 2256 1416 2326 exigeretur.
1445 2273 1463 2305 ι
1491 2253 1796 2309 Consilium
1821 2253 1964 2307 enim
1987 2253 2191 2306 bonum

593 2353 892 2413 custodiet.
930 2349 1128 2419 inquit,
1189 2359 1239 2402 te
1271 2365 1287 2415 ;
1323 2346 1584 2417 cogitatio
1617 2360 1745 2400 vere
1797 2346 1940 2400 bona
2003 2360 2192 2400 serva-

596 2445 675 2500 bit
701 2455 751 2499 te
799 2445 866 2497 ⁸⁸.
911 2462 930 2494 ι
984 2441 1053 2496 Ει
1088 2457 1216 2496 erce
1270 2441 1401 2495 dum
1462 2441 1656 2494 lateret
1716 2454 1812 2494 eos
1846 2439 1940 2508 qui
1981 2453 2042 2494 se
2088 2439 2192 2494 sub

597 2537 828 2591 tuitione
854 2535 1120 2590 custodia:
1140 2533 1386 2606 [quosin
1410 2549 1522 2589 sure
1555 2533 1809 2588 tultionis
1857 2529 2190 2604 custodiam]

597 2637 920 2697 posuerunt.
958 2636 1358 2682 concurrerunt
1389 2641 1562 2696 usque
1596 2627 1662 2679 ad
1697 2634 1912 2681 nos:et
1947 2626 2001 2680 in
2049 2625 2189 2694 idip-

593 2737 720 2774 sum
777 2728 1174 2791 congregantes
1238 2719 1484 2783 silentcr,
1521 2719 1885 2772 humilitatem
1944 2727 2188 2773 nostram

597 2814 774 2882 primo
808 2812 1028 2882 quidem
1097 2812 1540 2881 adjuramenlum
1601 2811 1906 2866 vincientes
1936 2811 1982 2844 "
2010 2851 2026 2875 ,
2089 2825 2190 2864 nos

595 2922 820 2962 servare
873 2917 1088 2963 secreto
1133 2923 1197 2962 ac
1250 2907 1372 2961 sine
1421 2907 1823 2976 propalatione,
1859 2921 1981 2976 quat
2008 2906 2076 2960 ab
2107 2906 2188 2960 eis

2284 503 2546 558 δεδωκόσι
2572 503 2674 567 τὰς
2703 501 2881 573 ψυχὰς
2909 502 3093 557 αὐτῶν
3123 502 3265 576 ὑπὲρ
3293 504 3394 574 τῆς
3415 504 3525 557 τῶν
3539 505 3745 578 Ἐκκλη
3757 504 3902 558 σιῶν

2288 592 2654 665 διορθώσεως,
2690 592 3199 662 ἅναγνωρισθέντες
3249 594 3316 648 ὲκ
3369 593 3609 660 παλαιᾶς
3653 598 3759 649 καὶ
3797 596 3905 665 ἁρ-

2287 686 2452 755 χαίας
2484 684 2857 754 ἀναστροφῆς,
2901 682 3025 737 λίαν
3055 684 3338 755 ἐχάρησαν
3358 701 3372 716 ⁸
3402 686 3497 739 καὶ
3529 686 3772 756 μάλιστα
3810 679 3907 739 5-3-

2290 774 2522 847 ρηκότες
2564 775 2736 846 ἄμφω
2793 775 2850 827 ἐν
2886 774 2968 828 ἑνὶ
2999 773 3385 843 διατρίϐοντας
3427 777 3599 847 τόπῳ,
3648 777 3752 830 καὶ
3803 777 3905 828 τὸν

2289 865 2517 936 θεοφιλῆ
2553 865 2758 936 τρόπον
2782 864 3100 930 διώκοντας.
3135 867 3245 920 Καὶ
3276 867 3719 937 ἀνακαλύψαντες
3754 868 3904 919 ἐαυ-

2289 961 2437 1024 τοὺς,
2467 958 2755 1026 ὑπέδειξαν
2806 956 2992 1022 αὐτοῖς
3037 961 3167 1023 τοὺς
3218 959 3319 1027 τῆς
3365 959 3672 1030 ὀρθοδοξίας
3722 957 3905 1027 ὑμῶν

2291 1049 2621 1120 Θεοπρεπεῖς
2671 1049 2766 1103 καὶ
2808 1047 3172 1118 ἅξιαγὰστους
3212 1049 3509 1114 λιϐἐλλους,
3537 1050 3904 1121 διηγησάμε-

2291 1156 2372 1192 νοι
2407 1139 2529 1192 κατ’
2559 1139 2689 1202 ἔπος
2730 1139 2831 1208 τῆς
2877 1139 3179 1210 θεαρέστου
3207 1138 3438 1212 γνώμης
3475 1142 3571 1211 τῆς
3597 1140 3695 1209 σῆς
3723 1140 3906 1209 ἅγιό-

2289 1249 2475 1300 τητος,
2511 1233 2608 1285 καὶ
2658 1232 2767 1286 τῶν
2802 1233 3192 1302 θεοφυλὰκτων
3237 1233 3514 1288 δεσποτῶν
3564 1233 3722 1306 ἡμῶν
3789 1233 3903 1303 τὴν

2293 1324 2604 1390 εὐϐουλίαν,
2653 1327 2749 1378 καὶ
2796 1325 2894 1394 τῆς
2944 1326 3131 1396 κοινῆς
3156 1324 3266 1378 τῶν
3296 1327 3433 1379 ὅλων
3466 1328 3743 1398 σωτηρίας
3787 1328 3903 1396 τίεν

2293 1415 2645 1484 προσδοκίαν,
2676 1415 2774 1470 καὶ
2815 1416 2956 1487 πρὸς
3006 1417 3140 1469 Θεὸν
3181 1417 3610 1487 ἀκαταίσχυντον
3658 1418 3902 1474 ἐλπίδα.

2293 1509 2353 1560 Ui
2389 1508 2446 1562 δὲ
2495 1507 2686 1579 ὥσπερ
2726 1508 2856 1579 μίαν
2896 1509 3074 1581 ψυχὴν
3116 1511 3174 1563 ὲν
3214 1510 3335 1564 δυσὶ
3371 1512 3612 1582 σώμαςιν
3638 1512 3896 1582 έχοντες,

2293 1603 2385 1652 καὶ
2417 1600 2477 1651 τὸ
2505 1599 2563 1652 ἓν
2592 1599 2968 1664 ἀποστολικῶς
2991 1601 3340 1671 φρονοῦντες,
3374 1605 3466 1658 καὶ
3487 1605 3590 1657 ύπδ
3611 1604 3704 1658 τοῦ
3722 1604 3900 1658 θείου

2297 1691 2606 1767 κινούμενοι
2635 1693 2976 1764 Πνεύματος,
3018 1697 3299 1766 μυστικῶς
3333 1695 3451 1768 ἅμα
3499 1699 3589 1752 καὶ
3635 1697 3902 1762 συνετῶς

2292 1785 2418 1847 τοὺς
2443 1783 2706 1854 ἀδελφοὺς
2737 1788 3182 1857 περιστείλαντές
3209 1807 3268 1843 τε
3302 1792 3397 1843 καὶ
3425 1790 3904 1861 κατακρύψαντες

2290 1878 2379 1932 διὰ
2421 1877 2481 1930 τὸ
2519 1878 2898 1950 περιστοιχοῦν
2929 1880 3051 1944 δέος
3095 1881 3205 1935 τῶν
3235 1882 3447 1952 ἐχθρῶν
3477 1881 3570 1936 τοῦ
3607 1883 3894 1953 σταυροῦ,

2290 1971 2351 2025 ού
2396 1971 2842 2044 κατεθάρῤησαν,
2877 1973 3082 2044 καίπερ
3139 1977 3295 2045 σοφοὶ
3337 1976 3585 2048 δντες;ἦ
3636 1993 3902 2029 καταπι-

2293 2063 2518 2117 στεῦσαι
2549 2067 2648 2134 τῆς
2681 2064 2832 2134 σφῶν
2864 2065 3044 2120 αὐτῶν
3073 2065 3331 2137 Θεωρίας,
3365 2066 3397 2137 ἢ
3435 2067 3533 2136 τῆς
3563 2067 3898 2131 ὑποθέσεως

2291 2156 2586 2227 ἐνεργῆσαι
2632 2156 2732 2227 τὴν
2779 2155 3034 2219 διέξοδον,
3087 2157 3423 2228 δεδεημένης
3474 2157 3572 2210 καὶ
3633 2159 3897 2228 μάλιστα

2290 2247 2744 2319 διεσμιλευμένης
2791 2249 2886 2302 καὶ
2940 2247 3388 2320 πεπυκνωμένης.
3425 2249 3621 2320 βουλῆς
3672 2268 3729 2304 τε
3785 2252 3897 2303 καὶ

2293 2340 2562 2408 σκέψεως.
2599 2360 2615 2391 ι
2640 2339 2816 2412 Βουλῆ
2864 2341 2996 2412 γὰρ,
3045 2341 3201 2412 φησὶ,
3235 2342 3377 2412 καλὴ
3416 2341 3644 2410 φυλάξει
3681 2359 3764 2405 σε,
3795 2343 3897 2394 ἐν-

2289 2451 2408 2487 νοια
2439 2433 2493 2485 δὲ
2529 2432 2708 2504 ἀγαθὴ
2735 2434 2965 2504 τηρήσει
3001 2451 3082 2488 σε.
3118 2453 3136 2486 ι
3176 2436 3285 2488 Καὶ
3306 2435 3370 2504 δὴ
3405 2435 3661 2499 λαθόντες
3691 2434 3794 2499 οὖς
3832 2437 3896 2488 ἐν

2290 2527 2561 2596 ἀσφαλείᾳ
2591 2525 2992 2597 παραφυλακῆς
3024 2526 3311 2599 ἀπέθεντο,
3341 2529 3578 2599 ἔδραμον
3598 2529 3676 2592 ὡς
3706 2531 3891 2600 ἡμᾶς.

2289 2623 2384 2674 καὶ
2423 2623 2514 2674 ἐπὶ
2546 2620 2606 2673 τὸ
2639 2619 2771 2673 αὐτὸ
2801 2619 3120 2691 ἡθροικότες
3158 2622 3401 2692 ἀψοφητὶ
3456 2623 3555 2694 τὴν
3595 2625 3895 2692 ἡμετέραν

2276 2713 2642 2780 ταπείνωσιν,
2671 2712 2890 2785 πρῶτον
2934 2714 3031 2785 μὲν
3073 2715 3404 2785 κατακρίσει
3457 2716 3891 2789 φρικωδεστάτῃ

2291 2807 2648 2877 συνδήσαντες
2682 2809 2856 2877 ἡμᾶς,
2897 2808 3129 2876 φυλάξαι
3175 2808 3582 2879 ἁνεξαγόρευτα
3625 2808 3696 2861 τὰ
3738 2813 3888 2878 πρὸς

2287 2899 2469 2951 αὐτῶν
2509 2897 2908 2969 λεχθησόμενα,
2940 2900 3032 2952 καὶ
3080 2898 3272 2952 τοῦτον
3308 2900 3400 2952 τὸν
3425 2901 3628 2969 τρόπον
3662 2900 3886 2961 ἑαυτοῖς

3921 1013 3945 1034 ο

594 3008 755 3054 erant
782 2998 1036 3064 dicenda,
1064 3008 1119 3053 et
1143 2999 1198 3053 in
1230 2999 1379 3053 hunc
1410 2999 1632 3052 modum
1657 2999 1924 3068 quidquid
1959 2997 2024 3052 ad
2053 3014 2183 3051 cau-

2292 2989 2795 3060 ἐπισεσωρευκότες
2839 2991 2900 3042 τὸ
2921 2990 3186 3059 ἀσφαλὲς,
3213 2989 3577 3058 ἀπεκάλυψαν
3610 2990 3743 3060 ἡμῖν
3770 2991 3887 3042 πεῖ-

598 3091 762 3144 tclam
816 3091 1056 3160 pertinet
1093 3097 1490 3161 exaggerantes
1521 3129 1536 3153 ,
1594 3089 1975 3142 revelaverant
2029 3087 2189 3142 nobis

597 3195 816 3235 onmem
870 3180 948 3235 rei
984 3196 1109 3250 quae
1147 3181 1253 3235 sibi
1324 3181 1602 3234 acciderat
1633 3217 1649 3240 ,
1677 3180 2184 3234 circumstantiam.

597 3269 905 3339 Stupct'acti
937 3281 1119 3325 autem
1167 3281 1222 3325 et
1255 3272 1570 3339 compuncti
1601 3269 1786 3335 corde,
1821 3269 2189 3340 lacrymisque

596 3361 807 3430 perfusi
863 3362 1205 3416 ferventibus
1250 3375 1418 3432 super
1486 3361 1804 3430 bujnsmodi
1847 3361 2188 3416 narrationis

595 3455 871 3508 miraculo
919 3453 940 3526 [
966 3455 1248 3523 inopinato
1277 3454 1298 3525 ]
1328 3463 1384 3509 et
1429 3455 1600 3524 gloria
1630 3461 1800 3508 tanta:
1831 3468 2018 3507 rerum
2065 3469 2188 3508 mu-

593 3544 864 3609 tationis.
923 3545 1178 3600 stetimus
1232 3546 1302 3600 ad
1351 3545 1658 3600 Orationem
1701 3583 1718 3611 ,
1764 3544 1934 3598 veluti
1996 3559 2188 3614 pecca-

593 3647 746 3690 tores
792 3673 808 3698 .
873 3651 999 3690 cum
1051 3636 1246 3691 timore
1279 3651 1345 3692 ac
1402 3645 1680 3700 tremore.
1714 3644 1771 3691 et
1816 3636 1866 3690 ei
1907 3636 2002 3705 qui
2058 3635 2188 3692 facit

594 3727 791 3780 omnia
838 3767 853 3792 .
918 3735 973 3781 et
1041 3727 1304 3783 transfert
1359 3728 1428 3782 ad
1480 3727 1533 3782 id
1590 3727 1737 3796 quod
1802 3727 2000 3782 melis
2059 3739 2184 3795 est,

590 3820 879 3874 decentem
939 3820 1155 3875 laudem
1219 3819 1562 3884 referentes,
1621 3819 1914 3890 petivimus
1987 3819 2188 3874 obnixe

597 3911 983 3983 benignitatem
1041 3913 1199 3980 ejus.
1253 3925 1366 3981 quo
1414 3911 1468 3966 in
1522 3912 1767 3966 minimis
1834 3911 1994 3968 nobis
2034 3913 2188 3967 fieret

596 4009 830 4075 medius,
883 4017 937 4064 et
965 4023 1062 4079 per
1116 4009 1382 4078 Spiritum
1415 4019 1669 4062 sanctum
1707 4008 2055 4063 illucesceret
2091 4008 2184 4063 lux

604 4100 854 4156 scientiae
891 4102 940 4155 in
993 4100 1258 4155 cordibus
1286 4101 1516 4163 nostris.
1545 4088 1710 4168 atque
1735 4101 2045 4156 communis
2080 4100 2185 4155 uti-

596 4192 766 4248 litatis
814 4193 1026 4247 consilii
1082 4194 1314 4247 donaret
1373 4194 1655 4259 virtutem,
1714 4193 2184 4264 cogitationesque

595 4289 768 4343 bouas
806 4287 872 4341 ad
909 4287 1420 4343 determinationem
1454 4288 1648 4358 optimi
1675 4288 1841 4343 vestri
1875 4287 2175 4358 propositi:

595 4380 742 4452 quod
759 4388 812 4434 et
841 4379 990 4444 fecit.
1022 4395 1148 4435 cum
1176 4389 1323 4436 esset
1347 4382 1618 4452 benignus
1634 4391 1802 4451 atque
1837 4382 2174 4437 misericors.

664 4465 1144 4523 Consideravimus
1179 4469 1368 4539 igitur,
1411 4469 2178 4535 sanctissimi,contaminatae

597 4559 836 4615 nationis
862 4569 1257 4629 cognoscentes
1280 4569 1469 4616 contra
1496 4577 1600 4616 nos
1631 4548 2060 4626 infestationem,
2087 4577 2178 4615 re-

596 4656 770 4708 tinere
796 4653 898 4708 hos
931 4653 1026 4723 qui
1051 4653 1204 4708 missi
1245 4662 1398 4716 sunt,
1421 4664 1476 4708 et
1501 4655 1791 4723 prohibere
1822 4655 2177 4726 appropriate

597 4746 681 4801 bis
707 4745 774 4800 ad
801 4761 942 4816 quos
984 4744 1241 4800 destinati
1285 4755 1445 4800 sunt:
1473 4747 1740 4800 ducentes
1795 4748 1896 4803 bos
1959 4749 2014 4802 in
2055 4762 2174 4802 mc-

591 4838 743 4892 dium
773 4845 1042 4901 nostrum,
1065 4845 1120 4892 et
1147 4837 1507 4891 admonentes
1536 4838 1858 4906 plurimum.
1900 4854 1969 4893 ne
1997 4839 2167 4895 indu-

592 4938 779 4985 cerent
801 4931 1188 4997 turbationem,
1210 4930 1340 4996 imo,
1365 4941 1423 4985 ut
1442 4929 1736 5002 specialius
1754 4930 2032 4990 dicamus.
2062 4933 2178 4986 exi-

594 5023 730 5075 tium
759 5023 1195 5092 quiescentibus,
1220 5031 1275 5077 et
1305 5022 1396 5078 Dei
1443 5022 1615 5093 gratia
1649 5022 1958 5092 pacificatis
1988 5021 2176 5078 Eccle-

594 5114 712 5180 siis,
745 5115 826 5169 vel
851 5116 1053 5185 populo
1081 5115 1470 5171 miserabiliter
1492 5116 1626 5186 jugo
1645 5115 1930 5170 servitutis
1951 5115 2172 5179 alllicto,

593 5215 648 5262 et
699 5207 1122 5276 importabilium
1177 5207 1423 5262 illatione
1496 5207 1829 5261 tributorum
1886 5221 2171 5276 oppresso.

593 5301 661 5352 At
697 5299 771 5353 illi
807 5300 922 5354 haec
952 5300 1179 5355 moleste
1209 5298 1471 5366 ferentes,
1507 5298 1784 5362 dicebant,
1826 5299 1954 5368 quia
1992 5299 2042 5352 iu
2070 5300 2174 5352 hoc

593 5391 852 5446 destinati
907 5407 1119 5452 sumus.
1149 5402 1209 5446 ut
1241 5391 1528 5448 tradamus
1580 5401 1802 5446 nostras
1840 5389 1895 5446 in
1938 5401 2166 5444 mortem

592 5479 805 5536 animos
836 5497 932 5551 pro
962 5481 1225 5546 Ecclesia,
1259 5491 1312 5537 et
1331 5482 1665 5552 propositum
1703 5481 2035 5536 sanctissimi
2065 5497 2163 5550 pu-

593 5571 848 5628 triarchae
873 5589 937 5629 ac
970 5574 1349 5644 piissimornm
1377 5575 1766 5646 imperatorum
1802 5574 2166 5645 perducamus

671 5752 718 5784 “
746 5751 908 5808 Prov.
961 5770 1018 5818 ιι,
1060 5754 1143 5809 ll.

2291 3101 2391 3136 σαν
2429 3084 2526 3156 τὴν
2568 3083 2961 3152 περιπέτειαν·
3001 3083 3449 3151 καταπλαγέντες
3481 3084 3539 3136 δὲ
3572 3084 3668 3137 καὶ
3707 3101 3887 3136 καταο

2289 3176 2547 3244 νυγέντες
2582 3176 2680 3246 τὴν
2709 3176 2958 3246 καρδίαν,
2988 3176 3223 3247 δάκρυσί
3251 3193 3311 3229 τε
3349 3174 3709 3246 συσχεθέντες
3750 3178 3890 3242 Osp-

2290 3273 2412 3338 μοῖς
2443 3270 2536 3322 ἐπὶ
2562 3268 2638 3338 τῷ
2669 3268 2898 3339 τοιούτῳ
2927 3269 3026 3338 τῆς
3049 3269 3358 3339 διηγήσεως
3383 3269 3645 3339 Θαύματι,
3671 3271 3766 3324 καὶ
3800 3271 3888 3340 τῷ

2291 3359 2581 3430 παραδόξῳ
2595 3359 2688 3427 τῆς
2711 3357 2970 3428 τοιαύτης
3001 3357 3324 3427 μεταϐολῆς,
3353 3358 3483 3428 ἔστη
3495 3377 3594 3429 μεν
3617 3360 3699 3422 εἰς
3716 3375 3889 3430 1:90:-

2287 3453 2454 3522 ευχὴν
2510 3451 2586 3513 ὡς
2623 3450 2937 3522 ἁμαρτωλοὶ
2979 3452 3119 3521 μετᾶ
3169 3450 3340 3519 φόϐου
3373 3451 3471 3505 καὶ
3500 3451 3744 3522 τρόμου·
3782 3453 3885 3505 καὶ

2288 3544 2364 3614 τῷ
2393 3543 2636 3597 ποιοῦντι
2670 3542 2851 3596 πάντα
2879 3544 2972 3596 καὶ
3007 3543 3474 3612 μετασκευάζοντι
3503 3546 3644 3615 πρὸς
3667 3546 3730 3597 τὸ
3757 3545 3883 3615 βέλ-

2286 3655 2400 3692 τιον
2437 3635 2882 3708 προσαγηοχότες
2914 3635 3014 3706 τὴν
3059 3636 3379 3707 πρέπουσαν
3406 3637 3640 3697 αἴγεσιν,
3667 3637 3882 3708 ᾐτησὰ-

2291 3728 2433 3800 μεοα
2465 3731 2564 3800 τὴν
2598 3729 2764 3782 αὐτοῦ
2808 3729 3045 3792 ἐκτενῶς
3091 3729 3401 3799 ἁγαοότητα
3429 3730 3539 3784 τῶν
3578 3731 3884 3800 ἐλαχίδτωδ

2285 3821 2444 3892 ἡμῶν
2496 3822 2750 3890 γενέσθαι
2783 3825 2840 3876 ἐν
2885 3823 3061 3893 μέσῳ,
3114 3823 3211 3876 καὶ
3253 3823 3341 3878 διὰ
3368 3825 3692 3894 Πνεύματος
3723 3826 3879 3894 ἁγίου

2285 3913 2594 3983 ἐπιλάμψαι
2628 3913 2743 3983 φῶς
2772 3913 3030 3983 γνώσεως
3055 3914 3112 3967 ὲν
3141 3915 3260 3977 ταῖς
3291 3913 3544 3986 καρδίαις
3572 3916 3755 3984 ἡμῶν,
3786 3918 3879 3967 καὶ

2286 4005 2652 4074 κοινωφελοῦς
2675 4005 2872 4076 βουλῆς
2901 4005 3232 4076 χαρίσασθαι
3259 4005 3514 4081 δύναμιν,
3539 4012 3637 4060 καὶ
3668 4008 3873 4069 ἑννοίας

2283 4097 2496 4165 ἀγαθὰς
2530 4097 2666 4170 πρὸς
2707 4098 3014 4169 περαίωσιν
3057 4099 3156 4168 τῆς
3197 4098 3430 4169 ἀρίστης
3465 4099 3626 4169 ὑμῶν
3676 4099 3875 4168 πωθέο

2285 4206 2453 4253 σεως*
2481 4189 2510 4242 ὃ
2543 4189 2608 4261 δὴ
2644 4193 2736 4244 καὶ
2768 4190 3024 4262 ἐποίησεν
3066 4189 3272 4262 ἀγαθὸς
3308 4187 3386 4244 ῶν
3429 4191 3527 4245 καὶ
3568 4191 3876 4263 φιλάνθρω·

2281 4303 2404 4350 πος.

2349 4472 2674 4542 Συνείδομεν
2712 4469 3027 4540 τοιγαροῦν,
3058 4469 3360 4540 ἁγιώτατοι
3379 4513 3395 4536 ,
3431 4473 3526 4526 τοῦ
3556 4475 3762 4544 μιαροῦ
3785 4494 3867 4543 γι-

2275 4566 2579 4628 νώσκοντες
2599 4562 2786 4624 ἔθνους
2815 4563 2914 4634 τὴν
2947 4562 3024 4626 ὡς
3060 4563 3212 4632 ἡμᾶς
3253 4564 3564 4634 ἀπέχθειαν
3583 4606 3599 4628 ,
3625 4567 3869 4635 ἐπισχεῖν

2273 4657 2404 4719 τοὺς
2431 4653 2873 4718 ἀποσταλέντας,
2926 4655 3025 4708 καὶ
3073 4653 3321 4708 κωλῦσαι
3362 4658 3736 4724 προσεγγίσαι
3761 4661 3869 4717 τοῖς

2275 4751 2418 4819 πρδς
2447 4745 2542 4809 οὓς
2597 4745 3376 4813 ἀοιτεστάλησαν,ἀγαγόντες
3432 4746 3640 4810 αὐτοὺς
3701 4748 3868 4816 μέσον

2275 4836 2452 4908 ἡμῶν,
2482 4835 2576 4890 καὶ
2607 4835 3037 4906 νουθετήσαντες
3066 4835 3298 4889 πλεῖστα
3326 4835 3401 4906 μὴ
3432 4833 3745 4906 ἐπαγαγεῖν
3771 4841 3866 4892 τά·

2275 4945 2464 4998 ραχον,
2500 4926 2704 4998 μᾶλλον
2756 4925 2814 4979 δὲ
2854 4928 3031 4980 εἰπεῖν
3081 4927 3303 4999 ὄλεθρον
3345 4925 3688 5000 οἰκειότερον
3738 4934 3870 5000 ἠρε-

2279 5025 2505 5094 μούσαις
2532 5023 2629 5078 καὶ
2665 5022 2802 5076 Θεοῦ
2829 5023 3016 5093 χάριτι
3041 5023 3868 5096 εἰρηνευούσαιςἘκκλησίαις,

2273 5117 2372 5170 καὶ
2415 5115 2531 5188 λαῷ
2589 5115 3032 5188 ταλαιπωροῦντι
3067 5117 3318 5179 δουλείας
3358 5117 3548 5186 ζυγῷ,
3587 5120 3686 5172 καὶ
3743 5119 3872 5172 δυσ-

2273 5209 2506 5262 εκτίτων
2531 5210 2718 5280 φόρων
2735 5210 3044 5281 πιεζομένῳ
3062 5210 3330 5283 ἐπαγωγῇ
3349 5229 3363 5241 ·
3383 5214 3432 5264 oi
3448 5213 3506 5265 δὲ
3519 5213 3871 5284 δυσανασχε-

2274 5300 2494 5363 τοῦντες
2519 5301 2731 5368 ελεγον,
2765 5301 2844 5363 ὡς
2895 5302 2977 5365 εἰς
3009 5301 3172 5356 τοῦτο
3219 5302 3637 5374 ἀπεστάλημεν.
3691 5322 3872 5372 παρα-

2271 5393 2454 5447 δοῦναι
2479 5393 2578 5455 τὰς
2606 5392 2819 5445 ἑαυτῶν
2837 5392 2929 5456 Εἰς
2958 5393 3188 5447 Θάνατον
3207 5394 3387 5464 ψυχὰς
3421 5394 3563 5465 ὑπὲρ
3597 5395 3707 5464 τῆς
3745 5397 3871 5448 Ἐπιο

2279 5485 2534 5553 κλησίας,
2569 5485 2664 5538 καὶ
2688 5485 2789 5556 τὴν
2829 5485 3090 5555 πρόθεσιν
3121 5485 3214 5539 τοῦ
3242 5487 3550 5554 ἀγιωτάτον
3583 5486 3870 5558 πατριάρο

2276 5592 2372 5646 χου
2407 5577 2503 5629 καὶ
2531 5575 2640 5628 τῶν
2685 5574 2927 5628 εύσεϐῶν
2977 5575 3244 5645 βασιλέων
3273 5578 3352 5640 είς
3393 5576 3570 5648 πέρας
3604 5578 3866 5644 ἀγαγεῖν.

1220 5753 1267 5784 ⁸⁷
1291 5754 1383 5810 Gr.
1439 5753 1608 5819 addit,
1656 5773 1674 5807 ι
1711 5753 1944 5811 niaxime
1979 5752 2225 5809 horribili
2265 5771 2308 5810 οι
2336 5752 2483 5822 quod
2517 5749 2685 5808 etiam
2715 5748 2997 5822 epitheton
3023 5747 3219 5822 legitur
3260 5749 3313 5805 in
3348 5767 3451 5807 ms.
3485 5748 3742 5822 Jolyano.
