4088 6502
589 351 726 412 M75
1679 353 1739 411 S.
1771 340 2079 412 TABASII
2120 348 2148 409 Ι

2252 346 2626 408 ’ΒΙΑΒΟΗᾸΞ
2666 347 2775 408 CP.
3731 346 3882 409 M76

584 475 708 515 nem
737 467 791 513 et
818 457 1504 521 abolitionem,collectam.
1536 457 1647 515 Vos
1676 467 1883 522 autem,
1916 457 2148 512 sanctis-

2256 456 2504 527 αλείψει·
2535 455 2691 527 ὑμεῖς
2725 457 2803 522 δὲ,
2840 457 3174 527 ἁγιώτατοι,
3228 462 3673 532 πεπυρσευμένοι
3728 466 3878 535 θείῳ

584 552 711 605 simi
768 551 952 605 divino
1004 551 1260 605 illustrati
1320 552 1438 605 zelo
1464 592 1480 617 ,
1513 561 1913 605 consentaneos
1944 564 2148 619 quoqut

2268 547 2417 620 ζήλῳ
2455 548 2831 619 ὑπάρχοντες.
2863 548 3185 622 σῦμφρονάς
3228 569 3289 605 τε
3323 555 3449 618 τοὺς
3471 554 3656 629 δικαίᾳ
3683 558 3877 629 ψήφῳ

584 644 844 696 habentes
871 642 1133 697 divinitus
1158 643 1565 697 conservandos
1590 642 1863 708 dominos,
1888 642 1980 711 qui
2013 641 2148 710 justi

2268 639 2405 693 Θεοῦ
2436 638 2748 710 βασιλεύειν
2797 642 2953 711 ὑμῶν
2996 642 3399 714 προκριθέντας
3446 647 3875 716 θεοτυλάκτους

582 733 802 785 deero-to
834 730 928 785 Dei
958 732 1008 784 in
1036 732 1191 785 vobis
1225 735 1495 801 imperare
1527 732 1870 801 praeordinati
1916 740 2065 798 sunt,
2088 734 2162 785 si-

584 822 697 875 mul
724 823 891 876 etiam
944 830 998 876 et
1041 840 1069 875 a
1103 824 1219 875 Deo
1259 824 1653 892 protegendum
1700 831 1755 877 et
1803 823 2161 878 muniendum

582 925 831 970 senatum
864 914 1154 985 praevalete
1194 924 1247 968 et
1282 915 1513 969 viriliter
1540 916 1715 984 agite,
1743 925 1794 969 et
1822 913 2163 969 confortetur

582 1022 677 1059 cor
750 1016 991 1061 vestrum
1044 1007 1134 1069 ",
1191 1022 1408 1061 omnem
1466 1008 1887 1063 inobedientiatn
1947 1016 2164 1076 προδιο-

581 1098 688 1152 lice
738 1098 1103 1158 ulciscentes.
1144 1108 1199 1153 et
1254 1100 1320 1152 ad
1381 1098 1580 1154 Christi
1640 1099 2001 1153 obedientiam
2064 1114 2161 1153 co-

581 1199 851 1259 aptantes.

652 1280 789 1335 Illud
837 1291 1022 1335 autent
1071 1292 1331 1352 tanquant
1381 1285 1751 1337 necessarium
1784 1298 1949 1353 penes
1973 1282 2160 1353 ponti-

579 1374 791 1429 llcalem
833 1375 1041 1444 apicem
1074 1386 1313 1429 vestrum
1359 1377 1818 1431 commonendum
1866 1376 2156 1443 ducimus;

579 1478 640 1521 ut
666 1467 711 1522 si
744 1466 1084 1536 bencplacito
1117 1478 1439 1521 cunctorum
1476 1467 1617 1537 regis
1640 1510 1655 1534 ,
1681 1466 1884 1521 Christi
1912 1467 2159 1522 videlicet

584 1556 673 1613 Dei
707 1560 902 1618 nostri.
926 1566 976 1611 et
1000 1573 1189 1611 eorum
1208 1557 1299 1625 qui
1324 1574 1447 1611 cum
1472 1573 1537 1612 eo
1557 1573 1784 1625 regnare
1813 1567 2154 1625 meruerunt,

582 1649 674 1703 Dei
710 1650 916 1703 scilicet
942 1649 1245 1703 amicorum
1265 1660 1317 1704 et
1341 1650 1793 1715 triuutpltatorum
1812 1649 2155 1703 dominorum

578 1753 917 1805 nostrorum,
965 1739 1251 1794 volueritis
1296 1741 1573 1794 celebrare
1604 1740 1871 1811 synodum
1899 1760 1912 1795 :
1941 1757 2008 1794 tte
2040 1755 2157 1795 mo-

578 1833 713 1887 lesta
778 1830 931 1884 vobis
985 1840 1243 1898 appareat
1292 1832 1453 1885 trium
1489 1832 2147 1901 apostolicarumsediutn

578 1922 847 1975 ulmorum
882 1919 1342 1988 patriarcharum,
1400 1929 1453 1975 et
1507 1920 1979 1975 sanctissimorutn
2033 1922 2153 1991 epi-

577 2025 891 2080 scoporum,
923 2010 1015 2079 qui
1050 2010 1154 2064 sub
1186 2010 1320 2079 ipsis
1349 2010 1591 2080 degunt,
1624 2012 1868 2066 absentia
1893 2050 1908 2077 ,
1948 2027 2052 2065 non
2085 2026 2150 2065 ex

576 2107 795 2177 proprio
818 2122 1011 2161 eorum
1058 2106 1314 2161 accidens
1366 2108 1678 2176 proposito,
1712 2108 1805 2161 sed
1847 2122 1915 2162 ex
1961 2117 2151 2161 tenen-

579 2198 713 2250 tium
751 2212 846 2251 seu
899 2197 1300 2251 dominantium
1358 2197 1466 2251 illis
1524 2197 1858 2251 terribilibus
1898 2198 2064 2252 minis
2098 2207 2153 2253 et

574 2290 871 2345 mortiferis
904 2290 1105 2360 pomis.
1135 2289 1249 2345 Hoc
1282 2301 1463 2344 autem
1490 2292 1748 2346 subtilius
1787 2300 1872 2346 est
1896 2292 2149 2347 conside-

575 2382 805 2437 randum
841 2382 1005 2435 etiam
1042 2382 1113 2436 ab
1174 2382 1290 2451 ipsa
1340 2397 1496 2438 sacra
1558 2392 1614 2437 et
1670 2383 1963 2438 universali
1998 2393 2149 2439 sexta

573 2475 804 2544 synodo,
840 2473 894 2525 in
926 2488 1033 2542 qua
1058 2474 1239 2528 nnllns
1272 2489 1461 2527 eorum
1505 2474 1599 2543 qui
1638 2488 1736 2543 per
1766 2475 1907 2529 idem
1941 2484 2151 2545 tempus

575 2562 631 2615 in
676 2562 761 2615 his
792 2562 1039 2631 partibus
1081 2562 1318 2631 episcopi
1361 2573 1537 2627 erant,
1563 2565 1880 2619 convenisse
1903 2576 2149 2633 repertus

574 2659 659 2705 est
690 2661 907 2720 propter
953 2653 1315 2707 obscenorum
1348 2652 1728 2707 obtinentium.
1772 2653 1877 2707 Sed
1936 2655 2145 2709 nullum

571 2755 638 2795 ex
673 2742 775 2797 hoc
800 2752 1003 2797 sancta:
1030 2742 1259 2798 adhaesit
1285 2744 1495 2813 synodo
1537 2744 1941 2813 praeiudicium:
1972 2761 2148 2815 neque

573 2835 718 2891 vires
741 2836 930 2890 habuit
953 2836 1250 2907 prohibitio
1277 2836 1458 2906 aliqua
1483 2839 1755 2892 statuendi
1781 2847 1836 2893 et
1860 2837 2145 2893 manifesta

575 2926 814 2981 faciendi
844 2937 993 2981 recta
1020 2926 1275 2996 dogmata
1308 2927 1545 2996 pietatis,
1568 2928 1841 2996 praecipue
1865 2944 1988 2982 cum
2020 2945 2148 2983 san-

570 3020 849 3074 ctissimus
880 3028 935 3074 et
967 3019 1305 3088 apostolicus
1339 3035 1473 3088 papa
1522 3017 1804 3074 Romanus
1845 3021 2146 3075 concorda-

570 3112 735 3174 verit,
762 3122 818 3165 et
853 3112 907 3165 in
957 3126 1018 3164 ea
1054 3111 1310 3166 inventus
1344 3110 1417 3165 sit
1467 3126 1561 3179 per
1588 3111 1969 3178 apocrisiarios
1993 3127 2144 3168 suos.

576 3204 826 3267 Btnunc,
858 3201 1210 3267 sanctissimi,
1248 3204 1350 3257 hoc
1366 3217 1490 3257 cum
1534 3202 1739 3256 auxilio
1768 3201 1860 3256 Dei
1895 3203 2147 3258 similiter

571 3297 686 3351 llat.
714 3294 850 3350 Nam
885 3296 1027 3350 sicut
1055 3305 1183 3351 tunc
1210 3295 1356 3350 illius
1381 3296 1515 3349 fides
1542 3296 1596 3348 in
1632 3295 1782 3351 orbis
1835 3304 1991 3351 terra:
2025 3312 2142 3367 per-

572 3387 760 3440 sonuit
795 3384 956 3451 liues,
990 3386 1063 3439 ita
1116 3395 1171 3439 ct
1225 3385 1416 3455 synodi
1451 3401 1570 3453 qua:
1608 3401 1756 3440 nunc
1795 3402 1891 3454 per
1914 3389 2145 3456 gratiam

572 3475 668 3530 Dei
720 3468 1101 3545 congreganda
1151 3486 1235 3529 est
1266 3492 1363 3545 per
1387 3476 1837 3533 interventionem
1881 3488 2145 3545 vestram,

570 3576 627 3622 et
656 3566 773 3635 ejus
800 3567 894 3636 qui
926 3566 1236 3621 moderatur
1256 3568 1623 3636 aposwlorum
1652 3568 1911 3639 principis
1940 3570 2144 3634 sedem,

574 3658 959 3727 praedicabitur
997 3658 1052 3713 in
1100 3658 1251 3713 omni
1284 3659 1404 3712 loco
1451 3659 1547 3729 qui
1579 3662 1679 3714 sub
1708 3662 1823 3716 sole
1853 3671 1964 3727 est;
1996 3662 2145 3716 vide-

572 3749 700 3804 licet
750 3763 873 3817 qua:
906 3747 1186 3818 tyrannice
1216 3748 1497 3802 destructa
1543 3758 1701 3815 sunt,
1738 3752 1976 3820 erigens,
2007 3759 2061 3806 et
2090 3750 2144 3807 in

570 3840 848 3910 antiquam
913 3848 969 3894 et
1027 3839 1384 3909 apostolicam
1419 3842 1725 3897 reformans
1776 3842 2143 3901 traditionem.

572 3934 743 3991 Porro
772 3934 838 3987 ad
868 3933 1222 3988 munitionem
1257 3933 1544 3988 humilium
1588 3933 1896 3989 litterarum
1929 3948 2146 3991 nostra.

570 4044 718 4091 rum,
767 4025 1307 4095 satisfactionemque
1352 4026 1707 4081 beatitudinis
1754 4027 2146 4084 dominationis

572 4128 783 4182 vestrae,
806 4128 969 4187 atque
1006 4118 1269 4172 victorum
1324 4126 1378 4171 et
1426 4117 1883 4186 triumphatorutn
1910 4119 2145 4187 impera-

570 4224 753 4268 torum
814 4222 1150 4274 nostrorum,
1202 4209 1586 4279 conspeximus
1656 4212 1818 4266 etiam
1867 4213 2146 4283 exemplar

569 4303 971 4375 Synodicorum
995 4301 1266 4358 Theodori
1294 4311 1496 4358 sanctae
1528 4303 1806 4358 memoria:
1834 4301 2015 4359 Patris
2043 4319 2145 4359 no-

572 4392 671 4447 stri
718 4401 773 4445 et
813 4391 1138 4460 patriarchae
1187 4391 1688 4462 Hierosolymorum
1744 4392 2141 4460 subjiciendum

2265 730 2536 794 δεσπότας
2570 730 2808 801 ἔχοντες,
2838 732 2957 804 ἅμα
2982 732 3038 786 δὲ
3065 736 3160 787 καὶ
3176 736 3278 806 τὴν
3306 736 3573 809 θεοσκεπῆ
3606 740 3699 793 καὶ
3740 738 3873 792 θεο-

2264 820 2535 891 τείχιστον
2573 822 2905 892 σύγκλητον,
2967 824 3228 895 ίσχύσατε
3263 826 3357 879 καὶ
3387 828 3726 898 ἀνδρίζεσθε,
3762 831 3873 883 καὶ

2267 912 2651 983 κραταιούσθω
2684 916 2716 984 ὴ
2749 913 2950 986 καρδία
2984 915 3162 985 ὑμῶν,
3186 920 3369 972 πᾶσαν
3392 923 3676 992 παρακοὴν
3709 925 3871 977 ἀπο-

2267 1003 2535 1068 πολικῶς
2582 1005 3005 1075 διεκδικοῦντες,
3037 1010 3131 1063 καῖ⁵
3180 1012 3261 1074 είς
3318 1010 3416 1083 τὴν
3468 1014 3560 1067 τοῦ
3604 1016 3871 1087 Χριστοῦ

2264 1096 2514 1166 ὑπακοὴν
2544 1095 3009 1169 μεθαρμόζοντες.

2348 1274 2561 1327 Ἐκεῖνο
2610 1274 2669 1328 δὲ
2721 1276 3262 1350 ὑπομιμνήσκομεν,
3302 1285 3377 1348 ὡς
3416 1286 3709 1355 ἀναγκαῖον
3742 1288 3869 1361 τὴν

2265 1366 2590 1437 ίεραρχικὴν
2623 1367 2780 1439 ὑμῶν
2819 1370 3097 1441 κορυφὴν,
3134 1374 3251 1442 είγε
3302 1376 3517 1450 εὐδοκία
3562 1382 3655 1433 τοῦ
3687 1400 3866 1451 παμ-

2262 1458 2529 1522 ϐασιλέως
2584 1460 2826 1529 Χριστοῦ
2875 1462 2971 1515 τοῦ
3002 1463 3138 1517 Θεοῦ
3194 1466 3372 1536 ἡμῶν,
3411 1474 3504 1521 καὶ
3543 1472 3650 1525 τῶν
3686 1472 3866 1542 αὐτῷ

2264 1550 2689 1620 συμϐασιλεύειν
2747 1552 3071 1623 άξιωμένων
3118 1556 3553 1613 θεοσεϐεστάτων
3584 1564 3681 1616 καὶ
3710 1581 3865 1635 τρο-

2261 1643 2539 1713 παιούχων
2578 1643 2859 1697 δεσποτῶν
2886 1648 2917 1715 ὴ
2927 1646 3066 1716 μῶν,
3092 1646 3442 1721 βουληθείητε
3468 1656 3861 1726 συγκροτῆσαι

2262 1734 2502 1797 σύνοδον,
2532 1734 2609 1805 μὴ
2649 1734 2898 1807 ἐπαχθὴς
2954 1737 3083 1807 ὑμῖν
3112 1740 3309 1811 φανείη
3354 1741 3462 1794 τῶν
3507 1745 3672 1813 τριιῖιν
3704 1748 3864 1797 άπε-

2260 1826 2524 1879 στολικῶν
2554 1825 2762 1897 θρόνων
2817 1827 2928 1881 τῶν
2971 1830 3294 1897 ἁγιωτάτων
3336 1836 3703 1907 πατριάρχῶν,
3742 1839 3858 1890 καὶ

2257 1918 2367 1971 τῶν
2404 1918 2496 1972 ὑπ’
2520 1918 2720 1981 αὐτοὺς
2765 1920 3080 1976 ὁσιωτάτων
3110 1924 3428 1978 ἐπισκόπων
3463 1928 3494 1996 ἡ
3525 1928 3849 1999 ἀπόλειψις.

2259 2010 2334 2063 Οὐ
2361 2011 2470 2081 γάρ
2509 2008 2569 2074 ἐξ
2618 2010 2827 2074 οἰκείας
2876 2012 3057 2066 αὐτῶν
3112 2014 3174 2067 τὸ
3204 2015 3457 2085 ἐμποδὼν
3498 2018 3849 2089 προθέσεως,

2254 2102 2390 2180 me
2422 2103 2522 2171 τῆς
2554 2103 2665 2159 τῶν
2698 2103 3047 2176 κρατούντων
3098 2108 3195 2160 καὶ
3241 2111 3602 2180 κυριευόιτων
3653 2100 3851 2167 αὑτῶν

2258 2194 2712 2265 φρικωδεστάτης
2738 2197 3158 2267 ὲπαπειλήσεως
3189 2200 3283 2253 καὶ
3310 2200 3686 2274 θανατηφόρου
3713 2205 3851 2258 Em-

2255 2288 2555 2357 τιμήσεως.
2596 2288 2769 2342 Τοῦτο
2792 2288 2851 2343 δὲ
2890 2290 3040 2343 ἔστιν
3069 2285 3465 2364 ἀκριϐέστερον
3490 2296 3722 2348 συνιδεῖν
3737 2298 3849 2349 καὶ

2256 2377 2365 2431 άπὸ
2398 2377 2498 2447 τῆς
2525 2380 2689 2446 ἁγίας
2720 2381 2818 2433 καὶ
2871 2381 3263 2451 οίκουμενικῆς
3302 2382 3469 2454 ἕκτης
3508 2386 3749 2445 συνόδου,
3780 2389 3846 2441 ἑν

2256 2461 2290 2540 ᾖ
2319 2467 2495 2531 οὐδεὶς
2528 2468 2637 2522 τῶν
2661 2471 2800 2523 κατὰ
2823 2469 2917 2523 τὸν
2944 2470 3139 2543 καιρὸν
3154 2472 3361 2525 ἐκεῖνον
3385 2474 3443 2526 ἐν
3466 2474 3679 2538 τούτοις
3707 2478 3845 2529 tm-

2258 2560 2605 2614 σκοπούντων
2668 2564 2784 2625 τοῖς
2817 2562 3009 2635 μέρεσι
3036 2563 3330 2633 συναχθεὶς
3354 2564 3581 2637 εὓρηται
3616 2568 3711 2619 διὰ
3732 2569 3846 2639 τὴν

2254 2650 2364 2703 τῶν
2418 2650 2632 2723 μιαρῶν
2686 2653 3067 2721 ἐπικράτειαν.
3113 2653 3256 2726 Ἀλλ’
3284 2655 3405 2709 οὐδὲ
3452 2660 3515 2710 ἐκ
3542 2659 3737 2712 τούτου
3763 2663 3840 2730 τῇ

2253 2742 2384 2813 ἁγίᾳ
2442 2743 2645 2812 συνόδῳ
2703 2744 2988 2816 πρόκριμα
3037 2748 3373 2818 συνεπλάκη,
3431 2750 3538 2802 οὐδ’
3567 2747 3633 2803 αὖ
3688 2768 3844 2821 παρ-

2252 2832 2552 2901 ωμάρτησε
2580 2830 2817 2895 κώλυσις
2852 2851 2935 2897 τις
2974 2837 3366 2907 συστήσασθαι,
3412 2841 3506 2891 καὶ
3545 2840 3839 2911 κατάδηλα

2254 2922 2387 2973 πᾶσι
2443 2924 2667 2992 ποιῆσαι
2707 2923 2779 2975 τὰ
2807 2924 2945 2994 ὀρθά
2972 2923 3074 2993 τῆς
3100 2925 3378 2989 εὐσεϐείας
3404 2927 3651 2997 δόγματα
3674 2946 3688 2957 ·
3721 2930 3836 3000 μά-

2251 3010 2409 3064 λιστα
2436 3011 2530 3063 τοῦ
2554 3012 2860 3079 άγιωτάτου
2896 3015 2992 3067 καὶ
3029 3016 3390 3070 ἀποστολικοῦ
3421 3019 3580 3071 πάπα
3608 3020 3840 3090 Ῥώμης

2253 3105 2721 3175 συμφωνήσαντος
2746 3106 2884 3177 αὑτῇ
2926 3106 3021 3159 καὶ
3050 3109 3471 3179 συνευρεθέντος
3506 3111 3600 3163 διά
3622 3112 3735 3165 τῶν
3760 3115 3840 3164 ol-

2250 3198 2415 3249 κείων
2448 3198 2904 3270 άποκρισιαρίων.
2932 3200 3041 3253 Καὶ
3070 3200 3293 3271 ἀρτίως,
3329 3202 3656 3270 ἁγιώτατοι,
3674 3205 3838 3259 τοῦτο

2246 3289 2457 3355 γένοιτο
2488 3290 2583 3342 σὺν
2610 3289 2750 3360 Θεῷ.
2788 3292 2896 3345 Καὶ
2934 3290 2992 3344 ὃν
3029 3291 3231 3362 τρόπον
3263 3294 3573 3364 τηνικαῦτα
3614 3297 3834 3367 ἐκείνης

2248 3384 2281 3452 ἡ
2313 3383 2496 3445 πίστις
2525 3385 2605 3445 είς
2643 3383 2714 3437 τὰ
2739 3384 2839 3454 τῆς
2879 3384 3209 3455 οἰκουμένης
3266 3385 3531 3456 ἐξήχηται
3591 3389 3831 3460 πέρατα,

2245 3474 2387 3527 οὓτω
2410 3476 2505 3527 καὶ
2541 3474 2638 3543 τῆς
2664 3474 2783 3527 νυνὶ
2816 3475 3318 3548 ἀθροισθησομένης
3355 3479 3603 3548 Χριστοῦ
3633 3482 3827 3552 χάριτι

2249 3565 2466 3618 συνόδου
2496 3566 2585 3619 διὰ
2619 3566 2899 3635 μεσιτείας
2922 3566 3076 3636 ὑμῶν
3106 3567 3202 3621 καὶ
3227 3567 3321 3620 τοῦ
3353 3570 3833 3628 τὸν,άποστολιιιὸν

2247 3654 2437 3725 θρόνον
2470 3656 2564 3707 τοῦ
2618 3657 2920 3727 κορυφαίου
2977 3658 3292 3726 διέποντος,
3325 3662 3743 3733 κηρυχθήσεται
3773 3666 3832 3717 ὲν

2245 3744 2344 3815 δλῃ
2375 3747 2441 3815 τῇ
2475 3744 2564 3813 ὑφ’
2594 3744 2732 3815 ἡλίῳ
2751 3760 2766 3777 ο
2797 3744 2996 3816 δηλαδὴ
3027 3746 3097 3800 τά
3126 3748 3472 3819 τυραννικῶς
3518 3766 3828 3819 καταστρα-

2248 3835 2417 3905 φέντα
2443 3836 2782 3908 άνορθούσης
2812 3878 2828 3903 ,
2859 3840 2955 3890 καὶ
2982 3839 3063 3901 είς
3102 3838 3163 3890 τὸ
3191 3840 3417 3909 ἀρχαῖον
3438 3839 3831 3894 άποκαθιστὼο

2247 3947 2345 4002 σης
2372 3929 2515 3983 κατὰ
2545 3929 2646 4000 τὴν
2671 3928 3039 4000 άποστολικὴν
3068 3930 3390 4001 παράδοσιν.
3422 3932 3574 4003 Πρὸς
3618 3932 3675 3986 δὲ
3704 3932 3829 4003 όχὺ-

2249 4039 2415 4094 ρωσιν
2442 4021 2551 4074 τῶν
2588 4021 2824 4092 μετρίων
2857 4020 3017 4091 ἡμῶν
3049 4025 3415 4094 γραμμάτων,
3448 4024 3830 4095 πληροφορίαν

2244 4131 2301 4168 τε
2326 4115 2425 4184 τῆς
2452 4113 2723 4184 ὑμετέρας
2772 4111 3096 4183 δεσποτικῆς
3141 4114 3563 4186 μακαριότητος,
3597 4118 3692 4170 καὶ
3723 4116 3831 4170 τῶν

2244 4204 2482 4278 νικητῶν
2515 4205 2611 4259 καὶ
2646 4204 3030 4276 τροπαιούχων
3079 4205 3238 4276 ἡμῶν
3272 4206 3565 4277 βασιλέων,
3598 4209 3829 4263 συνεέδο-

2247 4315 2349 4369 μεν
2402 4298 2500 4351 καὶ
2558 4296 2621 4350 τὸ
2679 4297 2797 4349 ίσον
2852 4298 2949 4366 τῆς
3002 4296 3289 4367 συνοδικῆς
3335 4297 3619 4369 Θεοδώρου
3646 4300 3739 4353 τοῦ
3772 4302 3827 4353 ἐν

2246 4390 2423 4458 ἁγίοις
2452 4387 2668 4459 Πατρός
2718 4386 2875 4459 ἡμῶν
2906 4388 2998 4443 καὶ
3044 4389 3388 4461 πατριάρχου
3434 4391 3824 4463 Ἰεροσολύμων

574 4481 660 4538 bis
690 4497 812 4552 qua:
841 4483 1047 4553 scripta
1079 4490 1209 4538 sunt
1236 4498 1266 4537 a
1297 4485 1475 4538 nobis.
1509 4482 1662 4539 Hunc
1682 4494 1865 4539 autem
1896 4486 2138 4541 libellum

2252 4482 2511 4547 ὑποτάξαι
2534 4483 2647 4546 τοῖς
2684 4481 2775 4549 ὑφ’
2806 4479 2963 4551 ἡμῶν
2985 4484 3267 4551 γραφεῖσι.
3306 4482 3511 4539 Τοῦτον
3533 4483 3593 4537 δὲ
3622 4486 3718 4537 τὸν
3749 4485 3824 4536 ὶίο

572 4577 871 4631 secundum
906 4574 1123 4630 solitum
1157 4574 1413 4630 Ecclesia:
1443 4576 1627 4642 ritum,
1653 4577 1793 4631 idem
1818 4586 2021 4633 sanctae
2051 4594 2139 4633 re-

567 4665 903 4723 cordationis
932 4666 1153 4735 scripsit
1188 4666 1362 4722 beatis
1390 4675 1446 4722 et
1488 4668 1617 4722 almi
1648 4668 1868 4724 termini
1910 4670 2140 4724 sanctis-

570 4758 724 4814 simis
776 4758 1127 4828 patriarchis,
1163 4759 1375 4813 Cosma!
1432 4758 1640 4813 scilicet
1683 4761 2050 4824 Alexandriae,
2079 4776 2144 4815 ac

570 4848 863 4906 Theodoro
915 4850 1219 4905 Antiochia:
1260 4847 1748 4923 TheOpoleos;qni
1782 4860 1839 4905 et
1866 4852 2142 4919 reciproca

569 4938 841 5011 Synotlica
900 4955 1137 5005 eorum,
1172 4939 1297 4993 dum
1350 4940 1527 4993 adhuc
1580 4939 1819 5007 viveret,
1868 4941 2141 5008 recepisse

570 5032 930 5102 dignoscitur.
982 5032 1286 5087 Incolumes
1365 5046 1461 5085 vos
1537 5046 1633 5098 pro
1701 5031 1856 5088 nobis
1923 5041 2140 5086 orantes

570 5123 836 5180 Dominus
887 5133 1189 5190 conservet,
1222 5123 1551 5182 sanctissimi
1571 5123 1910 5181 ctdivinitus
1966 5122 2139 5177 hono-

569 5226 694 5269 ηιι.

642 5396 690 5430 ὀ
720 5394 738 5448 l
767 5395 892 5454 Cor.
938 5412 1047 5461 nt,
1089 5396 1167 5452 l5.

2236 4574 2421 4629 ϐελλον
2442 4574 2583 4629 κατὰ
2608 4573 2699 4627 τὸν
2720 4573 2925 4643 συνήθη
2949 4571 3150 4643 θεσμὸν
3182 4574 3279 4644 τῆς
3310 4574 3642 4646 Ἐκκλησίας
3670 4576 3700 4629 ό
3727 4576 3824 4631 αὑ-

2236 4668 2329 4730 τὸς
2354 4667 2416 4719 ὲν
2450 4666 2583 4734 ἁγίᾳ
2609 4667 2675 4737 τῇ
2702 4664 2852 4737 λήξει
2882 4665 3207 4735 γεγράφηκε
3239 4667 3352 4728 τοῖς
3402 4666 3698 4737 μακαρίοις
3735 4668 3825 4725 καὶ

2240 4758 2298 4809 ὲν
2322 4756 2445 4827 ὁσία
2467 4757 2534 4825 τῇ
2574 4754 2727 4825 λήξει
2782 4755 3111 4821 ἁγιωτάτοις
3174 4752 3562 4824 πατριάρχαις.
3595 4754 3820 4822 Κοσμᾷ,

2242 4847 2423 4917 φαμὲν
2452 4887 2466 4912 ,
2491 4846 2569 4916 τῷ
2613 4845 3045 4917 Ἀλεξανδρείας,
3076 4845 3170 4898 καὶ
3203 4844 3465 4915 Θεοδώρῳ
3505 4845 3584 4913 τῷ
3626 4846 3829 4898 Ἀντιστ-

2246 4940 2398 5009 χείας
2455 4939 2823 5003 Θεουπόλεως,
2854 4938 2913 5002 ὃς
2968 4939 3063 4991 κοιλ⁸
3106 4938 3172 4993 τά
3214 4937 3604 4991 άντισυνοδικὰ
3646 4936 3828 4991 αὐτῶν

2248 5033 2324 5085 ἔτι
2345 5031 2454 5096 ζῶν
2475 5030 3118 5102 ὲδέξατο.ΓΕρρωμένους
3147 5030 3292 5100 ὑμᾶς
3318 5030 3411 5082 καὶ
3431 5032 3566 5101 ἡμῖν
3585 5029 3819 5097 εὐχομέ-

2247 5139 2372 5186 νους
2419 5122 2448 5175 ὁ
2504 5120 2712 5194 Κύριος
2742 5120 3140 5192 διαφυλάξειεν,
3184 5119 3475 5191 ἁγιώτατοι
3525 5121 3621 5178 καὶ
3649 5117 3824 5174 θεοτίο

2250 5232 2433 5287 μητοι.
