3994 6524
114 324 260 388 1477

867 442 956 508 (τ’.

123 524 434 599 Ἀδελφοῖς
468 525 568 579 καί
589 529 1085 599 συλλειτουργοῖς
1113 529 1262 587 πᾶσι
1293 531 1419 596 τοῖς
1446 531 1703 585 ὁσιωτά-

182 596 717 671 ςριςῇἐπισκρπμοιςγ
762 597 885 671 τῆς
916 596 1321 671 ῥὶλοχρίστου
1373 600 1640 655 Σικελῶν
1661 606 1700 667 ⁸,

189 666 487 732 Ταρὰσιος
508 667 659 738 ἐλέῳ
685 669 834 721 Θεοῦ
865 666 1202 738 ἐπίσκοπος
1215 675 1701 727 Κωνσταντινουο

182 739 425 803 πόλεως
459 736 606 803 νέας
652 738 904 808 Ῥώμης.

182 829 248 882 0t
276 831 391 893 τοῖς
440 829 604 894 θείοις
665 831 848 902 σοφῶς
900 834 1313 905 ὲμμελετῶντες
1376 836 1576 907 λόγοις,
1609 836 1707 892 καὶ

110 919 511 993 ἑρευνητικῶς,
544 921 641 975 καὶ
666 922 726 975 οὐ
761 924 1165 993 παροδευτικῶς
1210 927 1269 991 ὲν
1306 926 1491 992 αὐτοῖς
1543 928 1708 986 ἐγκύ-

113 1029 368 1080 πτοντες,
386 1014 479 1067 καὶ
504 1013 599 1068 τνδν
630 1014 755 1070 νοῦν
783 1016 962 1070 αὐτῶν
996 1020 1062 1089 τῇ
1083 1020 1333 1093 εὐσεϐείᾳ
1362 1024 1458 1077 καὶ
1479 1025 1544 1095 τῇ
1576 1024 1709 1094 άλη-

112 1106 239 1177 θείᾳ
272 1106 729 1178 προσπηγνύντες
756 1147 772 1173 ,
812 1110 1140 1179 φωτίζονται
1201 1132 1319 1179 πως
1378 1116 1709 1186 θαυμαστῶς

108 1197 224 1250 ἀπὸ
256 1198 433 1269 ὀρέων
459 1200 787 1267 αἰωνίων,ὲξ
817 1202 1194 1259 άποστολικῶν
1224 1208 1583 1277 προφητικῶν
1614 1225 1703 1271 τε,

112 1288 289 1359 φημὶ,
321 1289 417 1343 καὶ
446 1290 731 1359 πατρικῶν
759 1292 1127 1364 διδαγμάτων,
1163 1296 1260 1349 καὶ
1290 1300 1357 1369 τῇ
1392 1298 1554 1373 αἴγλῃ
1578 1299 1710 1370 1r)-

112 1382 413 1453 αυγήσεως
482 1384 826 1454 προορῶνται
860 1386 953 1439 τον
1014 1386 1206 1458 κύριον
1260 1390 1492 1443 ἐνώπιον
1543 1390 1710 1445 αὐτοῦ

111 1474 438 1538 διαπαντὸς,
466 1474 561 1528 καὶ
585 1475 674 1529 διὰ
700 1476 801 1546 τῆς
820 1479 1132 1549 πρακτικῆς
1153 1479 1355 1550 ἀρετῆς
1377 1482 1515 1552 πρὸς
1565 1483 1705 1537 θεω-

116 1566 246 1638 ρίαν
274 1566 567 1634 ἀνάγονται
590 1581 605 1597 ·
637 1563 758 1622 εἶτά
785 1585 845 1621 τε
877 1570 971 1623 καὶ
1021 1569 1122 1642 τὴν
1167 1572 1509 1643 δογματικὴν
1571 1573 1715 1628 διδαο

119 1658 366 1712 σκαλίαν
399 1658 628 1723 ταύταις
658 1660 1083 1731 ἀναμιγνύντες,
1112 1665 1253 1731 σφᾶς
1279 1681 1337 1717 τε
1372 1665 1569 1729 αὐτοὺς
1617 1665 1714 1719 καὶ

115 1750 249 1812 τοὺς
280 1748 477 1813 ἄλλους
509 1750 646 1822 πρὸς
693 1752 795 1822 τὴν
831 1752 1095 1824 ἀλήθειαν
1147 1755 1587 1824 ὲκπαιδεύοντες,
1652 1759 1712 1811 τὸ
1744 1794 1787 1849 Β

116 1837 257 1913 ἦθος
288 1841 385 1896 τοῦ
420 1842 538 1913 βίου
573 1842 923 1915 ῥυθμίζουσι,
959 1846 1056 1900 καὶ
1081 1848 1186 1901 τῶν
1209 1850 1415 1919 γηΐνων
1444 1850 1712 1921 ὑπερανα-

118 1934 445 2004 6ε6ηκότες,
477 1934 548 1989 τὰ
569 1935 681 1988 ἂνω
725 1937 1008 2008 φρονοῦσι,
1067 1940 1164 1992 κα)⁵
1195 1939 1388 2012 ὥσπερ
1418 1941 1481 1994 τὸ
1510 1942 1709 2011 διαφαο

119 2026 215 2089 vt;
249 2026 394 2097 ὕδωρ
424 2028 767 2098 ἐπιμάσσεται
796 2028 906 2082 τῶν
930 2030 1252 2101 εἰσρεόντων
1284 2032 1382 2097 τὰς
1406 2032 1557 2101 ὄψεις
1618 2032 1713 2085 καὶ

120 2118 295 2171 αὐτοῦ
318 2119 412 2173 τοῦ
446 2120 599 2191 ἡλίου
630 2121 723 2175 τὸν
756 2121 955 2176 κύκλον
996 2123 1089 2176 καὶ
1117 2123 1228 2177 τῶν
1255 2125 1505 2194 οὐρανῶν
1528 2126 1593 2178 τὰ
1615 2124 1713 2178 κύ-

121 2228 215 2282 τη,
258 2211 403 2266 οῦτω
432 2215 529 2267 καὶ
557 2216 713 2268 αὐτοὶ
741 2216 860 2280 νόες
886 2216 1143 2289 καθαροὶ,
1175 2215 1256 2269 νοτ
1286 2216 1509 2289 καθαρῷ
1547 2235 1715 2289 προσ-

125 2303 477 2375 μιγνύμενοι,
510 2300 627 2360 οἷόν
647 2324 701 2360 τι
728 2309 1026 2379 ἐκμαγεῖον
1055 2308 1150 2361 καὶ
1180 2309 1490 2381 κάτοπτρον
1536 2309 1717 2378 γίνον-

120 2413 217 2451 ται
241 2397 341 2467 τῆς
372 2397 520 2462 θείας
549 2398 817 2469 δόξης,ὼς
841 2402 870 2453 ό
901 2399 1099 2470 Κύριος
1127 2400 1228 2473 ἔφη
1255 2417 1269 2431 ·
1308 2419 1329 2452 ι
1352 2402 1631 2473 Μακάριοι
1662 2402 1713 2456 οί

123 2490 361 2561 καθαροὶ
379 2493 445 2561 τῇ
471 2491 690 2563 καρδία,
720 2493 802 2544 ὅτι
832 2493 990 2545 αὐτοὶ
1020 2492 1112 2546 τὸν
1136 2492 1269 2546 Θεὸν
1294 2492 1515 2562 ὄψονται
1533 2510 1578 2546 ἰ
1618 2495 1713 2548 καὶ

121 2582 297 2648 ἀξίως
324 2581 479 2634 θύται
505 2584 600 2636 καὶ⁵
631 2584 797 2653 ίερεῖς
839 2584 934 2637 καὶ
998 2582 1337 2655 μυπηπόλοι
1395 2585 1714 2654 ἐκλέγονται

124 2674 223 2729 τοῦ
246 2673 373 2726 λαοῦ
413 2673 902 2745 προκαθεζόμενοι,
931 2675 1013 2727 ὅτι
1051 2675 1144 2728 καὶ
1182 2677 1312 2747 περὶ
1342 2675 1528 2730 αὐτῶν
1562 2678 1716 2749 εἴρη-

123 2783 221 2820 ται
247 2782 262 2795 '
291 2785 309 2819 ι
349 2766 526 2822 Ὅπου
556 2766 661 2820 είσὶ
678 2766 815 2837 δύοῆ
842 2770 990 2839 τρεῖς
1008 2769 1338 2839 συνηγμένοι
1367 2769 1461 2822 ἐπὶ
1490 2767 1568 2839 τῷ
1595 2768 1715 2821 όνόο

128 2858 264 2928 ματί
289 2876 414 2928 μου,
456 2860 574 2912 ἐκεῖ
613 2860 727 2930 είμι
790 2861 848 2912 ὲν
885 2859 1036 2930 μέσῳ
1074 2861 1272 2915 αὐτῶν.
1302 2879 1321 2914 ι
1359 2862 1585 2933 ⁸Ἄνδρες
1623 2857 1717 2914 οὖν

127 2948 438 3018 ἐπιθυμιῶν
466 2950 576 3002 τῶν
616 2950 711 3004 τοῦ
756 2949 1089 3020 πνεύματος,
1150 2951 1428 3022 ἀκούομεν
1488 2952 1573 3006 ὅτι
1623 2950 1716 3004 τὸν

127 3042 417 3096 κανονικὸν
444 3041 645 3112 θεσμὸν
673 3041 1054 3110 ίφυλάττοντες
1111 3043 1529 3115 συναθροίζεσθε
1591 3044 1714 3097 καθ’

1553 331 1958 393 EPISTOL/E.

3254 334 3389 398 H78

1811 526 2092 582 Fratribus
2143 540 2193 583 et
2243 530 2618 584 comministris
2677 530 2918 584 omnibus
2950 533 3300 587 sanctisvimis
3338 544 3388 587 et

1878 597 2075 670 Christi
2108 601 2410 654 amantibus
2440 603 2696 670 episcopis
2731 599 3072 662 Siculorum,
3137 602 3389 657 Turasim

1879 668 1974 790 [1ξεί
2008 672 2348 811 nauigatione
2381 668 2653 741 episcopus
2683 674 3209 742 Constantinopoleos
3248 691 3392 727 nova:

1927 749 2103 809 oma!(
2173 780 2189 795 .

1878 830 1984 896 Qui
2006 832 2188 887 divina
2218 834 2493 904 sapienter
2520 834 2853 889 meditantur
2882 836 3127 901 oracula,
3150 836 3386 890 curiose.

1808 939 1916 994 que
1949 924 2073 990 illa,
2124 942 2229 980 non
2281 925 2687 996 perfunctorie,
2719 930 3091 993 considerant,
3123 944 3395 998 suamque

1810 1023 2047 1069 mentem
2079 1016 2132 1069 in
2185 1018 2385 1086 pietate
2423 1034 2487 1071 ac
2520 1023 2750 1074 veritate
2775 1019 3038 1089 deligunt,
3097 1019 3133 1073 ii
3201 1020 3398 1073 illumi-

1811 1119 2013 1161 nantur
2039 1109 2359 1163 mirabiliter
2399 1125 2462 1164 ex
2500 1111 2780 1166 montibus
2814 1113 3055 1177 :eternis,
3081 1126 3145 1167 ex
3179 1123 3398 1181 aposto-

1812 1198 1940 1259 lico,
1968 1200 2213 1268 inquam,
2248 1208 2303 1253 et
2328 1201 2650 1270 pr0phetlco
2695 1203 3027 1273 Pati-umque
3057 1204 3395 1272 magisterio,

1813 1305 1877 1343 ac
1904 1290 2198 1359 splendore
2234 1292 2515 1345 radiorum
2548 1291 2668 1361 ejus
2699 1292 2990 1347 Dominum
3015 1310 3199 1347 coram
3229 1294 3397 1348 νι·1υ’ἰ

1812 1395 2029 1450 semper
2053 1390 2302 1450 spectant
2327 1421 2341 1443 ,
2384 1390 2438 1435 et
2472 1396 2569 1450 per
2614 1383 2844 1437 activam
2878 1386 3130 1440 virtutem
3167 1387 3232 1440 ad
3264 1402 3399 1441 con-

1816 1474 2229 1543 templationem
2284 1474 2653 1530 deducuntur.
2689 1476 2893 1531 Deinde
2919 1478 3003 1532 his
3036 1480 3397 1549 dogmaticam

1812 1581 2033 1635 quoque
2064 1566 2434 1621 admiscentes
2487 1567 2793 1622 doctrinam
2856 1569 3182 1639 semetipsos
3238 1582 3404 1642 atque

1813 1660 1952 1714 alios
1981 1660 2047 1714 ad
2071 1662 2352 1714 veritatem
2377 1659 2658 1726 ermliunt,
2682 1662 2806 1714 vitae
2837 1677 3017 1716 mores
3040 1676 3402 1731 componunt,

1814 1763 1868 1807 et
1899 1769 2065 1822 supra
2097 1768 2184 1808 res
2215 1763 2462 1808 terrenas
2498 1753 2647 1817 elati,
2685 1754 2932 1808 cmlestia
2961 1770 3238 1825 quaerunt.
3291 1774 3406 1812 cte-

1814 1844 1974 1899 lestia
1998 1844 2217 1911 sapiunt
2245 1861 2259 1897 :
2290 1859 2356 1898 ac
2378 1844 2548 1896 veluti
2572 1860 2711 1913 aqua
2746 1844 2968 1914 limpida
2998 1857 3192 1916 purgat
3217 1848 3405 1902 lavan-

1814 1936 1950 1989 tium
1980 1935 2191 1999 oculos,
2226 1942 2282 1989 et
2322 1935 2497 2004 ipsius
2531 1936 2663 1990 solis
2708 1935 2981 2006 sphaeram
3029 1947 3083 1991 et
3134 1939 3404 1994 caelorum

1813 2043 2075 2091 concava,
2117 2026 2200 2082 sic
2234 2036 2289 2081 et
2315 2027 2433 2081 ista:
2463 2043 2615 2097 pura:
2633 2037 2863 2092 mentes,
2890 2045 3040 2099 puras
3062 2033 3230 2086 menti
3257 2049 3403 2088 com.

1815 2118 2010 2183 mistaz,
2051 2131 2374 2187 eXpressum
2417 2117 2585 2171 veluti
2619 2117 2978 2171 simulacrum
3011 2121 3407 2191 speculumque

1816 2212 1953 2265 llunt
1975 2210 2161 2281 glori-.13
2184 2209 2406 2274 divinae,
2438 2218 2504 2287 ut‘
2534 2210 2609 2263 ait
2634 2208 2932 2265 Dominus:
2966 2227 2988 2265 ι
3019 2211 3165 2266 Beati
3201 2214 3407 2267 mundo

1814 2302 2017 2365 corde,
2058 2301 2319 2370 quoniam
2342 2300 2445 2371 ipsi
2486 2300 2657 2355 Deum
2687 2301 2951 2356 videbunt
2980 2321 2999 2355 ι
3046 2320 3059 2357 :
3103 2305 3407 2375 meritoque

1816 2393 2111 2449 sacriﬁculi
2139 2404 2195 2448 et
2219 2393 2534 2448 sacerdotes
2565 2401 2620 2447 et
2657 2401 2850 2462 mysta:
2880 2393 2946 2447 ad
2980 2395 3161 2463 populi
3196 2410 3407 2464 ιιι-ωου-

1815 2484 1984 2539 latum
2004 2484 2303 2553 eliguntur,
2335 2484 2463 2553 quia
2486 2483 2553 2538 de
2584 2483 2670 2538 his
2695 2484 2899 2539 dictum
2920 2483 3025 2538 fuit
3049 2501 3062 2537 :
3090 2503 3109 2537 ι
3147 2484 3244 2540 Ubi
3278 2495 3408 2541 sunt

1816 2576 1925 2630 duo
1956 2575 2040 2629 vel
2068 2584 2178 2630 tres
2204 2574 2413 2629 collecti
2448 2574 2503 2628 in
2535 2575 2755 2628 nomine
2785 2590 2929 2639 meo,
2965 2575 3039 2629 ibi
3062 2592 3184 2631 sum
3215 2578 3265 2631 in
3294 2593 3409 2634 me-

1817 2666 1907 2720 dio
1942 2680 2134 2719 eorum
2161 2666 2233 2718 ”.
2269 2682 2288 2715 ι
2314 2663 2358 2719 Ο
2390 2664 2491 2717 viri
2524 2662 2707 2733 itaque
2733 2662 3130 2718 desideriorum
3160 2664 3406 2735 spiritus,

1816 2757 2131 2813 audivimus
2172 2772 2271 2812 vos
2319 2757 2597 2812 canonica:
2638 2756 2741 2826 legi
2778 2757 3147 2828 obsequentes
3175 2774 3408 2830 congre-

1818 2853 1936 2921 gari
1968 2846 2147 2907 solere
2176 2850 2409 2921 singulis
2442 2850 2603 2904 armis
2652 2850 2723 2904 ob
2770 2851 3182 2920 dijudicandum
3220 2853 3286 2907 de
3311 2867 3408 2907 oc-

1818 2944 2169 3001 currentibus
2196 2944 2249 2998 in
2282 2943 2537 2998 universa
2558 2952 2740 2997 vestra
2763 2944 3045 3013 provincia
3076 2944 3409 3001 ecclesiasti-

1818 3038 1898 3093 cis
1930 3036 2197 3106 negotiis;
2241 3046 2298 3091 et
2331 3036 2474 3106 quod
2503 3038 2750 3106 apprime
2785 3037 3079 3091 Dominum
3115 3038 3407 3107 invocatis,

127 3137 362 3187 ἱκαστον
384 3134 575 3207 χρόνον
600 3135 692 3188 ἐπὶ
716 3134 778 3187 τὸ
800 3135 1099 3208 διακρίνειν
1127 3137 1196 3189 τά
1222 3138 1715 3208 παρατυγχάνοντα

1826 3138 1883 3185 ιιι
1905 3127 2144 3199 Spiritus
2190 3128 2421 3198 gratiam
2452 3127 2507 3181 in
2537 3144 2633 3182 vos
2669 3128 2993 3195 immittens,
3031 3128 3122 3184 det
3163 3140 3407 3184 vestrum

127 3225 562 3295 ἐκκλησιαστικὰ
590 3225 862 3296 κεφάλαια
887 3228 981 3280 ἐπὶ
1008 3228 1157 3299 πάσῃ
1181 3231 1246 3300 τῇ
1267 3230 1508 3300 ἐπαρχίᾳ
1540 3230 1717 3300 ὐμῶν,

127 3316 231 3367 καὶ
258 3320 472 3379 παντως
503 3315 848 3369 ἐπικαλεῖσθε
879 3317 970 3369 τὸν
1001 3318 1226 3389 Κύριον,
1297 3319 1384 3371 ἵνα
1419 3319 1518 3390 τὴν
1561 3320 1721 3392 χάριν

126 3407 227 3461 τοῦ
256 3407 572 3478 Πνεύματος
628 3408 1008 3479 καταπέμπων
1043 3409 1191 3480 ύμῖν,
1218 3409 1291 3482 δῷ
1322 3412 1539 3481 ἑκάστῳ
1565 3412 1720 3483 ὐμῶν

128 3498 289 3568 λόγον
328 3499 612 3563 συνέσεως,
646 3499 803 3568 λόγον
836 3500 987 3565 θείας
1023 3501 1247 3574 βουλῆς,
1280 3503 1441 3573 λόγον
1470 3503 1721 3574 φυλακῆς

131 3590 371 3644 ἐντολῶν
408 3591 566 3657 Θεοῦ,
598 3593 758 3662 λόγον
783 3594 1070 3665 τηρήσεως
1120 3596 1423 3649 κανονικῶν
1461 3597 1723 3668 διδαγμά-

128 3699 244 3735 των
290 3685 410 3747 ταῖς
451 3686 747 3755 κοσμικαῖς
799 3687 1046 3756 φροντίσι
1102 3689 1225 3752 ταῖς
1275 3689 1721 3760 ἐναντιουμέναις

128 3778 247 3838 τοῖς
270 3776 656 3847 προστάγμασι
685 3776 780 3832 τοῦ
809 3777 945 3832 Θεοῦ
974 3778 1188 3853 χαίρειν
1217 3779 1490 3849 λέγοντες,
1552 3798 1721 3834 πνευ-

133 3866 384 3935 ματικῶς
415 3868 764 3938 πνευματικὰ
796 3869 1145 3941 συγκρίνετε,
1205 3868 1279 3941 μὴ
1324 3869 1720 3943 προκρίναντες

128 3959 203 4013 τά
238 3959 552 4031 ἀνθρώπινα
585 3961 695 4018 τῶν
726 3962 1114 4033 πνευματικῶν
1140 3977 1153 3991 °
1186 3962 1346 4017 τοῦτο
1369 3964 1477 4033 γὰρ
1510 3964 1723 4035 ἀνθρω-

127 4052 298 4124 πίνης
328 4053 548 4123 χάριτος
574 4052 755 4126 ἔργον,
784 4055 847 4108 οὐ
891 4054 993 4126 τῆς
1021 4054 1114 4108 τοῦ
1165 4055 1481 4128 Πνεύματος
1504 4073 1518 4087 ο
1568 4058 1620 4109 τί
1664 4056 1722 4110 δέ

126 4149 241 4199 είσι
281 4147 348 4200 τά
383 4147 734 4216 πνευματικά
760 4165 775 4214 ;
801 4146 1165 4217 εὐαγγελικαὶ
1201 4149 1534 4218 ἀποφάσεις,
1580 4149 1721 4202 ἁπο-

129 4238 385 4293 στολικαὶ
414 4239 690 4309 διαταγαὶ,
727 4241 799 4294 τὰ
839 4240 950 4293 τῶν
1013 4240 1174 4295 θείων
1231 4241 1474 4295 κανόνων
1532 4240 1723 4295 διατά-

126 4345 356 4402 γματα·
384 4330 541 4394 ἐκτὸς
568 4329 677 4403 γὰρ
703 4328 927 4398 τούτων,
952 4330 1133 4402 κρίσις
1161 4329 1590 4405 ἑκκλησιαστικὴ
1622 4329 1726 4384 λοι·
1755 4324 1800 4381 ῐ)

126 4422 322 4496 δορίας
352 4422 506 4475 οὐδὲν
536 4420 648 4492 ἔχει
672 4420 858 4476 πλέον.

205 4513 301 4566 Διὸ
330 4513 422 4564 καὶ
451 4513 485 4583 ή
515 4511 646 4581 ἁγία
703 4511 943 4575 σύνοδος,
984 4511 1017 4580 ή
1064 4510 1206 4564 κατὰ
1249 4508 1385 4564 Θεοῦ
1435 4507 1597 4581 χάριν
1627 4510 1723 4564 κα)⁴

130 4603 395 4660 εὐδοκίαν
423 4602 874 4676 συναθροισθεῖσα
924 4603 982 4653 ὲν
1011 4600 1219 4672 Νικαία
1243 4602 1301 4653 ὲν
1349 4600 1461 4662 τοῖς
1507 4599 1724 4671 χρόνοις

130 4696 318 4767 ἡμῶν,
346 4696 425 4757 είς
456 4694 523 4765 ἢν
556 4695 650 4746 καὶ
679 4693 728 4746 οί
782 4691 1005 4755 πλείους
1036 4691 1191 4763 ὐμῶν
1245 4690 1524 4762 εὐρέθητε,
1584 4690 1726 4762 μετὰ

129 4793 194 4844 τὸ
242 4788 426 4863 ὁρίσαι
487 4787 808 4860 κρατεῐσθαι
865 4786 965 4859 τὴν
999 4785 1234 4856 ἀρχαίαν
1292 4783 1597 4855 παράδοσιν
1626 4782 1724 4854 τῆς

126 4883 298 4949 ἁγίας
335 4880 430 4935 τοῦ
457 4880 594 4934 Θεοῦ
642 4880 940 4949 καθολικῆς
985 4875 1335 4947 Ἑκκλησίας,
1363 4874 1725 4945 ἀποδέχεσθαι

126 4978 231 5036 τὰς
260 4974 466 5037 σεπτὰς
494 4976 584 5028 καὶ
617 4974 778 5044 ἁγίας
810 4973 1045 5036 είκόνας,
1064 4970 1159 5025 καὶ
1191 4968 1502 5039 ἀναθέματι
1543 4985 1724 5040 παρα-

129 5066 433 5137 πέμπουσα
450 5067 577 5130 τούς
597 5067 945 5138 αἱρεσιὼτας,
967 5064 1062 5127 οὒς
1082 5062 1726 5134 Χριστιανοκατηγόρους

130 5160 229 5215 καὶ
260 5158 693 5222 Εἱκονοκλάστας
721 5161 755 5231 ἡ
779 5158 1007 5230 ἀλήθεια
1045 5156 1349 5225 ὠνόμασεν,
1367 5156 1691 5227 ἀπεφήνατο
1710 5172 1724 5185 ·

133 5251 235 5303 καὶ
262 5250 421 5303 αὐτοὶ
455 5249 755 5304 ἐπίστασθε
784 5250 961 5304 πάντα
982 5251 1050 5303 τὰ
1082 5247 1344 5303 κανονικὰ
1380 5247 1728 5316 διατάγματα

132 5341 561 5415 ἁπαρατρῶτως
619 5343 1009 5415 ἀναμφιϐόλως
1054 5340 1421 5411 φυλάττεσθαι
1464 5340 1560 5395 καὶ
1588 5356 1727 5411 κρα-

128 5434 353 5489 τεῖσθαι
382 5435 633 5505 άμείωτα
659 5434 812 5506 παρὰ
842 5434 1061 5488 πάντων
1088 5433 1247 5505 ὐμῶν
1286 5431 1481 5505 ἱερέων
1510 5431 1606 5486 καὶ
1640 5449 1730 5504 μου

206 5549 256 5581 ὀ
297 5548 488 5606 Matth.
520 5566 675 5615 xvnr,
699 5549 788 5605 20.

210 5663 289 5731 (l)
322 5662 456 5716 Vide
484 5662 629 5717 dicta
655 5662 894 5717 breviter
920 5676 948 5714 a
981 5660 1136 5716 nobis
1169 5662 1222 5713 in
1260 5670 1416 5731 parte
1445 5661 1632 5717 Graeca
1667 5673 1720 5731 ρ.

133 5729 537 5801 465.1nsuper
563 5734 871 5788 ale'l‘arasio
899 5729 1270 5801 Nicephorum
1298 5742 1435 5797 part.
1469 5735 1566 5785 lat.
1587 5746 1640 5801 p.
1668 5729 1722 5793 3,

137 5806 308 5875 cujus
328 5801 659 5860 laudabilem
685 5815 867 5862 actum
906 5802 978 5857 ibi
1008 5812 1366 5857 memoratum
1407 5801 1595 5873 inique
1632 5815 1723 5855 re-

1824 3222 2120 3291 unicuique
2142 3221 2449 3276 doctrinam
2491 3221 2880 3293 intelligentize,
2921 3223 3229 3277 doctrinam
3264 3222 3408 3277 divi-

1824 3329 1908 3368 nae
1946 3314 2284 3379 voluntatis,
2344 3313 2651 3368 doctrinam
2709 3317 2973 3370 custodia:
3023 3317 3407 3373 mandatorum

1828 3402 1944 3467 Dei,
1984 3405 2288 3460 doctrinam
2317 3405 2679 3461 observantiae
2701 3422 2976 3462 canonum
3008 3426 3023 3462 :
3054 3417 3109 3463 et
3139 3412 3285 3479 quod
3317 3410 3411 3463 de—

1826 3496 1993 3566 nique
2030 3495 2324 3551 mundanis
2355 3497 2505 3552 curis
2529 3537 2546 3564 ,
2577 3513 2700 3567 qua:
2734 3498 2937 3553 divinis
2988 3500 3275 3569 praaceptis
3308 3501 3410 3555 ad-

1825 3600 2140 3649 versantur.
2176 3590 2297 3643 vale
2319 3589 2588 3651 dicentes,
2615 3590 2936 3658 spiritaliter
2959 3593 3223 3660 spiritalia
3259 3595 3412 3665 judi-

1825 3680 1964 3733 catis
1986 3719 2001 3743 ,
2056 3680 2296 3734 humana
2350 3680 2691 3749 spiritalibus
2726 3695 2834 3734 non
2878 3692 3275 3752 anteponentes
3310 3704 3323 3740 :
3357 3684 3412 3743 id

1824 3771 1969 3823 enim
2003 3770 2255 3825 humanae
2284 3771 2475 3841 gratias
2507 3770 2744 3826 cilicium
2782 3782 2889 3837 est,
2925 3790 3030 3828 non
3066 3775 3213 3831 illius
3241 3792 3408 3846 quant

1824 3863 2064 3933 Spiritus
2088 3862 2202 3916 dat.
2243 3862 2504 3928 Quaenam
2533 3874 2713 3917 autem
2745 3875 2873 3918 sunt
2905 3866 3214 3934 spiritalia?
3244 3883 3412 3922 evan-

1826 3955 1995 4025 gelica
2038 3970 2229 4026 nempe
2258 3966 2526 4025 praecepta
2548 3996 2564 4021 ,
2598 3955 2910 4026 apostolicae
2963 3960 3411 4026 constitutiones,

1826 4063 2112 4102 sacrorum
2148 4064 2423 4105 canonum
2462 4049 2858 4104 ordinationes.
2896 4049 3118 4120 Absque
3146 4052 3230 4106 his
3263 4053 3409 4107 enim

1825 4141 2261 4198 ecclesiasticum
2310 4141 2581 4213 judicium
2642 4156 2672 4196 a
2710 4141 2984 4198 maledicti
3045 4156 3240 4200 natura
3299 4162 3411 4202 non

1826 4234 2029 4300 dill‘ert,

1896 4503 2239 4574 Quapropter
2268 4512 2456 4558 sancta
2486 4503 2650 4558 etiam
2680 4504 2946 4576 synodus,
2985 4505 3079 4560 Dei
3128 4506 3301 4577 gratia
3346 4521 3413 4564 ac

1826 4594 2166 4665 beueplacito
2187 4592 2382 4650 Nicaeae
2410 4606 2595 4651 nostra
2616 4607 2775 4652 {etate
2804 4608 3155 4668 congregata,
3180 4601 3267 4653 cui
3299 4600 3412 4671 ple-

1827 4689 1983 4759 rique
2018 4688 2181 4742 etiam
2213 4698 2455 4744 vestrum
2488 4690 2833 4757 interfuistis,
2858 4701 3142 4763 postquam
3167 4694 3412 4749 dellnivit

1827 4785 2259 4836 conservandam
2290 4799 2413 4839 esse
2445 4796 2683 4839 veterem
2739 4797 2945 4841 sancta:
2982 4785 3074 4840 Dei
3127 4786 3414 4840 catholica:

1828 4874 2087 4931 Ecclesiae
2119 4877 2492 4940 traditionem.
2542 4878 2611 4932 de
2653 4879 3057 4933 venerabilihus
3099 4880 3415 4949 sanctisque

1828 4969 2163 5041 imaginibus
2209 4971 2581 5042 recipiendis,
2646 4970 2981 5025 anathemati
3040 4971 3415 5037 subjiciendos

1828 5078 1951 5119 esse
1980 5063 2294 5126 haereticos,
2319 5079 2459 5133 quos
2491 5048 3102 5134 Christianocategoras
3131 5062 3417 5135 (Christia-

1830 5172 2025 5210 norum
2062 5160 2451 5229 accusatores)
2506 5166 2561 5211 et
2605 5154 2975 5213 lconoclastas
3023 5173 3187 5212 verus
3232 5172 3415 5221 sermo

1831 5248 2098 5315 nominat,
2133 5248 2393 5303 decrevit.
2450 5248 2665 5305 Cuncta
2700 5256 2884 5304 autem
2913 5250 3211 5305 constituta
3239 5248 3410 5303 invio-

1831 5339 2067 5395 labiliter
2099 5350 2151 5395 et
2180 5340 2335 5396 firme
2362 5341 2624 5397 custodiri
2657 5342 2852 5401 nostis.
2885 5342 3256 5413 integramque
3275 5344 3413 5412 apud

1832 5447 1935 5487 nos
1963 5447 2157 5489 omnes
2210 5436 2524 5491 sacerdotes
2579 5450 2645 5491 ac
2690 5436 2997 5491 monachos
3043 5446 3207 5507 atque
3248 5434 3416 5490 laicus

1874 5658 2118 5714 rehemlit
2162 5672 2353 5716 auctor
2390 5662 2652 5715 librorum
2686 5661 3063 5714 (Iarnlinorum
3096 5660 3188 5715 lib.
3229 5674 3287 5713 ιιι
3312 5699 3325 5719 .
3360 5657 3414 5712 9.

1860 5731 2108 5803 .ahorant
2158 5746 2338 5785 tamen
2373 5734 2553 5803 ntiqua
2593 5731 2930 5786 obscuritate
2976 5732 3055 5786 ιρι
3106 5729 3415 5798 corruptela

1833 5801 1947 5855 lucc
1978 5799 2299 5868 fragrat-uta.
