4088 6496
585 343 719 405 1479

1693 338 1760 396 8.
1792 335 2099 397 TARASII
2125 333 2629 395 PATRIARCILE
2703 332 2807 392 ΕΡ.

3738 334 3882 397 1480

587 456 696 507 \im
731 452 951 506 illorum
988 450 1329 513 conservari,
1386 448 1850 517 quemadmodum
1889 448 2175 518 perspicue
2206 456 2228 509 Δ

2285 448 2461 517 ναχῶν
2493 448 2591 500 καὶ
2621 445 2846 503 λαῖκῶν.
2883 446 2958 510 ὡς
2991 444 3201 515 τρανῶς
3228 445 3650 517 διαγορεύουσιν
3680 451 3742 499 αἱ
3781 466 3883 519 ση-

584 544 787 597 docent
818 540 1207 611 synodicorum
1246 538 1367 605 ejus
1399 536 1662 591 librorum
1691 536 1995 604 scripturae.
2028 536 2177 589 Cun-

512 696 517 701 I
585 644 672 689 cta
709 634 854 687 enim
888 647 951 685 ex
986 630 1228 684 fontibus
1262 629 1476 685 Israelis
1512 628 1705 682 hausta
1728 628 1902 690 fuere.
1930 626 2177 698 nihilque

514 706 523 734 ³
589 735 785 791 praeter
816 724 914 776 hos
943 721 1305 791 proclamavit
1350 729 1443 773 aut
1468 719 1655 772 omisit
1680 736 1692 770 :
1721 733 1959 787 namque
1984 716 2177 788 synodi

589 817 755 885 hujus
785 814 1038 869 doctrina
1086 828 1266 882 neque
1305 813 1703 867 incrementum
1764 811 1968 880 patitur
2002 824 2180 879 neque

588 908 985 966 detrimentum
1022 925 1037 960 :
1067 906 1335 975 scriptum
1366 913 1449 958 est
1482 903 1651 967 enim,
1695 918 1762 956 ne
1790 902 1921 971 quid
1952 904 2000 957 ei
2040 902 2181 970 adji-

590 1003 788 1063 ciatur,
827 1006 923 1052 aut
972 997 1279 1051 auferatur.
1311 995 1574 1065 Equidem
1610 1003 1672 1049 ut
1703 994 1756 1047 in
1790 1009 1978 1063 regum
2012 994 2178 1048 etiam

591 1092 856 1157 nummis,
885 1090 930 1144 si
963 1090 1092 1160 quid
1117 1089 1184 1143 de
1209 1097 1335 1159 typo
1357 1087 1806 1150 circumcidatur,
1836 1094 1984 1141 totus
2013 1102 2181 1140 num-

592 1198 716 1237 mus
750 1180 958 1235 inutilis
986 1180 1253 1246 cﬂicitur;
1292 1181 1365 1235 ita
1388 1180 1549 1235 etiam
1572 1180 1620 1237 si
1640 1179 1765 1248 quis
1782 1179 1865 1233 vel
1892 1179 2177 1233 minimum

593 1279 661 1328 de
688 1273 861 1329 sacris
894 1272 1199 1327 canonibus
1231 1272 1512 1326 subvertat
1536 1311 1550 1335 ,
1593 1272 1670 1326 rei
1726 1271 1998 1325 universae
2056 1286 2182 1324 cor-

593 1367 862 1434 ruptelam
910 1364 1095 1418 infert.
1146 1365 1239 1418 Sic
1284 1363 1544 1417 nimirum
1603 1365 1697 1432 qui
1745 1363 2181 1417 additamentum

595 1458 791 1511 divina:
819 1456 1114 1526 St't‘ipltlt'tP.
1144 1464 1238 1509 aut
1276 1455 1450 1510 sacris
1482 1455 1792 1511 canonibus
1826 1464 1923 1509 aut
1959 1455 2181 1509 Patrum

595 1548 917 1617 magisterio
952 1547 1278 1612 moliuntur,
1314 1548 1598 1601 veritatem
1623 1547 1977 1614 exstinguere
1998 1545 2186 1612 explo-

598 1651 776 1693 ratum
809 1649 929 1707 cst;
967 1649 1014 1693 et
1050 1642 1295 1708 ipsorum
1319 1639 1513 1708 linguae
1536 1639 1775 1693 sonitum
1805 1638 1945 1692 falsa
1976 1638 2184 1694 locutio

599 1732 973 1800 subsequitur.
1015 1729 1158 1798 Ergo
1193 1738 1518 1782 mementote
1560 1727 1653 1782 Dei
1716 1729 1955 1785 dicentis
1991 1747 2005 1784 :
2045 1728 2181 1783 Cum

2283 538 2537 610 μειώσεις
2560 538 2667 592 τῶν
2708 538 3001 592 σννοδικῶν
3036 538 3207 608 αὐτῆς
3238 538 3437 608 βίῧλων
3463 556 3476 569 ο
3510 540 3654 594 κατὰ
3686 542 3879 594 πάντα

2278 632 2387 703 γὰρ
2428 632 2491 683 ἐκ
2523 629 2631 683 τῶν
2666 629 2860 702 πηγῶν
2886 628 2980 682 τοῦ
3025 629 3243 699 Ἰσραὴλ
3269 629 3535 699 ἠρύσατο,
3575 632 3673 683 καὶ
3715 631 3882 683 οὐδὲν

2279 721 2593 791 περαιτέρω
2624 720 2831 771 τούτων
2873 719 3266 789 ἐκπεφώνηκεν
3305 718 3428 773 οὔτε
3477 720 3735 773 ἀνέλιπεν
3761 738 3779 753 ·
3812 721 3883 772 τὰ

2280 813 2391 882 γὰρ
2420 811 2625 866 τούτων
2652 811 2964 880 διδάγματα
3001 810 3125 864 οὔτε
3162 812 3484 883 προσθήκην
3511 813 3639 866 οὔτε
3681 814 3885 883 ὕφεσιν

2280 905 2970 975 ὲπιδέχεταιογέγραπται
3025 905 3160 977 γὰρ,
3196 906 3316 958 Ἐπ’
3363 907 3547 968 αὐτοῖς
3598 907 3703 959 οὐκ
3759 907 3883 959 εστι

2281 999 2629 1069 προσθεῖναι,
2680 998 2777 1053 καὶ
2816 999 2914 1051 ἀπ’
2940 998 3122 1052 αὐτῶν
3165 1000 3267 1051 οὐκ
3303 1000 3450 1052 ἔστιν
3490 1000 3712 1066 ὰφιιεῐν
3736 1014 3749 1026 ⁸
3780 1000 3885 1050 καὶ

2281 1092 2395 1162 γὰρ
2431 1093 2489 1146 ὲν
2523 1094 2636 1155 τοῖς
2677 1090 2944 1161 βασιλέων
2974 1090 3276 1159 νομίσμασι
3334 1090 3530 1160 μικρόν
3561 1107 3616 1141 τι
3649 1088 3741 1143 τοῦ
3774 1107 3882 1158 χα-

2288 1181 2565 1251 ρακτῆρός
2594 1198 2680 1244 τις
2720 1178 3047 1251 περικόψας,
3092 1182 3213 1234 ὅλον
3253 1180 3317 1232 τὸ
3345 1180 3593 1250 νόμισμα
3625 1179 3887 1249 κίϐδηλον

2284 1276 2583 1344 εἰργάσατο
2601 1290 2614 1304 ·
2644 1273 2820 1337 οὕτως
2847 1276 2944 1329 καὶ
2974 1276 3002 1325 ὀ
3024 1286 3089 1329 το
3116 1276 3398 1344 ἐλάχιστον
3430 1274 3544 1327 τῶν
3592 1274 3753 1327 θείων
3785 1292 3886 1327 κα·

2284 1368 2451 1421 νόνων
2478 1366 2821 1437 ἀνατρέπων,
2872 1366 2951 1437 τῷ
3000 1370 3166 1421 παντὶ
3214 1368 3539 1437 λυμαίνεται
3567 1384 3581 1397 ·
3613 1368 3790 1430 οὕτως
3826 1370 3881 1420 οἱ

2284 1454 2606 1526 προσθήκην
2664 1455 3010 1527 ἐννοούμενοι
3048 1456 3108 1508 ἐν
3132 1473 3190 1508 τε
3218 1459 3283 1526 τῇ
3316 1455 3435 1525 θείᾳ
3464 1456 3678 1524 Γραφῇ,
3705 1456 3736 1525 ἤ
3762 1458 3886 1517 τοῖς

2287 1544 2452 1607 θείοις
2497 1545 2743 1609 κανόσιν,
2788 1546 2821 1616 ἢ
2873 1548 2987 1608 τοῖς
3045 1546 3339 1616 [ἰατρικοῖς
3384 1545 3887 1614 παραγγέλμασιν,

2286 1635 2633 1706 εὑρίσκονται
2653 1636 3171 1707 παραχαράττοντες
3192 1637 3292 1705 τὴν
3315 1636 3574 1705 ἀλήθειαν
3590 1650 3603 1663 ·
3627 1637 3719 1687 καὶ
3740 1640 3886 1703 μετά

2286 1725 2382 1779 τοῦ
2400 1726 2575 1796 ψόφου
2591 1727 2688 1798 τῆς
2708 1725 2957 1797 γλώττης
2978 1727 3180 1789 αὐτῶν,
3203 1730 3629 1793 συναγωιξςεται
3655 1728 3686 1794 ἡ
3716 1726 3886 1793 ψευδ-

600 1823 783 1875 onmia
819 1832 961 1875 recte
1008 1821 1206 1875 feceris
1232 1858 1249 1884 ,
1310 1821 1633 1875 salvaberis.
1684 1820 1901 1889 Vosque
1944 1821 2081 1876 adeo
2123 1821 2179 1876 in
2214 1803 2228 1857 1

2286 1818 2515 1889 ηγορία·
2577 1821 2867 1891 τοιγαροῦν
2928 1822 3207 1891 μνήσθητε
3256 1819 3353 1872 τοῦ
3408 1819 3545 1875 Θεοῦ
3610 1819 3885 1885 λέγοντος,

601 1925 782 1968 vestra
812 1912 902 1965 Dei
941 1923 1074 1967 nutu
1105 1922 1437 1981 congregata
1467 1911 1701 1982 synodo,
1741 1912 1969 1966 veritate
1998 1913 2183 1969 adhae-

602 2014 807 2067 rentes,
838 2005 1061 2059 dilatate
1089 2020 1150 2058 os
1176 2005 1494 2075 Spirituque
1525 2004 1816 2073 complete,
1851 2018 1915 2059 ex
1940 2002 2187 2073 Evange-

602 2097 661 2151 lii
694 2113 909 2160 norma,
930 2113 993 2151 ex
1015 2097 1390 2165 apostolorum
1411 2104 1465 2152 et
1486 2111 1762 2152 canonum
1780 2107 1943 2166 atque
1963 2096 2186 2153 Patrum

601 2187 880 2243 decernite
921 2200 1027 2243 etc.

2289 1910 2421 1967 Ὅτε
2449 1910 2626 1965 πάντα
2658 1912 3049 1984 κατορθώσεις,
3078 1913 3205 1966 τότε
3237 1912 3462 1984 σωθήσῃ
3487 1928 3502 1942 ο
3532 1912 3686 1965 αὐτοὶ
3724 1912 3779 1963 ὲν
3814 1912 3885 1978 τῇ

2291 2004 2381 2059 διὰ
2413 2005 2505 2057 τὸν
2559 2004 2766 2076 Κύριον
2816 2003 3283 2076 συναθροιζομένῃ
3319 2005 3523 2073 συνίδῳ
3577 2003 3751 2073 ὑμῶν,
3782 2003 3886 2071 τὴν

2293 2096 2556 2166 ἀλήθειαν
2586 2098 2982 2168 ἐπισπώμενοι,
3012 2099 3236 2151 πάντων
3279 2098 3387 2150 τῶν
3441 2097 3886 2167 προσταγμάτων

2238 2218 2241 2221 λ
2294 2189 2393 2260 τὶιν
2420 2189 2671 2261 φυλακὴν
2692 2191 3098 2261 διατηροῦντες,
3128 2190 3432 2245 πλατύνατε
3470 2191 3532 2242 τὸ
3572 2190 3765 2259 στόμα,
3790 2192 3885 2238 καὶ

603 2280 923 2351 Πνεὺματος
956 2279 1308 2351 πληρώσατε,
1339 2280 1710 2350 εὐαγγελικῶς
1727 2299 1783 2337 τε
1814 2280 1909 2335 καὶ
1925 2279 2320 2347 ἀποστολικῶς,
2342 2285 2641 2347 κανονικῶς
2665 2301 2725 2338 τε
2759 2286 2855 2339 καὶ
2881 2285 3636 2357 ιιατρικῶςάποφαινόμενοι,
3656 2300 3710 2336 κ.
3748 2302 3799 2337 τ.
3834 2284 3882 2335 λ·

677 2375 982 2445 Sequuntur
1010 2377 1065 2430 in
1092 2374 1299 2431 Tarasii
1323 2375 1546 2445 epistola
1584 2374 1852 2432 nonnulla:
1875 2373 2246 2431 ecclesiastirw
2275 2377 2490 2445 regula,
2531 2393 2621 2435 seu
2652 2393 2877 2431 canones
2907 2386 2955 2433 et
2986 2386 3274 2447 praecepta,
3306 2392 3422 2446 qua!
3454 2376 3753 2431 describere
3783 2390 3885 2426 non

604 2469 759 2538 hujus
783 2479 859 2524 est
893 2469 1017 2524 loci.

1413 2734 1833 2799 ΜΟΝΙΤΠΜ
1870 2733 1967 2797 ΙΝ
2022 2730 2575 2807 SEQUENTEM
2612 2731 3077 2796 IIOMILIAM.

680 2966 975 3022 Homiliam
1011 2968 1064 3021 in
1111 2965 1582 3020 Prmsenlationcm
1611 2962 1853 3033 Deiparw
1892 2961 1976 3015 cui
2012 2962 2201 3016 titulus

2291 2960 2385 3022 El;
2413 2958 2480 3012 τὰ
2512 2958 2719 3012 εἰσόδια
2758 2959 2859 3029 τῆς
2890 2958 3194 3030 ὑπεραγίας
3217 2958 3503 3023 Θεοτόκου,
3524 2965 3581 3012 et
3606 2956 3764 3025 cujus
3789 2955 3888 3008 ini-

609 3062 745 3118 tium
776 3079 790 3115 :
821 3061 1027 3131 Φαιδρὰ
1062 3058 1159 3113 καὶ
1208 3057 1509 3130 παράδοξος
1539 3059 1571 3129 ἡ
1600 3055 1850 3126 παροῦσα
1896 3057 2228 3126 πανήγυρις,

2285 3055 2491 3110 farasio
2521 3051 3133 3123 Constantinopolitano
3170 3052 3493 3122 patriarchae
3522 3051 3766 3105 tribucre
3804 3062 3883 3102 so-

610 3144 743 3222 lent,
772 3171 839 3208 ne
875 3154 1101 3207 minimo
1132 3152 1351 3222 quidem
1390 3152 1588 3217 injecto
1624 3149 1813 3210 dubio,
1843 3149 2086 3203 historia:
2128 3149 2414 3205 litterarite
2455 3147 2777 3218 scriptores,
2808 3146 2913 3199 tide
2956 3161 3061 3199 ms.
3109 3144 3363 3198 Biblioth.
3405 3144 3640 3201 Coislin.
3687 3139 3885 3195 CCXII.

615 3246 953 3319 [Mourraum
984 3244 1242 3299 Biblioth.
1279 3243 1663 3298 Bibliothecar.
1697 3257 1749 3312 p.
1787 3239 1940 3313 50L]
1971 3240 2282 3297 Marcellius
2313 3258 2443 3297 vero
2476 3242 2530 3295 in
2568 3241 2684 3295 suis
2712 3240 2777 3293 ad
2813 3237 3195 3292 Kalendarium
3227 3236 3481 3292 Ecclesia
3499 3235 3885 3291 Constantino-

613 3341 874 3409 politanae
907 3338 1323 3393 commentariis
1348 3336 1602 3403 allirmat,
1628 3335 1768 3392 forte
1805 3336 2228 3403 subdubitando,
2257 3334 2573 3391 Orationem
2600 3333 2812 3389 Tarasii
2843 3332 3145 3387 habendam
3184 3348 3289 3384 non
3315 3330 3507 3394 videri,
3536 3341 3590 3384 et
3622 3331 3884 3400 duplicem

617 3448 730 3486 sua:
763 3434 1046 3486 sententize
1080 3432 1344 3485 rationem
1379 3432 1552 3496 affert,
1590 3447 1783 3501 nempe
1817 3447 2006 3487 vocem
2042 3432 2314 3502 ὑπεραγία
2356 3447 2479 3501 qua:
2515 3430 2566 3485 in
2611 3430 2770 3484 titulo
2816 3428 3089 3499 reperitur
3120 3443 3148 3480 a
3197 3425 3395 3480 szeculo
3420 3429 3649 3494 {tantum
3682 3425 3885 3479 decimo

619 3524 874 3593 usurpari
922 3524 1175 3593 cmpisse,
1208 3532 1262 3577 et
1292 3522 1533 3591 Deipartc
1566 3525 1620 3575 in
1653 3523 1902 3593 templum
1932 3526 2278 3594 ingredientis
2312 3525 2701 3579 solemnitatem
2737 3532 2976 3590 tempore
3004 3520 3214 3575 Tarasii
3257 3521 3500 3574 nondum
3538 3519 3593 3573 in
3627 3516 3887 3572 Constan~

621 3617 977 3685 tinopolitana
1007 3616 1248 3671 Ecclesia
1274 3616 1537 3671 celebrari
1569 3617 1941 3684 consuevisse,
1974 3626 2031 3672 ut
2058 3626 2276 3674 constat
2309 3633 2375 3673 ex
2408 3618 2626 3674 silentio
2649 3614 2965 3671 Kalendarii
3000 3614 3145 3685 quod
3178 3613 3485 3670 certissime
3522 3611 3589 3667 ad
3630 3614 3883 3668 saeculum

618 3718 875 3765 octavum
921 3708 1173 3779 pertinet.

692 3802 979 3857 Levissimi
1013 3800 1276 3857 momenti
1318 3818 1441 3856 esse
1481 3800 1848 3858 difﬁcultatem
1885 3819 2006 3873 qure
2036 3820 2102 3859 ex
2133 3820 2267 3860 voce
2302 3803 2579 3877 ὑπεραγία
2627 3802 2681 3855 iu
2717 3800 2874 3856 titulo
2904 3800 3162 3867 sumitur,
3202 3815 3363 3855 nemo
3399 3819 3504 3855 non
3537 3804 3705 3859 videt.
3733 3802 3881 3860 Aliud

622 3895 767 3947 enim
812 3898 879 3949 de
912 3897 1266 3951 sermonibus
1306 3895 1460 3966 ipsis,
1493 3897 1639 3951 aliud
1684 3896 1751 3951 de
1782 3912 2094 3951 sermonum
2128 3898 2582 3969 inscriptionibus
2619 3895 2885 3967 judicium
2934 3893 3217 3949 ferendum
3250 3896 3373 3965 quis
3414 3896 3730 3951 inficiatur?
3756 3896 3884 3952 Cum

622 4005 853 4058 prorsus
887 3992 1153 4046 incertum
1201 3993 1271 4047 sit
1300 3995 1652 4063 quandouam
1690 3992 1792 4062 ipsi
1822 3993 2093 4048 sermonis
2122 3994 2359 4058 auctori,
2394 3992 2615 4064 quando
2647 3990 2802 4045 alteri
2844 3990 2951 4044 sint
2997 3989 3315 4044 tribueudae.
3356 3987 3489 4043 Esto
3526 3991 3675 4059 quod
3708 3991 3889 4047 titulus

623 4096 731 4137 non
772 4082 864 4139 alii
898 4099 1059 4151 quam
1095 4084 1198 4153 ipsi
1235 4084 1506 4137 onationis
1538 4084 1749 4137 auctori
1781 4083 1947 4137 tribui
1976 4095 2246 4154 oporteat,
2278 4100 2454 4155 neque
2475 4083 2674 4138 exinde
2696 4090 2846 4137 certo
2877 4080 3128 4135 concludi
3167 4090 3344 4150 potest
3380 4081 3669 4135 homiliam
3700 4082 3890 4151 ρτςεῐηο

620 4180 739 4226 tam
775 4189 881 4227 non
909 4191 1028 4228 esse
1065 4175 1121 4227 S.
1154 4174 1386 4229 Tarasii.
1422 4176 1546 4230 "me
1574 4175 1717 4227 enim
1754 4192 1856 4229 vox
1888 4176 2163 4247 ὑπεραγία
2191 4177 2457 4247 reperitur
2490 4176 2541 4229 in
2571 4174 3021 4245 inscriptionibus
3050 4174 3397 4227 homiliarum
3427 4189 3549 4242 quae
3576 4176 3892 4229 auctoribus

617 4264 861 4320 Tarasio
898 4267 1099 4322 corevis
1145 4268 1228 4321 rel
1276 4268 1686 4336 antiquioribus
1720 4270 2035 4324 tribuuntur
2069 4269 2166 4339 (l).
2200 4269 2342 4341 Ergo
2391 4268 2509 4339 pari
2539 4268 2660 4339 jure
2696 4268 2777 4323 \el
2827 4267 2945 4322 ista:
2989 4267 3266 4321 orationes
3310 4266 3633 4322 auctoribus
3667 4283 3890 4336 quorum

624 4356 849 4411 nomina
878 4355 1342 4411 circumferuntur
1385 4356 1761 4424 aliiudicandaz
1801 4368 1949 4423 sunt,
1990 4360 2072 4413 vel
2116 4374 2275 4413 usum
2310 4360 2460 4412 vocis
2492 4358 2768 4428 ὐπεραγία
2798 4357 2997 4414 sa‘culo
3025 4357 3236 4412 decimo
3270 4358 3626 4412 \etustiorem
3660 4375 3780 4414 esse
3801 4366 3893 4413 ad.

640 4446 966 4501 mittendum
1010 4448 1153 4519 quod
1188 4448 1408 4503 aliunde
1457 4458 1676 4504 constat
1725 4466 1789 4505 ex
1813 4449 2033 4521 Josephi
2068 4451 2473 4522 llymnographi
2498 4466 2708 4506 canone
2750 4452 2804 4506 in
2836 4466 2945 4522 quo
2990 4452 3220 4521 legimus
3250 4464 3264 4511 :
3292 4451 3730 4520 Osauctissima,
3768 4455 3894 4507 labis

628 4538 797 4591 omnis
826 4553 1035 4609 expers,
1063 4540 1375 4607 ὺπεραγία,
1417 4539 1741 4609 πανάμωμε
1769 4542 1868 4611 (‘2),
1900 4553 1950 4595 et
1979 4556 2042 4596 ex
2072 4540 2297 4597 Triodio
2331 4540 2388 4598 S.
2419 4542 2714 4613 Sophronii
2753 4542 3235 4616 llierosolymilani
3267 4547 3364 4619 (5).
3406 4545 3520 4604 Nec
3560 4548 3739 4619 pluris
3766 4549 3900 4603 valet

626 4638 1008 4699 argumentum
1042 4646 1103 4684 ex
1138 4628 1727 4700 Constantinopolitaui
1757 4631 2071 4687 Kalendarii
2104 4634 2323 4688 silentio
2359 4636 2426 4689 de
2455 4634 2595 4690 festo
2637 4634 3085 4692 Prmentationis
3124 4638 3390 4708 Deiparaz,
3436 4656 3566 4696 cum
3614 4645 3735 4711 ipso
3764 4641 3901 4694 Mar-

630 4725 793 4779 cellio
822 4732 1046 4778 auctore
1076 4741 1243 4778 unum
1280 4743 1377 4795 pro
1408 4739 1558 4780 certo
1584 4727 1769 4781 haberi
1795 4736 1974 4798 potest
1999 4727 2388 4784 Kalendarium
2424 4731 2558 4787 illud
2588 4748 2764 4802 neque
2792 4742 2918 4787 ante
2947 4748 3151 4788 annum
3177 4734 3301 4801 741,
3335 4749 3515 4803 neque
3543 4746 3673 4805 post
3704 4751 3903 4787 annum

629 4817 735 4871 787
776 4815 949 4870 fuisse
973 4819 1367 4887 conscriptum.
1396 4816 1645 4886 Quonam
1677 4819 1802 4887 jure
1829 4835 1895 4873 ex
1941 4821 2034 4873 illo
2070 4831 2427 4878 monumento
2473 4823 2657 4879 inferri
2693 4832 2871 4893 potest
2903 4823 3149 4895 Deiparaz
3182 4825 3236 4878 in
3272 4826 3524 4896 templum
3565 4825 3907 4896 ingredientis

627 4911 1018 4966 solemnitatem
1041 4912 1285 4966 nondum
1310 4912 1363 4964 in
1390 4910 1996 4981 Constantinopolitana
2012 4916 2253 4971 Ecclesia
2276 4917 2537 4971 celebrari
2561 4918 2942 4984 consuevisse,
2969 4920 3185 4975 vivente
3205 4917 3438 4973 Tarasio
3457 4918 3553 4988 qui
3578 4934 3899 4989 supremum

598 5031 601 5035 ι
630 5005 775 5060 diem
804 4992 951 5060 obiit
973 5020 1116 5059 anno
1150 5004 1255 5058 806
1288 5003 1476 5074 ?Ergo
1494 5005 1640 5059 nulla
1674 5005 1891 5063 elicitur
1922 5007 2059 5063 ratio
2092 5009 2390 5066 decretoria
2422 5020 2645 5080 propter
2676 5026 2839 5080 quam
2873 5011 3116 5074 humilia,
3144 5028 3305 5080 quam
3337 5011 3687 5079 subjiciinus,
3716 5026 3911 5081 magno

630 5098 862 5152 Tarasio
898 5098 969 5151 sit
993 5096 1380 5166 abjudicanda.
1413 5096 1771 5152 Communem
1801 5113 1830 5153 e
1852 5109 2043 5153 contra
2072 5100 2138 5154 de
2166 5112 2391 5158 auctore
2441 5103 2607 5174 hujus
2639 5104 2878 5160 homiliaa
2922 5104 3250 5159 sententiam
3282 5106 3618 5160 conﬁrmant
3652 5106 3832 5173 stylus
3861 5116 3913 5159 et

628 5209 694 5249 ea
731 5207 852 5263 qua:
882 5190 938 5244 in
968 5189 1082 5260 ipsa
1126 5188 1378 5243 oratione
1412 5197 1605 5244 contra
1645 5188 2039 5248 lconomachos
2075 5193 2357 5250 dicuntur.

701 5325 780 5397 (t)
830 5324 950 5402 Vid.
1019 5322 1261 5402 oration.
1325 5322 1379 5378 in
1464 5322 1709 5402 Deipara:
1774 5325 2022 5402 natalem
2075 5329 2229 5402 diem
2330 5332 2556 5389 Modesti
2588 5331 3066 5402 Hierosolymitani
3096 5330 3374 5402 homiliam
3407 5333 3459 5388 in
3492 5333 3742 5402 θείμαν-ω
3778 5338 3917 5392 Dor-

630 5393 796 5469 qnam
825 5393 928 5449 sub
960 5394 1196 5469 nomine
1218 5393 1543 5469 Qamas_ce_ni
1575 5396 1823 5469 vulgavit
1863 5398 2090 5455 Michael
2125 5400 2227 5455 Le-

2328 5406 2616 5469 ntitionem,
2652 5407 2789 5470 Aug.
2829 5401 3217 5463 Giacomellus.
3252 5401 3438 5458 Romae
3468 5401 3652 5471 i760;
3689 5411 3920 5463 Andre:

633 5463 824 5547 ᾠήθη,
879 5473 917 5518 t.
971 5464 1032 5529 ll,
1074 5463 1759 5547 p.‘819,usetln'.l:heodoro
1794 5466 2021 5547 Stultum
2069 5472 2227 5526 resti-
2322 5463 3121 5547 Cretensishumiliasnplures,
3155 5472 3316 5547 hujus
3350 5463 3683 5547 {tyrologiiz
3713 5478 3919 5533 Cra-rc

636 5534 892 5609 tuendam
919 5548 1101 5609 monet
1124 5536 1263 5603 Ang.
1284 5534 1681 5609 MahBiblioth.
1712 5553 1830 5609 nov.
1858 5548 1896 5592 t.
1925 5538 1989 5600 ll.
2021 5557 2135 5609 par.
2160 5558 2221 5605 ll,

634 5624 689 5678 p.
720 5606 790 5678 54
831 5614 977 5678 not.;_
1002 5604 1319 5678 Damasceni
1354 5608 1589 5662 oration.
1636 5608 1688 5662 in
1741 5608 1983 5678 Deipara:
2012 5604 2220 5663 annuné

636 5674 909 5745 Rationem
942 5676 1077 5743 Opp.
1131 5684 1168 5727 ι.
1219 5674 1282 5733 ll.
1324 5692 1375 5743 p.
1424 5678 1558 5739 1535;
1590 5674 1847 5745 cjusdcnr
1884 5681 2117 5736 oration.
2162 5681 2212 5735 in

634 5746 701 5805 Β.
747 5744 976 5815 Virginis
1008 5746 1145 5799 diem
1190 5749 1497 5801 natalitium
1548 5744 1678 5817 Opp.
1719 5760 1756 5803 ι.
1807 5749 1870 5813 ll,
1921 5765 2037 5821 pag.
2073 5750 2211 5820 841;

2321 5553 2360 5599 ι.
2394 5543 2599 5603 XCVII,
2628 5558 2680 5611 p.
2712 5543 2835 5603 80l,
2872 5542 2999 5607 8‘20,
3029 5543 3155 5608 861,
3185 5544 3307 5608 881,
3345 5544 3502 5605 1072,
3529 5542 3635 5603 etc.

2318 5612 2783 5737 0άβιιῃΡιιιηιειει.
2810 5620 2925 5666 ton.
2962 5614 3135 5685 obliq.
3168 5614 3216 5677 ll
3247 5617 3312 5668 ad
3347 5618 3607 5674 matutin.
3647 5618 3809 5677 Feria
3845 5635 3919 5680 rt,

2383 5755 2460 5826 (5)
2501 5753 2748 5829 Spicileg.
2787 5754 2938 5812 Rom.
2968 5767 3005 5814 ι.
3037 5755 3124 5823 ιγ,
3159 5771 3212 5828 p.
3250 5756 3364 5812 l86.
