3994 6538
186 404 339 470 1431

203 554 2800 586 W

1137 406 1218 466 IN
1244 406 1347 467 SS-
1401 404 1752 466 DEIPARAE
1794 406 2515 469 ΡΒᾹΞΞΕΝΤΑΤΙΟΝΕΜ.

3308 405 3435 469 148?.

2816 554 3433 589 ’Ἢ

1292 690 1434 745 ΤΟΥ
1463 689 1555 745 ΕΝ
1587 691 1812 745 ΑΓΙΟΙΣ
1842 692 2115 746 ΠΑΤΡοΣ
2140 694 2337 747 ΗΜΩΝ

358 838 895 929 ΤΑΡΑΣΙΟΥ
943 838 1870 929 ΑΡΧΙΕΠΙΣΚΟΠΟΥ
1943 836 3274 929 ΚΩΝΣΤΑΝΤΙΝΟΥΠΟΛΕΩΣ

1562 1010 2093 1131 ΛΟΓΟΣ

1015 1213 1142 1267 ΕΙΣ
1166 1215 1245 1266 ΤΑ
1274 1213 1565 1266 ΕῘΣΟΔΙΑ
1602 1214 1740 1265 ΤΗΣ
1781 1213 2205 1265 ΥΠΕΡᾹΓΙΑΣ
2240 1211 2624 1265 ΘΕΟἹῸΚΟΥ.

1372 1474 1646 1532 SANCTI
1683 1473 1955 1531 PATRIS
1993 1473 2266 1531 NOSTRI

327 1633 469 1722 ΤΑ
492 1631 797 1723 RASII
845 1628 1768 1724 ARCHIEPISCOPI
1837 1618 3282 1720 CONS'I‘ANTINOPOLII‘ANI

1518 1819 2113 1950 ORATIO

864 2037 945 2098 IN
1006 2034 1110 2097 SS.
1171 2032 1307 2095 DEI
1342 2031 1689 2094 MATREM
1723 2030 1804 2091 IN
1861 2030 2254 2093 TEMPLUM
2302 2030 2769 2095 DEDUCTAM.

793 2309 1171 2378 Εὐλόγησον.

262 2414 312 2466 Α
334 2452 347 2465 .
383 2406 587 2478 Φαιδρὰ
615 2404 710 2458 καὶ
738 2400 1043 2473 παράδοξος
1073 2404 1106 2472 ή
1136 2399 1389 2473 παροῦσα
1420 2400 1726 2473 πανήγυρις
1754 2441 1769 2467 ,

184 2508 294 2561 καὶ
320 2504 429 2557 τῶν
484 2496 783 2570 φιλεορτῶν
811 2495 903 2549 τὸν
940 2495 1107 2547 πόθον
1141 2495 1279 2565 πρὸς
1320 2494 1589 2565 ὑμνῳδίαν
1626 2494 1770 2561 ἐγεί-

184 2614 388 2670 Pauca,
413 2598 446 2666 ἡ
494 2594 592 2663 τῆς
643 2587 1029 2658 Ἀειπαρθένου
1056 2587 1151 2641 καὶ
1175 2587 1443 2640 Θεοτόκου
1474 2589 1533 2641 ἐν
1556 2586 1635 2657 τῷ
1660 2586 1773 2658 ναῷ

187 2690 420 2761 πρόοδος
445 2704 460 2717 ο
512 2686 750 2754 σήμερον
781 2684 889 2752 γὰρ
939 2683 967 2734 ό
1005 2680 1233 2751 οὐρανὸς
1266 2681 1359 2732 κα)⁵
1399 2681 1432 2749 ἡ
1474 2682 1543 2749 γῆ
1586 2678 1771 2748 κοινὴν

185 2781 391 2855 ἐορτὴν
414 2775 782 2839 ἐκτελοῦντες,
807 2775 1111 2844 ἀμφότεροι
1136 2772 1227 2826 τὸν
1256 2771 1601 2841 Δημιουργὸν
1623 2770 1773 2837 δοξο-

183 2875 415 2943 >.ογοῦσι
448 2871 538 2923 τὸν
564 2870 628 2922 ἐκ
650 2868 897 2939 βροτείας
930 2868 1144 2934 φύσεως
1174 2864 1272 2935 τήν
1303 2862 1565 2918 θεόπαιδα
1599 2862 1769 2935 κόρην

187 2966 563 3035 ἐκλεξάμενον
597 2962 675 3025 είς
699 2960 895 3014 ἐαυτοῦ
926 2957 1371 3027 κατασκήνωσιν.

1800 2322 1847 2379 Δ

2540 2308 2782 2362 Benedic.

1949 2399 1991 2458 l.
2043 2399 2191 2457 Laeta
2242 2410 2405 2471 atque
2449 2400 2788 2455 admirabilis
2830 2398 3091 2454 hodierna
3132 2399 3441 2465 celebritas.

1879 2508 2001 2564 qua:
2027 2492 2303 2549 studiosos
2338 2493 2578 2549 cultores
2610 2493 2873 2548 festorum
2904 2493 3115 2548 dierum
3145 2495 3346 2549 excitat
3378 2496 3443 2548 ad

1880 2588 2113 2658 hymnos
2139 2585 2514 2641 concinendos
2536 2626 2552 2652 ,
2588 2596 2902 2657 perpetuam
2938 2586 3213 2657 Virginem
3244 2587 3449 2658 Deique

1881 2677 2107 2733 Matrem
2160 2678 2215 2732 in
2275 2678 2538 2748 templum
2587 2678 3021 2748 progredientem
3073 2679 3446 2749 prosequitur.

1881 2769 2092 2826 Etenim
2134 2771 2294 2826 hodie
2338 2771 2539 2828 caelum
2580 2781 2633 2828 et
2674 2781 2816 2827 terra
2851 2785 3197 2826 communem
3242 2772 3451 2842 agitant

1885 2862 2308 2929 solemnitatem,
2345 2870 2402 2917 et
2437 2862 2770 2932 coniunctim
2805 2862 3028 2917 laudant
3061 2877 3244 2917 rerum
3276 2861 3447 2932 Opili-

1881 2970 2023 3019 cem,
2053 2955 2147 3025 qui
2181 2971 2211 3009 e
2245 2956 2415 3025 stirpe
2442 2955 2756 3010 mortalium
2803 2956 3038 3025 puellam
3059 2996 3074 3022 ,
3098 2970 3221 3026 qua:
3252 2954 3344 3011 Dei
3367 2965 3453 3011 est

1770 3038 1776 3045 κ
1881 3043 2016 3107 ﬁlia,
2049 3043 2117 3099 ad
2138 3045 2224 3100 sui
2258 3044 2626 3100 habitaculum
2656 3045 2875 3116 delegit.

267 3146 520 3219 Σήμερον
559 3142 654 3196 τοῦ
696 3141 803 3213 πρὸ
831 3139 1050 3193 πάντων
1097 3139 1310 3193 αἰώνων
1353 3134 1775 3208 προορισθέντος

193 3238 507 3315 μυστηρίου
540 3235 634 3289 καὶ
661 3234 761 3287 ἐπ’
790 3233 1038 3302 ἐσχάτων
1067 3230 1436 3301 φανεροῦσθαι
1469 3229 1774 3300 μέλλοντος,

191 3331 585 3406 εὐτρεπίζεται
616 3326 951 3397 οἰκητήριον.
1000 3325 1249 3395 Σήμερον
1287 3325 1320 3394 ή
1355 3323 1414 3390 ἐξ
1443 3320 1778 3391 ἐπαγγελίας

190 3424 456 3495 τεχθεῖσα
496 3420 555 3488 ἐξ
600 3418 855 3487 Ἰωακεὶμ
904 3415 997 3469 καὶ
1037 3416 1236 3484 Ἀννης
1274 3413 1644 3485 προσφέρεται
1686 3413 1777 3468 ὑπ’

192 3514 405 3577 αὐτῶν,
430 3511 610 3582 τίμιον
638 3508 832 3580 δῶρον,
866 3505 943 3577 τῷ
967 3505 1263 3575 μετέπειτα
1298 3506 1357 3571 ἐξ
1392 3504 1562 3573 αὐτῆς
1584 3503 1780 3573 τεχθῆ-

193 3624 292 3661 ναι
315 3602 689 3672 εὐδοκήσαντι.
716 3597 962 3669 Σήμερον
986 3595 1046 3648 τὸ
1069 3596 1169 3665 τῆς
1198 3596 1375 3668 χαρᾶς
1410 3594 1697 3666 προοίμιον
1723 3594 1780 3644 ἐν

1958 3134 2132 3191 Hodie
2178 3137 2509 3191 sacramenti
2534 3146 2660 3191 ante
2690 3137 2874 3191 omnia
2921 3136 3120 3192 saecula
3169 3138 3452 3207 praeparati

1883 3229 2040 3297 cujus
2068 3228 2134 3283 ad
2158 3237 2401 3283 extrema
2431 3237 2674 3298 tempora
2714 3229 3099 3284 reservabatnr
3128 3228 3450 3285 manifestato

1884 3320 1982 3385 tio,
2038 3329 2336 3389 apparatur
2369 3319 2729 3376 domicilium.
2768 3318 2939 3375 Hodie
2971 3337 3038 3375 ex
3084 3322 3452 3391 promissiOne

1885 3412 2087 3483 genita,
2112 3411 2383 3467 Joachimi
2406 3422 2461 3469 et
2484 3414 2655 3468 Anna:
2679 3413 2810 3478 tilia,
2840 3415 2909 3469 ab
2933 3414 3127 3470 iisdem
3153 3415 3455 3485 pretiosum

1886 3519 2087 3559 munus
2117 3505 2193 3559 illi
2222 3505 2468 3573 oﬂertur,
2498 3506 2591 3576 qui
2618 3515 2807 3576 postea
2835 3506 3147 3577 dignabitur
3170 3507 3239 3561 ab
3265 3522 3327 3563 ea
3359 3524 3455 3578 ge-

1888 3598 2089 3653 nerari.
2114 3597 2284 3653 Hodie
2311 3598 2673 3669 primordium
2701 3598 2901 3653 laetitia:
2922 3598 3213 3654 adducitur
3238 3599 3292 3653 in
3323 3608 3458 3654 tem-

194 3696 281 3768 τῷ
308 3695 420 3765 ναῷ
450 3691 731 3758 εἰσάγεται
759 3688 1123 3759 τριετίζουσα,
1158 3689 1253 3740 καὶ
1278 3686 1537 3757 παρθένοι
1573 3684 1779 3755 ταύτης

1886 3690 2032 3760 plum
2078 3690 2318 3756 trimula,
2351 3706 2515 3760 quam
2552 3690 2795 3760 virgines
2825 3705 2948 3745 cum
2982 3690 3325 3760 lampadibus
3359 3691 3456 3746 de-

201 3792 350 3864 μετά
396 3789 696 3862 λαμπάδων
744 3785 1203 3859 προπορεύονται.
1262 3781 1508 3852 Σήμερον
1550 3779 1584 3849 ὴ
1628 3777 1782 3841 λύσις

197 3885 305 3955 τῆς
333 3881 691 3953 στειρωτικῆς
730 3879 997 3950 κατάρας,
1040 3875 1213 3942 δῶρον
1257 3874 1337 3935 είς
1363 3870 1432 3924 τὰ
1473 3871 1640 3939 Ἀγια
1673 3867 1782 3921 τῶν

201 3977 378 4046 ἁγίων
404 3974 758 4046 προσάγεται.
779 3972 1026 4043 Σήμερον
1044 3966 1152 4021 τῶν
1174 3961 1474 4036 προφητῶν
1496 3960 1559 4014 τὸ
1581 3961 1783 4032 κήρυγ-

206 4088 289 4143 μα
310 4111 327 4134 ,
370 4068 474 4122 ὑπὸ
503 4068 598 4120 τοῦ
628 4064 933 4137 ἀρχιερέως
963 4061 1055 4115 καὶ⁸
1080 4058 1364 4131 προφήτου
1396 4056 1673 4127 Ζαχαρίου
1700 4054 1781 4143 είς

202 4142 277 4215 τά
320 4159 490 4213 ἄδυτα
527 4156 815 4227 ἀνέρχεται
840 4168 853 4183 ⁸
885 4150 1014 4206 ἔνθα
1040 4148 1203 4211 αὐτὸς
1232 4144 1380 4208 ἅπαξ
1410 4144 1504 4197 τοῦ
1536 4142 1780 4197 ἐνιαυτοῦ

209 4252 331 4325 μετ’
349 4248 632 4310 εὐλαϐείας
659 4246 968 4316 εἰσήρχετο,
990 4239 1130 4311 αὕτη
1164 4236 1405 4309 φαιδρῶς
1429 4234 1569 4307 μετὰ
1599 4232 1781 4296 ἁδείας

206 4340 425 4411 ἡμέρας
453 4339 547 4391 καὶ
572 4336 765 4399 νυκτὸς
794 4331 1107 4397 ἐκαθέζετο.

283 4434 359 4487 B'.
394 4432 491 4495 Τίς
519 4430 619 4484 οὐκ
656 4426 902 4497 ἐκπλαγῇ
929 4424 1065 4498 πρὸς
1086 4422 1148 4477 τὸ
1173 4419 1475 4493 παράδοξον
1506 4418 1737 4489 πρᾶγμα
1762 4432 1778 4484 ;

204 4527 293 4589 τίς
319 4525 420 4578 οὐκ
448 4522 809 4593 ἐκπλήττεται
845 4521 937 4572 ἐπὶ
968 4515 1044 4587 τῷ
1074 4514 1363 4585 παραδόξῳ
1396 4510 1670 4582 θαύματι;
1700 4508 1784 4572 τίς

204 4622 311 4677 οὐκ
340 4618 613 4689 ἐκπλαγῇ,
634 4616 847 4688 βλέπων
870 4613 927 4665 ἐν
954 4609 1032 4681 τῷ
1063 4609 1194 4679 ἱερῴ
1220 4605 1657 4677 παρεδρεύουσαν
1680 4602 1776 4673 τὴν

202 4717 322 4778 τοῖς
352 4710 557 4782 ἱερεῦσι
582 4709 869 4779 γεγονυῖαν
891 4704 1183 4775 ἀπρόσιτον
1210 4699 1431 4771 Μαρίαν
1460 4697 1558 4767 τὴν
1585 4694 1783 4766 ἀμίαν-

204 4822 299 4858 τον
333 4800 546 4868 ;Τοῦτο
586 4800 687 4868 τῆς
738 4796 872 4867 πρὸς
918 4796 1068 4867 ἡμᾶς
1120 4790 1415 4860 συναφείας
1462 4785 1781 4858 προοίμιονο

204 4894 369 4947 τοῦτο
398 4894 495 4963 τῆς
541 4889 650 4943 τῶν
674 4890 919 4955 ἀγγέλων
952 4882 1091 4955 μετὰ
1117 4880 1423 4952 ἀνθρώπων
1467 4872 1782 4947 συμμίξεως

207 4982 587 5055 προχάραγμα
608 4998 623 5012 ·
655 4981 815 5033 τοῦτο
831 4980 928 5049 τῆς
948 4975 1105 5047 ἡμῶν
1129 4972 1521 5033 άνακαινίσεως
1542 4967 1783 5040 ἐκσφρά-

1880 3782 2109 3836 ducunt.
2142 3780 2313 3836 Hodie
2356 3783 2411 3836 in
2445 3780 2645 3837 Sancta
2682 3790 3001 3837 sanctorum
3028 3798 3129 3838 ceu
3155 3783 3357 3837 donum
3388 3798 3454 3838 ea

1880 3871 2133 3939 infertur,
2157 3888 2279 3943 qua:
2300 3872 2604 3928 sterilitatis
2630 3872 3072 3927 maledictionem
3096 3872 3323 3927 abstulit
3347 3871 3449 3942 (1).
3531 3942 3547 3957 ⁸

1880 3967 2054 4024 Hodie
2082 3984 2113 4024 a
2137 3968 2416 4039 prophetis
2442 3966 2755 4038 praedicata,
2786 3964 3071 4021 sacerdote
3093 3980 3158 4019 ac
3192 3965 3453 4036 propheta

1880 4059 2144 4116 Zacharia
2206 4059 2525 4125 comitante,
2558 4057 2614 4112 in
2647 4057 2952 4113 sanctiores
2983 4056 3171 4125 templi
3202 4071 3455 4112 recessus

1881 4152 2163 4220 ascendit;
2192 4159 2246 4208 et
2275 4166 2436 4222 quem
2467 4152 2647 4206 locum
2681 4150 2848 4207 semel
2877 4149 2967 4205 ille
3004 4148 3299 4220 quotannis
3327 4165 3453 4205 cum

1881 4252 2029 4299 metu
2060 4244 2267 4311 adibat,
2299 4243 2353 4297 in
2380 4256 2446 4297 eo
2475 4242 2655 4313 puella
2685 4242 2789 4298 ista
2817 4241 2975 4297 hilari
3007 4256 3130 4298 cum
3160 4245 3456 4299 securitate

1880 4334 1975 4391 diu
2004 4343 2276 4405 noctuque
2304 4333 2646 4389 considebat.

1951 4419 2016 4477 II.
2048 4421 2182 4488 Quis
2226 4421 2306 4477 rei
2341 4423 2582 4477 novitate
2615 4437 2722 4476 non
2762 4421 3151 4492 Obstupescat?
3186 4422 3309 4493 quis
3345 4436 3455 4478 non

1883 4514 2146 4584 suspiciat
2170 4513 2491 4569 inusitatum
2521 4514 2875 4583 prodigium?
2898 4513 3033 4580 Quis
3058 4528 3167 4569 non
3199 4516 3457 4585 percella-

1885 4613 1973 4659 tur
2004 4605 2385 4671 admiratione,
2415 4620 2541 4661 cum
2567 4604 2754 4661 videat
2784 4606 3194 4662 immaculatam
3230 4606 3455 4665 Mariam

1884 4695 1937 4749 in
1961 4695 2133 4752 sacris
2179 4696 2358 4767 adytis
2412 4696 2748 4753 assidentem
2782 4698 2867 4752 vel
2906 4698 3042 4768 ipsis
3077 4699 3454 4757 sacerdotibus

1883 4785 2082 4843 factam
2116 4786 2453 4843 inaccessam
2479 4789 2502 4843 ?
2537 4787 2650 4845 Hoc
2688 4789 2904 4843 initium
2936 4796 3019 4843 est
3040 4788 3237 4844 divinae
3268 4790 3454 4847 nonis-

1888 4896 2013 4936 cum
2039 4880 2467 4951 conjunctionis.
2494 4880 2619 4937 Haec
2643 4881 2818 4951 prima
2849 4890 2975 4936 sunt
3005 4880 3335 4943 lineamenta
3370 4882 3460 4937 fu-

1886 4982 2021 5030 turae
2052 4975 2190 5031 inter
2219 4976 2441 5046 angelos
2479 4973 2837 5043 hominesque
2869 4974 3170 5029 societatis.
3203 4971 3329 5030 Hac
3361 4991 3462 5032 ex-

206 5039 424 5145 γίσᾷαί
472 5039 633 5126 τοῦτο
657 5072 750 5126 τοῦ
787 5039 1162 5139 ἀκανθοφόρου
1200 5065 1318 5135 βίου
1352 5062 1509 5133 ήμῶν
1558 5061 1653 5115 καὶ
1684 5039 1782 5131 τῆς

1887 5082 2073 5137 pressa
2128 5067 2328 5139 emgies
2376 5075 2580 5123 nostra:
2612 5067 3048 5123 instaurationis.
3082 5065 3209 5123 Haec
3256 5077 3463 5122 nostra:

206 5168 542 5235 ἀποφάσεως
569 5166 667 5237 τῆς
694 5164 990 5235 προτέρας,
1026 5159 1142 5225 τοῦ,
1169 5155 1627 5224 Ἐπικατάρατος
1652 5153 1690 5221 ἦ
1715 5150 1791 5223 γῆ

207 5259 280 5311 ἐν
302 5256 431 5323 τοῖς
472 5256 670 5326 ἔργοις
702 5271 841 5322 σου,
871 5252 1137 5317 ἀκάνθας
1170 5248 1268 5303 καί
1302 5248 1614 5316 τριϐόλους
1642 5245 1789 5299 ἀνα-

209 5346 379 5402 τελεῖ
396 5362 522 5400 σοι·
552 5345 647 5400 καὶ
673 5344 792 5409 τοῦ,
831 5343 935 5397 Ἔν
957 5339 1153 5409 ἱδρῶτι
1179 5338 1285 5393 τοῦ
1318 5334 1643 5405 προσώπου
1673 5346 1790 5387 σου

210 5438 378 5511 φαγῇ
416 5438 524 5493 τὸν
574 5437 758 5507 ἄρτον
799 5451 953 5503 σου,
995 5435 1029 5505 ἡ
1072 5427 1396 5505 μετάλλαξις
1423 5444 1436 5458 ·
1478 5426 1639 5481 τοῦτο
1672 5423 1787 5490 τοῦ,

210 5531 509 5600 Πληθύνω
558 5531 664 5595 τὰς
702 5532 903 5594 λύπας
951 5540 1069 5581 σου
1100 5525 1197 5579 καὶ
1230 5522 1371 5590 τοὺς
1413 5516 1787 5589 στεναγμούς

291 5668 307 5699 ⁸
344 5665 483 5723 Gen.
514 5679 601 5734 ιιι,
634 5664 724 5719 t7.
800 5665 822 5697 ³
856 5661 991 5719 ibid.
1024 5661 1113 5716 l9.

1887 5158 2017 5214 vita:
2041 5159 2228 5228 spinas
2256 5156 2479 5214 ferentis
2512 5168 2677 5229 atque
2710 5159 2858 5215 illius
2881 5160 3211 5230 permutatio
3247 5168 3303 5214 et
3330 5174 3461 5214 sen-

1890 5252 2072 5308 tentiae
2095 5252 2223 5307 olim
2260 5252 2424 5307 latae:
2464 5250 2754 5306 Maledicta
2801 5261 2945 5305 terra
2980 5252 3036 5306 in
3062 5251 3301 5319 operibus
3337 5251 3461 5313 tuis,

1892 5344 2073 5413 spinas
2114 5354 2163 5397 et
2204 5343 2425 5398 tribulos
2460 5343 2732 5398 submittet
2781 5343 2877 5398 tibi
2924 5345 2979 5409 ¹;
3036 5352 3091 5399 et
3136 5344 3285 5399 illius
3322 5359 3335 5397 :
3394 5340 3462 5395 lu

1888 5433 2076 5487 sudore
2106 5434 2278 5489 vultus
2305 5436 2381 5489 tui
2412 5435 2628 5489 vesceris
2660 5450 2795 5503 pane
2824 5435 2866 5488 ’.
2901 5431 3027 5487 Haec
3069 5442 3153 5489 est
3186 5441 3335 5488 certa
3371 5447 3459 5487 re-

1891 5524 2133 5593 demptio
2158 5527 2226 5583 ab
2251 5526 2454 5582 inﬂicta
2498 5526 2588 5582 illa
2616 5543 2775 5599 poena
2804 5545 2816 5581 :
2852 5525 3218 5594 Muttiplicabo
3257 5525 3462 5580 dolores

291 5815 368 5887 (ι)
401 5812 749 5887 sterilitatem
795 5826 904 5887 non
937 5807 1223 5887 _.|oac_hi_mi
1272 5814 1329 5863 et
1355 5804 1801 5887 Annazntantum,
1841 5800 1935 5859 sed
1974 5812 2030 5860 et
2087 5801 2341 5859 humana
2358 5814 2578 5875 quoque
2608 5809 2812 5857 naturae
2852 5813 2975 5871 quae
3003 5796 3071 5853 ad
3116 5795 3339 5852 Mariam
3370 5810 3462 5853 us-

214 5876 324 5958 que
345 5876 554 5942 nullum
579 5884 815 5940 fructum
847 5882 948 5937 nisi
976 5880 1329 5936 maledictum
1360 5876 1604 5948 protulit.

574 5984 843 6043 ΡΑτιιοι..
889 5980 1005 6041 GR.
1040 5974 1324 6039 XCVIII.

3075 5957 3153 6017 θ’]
