4088 6528
550 400 562 460 l
576 400 680 462 483

1613 390 1686 448 8,
1721 386 2026 448 TABASII
2060 385 2567 447 PATRIARCIl-l/E
2597 386 2706 446 ΟΡ.

3670 379 3821 446 Ῑιὸἱ

546 521 662 564 tuos
693 519 740 562 et
771 505 995 579 gemitus
1023 512 1138 556 tuos
1174 501 1233 568 ³;
1273 509 1324 556 et
1358 499 1426 554 ab
1465 498 1556 553 illa
1583 515 1596 552 :
1633 497 1700 552 In
1733 499 1915 552 dolore
1944 497 2119 566 paries

2238 510 2340 551 70v
2367 513 2382 527 ⁶
2438 496 2534 550 καὶ
2587 495 2711 559 τοῦ,
2751 496 2853 548 Ἐν
2895 494 3117 562 λύπαις
3151 493 3290 561 τέξῃ
3345 492 3550 558 τέκνα,
3611 491 3823 561 βεϐαία

543 601 685 670 ﬁlios
709 601 750 654 ⁸.
801 599 1042 667 Agamus
1092 595 1296 663 itaque,
1331 591 1538 658 lideles,
1570 588 1770 644 festum
1794 588 1938 643 diem
1968 585 2117 641 omni

547 695 758 748 honore
770 687 1178 760 dignissimum,
1201 683 1674 751 clarissimamqne
1692 676 2118 740 solemnitatem,

544 796 668 852 qua:
693 779 894 833 divinis
930 775 1099 830 radiis
1123 774 1509 844 splendescens
1532 811 1548 838 ,
1581 767 2122 838 intelligibilibusque

546 887 778 929 accensa
813 869 1116 926 luminibus
1141 881 1208 922 ac
1234 864 1480 936 mysticis
1511 862 1820 933 fulgoribus
1851 861 2118 925 emicans,

547 978 778 1018 arcanas
801 961 894 1016 Dei
929 958 1273 1031 cognitiones
1295 955 1618 1010 mortalibus
1653 961 1934 1018 coruscat,
1960 961 2124 1021 atque

551 1067 714 1106 unam
745 1052 800 1106 in
823 1050 998 1106 tribus
1022 1049 1274 1120 personis
1296 1047 1656 1112 divinitatem,
1675 1044 2123 1114 omnipotentiam

553 1143 748 1207 Patris,
779 1151 833 1196 et
852 1140 996 1206 Filii,
1027 1148 1080 1194 et
1110 1137 1343 1208 Spiritus
1373 1136 1546 1192 sancti
1578 1136 1838 1191 declarat.

623 1316 802 1384 Quare
849 1318 1106 1373 omnibus
1152 1319 1300 1372 hisce
1348 1319 1684 1389 argumentis
1745 1321 1799 1374 in
1849 1335 2124 1376 summam

554 1410 820 1476 collectis,
849 1410 1260 1465 accommodate
1291 1410 1505 1465 dicendi
1539 1412 1866 1481 principium
1899 1428 1928 1466 a
1957 1411 2130 1482 Virgi-

560 1501 649 1556 nis
679 1501 1008 1557 deduetione
1052 1501 1107 1555 in
1139 1503 1403 1572 templum
1443 1517 1540 1571 pro
1581 1503 1788 1558 viribus
1812 1505 2129 1559 describen-

555 1595 624 1649 da
654 1593 941 1659 faciamus,
971 1608 1035 1648 ac.
1057 1592 1252 1649 deinde
1277 1593 1411 1664 legis
1438 1593 1849 1664 implementum
1872 1605 1925 1650 et
1953 1596 2130 1651 editos

559 1688 746 1755 gratia:
792 1686 1006 1741 fructus
1065 1685 1314 1739 oratione
1362 1700 1777 1756 prosequamur.
1823 1688 1942 1756 Ipsa
1984 1687 2128 1740 enim

560 1777 760 1832 Sancta
809 1787 1125 1831 sanctorum
1153 1816 1166 1838 ,
1215 1777 1598 1832 immaculatus
1630 1777 1794 1832 Verbi
1822 1779 2094 1833 thalamus
2114 1819 2129 1841 ,

556 1869 799 1937 virginea
848 1867 997 1938 virga
1035 1866 1234 1920 ﬂorens
1259 1908 1273 1931 ,
1320 1883 1446 1920 arca
1481 1868 1950 1933 sanctificationis,
1973 1884 2132 1924 mons

559 1969 807 2022 sanctus,
841 1956 1254 2012 tabernaculut‘n
1294 1955 1386 2009 Dei
1411 1971 1606 2026 capax,
1636 1957 2019 2015 incombustus
2050 1975 2133 2013 ru-

559 2051 685 2115 bus,
738 2047 1106 2103 ﬂammivolns
1141 2046 1232 2099 Dei
1280 2062 1500 2107 currus.
1533 2048 1785 2103 columba
1830 2049 2132 2120 impolluta,

560 2141 902 2212 amplissima
954 2135 1118 2192 Verbi
1174 2137 1354 2200 sedes,
1391 2138 1561 2193 nubes
1591 2155 1620 2194 a
1657 2139 1767 2194 Deo
1808 2141 2134 2212 illuminata,

559 2234 833 2304 variegata
889 2231 1074 2302 regina
1098 2245 1128 2284 e
1159 2231 1367 2285 semine
1400 2229 1569 2285 David
1615 2243 1901 2302 prognata,
1937 2235 1991 2289 in
2051 2236 2136 2290 sui

563 2325 951 2380 habitationem
1007 2337 1036 2375 a
1090 2321 1306 2378 Davidis
1363 2321 1618 2378 Creatore
1667 2340 1732 2380 ac
1763 2325 1874 2381 Ι)οο
1919 2338 2134 2383 servata

563 2421 762 2474 fuerat.

635 2511 722 2567 Ill.
744 2510 1064 2567 Joaehimus
1086 2508 1269 2580 itaque
1291 2523 1320 2564 e
1341 2507 1626 2564 duodecim
1654 2508 1867 2563 lsraelis
1889 2509 2139 2566 tribubus

565 2607 729 2661 homo
759 2605 912 2660 dives
966 2603 1217 2673 idemque
1257 2602 1462 2672 justus,
1502 2617 1600 2658 sua
1648 2602 1700 2657 in
1739 2601 1831 2658 Dei
1876 2603 2137 2659 honorem

563 2716 792 2758 munera
850 2697 1147 2755 deferebat.
1210 2695 1316 2751 Sed
1371 2696 1767 2762 cumjsemine
1817 2695 2139 2752 infecundus

563 2809 630 2850 ac
662 2792 956 2847 liberorum
985 2802 1182 2857 expers
1211 2794 1382 2851 esset,
1415 2785 1725 2841 sacerdotes
1748 2801 1778 2839 e
1805 2786 2003 2856 templo
2027 2786 2137 2840 Do-

564 2884 700 2941 mini
736 2882 856 2953 ejus
881 2881 1020 2936 dona
1055 2878 1453 2941 contumeliose
1488 2877 1800 2948 reiecerunt
1835 2878 1986 2934 hisce
2015 2895 2138 2933 ver—

566 2978 651 3033 bis
679 2994 692 3031 :
719 2973 1143 3043 Haudquaquam
1168 2971 1272 3025 ista
1295 2969 1400 3023 Deo
1419 2970 1606 3039 offerre
1621 2970 1717 3024 tibi
1738 2969 1822 3040 fas
1839 2979 1936 3036 est,
1953 2971 2142 3040 quippe

562 3071 653 3142 qui
703 3067 852 3122 nulla
894 3065 1070 3120 sobole
1127 3072 1316 3118 auctus
1364 3063 1528 3132 fueris
1585 3062 1640 3116 in
1677 3061 1895 3117 Israele.
1933 3062 2002 3118 At
2050 3065 2143 3119 ille

564 3161 740 3216 oculis
787 3160 1050 3228 vultuque
1095 3171 1206 3227 pra:
1256 3154 1476 3210 tristitia
1527 3155 1780 3211 demissis
1829 3157 2065 3211 excessit
2107 3171 2138 3211 e
2169 3192 2210 3249 Ο

565 3253 768 3323 templo
809 3249 1044 3313 Domini,
1073 3261 1315 3303 maerore
1363 3261 1696 3317 oppressus;
1741 3256 1856 3301 tum
1887 3246 2038 3301 solus
2082 3245 2136 3300 in

566 3357 752 3402 monte
773 3344 841 3398 ad
878 3340 1296 3411 supplicandum
1323 3336 1493 3392 Deum
1529 3351 1848 3401 conversus,
1901 3337 2140 3393 contrito

567 3437 731 3492 corde
755 3448 1008 3504 aegroque
1051 3430 1238 3484 animo
1289 3429 1374 3483 sic
1405 3427 1676 3483 clamabat
1703 3445 1715 3480 :
1748 3427 1852 3492 Tu,
1887 3427 2139 3493 Domine,

568 3527 814 3582 cordium
840 3525 1133 3592 inspector,
1153 3529 1207 3574 et
1229 3534 1411 3574 rerum
1432 3517 1677 3573 omnium
1706 3527 1819 3573 tum
1840 3519 2140 3574 visibilium

571 3631 686 3675 tum
728 3615 1086 3671 invisibilium
1124 3611 1410 3676 conditor,
1463 3610 1557 3680 qui
1595 3609 1783 3663 caelum
1845 3611 2142 3664 extendiisti

569 3712 706 3764 sicut
733 3707 918 3778 pellem
935 3708 977 3769 ⁵,
1000 3704 1090 3775 qui
1111 3703 1282 3758 solem
1307 3701 1476 3755 verbo
1505 3701 1818 3756 tuocrcasti
1847 3700 1912 3755 ad
1934 3700 2140 3755 illumi-

573 3803 814 3857 nandum
841 3799 1010 3864 diem,
1039 3808 1090 3852 et
1125 3797 1310 3850 lunam
1337 3809 1461 3849 cum
1496 3794 1689 3858 atellis,
1714 3801 1775 3848 ut
1796 3793 1965 3848 facem
1999 3809 2143 3863 prae-

571 3895 724 3949 beret
754 3890 897 3944 nocti
929 3890 972 3958 ⁶,
1001 3887 1094 3957 qui
1129 3886 1342 3941 nebulis
1368 3884 1644 3940 madelieri
1682 3899 1861 3939 aerem
1889 3884 2103 3954 jussisti
2129 3924 2144 3950 ,

571 3985 662 4054 qui
717 3982 937 4038 ﬂamina
987 3989 1275 4035 ventorum
1324 3975 1482 4047 quasi
1511 3975 1763 4031 claustris
1805 3975 2141 4041 conclusisti,

572 4077 665 4147 qui
710 4089 862 4129 mare
905 4072 1129 4127 lrenasti
1176 4068 1395 4136 arenis,
1427 4069 1714 4138 ipsumque
1735 4069 1883 4122 omni
1909 4068 2141 4138 piscium

574 4183 792 4241 genere,
833 4164 1290 4236 quemadmodum
1323 4170 1520 4216 terram
1553 4175 1771 4230 qucque
1821 4159 1996 4216 brutis
2023 4161 2145 4214 ani-

575 4259 852 4315 mantibus
879 4267 932 4312 et
957 4255 1086 4310 feris
1113 4266 1168 4309 et
1190 4253 1417 4310 mitibus
1443 4291 1458 4318 ,
1485 4251 1696 4315 ditasti,
1728 4261 1781 4306 et
1804 4267 1986 4306 escam
2021 4267 2142 4307 om-

575 4353 735 4407 nibus
765 4367 862 4421 pro
897 4358 986 4403 tua
1019 4347 1298 4401 voluntate
1332 4361 1396 4405 ac
1423 4352 1554 4398 nutu
1597 4343 1933 4413 suppeditas,
1962 4342 2056 4412 qui
2089 4345 2144 4399 in

577 4455 734 4501 terra:
753 4440 1039 4512 superﬁcie
1065 4437 1263 4492 herbas
1293 4435 1574 4505 producis,
1605 4445 1660 4491 et
1697 4451 1886 4492 omnes
1916 4437 2145 4492 arbores

2217 589 2616 660 ἀπολύτρωσις.
2671 587 2891 658 Ταύτην
2949 587 2999 640 οἱ
3052 586 3235 640 πιστοὶ
3290 585 3646 656 ἑορτάσωμεν
3707 584 3818 654 τὴν

2219 681 2490 752 πάντιμον
2541 680 2772 750 ἑορτὴν,
2833 678 2934 751 τὴν
2984 677 3248 750 λαμπρὰν
3300 678 3612 749 πανήγυριν
3642 717 3658 741 ,
3705 675 3820 744 τὴν

2221 773 2393 837 θείαις
2450 773 2886 827 ἀποστίλϐουσαν
2935 772 3328 844 μαρμαρυγαῖς
3357 810 3372 836 ,
3423 770 3526 840 τὴν
3585 772 3822 838 νοηταῖς

2219 865 2602 938 λαμπαδουχου
2611 865 2777 937 μένην
2798 864 3154 934 φωταυγίαις,
3172 863 3273 934 τὴν
3287 865 3589 933 μυστικαῖς
3617 862 3722 929 ἀγλ
3731 865 3824 913 αῖ-

2225 959 2458 1030 ζομένην
2489 958 2860 1027 φωτοδοσίαις,
2887 957 2986 1029 τὴν
3009 959 3298 1028 μυστικαῖς
3327 955 3824 1026 περιαστράπτου-

2227 1066 2326 1102 σαν
2357 1048 2433 1119 τῷ
2469 1048 2662 1118 κόσμῳ
2693 1047 3062 1116 θεογνωσίαις,
3090 1048 3188 1115 τὴν
3224 1049 3281 1099 ὲν
3305 1046 3455 1117 τρισὶ
3494 1046 3822 1116 προσώποις

2229 1141 2358 1211 μίαν
2390 1140 2647 1211 θεότητα,
2680 1141 2914 1212 Πατρὶς,
2934 1143 3028 1194 καὶ
3058 1140 3211 1205 Υἱοῦ,
3237 1141 3330 1193 καὶ
3356 1139 3700 1210 Πνεῦματος,
3729 1139 3819 1191 δι-

2226 1231 2464 1296 δάξασαν
2489 1233 2980 1303 παντοκρατορίαν.

2298 1325 2390 1378 Διὸ
2417 1324 2619 1388 ταύτας
2643 1326 2741 1388 τὰς
2767 1324 3053 1387 ὑποθέσεις
3082 1322 3688 1392 ἀνακεφαλαιώσαντες,
3712 1322 3817 1378 καὶ

2230 1419 2403 1490 ἀρχὴν
2434 1418 2690 1482 λαϐόντες
2714 1419 2792 1490 τῷ
2813 1418 2956 1490 λόγῳ
2988 1419 3376 1490 προσήκουσαν
3404 1419 3501 1487 τῆς
3531 1417 3817 1488 Παρθένου

2229 1513 2328 1582 τὴν
2351 1505 2418 1564 ¹ὲν
2450 1510 2526 1581 τῷ
2551 1508 2664 1581 ναῷ
2691 1510 3078 1581 προσαγωγὴν,
3113 1511 3238 1564 ὅσον
3269 1506 3379 1564 οἷόν
3407 1529 3467 1563 τε
3491 1510 3816 1580 διαγράψω-

2235 1620 2334 1673 μεν
2359 1642 2374 1667 ,
2413 1603 2508 1655 καὶ
2534 1600 2632 1673 τὴν
2660 1602 2755 1654 τοῦ
2795 1602 2961 1672 νόμου
2995 1603 3346 1675 ἐκπλήρωσιν
3381 1620 3442 1656 τε
3471 1604 3568 1656 καὶ
3595 1619 3818 1673 καρπο-

2231 1695 2414 1747 δοσίαν
2440 1691 2906 1764 ὑπαγορεύσωμεν
2929 1709 2945 1724 ’
2967 1686 3110 1764 αὕτη
3131 1696 3244 1766 γὰρ
3264 1697 3296 1765 ἡ
3316 1695 3423 1747 τῶν
3442 1694 3614 1763 ἁγίων
3630 1693 3815 1762 Ἅγια,

2233 1787 2266 1855 ἡ
2326 1784 2662 1855 ἀκηλίδωτος
2718 1783 2811 1838 τοῦ
2859 1787 3033 1855 Λόγου
3079 1787 3316 1850 παστὰς,
3373 1787 3436 1839 τὺ
3478 1786 3818 1856 παρϐενικὸν

2231 1877 2552 1948 ἁπάνθισμα
2578 1917 2594 1943 ,
2631 1879 2664 1948 ἡ
2696 1878 2928 1942 κιϐωτὸς
2956 1878 3052 1932 τοῦ
3085 1878 3426 1949 ἀγιάσματος
3451 1920 3466 1944 ,
3494 1879 3556 1932 τὸ
3586 1879 3717 1948 ὅρος
3752 1878 3818 1931 τὸ

2233 1970 2409 2037 ἅγιον,
2438 1972 2470 2042 ἡ
2500 1970 2841 2043 Θεοχώρητος
2872 1970 3065 2043 σκηνὴ,
3095 1972 3128 2041 ή
3164 1972 3582 2040 ἀκατάφλεκτος
3619 1970 3814 2040 βάτος,

2233 2063 2294 2116 τὸ
2328 2065 2676 2136 πυρίμορφον
2704 2065 2858 2136 ἆρμα
2899 2062 2992 2119 τοῦ
3016 2065 3176 2133 Θεοῦ,
3209 2068 3243 2138 ἡ
3281 2066 3584 2137 περιστερὰ
3611 2068 3645 2135 ἡ
3673 2065 3817 2135 ἀμό·

2233 2155 2445 2220 λυντος,
2474 2157 2534 2209 τὸ
2566 2156 2880 2228 εὐρύχωρον
2909 2157 3001 2210 τοῦ
3024 2159 3196 2226 Λόγου
3227 2160 3450 2230 χωρίον,
3477 2160 3511 2229 ἡ
3544 2159 3816 2226 θεόςωτος

2235 2247 2456 2319 νεφέλη,
2502 2248 2534 2318 ἡ
2588 2249 2983 2320 πεποικιλμένη
3037 2249 3319 2320 βασίλισσα
3369 2254 3434 2304 ὲκ
3496 2250 3816 2321 σπέρματος

2235 2338 2396 2392 Δαυῖδ
2419 2341 2768 2410 καταγομένη
2792 2340 2868 2410 τῷ
2895 2339 2989 2393 τοῦ
3019 2341 3180 2394 Δαυῒδ
3210 2341 3401 2413 κτίστῃ
3427 2341 3522 2395 καὶ
3551 2341 3672 2411 Θεῷ
3696 2343 3816 2394 ἐτεο

2237 2428 2447 2498 τήρητο
2481 2431 2560 2492 εἰς
2587 2427 2781 2482 ἑαυτοῦ
2809 2429 3150 2498 κατοίκησιν.

2313 2519 2382 2572 Γ’.
2423 2521 2679 2592 Ίωακεὶμ
2711 2521 2818 2593 γὰρ
2850 2522 2908 2575 ὲν
2954 2524 3021 2593 τῇ
3056 2519 3422 2591 δωδεκαφύλιρ
3449 2519 3550 2575 τοῦ
3595 2517 3817 2588 Ἰσραὴλ

2239 2610 2494 2676 πλούσιος
2524 2615 2601 2665 ῶν
2641 2617 2734 2667 καὶ
2779 2614 2983 2676 δίκαιος
3019 2614 3322 2686 προσέφερε
3356 2613 3424 2666 τὰ
3451 2613 3605 2683 δῶρα
3647 2609 3817 2665 αὐτοῦ

2241 2703 2376 2776 πρὸς
2397 2704 2654 2758 τὸνθεόν.
2668 2705 2760 2776 Μὴ
2783 2706 2998 2776 ἔχοντος
3014 2706 3070 2758 δὲ
3088 2706 3306 2776 σπέρμα
3326 2704 3514 2767 αὑτοῦ,
3533 2705 3650 2757 ἀλλ’
3669 2704 3819 2768 ὄντος

2239 2797 2480 2860 ἄπαιδος,
2505 2798 2951 2868 ἀπεσκοράκισαν
2975 2797 3146 2852 ταῦτα
3168 2799 3219 2851 oi
3255 2800 3421 2868 ἱερεῖς
3452 2799 3518 2850 ἐκ
3544 2793 3677 2851 ναοῦ
3710 2799 3821 2851 Κυ-

2244 2890 2384 2962 ρίου.
2417 2890 2667 2958 λέγοντες
2693 2908 2706 2921 ο
2741 2894 2862 2944 Οὐκ
2892 2890 3099 2954 ἒξεστί
3131 2907 3231 2944 σοι
3257 2891 3696 2961 προσενεγκεῖν
3715 2894 3819 2945 αὑ-

2241 2977 2314 3031 τὰ
2347 2977 2425 3043 τῷ
2451 2976 2610 3043 Θεῷ,
2643 2980 2848 3032 καθότι
2887 2981 3125 3048 σπέρμα
3152 2982 3264 3034 οὐκ
3297 2981 3597 3048 ἐποίησας
3629 2980 3703 3034 ἐν
3745 2979 3820 3042 τῶ

2255 3069 2499 3137 Ἰσραήλ
2530 3087 2541 3101 ι
2603 3069 2697 3122 καὶ
2754 3069 3153 3141 σκυθρωπάσας
3206 3070 3390 3134 αὐτὸς,
3438 3071 3714 3141 κατῆλθεν
3759 3073 3820 3124 ἑκ

2243 3161 2374 3216 ναοῦ
2416 3160 2645 3232 Κυρίου,
2678 3159 2821 3232 λύπῃ
2847 3161 3205 3232 συνεχόμενος
3229 3179 3242 3192 ·
3278 3163 3371 3215 καλ⁸
3399 3162 3458 3213 έν
3481 3162 3560 3233 τῷ
3578 3164 3695 3232 ὄρει
3723 3179 3821 3215 κα-

2242 3253 2487 3325 ταμόνας
2517 3253 2608 3306 τὸν
2638 3253 2771 3307 Θεὸν
2798 3254 3136 3320 λιτανεύσας,
3172 3256 3309 3327 μετὰ
3355 3257 3823 3327 συντετριμμένης

2244 3345 2492 3416 καρδίας,
2525 3348 2619 3398 καὶ
2639 3347 2948 3399 κατωδύνου
2973 3345 3173 3416 ψυχῆς,
3194 3347 3323 3400 ἐϐόα
3342 3347 3518 3415 λέγων
3535 3364 3552 3378 ’
3588 3348 3682 3411 Σὺ,
3711 3349 3822 3401 Κύ-

2247 3451 2350 3506 ριε,
2393 3435 2820 3505 καρδιογνῶστα,
2865 3436 2896 3486 ὁ
2933 3436 3044 3488 τῶν
3071 3432 3286 3506 ὁρατῶν
3329 3453 3391 3489 τε
3440 3436 3541 3490 καὶ
3571 3436 3822 3507 ἀοράτων

2243 3526 2488 3595 κτίστης,
2525 3528 2556 3578 ὀ
2597 3525 2705 3578 τὸν
2737 3523 3000 3593 οὐρανὸν
3039 3527 3309 3592 τανύσας
3381 3526 3526 3580 ὡσεὶ
3587 3526 3818 3596 δέρῤιν,

2242 3620 2270 3672 ὁ
2299 3617 2392 3671 τὸν
2423 3618 2576 3689 ἥλιον
2605 3618 2685 3681 εἰς
2715 3619 2912 3686 φαῦσιν
2951 3619 3050 3691 τῆς
3073 3619 3284 3689 ἡμέρας
3314 3619 3632 3688 προστάξας
3668 3621 3820 3688 γενέ-

2247 3709 2370 3764 σθαι
2402 3710 2496 3762 καὶ
2525 3710 2622 3780 τὴν
2655 3709 2886 3781 σελήνην
2913 3711 2992 3775 εἰς
3017 3710 3301 3780 δᾳδουχίαν
3322 3711 3420 3780 τῆς
3447 3710 3646 3773 νυκτὸς
3687 3713 3821 3782 μετὰ

2244 3801 2351 3856 τῶν
2374 3802 2620 3872 ἀστέρων
2651 3803 2888 3872 ποιήσας
2921 3818 2934 3830 '
2971 3804 2998 3855 ὁ
3030 3804 3142 3865 τοῖς
3185 3802 3373 3871 νέφεσι
3403 3802 3498 3855 τὸν
3524 3803 3666 3873 ἀέρα
3697 3803 3821 3874 βρὲ-

2245 3910 2362 3963 χειν
2391 3892 2678 3956 κελεύσας,
2711 3895 2806 3947 καὶ
2834 3893 2947 3948 τῶν
2979 3893 3195 3962 ἀνέμων
3227 3893 3325 3956 τὰς
3359 3895 3529 3958 πνοὰς
3565 3894 3828 3967 Θησαυρὶ-

2248 4001 2345 4045 σας
2372 3999 2385 4014 ⁸
2421 3982 2449 4037 ό
2477 3986 2573 4055 τὴν
2601 3985 2877 4038 Θάλασσαν
2906 3983 3209 4056 χαλινώσας
3236 3987 3305 4055 τῇ
3333 3985 3548 4057 ψάμμῳ
3580 3989 3675 4039 καὶ
3698 3987 3826 4041 ταύ-

2245 4092 2346 4146 την
2369 4075 2560 4144 γένους
2610 4075 2810 4146 ἰχθύων
2838 4075 3156 4146 πληρώσας,
3193 4077 3289 4129 καὶ
3318 4074 3415 4146 τὴν
3441 4077 3679 4148 ἤπειρον
3705 4077 3828 4131 ἀλό-

2247 4181 2362 4234 γων
2396 4165 2492 4218 καὶ
2531 4165 2639 4219 τῶν
2675 4165 2881 4236 θηρίων
2916 4167 3012 4220 καὶ
3044 4165 3150 4219 τῶν
3176 4166 3444 4220 πετεινῶν
3466 4208 3482 4231 ,
3519 4169 3618 4220 καὶ
3653 4169 3827 4222 ταῦτα

2246 4255 2464 4326 τρέφων
2495 4254 2745 4326 βουλήσει
2769 4256 2864 4308 καὶ
2892 4255 3205 4326 προστάξειο
3241 4257 3270 4308 ὁ
3302 4255 3380 4326 τῷ
3414 4256 3701 4328 προσώπῳ
3730 4258 3828 4327 τῆς

2247 4348 2352 4416 γῆς
2385 4348 2578 4418 χόρτον
2611 4347 3000 4414 ὲξανατέλλων,
3042 4348 3134 4401 καὶ
3182 4349 3317 4400 πᾶσι
3348 4348 3591 4418 δένδροις
3623 4351 3694 4402 τὰ
3724 4351 3827 4403 [δια

2249 4441 2623 4506 καλλωπίσας,
2653 4441 2955 4495 ὲπάκουσόν
2988 4458 3110 4512 μου,
3145 4440 3507 4512 εὖσπλαγχνε,
3539 4442 3638 4496 καὶ
3658 4442 3830 4514 δώρη-

577 4551 674 4590 sua
713 4547 957 4603 quasque
991 4529 1391 4600 pulchritudine
1423 4542 1656 4582 exornas
1686 4569 1701 4593 ,
1747 4529 1941 4582 exaudi
1973 4543 2082 4594 me,
2110 4543 2138 4583 ο

2251 4531 2341 4585 σαί
2373 4549 2463 4602 μοι
2487 4531 2702 4598 τέκνον,
2735 4532 2961 4604 χάρισαί
3003 4550 3094 4601 μοι
3118 4533 3490 4604 καρπογονίας
3545 4534 3826 4604 ἐνέχυρον,

577 4626 911 4685 misericors,
939 4630 994 4674 et
1020 4620 1151 4674 mihi
1188 4619 1429 4674 sobolem
1459 4619 1678 4688 largire.
1715 4617 1920 4689 Pignus
1942 4633 2145 4690 propa-

576 4717 766 4790 gandae
794 4713 978 4783 stirpis
1004 4711 1070 4766 da
1097 4711 1254 4774 milii,
1288 4718 1348 4762 ut
1375 4709 1733 4766 obstruantur
1766 4711 1912 4765 labia
1938 4711 2146 4776 dolosa,

576 4830 692 4886 qua:
717 4810 1049 4880 iniquitatem
1089 4805 1376 4876 loquuntur
1399 4805 1652 4859 adversus
1680 4804 1891 4873 justum
1930 4804 2150 4874 superbe

577 4901 1037 4978 atqueinaolenler
1064 4898 1106 4956 ⁷.

649 4997 776 5053 Haec
800 4993 1043 5050 hominis
1067 4988 1203 5061 justi
1229 4988 1418 5056 verba,
1452 4988 1568 5045 haec
1596 4989 1958 5061 progenitoris
1991 4990 2149 5046 obte-

573 5093 865 5154 stationes,
891 5084 1028 5140 tales
1050 5080 1320 5137 Joachimi
1342 5097 1409 5138 ex
1436 5082 1620 5153 penite
1651 5082 1819 5137 animi
1847 5081 2034 5137 dolore
2053 5095 2146 5151 ge-

573 5184 766 5238 tuitus.

647 5269 739 5328 ιγ.
776 5269 918 5340 Quid
946 5285 1076 5326 vero
1125 5269 1292 5326 etiam
1350 5265 1549 5320 Anna?
1601 5263 1802 5336 quippe
1839 5263 1992 5334 juvat
2033 5262 2150 5334 ejus

578 5373 799 5436 quoque
821 5361 1092 5417 dictorum
1121 5359 1451 5416 mentionem
1481 5355 1680 5411 facere.
1709 5356 1802 5411 llla
1831 5357 2001 5421 enim,
2028 5371 2150 5426 quae

578 5468 811 5510 concors
833 5451 1044 5507 vixerat
1066 5466 1175 5506 una
1199 5464 1324 5506 cum
1347 5447 1488 5512 viro,
1519 5456 1573 5503 et
1596 5446 1730 5502 ﬂore
1751 5449 1926 5502 aetatis
1944 5447 2149 5502 amisso

579 5549 688 5618 iam
719 5543 974 5615 vergebat
1001 5543 1056 5598 in
1087 5542 1336 5605 senium,
1353 5541 1406 5596 in
1437 5548 1694 5612 perpetua
1716 5539 1966 5608 iacuerat
1995 5539 2153 5594 steri-

583 5638 754 5692 litate.
807 5633 1076 5689 Czcterum
1109 5649 1233 5689 cum
1269 5641 1323 5689 et
1349 5633 1461 5702 jam
1507 5631 1794 5686 muliebria
1835 5632 2149 5696 desiisscnt,

2246 4624 2394 4688 ὅπως
2430 4627 2690 4696 ὲμφραγῇ
2722 4625 2893 4692 χείλη
2920 4623 2991 4677 τὰ
3024 4622 3218 4687 δόλια,
3245 4623 3317 4677 τὰ
3337 4623 3655 4678 λαλοῦντα
3684 4629 3830 4678 κατὰ

2246 4715 2353 4772 τοῦ
2395 4714 2630 4769 δικαίου
2673 4715 2929 4786 ἀνομίαν
2970 4716 3041 4769 ἐν
3080 4715 3461 4784 ὑπερηφανίᾳ
3527 4715 3631 4769 καί
3663 4716 3830 4780 ἐξου-

2247 4807 2517 4864 δενώσει.

2318 4989 2503 5044 Ταῦτα
2539 4989 2632 5044 τοῦ
2660 4989 2871 5044 δικαίου
2903 4990 2974 5045 τὰ
3005 4991 3228 5062 ῥήματα
3253 5005 3268 5020 ·
3298 4981 3461 5045 αὗται
3485 4989 3588 5044 τοῦ
3620 4991 3831 5062 προπά·

2246 5100 2405 5154 τορος
2433 5083 2489 5135 αἱ
2512 5082 2896 5153 παρακλήσεις
2919 5098 2933 5112 ο
2957 5081 3192 5136 τοιοῦτοι
3219 5079 3316 5135 τοῦ
3332 5081 3590 5152 Ἰωακεὶμ
3615 5082 3680 5134 ἐκ
3704 5099 3831 5135 κατ-

2246 5172 2451 5228 ωδύνου
2484 5172 2664 5243 ψυχῆς
2687 5173 2737 5226 οἱ
2773 5173 3094 5244 στεναγμοί.

2321 5264 2395 5320 Δ’.
2425 5264 2492 5317 Τί
2528 5263 2585 5318 δὲ
2614 5264 2711 5317 καὶ
2741 5265 2775 5337 ἡ
2813 5243 3022 5330 ’λννας
3052 5263 3219 5318 καλὸν
3255 5263 3366 5336 γὰρ
3395 5265 3490 5318 καὶ
3523 5263 3696 5333 αὐτῆς
3729 5263 3830 5316 τῶν

2250 5353 2515 5427 ῥημάτων
2537 5353 3047 5426 ἀπομνημονεῦσαι.
3077 5355 3230 5426 Αὕτη
3251 5356 3362 5426 γὰρ
3389 5354 3468 5425 τῷ
3497 5356 3655 5426 ἀνδρὶ
3690 5356 3829 5426 σύμ-

2249 5463 2426 5517 φωνος
2476 5445 2965 5516 συμϐιοτεύσασαο,
2994 5448 3089 5500 καὶ
3145 5447 3206 5501 τὸ
3242 5445 3345 5518 τῆς
3376 5446 3633 5519 νεότητος
3673 5448 3831 5511 ἄνθος

2249 5541 2328 5604 είς
2358 5539 2533 5612 γῆρας
2563 5540 2803 5595 ἐλάσασα
2825 5581 2842 5608 ,
2875 5539 3066 5611 στείρα
3097 5540 3338 5610 διέμεινε
3372 5541 3553 5596 πάντα
3579 5540 3675 5594 τὸν
3707 5542 3829 5612 χρό⁸

2253 5649 2342 5687 νον
2374 5632 2544 5703 αὐτῆς
2580 5647 2594 5662 ·
2625 5633 2806 5687 λοιπὸν
2847 5634 2941 5686 καὶ
2966 5633 3034 5688 τὰ
3055 5633 3166 5688 τῶν
3194 5634 3470 5703 γυναικῶν
3501 5631 3829 5706 ἀναπληρώ-

651 5867 674 5899 ³
699 5866 834 5922 Gen.
868 5881 950 5933 tn,
984 5864 1070 5920 16.
1148 5864 1168 5896 ⁵
1200 5863 1334 5918 ibid.
1411 5862 1429 5894 '
1453 5859 1596 5916 Psal.
1625 5876 1742 5925 ent,
1770 5861 1824 5913 2.
1907 5859 2084 5916 “Gen.
2113 5875 2152 5928 ι,
2186 5860 2266 5916 16.
2341 5862 2521 5918 'Psal.
2560 5879 2685 5929 nx,
2724 5862 2917 5933 18,19.
