4088 6488
274 368 411 434 1485

1224 373 1307 436 ΙΝ
1337 375 1443 439 SS.
1475 374 1828 437 DEIPAR/E
1874 374 2609 442 PRESENTATIONEM.

3359 407 3363 411 -
3414 374 3547 439 1486

267 498 450 548 σασα,
491 483 695 553 φυσικῇ
740 480 981 537 διαθέσει
1030 485 1259 551 ἄτεκνος
1303 485 1657 557 ὲγνωρίζετο.
1695 485 1857 538 Ὅθεν

1967 484 2397 556 dignoscebatur
2436 504 2630 546 exsors
2664 488 3007 561 concipiendi
3040 488 3203 544 fletus
3229 488 3545 544 conditione

267 577 365 649 τήν
389 573 742 647 ἀναχώρησιν
761 574 858 630 τοῦ
880 576 1119 647 συζύγου
1143 579 1502 651 θεωρήσασα,
1526 581 1603 644 ὼς
1634 580 1853 650 τρυγὼν

266 669 590 741 φιλέρημος,
614 670 671 723 ὲν
694 669 774 740 τῷ
800 672 975 742 αὐτῆς
1000 674 1321 746 παραδείσῳ
1343 675 1529 746 εὐχαῖς
1556 674 1854 744 ίκετηρίοις

264 764 359 816 τὸν
413 763 648 834 ποιητὴν
698 764 794 816 καὶ
838 766 1085 836 πλάστην
1123 766 1583 837 ἀνακαλουμένη,
1628 766 1813 836 ἔλεγεν
1838 782 1852 797 ·

265 852 337 909 '0
370 854 545 927 Κύριε
577 854 832 923 Σαϐαὼθ,
860 859 893 909 ὀ
911 856 1251 927 καθήμενος
1276 858 1515 913 ἐπὶτῶν
1538 858 1853 928 Χερουϐὶμ,

210 1006 213 1013 η
264 950 360 1004 καὶ
405 947 767 1020 δοξαζόμενος
842 949 948 1004 ὐπὸ
999 950 1108 1003 τῶν
1164 950 1456 1023 Σεραφίμ·
1514 954 1548 1006 ὁ
1602 950 1856 1021 μυριάσι

207 1022 213 1032 ’
261 1040 578 1111 μυριάδων
623 1040 878 1110 ἀγγέλων
923 1022 1415 1113 δορυφορούμενος,
1475 1041 1573 1096 καί
1624 1041 1858 1112 χιλιάσι

267 1132 557 1202 χιλιάδων
586 1132 862 1203 στρατιῶν
890 1131 1173 1202 δοξολογού
1183 1150 1344 1203 μενος
1372 1134 1470 1189 καὶ
1514 1133 1855 1206 προσκυνού-

272 1242 434 1296 μενος
466 1241 481 1257 ο
523 1226 551 1278 6
582 1227 673 1279 τὸν
712 1224 884 1295 Ἀδὰμ
908 1226 1124 1289 πλάσας
1155 1228 1224 1297 τῇ
1247 1227 1393 1298 χειρί
1425 1243 1544 1293 σου,
1571 1226 1668 1280 καὶ
1708 1225 1859 1296 αὐτῷ

269 1317 418 1389 ζωὴν
443 1316 618 1381 ἐνθεὶς
648 1320 714 1389 τῇ
749 1316 1023 1389 ξωηφόρῳ
1056 1335 1151 1371 σου
1186 1319 1480 1390 προστάξει
1522 1319 1613 1373 καὶ
1663 1321 1727 1372 ἐκ
1757 1317 1859 1388 τῆς

269 1408 520 1481 πλευρᾶς
562 1407 727 1461 αὐτοῦ
764 1408 1197 1480 ἀνοικοδομήσας
1242 1412 1477 1477 γυναῖκα
1505 1425 1521 1439 °
1552 1412 1581 1464 6
1622 1412 1687 1481 τῇ
1718 1412 1857 1481 σοφῇ

271 1513 367 1553 σου
398 1496 618 1569 εὐδοκία
650 1497 890 1569 ποιήσας
919 1496 1070 1567 αὐτῷ
1094 1498 1333 1565 ,ϐοηθὸν
1353 1498 1482 1552 κατ’
1507 1497 1729 1564 αὐτὸν,
1764 1500 1860 1552 καὶ

267 1593 351 1655 είς
375 1588 436 1644 ἓν
461 1591 589 1653 τοὺς
616 1588 712 1642 δύο
760 1588 1007 1658 συνάψας
1035 1605 1049 1619 ·
1090 1590 1371 1643 Ἔσονται
1401 1592 1456 1643 ol
1492 1590 1626 1653 δύο,
1661 1589 1855 1653 είπὼν,

267 1683 359 1747 είς
388 1678 587 1748 σάρκα
617 1680 767 1749 μίαν
795 1696 811 1711 ·
852 1682 881 1733 6
907 1678 986 1750 τῷ
1020 1674 1305 1750 Ἀϐραὰμ,
1340 1680 1421 1751 τῷ
1452 1679 1531 1751 σῷ
1560 1679 1858 1751 θεράποντι

268 1773 369 1826 καὶ
400 1771 737 1843 πατριάρχῃ,
772 1771 1165 1842 δωρησάμενος
1195 1771 1310 1825 υίδν
1347 1771 1439 1826 τὸν
1478 1753 1688 1834 Ἶσαὰκ,
1720 1772 1861 1841 μετά

1959 578 2073 648 ipsa
2107 589 2337 635 naturae.
2376 583 2565 651 Itaque
2597 581 2777 637 mariti
2825 581 3208 636 animadverso
3237 580 3290 634 in
3319 580 3540 636 devium

1959 671 2137 727 locum
2163 689 2406 742 secessu,
2430 683 2695 745 tanquam
2721 682 2904 729 turtur
2933 684 3202 745 appetens
3230 673 3544 730 solitudinis

1960 764 2012 819 in
2042 764 2201 822 horto
2224 784 2325 824 suo
2346 769 2689 839 supplicibus
2712 768 3122 839 precationibus
3147 766 3413 824 artiﬁcem
3452 783 3540 821 re-

1959 872 2081 911 rum
2128 866 2293 929 atque
2333 861 2646 917 eﬁ'ectorem
2690 863 2763 917 ita
2809 862 3133 917 obsecrabat
3184 880 3196 915 :
3232 859 3276 915 Ο
3318 860 3548 917 Domine

1958 948 2321 1016 exercituum,
2352 953 2442 1021 qui
2468 953 2612 1006 sedes
2646 969 2805 1022 super
2830 951 3117 1006 Cherubin:
3148 952 3194 1017 ⁸,
3225 968 3387 1022 quem
3425 953 3532 1024 g|o~

1962 1037 2176 1093 rilicant
2206 1039 2519 1112 Serapbim,
2548 1045 2636 1099 cui
2665 1052 2859 1113 parent
2879 1043 2948 1099 ad
2977 1043 3343 1099 ministerium
3377 1060 3548 1114 ange—

1959 1128 2137 1185 lorum
2181 1133 2350 1185 decies
2403 1135 2595 1189 millies
2646 1146 2863 1190 centena
2914 1135 3107 1199 miilia,
3160 1152 3323 1207 quem
3374 1137 3549 1191 millia

1962 1222 2192 1276 millium
2224 1225 2245 1256 ⁹
2275 1225 2557 1295 agminum
2596 1228 2915 1283 collaudant
2948 1237 3000 1284 et
3036 1237 3370 1284 venerantur
3396 1272 3410 1294 ,
3456 1229 3549 1300 qui

1961 1316 2228 1370 Adatnum
2279 1328 2369 1371 tua
2420 1333 2585 1372 manu
2634 1320 2879 1385 tinxisti,
2918 1322 3129 1391 ipsique
3177 1322 3346 1376 vitam
3387 1323 3546 1391 jussu

1962 1414 2059 1459 tuo
2109 1407 2324 1463 viviiieo
2373 1408 2637 1472 indidisti,
2686 1418 2740 1465 et
2787 1426 2852 1465 ex
2895 1411 3013 1479 ejus
3059 1413 3228 1468 latere
3263 1414 3546 1469 mulierem

1962 1497 2266 1563 tediiicasti,
2300 1500 2393 1570 qui
2427 1517 2524 1570 pro
2557 1512 2646 1557 tua
2679 1502 2914 1572 sapienti
2951 1504 3300 1560 'ordiuatione
3333 1507 3550 1575 adjuto-

1963 1591 2102 1642 rium
2131 1590 2231 1643 sibi
2262 1592 2437 1645 simile
2469 1593 2512 1625 '°
2543 1592 2645 1663 ipsi
2684 1594 2880 1658 fecisti,
2916 1604 2968 1649 et
2994 1594 3134 1650 duos
3166 1595 3221 1649 in
3254 1612 3421 1651 unum
3452 1614 3548 1652 co-

1962 1682 2192 1752 pulasti,
2226 1681 2397 1739 Erunt
2429 1723 2444 1748 ,
2479 1685 2769 1756 inquiens,
2805 1688 2909 1741 duo
2944 1689 2995 1741 in
3032 1705 3245 1742 carnem
3277 1707 3436 1744 unam
3468 1691 3507 1723 ¹¹
3533 1733 3549 1756 ,

1963 1773 2062 1843 qui
2117 1774 2433 1831 Abrahamo
2470 1792 2630 1831 servo
2676 1788 2769 1834 tuo
2803 1788 2858 1834 et
2890 1780 3218 1850 patriarchae
3252 1782 3450 1838 dedisti
3480 1783 3548 1838 ﬁ-

270 1866 449 1937 γῆρας
480 1866 576 1918 καὶ
605 1868 746 1935 μετά
767 1868 864 1934 τὴν
886 1864 1173 1934 στείρωσιν
1192 1864 1292 1934 τῆς
1313 1864 1554 1936 Σάρρας,
1586 1865 1683 1918 καὶ
1704 1866 1857 1935 ποιή-

1964 1867 2099 1921 lium
2133 1866 2286 1921 illum
2314 1866 2560 1924 lsaacum
2586 1880 2709 1941 post
2734 1881 3073 1927 senectutem
3108 1886 3173 1927 ac
3205 1874 3549 1930 sterilitatem

272 1974 377 2023 σας
430 1960 594 2011 αὐτὸν
638 1957 852 2011 πολλῶν
897 1957 1068 2011 ἐθνῶν
1107 1958 1366 2028 πατέρα·
1416 1960 1445 2010 6
1478 1959 1545 2028 τῇ
1577 1944 1859 2026 ὁμωνύμῳ

268 2052 369 2106 καὶ
422 2051 679 2122 ὁμοφύλῳ
703 2059 810 2121 Ιμοι
839 2051 1009 2124 Ἀννῃ
1050 2051 1418 2123 χαρισάμενος
1450 2051 1539 2102 τὸν
1575 2049 1864 2102 κάλλιστον

270 2144 437 2197 παῖδα
466 2144 561 2197 καὶ
597 2142 742 2214 ἱερὸν
772 2143 1029 2214 Σαμουὴλ
1052 2184 1067 2207 ,
1104 2143 1182 2206 ὡς
1210 2142 1488 2195 θεόσδοτον
1520 2142 1687 2212 εὐχῆς
1722 2140 1861 2204 υίὺν,

268 2237 366 2291 καὶ
381 2235 475 2289 τοῦ
489 2235 723 2306 ψεύδους
740 2237 836 2290 καὶ
856 2236 1051 2306 μίσους
1074 2234 1346 2306 θρίαμϐον
1370 2250 1385 2266 ο
1412 2233 1581 2288 ἔπιδε
1602 2233 1668 2298 ἐξ
1689 2234 1863 2303 ἁγίου

1967 1957 2118 2015 θαι-αι
2145 2002 2160 2027 ,
2187 1962 2551 2033 eumdemque
2588 1963 2821 2020 ell'ecisti
2861 1975 3071 2035 patrem
3098 1966 3394 2021 mttltarum
3422 1984 3552 2039 gen-

1963 2052 2121 2118 tium,
2155 2053 2247 2123 qui
2284 2052 2456 2109 Annae
2482 2057 2790 2126 cognomiut
2819 2073 2873 2111 et
2902 2058 3086 2112 tribuli
3128 2073 3262 2112 meae
3290 2059 3548 2128 pulcher-

1964 2144 2166 2199 rimum
2198 2156 2250 2200 et
2281 2162 2501 2202 sacrum
2538 2164 2767 2219 puerum
2800 2149 3018 2204 donasti
3062 2147 3395 2217 Samuelem,
3429 2151 3546 2206 vel-

1967 2236 2045 2290 uti
2124 2236 2294 2291 ﬁlium
2357 2239 2411 2293 in
2478 2241 2945 2310 supplicationum
3002 2242 3233 2311 gratiam
3288 2244 3550 2300 divinitus

267 2345 387 2384 σου
427 2330 918 2398 κατοικητηρίου,
948 2326 1212 2397 "nitate,
1237 2326 1333 2380 καὶ
1370 2325 1582 2392 ἀνοιξόν
1635 2343 1725 2396 μοι
1765 2327 1857 2394 τήν

1963 2344 2290 2385 concessum
2323 2346 2388 2387 ac
2414 2332 2580 2387 veluti
2614 2333 2953 2404 triumphum
2985 2335 3052 2389 de
3078 2335 3363 2390 mendacio
3388 2337 3547 2391 odio-

268 2421 486 2491 μήτραν
517 2417 654 2491 πρὸς
681 2415 1032 2486 παιδογονίαν
1049 2433 1064 2448 ·
1089 2416 1279 2483 δίωξόν
1312 2431 1415 2485 μου
1437 2413 1536 2486 τὴν
1558 2413 1740 2483 λύπην
1762 2412 1863 2482 τῆς

266 2511 639 2585 στειρώσεως,
683 2510 777 2564 καὶ
817 2508 1115 2584 διάρῥηξόν
1160 2526 1261 2579 μου
1299 2508 1368 2561 τὰ
1403 2508 1582 2577 δεσμὰ
1613 2508 1713 2577 τῆς
1743 2505 1863 2559 ἀτε-

264 2605 450 2671 κνίας,
505 2605 654 2668 ὅπως
708 2603 771 2656 τὸ
803 2602 1208 2674 γεννησόμενον
1254 2602 1319 2654 ὲκ
1367 2599 1471 2668 τῆς
1518 2598 1715 2670 δούλης
1765 2615 1859 2651 σου

262 2696 596 2768 βλάστημα,
631 2698 742 2750 εἴτε
793 2696 986 2767 ἄρσεν,
1026 2694 1139 2748 είτε
1175 2693 1336 2764 θῆλυ,
1383 2692 1557 2764 δῶρον
1600 2691 1862 2763 προσάξω

263 2807 375 2855 σοι,
415 2789 491 2853 ὡς
543 2788 798 2860 θυμίαμα
825 2787 1025 2851 εὐῶδες
1048 2828 1063 2853 ,
1090 2786 1168 2852 ὡς
1198 2785 1448 2856 καθαρὰν
1498 2784 1817 2857 προσφορὰν
1842 2824 1859 2848 ,

258 2880 341 2944 ὡς
363 2881 545 2951 τίμιον
573 2880 767 2952 δῶρον,
800 2878 879 2943 ὡς
912 2877 1057 2951 ἱερὸν
1091 2877 1369 2948 ἀνάθημα,
1400 2875 1477 2937 ὡς
1508 2873 1654 2927 θεῖον
1680 2890 1861 2927 κατοι-

257 2977 570 3048 κητήριον,
618 2975 695 3040 ὡς
746 2973 1010 3045 ἀμίαντον
1075 2971 1292 3044 ἀμνάδα
1317 3010 1332 3036 ,
1381 2969 1460 3033 ὡς
1507 2967 1857 3040 πρωτότοκον

254 3065 460 3137 ἀμνὸν,
485 3066 561 3131 ὡς
595 3066 717 3121 νέον
751 3064 962 3120 Ἰσαάκ.

1960 2436 2068 2491 que
2096 2433 2432 2492 reportatum
2466 2442 2480 2491 ;
2530 2426 2757 2490 intuere,
2792 2441 2823 2480 0
2869 2425 3173 2494 Altissime,
3201 2431 3263 2481 de
3300 2428 3550 2483 taberna-

1957 2511 2076 2565 culo
2097 2522 2280 2566 sancto
2315 2524 2406 2567 tuo
2443 2515 2510 2582 ¹⁹,
2541 2516 2692 2586 aperi
2731 2518 2797 2571 ad
2828 2527 3151 2587 conceptum
3187 2520 3391 2576 sobolis
3424 2528 3546 2577 ute-

1960 2617 2085 2656 rum
2123 2618 2332 2671 meum,
2374 2615 2567 2660 excute
2608 2622 2637 2660 a
2670 2622 2757 2662 me
2790 2607 3198 2665 infecunditatis
3232 2618 3549 2680 maerorem,

1958 2702 2013 2748 et
2039 2695 2304 2766 abrumpe
2346 2698 2565 2753 vincula
2614 2714 2749 2755 mea:
2788 2701 3122 2768 sterilitatis,
3162 2712 3223 2757 ut
3268 2712 3456 2759 natum
3481 2720 3547 2760 ex

1959 2803 2047 2842 me
2074 2787 2277 2843 famula
2313 2799 2404 2845 tua
2433 2790 2695 2857 fructum,
2745 2794 2861 2850 sive
2893 2794 3098 2851 ﬁliolus
3122 2796 3211 2852 ille
3237 2796 3402 2852 fuerit
3428 2798 3547 2852 sive

1959 2878 2147 2945 ﬁliola,
2185 2898 2385 2937 munus
2436 2884 2534 2938 tibi
2585 2884 2839 2948 oﬁ‘eram,
2898 2887 3049 2941 velut
3101 2888 3433 2943 sacriﬁcium
3490 2889 3548 2945 in

1959 2972 2183 3027 odorem
2209 2978 2521 3042 suavitatis,
2548 2977 2698 3032 velut
2728 2978 3060 3034 oblationem
3091 2981 3375 3048 mundam,
3402 2980 3550 3038 velut

1960 3062 2164 3120 donum
2214 3068 2539 3137 pretiosum,
2587 3070 2734 3124 velut
2787 3082 2978 3126 sancte
3024 3072 3334 3128 dedicatum
3383 3075 3526 3130 dona

255 3160 430 3223 rium,
460 3158 607 3213 velut
643 3158 886 3213 divinam
945 3156 1013 3212 ad
1071 3153 1487 3211 inltahitandum
1537 3152 1729 3216 aedem,
1762 3152 1912 3207 velut
1950 3168 2147 3227 agnam
2181 3158 2611 3227 immaculatam,
2650 3162 2797 3217 velut
2867 3178 3066 3235 agnum
3102 3166 3547 3237 primogenitum.

252 3252 411 3308 velut
439 3267 637 3307 novum
676 3252 946 3305 lsaacum.

333 3349 413 3403 E’.
457 3346 614 3401 Οὐτω
643 3345 825 3400 τοίνυν
854 3344 1188 3417 ἀμφοτέροις
1212 3340 1670 3413 ἐπικαλουμένοις
1699 3339 1855 3412 ὤφθη

2033 3335 2100 3393 V.
2123 3338 2388 3410 Utrisque
2419 3340 2582 3411 igitur
2612 3342 2690 3398 sic
2720 3344 3075 3413 precantibus
3119 3345 3291 3403 astitit
3324 3351 3550 3421 angelus

254 3440 448 3503 αὐτοῖς
489 3438 719 3509 ἄγγελος
751 3436 958 3509 Κυρίου
976 3477 990 3500 ,
1020 3435 1121 3505 τῆς
1160 3433 1436 3502 παναγίας
1462 3432 1562 3503 τὴν
1592 3431 1855 3503 σύλληψιν

254 3529 783 3599 εὐαγγελιζόμενος,
814 3526 993 3596 λέγων
1012 3543 1027 3557 ο
1064 3525 1405 3597 Είσήκουσεν
1443 3522 1600 3593 ὐμῶν
1630 3523 1659 3575 ό
1684 3521 1855 3592 ’Υψι-

256 3637 389 3685 στος
420 3618 521 3689 τῆς
549 3619 820 3690 δεήσεως,
851 3619 947 3670 καὶ
990 3616 1049 3669 έν
1081 3615 1249 3685 ὀλίγῳ
1291 3614 1471 3684 χρόνῳ
1501 3612 1721 3679 τέξεσθε
1758 3611 1855 3665 θυ-

252 3713 497 3785 γατέρα,
522 3711 623 3779 τὴν
653 3711 720 3762 ὲκ
746 3707 940 3761 πασῶν
969 3707 1174 3776 γενεῶν
1206 3705 1508 3776 μακαρίαν,
1530 3703 1859 3773 ἐκλελεγμέ-

253 3820 363 3876 νην
410 3803 492 3864 είς
540 3796 678 3852 Θεοῦ
731 3798 1179 3868 κατοικητήριον.
1232 3793 1420 3848 Ταῦτα
1470 3792 1566 3847 τοῦ
1618 3792 1854 3861 ἀγγέλου

256 3893 582 3968 περιχαρῶς
624 3890 1155 3962 εὐαγγελιζομένου,
1188 3886 1430 3960 κατῆλθε
1465 3887 1563 3958 μὲν
1597 3885 1856 3957 Ἰωακεὶμ

257 3992 333 4045 ἐκ
360 3988 457 4042 τοῦ
497 3987 655 4058 ὅρους
691 3985 830 4057 μετὰ
859 3984 1037 4056 χαρᾶς
1070 3983 1167 4038 καὶ
1197 3981 1543 4053 εὐφροσύνης
1583 3980 1812 4051 καρδίας
1838 3996 1853 4011 ·

259 4082 493 4153 γόνιμος
544 4079 602 4133 δὲ
646 4078 779 4151 παρ’
801 4077 993 4131 ἐλπίδα
1045 4077 1080 4148 ή
1124 4076 1378 4148 ἄκαρπος
1424 4073 1711 4144 ἀνεδείχθη
1755 4073 1859 4143 τῆς

264 4176 473 4244 Ἀννης
509 4171 742 4244 γαστὴρ,
775 4173 839 4225 ὲκ
885 4169 1197 4241 θελήματος
1247 4168 1450 4239 σαρκὸς
1478 4167 1574 4221 καὶ
1600 4168 1667 4221 ὲκ
1701 4166 1857 4237 θελή-

267 4282 445 4337 ματος
470 4264 686 4337 ἀνδρδς,
719 4263 815 4317 καὶ
843 4264 936 4316 τὸν
969 4262 1161 4334 καιρὸν
1190 4259 1290 4331 τῆς
1314 4259 1735 4330 ὲννεαμηνιαίας
1758 4259 1857 4313 αὐ-

266 4358 482 4430 ξήσεως
514 4355 849 4427 γνωρίσασα,
878 4352 1036 4407 ἔτεκε
1079 4350 1179 4423 τὴν
1230 4350 1612 4421 πανάχραντον
1641 4348 1856 4419 Παρθέ-

265 4468 364 4505 νον
390 4450 485 4503 καὶ
511 4448 775 4503 Θεοτόκον
805 4446 1027 4518 Μαρίαν
1052 4486 1070 4513 ,
1102 4444 1204 4518 τὴν
1227 4443 1324 4499 τοῦ
1354 4443 1561 4514 κόσμου
1595 4440 1855 4513 πρόξενον

271 4541 573 4613 σωτηρίας.

343 4637 438 4703 ς’.
482 4633 592 4689 Καὶ
654 4632 845 4704 μηδεὶς
898 4630 1007 4684 τῶν
1054 4630 1156 4701 τῆς
1189 4628 1521 4701 Ἐκκλησίας
1568 4628 1853 4699 τροφίμων

1974 3431 2211 3497 Domini,
2238 3433 2331 3503 qui
2359 3435 2723 3490 sanctissimae
2755 3433 2940 3491 Maria:
2970 3448 3297 3509 conceptum
3328 3444 3548 3498 nuntia-

1963 3523 2065 3589 vit,
2101 3523 2357 3595 inquiens
2386 3543 2398 3580 :
2434 3526 2756 3583 Altissimus
2786 3529 3063 3584 exaudivit
3092 3545 3281 3600 preces
3312 3543 3546 3602 vestras,

1961 3632 2029 3673 ac
2060 3617 2209 3673 brevi
2249 3618 2414 3672 ﬁliam
2440 3619 2693 3690 gignetis,
2722 3621 2939 3675 beatam
2983 3622 3153 3689 illam,
3183 3641 3304 3695 qua:
3328 3642 3394 3681 ex
3430 3642 3550 3683 om-

1963 3708 2128 3762 nibus
2174 3710 2621 3778 generationibus
2679 3711 2731 3766 in
2786 3711 2882 3767 Dei
2934 3714 3326 3773 habitationem
3376 3721 3548 3779 electa

1963 3808 2071 3855 est.
2099 3798 2202 3855 Ubi
2246 3801 2391 3857 hunc
2440 3804 2664 3873 angelus
2718 3805 2887 3860 edidit
2938 3806 3219 3864 laetissime
3267 3813 3543 3881 nuntium,

1956 3886 2279 3946 Joacbimus
2321 3892 2568 3948 miriﬁcis
2618 3895 2832 3965 gaudiis
2873 3897 3110 3966 gestiens
3156 3900 3440 3956 descendit
3478 3904 3546 3961 de

1960 3991 2167 4047 monte,
2191 3981 2348 4037 Anna
2377 4000 2507 4038 vero
2536 3996 2750 4041 uterum
2773 4030 2787 4053 ,
2833 3988 2927 4057 qui
2957 3990 3162 4046 sterilis
3194 3990 3372 4048 fuerat
3394 4036 3407 4060 ,
3450 3996 3539 4051 fe-

1959 4074 2198 4130 cundum
2230 4086 2454 4146 experta
2495 4085 2578 4133 est
2614 4078 2689 4150 (2)
2717 4094 2784 4134 ex
2834 4082 3120 4138 voluntate
3160 4088 3342 4140 carnis
3393 4097 3447 4143 et
3475 4104 3543 4144 ex

1958 4167 2237 4223 voluntate
2289 4169 2427 4234 viri;
2482 4179 2594 4225 tum
2633 4172 2853 4242 cognita
2901 4183 3025 4245 post
3080 4191 3275 4232 novent
3325 4194 3544 4235 menses

1959 4262 2275 4318 maturitate
2299 4273 2509 4333 partus,
2545 4265 2735 4337 genuit
2775 4266 3152 4325 intemeratam
3180 4269 3461 4343 Virginem
3487 4282 3546 4331 et

1960 4352 2054 4409 Dei
2096 4352 2324 4411 Matrem
2379 4355 2607 4412 Mariam
2655 4359 2851 4417 salutis
2903 4364 3219 4420 mortalium
3278 4367 3544 4425 concilia-

1960 4447 2175 4504 tricem.

2032 4628 2267 4689 VLJam
2311 4632 2639 4687 sententiam
2692 4634 2841 4689 illam
2895 4619 3322 4710 spuriampquaa
3362 4643 3547 4713 perbi-

269 4693 459 4786 τοῦτον
489 4693 792 4798 είσδέέηται
820 4693 916 4781 τὸν
948 4693 1551 4794 λόγον,ὐπο6άλλοντα,
1578 4693 1656 4785 ῶς
1682 4693 1856 4775 έπτα-

1961 4722 2051 4778 bet
2076 4723 2309 4793 septimo
2336 4740 2528 4780 mense
2553 4734 2679 4795 post
2701 4738 3026 4798 conceptum
3063 4693 3235 4787 fuisse
3265 4693 3544 4804 Vir-ginem

270 4822 505 4895 μηνιαία
546 4823 581 4892 ή
628 4819 912 4893 Παρθένος
949 4817 1170 4889 ἐτέχθη.
1203 4816 1316 4870 Καὶ
1343 4815 1452 4887 γὰρ
1483 4814 1711 4878 πολλοὺς
1748 4812 1858 4866 τῶν

266 4914 525 4984 ἀφρόνων
550 4910 723 4964 ταῦτα
753 4907 1197 4978 φιλονεικοῦντας
1222 4906 1459 4977 ἀκήκοα,
1491 4903 1583 4968 οὒς
1613 4901 1723 4972 ἐγὼ
1747 4902 1858 4956 τῶν

265 5004 518 5059 ἀπίστων
558 5000 777 5074 χείρους
821 4995 963 5053 εἶναι
992 4997 1153 5051 δοκῶ.
1194 4995 1382 5049 Ταῦτα
1426 4994 1535 5066 γὰρ
1565 4993 1857 5065 αἱρετικῶν

267 5097 409 5149 εἰσιν
450 5093 843 5164 έφευρήματα·
872 5089 1049 5145 ταῦτα
1080 5092 1182 5160 τῆς
1221 5086 1546 5159 Ἐκκλησίας
1578 5085 1854 5150 ἀντίθετα,

267 5184 381 5238 τῶν
412 5183 710 5255 ὀρθοδόξων
743 5182 1003 5255 ἀλλότρια
1029 5196 1043 5211 ο
1070 5183 1105 5252 ή
1136 5180 1246 5250 γὰρ
1282 5176 1559 5249 Παρθένος
1585 5176 1680 5229 καὶ
1722 5175 1852 5229 θεόο

268 5290 413 5342 παις
447 5274 635 5347 Μαρία
660 5274 865 5328 τέλειον
891 5274 984 5326 τὸν
1016 5272 1211 5343 χρόνον
1241 5268 1352 5323 τῶν
1380 5266 1538 5320 ὲννέα
1572 5265 1760 5336 μηνῶν
1801 5266 1861 5318 έν

267 5371 337 5441 τῇ
375 5369 477 5440 τῆς
500 5370 703 5439 Ἀννης
750 5365 931 5438 κοιλία
980 5365 1311 5432 ἐξετέλεσεν,
1340 5361 1415 5426 ὡς
1445 5362 1478 5432 ή
1510 5359 1670 5430 φύσις
1699 5361 1733 5431 ή
1762 5359 1859 5413 ἀν-

271 5462 523 5535 θρωπίνη
568 5461 757 5532 δηλοῖ·
784 5458 920 5514 ἀλλά
948 5458 1060 5512 τῶν
1096 5457 1347 5528 ἀφρόνων
1378 5455 1447 5509 τά
1474 5453 1725 5524 στόματα
1755 5470 1859 5523 μη-

268 5555 397 5610 δένα
433 5553 623 5628 μῶμον
650 5553 786 5625 πρὸς
808 5551 908 5625 τήν
939 5549 1171 5622 ἄμωμον
1209 5549 1392 5620 εὑρεῖν
1419 5545 1714 5617 δυνάμενα,
1739 5543 1861 5598 τοῦ-

1959 4812 2219 4882 genitam,
2256 4828 2416 4869 nemo
2463 4814 2516 4867 in
2569 4814 2817 4872 Ecclesia
2857 4817 3159 4875 innutritus
3208 4823 3540 4891 probaverit.

1959 4903 2159 4959 Multos
2189 4904 2333 4959 enim
2369 4904 2553 4962 fatuos
2582 4907 2765 4962 audivi
2793 4907 2859 4962 de
2883 4909 2985 4964 hac
3027 4925 3088 4967 re
3123 4915 3543 4985 contendentes,

1960 5010 2098 5065 quos
2115 5010 2217 5067 ego
2253 4997 2442 5066 judico
2482 4997 2794 5054 inﬁdelibus
2834 5001 3149 5067 deteriores,
3204 5020 3329 5060 cum
3367 5007 3543 5065 luere-

1960 5089 2195 5144 ticorum
2222 5089 2442 5159 propria
2476 5089 2586 5144 sint
2619 5091 2891 5161 ejusmodi
2921 5094 3160 5151 iuventa.
3209 5096 3336 5155 Hzec
3361 5099 3548 5157 Eccle-

1962 5180 2061 5235 siae
2095 5180 2323 5235 adversa
2356 5190 2507 5247 sunt,
2536 5198 2567 5236 a
2594 5191 2741 5238 recte
2765 5186 3130 5242 sentientibus
3153 5191 3317 5260 plane
3341 5193 3543 5249 aliena.

1957 5268 2123 5341 Virgo
2146 5269 2291 5324 enim
2314 5285 2379 5325 ac
2400 5269 2500 5325 Dei
2521 5270 2637 5340 ﬁlia
2664 5271 2830 5326 Maria
2860 5283 3134 5332 maturum
3160 5294 3355 5335 novem
3386 5298 3543 5338 men-

1957 5360 2098 5415 sium
2128 5362 2364 5432 spatium
2412 5363 2467 5417 in
2505 5364 2627 5420 alvo
2660 5365 2851 5421 matris
2904 5369 3158 5435 absolvit,
3194 5381 3259 5427 ut
3302 5376 3546 5443 postulat

1960 5453 2199 5508 humana
2234 5463 2452 5509 natura.
2480 5455 2681 5512 Verum
2714 5459 3006 5515 stultorum
3037 5477 3156 5531 ora,
3181 5480 3304 5536 qua:
3335 5469 3540 5523 nullam

1957 5546 2134 5602 labem
2177 5547 2231 5602 in
2266 5548 2475 5605 illibata
2503 5550 2578 5620 t5)
2602 5552 2878 5621 potuerint
2907 5553 3175 5621 invenire,
3209 5564 3544 5619 sententiam

338 5674 365 5711 ⁸
396 5674 535 5732 Dan.
564 5690 651 5741 ttt,
686 5674 777 5730 55.
853 5674 874 5705 ’
898 5671 1036 5728 Dan.
1070 5686 1168 5735 vn,
1201 5668 1288 5723 10.
1364 5668 1408 5700 ¹⁰
1434 5667 1651 5731 Gemit,
1690 5665 1777 5721 i8.
1854 5674 1857 5697 τ

1961 5668 2066 5724 ien.
2092 5685 2175 5735 ιιι,
2206 5670 2296 5727 2i.
2378 5673 2421 5707 ¹²
2450 5672 2688 5730 Baruch.
2720 5691 2781 5741 tt,
2817 5676 2900 5731 lii.

343 5795 422 5868 (ἓ)
459 5793 769 5868 Supplenda
799 5792 888 5848 hic
916 5792 1133 5868 negatio
1170 5789 1409 5868 videtur.

336 5865 417 5939 (ὃ)
474 5865 604 5939 Vide
648 5874 851 5939 quanta

1979 5797 2032 5844 et
2063 5792 2326 5874 naturalis
2356 5791 2601 5874 defectus
2626 5797 2991 5864 suspicionem
3026 5814 3055 5852 a
3086 5799 3297 5855 beatam
3330 5801 3546 5874 Virgine

1007 5855 1194 5918 ulitate
1247 5858 1349 5915 SS.
1414 5855 1603 5930 Patres
1637 5871 1868 5930 omnem
1981 5862 2402 5930 pmpnlsaudam
2438 5855 2773 5922 ρκίδιιιιιςιιῖε.

274 5927 587 5995 ιιόιιίιιοόο
613 5927 819 6005 peccati
850 5935 1121 5991 maculam
1140 5947 1261 6003 qua:
1288 5931 1527 5985 animam
1557 5927 1749 5993 inlicit,
1777 5928 1870 5983 sed
