4088 6492
583 334 714 398 1437

1655 337 1714 394 S-
1773 337 2075 396 'l'AliASIl
2126 340 2630 404 PATRIARCHz‘E
2663 345 2769 407 CP.

3719 354 3868 420 1488

581 444 720 497 hanc
755 441 1050 512 Scriptura:
1097 440 1422 496 allinxeruut
1455 459 1482 495 a
1530 457 1661 496 vero
1712 455 1970 515 rectoque
1997 463 2150 502 sensu

2264 468 2352 506 τον
2379 453 2468 506 τὸν
2491 453 2649 522 λόγον
2670 458 2735 525 τῇ
2764 455 2955 528 Γραφῇ
2985 458 3340 530 περιέθηκαν,
3372 461 3562 532 πόρρω
3585 461 3690 531 τῆς
3719 463 3866 533 ἁλη-

576 535 897 606 longissime
927 535 1337 590 abhorrentem.
1367 533 1471 589 Sed
1505 551 1604 590 nec
1643 536 1915 606 quispiam
1957 556 1986 592 e
2021 541 2158 594 sim-

577 629 898 697 plieioribus
947 628 1094 682 illam
1148 628 1332 683 animo
1380 628 1642 692 imbibat;
1703 631 1846 698 quod
1899 632 2044 685 enim
2093 634 2158 687 ad

577 719 962 789 prudentiores
1025 729 1257 787 speetat,
1307 720 1564 774 existimo
1625 737 1720 776 eos
1777 737 1843 775 ne
1903 737 2160 790 passuros

577 810 817 878 quidem,
851 817 910 864 ut
935 810 1019 865 vel
1043 809 1176 879 ipsis
1198 811 1425 865 atiribus
1451 811 1556 865 tale
1583 813 1841 882 quiddam
1867 813 2156 880 hauriant;

577 902 704 971 quia
737 902 1034 973 Scriptura:
1063 904 1228 958 verba
1260 904 1506 959 studiose
1546 906 1782 975 legentes
1805 922 1925 960 eam
1957 907 2158 962 divinis

579 994 834 1050 sensibus
863 994 1314 1064 interpretantur,
1356 996 1477 1050 etsi
1513 997 1734 1066 quando
1772 997 1824 1051 in
1866 999 1980 1066 ipsa
2008 1000 2157 1054 ziza—

581 1084 723 1136 niam
771 1083 838 1138 ab
875 1083 1118 1139 inimicis
1162 1085 1576 1140 disseminatam
1620 1088 1914 1158 reperient,
1953 1101 2009 1144 ut
2062 1091 2158 1146 ﬁlii

579 1173 834 1229 Ecclesiae
862 1177 1080 1245 penitus
1111 1178 1440 1246 exstirpant.

648 1263 762 1320 Vll.
804 1264 908 1321 Sed
947 1283 1096 1322 nunc
1137 1269 1203 1322 ad
1247 1272 1587 1340 prepositum
1635 1281 1994 1337 revertamur,
2026 1289 2157 1328 nar-

577 1357 807 1412 rationis
843 1359 1061 1425 seriem,
1097 1370 1260 1429 atque
1288 1376 1347 1414 ea
1383 1377 1503 1430 qua:
1543 1364 1609 1416 ad
1657 1365 2000 1418 nativitatem
2030 1380 2158 1434 spe-

577 1457 762 1514 ctant,
807 1461 1188 1518 percurrentes
1235 1463 1399 1522 atque
1452 1454 1808 1524 explicantes.
1839 1457 1974 1510 Cum
2015 1457 2156 1510 enim

577 1541 937 1607 praenuntiata
972 1543 1180 1596 exitum
1235 1545 1526 1614 perspicue
1563 1547 1906 1612 habuissent,
1960 1558 2012 1602 et
2051 1549 2155 1602 im-

575 1631 844 1686 maculata
879 1634 1056 1703 puella
1082 1650 1146 1689 ac
1176 1633 1269 1689 Dei
1296 1636 1404 1691 ﬁlia
1436 1636 1510 1708 (4)
1537 1653 1567 1692 a
1591 1639 1758 1708 justis
1790 1639 2078 1695 Joachimo
2107 1651 2160 1696 ct

573 1724 730 1775 Anna
784 1721 976 1778 fuisset
1019 1725 1320 1795 progenita,
1350 1726 1401 1780 hi
1449 1728 1595 1783 serio
1638 1743 1860 1799 operam
1903 1746 2156 1800 posuere,

575 1823 634 1866 ut
671 1813 966 1869 liberarent
993 1815 1252 1886 promissi
1304 1818 1488 1872 ﬁdem.
1535 1818 1704 1888 Igitur
1738 1821 1935 1876 licebat
1973 1822 2159 1878 videre
2191 1813 2231 1868 Β

573 1905 717 1973 piam
746 1905 957 1960 Annam
991 1909 1376 1976 exsultantem,
1418 1925 1479 1964 ac
1513 1912 1860 1981 gestientem,
1893 1923 1947 1969 et
1977 1913 2156 1984 Virgi-

574 2012 696 2050 nem
727 1997 876 2054 hisce
911 1997 1092 2055 verbis
1125 1998 1480 2058 festivissime
1517 2005 1933 2074 compellantem
1975 2023 1988 2060 :
2021 2006 2157 2072 Quis

573 2088 820 2158 dixisset,
840 2091 969 2157 ﬁlia,
995 2106 1060 2147 ex
1087 2107 1170 2147 me
1202 2101 1252 2148 te
1284 2095 1645 2164 prodituram,
1670 2113 1790 2166 quaa
1817 2100 1970 2154 beata
2001 2117 2154 2156 com-

571 2193 872 2237 monstrata
912 2200 970 2239 es
998 2184 1049 2238 in
1093 2187 1474 2254 generationes
1517 2192 1981 2259 generationnm?
2020 2192 2155 2260 Quis

573 2286 623 2331 te
649 2277 789 2332 inter
819 2294 970 2334 meas
1017 2279 1175 2334 ulnas
1232 2281 1507 2350 aspiciens
1563 2283 1647 2338 lac
1692 2293 1999 2355 sugentem,
2035 2303 2144 2342 non

568 2371 720 2424 illum
755 2371 1077 2435 laudaverit,
1107 2373 1200 2442 qni
1257 2383 1308 2428 te
1343 2373 1495 2429 dedit
1543 2377 1679 2431 mihi
1719 2378 2071 2434 fecunditatis
2101 2392 2156 2435 et

569 2465 739 2532 prolis
774 2465 1022 2534 experti?
1044 2462 1178 2531 Quis
1214 2465 1434 2523 intuens
1467 2469 1582 2524 haec
1611 2470 1775 2525 ubera
1803 2471 1974 2538 lacte,
2004 2474 2152 2542 quod

570 2572 848 2626 nunquatn
892 2557 1217 2623 emiserant,
1263 2558 1376 2629 jam
1432 2561 1830 2628 redundantia,
1876 2580 1984 2618 non
2027 2580 2151 2619 eum

570 2631 855 2717 magniﬁce
880 2648 1086 2714 eﬁ‘erat,
1122 2649 1212 2718 qui
1248 2665 1278 2704 e
1319 2651 1458 2706 duro
1501 2651 1653 2706 silice
1680 2669 1837 2722 aqua:
1867 2656 2150 2712 scatebras

567 2739 768 2793 sitienti
799 2741 997 2810 populo
1033 2741 1266 2795 elicuit?
1295 2739 1400 2796 Sed
1436 2742 1590 2808 veni,
1623 2743 1754 2806 ﬁlia,
1794 2746 1858 2798 ad
1897 2762 2021 2800 eum
2057 2748 2152 2816 qui

569 2838 618 2884 te
651 2831 783 2884 mihi
833 2831 1092 2902 elargitus
1129 2843 1232 2886 est.
1284 2832 1441 2898 Veni,
1492 2849 1623 2889 arca
1680 2837 2151 2904 sanctiﬁcationis,

568 2923 632 2976 ad
657 2923 1037 2978 misericordiae
1067 2915 1384 2978 Dominum.
1407 2923 1562 2991 Veni,
1589 2937 1743 2995 porta
1776 2927 1973 2981 divinae
2006 2928 2147 2991 vitae,

568 3014 710 3076 veni,
742 3015 977 3068 thalame
1012 3015 1193 3077 Verbi,
1239 3017 1303 3069 ad
1338 3017 1595 3086 templum
1616 3015 1867 3072 'Domiui.
1919 3017 2059 3072 Intra
2095 3020 2146 3073 in

569 3107 821 3174 gaudium
859 3105 1094 3167 Domini,
1153 3116 1204 3160 tu
1257 3107 1446 3162 mundi
1501 3109 1754 3178 gaudium
1798 3121 1850 3163 et
1897 3111 2142 3164 exsulta-

567 3203 662 3252 tio.
699 3198 898 3254 Fruere
927 3197 1046 3268 ejus
1078 3199 1501 3268 pulchritudine,
1535 3217 1693 3270 quem
1727 3217 1832 3254 non
1871 3201 1944 3256 ita
1974 3203 2144 3257 multo

566 3301 686 3361 post
729 3294 967 3345 humana
993 3292 1168 3346 forma
1201 3293 1450 3348 indutum
1482 3293 1679 3365 paries.
1706 3295 1818 3365 Ego
1840 3311 1968 3350 vero
1993 3297 2148 3351 beata

565 3399 709 3444 sum,
729 3399 850 3452 qua:
874 3384 997 3438 talis
1024 3385 1143 3437 lilia:
1169 3395 1341 3440 mater
1365 3387 1650 3456 praadicor.
1676 3387 2149 3457 Congratulamiui

567 3474 723 3538 mihi,
783 3475 959 3528 tribus
1010 3475 1254 3541 lsraelis,
1315 3477 1575 3546 quoniam
1641 3489 1762 3548 post
1805 3479 2147 3536 sterilitatem

566 3577 740 3622 mater
776 3583 897 3624 sum
929 3567 1049 3638 ejus
1083 3568 1296 3635 eﬂ'ecta,
1330 3585 1451 3640 qnaa
1484 3578 1659 3624 mater
1707 3570 1971 3626 Altissimi
2001 3588 2141 3627 cou-

567 3661 840 3717 stituetur.
881 3661 1189 3733 Exsurgite,
1224 3663 1460 3732 virgines
1499 3661 1737 3718 ferentes
1767 3664 2066 3733 lampades,
2096 3675 2150 3720 et

565 3754 753 3824 praeite
778 3755 1184 3822 immaculatam
1228 3754 1502 3827 Virginem
1528 3801 1543 3825 ,
1577 3764 1630 3810 et
1655 3756 1749 3810 Dei
1781 3758 1966 3811 ﬁliam.
2003 3759 2147 3813 Cari-

567 3856 674 3903 tate
701 3847 751 3902 ei
775 3847 829 3901 in
861 3847 1040 3915 laude,
1082 3849 1296 3918 psallite
1333 3849 1435 3918 ipsi
1485 3849 1537 3903 in
1571 3851 1802 3914 cithara,
1845 3853 2142 3909 acclamate

564 3940 641 3994 illi
669 3955 795 3995 cum
819 3942 1031 3996 cantico
1055 3942 1342 4012 spirituali,
1365 3943 1626 4013 psalterio
1655 3945 2003 4000 decaehordo
2022 3963 2141 4002 eam

534 4035 933 4105 .magniﬁcate.
953 4035 1032 4088 Tu
1059 4049 1296 4104 quoque,
1319 4034 1482 4089 David
1511 4034 1600 4090 Dei
1628 4039 1962 4106 progenitor,
1988 4041 2143 4108 puel—

563 4127 668 4179 lam
706 4127 867 4180 lauda
893 4126 1194 4196 profectam
1219 4127 1284 4179 de
1307 4127 1477 4196 stirpe
1502 4136 1614 4193 tua,
1646 4137 1700 4180 et
1729 4130 2140 4200 inagniloquum

563 4223 825 4290 hymnum
856 4219 1008 4284 ell'er,
1044 4219 1124 4274 sic
1179 4219 1528 4288 inquiens”:
1563 4220 1722 4282 Audi,
1753 4221 1891 4291 ﬁlia,
1925 4233 1973 4277 et
2005 4225 2140 4290 vide,

560 4321 608 4365 et
633 4312 830 4365 inclina
855 4303 1035 4366 aurem
1077 4321 1244 4376 tuam,
1270 4321 1318 4364 et
1355 4311 1658 4366 obliviscere
1689 4314 1937 4381 populum
1972 4324 2140 4382 tuum,

559 4415 609 4459 et
662 4405 876 4459 domum
927 4407 1094 4475 patris
1147 4407 1244 4470 tui,
1287 4414 1338 4460 et
1390 4407 1720 4474 concupiscet
1771 4423 1863 4460 rea:
1905 4408 2140 4465 decorem

561 4507 732 4550 ιιιιιηι.

632 4589 765 4643 Vlll.
801 4589 936 4644 Cum
971 4590 1085 4644 haec
1117 4590 1331 4659 aliaque
1365 4592 1556 4646 horum
1587 4593 1787 4648 similia
1813 4593 1964 4648 Atina
2012 4611 2136 4667 gra-

560 4686 647 4739 tize
676 4683 1019 4753 cognominis
1045 4683 1297 4747 dixisset,
1328 4686 1626 4753 pretiosum
1665 4688 1816 4741 illum
1847 4689 2136 4744 Trinitatis
2205 4691 2216 4704 '

560 4780 905 4841 thesaurum,
940 4787 1051 4832 tres
1108 4793 1280 4830 annos
1338 4785 1521 4831 natam
1594 4778 1868 4848 Virginem
1927 4781 2135 4852 Deique

559 4881 785 4926 matrem
831 4870 886 4924 in
939 4869 1202 4939 templum
1252 4871 1464 4925 Domini
1516 4870 1822 4925 laetabunda
1887 4873 2132 4939 deduxit,

556 4973 609 5016 et
664 4978 785 5016 eum
811 4960 1098 5016 Joaehimo
1127 4960 1359 5032 hymnos
1393 4962 1444 5016 in
1495 4963 1794 5032 gratiarum
1859 4963 2130 5017 actionem

557 5057 864 5117 etfundens,
926 5065 1337 5124 convocatoque
1390 5056 1659 5124 virginum
1705 5065 1849 5110 coitu
1911 5064 2133 5126 gestan-

561 5152 692 5202 tium
726 5146 893 5211 faces,
926 5148 1134 5202 aditum
1171 5148 1263 5216 qui
1293 5148 1443 5202 ducit
1472 5150 1536 5202 ad
1563 5148 1762 5202 Sancta
1817 5158 2133 5204 sanctorum

559 5241 864 5309 occupavit.
894 5241 1071 5312 Atque
1097 5241 1168 5295 ibi
1199 5240 1540 5304 Zachariam,
1567 5242 1768 5312 quippe
1800 5244 1890 5312 qui
1929 5258 1982 5297 et
2017 5258 2140 5311 pro-

559 5335 718 5404 pheta
749 5347 944 5390 eratet
977 5335 1233 5391 sacerdos
1268 5345 1323 5390 et
1351 5337 1800 5407 consanguineus
1849 5346 1902 5390 et
1963 5337 2133 5391 admi-

557 5429 727 5482 nister
757 5428 978 5498 legitimi
1019 5427 1352 5493 testamenti,
1379 5431 1751 5483 venerandum
1784 5428 1915 5483 illud
1941 5427 2132 5497 conju-

627 5535 670 5567 ¹³
700 5535 845 5590 Psal.
882 5552 1027 5600 XLIV,
1098 5537 1187 5603 ll,
1247 5537 1336 5591 12.

626 5649 702 5719 (4)
735 5649 1050 5718 Cuieunque
1077 5650 1448 5704 ecclesiastica
1483 5651 1790 5704 Graecorum
1815 5651 1986 5705 oﬁicia
2013 5666 2136 5721 per-

556 5723 781 5775 solventi
808 5722 1072 5774 constabit
1106 5737 1451 5775 communem
1474 5738 1592 5775 esse
1622 5724 1864 5774 nruuinru
1899 5724 2136 5777 Orientis

555 5793 925 5849 Ecelesiarum
959 5805 1188 5852 morem,
1243 5793 1455 5844 beatam
1494 5792 1762 5854 Virginem
1807 5793 2055 5848 absolute
2082 5803 2136 5848 et

557 5864 992 5920 antonomastice
1022 5878 1218 5916 vocare
1246 5860 1466 5926 θεόπαις
1515 5861 1709 5916 Filiam
1749 5862 1864 5915 Dei.

2263 543 2411 608 θείας
2447 547 2542 599 καὶ
2574 547 2668 600 τοῦ
2702 546 2864 617 ὀρθοῦ
2906 549 3198 604 πίπτοντα.
3231 552 3342 605 Καὶ
3378 553 3563 622 μηδεξ
3613 555 3862 607 καταδέ-

2261 636 2419 707 ξηται
2470 637 2580 690 τῶν
2629 639 3046 713 ἀφελεστέρων·
3111 643 3238 707 τοὺς
3293 644 3403 716 γὰρ
3451 645 3865 715 εὐφρονοῦντας

2261 728 2566 800 πέπεισμαι
2606 732 2746 798 μηδὲ
2794 733 2990 804 μέχρις
3031 734 3212 788 ἀκοῶν
3253 753 3382 788 ποτε
3415 736 3477 788 τδ
3505 735 3659 807 ῥῆμα
3692 739 3867 792 τοῦτο

2263 821 2605 875 ὑπεισελθεῖν
2628 863 2643 889 ,
2677 825 2758 878 ὅτι
2785 827 2854 879 τὰ
2881 825 2984 896 τῆς
3014 827 3239 898 Γραφῆς
3269 828 3546 898 ἐπιμελῶς
3577 831 3862 898 ἀναγινώο

2263 929 2503 978 σκοντες,
2541 918 2760 986 νοήσεσι
2809 917 2980 982 θείαις
3013 920 3216 991 ταύτην
3241 921 3706 992 ἐφερμηνεύουσι.
3739 924 3862 977 Καὶ

2259 1005 2387 1058 ὅταν
2431 1006 2489 1058 ἐν
2532 1008 2670 1079 αὐτῇ
2698 1007 2937 1074 ζιζάνιον
2963 1009 3197 1083 εὔρωσιν
3225 1012 3290 1066 ὲκ
3314 1013 3423 1066 τῶν
3449 1014 3663 1086 ἐχθρῶν
3694 1032 3859 1069 σπει-

2262 1094 2515 1166 ρόμενον,
2562 1098 2637 1161 ὡς
2685 1099 2852 1153 τέκνα
2904 1101 3005 1172 τῆς
3039 1103 3366 1175 Ἐκκλησίας
3413 1105 3641 1170 τελείως
3685 1108 3854 1161 ἐκχέαι

2259 1202 2394 1238 πτου
2403 1203 2504 1240 σιν.

2331 1281 2404 1333 Z’.
2442 1280 2580 1333 Ἀλλ’
2612 1281 2708 1336 ἐπὶ
2753 1285 2815 1336 τὸ
2868 1285 3233 1357 προκείμενον
3282 1288 3712 1361 ἐπανέλθωμεν,
3756 1293 3856 1346 τὸν

2260 1374 2450 1444 εἱρμὸν
2479 1375 2580 1446 τῆς
2609 1377 2918 1450 διηγήσεως
2943 1381 3036 1433 καὶ
3061 1381 3161 1452 τῆς
3189 1384 3496 1455 γεννήσεως
3520 1385 3858 1448 διοδεύοντες

2260 1466 2356 1519 καὶ
2385 1466 2742 1540 ἐξηγούμενοι
2761 1488 2774 1500 ·
2812 1473 2920 1526 τῶν
2949 1473 3057 1545 γὰρ
3087 1476 3352 1547 ῥημάτων
3378 1476 3467 1530 διὰ
3500 1479 3857 1548 πραγμάτων

2261 1561 2340 1624 είς
2383 1561 2692 1630 τούμφανὲς
2721 1564 2986 1619 ἐλθόντων
3008 1607 3023 1631 ,
3055 1567 3150 1620 καὶ
3179 1571 3279 1638 τῆς
3317 1568 3553 1639 ἀμώμου
3589 1571 3686 1622 καὶ
3727 1569 3854 1622 θεό-

2262 1655 2452 1719 παιδος
2496 1657 2685 1727 κόρης,
2715 1659 2779 1711 ἐκ
2809 1658 2918 1712 τῶν
2952 1660 3178 1714 δικαίων
3218 1660 3475 1733 Ἰωακεὶμ
3517 1664 3613 1716 καὶ
3644 1664 3854 1733 Ἀννης

2261 1750 2669 1820 γεγεννημένης
2693 1790 2708 1816 ,
2743 1752 2837 1804 καὶ
2867 1753 2965 1815 τὰς
2994 1753 3317 1824 ὑποσχέσεις
3346 1755 3526 1809 αὐτῶν
3559 1755 3856 1826 ἐκπληρῶ-

2263 1854 2352 1891 σαι
2407 1841 2843 1910 ἐσπουδακότων,
2892 1839 2960 1916 ῆν
3015 1846 3143 1900 ίδεῖν
3196 1847 3296 1916 τήν
3341 1848 3612 1919 θεόφρονα
3642 1850 3854 1902 Ἄνναν

2255 1929 2672 2005 ἀγαλλιωμένην
2721 1938 2817 1990 καὶ
2855 1939 3168 2008 σκιρτῶσαν
3219 1939 3314 1994 καὶ
3369 1941 3674 2012 χαριέντως
3709 1941 3853 2012 πρὸς

2256 2019 2354 2090 τήν
2385 2022 2662 2094 Παρθένον
2692 2025 2960 2094 λέγουσαν
2981 2044 2994 2057 ·
3023 2029 3118 2092 Τίς
3151 2028 3337 2098 ἔλεγεν
3362 2029 3420 2095 ἐξ
3455 2030 3592 2101 ἐμοῦ
3624 2049 3710 2094 σε,
3746 2031 3848 2084 θύ-

2256 2132 2447 2187 γατερ,
2482 2119 2767 2189 προελθεῖν
2817 2123 2914 2193 τήν
2969 2125 3027 2177 ἐν
3076 2129 3294 2193 γενεαῖς
3323 2126 3528 2194 γενεῶν
3561 2127 3851 2196 μακαρίαν

2255 2207 2704 2281 ἀποδειχθεῖσαν;
2742 2213 2806 2266 Τί
2819 2233 2836 2278 ;
2880 2217 2937 2269 ἐν
2980 2219 3093 2280 τοῖς
3129 2217 3352 2282 κόλποις
3383 2236 3486 2288 μου
3520 2218 3749 2289 θεωρῶν
3781 2236 3847 2272 σε

2255 2301 2718 2376 γαλουχουμένην,
2756 2308 2830 2378 μὴ
2869 2308 3082 2373 δοξάσει
3124 2311 3216 2362 τὸν
3251 2311 3310 2363 σέ
3351 2329 3440 2381 μοι
3469 2313 3847 2384 χαρισάμενον

2253 2395 2317 2462 τῇ
2354 2394 2544 2466 στείρᾳ
2573 2396 2666 2448 καὶ
2691 2398 2900 2468 ἀτέκνῳ
2925 2416 2938 2464 ;
2970 2401 3064 2463 Τίς
3088 2400 3213 2464 τοὺς
3247 2405 3488 2471 μαστοὺς
3509 2405 3643 2466 τοὺς
3677 2402 3850 2472 μήπω

2252 2483 2396 2552 γάλα
2430 2485 2736 2554 βλύσαντας
2770 2490 2911 2560 ὁρῶν
2943 2490 3046 2560 ήδη
3080 2491 3450 2562 πηγάζοντας,
3485 2492 3562 2563 μή
3599 2492 3848 2562 μεγαλυ-

2251 2579 2334 2629 νεῖ
2361 2577 2451 2630 τὸν
2486 2579 2545 2645 ἐξ
2574 2581 2882 2650 ἁκροτόμου
2925 2583 3126 2652 πέτρας
3154 2583 3427 2652 βλύσαντα
3455 2585 3524 2638 τὰ
3554 2585 3728 2638 ὕδατα
3768 2584 3848 2655 τῷ

2250 2668 2475 2739 διψῶντι
2505 2671 2652 2742 λαῷ;
2689 2673 2851 2726 Ἀλλά
2883 2675 3064 2744 δεῦρο,
3092 2675 3350 2744 θύγατερ,
3383 2678 3520 2746 προς
3541 2677 3636 2730 τὸν
3665 2679 3726 2729 σέ
3752 2693 3842 2746 μοι

2250 2763 2633 2834 παρασχόντα·
2673 2764 2851 2836 δεῦρο,
2902 2767 3043 2836 πύλη
3081 2768 3181 2838 τῆς
3231 2767 3382 2831 θείας
3425 2768 3610 2838 ζωῆς·
3659 2768 3840 2842 δεῦρο,

2251 2857 2466 2920 παστὰς
2511 2857 2608 2913 τοῦ
2638 2859 2812 2927 Λόγου
2835 2900 2849 2926 ,
2883 2861 3019 2930 πρὸς
3058 2861 3149 2915 τὸν
3183 2863 3311 2916 ναὸν
3347 2863 3581 2934 Κυρίου.
3617 2864 3840 2916 Εἴσελθε

2250 2949 2330 3013 είς
2355 2951 2455 3022 τὴν
2492 2952 2667 3024 χαρὰν
2697 2952 2791 3006 τοῦ
2827 2954 3066 3022 Κυρίου,
3107 2955 3139 3026 ἡ
3175 2955 3271 3014 τοῦ
3319 2956 3530 3028 κόσμου
3561 2957 3713 3028 χαρά
3751 2959 3844 3012 καὶ

2250 3045 2600 3112 ἀγαλλίασις·
2648 3047 2956 3100 ἀπόλαυσον
2999 3048 3191 3102 τούτου
3236 3049 3335 3119 τῆς
3363 3049 3726 3120 ὡραιότητος,
3756 3052 3841 3105 ὄν-

2250 3154 2357 3209 περ
2385 3141 2521 3209 μετὰ
2578 3140 2772 3210 μικρὸν
2831 3140 3004 3206 τέξεις
3066 3142 3140 3204 ὡς
3194 3142 3522 3213 ἄνθρωπον·
3589 3146 3839 3216 μακαρία

2251 3235 2390 3304 εἰμὶ,
2420 3236 2502 3289 ὅτι
2547 3237 2806 3308 τοιαύτης
2848 3239 3120 3311 θυγατρὸς
3171 3242 3354 3312 μήτηρ
3402 3243 3838 3315 ἀνηγόρευμαι·

2253 3329 2567 3400 συγχάρητέ
2604 3347 2715 3400 μοι,
2754 3331 2918 3398 φυλαὶ
2942 3333 3038 3386 τοῦ
3069 3335 3312 3406 Ἰσραὴλ,
3337 3336 3420 3389 ὃτι
3449 3337 3596 3406 μετά
3621 3340 3839 3410 στείρω-

2252 3439 2337 3476 σιν
2368 3424 2552 3495 μήτηρ
2581 3424 3082 3496 ἁναδέδειγμαι(5),
3101 3428 3224 3498 ἥτις
3250 3429 3704 3500 ἀναδειχθήσεται
3736 3437 3836 3505 μή-

2247 3531 2355 3586 τηρ
2402 3515 2498 3568 τοῦ
2545 3515 2824 3587 Ὑψίστου.
2881 3518 3197 3589 Ἐξάρξατε,
3241 3520 3502 3591 παρθένοι
3540 3522 3834 3596 λαμπαδη-

2250 3609 2428 3680 φόροι,
2458 3610 2553 3664 καὶ⁸
2606 3610 3016 3683 προπορεύεσθε
3061 3611 3375 3683 ἔμπροσθεν
3421 3615 3523 3686 τῆς
3564 3617 3832 3686 ἀμιάντου

2249 3701 2529 3771 Παρθένου
2581 3702 2676 3756 καὶ
2727 3702 3044 3766 θεόπαιδος·
3077 3704 3246 3775 ᾅσατε
3283 3705 3420 3777 αὐτῇ
3475 3708 3535 3762 ἐν
3589 3709 3829 3762 αἰνέσει·

2247 3791 2455 3862 ψάλατε
2482 3794 2619 3865 αὐτῇ
2669 3794 2726 3849 ἐν
2772 3794 2978 3867 κιθάρᾳ
2997 3812 3012 3827 ·
3042 3795 3346 3862 ἁλαλάξατε
3373 3799 3513 3870 αὐτῇ
3550 3803 3672 3870 μετ’
3694 3802 3832 3872 ᾠδῆς

2249 3888 2662 3958 πνευματικῆς·
2702 3889 3040 3959 μεγαλύνατε
3084 3893 3142 3943 ἐν
3184 3891 3474 3965 ψαλτηρίῳ
3499 3894 3828 3966 δεκαχόρδῳ.

2250 3976 2436 4042 Δαυῖδ,
2468 3977 2708 4043 αῐνεσον,
2741 3977 3045 4048 Θεοπάτορ,
3075 3979 3173 4052 τὴν
3196 3981 3259 4034 ἐκ
3286 3981 3458 4053 φυλῆς
3491 3998 3588 4035 σου
3620 3985 3831 4038 ἀναδει-

2247 4068 2469 4137 χθεῖσαν
2488 4069 2678 4140 κόρην,
2706 4071 2735 4123 ὑ
2744 4070 3040 4141 μνολογῶν,
3063 4073 3384 4142 μεγαλογῶν
3403 4074 3830 4146 μεγαλοφώνως,

2248 4159 2342 4213 καὶ
2371 4159 2576 4228 λέγων·
2618 4160 2934 4227 Ἄκουσον,
2979 4162 3259 4232 θύγατερ,
3289 4163 3388 4217 καί
3413 4165 3539 4231 ἴδε,
3576 4168 3676 4220 καὶ
3707 4168 3832 4221 κλῖ-

2245 4267 2357 4304 νον
2385 4250 2450 4303 τὸ
2484 4245 2595 4318 οὖς
2627 4268 2766 4316 σου,
2798 4251 2900 4305 καί
2921 4252 3210 4308 ἐπιλάθου
3241 4253 3347 4308 τοῦ
3379 4254 3537 4310 λαοῦ
3573 4273 3718 4325 σου,
3737 4260 3832 4312 καὶ

2245 4342 2352 4397 τοῦ
2383 4342 2555 4398 οἴκου
2580 4343 2686 4399 τοῦ
2715 4345 2938 4414 πατρός
2970 4360 3108 4414 σου,
3131 4345 3230 4401 καί
3259 4346 3627 4418 ἐπιθυμήσει
3657 4353 3690 4405 ό
3715 4351 3831 4416 ,ϐα-

2246 4437 2460 4503 σιλεὺς
2485 4437 2591 4492 τοῦ
2613 4439 2884 4505 κάλλους
2911 4455 3047 4493 σου.

2314 4622 2395 4676 H'.
2431 4619 2616 4674 Ταῦτα
2645 4620 2738 4673 καὶ
2771 4619 2841 4673 τὰ
2871 4619 3081 4683 τούτοις
3133 4619 3296 4689 ὃμοια
3356 4621 3390 4690 ή
3411 4619 3418 4624 ’
3443 4623 3829 4694 χαριτώνυμος

2249 4713 2670 4778 Ἀνναιλέξασα,
2700 4713 2762 4766 τὸ
2797 4712 2899 4782 τῆς
2928 4712 3159 4784 Τριὰδος
3191 4713 3496 4784 κειμήλιον,
3558 4714 3831 4784 χαίρουσα

2242 4808 2309 4877 τῇ
2345 4808 2508 4876 σαρκὶ
2540 4805 2916 4876 τριετίζουσαν
2943 4803 3041 4873 τὴν
3073 4802 3351 4874 Παρθένον
3401 4803 3499 4856 καὶ
3563 4802 3831 4858 Θεοτόκον

2242 4900 2322 4961 είς
2363 4898 2455 4949 τὸν
2485 4896 2609 4949 ναὸν
2637 4896 2842 4966 Κυρίου
2874 4894 3217 4966 προέπεμψε,
3249 4894 3342 4949 καὶ
3371 4895 3470 4948 σὺν
3523 4892 3608 4964 τῷ
3684 4896 3832 4948 Ἰωα-

2235 4991 2368 5061 κεὶμ
2401 4990 2542 5061 ᾠδὰς
2576 4989 3032 5059 εὐχαριστηρίους
3061 4987 3487 5059 ἀναπέμπουσα,
3523 4987 3620 5040 καὶ
3657 4987 3830 5057 δῆμον

2235 5081 2343 5134 τῶν
2412 5078 2696 5150 παρθένων
2743 5076 3278 5147 λαμπαδηφοροῦντα
3339 5077 3827 5147 συγκαλεσαμένη,

2237 5172 2507 5227 κατέλαϐε
2557 5173 2627 5224 τὰ
2655 5171 2764 5224 τῶν
2795 5171 2969 5239 ἁγίων
2999 5171 3168 5238 ’Ἅγια
3192 5186 3205 5200 ·
3241 5170 3337 5223 καὶ
3389 5171 3481 5224 τὸν
3545 5171 3829 5241 Ζαχαρίαν

2237 5266 2594 5336 χαρμονικοῖς
2626 5263 2850 5335 χείλεσι,
2883 5262 2978 5316 καὶ
3010 5263 3334 5332 ἀγαλλιάσει
3385 5263 3678 5332 στόματος,
3734 5267 3839 5317 au-

2244 5361 2530 5432 προφήτην
2585 5359 2679 5414 καὶ
2715 5359 2866 5427 ἱερέα
2921 5359 3012 5412 καὶ
3053 5358 3290 5428 συγγενῆ
3352 5359 3448 5412 καὶ
3510 5357 3826 5429 λειτουργὸν

2241 5455 2338 5524 τῆς
2363 5454 2591 5523 νομικῆς
2624 5452 2912 5523 διαθήκης,
2943 5451 3334 5523 προσεκαλεῖτο
3362 5453 3396 5522 ή
3416 5451 3574 5522 τιμία
3595 5449 3825 5523 ξυνωρὶς

2425 5649 2800 5732 Supplendum
2848 5645 3428 5732 videtprfatitqclant
3475 5645 3628 5732 aliud
3671 5645 3818 5732 ejus:

2242 5718 2410 5781 m‘odi,
2459 5737 2508 5772 v.
2546 5718 2606 5790 7g.
2666 5725 2848 5791 μήτηρ
2887 5718 3271 5789 ἀναδέδειγμαι
3296 5718 3431 5791 (τῆς
3463 5718 3703 5788 ἀμώμου
3731 5719 3817 5771 καὶ

2242 5792 2331 5845 0εό
2341 5791 2523 5854 παιδος
2557 5789 2771 5863 κόρης),
2805 5789 2946 5862 ἥτις.

3475 6487 3512 6492 -.
3608 6487 3634 6492 -.
3710 6486 3746 6490 ἡ
3821 6484 3850 6490 ν-
3934 6484 3974 6492 -ι
