3994 6510
133 336 166 400 1
180 339 296 404 489

1079 342 1160 401 IN
1204 343 1304 403 SS.
1355 340 1706 402 DEIPAR/E
1759 341 2486 403 PRJESEN’TATIONEM.

3284 351 3307 407 1
3318 349 3420 410 490

117 453 263 507 τῶν
309 453 673 524 γεννητόρων,
718 451 929 522 βοῶσα·
971 455 1134 526 Δέχου
1187 455 1290 524 τὴν
1352 455 1574 527 σεμνὴν,
1639 456 1736 526 τὴν

1840 473 1964 527 gum
2022 473 2120 528 par
2153 456 2462 511 lactantibus
2493 456 2652 512 labiis
2685 465 2850 529 atque
2883 457 2994 512 oris
3049 459 3421 516 exsultatione

120 546 457 615 ἀμίαντον·
485 544 666 615 δέχου,
699 544 869 616 ίερεῦ,
926 545 1024 618 τὴν
1088 547 1423 619 ἀκηλίδωτον
1489 548 1737 602 παστάδα

118 637 246 690 τοῦ
275 639 451 707 Λόγου
481 655 496 670 ·
531 637 712 708 δέχου,
778 639 1054 710 προφῆτα,
1111 640 1171 693 τὺ
1222 639 1582 712 θυμιατήριον
1644 641 1735 695 τοῦ

128 729 326 783 ἁΰλου
363 731 574 799 φωτόςο
608 731 785 800 δέχου,
811 731 1007 796 δίκαιε,
1043 731 1104 784 τὸ
1172 732 1522 802 πυρίμορφον
1579 734 1735 807 ἅρμα

123 823 248 876 τοῦ
299 823 557 893 Ὑψίστου
583 839 597 853 ο
627 823 808 893 δέχου,
848 823 1126 894 άμεμπτε,
1168 823 1268 895 τὴν
1294 824 1502 896 ὡραίαν
1554 828 1736 897 ἄμπε-

125 915 266 979 λον,
302 916 428 986 ἥτις
462 915 758 986 βλαστήσει
784 914 877 968 τὸν
908 913 1134 980 ἀείζωον
1166 915 1361 988 βότρυν
1392 933 1406 946 ·
1474 919 1736 989 εἰσάγαγε

126 1008 331 1077 αὐτὴν
367 1009 448 1071 είς
474 1008 542 1061 τά
567 1008 821 1062 ἐνδὸτατα
852 1007 946 1061 τοῦ
980 1008 1109 1062 ναοῦ
1150 1009 1354 1078 Κυρίου
1386 1026 1401 1041 ο
1460 1011 1736 1082 πρόσφερε

128 1100 330 1171 αὐτὴν
362 1102 441 1165 είς
473 1099 636 1154 τόπον
671 1100 1030 1170 ἁγιάσματος,
1061 1099 1510 1169 ὃκατειργάσατο
1535 1103 1738 1172 δ”Υψι-

133 1206 283 1255 στος
346 1192 427 1253 είς
456 1191 652 1246 ἑαυτοῦ
706 1194 1164 1258 κατασκήνωσιν’
1235 1193 1478 1262 ἀνάγαγε
1532 1195 1737 1264 ταύτην

134 1284 238 1347 είς
266 1285 341 1338 τά
365 1284 552 1352 ἄδυτα,
581 1286 672 1338 τὸν
702 1285 933 1354 ἀόρατον
969 1287 1026 1337 ἐν
1061 1286 1242 1357 κοιλίᾳ
1267 1285 1556 1356 βαστάζειν
1586 1291 1738 1342 ἐπει-

135 1371 438 1442 γομένηνο
473 1374 775 1444 μακάρισον
805 1373 972 1443 αὐτὴν
1001 1374 1098 1444 τὴν
1167 1377 1474 1446 μακαρίους
1531 1377 1738 1441 πάντας

140 1460 388 1532 βροτοὺς
417 1463 768 1528 ἀναδείξασαν
800 1483 814 1497 ’
863 1467 1164 1537 μεγάλυνον
1215 1469 1439 1533 ταύτην,
1502 1470 1600 1540 τὴν
1632 1469 1739 1522 τῶν

144 1555 579 1627 μεγαλουργιῶν
611 1558 744 1611 Θεοῦ
777 1559 1185 1630 ἀναδειχθετσαν
1207 1560 1385 1631 βίόλον
1413 1562 1736 1634 θεόγραφονο

138 1645 397 1700 ἀνάλαϐε
427 1647 651 1717 ταύτην,
680 1650 777 1719 τῆς
807 1652 868 1702 ἐκ
897 1650 998 1717 τῆς
1044 1652 1387 1723 προμήτορος
1416 1650 1556 1714 Εὔας
1605 1669 1740 1707 κατ·

139 1737 301 1807 ἀρας
357 1739 505 1810 ἡμᾶς
559 1741 982 1806 ἀπαλλάξασαν·
1039 1742 1277 1796 ἄσπασαι
1352 1744 1578 1814 ταύτην,
1639 1744 1738 1816 τὴν

143 1804 300 1898 πρὸς
331 1804 422 1883 τόν
449 1830 579 1884 Θεὸν
630 1804 1009 1905 φιλανθρωπίᾳ
1044 1835 1192 1904 ἡμᾶς
1247 1804 1605 1906 συνδήσασαν,
1638 1804 1735 1890 κά).
1771 1804 1812 1861 Β

137 1922 257 1990 τὴν
288 1921 488 1994 ἔχθραν
515 1923 608 1978 τοῦ
637 1925 816 1994 ὄφεως
852 1925 930 1995 τῷ
959 1927 1130 1996 αὑτῆς
1163 1926 1307 1997 τόκῳ
1359 1927 1691 1983 καθελοῦσαν
1715 1946 1730 1960 ·

139 2013 458 2081 ἀγκάλισαι
492 2015 678 2087 αὐτὴν,
713 2017 810 2087 τὴν
837 2015 895 2082 ἐξ
927 2017 1184 2086 ἀγκαλῶν
1230 2019 1323 2072 τοῦ
1351 2018 1528 2088 ὄφεως
1584 2022 1735 2091 ἡμᾶς

133 2109 560 2179 ἀφαρπάσασαν
594 2125 608 2140 ο
640 2111 1018 2180 προφητευσον
1048 2111 1178 2182 περὶ
1208 2111 1434 2184 ταύτην,
1493 2113 1593 2184 την
1625 2115 1732 2167 τῶν

136 2203 451 2270 προφητῶν
483 2202 890 2273 ἀναδειχθεῖσαν
925 2204 1231 2275 πλήρωσιν,
1266 2206 1360 2258 καὶ
1391 2207 1489 2276 τῆς
1551 2210 1730 2276 ἐπαγ-

140 2293 346 2360 γελίας
375 2292 508 2346 Θεοῦ
536 2294 671 2365 πρὸς
703 2283 1023 2366 ἀνθρώπους
1060 2297 1537 2366 ἀνακεφαλαίωσιν
1564 2315 1577 2329 ’
1635 2301 1732 2370 τὴν

136 2385 434 2456 τράπεζαν
466 2385 559 2440 τοῦ
597 2386 743 2440 θείου
778 2388 970 2459 ἄρτου,
1009 2389 1104 2441 τδν
1133 2385 1275 2442 οἶνον
1330 2389 1421 2443 τὸν
1459 2390 1728 2462 εύφρόσυ-

137 2496 264 2542 νον,
319 2479 415 2552 τὴν
447 2481 651 2552 τροφὴν
677 2481 774 2551 τὴν
805 2481 1100 2545 ἀδάπανον,
1137 2481 1236 2551 τὴν
1265 2482 1598 2554 περιστερὰν
1633 2483 1732 2556 τὴν

137 2572 442 2644 ἀκεραίαν,
472 2571 563 2626 τὸν
596 2573 824 2644 οὐρανὸν
852 2573 943 2626 τὸν
974 2571 1237 2645 ἔμψυχον,
1285 2575 1381 2646 τὴν
1416 2577 1730 2646 πολύφωτον

140 2664 398 2736 λυχνίαν,
427 2667 526 2735 τὴν
553 2667 936 2738 πολυΰμνητον
996 2666 1238 2739 νύμφην,
1294 2669 1394 2740 τὴν
1447 2669 1731 2724 πολύαινον

144 2757 393 2828 μητέρα,
427 2757 526 2828 τὴν
555 2757 902 2813 θεοπότιστον
935 2759 1138 2825 ἐλαίαν,
1169 2761 1230 2813 τὸ
1257 2761 1398 2814 θεῖον
1424 2761 1521 2832 δχη
1532 2779 1607 2832 μα
1633 2763 1732 2834 τῆς

141 2846 253 2901 τοῦ
304 2848 562 2918 Ὑψίστου
610 2849 944 2921 οίκονομίας,
979 2851 1078 2921 τὴν
1136 2852 1340 2922 σκηνὴν
1385 2853 1484 2924 τὴν
1543 2854 1728 2923 ἁγίαν,

1837 550 2138 620 appellabat
2187 548 2467 605 clamans:
2499 548 2721 621 Accipe,
2779 566 2813 605 ο
2842 550 3127 618 Zacharia,
3168 565 3416 609 sanctam

1839 634 2248 690 immaculatam
2281 652 2296 701 ;
2324 635 2532 704 accipe,
2566 638 3253 702 sacerdos,intemeratum
3287 640 3422 696 Ver-

1838 725 1887 779 bi
1947 727 2280 792 thalamum;
2311 730 2517 798 accipe,
2555 743 2588 784 ο
2613 731 2898 801 propheta,
2939 732 3280 789 thuribulum
3336 735 3420 789 lu-

1837 817 1916 872 cis
1943 818 2011 872 ab
2064 823 2210 874 omni
2279 821 2510 876 materia
2575 833 2835 890 secretae;
2895 826 3102 897 accipe,
3165 843 3199 882 ο
3243 829 3416 896 iuste,

1839 909 2067 980 ignitum
2119 927 2342 967 currum
2404 913 2691 969 Altissimi.
2764 917 2982 987 Accipe,
3039 933 3074 973 ο
3120 919 3412 988 inculpate,

1838 1001 2084 1056 ﬂoridam
2121 1003 2303 1070 vitem,
2340 1020 2462 1076 quae
2481 1020 2757 1061 racemum
2782 1015 2998 1063 aeterna:
3029 1008 3150 1063 vita:
3189 1009 3410 1075 efferet;

1838 1095 2140 1149 iutromitte
2166 1096 2309 1151 illam
2345 1097 2398 1152 in
2434 1098 2658 1155 intimos
2682 1115 2929 1156 recessus
2959 1101 3142 1171 templi
3173 1101 3410 1169 Domini;

1840 1186 1978 1240 infer
2004 1187 2150 1242 illam
2203 1188 2254 1240 in
2292 1188 2470 1243 locum
2520 1192 2844 1257 sanctuarii,
2897 1193 3043 1263 quod
3101 1195 3414 1251 Altissimus

1840 1281 1890 1332 itt
1922 1284 2003 1333 sui
2033 1280 2373 1334 domicilium
2407 1284 2635 1336 secrevit
2668 1299 2680 1347 ;
2718 1284 2961 1340 inducito
3005 1286 3146 1342 hanc
3175 1288 3229 1342 in
3286 1304 3415 1344 san-

1838 1372 2082 1426 ctissima
2117 1373 2442 1442 penetralia,
2484 1389 2605 1444 qua:
2635 1390 2759 1430 mox
2806 1377 2861 1430 in
2897 1387 3052 1433 utero
3071 1394 3196 1434 eum
3231 1391 3415 1450 porta-

1840 1464 1937 1528 bit,
1968 1464 2061 1534 qui
2111 1465 2284 1520 oculis
2348 1466 2497 1520 cerni
2542 1481 2647 1520 non
2701 1477 2910 1536 potest;
2974 1471 3186 1526 beatam
3238 1472 3412 1542 ipsam

1838 1557 2094 1627 praedira,
2124 1573 2247 1627 qua:
2275 1558 2464 1613 beatos
2491 1557 2654 1612 efﬁcit
2691 1574 2883 1614 omnes
2936 1562 3195 1616 mortales
3229 1579 3243 1626 ;
3299 1577 3415 1616 ma-

1839 1649 2032 1719 gniﬁce
2054 1649 2194 1704 hanc
2245 1650 2426 1711 lauda,
2467 1665 2589 1719 qua:
2633 1651 2843 1720 prolata
2876 1659 2960 1705 est
2987 1653 3416 1716 velntdivinitus

1839 1742 2178 1812 conscriptus
2236 1741 2372 1796 liber
2435 1742 2766 1812 magnalium
2828 1743 2940 1798 Dei.
2999 1743 3196 1814 Excipe
3253 1745 3414 1813 hanc,

1839 1849 1960 1904 qua:
1992 1849 2021 1888 a
2056 1833 2346 1890 maledicto
2395 1837 2446 1888 in
2501 1835 2730 1904 primam
2782 1845 3061 1904 parentem
3093 1836 3258 1891 Evam
3313 1839 3415 1892 int-

1840 1927 2010 1981 misso
2049 1940 2148 1980 nos
2187 1925 2384 1980 liberat
2413 1943 2429 1991 ;
2465 1926 2824 1996 complectere
2847 1928 3004 1992 hanc,
3030 1943 3152 1998 quae
3173 1944 3272 1984 nos
3290 1946 3412 1984 cunt

1841 2016 1948 2072 Deo
1973 2017 2242 2073 cbaritate
2293 2017 2588 2089 colligavit,
2650 2027 2704 2074 et
2754 2018 3098 2074 inimicitiam
3146 2024 3414 2090 serpentis

1838 2109 2027 2165 fraude
2055 2109 2330 2165 inductam
2369 2125 2470 2166 suo
2501 2119 2653 2180 partu
2693 2110 2957 2177 abstulit;
2994 2112 3208 2180 implica
3246 2113 3407 2168 istaut

1838 2202 2095 2267 brachiis,
2135 2218 2257 2274 quae
2286 2217 2384 2258 nos
2435 2203 2503 2258 ab
2549 2203 2784 2272 implexu
2821 2204 3090 2272 serpentis
3121 2203 3410 2260 abstrahit.

1836 2296 1911 2350 De
1962 2297 2063 2350 hac
2093 2296 2412 2359 vaticinare,
2450 2311 2571 2366 quae
2616 2295 3053 2365 propheticorum
3127 2297 3411 2352 vaticinio-

1835 2403 1957 2443 rum
2014 2388 2452 2458 implementum,
2516 2389 2932 2458 divinarumque
2986 2389 3408 2458 promissionum

1834 2483 2218 2552 compendium
2255 2482 2307 2537 in
2335 2497 2394 2538 se
2416 2482 2652 2538 exhibet.
2688 2482 2810 2553 lpsa
2864 2497 3052 2537 mensa
3097 2482 3262 2537 divini
3317 2499 3414 2553 pa-

1834 2573 1939 2637 nis,
1973 2575 2158 2629 vinum
2186 2574 2514 2638 exhilarans,
2550 2575 2706 2631 cibus
2738 2575 3032 2646 gratuitos,
3067 2575 3318 2630 columba
3351 2579 3416 2629 il-

1836 2666 2025 2731 libata,
2098 2668 2298 2722 coelum
2361 2669 2686 2732 animatum,
2754 2667 2965 2738 lampas
3023 2667 3180 2723 valde
3230 2668 3411 2734 rutila,

1831 2768 2028 2824 sponsa
2063 2757 2249 2812 multis
2298 2757 2518 2827 hymnis
2553 2757 2846 2823 celebrata,
2878 2767 3054 2814 mater
3086 2758 3270 2814 multis
3302 2760 3415 2814 lau-

1831 2845 1992 2902 dibus
2053 2857 2272 2914 ornata,
2327 2850 2470 2905 oliva
2532 2851 2795 2908 divinitus
2849 2852 3097 2924 irrigata,
3155 2852 3406 2907 divinum

143 2934 255 3004 τὴν
311 2933 534 3006 λυχνίαν
588 2937 687 3008 τὴν
739 2937 1150 3008 θεοχάλκευτον,
1209 2941 1306 3010 τὴν
1362 2941 1577 3012 ἀμνάδα
1627 2944 1731 3014 τὴν

1840 2937 2140 2994 vehiculum
2174 2941 2604 3010 dispensationis
2646 2943 2933 3007 Altissimi,
3002 2944 3410 3000 tabernaculum

142 3025 401 3097 λογικὴν,
434 3027 496 3080 τὸ
551 3029 858 3099 ἱλαστήριον
883 3029 976 3083 τοῦ
1022 3029 1178 3095 Θεοῦ,
1207 3031 1268 3083 τὸ
1327 3032 1610 3102 κειμήλιον
1669 3034 1731 3088 τὸ

1840 3039 2108 3095 sanetum,
2161 3032 2548 3087 candelabrum
2586 3050 2614 3088 a
2652 3033 2760 3090 Deo
2831 3034 3213 3103 fabrefactum,
3273 3051 3414 3107 agna

144 3116 387 3182 ἔνδοξον,
423 3117 520 3188 τὴν
549 3118 828 3186 σάλπιγγα
857 3119 956 3189 τὴν
983 3117 1202 3191 εὔηχον,
1231 3119 1291 3172 τὸ
1320 3120 1462 3174 πῖον
1485 3121 1611 3191 ὅρος
1634 3122 1728 3175 καὶ

1840 3122 2134 3184 rationalis,
2193 3124 2632 3194 propitiatorium
2710 3124 2826 3189 Dei,
2866 3142 2963 3182 vas
3009 3128 3409 3189 inaestimabile,

145 3212 582 3279 τετυρωμένον,
613 3211 702 3264 τὸν
732 3210 875 3264 θεῖον
903 3212 1090 3278 πόκον,
1117 3211 1216 3283 τὴν
1257 3212 1547 3284 θεόδρυτον
1580 3216 1730 3284 vespe-

144 3302 274 3371 λην,
309 3300 408 3372 τὴν
431 3303 582 3355 πόλιν
606 3302 702 3373 τὴν
726 3303 941 3374 ἔντιμον
966 3345 980 3370 ,
1007 3306 1066 3357 τὸ
1099 3306 1287 3376 νοητὸν
1315 3306 1731 3378 καταπέτασμα,

145 3394 248 3446 τὸν
310 3392 657 3458 θεολάξευτον
687 3394 899 3466 λύχνον,
946 3396 1045 3468 τὴν
1070 3396 1315 3467 κλίμακα
1343 3396 1411 3449 δι’
1433 3393 1500 3470 ἧς
1526 3401 1554 3452 ό
1602 3400 1736 3453 Κτί-

152 3503 294 3556 στης
338 3488 449 3550 τοῖς
486 3485 696 3557 βροτοῖς
723 3487 1042 3559 ὀφθήσεται,
1074 3488 1173 3559 τὴν
1211 3488 1398 3560 κλίνην
1424 3490 1523 3562 τὴν
1551 3491 1733 3560 ἁγίαν,

149 3577 214 3631 τὸ
262 3577 474 3648 δοχεῖον
535 3579 635 3649 τῆς
687 3578 1075 3650 χρηστότητος,
1136 3579 1237 3650 τὴν
1285 3579 1394 3632 τῶν
1445 3579 1737 3653 θαυμάτων

149 3669 416 3734 ἄϐυσσον,
445 3671 544 3742 τὴν
585 3671 769 3742 πηγὴν
798 3670 906 3725 τῶν
932 3671 1175 3739 ἀγαθῶν,
1219 3671 1311 3725 τὸν
1340 3672 1538 3727 ἄσυλον
1570 3673 1735 3728 πλοῦ-

148 3778 270 3828 τον,
309 3763 411 3832 τὴν
442 3763 788 3833 πολυώνυμον
835 3763 932 3816 καὶ
959 3763 1346 3817 πολυποίκιλον
1387 3766 1482 3817 καὶ
1505 3766 1738 3836 ὰειπαρ-

152 3854 313 3908 θένον
345 3854 628 3909 Θεοτόκον.
660 3855 880 3927 Ταύτην
905 3856 1168 3924 εἰσάγαγε
1196 3856 1275 3919 είς
1307 3855 1376 3909 τά
1402 3855 1572 3924 Ἀγια
1628 3855 1738 3909 τῶν

158 3948 358 4017 ἁγίων,
391 3947 594 4018 ταύτην
643 3948 961 4019 προσάγαγε
1017 3947 1096 4019 τῷ
1146 3947 1378 4018 βασιλέϊ,
1438 3948 1512 4012 ὡς
1569 3949 1740 4020 δῶρον

163 4040 488 4112 πολύτιμον,
515 4041 714 4111 ταύτην
735 4041 948 4095 αίνεσον
972 4040 1045 4104 ὡς
1087 4040 1332 4111 βασιλίδα
1357 4041 1457 4110 τῆς
1487 4043 1737 4108 κτίσεως,

158 4131 370 4203 ταύτην
416 4133 756 4204 εὐτρέπισον,
798 4133 874 4196 ὡς
903 4132 1164 4187 παλάτιον
1194 4132 1288 4186 τοῦ
1332 4133 1737 4198 παντάνακτος,

153 4223 369 4295 ταύτην
400 4224 786 4296 ὑμνολόγησον,
821 4225 920 4295 τὴν
950 4223 1141 4278 πασῶν
1165 4223 1272 4277 τῶν
1329 4225 1611 4296 παρθένων
1636 4224 1740 4294 φύ-

154 4317 306 4370 λακα
337 4317 536 4372 ἄσυλον
558 4333 571 4346 ·
603 4317 807 4388 ταύτην
854 4318 1282 4388 κατασκήνωσον
1318 4317 1398 4381 είς
1429 4317 1557 4369 ναὸν
1615 4333 1736 4387 χει-

157 4408 452 4480 ροποίητον
477 4409 575 4479 τὴν
607 4410 908 4480 γενομένην
946 4409 1071 4462 ναὸν
1128 4408 1370 4480 ἔμψυχον
1426 4408 1517 4462 τοῦ
1565 4409 1740 4478 Λόγου

156 4502 347 4555 πάντα
359 4518 597 4572 τεκτηνα
604 4501 764 4571 μένου
773 4542 786 4554 .

230 4593 312 4649 Θ’.
344 4588 510 4649 Abeat
537 4593 630 4647 τοῦ
671 4593 927 4662 Ἰωακεὶμ
947 4593 1041 4670 καὶ
1094 4593 1194 4664 τῆς
1250 4595 1448 4662 Ἀννης
1517 4594 1572 4647 αί
1601 4610 1738 4664 χαρ-

163 4688 391 4760 μονικαὶ
415 4686 714 4757 δοξολογίαι
743 4703 756 4717 ·
792 4681 954 4740 αὗται
975 4686 1075 4756 τῆς
1117 4685 1468 4757 εὐχαριστίας
1497 4689 1552 4740 αἱ
1584 4688 1743 4758 ὑμνο-

156 4780 384 4851 λογικαὶ
415 4779 697 4851 θεηγορίαι
739 4795 754 4809 ·
783 4774 944 4832 αὗται
975 4777 1111 4850 πρὸς
1157 4779 1248 4831 τὸν
1299 4780 1586 4848 προφήτην
1638 4780 1741 4834 Ζα-

161 4873 366 4945 χαρίαν
396 4873 452 4926 αι
479 4869 948 4943 παρρησιαστικαὶ
974 4869 1274 4941 μαρτυρίαι
1307 4885 1318 4897 ’
1349 4869 1471 4924 ὅθεν
1495 4871 1525 4923 ὁ
1558 4870 1739 4942 ἱερεὺς

158 4967 239 5030 ὠς
275 4965 560 5036 προφήτης
591 4962 747 5030 Θεοῦ,
774 4963 866 5018 καὶ
898 4962 966 5016 τά
992 4962 1102 5015 τῶν
1135 4961 1304 5030 ἁγίων
1332 4961 1497 5030 Ἀγια
1521 4963 1580 5016 ὲν
1613 4964 1742 5035 μεθο

158 5059 277 5126 ἐξει
299 5056 435 5111 Θεοῦ
484 5053 755 5122 καθελὼν,
781 5055 926 5126 ὁρῶν
969 5055 1068 5124 τῆς
1101 5053 1382 5124 Παρθένου
1426 5053 1522 5108 τοῦ
1551 5054 1737 5125 ὄμμα-

160 5169 256 5215 τος
286 5149 386 5220 τὴν
436 5148 720 5219 καλλονὴν,
786 5146 882 5201 τοῦ
932 5145 1230 5218 προσώπου
1268 5146 1330 5200 τὸ
1377 5146 1597 5218 ὡραῖον,
1643 5151 1741 5219 τῆς

159 5243 415 5314 γλώττης
445 5242 542 5314 τὴν
580 5241 806 5306 αίνεσιν,
839 5241 938 5310 τῆς
977 5240 1157 5311 ψυχῆς
1187 5240 1285 5311 τὴν
1315 5241 1615 5309 εὐγένειαν,
1647 5240 1741 5296 τοῦ

163 5336 286 5406 βίου
320 5335 382 5388 τὸ
408 5335 717 5405 ἄμεμπτον,
771 5332 881 5387 τῶν
913 5332 1092 5386 ποδῶν
1123 5333 1182 5386 τὸ
1221 5332 1479 5404 βάδισμα,
1517 5333 1616 5404 τὴν
1642 5351 1740 5386 κα-

160 5427 432 5498 ταστολὴν
469 5427 562 5481 τοῦ
593 5426 780 5499 ἦθους,
827 5426 920 5480 τοῦ
960 5429 1236 5497 σχήματος
1257 5427 1357 5496 τὴν
1383 5426 1739 5497 εὐπρέπειαν,

162 5518 487 5590 Πνεύματος
553 5519 707 5587 ἁγίου
784 5516 1064 5588 πλησθεὶς,
1120 5516 1404 5589 ἐξεϐόησεν
1436 5533 1450 5548 ’
1484 5513 1556 5569 Ὦ
1606 5516 1741 5588 κόρη

161 5611 401 5682 ἀμίαντε
423 5627 438 5642 ·
468 5604 513 5665 ῶ
536 5609 774 5682 παρθένε
814 5608 1082 5679 ἀμόλυντε
1113 5625 1126 5638 ·
1177 5603 1220 5663 ὦ
1242 5611 1422 5673 νεᾶνις
1454 5609 1705 5678 πάγκαλε
1727 5625 1738 5638 ·

160 5701 209 5760 ὦ
246 5703 520 5772 γυναικῶν
549 5702 826 5774 ἀγλάϊσμα
853 5719 865 5732 °
904 5695 948 5757 ὦ
979 5699 1292 5773 θυγατέρων
1333 5701 1697 5772 καλλὼπισμα
1723 5719 1736 5732 ⁸

244 5870 288 5902 ’⁵
341 5871 481 5925 Psttl.
519 5886 685 5936 LM’ll,
716 5870 764 5925 7.

1836 3212 2127 3267 thesaurus
2164 3213 2514 3280 honoriﬁcus,
2548 3216 2675 3270 tuba
2716 3217 2958 3272 suaviter
3011 3231 3230 3281 sonans,
3256 3233 3414 3274 mons

1836 3305 2044 3375 pinguis
2080 3315 2128 3358 et
2160 3308 2472 3376 coagulatus
2501 3307 2566 3373 “,
2600 3308 2844 3362 divinum
2880 3309 3076 3372 vellus,
3102 3309 3272 3364 nubes
3306 3309 3415 3366 Deo

1839 3394 2055 3461 referta,
2086 3396 2216 3451 urbs
2243 3396 2586 3465 admiranda,
2623 3397 2853 3453 aulaeum
2892 3399 3157 3469 spiritale,
3191 3400 3415 3455 lucerna

1837 3485 2098 3541 divinitus
2119 3501 2351 3550 excusa,
2379 3488 2526 3543 scala
2552 3502 2830 3558 perquam
2872 3487 3210 3544 descendens
3246 3489 3416 3542 Crea-

1841 3589 1922 3633 tor
1951 3579 2094 3633 inter
2128 3578 2378 3635 homines
2407 3579 2700 3644 videbitur,
2733 3579 2916 3636 cubile
2960 3588 3235 3644 sanctum,
3298 3595 3417 3650 gra-

1840 3671 1929 3726 tiae
1960 3671 2388 3741 receptaculum,
2426 3671 2818 3727 miraculorum
2848 3673 3100 3743 abyssus,
3140 3671 3263 3727 fons
3312 3673 3414 3728 ho-

1842 3778 2057 3828 norum,
2087 3762 2398 3817 divitiarum
2425 3765 2580 3833 copia
2612 3763 2966 3828 inviolabilis,
3015 3763 3202 3821 multis
3242 3767 3417 3819 nomi-

1841 3856 2002 3910 nibus
2032 3862 2195 3924 atque
2247 3854 2468 3909 dotibus
2496 3855 2769 3926 insignata
2796 3865 2852 3911 et
2877 3871 3092 3926 semper
3123 3855 3288 3927 Virgo
3322 3855 3414 3910 Dei

1842 3955 2032 4002 mater.
2069 3945 2220 4002 Hanc
2246 3947 2578 4002 introducito
2600 3947 2652 4002 in
2685 3946 2884 4002 Sancta
2907 3955 3244 4013 sanctorum,
3277 3947 3418 4002 hanc

1843 4041 1953 4110 regi
1985 4038 2178 4093 al'l‘erto
2213 4049 2472 4110 tanquam
2500 4039 2956 4110 pretiosissimum
2986 4039 3212 4105 donum,
3275 4039 3417 4092 hanc

1843 4133 2004 4187 lauda
2028 4131 2176 4186 velut
2213 4131 2456 4202 reginam
2488 4130 2862 4185 universitatis
2888 4145 3090 4196 rerum,
3120 4129 3261 4184 hanc
3308 4145 3410 4198 ap-
3475 4117 3482 4121 ’

1844 4240 1972 4294 para
2004 4234 2064 4279 ut
2095 4224 2358 4295 palatium
2389 4222 2533 4293 regis
2565 4221 2968 4287 universorum,
3018 4221 3160 4276 hanc
3196 4221 3417 4292 hymnis

1849 4315 2047 4369 extolle
2083 4326 2140 4368 ut
2187 4321 2365 4368 tutum
2415 4309 2728 4382 praesidium
2789 4311 3037 4365 omnium
3099 4308 3416 4379 virginum,

1845 4405 1971 4459 huic.
2007 4404 2189 4460 sedem
2217 4406 2268 4457 in
2305 4404 2504 4473 templo
2537 4399 2859 4457 manufacto
2892 4401 3092 4471 praebe,
3134 4416 3256 4472 qua:
3285 4409 3420 4456 tem-

1774 4498 1816 4552 ι)
1845 4498 1993 4568 plum
2030 4497 2328 4551 animatum
2359 4506 2443 4551 est
2482 4493 2640 4550 Verbi
2692 4495 2938 4565 omnium
2962 4494 3280 4550 conditoris.

1918 4589 2008 4645 IX.
2043 4591 2135 4645 Han
2166 4589 2385 4644 fuerunt
2414 4589 2483 4644 ab
2516 4586 2802 4642 Joacltimo
2829 4595 2883 4642 et
2911 4587 3068 4642 Anna
3090 4586 3251 4643 editae
3282 4587 3419 4642 laetae

1847 4682 2285 4755 praedicationes,
2312 4682 2393 4739 ha:
2422 4680 2532 4736 Deo
2560 4680 2784 4736 redditae
2810 4696 2934 4735 cum
2957 4682 3256 4752 gratiarum
3323 4695 3418 4732 ac-

1849 4777 1996 4831 tione
2027 4774 2390 4836 laudationes,
2425 4773 2508 4827 hze
2534 4771 2672 4841 apud
2718 4772 3039 4842 prophetam
3099 4770 3420 4826 Zachariam

1847 4866 1987 4922 data:
2038 4879 2253 4920 summa
2315 4879 2438 4918 eum
2491 4861 2686 4915 ﬁducia
2747 4860 3176 4914 testiﬁcationes.
3240 4857 3421 4924 Quare

1850 4957 2128 5022 sacerdos,
2158 4967 2216 5011 ut
2254 4956 2346 5010 Dei
2397 4954 2684 5024 propheta,
2724 4951 2928 5021 quique
2980 4959 3170 5004 tenens
3223 4950 3422 5004 Sancta

1846 5060 2158 5108 sanctorum
2195 5048 2462 5117 particeps
2490 5045 2582 5100 Dei
2627 5053 2763 5110 erat,
2826 5044 3046 5098 intuens
3105 5044 3158 5097 in
3207 5041 3422 5111 Virgine

1846 5153 2097 5215 aspectus
2123 5138 2604 5212 pulchritudinem,
2656 5138 2839 5195 vultus
2878 5138 3154 5201 decorem,
3227 5137 3422 5204 lingua!

1849 5236 2192 5298 modestiam,
2254 5232 2422 5288 animi
2492 5232 2854 5298 nobilitatem,
2919 5229 3044 5286 vitae
3087 5228 3421 5299 inculpatum

1847 5332 2034 5393 decus,
2071 5327 2267 5398 pedum
2318 5325 2614 5389 incessum,
2674 5338 2889 5378 morum
2945 5321 3421 5392 compositionem,

1847 5421 2152 5477 decentiam
2179 5419 2417 5481 habitus,
2449 5418 2633 5472 alllatu
2661 5418 2838 5473 sancti
2869 5416 3109 5488 Spiritus
3156 5424 3420 5484 concepto

1845 5511 2174 5570 exclamavit
2213 5529 2227 5565 :
2277 5507 2321 5565 0
2349 5508 2528 5580 puella
2559 5507 2932 5574 immaculata,
2966 5522 2999 5561 ο
3030 5506 3184 5577 virgo
3221 5505 3420 5574 impol-

1843 5605 1977 5669 luta,
1998 5601 2446 5660 oadoleseentula
2461 5600 2865 5666 venustissima,
2895 5614 2928 5654 ο
2951 5597 3238 5655 mulierum
3258 5613 3418 5651 orna-

1848 5707 2110 5763 mentum,
2156 5696 2387 5751 liliarum
2435 5696 2598 5760 nitor,
2635 5710 2667 5748 ο
2698 5703 2868 5748 mater
2901 5689 3064 5763 Virgo
3120 5700 3325 5754 sancta,
3364 5701 3417 5742 tu
