4088 6494
606 335 732 400 M91

1686 339 1745 398 S.
1773 333 2079 399 TABASII
2116 330 2619 390 PATRIARCHJE
2660 331 2771 391 CP.

3724 323 3866 390 1492

603 448 884 503 benedicta
912 448 1051 503 inter
1082 448 1358 510 mulieres,
1385 456 1441 500 tu
1481 447 1752 501 celebrata
1781 454 1998 515 propter
2021 445 2174 497 inno-

2276 434 2321 492 ὧ
2350 440 2526 511 μῆτερ
2554 441 2799 508 Παρθένε
2828 440 2980 508 ἁγία,
3021 456 3109 505 συ,
3145 439 3488 509 εὐλογημένη
3512 437 3570 492 t.
3603 436 3863 506 γυναιξίι

600 541 859 607 centiam,
892 550 946 595 tu
981 540 1264 611 obsignata
1298 538 1653 611 virginitate;
1690 548 1744 592 tu
1773 538 1967 592 Adami
1998 536 2169 591 male-

598 634 726 688 dicti
760 633 1019 701 expiatio,
1061 642 1117 687 tu
1149 631 1319 687 debiti
1348 630 1472 686 Eva:
1509 631 1744 697 solutio;
1780 637 1838 684 tu
1871 628 2054 683 Abelis
2069 643 2172 697 pu-

608 724 823 778 rissima
853 724 1081 786 oblatio,
1110 723 1596 792 primogenitorum
1624 720 1955 783 delectus",
1981 720 2175 773 imma-

596 819 837 869 culatum
869 816 1197 870 sacriﬁcium
1224 833 1238 880 ;
1271 823 1328 869 ιιι
1356 815 1506 869 Sethi
1540 823 1683 869 recta
1709 813 1997 883 disciplina
2020 813 2065 843 ¹⁶
2095 817 2175 879 (ιιι

596 914 921 973 conceptum
955 906 1006 960 in
1039 916 1194 960 utero
1222 906 1314 961 Dei
1336 906 1504 960 ﬁlium
1523 907 1702 976 paries
1733 907 1849 961 sine
1877 906 2172 975 dolore");

597 1009 651 1051 tu
687 997 834 1053 Enos
854 998 905 1052 in
928 998 1095 1053 Deum
1125 1015 1251 1070 spes
1283 1015 1390 1054 non
1420 1000 1626 1070 pudore
1644 999 1848 1054 suﬁ'usa
1874 1017 1888 1062 ;
1910 1011 1966 1053 tu
1991 997 2173 1055 Enoch

600 1088 733 1143 inita
774 1089 945 1158 gratia
992 1092 1129 1145 etin
1192 1106 1442 1146 securam
1502 1092 1667 1144 vitam
1733 1090 2027 1160 migratio;
2117 1098 2173 1141 tu

599 1179 806 1237 Noachi
833 1199 981 1251 arca,
1010 1193 1064 1237 et
1092 1184 1344 1239 secundae
1374 1183 1801 1253 regenerationis
1827 1182 1969 1251 apud
2003 1181 2173 1236 Deum

600 1276 953 1341 conciliatio;
987 1286 1044 1331 tu
1085 1278 1235 1347 regni
1293 1286 1348 1331 et
1409 1276 1701 1331 sacerdotii
1759 1272 2176 1329 Melchisedechi

603 1364 930 1432 perillustris
956 1365 1249 1435 splendor;
1297 1377 1351 1418 tu
1380 1365 1673 1418 Ahrahami
1714 1363 1870 1417 ﬁrma
1903 1363 2099 1417 ﬁducia
2123 1372 2174 1417 et

604 1456 987 1522 promissionis
1028 1455 1228 1511 futurze
1276 1457 1611 1526 posteritatis
1636 1457 1945 1525 obsequens
1999 1455 2171 1523 ﬁdes;

605 1555 663 1598 tu
690 1543 854 1600 lsaaci
885 1562 1086 1601 novum
1140 1548 1473 1602 sacriﬁcium
1504 1559 1557 1602 et
1589 1548 1857 1613 rationale
1911 1547 2175 1602 holocau-

602 1645 746 1691 stum
776 1654 791 1702 ;
820 1646 880 1692 ιιι
912 1635 1099 1692 Jacobi
1129 1639 1182 1692 in
1220 1639 1421 1692 scalam
1456 1654 1719 1694 ascensus
1778 1654 1964 1704 causa,
1999 1647 2053 1692 et
2100 1638 2175 1692 {eo

602 1728 897 1783 cunditatis
923 1728 1276 1795 inlduodecjm
1298 1730 1473 1784 tribus
1492 1731 1867 1799 permanantis
1890 1730 2174 1799 expressio

604 1818 985 1884 nobilissima;
1018 1830 1074 1874 tu
1122 1818 1276 1874 Judze
1326 1820 1627 1891 apparuisti
1686 1822 1984 1876 secundum
2043 1821 2173 1876 stir—

601 1924 723 1976 pem
782 1908 889 1963 ﬁlia
927 1925 943 1973 ;
977 1919 1033 1963 ιιι
1059 1907 1279 1980 Josephi
1307 1910 1586 1979 pudicitia,
1617 1920 1673 1965 et
1702 1912 1899 1967 veteris
1930 1910 2173 1983 Egypti,

610 1999 869 2053 nimirum
908 1999 1208 2072 Synagogae
1259 2000 1593 2067 Iudaeorum,
1624 2003 1857 2067 eversio,
1882 2018 1916 2059 ο
1975 2004 2173 2057 imma-

600 2090 776 2144 culata
802 2107 815 2155 ;
853 2101 908 2145 tu
932 2088 1053 2145 Jobi
1084 2092 1136 2145 in
1170 2092 1561 2147 tentationibus
1590 2092 1866 2161 patientia;
1896 2091 2170 2162 perfectio

600 2192 656 2236 et
688 2183 953 2237 honorum
991 2183 1111 2253 ejus
1147 2185 1199 2237 in
1232 2184 1456 2254 duplum
1493 2185 1764 2239 restitutio
1798 2199 1862 2239 ac
1904 2184 2175 2239 ditissima

600 2276 791 2346 c0pia;
825 2286 879 2331 tu
927 2276 1129 2349 Moysis
1181 2277 1409 2347 ejusque
1446 2276 1798 2348 Legislatoris
1834 2277 1972 2333 liber
2030 2277 2173 2332 divi-

603 2370 752 2424 nitus
781 2371 1145 2425 concinnatus
1171 2413 1186 2437 ,
1219 2370 1273 2423 in
1305 2385 1415 2440 quo
1450 2370 1717 2440 scriptum
1747 2379 1830 2424 est
1854 2385 2175 2425 sacramen-

603 2472 715 2515 tum
747 2462 1199 2531 regenerationis,
1238 2471 1291 2516 et
1318 2461 1518 2518 divinis
1568 2461 1753 2533 digitis
1806 2462 2079 2533 insculpta
2120 2462 2173 2516 in

602 2555 803 2611 tabulis
829 2556 916 2610 lex
966 2566 1050 2611 est
1074 2564 1337 2626 tanquam
1374 2555 1429 2610 in
1459 2563 1644 2610 monte
1692 2555 1845 2619 Sina,
1879 2555 1971 2610 ubi
1996 2570 2175 2610 novus

598 2645 766 2702 lsrael
799 2646 869 2701 ab
915 2646 1336 2717 intelligibilium
1365 2646 1747 2718 Egyptiorum
1780 2650 2044 2703 servitute
2066 2648 2177 2702 vin-

600 2737 890 2803 dicabitur,
931 2740 1393 2808 quemadmodem
1436 2742 1694 2808 antiquus
1724 2741 1957 2810 populus
1983 2742 2037 2794 in
2084 2756 2177 2796 so-

599 2829 828 2885 litudine
867 2846 1068 2885 manna
1097 2841 1151 2885 et
1184 2848 1324 2899 aqua
1375 2833 1442 2886 de
1493 2848 1687 2901 aspera
1744 2841 1897 2902 petra
1947 2833 2176 2889 satiatus

598 2931 705 2988 cst,
746 2931 895 2992 petra
924 2932 1096 2977 autem
1127 2934 1239 2977 erat
1269 2920 1511 2977 Christus
1536 2923 1579 2955 ¹⁸
1600 2942 1614 2989 ;
1638 2938 1668 2977 e
1698 2931 1792 2978 tuo
1826 2924 2035 2992 gremio
2056 2940 2179 2993 pro-

598 3016 813 3070 diturus
842 3025 1095 3085 tanquam
1141 3033 1362 3086 sponsus
1398 3034 1430 3070 a
1462 3016 1698 3071 thalamo
1726 3017 1792 3082 ¹⁹,
1852 3026 1911 3071 ιιι
1943 3018 2177 3073 Aaronis

2277 532 2342 585 σὺ
2379 531 2743 602 δεδοξασμένη
2783 535 2851 604 τῇ
2914 532 3149 603 ἁγνεία·
3210 549 3276 585 συ
3320 529 3740 601 ἐσφραγισμένη
3794 532 3862 597 τῇ

2278 623 2551 695 παρθενίᾳ
2580 639 2595 655 ·
2629 625 2693 678 σὺ
2716 623 2811 678 τοῦ
2857 624 3031 695 ’Δδὰμ
3050 624 3150 695 τῆς
3174 623 3424 693 κατάρας
3466 625 3501 693 ὴ
3555 621 3713 683 λύσις
3739 638 3754 651 ο
3792 621 3859 673 σὺ

2275 717 2375 786 τῆς
2407 715 2551 780 Εὔας
2574 716 2669 770 τοῦ
2695 717 3009 787 ὀφλήματος
3030 718 3065 787 ή
3094 716 3374 787 πλήρωσις
3398 732 3412 746 ⁸
3465 717 3529 769 σὺ
3558 714 3655 768 τοῦ
3696 713 3859 767 ’Δόελ

2278 810 2312 879 ή
2343 808 2707 880 καθαρωτάτη
2738 808 3045 879 προσφορά,
3072 808 3169 862 καὶ
3211 807 3574 878 πρωτοτόκων
3603 806 3867 878 πρόθεσις

2278 900 2483 961 ἄκακος
2524 898 2685 952 θυσία
2707 912 2722 927 ’
2776 900 2840 953 σὺ
2863 897 2959 952 τοῦ
3017 898 3124 971 Σὴθ
3154 901 3188 969 ή
3235 898 3656 968 κατακόσμησις
3689 912 3703 925 ·
3749 895 3862 968 [σὺ

2277 991 2367 1043 τὸν
2400 990 2527 1043 Υίδν
2554 988 2650 1043 τοῦ
2682 988 2821 1043 Θεοῦ
2859 991 2918 1043 ἐν
2946 990 3146 1061 γαστρὶ
3184 988 3519 1060 βαστάσασα,
3577 988 3867 1058 ὼδινήσεις

2278 1084 2495 1145 ἀπόνως
2521 1082 2562 1154 ο]
2600 1083 2663 1136 σὺ
2694 1082 2792 1136 τοῦ
2856 1081 3022 1146 Ἐνὼς
3046 1084 3106 1135 ἐν
3135 1080 3256 1150 Θεῷ
3283 1081 3435 1144 ἐλπὶς
3486 1081 3864 1149 άκαταίσχυνο

2277 1192 2408 1239 τος*
2455 1175 2519 1228 σὺ
2557 1175 2653 1229 τοῦ
2701 1173 2872 1244 Ἑνὼχ
2901 1174 2936 1245 ἠ
2987 1174 3370 1243 εὐαρέστησις,
3426 1174 3522 1227 καὶ
3561 1172 3704 1243 πρὸς
3772 1172 3867 1224 τιν

2276 1269 2472 1323 ἄσυλον
2495 1267 2611 1337 βίον
2668 1268 2999 1337 μετάστασις
3029 1282 3043 1297 '
3078 1268 3146 1320 σὺ
3189 1265 3286 1319 τοῦ
3339 1264 3458 1319 Νῶε
3502 1266 3537 1334 ή
3596 1264 3863 1331 κιϐωτὸς,

2278 1361 2372 1415 καὶ¹
2402 1362 2502 1431 τῆς
2522 1359 2782 1430 δευτέρας
2803 1358 3227 1428 παλιγγενεσίας
3255 1359 3289 1427 ἡ
3326 1356 3463 1427 πρὸς
3487 1356 3620 1409 Θεὸν
3642 1356 3865 1409 οἰκείω-

2280 1469 2363 1513 σις
2388 1468 2401 1481 ·
2436 1452 2501 1505 σὺ
2530 1450 2623 1504 τοῦ
2650 1450 2984 1522 Μελχισεδὲκ
3008 1450 3106 1521 τῆς
3123 1449 3401 1519 βασιλείας
3450 1450 3545 1503 καὶ
3584 1448 3867 1518 ίερατείας

2276 1544 2555 1614 ἀγλάϊσμα
2584 1542 2888 1613 πάμφωτον
2914 1559 2929 1571 ·
2959 1543 3025 1595 σὺ
3055 1540 3155 1595 τοῦ
3193 1542 3451 1611 Ἀϐραὰμ
3499 1542 3533 1611 ἡ
3563 1540 3861 1602 πίστωσις,

2278 1638 2376 1691 καὶ
2411 1638 2509 1710 τῆς
2534 1635 2868 1705 ἐπαγγελίας
2892 1636 2989 1689 καὶ
3014 1636 3361 1704 τεκνογονίας
3408 1634 3653 1706 ὑπήκοος
3702 1632 3867 1685 πειθ-

2276 1730 2508 1801 άρχησις
2540 1745 2557 1760 ⁸
2593 1730 2657 1784 σὺ
2702 1728 2798 1783 τοῦ
2848 1728 3036 1783 Ἰσαὰκ
3076 1729 3239 1799 καινή
3290 1727 3476 1791 θυσία,
3524 1728 3621 1780 καὶ
3669 1727 3734 1779 τὸ
3772 1726 3865 1778 λο-

2277 1822 2431 1891 γικὸν
2463 1821 2863 1892 ὁλοκαύτωμασ
2895 1821 2960 1874 σὺ
2986 1819 3083 1874 τοῦ
3125 1818 3321 1875 Ἰακὼὸ
3360 1819 3463 1888 τῆς
3510 1820 3569 1871 ἐν
3626 1818 3866 1888 κλίμακι

2275 1913 2464 1968 ἀνόδου
2529 1913 2702 1976 αἰτία,
2753 1915 2855 1983 τῆς
2918 1911 3298 1980 δωδεκαφύλου
3340 1910 3693 1979 τεκνογονίας
3768 1911 3865 1963 ἐκ-

2277 2007 2602 2077 σφράγισμα
2641 2008 2924 2077 μέγιστον·
2952 2006 3016 2059 σὺ
3054 2004 3149 2057 τοῦ
3190 2003 3361 2058 Ἰούδα
3388 2006 3637 2073 πέφηνας
3661 2006 3698 2073 ή
3721 2003 3863 2056 κατὰ

2274 2095 2432 2163 γένος
2455 2094 2701 2166 θυγάτηρ
2728 2110 2742 2124 ο
2779 2096 2844 2148 σὺ
2879 2092 2973 2146 τοῦ
3045 2093 3245 2164 Ἰωσήφ
3277 2096 3310 2165 ἡ
3378 2093 3731 2163 σωφροσύνη,
3766 2095 3863 2146 καὶ

2281 2190 2382 2256 τῆς
2427 2189 2668 2252 παλαιᾶς
2699 2185 3026 2255 Αἰγυπτίας,
3071 2186 3239 2257 ήγουν
3273 2186 3373 2254 τῆς
3410 2184 3688 2238 Ἰουδαίων
3729 2184 3865 2237 Συν-

2276 2280 2519 2350 αγωγῆς,
2541 2279 2879 2350 καθαίρεσις,
2909 2278 3145 2350 ἄχραντε
3172 2296 3187 2311 ·
3218 2278 3283 2331 σὺ
3307 2276 3401 2330 τοῦ
3443 2277 3561 2331 ’1ὼὸ
3591 2278 3625 2345 ή
3658 2277 3720 2328 ἐν
3740 2292 3860 2328 πει-

2280 2374 2509 2443 ρασμοῖς
2532 2373 2903 2443 ὑπομονητικὴ
2927 2369 3419 2439 ἁνακεφαλαίωσις,
3440 2369 3664 2423 καὶτῶν
3684 2369 3864 2436 ὑπαρ-

2277 2467 2481 2537 χόντων
2512 2464 2661 2536 αὐτῷ
2694 2464 2859 2535 διπλῆ
2889 2464 3124 2526 διάδοσις
3152 2462 3245 2516 καὶ
3276 2461 3634 2522 πλουτοποιδς
3686 2458 3863 2529 ὓπαρ-

2279 2559 2361 2626 ξις
2383 2576 2399 2593 ’
2433 2561 2497 2614 σὺ
2527 2558 2621 2613 τοῦ
2646 2556 2890 2621 Μωσέως
2940 2558 3036 2610 καὶ
3062 2555 3353 2627 νομοθέτου
3401 2554 3720 2617 θεότευκτος
3774 2552 3859 2621 βί-

2277 2655 2425 2718 ϐλος,
2466 2656 2525 2708 ὲν
2620 2652 2681 2705 τὸ
2707 2652 2808 2721 τῆς
2841 2648 3259 2719 παλιγγενεσίας
3285 2650 3588 2720 μυστήριον
3616 2648 3857 2717 ἐγράφη.

2277 2743 2372 2798 καὶ
2408 2741 2692 2805 δακτύλοις
2731 2741 2896 2804 θείοις
2928 2741 2987 2793 ἐν
3021 2738 3213 2805 πλαξὶν
3235 2736 3625 2808 ἐνομοθετήθη,
3657 2736 3737 2800 ὡς
3804 2738 3862 2788 ἐν

2279 2836 2477 2906 Σιναίῳ
2510 2833 2590 2905 τῷ
2621 2835 2759 2906 δρει,
2801 2835 2860 2885 ἐν
2910 2825 3065 2902 ᾧπερ
3103 2830 3316 2902 Ἰσραὴλ
3367 2830 3397 2883 ό
3427 2830 3737 2900 ἀρτιφανὴς
3797 2830 3860 2881 ἐκ

2277 2926 2522 2989 δουλείας
2555 2926 2869 2995 Αἰγυπτίων
2919 2923 3028 2977 τῶν
3076 2922 3285 2993 νοητῶν
3334 2921 3857 2991 ἐλευθερωθήσεται,

2278 3016 2353 3081 ὼς
2390 3020 2417 3070 ό
2447 3017 2577 3088 πρὶν
2602 3018 2659 3069 ἐν
2683 3017 2748 3086 τῇ
2773 3016 2964 3085 ἐρήμῳ
3011 3014 3156 3079 λαὸς,
3212 3013 3307 3066 τοῦ
3361 3012 3543 3083 μάννα
3589 3010 3857 3079 ἐπλήσθη,

600 3105 749 3176 virga
778 3103 1109 3174 ﬁorescens;
1162 3117 1218 3161 ιιι
1247 3105 1431 3162 Jesum
1465 3105 1809 3162 Naveﬁlium
1866 3108 1919 3161 in
1980 3108 2175 3163 mediis

2280 3110 2376 3162 καὶ
2401 3108 2495 3163 τοῦ
2536 3108 2729 3171 ὓδατος
2756 3108 2821 3160 ἐκ
2852 3107 3058 3178 πέτρας
3090 3106 3401 3176 ἀκροτόμου
3431 3121 3445 3135 ·
3492 3104 3549 3159 Ἠ
3584 3103 3653 3156 δὲ
3677 3104 3861 3169 πέτρα

598 3198 923 3255 adversariis
949 3199 1246 3270 gloriosum
1286 3200 1565 3256 reddidisti
1593 3218 1608 3267 ;
1642 3210 1695 3256 tu
1727 3216 1787 3257 es
1828 3199 2049 3255 Davidis
2102 3200 2167 3255 ﬁ—

602 3291 693 3353 lia,
728 3290 950 3359 ﬁmbriis
1004 3293 1181 3346 aureis
1207 3292 1617 3355 circumvestita,
1654 3292 1801 3346 vario
1849 3302 2045 3345 ornatu
2096 3292 2176 3344 ni-

600 3393 797 3437 tescens
828 3384 896 3451 '°,
927 3396 982 3436 tu
1005 3383 1170 3438 lectus
1213 3384 1511 3439 Salomonis
1534 3402 1599 3439 ex
1627 3400 1763 3439 auro
1794 3384 1994 3448 factus,
2022 3402 2174 3455 quem

599 3476 875 3544 sexaginta
916 3474 1017 3526 uiri
1048 3475 1326 3544 fortissimi
1360 3476 1692 3529 circumdant
1724 3476 1792 3541 ",
1825 3477 2062 3532 musicas
2085 3493 2177 3531 vo-

601 3581 692 3620 ces
721 3565 1033 3619 divinarum
1067 3566 1476 3635 Scripturarum
1504 3566 1557 3620 in
1619 3568 1727 3621 Deo
1777 3569 1905 3622 tuba
1971 3584 2177 3623 canen-

600 3667 718 3723 tes;
754 3658 1005 3714 ascensio
1034 3674 1094 3713 es
1119 3659 1509 3728 assumptionis
1556 3657 1708 3723 Elius,
1739 3670 1793 3715 et
1826 3661 2177 3732 intelligibilis

597 3750 863 3805 .lezabelis
896 3751 1144 3806 exitium.
1176 3749 1258 3806 'l‘u
1290 3752 1468 3807 Elisaai
1494 3753 1728 3823 duplicis
1767 3754 1917 3825 pallii
1957 3757 2177 3811 benedi-

599 3843 731 3908 ctio,
786 3859 896 3914 qua
925 3843 1016 3897 ille
1049 3843 1236 3899 divisit
1264 3844 1465 3901 ﬂuenta
1487 3844 1744 3904 Iordanis
1770 3857 1824 3903 et
1854 3849 2019 3905 siccis
2077 3866 2172 3920 pe-

597 3933 759 3989 dibus
789 3935 1027 3997 transiit,
1061 3945 1113 3991 et
1144 3952 1342 4008 aquam
1389 3940 1503 3993 sale
1530 3941 1856 3995 medicatam
1885 3942 1952 3995 ad
1983 3943 2173 3997 biben-

595 4026 726 4080 dum
753 4037 934 4098 aptam
965 4029 1231 4096 reddidit;
1258 4039 1315 4084 tu
1345 4028 1498 4085 Iona:
1523 4033 1576 4085 in
1630 4034 1732 4088 ceti
1786 4042 1977 4089 ventre
2015 4036 2168 4092 inco-

596 4116 839 4186 lumitas,
865 4128 921 4174 et
939 4119 1244 4176 Nivitarum
1266 4121 1331 4177 ad
1363 4123 1591 4178 meliora
1626 4125 1855 4180 consilia
1883 4129 2168 4184 conversio

595 4225 659 4263 ac
684 4210 914 4281 benigna
943 4212 1121 4268 venia.

2280 3200 2360 3273 ἦν
2390 3205 2421 3257 d
2456 3198 2733 3269 Χριστὸς,
2773 3200 2801 3251 ὁ
2833 3198 3041 3270 μέλλων
3070 3200 3134 3251 ἐκ
3165 3198 3264 3267 τῆς
3292 3196 3501 3260 κοιλίας
3526 3214 3623 3249 σου
3658 3196 3857 3265 προέρ-

2280 3294 2495 3365 χεσθαι,
2521 3293 2599 3358 ὠς
2627 3292 2696 3344 ἐκ
2735 3290 2976 3344 παστοῦ
3006 3290 3265 3359 νυμφίος
3295 3305 3311 3320 ο
3354 3289 3421 3341 σὺ
3482 3288 3581 3342 τοῦ
3653 3287 3859 3357 ’Δαρὼν

2284 3389 2318 3458 ἡ
2369 3386 2618 3459 ράϐδοςή
2648 3383 2998 3455 βλαστήσασα
3031 3401 3045 3413 ·
3084 3384 3149 3435 σὺ
3184 3383 3274 3434 τὸν
3304 3381 3398 3434 τοῦ
3442 3381 3603 3453 Ναυῆ
3652 3380 3861 3452 Ἰησοῦν

2282 3482 2338 3533 ἐν
2371 3479 2521 3549 μέσῳ
2548 3478 2655 3530 τῶν
2688 3475 3021 3530 ὑπεναντίων
3053 3474 3309 3541 ἐδόξασας
3333 3491 3347 3505 ·
3382 3478 3446 3530 συ
3472 3471 3524 3529 εἷ
3569 3475 3671 3528 τοῦ
3698 3474 3860 3529 Δαυῖδ

2280 3570 2605 3645 ήθυγάτηρ,
2642 3571 2680 3638 ἡ
2711 3568 3082 3637 κροσσωτοῖς
3124 3566 3377 3637 χρυσοῖς
3436 3566 3860 3635 περιϐεϐλημέ-

2276 3684 2374 3734 νη.
2410 3663 2847 3730 πεποικιλμένη
2882 3678 2897 3690 ο
2928 3663 2992 3714 σὺ
3023 3661 3129 3716 τοῦ
3169 3661 3559 3731 Σολομῶντος
3617 3663 3658 3729 ὴ
3683 3661 3855 3725 κλίνη

2274 3760 2308 3829 ή
2369 3758 2785 3827 χρυσότευκτος,
2830 3752 3022 3821 ἤνπερ
3083 3751 3331 3807 δυνατοὶ
3374 3752 3680 3821 ἐξήκοντα
3749 3768 3853 3804 κυ-

2274 3849 2519 3910 κλοῦσι,
2560 3846 2669 3899 τῶν
2695 3844 3034 3899 θεοτεύκτων
3080 3846 3314 3915 Γραφῶν
3336 3846 3436 3910 τάς
3467 3847 3527 3899 ὲν
3564 3844 3691 3915 Θεῷ
3720 3862 3854 3914 μου-

2273 3938 2431 4002 σικὰς
2460 3937 2643 4007 φωνὰς
2684 3937 3039 4003 σαλπίζοντες
3072 3952 3086 3968 ·
3118 3939 3183 3992 σὺ
3212 3941 3311 4010 τῆς
3340 3938 3521 3991 Ἠλίου
3541 3938 3858 4009 ἀναλήψεως

2278 4033 2485 4097 ἄνοδος,
2516 4033 2610 4085 καὶ
2630 4032 2727 4100 τῆς
2742 4034 2937 4102 νοητῆς
2966 4029 3202 4095 Ἰεζαὸὲλ
3220 4030 3540 4103 καθαίρεσις
3568 4032 3820 4099 πέφηνας
3840 4046 3855 4060 ·

2282 4124 2344 4177 σὺ
2375 4120 2470 4174 τοῦ
2513 4121 2822 4175 Ἐλισσαίου
2850 4122 2949 4192 τῆς
2977 4120 3173 4191 διπλῆς
3232 4120 3490 4191 μηλωτῆς
3530 4123 3565 4190 ἡ
3614 4120 3854 4188 εὐλογία.

2278 4213 2408 4293 ᾖτὰ
2451 4215 2742 4287 Ἰορδάνεια
2774 4215 2966 4285 ῥεῖθρα
2996 4214 3179 4284 τεμὼν
3228 4213 3379 4284 διέδη
3428 4212 3852 4285 ᾲκατακλύστως

595 4304 691 4357 καὶ
727 4302 789 4357 τὸ
861 4303 1005 4376 ὕδωρ
1035 4305 1194 4361 ἅλατι
1259 4306 1627 4378 θεραπεύσας,
1681 4308 1911 4379 πότιμον
1968 4311 2207 4378 ἀνέδειξε
2230 4329 2243 4344 ·
2288 4311 2352 4363 σὺ
2384 4307 2482 4363 τοῦ
2524 4308 2677 4361 Ἰωνᾶ
2706 4309 2739 4378 ἡ
2778 4306 2934 4378 ἐντῷ
2972 4309 3126 4378 κήτει
3153 4306 3431 4375 ὁιάσωσις,
3467 4307 3565 4361 καὶ
3595 4307 3708 4362 τῶν
3764 4305 3853 4361 Νι-

594 4401 820 4455 νευῖτῶν
855 4402 1200 4473 μετανόησις,
1228 4404 1324 4457 καὶ
1355 4404 1700 4476 συγχώρησις
1738 4405 1987 4475 ἄφθονος.

664 4491 745 4546 Tu
785 4509 846 4547 es
875 4494 1262 4564 prephetarum
1291 4501 1600 4566 speculum,
1631 4510 1684 4553 et
1738 4514 1920 4555 rerum
1952 4502 2176 4572 abipsis
2210 4509 2253 4565 D

600 4585 1090 4654 prtenuntiatarum
1125 4589 1324 4643 exitus.
1375 4591 1450 4644 Te
1476 4591 1619 4644 enim
1678 4590 1927 4648 Ezechiel
1986 4597 2176 4651 vatici—

599 4692 737 4731 nans
783 4676 1075 4746 appellavit
1116 4691 1329 4748 portam
1382 4682 1649 4743 clausam,
1690 4698 1785 4752 per
1811 4700 1977 4754 quam
2012 4702 2176 4742 nemo

595 4768 883 4823 hominum
914 4785 1151 4839 unquam
1187 4772 1442 4828 transibit
1463 4773 1569 4828 nisi
1602 4772 1870 4832 Dominus
1914 4776 2057 4834 Deus
2085 4795 2175 4834 so-

595 4863 702 4926 lus,
736 4871 790 4917 et
814 4870 1027 4931 portam
1082 4864 1325 4919 clausam
1381 4868 1732 4922 conservabit
1761 4869 1845 4933 ²¹;
1903 4878 1955 4924 te
2006 4870 2175 4927 Isaias

596 4954 687 5009 ille
712 4954 765 5007 in
801 4954 995 5025 primis
1041 4956 1437 5028 grandiloquus
1469 4959 1800 5027 praznuntiat
1832 4961 2040 5027 virgam
2062 4959 2173 5017 Jes-

594 5062 674 5112 se,
708 5061 774 5101 ex
800 5062 908 5117 qua
946 5046 1049 5103 llos
1079 5047 1336 5106 Christus
1361 5051 1589 5118 orietur,
1640 5061 1695 5107 et
1758 5051 2026 5108 fructibus
2088 5054 2171 5108 vi-

596 5140 799 5191 tiorum
838 5137 1155 5207 exstirpatis
1192 5139 1454 5197 radicitus
1493 5142 1705 5211 plantas
1737 5142 1937 5199 divina:
1988 5145 2175 5215 cogni-

595 5228 763 5283 tionis
800 5228 1011 5300 inagro
1047 5230 1249 5285 inseret
1292 5231 1381 5298 ";
1418 5242 1468 5286 te
1488 5231 1754 5288 Jeremias
1785 5245 2169 5305 praemonstra-

591 5320 672 5373 vit
692 5319 951 5389 inquiens
980 5338 993 5372 :
1032 5320 1163 5375 Ecce
1208 5322 1320 5375 dies
1356 5325 1581 5387 venient,
1615 5325 1747 5378 dicit
1781 5324 2064 5391 Dominus,
2119 5337 2171 5381 et

2355 4499 2427 4553 Σὺ
2460 4494 2512 4552 εἷ
2560 4497 2668 4550 τῶν
2699 4497 2997 4568 προφητῶν
3024 4500 3056 4569 ή
3084 4498 3335 4568 διόπτρα,
3372 4496 3466 4551 καὶ⁸
3495 4495 3609 4549 τῶν
3679 4495 3849 4565 ῥημά-

2273 4609 2381 4645 των
2447 4590 2626 4644 αὐτῶν
2665 4591 2699 4661 ή
2739 4590 3096 4661 ἐμπλήρωσις
3126 4608 3140 4621 ο
3175 4590 3235 4644 σέ
3263 4590 3373 4661 γὰρ
3416 4587 3684 4658 Ἰεζεκιήλ
3730 4603 3851 4657 προ-

2273 4684 2538 4754 ηγόρευσε
2567 4683 2742 4752 πύλην
2771 4685 3187 4758 κεκλεισμένην,
3208 4688 3265 4739 ἐν
3348 4685 3523 4749 οὐδεὶς
3553 4683 3853 4753 ἄνθριίιπων

2272 4774 2532 4830 διοδεύσει
2572 4777 2725 4843 ποτέ,
2752 4779 2801 4830 εἰ
2832 4776 2909 4847 μὴ
2965 4778 3169 4851 Κύριος
3194 4780 3222 4832 ὁ
3256 4779 3389 4843 Θεὸς
3418 4779 3601 4850 μόνος,
3640 4781 3735 4834 καὶ
3763 4780 3852 4846 τὴν

2275 4867 2449 4938 πύλην
2489 4868 2885 4939 κεκλεισμένην
2938 4870 3255 4940 διαφυλάξει
3288 4887 3304 4901 θ
3345 4871 3405 4924 σέ
3448 4872 3680 4936 Ἡσαΐας
3708 4875 3737 4925 ό
3765 4890 3853 4941 με·-

2280 4961 2720 5029 γαλοφωνότατος
2763 4962 2958 5034 ράὅδον
3010 4962 3105 5016 τοῦ
3149 4964 3347 5017 Ἰεσσαὶ
3404 4965 3743 5037 προγράφει,
3797 4963 3853 5029 ἐξ

2278 5048 2347 5125 ἧς
2377 5054 2439 5107 τὸ
2475 5054 2637 5119 ἄνθος
2666 5056 2902 5127 Χριστὸς
2930 5056 3228 5121 ἐλεύσεται,
3266 5058 3453 5111 καὶτὰ
3479 5059 3627 5127 φυτά
3645 5060 3743 5129 τῆς
3760 5075 3855 5111 καο

2273 5146 2398 5210 κίας
2429 5147 2727 5219 πρόρριζον
2758 5148 3029 5218 ἐκτεμὼν,
3080 5150 3183 5219 τῆς
3233 5150 3565 5219 θεογνωσίας
3598 5152 3856 5221 φυτεύσει

2270 5240 2371 5311 τὴν
2404 5242 2642 5312 ἄρουραν
2669 5256 2682 5269 ·
2702 5240 2763 5294 σὲ
2798 5240 3063 5312 Ἱερεμίας
3083 5242 3427 5313 προεκήρυξε
3453 5243 3629 5310 λέγων
3658 5259 3674 5272 θ
3704 5242 3858 5296 Ἰδοὺ

2268 5331 2477 5401 ἡμέραι
2507 5332 2801 5402 ἔρχονται,
2819 5333 2983 5404 λέγει
3001 5337 3241 5403 Κύριος,
3274 5336 3372 5389 καὶ
3402 5335 3763 5406 διαθήσομαι
3782 5335 3859 5400 τῷ

594 5412 786 5478 furiam
837 5412 1018 5465 domui
1044 5410 1215 5466 Israel
1242 5423 1291 5467 et
1325 5415 1506 5468 domui
1531 5415 1689 5470 Judce
1752 5417 1920 5486 {tedas
1977 5436 2168 5473 novum

2276 5425 2413 5491 οἴκῳ
2444 5424 2707 5493 Ἰσραὴλ
2741 5428 2838 5480 καὶ
2870 5426 2951 5493 τῷ
2984 5428 3129 5493 οτκῳ
3173 5428 3360 5483 Ἰούδα
3381 5428 3683 5495 διαθήκην
3734 5447 3859 5482 και·

593 5504 733 5572 ᾳιιοά
766 5506 1017 5559 constitui
1044 5521 1162 5559 cum
1219 5507 1458 5576 patribus
1492 5524 1674 5562 eorum
1701 5510 1787 5577 “;
1820 5511 1895 5566 ita
1957 5512 2168 5583 signiﬁ-

2264 5515 2404 5585 νῆνν
2420 5515 2789 5589 ἥνδιεθέμην
2807 5520 2932 5587 τοῖς
2945 5519 3451 5589 πατράσιναὺτῶν
3468 5541 3479 5553 ·
3499 5522 3594 5592 τῆς
3608 5520 3703 5574 τοῦ
3730 5519 3857 5573 Υἰοῦ

666 5671 710 5766 ξ’
730 5671 1164 5766 ξξρξιξςρςηοειγι
1194 5679 1245 5733 4.
1327 5679 1369 5709 ¹⁶
1398 5678 1531 5735 Gen.
1569 5682 1824 5766 tf,_‘25,‘et
1856 5683 2197 5766 Eccli..xt.tv,
2414 5692 2457 5722 "
2491 5690 2657 5766 Uncis
2683 5691 2890 5766 inclusa
2914 5702 3045 5748 sunt
3067 5694 3250 5760 verba,
3278 5712 3400 5766 quae
3432 5696 3633 5751 seriem
3663 5696 3860 5749 oralio-

594 5743 986 5819 nis__vid_cntur
1062 5747 1478 5819 interrumpere.

1574 5751 1666 5805 ιιι
1733 5754 1858 5826 Cor.
1915 5770 1968 5815 χ,
2023 5754 2076 5809 4.
2157 5758 2198 5788 ¹⁹
2235 5757 2378 5813 Psal.’
2418 5778 2570 5826 mu,
2612 5763 2665 5817 6.

2752 5764 2797 5794 '°
2833 5764 2979 5820 Psal.
3024 5781 3170 5832 των,
3215 5764 3307 5823 li.
3395 5767 3437 5798 ¹¹
3470 5768 3629 5823 Cant.
3657 5782 3739 5829 nt.
3804 5768 3855 5820 7.

595 5816 638 5847 "
673 5812 867 5871 Ezech.
913 5832 1058 5884 λων,
1095 5818 1206 5877 1-3.
1287 5812 1464 5875 “'lra.
1502 5838 1572 5889 ιι,
1616 5826 1660 5879 l.
1740 5824 1781 5856 ³³
1812 5812 2010 5880 Jcrem.
2051 5841 2175 5884 sccu

2276 5872 2277 5880 χ
2337 5828 2500 5899 LXX,
2542 5812 2660 5903 cap.
2693 5850 2842 5903 xuii,
2897 5835 2987 5902 51,
3025 5836 3113 5890 52.
