3994 6516
162 286 316 356 1493
1092 295 1171 359 ΙΝ
1209 300 1313 360 SS.
1353 298 1704 361 ῸΕΙΡΑΒιίΕ
1744 300 1773 358 I

1882 299 2337 361 ESENTATION
2346 301 2474 359 ΕΜ.
3287 291 3427 359 1494

152 426 264 462 σου
298 409 608 480 γεννήσεως
647 411 745 480 τὴν
784 412 1089 484 παρουσίαν
1115 416 1414 487 σημαίνων,
1446 417 1541 471 καὶ
1568 416 1659 470 τὸν
1690 414 1748 479 ἐξ

1882 432 1981 472 aus
2020 418 2312 473 adventum
2370 426 2660 483 ortumque
2721 413 2840 469 Filii
2902 414 2998 479 tui,
3058 421 3111 468 et
3163 414 3422 484 pupulum

151 502 343 555 ἐθνῶν
374 502 504 555 λαὸν
541 502 721 556 καλῶν
751 506 832 567 είς
863 506 1237 578 προσκύνησιν
1272 510 1433 579 μέχρι
1490 509 1743 580 περάτων

1882 508 2094 569 ,entium
2145 523 2347 563 vocans
2385 508 2452 562 ad
2492 506 2659 561 Deum
2686 504 3025 560 adorandum
3060 503 3187 558 inde
3251 519 3426 573 usque

152 595 273 664 τῆς
302 595 410 664 γῆς
438 611 452 625 ο
491 595 549 648 σὲ
576 596 669 648 καὶ
715 596 746 648 ὁ
777 593 896 650 τῶν
928 598 1255 668 ἐπιθυμιῶν
1306 601 1464 669 ἀνὴρ
1525 600 1751 669 Δανιὴλ

1882 644 1884 652 ι
1923 600 2123 655 linibus
2158 608 2314 654 terrae
2341 616 2355 665 ;
2386 608 2438 653 te
2472 599 2634 653 etiam
2671 596 2863 651 Daniel
2888 598 2967 649 vir
2985 595 3365 649 desideriorum
3381 596 3427 628 "

155 685 509 757 ἀνεκήρυξεν
537 687 659 757 ὅρος
694 687 857 757 μέγα,
883 690 941 755 ἐξ
966 684 1026 743 οῦ
1046 690 1282 761 Χριστὸς
1309 692 1337 743 ὀ
1359 693 1750 764 ἀκρογωνιαῖος

1882 689 2210 744 »τοοιαιιιονίι
2248 698 2482 743 montem
2513 689 2784 759 ingentem
2843 687 2909 751 ³⁸,
2948 701 2978 740 e
3029 701 3136 756 quo
3168 684 3424 740 Christus

128 778 320 847 ιλίθος
350 778 821 848 ἀποτμηθήσεται.
855 781 950 835 καὶ
974 781 1069 853 τὴν
1100 783 1284 837 εἰκόνα
1316 784 1411 837 τοῦ
1480 785 1754 856 πολυμόρ-

1882 778 1990 846 apis
2022 778 2300 849 angularis
2345 777 2718 841 abscindetur,
2751 786 2803 831 et
2845 776 3200 831 simulacrum
3239 774 3424 828 multi-

138 888 277 944 irpou
301 870 478 939 δφεως
502 870 681 923 ὀλέσει
712 872 805 925 καὶ
851 872 1177 944 ὲκλικμήσει
1209 890 1223 905 ·
1256 874 1314 927 σὲ
1366 877 1417 928 οί
1464 876 1523 929 ὲν
1582 876 1754 929 Βαϐυ-

1882 870 2049 925 ormis
2112 870 2376 940 serpentis
2425 869 2583 923 ruina
2642 879 2806 939 atque
2858 867 3024 922 exitio
3097 865 3429 935 dissipabit;

162 912 277 939 τ..-
303 912 477 939 ..γης
504 912 681 923 -..-.-.
714 912 805 925 .....
851 912 1177 944 -.......,...,....
1257 912 1314 927 υς
1367 912 1417 928 ν.
1464 912 1521 929 ς,
1582 912 1754 929 ναν..-

130 912 306 1041 Ιλῶνι
338 962 487 1030 τρεῖς
516 960 709 1023 παῖδες
750 960 921 1015 τύπον
952 961 1189 1031 ἔχοντες,
1227 963 1435 1017 καὶτοῦ
1474 965 1609 1018 Υίοῦ
1658 982 1751 1018 σου

1882 912 2049 925 ν.......
2112 912 2376 940 mrsu..-
2426 912 2583 923 ........
2642 912 2805 939 ....,....
2859 912 3021 922 ...ηυγ
3100 912 3429 935 -.-νγ---η

1882 978 1909 1018 e
1965 963 2121 1033 pueri
2177 972 2287 1019 tres
2341 961 2633 1033 Babylonis
2694 960 2865 1031 ﬁgura
2916 958 3327 1021 adumbrantes,
3376 966 3433 1010 et

1857 1049 2313 1119 exspectationem
2347 1050 2466 1104 Filii
2492 1050 2569 1104 tui
2600 1050 2784 1104 animo
2810 1049 3007 1112 intuiti,
3047 1048 3322 1103 fornacem
3348 1061 3435 1101 se-

1860 1141 2036 1210 ptenis
2064 1140 2333 1196 incendiis
2364 1150 2576 1196 auctam
2633 1140 3090 1210 perambularunt
3136 1138 3314 1202 illaesi,
3377 1147 3434 1192 et

132 1048 141 1126 ξ
164 1056 275 1121 τὴν
306 1053 605 1124 ἐπιθυμίαν
643 1053 1099 1123 κατανοήσαντες,
1133 1055 1230 1123 τὴν
1259 1055 1486 1123 κάμινον
1511 1055 1609 1126 τὴν
1658 1056 1755 1108 ἑπ-

121 1112 138 1213 ξ
162 1112 496 1207 ταπλασίως
542 1142 837 1197 κακωθεῖσαν
867 1112 1097 1213 ’διῆλθον
1121 1112 1399 1209 ἀδλαϐείς,
1434 1147 1528 1200 καὶ
1567 1112 1645 1209 ῶς
1697 1147 1756 1199 ὲν

113 1210 127 1253 ί

166 1234 409 1305 θαλάμῳ
436 1234 718 1304 χαίροντες
770 1235 931 1304 μέσον
960 1235 1209 1306 ἐχόρευον
1236 1251 1250 1267 ⁶
1309 1237 1367 1290 σὲ
1446 1237 1758 1308 Ἀδδακοὺμ

167 1325 397 1395 Θαιμάν
418 1325 539 1396 ὅρος
561 1324 835 1393 ὀνομάζει,
868 1325 927 1389 ἐξ
958 1319 1020 1380 οὗ
1056 1325 1319 1396 βασιλέως
1351 1326 1610 1399 σκῆπτρα
1629 1344 1759 1399 κραο

170 1415 353 1479 ταιῶς
378 1416 759 1479 ἀνατέταλκεν,
792 1419 849 1469 ὲν
873 1410 917 1484 ᾧ
944 1416 1280 1488 σκηνώματα
1305 1418 1577 1472 Αἰθιόπων
1596 1435 1761 1489 πτοη-

173 1508 446 1579 θήσονται
494 1509 590 1561 xui.
643 1509 839 1579 σκηναὶ
861 1509 966 1578 γῆς
1008 1510 1259 1565 Μαδιάν·
1290 1511 1349 1564 σὲ
1408 1510 1613 1575 δοξάζω
1662 1511 1760 1582 τὴν

171 1600 448 1670 ἀμίαντον
481 1601 692 1671 ἀμνάδα
725 1617 738 1631 ⁶
801 1601 859 1653 σὲ
909 1600 1064 1671 ὐμνῶ
1115 1602 1215 1672 τὴν
1263 1602 1755 1673 κεχαριτωμένηνσ

176 1692 240 1743 σὲ
273 1690 499 1760 ἁνυμνῶ
533 1690 631 1760 τὴν
658 1692 722 1744 ἐκ
755 1691 943 1743 πασῶν
974 1691 1081 1744 τῶν
1104 1692 1307 1760 γενεῶν
1353 1692 1761 1763 ἀναδειχθείσαν

170 1780 322 1835 Θεοῦ
349 1782 565 1853 νύμφην
594 1799 607 1811 ⁸
642 1783 701 1835 σὲ
726 1783 1021 1853 ἀναμέλπω
1048 1783 1147 1855 τὴν
1203 1783 1320 1836 νέον
1349 1785 1577 1855 οὐρανὸν
1626 1784 1755 1854 μέλ-
1792 1770 1831 1824 Β

172 1875 384 1929 λοῦσαν
442 1875 827 1944 ἀναδειχθῆναι
859 1891 871 1904 ·
922 1876 982 1929 σὲ
1043 1876 1303 1946 προσάγω
1354 1875 1429 1939 ὡς
1475 1875 1757 1946 κειμήλιον

174 1967 423 2037 καθαρὸν
457 1967 511 2018 ὲν
541 1965 619 2035 τῷ
660 1966 773 2036 ναῷ
804 1965 1007 2037 Κυρίου
1034 1982 1047 1997 ⁸
1082 1966 1140 2019 σὲ
1172 1965 1462 2037 μεγαλύνω
1489 1965 1585 2037 τὴν
1631 1966 1756 2019 νέαν

171 2057 486 2127 διαθήκην,
527 2058 584 2108 έν
623 2051 767 2129 ᾗπερ
799 2058 827 2108 ὀ
870 2057 1114 2120 Μεσσίας
1159 2057 1393 2128 Χριστὸς
1442 2059 1757 2127 ἐγγραφεὶς.

174 2148 253 2203 τὸ,
275 2148 377 2217 μὲν
412 2148 644 2217 γράμμα
679 2146 1023 2201 καταπαύσει
1078 2145 1173 2200 τοῦ
1204 2147 1392 2217 νόμου,
1424 2146 1525 2217 τῆς
1554 2146 1610 2200 δὲ
1661 2146 1756 2217 χά-

178 2256 349 2311 ριτος
394 2238 493 2308 τὴν
515 2239 706 2308 κλῆσιν
755 2237 1187 2309 ὲξανατελεῖξδιά
1216 2238 1311 2292 τοῦ
1340 2238 1719 2309 βαπτίσματος
1745 2255 1760 2269 ο

175 2332 283 2385 καὶ
324 2332 423 2402 τῆς
458 2332 556 2400 μὲν
613 2331 919 2403 περιτομῆς
969 2331 1067 2402 τὴν
1107 2332 1264 2385 σκιὰν
1296 2332 1565 2403 διακόψει,
1599 2332 1692 2385 τοῦ
1708 2333 1764 2386 δὲ

177 2425 503 2496 Ιινεύματος
536 2424 635 2496 τὴν
666 2425 973 2495 παρουσίαν
1006 2427 1117 2489 τοῖς
1146 2427 1203 2480 ὲν
1263 2428 1332 2496 γῇ
1389 2425 1760 2497 καταπέμψει.

259 2602 317 2656 1’.
350 2600 570 2665 Τούτοις
600 2604 713 2667 τοῖς
749 2604 914 2675 ίεροῖς
940 2604 1118 2673 λόγοις
1152 2606 1179 2658 ό
1209 2606 1493 2676 προφήτης
1522 2605 1619 2676 τὴν
1645 2606 1767 2660 Μα-

183 2695 313 2764 ρίαν
347 2696 789 2766 κατακοσμήσας,
815 2696 1147 2761 ἀναϐιϐάσας
1175 2699 1346 2769 αὐτὴν
1376 2700 1454 2764 είς
1492 2699 1553 2753 τὸ
1581 2699 1769 2755 θυσια-

180 2784 433 2853 στήριον,
467 2784 657 2856 Κυρίῳ
693 2786 769 2856 τῷ
798 2786 917 2857 Θεῷ
955 2789 1243 2859 παρέθετο.
1278 2791 1441 2843 Ὅθεν
1491 2792 1540 2844 al
1580 2793 1770 2863 γεννή-

179 2893 347 2948 τορες
381 2876 636 2948 Ἰωακεὶμ
684 2878 779 2933 καὶ
804 2882 971 2935 Ἀννα
1021 2885 1077 2936 ἐν
1118 2886 1261 2955 χαρᾷ
1307 2886 1533 2957 καρδίας
1573 2889 1638 2940 ὲκ
1676 2886 1768 2940 τοῦ

180 2968 321 3022 ναοῦ
365 2969 733 3041 ὑπέστρεψαν,
780 2972 1150 3044 θαυμάζοντες
1202 2976 1303 3045 τῆς
1356 2978 1631 3047 Παρθένου
1674 2977 1771 3050 τὴν

183 3061 408 3115 σύνεσιν
455 3064 545 3117 καὶ
582 3063 643 3117 τδ
674 3066 850 3136 πρᾶον
883 3066 975 3120 καὶ
1008 3068 1189 3138 ἤπιον.
1234 3067 1548 3140 ’Υπερϐᾶσα
1592 3071 1781 3123 τοίνυν

185 3154 335 3225 αὕτη
361 3154 429 3208 τά
470 3154 587 3209 τῶν
606 3157 815 3227 νηπίων
843 3156 1206 3227 ψελλίσματα,
1252 3158 1329 3224 τῷ
1372 3160 1771 3230 παντοκράτορι

186 3248 509 3317 καταμόνας
539 3248 818 3319 ἐλάτρευε,
844 3250 936 3302 καὶ
958 3248 1163 3321 τροφὴν
1188 3250 1479 3321 οὐρανόθεν
1509 3250 1772 3321 δεχομένη

185 3341 261 3394 δι’
293 3340 527 3411 ἀγγέλου
570 3340 667 3411 τὴν
705 3341 815 3395 τῶν
850 3342 1153 3414 ἀνθρώπων
1185 3344 1389 3414 βρῶσιν
1429 3343 1773 3411 ὲδδελύξατο,

188 3433 293 3487 καὶ
321 3433 399 3505 τῷ
426 3434 537 3505 ναῷ
562 3435 906 3506 καθεκάστην
930 3437 1385 3507 προσεδρεύουσα,
1419 3438 1481 3490 τὸ
1513 3438 1776 3507 κοσμικδν

192 3526 386 3596 σχῆμα
409 3526 483 3590 ὼς
507 3526 747 3598 ἀράχνης
772 3528 918 3581 ἱστὸν
941 3528 1219 3597 ἐλογίσατο
1238 3546 1250 3559 ·
1281 3531 1375 3584 καὶ
1403 3530 1496 3583 τοῦ
1524 3530 1775 3599 οὐρανίου

190 3616 357 3670 ὄλϐου
403 3617 756 3687 ὲπιτυχοῦσα,
788 3618 880 3672 τὸν
927 3620 1168 3688 ἐπίγειον
1200 3619 1428 3675 πλοῦτον
1465 3622 1773 3692 ἠρνήσατοο

195 3711 295 3763 καὶ
334 3709 509 3780 χαράν
537 3711 635 3781 τὴν
675 3710 784 3765 τῶν
807 3711 1055 3781 ἀγγέλων
1086 3712 1434 3782 καθεκάστην
1475 3712 1776 3783 θεωροῦσα,

192 3798 308 3852 τῶν
341 3798 435 3853 τοῦ
468 3799 581 3868 βίου
626 3799 922 3870 φροντίδων
969 3800 1217 3871 ἀνωτέρα
1261 3801 1555 3865 ἐδείκνυτο,
1597 3803 1691 3857 καὶ
1718 3803 1779 3856 τὸ

199 3889 433 3962 Πνεῦμα
452 3890 513 3944 τὸ
534 3891 688 3959 ἀγιον
712 3892 955 3956 ἀεννάως
977 3892 1181 3962 δρῶσα,
1213 3892 1320 3945 τῶν
1345 3892 1597 3962 πονηρῶν
1622 3910 1783 3946 πνευ-

201 3982 394 4054 μάτων
421 3983 519 4047 τάς
551 3984 840 4053 φάλαγγας
874 3984 1122 4055 ἀοράτως
1155 3984 1456 4056 ἀπήλαυνε.

271 4074 376 4130 IA'.
412 4075 476 4129 Τί
502 4076 611 4148 γὰρ
634 4076 900 4147 ἔπραττεν
928 4079 961 4147 ή
986 4076 1263 4147 Παρθένος
1287 4078 1366 4142 είς
1390 4077 1459 4131 τά
1488 4078 1652 4146 ’Ἅγια
1674 4078 1778 4131 τῶν

200 4167 379 4235 ἁγίων
406 4167 800 4238 περιπολοῦσα;
829 4167 1047 4239 Τροφὴν
1067 4168 1316 4237 ἀγγέλων
1340 4169 1409 4223 δι’
1430 4169 1659 4239 ἀγγέλου
1676 4172 1784 4223 είσο

201 4258 453 4328 εδέχετο¹
483 4260 576 4312 καὶ
613 4259 689 4323 ὡς
718 4258 1017 4331 περιστερά
1064 4258 1299 4330 ἀκεραία
1339 4260 1440 4331 τὴν
1486 4260 1789 4331 παρθενίαν

199 4350 471 4422 τηροῦσα,
503 4352 594 4405 τὸν
624 4352 720 4405 τοῦ
749 4351 879 4407 ναοῦ
930 4353 1025 4406 καὶ
1056 4352 1287 4423 οὐρανοῦ
1332 4354 1425 4407 καὶ
1458 4354 1564 4425 γῆς
1610 4355 1783 4425 Δημι-

1861 1232 1913 1286 in
1964 1233 2143 1287 medio
2176 1233 2298 1299 igne
2328 1232 2482 1301 quasi
2535 1234 2589 1287 in
2623 1232 2866 1287 thalamo
2915 1233 3021 1286 lasti
3073 1230 3379 1301 gestiebant
3413 1246 3428 1293 ;

1861 1334 1912 1378 te
1942 1322 2195 1378 Ilabacuc
2217 1321 2461 1377 Theman
2512 1332 2745 1379 montem
2781 1324 3013 1394 appellat
3075 1324 3143 1388 ’7,
3197 1337 3261 1376 ex
3324 1338 3432 1391 quo

1862 1414 2003 1485 regis
2032 1423 2244 1485 sceptra
2285 1422 2538 1486 potenter
2594 1425 2786 1470 exorta
2819 1424 2970 1477 sunt.
3013 1417 3067 1469 in
3102 1431 3212 1486 quo
3268 1414 3434 1484 trepi-

1862 1507 2079 1562 datione
2107 1508 2475 1577 pereelluntur
2506 1507 2855 1563 tabernacula
2873 1508 3210 1578 Ethiopum,
3243 1518 3295 1563 et
3320 1517 3435 1563 ten-

1864 1598 2002 1653 toria
2033 1606 2194 1653 terra:
2223 1597 2459 1653 Madian.
2492 1598 2569 1653 Te
2601 1599 2811 1653 honoro
2840 1614 3037 1669 agnam
3102 1598 3423 1653 immacula-

1866 1701 1997 1757 tam,
2034 1701 2085 1747 te
2108 1692 2344 1763 praedico
2367 1694 2538 1763 gratia
2570 1694 2809 1763 plenam,
2849 1702 2901 1747 te
2928 1690 3092 1747 effero
3144 1708 3173 1746 e
3228 1692 3438 1747 cunctis

1861 1784 2309 1855 generationibus
2334 1785 2678 1854 designatam
2714 1783 2808 1839 Dei
2840 1798 3126 1854 sponsam,
3168 1794 3217 1837 te
3274 1800 3436 1848 cano,

1862 1892 1983 1946 quae
2017 1891 2143 1929 mox
2177 1890 2377 1929 novum
2434 1875 2642 1929 coelum
2678 1876 3031 1946 cognosceris
3064 1894 3077 1941 ;
3112 1885 3163 1929 te
3224 1874 3438 1929 adduco

1863 1977 2120 2037 tanquam
2170 1967 2485 2021 thesaurum
2538 1967 2999 2036 pretiosissimum
3064 1966 3117 2020 in
3177 1966 3435 2035 templum

1864 2057 2118 2125 Domini;
2162 2067 2214 2112 te
2243 2058 2442 2112 extollo
2487 2057 2697 2113 Novum
2730 2057 3164 2122 Testamentum,
3218 2058 3272 2111 in
3326 2074 3437 2129 quo

1863 2150 2090 2207 Messias
2116 2152 2369 2207 Christus
2395 2152 2713 2222 inscriptus,
2749 2152 2875 2207 hinc
2930 2152 3123 2205 litterae
3178 2150 3435 2221 legalium

1864 2244 2024 2299 ﬁnem
2058 2245 2317 2315 imponet,
2359 2244 2482 2299 inde
2517 2243 2821 2299 vocationis
2854 2244 3040 2314 gratia:
3078 2241 3292 2296 initium
3354 2240 3437 2296 fa-

1864 2336 1987 2400 ciet,
2023 2350 2119 2405 per
2152 2335 2479 2405 baptismum
2508 2351 2521 2400 ;
2547 2334 2674 2388 hinc
2705 2332 2952 2386 umbram
2990 2340 3303 2401 perrumpet
3326 2330 3433 2384 cir-

1864 2430 2239 2493 cumcisionis,
2268 2429 2393 2483 inde
2442 2427 2788 2499 prmaentiam
2852 2424 3095 2496 Spiritus
3147 2423 3439 2493 terrigenis

1864 2526 2153 2579 desursum
2188 2523 2468 2594 largietur.

1937 2616 2005 2669 Χ.
2041 2617 2333 2686 Postquam
2373 2616 2636 2685 propheta
2670 2612 3033 2669 sanctissimis
3077 2611 3229 2665 hisce
3262 2609 3442 2664 laudi-

1869 2708 1969 2764 bus
1997 2708 2221 2763 Mariam
2255 2708 2571 2767 cumulavit,
2594 2722 2713 2761 eam
2741 2706 2805 2761 ad
2833 2720 3080 2761 summos
3109 2703 3297 2758 altaris
3320 2716 3445 2773 gra—

1868 2802 1971 2857 dus
2025 2802 2310 2857 deductam
2368 2800 2599 2855 Domino
2651 2799 2761 2854 Deo
2812 2798 3027 2854 obtulit.
3077 2794 3443 2862 Quamobrem

1870 2896 2143 2966 genitores
2174 2893 2491 2949 Joachimus
2523 2902 2575 2947 et
2609 2894 2766 2946 Anna
2819 2892 2943 2946 laeto
2973 2890 3157 2944 animo
3184 2902 3216 2943 θ
3248 2886 3447 2957 templo

1873 2988 2102 3059 regressi
2135 2996 2280 3051 sunt,
2317 2987 2557 3058 Virginis
2593 2984 3003 3055 intelligentiam
3039 2994 3092 3038 et
3129 2988 3449 3036 mansuetu-

1875 3083 2054 3137 dinem
2090 3090 2143 3137 et
2174 3081 2560 3151 benignitatem
2596 3081 2948 3135 admirantes.
2999 3075 3117 3147 Ipsa
3162 3088 3322 3145 porro
3366 3072 3449 3125 in-

1876 3174 2105 3229 fantium
2156 3184 2535 3244 prsetergressa
2584 3171 2901 3235 balbutiem,
2936 3165 3449 3235 colebat.0mnipo-

1879 3276 2101 3331 tentem,
2129 3274 2182 3321 et
2212 3265 2603 3319 nutrimentum
2650 3279 2680 3319 e
2712 3263 2850 3317 coelo
2880 3278 2977 3332 per
3016 3259 3266 3328 angelum
3305 3258 3452 3312 acci-

1878 3360 2031 3431 piens
2084 3358 2441 3414 arersabatur
2488 3356 2762 3427 vulgarem
2807 3355 3015 3418 cibum,
3051 3362 3105 3407 et
3154 3352 3207 3405 in
3252 3351 3454 3420 templo

1879 3452 2123 3523 quotidie
2156 3450 2372 3505 assidua
2427 3466 2512 3503 res
2550 3448 2737 3503 mundi
2785 3447 3022 3502 caducas
3068 3445 3213 3499 velut
3267 3443 3453 3497 aranei

1881 3544 2041 3598 telam
2096 3542 2401 3612 reputabat,
2457 3549 2511 3595 et
2559 3540 2681 3595 εαξιὶ
2729 3554 2859 3609 opes
2909 3546 3158 3593 assecuta
3212 3545 3459 3590 terrenas

1880 3635 2096 3690 divitias
2124 3634 2434 3703 respuebat,
2472 3642 2523 3686 et
2550 3632 2810 3702 gaudium
2848 3630 3168 3702 angelorum
3205 3627 3456 3698 quotidie

1884 3728 2292 3795 contemplans,
2359 3724 2521 3793 hujus
2593 3722 2716 3777 vita:
2791 3720 2937 3776 curis
2994 3722 3331 3790 superiorem
3399 3734 3458 3772 se

1885 3816 2245 3879 monstrabat,
2302 3825 2355 3867 et
2406 3825 2655 3867 sanctum
2724 3810 2990 3881 Spiritum
3055 3820 3313 3880 perpetuo
3372 3810 3457 3863 in-

1888 3912 2063 3967 luens,
2096 3900 2362 3955 malorum
2394 3901 2685 3970 spirituum
2719 3899 2933 3969 agmina
2974 3898 3321 3953 invisibiliter
3347 3898 3461 3953 dis-

1880 3994 2123 4065 jiciebat.

1955 4087 2046 4142 XI.
2079 4086 2220 4154 Quid
2253 4086 2397 4143 enim
2430 4084 2621 4157 agebat
2655 4084 3057 4156 Virgodegcns
3093 4084 3144 4138 in
3178 4082 3465 4140 sanctissi-

1887 4182 1991 4237 mis
2024 4180 2209 4251 templi
2234 4179 2452 4252 adytis?
2483 4180 2812 4251 Angelorum
2836 4179 3017 4236 cibum
3049 4180 3118 4235 ab
3148 4180 3339 4251 angelo
3371 4197 3464 4234 ac-

1891 4275 2146 4345 cipiebat,
2172 4282 2226 4330 et
2252 4274 2616 4329 immaculatae
2648 4274 2913 4329 columba:
2944 4273 3140 4329 similis
3170 4273 3465 4344 virginita—

1892 4378 1999 4423 tem
2051 4382 2299 4431 servans,
2342 4366 2528 4437 templi
2579 4374 2632 4420 et
2677 4366 2796 4421 coeli
2856 4376 3124 4436 terraeque
3176 4364 3356 4436 opiﬁci
3388 4365 3465 4435 (5)

200 4443 404 4513 ουργδν
437 4444 553 4514 μετ’
576 4445 932 4517 εὐχαριστίας
968 4448 1024 4500 ὲν
1054 4446 1339 4518 παρρησίᾳ
1367 4446 1596 4517 καρδίας
1628 4447 1773 4501 λιτα-

1890 4480 2013 4519 cum
2051 4463 2347 4533 gratiarum
2384 4464 2596 4518 actione
2627 4472 2679 4516 et
2706 4461 3033 4518 effusissimo
3060 4462 3231 4517 anitui
3269 4462 3464 4516 affectu

199 4532 460 4599 νεύουσα,
507 4534 732 4605 ἔλεγενο
795 4536 944 4608 ’ᾼσω
992 4554 1097 4603 σοι,
1147 4538 1525 4609 παντόκρατορ
1571 4539 1783 4610 ὓψιστε,

200 4624 292 4677 ὅτι
320 4625 541 4694 ἀφεῖλες
559 4627 652 4680 τὸν
671 4626 972 4698 ὀνειδισμὸν
995 4631 1095 4700 τῆς
1120 4628 1465 4701 προμήτορός
1491 4647 1593 4701 μου
1619 4632 1784 4697 Εὐας·

203 4718 305 4770 καὶ
338 4718 425 4772 διὰ
465 4720 565 4791 τὴν
594 4720 693 4792 σὴν
722 4721 927 4791 ἄφατον
956 4721 1360 4793 εὐσπλαγχνίαν
1399 4723 1488 4776 τὸν
1522 4727 1786 4797 μονογενῆ

207 4825 309 4862 σου
340 4810 467 4864 Υίὸν
497 4811 711 4883 μέλλεις
739 4814 1096 4886 καταπέμψαι
1118 4816 1209 4869 ἐπὶ
1238 4815 1362 4885 γῆς,
1395 4814 1535 4871 ὥστε
1557 4821 1668 4883 τοῖς
1691 4821 1787 4874 ἀνι

206 4903 456 4975 θρώποις
491 4908 1037 4979 συναναστραφῆναιο
1071 4909 1152 4962 διὸ
1176 4911 1596 4982 κατοικητήριον
1630 4914 1793 4969 αὐτοῦ

204 4997 517 5067 γενήσομαι
548 4998 793 5072 καθαρὸν
817 5003 911 5055 καὶ
942 5002 1225 5073 ἀμίαντον.

284 5089 471 5146 Ὅπου
505 5091 614 5163 γάρ
640 5093 956 5163 ήςάμαρτια
984 5094 1381 5161 ἐπλεόνασεν,
1409 5098 1798 5167 ὑπερεπερίσ-

205 5196 445 5236 σευσεν
474 5184 522 5251 ἠ.
548 5184 738 5253 χάρις.
772 5186 869 5240 Διά
902 5186 1159 5255 γυναικὸς
1198 5187 1289 5242 τὸν
1314 5188 1542 5243 θάνατον
1569 5190 1798 5259 ὲκερδή-

209 5288 421 5342 σαμεν·
456 5274 547 5327 διὰ
573 5278 830 5343 γυναικὸς
871 5278 1030 5332 πάλιν
1064 5280 1401 5333 ἀνακαινίσει
1436 5280 1503 5333 τά
1538 5279 1791 5351 σύμπαν-

209 5380 283 5417 τα
307 5378 322 5393 ⁸
354 5364 443 5421 διὰ
472 5366 567 5420 τοῦ
596 5369 773 5436 ὄφεως
813 5370 915 5441 τῆς
961 5374 1163 5443 πικρᾶς
1202 5373 1443 5442 γεύσεως
1494 5373 1791 5445 δεδέγμεθα

208 5454 313 5526 τὴν
346 5455 547 5528 βρῶσιν
573 5476 586 5491 ο
621 5461 689 5514 δι’
715 5461 880 5515 αὐτοῦ
904 5462 959 5516 δὲ
982 5464 1143 5519 πάλιν
1171 5464 1270 5535 τὴν
1303 5464 1503 5537 βρῶσιν
1532 5465 1633 5535 τῆς
1659 5464 1793 5519 ἀθα-

246 5599 292 5630 ”
331 5597 465 5659 Dan.
516 5616 570 5664 χ,
612 5601 696 5656 ll.

290 5808 373 5879 (5)
408 5809 607 5865 'l‘extus
652 5811 737 5867 hic
772 5810 1069 5866 mendosus
1099 5808 1329 5865 videtur.

1893 4557 1967 4611 ita
1999 4555 2334 4626 supplicabat
2361 4572 2374 4607 :
2413 4554 2669 4610 Laudabo
2698 4565 2767 4622 te,
2796 4556 3144 4623 omnipotens
3167 4554 3466 4620 Altissime,

1894 4649 1989 4718 qui
2038 4648 2226 4716 prima:
2278 4647 2556 4717 genitricis
2602 4662 2734 4701 mea:
2778 4645 2900 4703 Erae
2948 4647 3225 4702 abstulisti
3273 4662 3475 4717 oppro-

1892 4738 2096 4801 brium,
2125 4747 2178 4793 et
2213 4748 2433 4809 propter
2476 4739 2797 4794 inell‘abilem
2834 4740 3272 4796 misericordiam
3321 4749 3471 4795 tuam

1902 4831 2172 4886 missurus
2201 4846 2260 4887 es
2292 4831 2344 4885 in
2378 4840 2577 4886 terram
2608 4830 2802 4885 Filium
2826 4838 2979 4885 tuum
3012 4832 3378 4903 unigenitum,
3416 4840 3475 4887 ut

1897 4938 2021 4980 cum
2048 4922 2361 4979 hominibus
2382 4932 2757 4979 conversetur.
2788 4921 2970 4988 Quare
3006 4923 3269 4979 habitatio
3300 4924 3474 4994 ipsius

1900 5017 2023 5071 liam
2057 5032 2191 5087 pura
2223 5027 2277 5072 et
2307 5016 2676 5072 immaculata.

1973 5106 2039 5161 Et
2073 5123 2223 5171 sane,
2257 5107 2345 5161 ubi
2398 5107 2685 5162 abundavit
2713 5107 2986 5175 delictum,
3029 5106 3479 5178 superabundavit

1902 5199 2077 5268 gratia
2108 5198 2173 5252 ’°.
2208 5199 2311 5254 Per
2344 5200 2626 5254 mulierem
2658 5210 2886 5256 mortem
2917 5200 3110 5255 lucrati
3138 5214 3351 5263 sumus,
3388 5214 3480 5266 per

1901 5286 2181 5341 mulierem
2243 5287 2495 5343 universa
2545 5288 2660 5358 ipse
2711 5305 2904 5344 rursus
2956 5288 3281 5342 instaurabit
3327 5304 3339 5341 :
3386 5303 3481 5356 per

1900 5385 2209 5446 serpentem
2266 5378 2445 5432 cibum
2508 5378 2820 5449 accepimus
2876 5377 3048 5431 amari
3096 5376 3329 5443 saporis,
3386 5390 3481 5444 per

1902 5466 2078 5537 ipsum
2111 5484 2239 5523 vero
2282 5485 2496 5525 rursum
2544 5486 2830 5527 vescetnur
2872 5470 2996 5526 cibo
3027 5467 3475 5537 immortalitatis.

808 5605 852 5635 ’⁸
902 5600 1271 5675 ibid,_t_i_,“54,
1462 5602 1506 5675 '7'
1536 5601 1685 5675 Quod
1726 5600 1773 5675 _V

1882 5608 1997 5657 atus
2058 5603 2330 5675 interpres
2362 5603 2587 5669 (Hahae.
2644 5622 2724 5669 ut,
2768 5606 2820 5675 5)
2883 5604 3061 5669 habet,
3098 5601 3235 5656 Deus
3273 5601 3333 5655 ub
3372 5600 3479 5653 Au-

212 5678 329 5724 atro
365 5671 548 5737 veniet,
578 5670 738 5737 LXX,
776 5672 951 5727 versit)
980 5671 1209 5726 reddidit
1255 5675 1282 5723 ὀ
1311 5673 1439 5735 Θεὸς
1477 5674 1538 5725 ὲκ
1568 5672 1780 5740 Θαιμάν
1808 5672 1925 5740 ἥξει

2030 5674 2069 5703 ’⁸
2107 5672 2261 5727 tum).
2294 5692 2341 5737 ι’,
2372 5677 2459 5727 20.
