4088 6540
530 316 666 379 1495
1591 317 1650 373 S.
1690 316 1998 376 TARASJI
2042 317 2099 376 Pi

2203 316 2545 378 RIARClIAS
2602 318 2711 376 (ΣΡ.
3644 305 3795 367 14ῗὸ

524 426 709 478 Prima
744 440 938 493 pavens
969 424 1079 479 Eva
1116 424 1348 478 (Zainum
1394 426 1445 478 in
1481 426 1654 479 lucem
1691 429 1859 483 edidit
1887 429 2099 484 invidiae

2205 433 2394 494 νασίας
2424 427 2910 502 χορτασθησόμεθα
2932 444 2947 457 ο
2981 428 3014 496 ὴ
3045 425 3351 495 προμήτωρ
3386 421 3492 473 es;
3524 422 3666 474 Κάῖν
3692 424 3797 473 τέ·-

522 525 581 572 et
606 516 859 587 nequitiae
885 516 1225 586 principem;
1259 516 1573 585 unigenitus
1613 517 1784 573 Filius
1828 529 1955 574 tuus
1992 522 2099 574 erit

2203 544 2348 591 τοκε,
2384 528 2580 597 φθόνου
2614 525 2709 578 καὶ
2738 520 2935 581 κακίας
2958 518 3201 589 ἀρχηγόν
3222 534 3234 548 ·
3274 517 3305 568 ὁ
3352 515 3653 585 μονογενής
3686 531 3796 566 σου

527 610 921 680 primogenitus
966 609 1090 663 vitae
1137 624 1200 663 ac
1235 610 1674 663 resurrectionis.
1718 611 1763 664 0
1796 611 2098 666 inauditum

528 701 867 771 prodigium!
901 715 934 754 ο
960 699 1335 753 admirandam
1365 699 1693 753 novitatem!
1720 715 1753 755 o
1776 701 2096 771 sapientiam

527 792 695 847 nullis
723 791 905 846 verbis
932 790 1357 861 coaequandam!

600 881 715 937 XII.
747 880 868 947 Quo
913 882 1077 950 igitur
1124 882 1344 936 nomine
1400 880 1625 936 Mariam
1670 883 2100 953 appellabimus?

526 974 669 1029 Num
702 975 899 1030 coelum
920 974 943 1027 ?
966 983 1021 1029 et
1044 990 1177 1030 sane
1204 975 1331 1029 coeli
1365 983 1630 1045 terraeque
1663 976 1969 1031 effectorem
1996 992 2097 1032 suo

528 1074 685 1122 utero
733 1067 1022 1122 conclusit.
1056 1066 1138 1121 An
1170 1066 1387 1121 solem?
1420 1069 1536 1136 ipsa
1571 1066 1716 1121 enim
1755 1068 1954 1136 septies
1980 1068 2096 1124 solc

528 1156 867 1228 splendidior
888 1159 1120 1224 enitens,
1147 1157 1374 1227 justitiae
1397 1156 1577 1212 Solem
1608 1160 1874 1229 concepit.
1904 1162 1987 1212 An
2013 1161 2097 1213 lu-

528 1249 694 1302 nam?
721 1248 920 1302 etenim
956 1247 1365 1317 incomparabili
1402 1248 1806 1316 pulchritudine
1829 1249 2094 1317 emicans,

526 1338 807 1395 Christum
855 1340 1003 1395 omni
1036 1338 1441 1408 pulchritudine
1469 1340 1728 1394 decorum
1763 1341 1986 1409 peperit.
2012 1340 2094 1394 An

530 1431 727 1485 nubem
750 1431 773 1483 Ἰ
795 1430 993 1485 etenim
1019 1445 1166 1493 eum,
1190 1430 1286 1500 qui
1318 1432 1559 1485 nubibus
1589 1431 1838 1495 vestitur,
1864 1432 1980 1487 suis
2013 1432 2098 1486 ul-

527 1519 616 1574 nis
661 1519 909 1590 gestavit.
945 1519 1026 1572 An
1062 1519 1485 1574 candelabrum?
1518 1520 1715 1574 etenim
1759 1520 1812 1574 in
1859 1522 2098 1577 tenebris

525 1615 581 1663 et
608 1610 799 1663 umbra
848 1607 1041 1662 mortis
1069 1607 1385 1663 sedentibus
1417 1608 1509 1661 lux
1538 1606 1774 1662 refulsit.
1822 1608 1904 1661 An
1945 1609 2097 1663 thro-

529 1700 697 1754 num?
724 1700 923 1754 etenim
960 1714 1084 1753 eum
1114 1698 1207 1768 qui
1247 1699 1301 1752 in
1327 1707 1550 1767 paterno
1576 1699 1773 1753 throno
1804 1699 2096 1755 invisibilis

2201 621 2348 685 Υἱὸς,
2378 621 2523 691 ζωῆς
2565 618 2661 671 καὶ
2695 615 3045 676 ἀναστάσεως
3080 612 3369 681 γενήσεται
3408 608 3793 680 πρωτότοκος.

2202 710 2266 762 Ὠ
2305 707 2402 762 τοῦ
2446 707 2748 780 παραδόξου
2780 703 3091 775 θαύματοςὶ
3128 700 3173 754 ὣ
3217 704 3319 772 τῆς
3346 700 3541 771 καινῆς
3571 700 3795 768 ἐκπλή-

2188 799 2335 864 ’ξεως
2362 800 2374 851 !
2404 798 2450 851 ὣ
2477 802 2577 868 τῆς
2600 796 2882 866 ἀφράστου
2912 793 3136 862 σοφίαςε

2273 892 2373 945 IB'.
2403 891 2469 944 Τί
2501 887 2595 945 οὖν
2625 889 2930 958 καλέσομεν
2955 887 3053 957 τὴν
3081 886 3339 955 Μαρίαν;
3369 885 3639 956 ούρανόνς
3687 886 3792 939 καὶ

2199 983 2308 1053 γάρ
2335 983 2427 1036 τὸν
2459 982 2691 1054 ούρανοῦ
2727 982 2821 1034 καὶ
2849 981 2952 1049 γῆς
2979 977 3211 1048 ποιητὴν
3254 979 3312 1031 ὲν
3354 979 3539 1048 μήτρα
3569 978 3792 1048 eram-

2202 1091 2292 1128 σεν
2313 1089 2326 1104 '
2357 1072 2543 1143 ἥλιονς
2571 1070 2710 1139 αὔτη
2735 1070 2843 1141 γάρ
2866 1067 2963 1121 τοῦ
2989 1067 3140 1139 ἡλίου
3165 1067 3554 1131 ὲπταπλασίως
3582 1085 3789 1135 φωτει-

2199 1166 2393 1235 νοτέρα
2422 1164 2761 1234 ὑπάρχουσα,
2783 1162 2875 1215 τὸν
2900 1160 3054 1232 ἣλιον
3076 1159 3178 1229 τῆς
3208 1158 3553 1228 δικαιοσύνης
3585 1158 3787 1211 ὑπεδὲο
3898 1188 3918 1203 .

2199 1260 2361 1325 ξατο·
2411 1258 2678 1328 σελήνην;
2739 1254 2876 1325 α’ύτη
2934 1253 3043 1324 γὰρ
3084 1254 3145 1307 τὸ
3193 1253 3387 1317 κάλλος
3443 1254 3787 1324 ἀσύγκριτον

2199 1349 2418 1420 ἔχουσα,
2448 1348 2538 1403 τὸν
2559 1348 2759 1418 ὡραῖον
2794 1346 2980 1400 κάλλει
3012 1347 3248 1416 Χριστὸν
3274 1346 3558 1415 ἀπεκύησε
3580 1363 3594 1375 ·
3622 1344 3788 1413 νεφέο

2198 1443 2298 1513 λην
2323 1459 2338 1508 ;
2374 1442 2469 1495 καὶ
2499 1441 2608 1511 γάρ
2637 1440 2727 1493 τὸν
2751 1439 2847 1493 ἐπὶ
2876 1437 3114 1507 νεφελῶν
3138 1436 3503 1507 ὲποχούμενον
3530 1438 3655 1498 ταῖς
3676 1436 3783 1501 ἀγ-

2199 1535 2393 1597 κάλαις
2424 1532 2691 1585 ἐϐάστασε
2713 1546 2727 1561 ·
2758 1530 3014 1600 λυχνίαν;
3057 1530 3150 1582 καὶ
3182 1528 3291 1598 γάρ
3326 1528 3385 1580 τὸ
3427 1528 3546 1596 φῶς
3573 1531 3689 1591 τοῖς
3721 1531 3785 1581 ὲν

2202 1627 2384 1680 σκότει
2432 1625 2530 1679 καὶ
2585 1624 2714 1695 σκιᾷ
2769 1622 3002 1677 θανάτου
3060 1621 3397 1691 καθημένοις
3454 1621 3734 1690 ἐξέλαμψε
3762 1638 3781 1651 ο

2200 1718 2424 1789 θρόνον;
2458 1718 2551 1770 καὶ
2584 1717 2693 1787 γὰρ
2725 1715 2816 1769 τὸν
2848 1715 2906 1767 ὲν
2934 1714 3107 1785 θρόνῳ
3135 1712 3211 1784 τῷ
3247 1713 3502 1784 πατρικῷ
3528 1713 3786 1782 ἀοράτως

528 1800 738 1863 regnat,
770 1791 825 1845 in
858 1790 1061 1859 Spiritu
1087 1798 1280 1845 sancto
1304 1789 1779 1859 circumscriptum
1817 1806 1918 1846 suo
1940 1799 2097 1846 utero

2203 1776 2573 1881 βασιλεύοντα,
2596 1776 2673 1860 ’ὲν-
2692 1776 2980 1875 Πνεύματι
2997 1776 3137 1875 ἁγίῳ
3169 1776 3403 1875 γορηγδν
3438 1776 3737 1869 ὑπεδέξατο
3766 1821 3783 1835 ·

527 1883 752 1952 recepit.
780 1883 862 1936 An
895 1881 1285 1952 margaritam?
1324 1881 1527 1936 etenim
1559 1881 1732 1936 multo
1768 1882 2101 1951 pretiosissi-

527 1990 671 2031 mam
701 1975 1055 2043 margaritam
1082 1973 1406 2028 mortalibus
1435 1973 1790 2043 comparavit.
1817 1974 1902 2028 An
1935 1989 2097 2044 para-

526 2067 748 2123 disum?
774 2067 973 2121 etenim
998 2064 1166 2120 Edcm
1194 2065 1280 2127 iis,
1311 2066 1404 2135 qui
1429 2066 1671 2121 damnati
1700 2075 1875 2131 erant,
1904 2066 2100 2135 adape-

527 2160 697 2223 tiens,
734 2159 789 2213 in
828 2173 1054 2227 regnum
1079 2172 1174 2213 eos
1212 2157 1417 2212 inducit
1449 2166 1707 2227 perpetuo
1748 2158 2095 2211 duraturum.

524 2254 608 2309 Au
663 2252 942 2307 montem?
984 2252 1035 2307 ei
1088 2251 1257 2317 enim,
1291 2266 1401 2321 quo
1433 2252 1662 2320 jubente
1703 2260 1905 2305 montes
1936 2250 2099 2313 fumi-

526 2355 654 2416 gant
672 2346 718 2379 "
743 2343 1076 2401 continendo
1110 2358 1216 2399 non
1242 2342 1346 2398 fuit
1371 2351 1623 2413 angusta.
1648 2344 1726 2397 An
1758 2343 1996 2397 terram?
2021 2351 2099 2396 et-

526 2437 672 2491 enim
696 2452 845 2502 eum,
878 2435 1037 2506 cujus
1063 2444 1200 2489 nutu
1234 2441 1377 2489 terra
1402 2434 1738 2498 concutitur,
1766 2435 1886 2490 sine
1911 2432 2099 2488 dolere

529 2534 685 2584 utero
722 2527 1088 2600 gestavit...“
1124 2527 1406 2582 mensam?
1442 2512 1641 2581 etenim
1686 2541 1836 2591 eum,
1869 2526 1963 2595 qui
1999 2540 2099 2579 no-

529 2621 615 2675 bis
646 2620 955 2690 suppeditat
985 2620 1324 2684 alimentum,
1362 2617 1520 2684 lacte.
1544 2628 1789 2672 materno
1819 2618 2096 2674 enutrivit.

527 2714 610 2765 An
653 2709 845 2765 mare?
893 2723 1018 2764 eum
1066 2708 1235 2773 enim,
1260 2707 1354 2777 qui
1398 2722 1570 2776 aquas
1614 2707 1670 2760 in
1709 2722 1879 2762 unum
1919 2707 2099 2762 locum

527 2798 901 2870 congregavit,
933 2797 1049 2853 suis
1081 2796 1242 2851 labiis
1274 2796 1561 2851 osculavit.

601 2887 741 2944 Xlll.
775 2890 978 2960 Ecquis
1003 2888 1167 2959 igitur
1210 2900 1317 2941 non
1349 2886 1675 2956 percellatur
1707 2884 1969 2955 stupore?
1996 2884 2100 2939 Ec-

527 2980 655 3049 quis
680 2980 1038 3035 admiratione
1063 2977 1274 3035 deﬁxus
1300 2992 1409 3031 non
1434 2976 1711 3032 teneatur?
1733 2976 1867 3042 Quis
1885 2991 2097 3031 summa

527 3088 652 3127 cum
685 3071 987 3128 reverentia
1029 3085 1139 3125 non
1176 3069 1322 3125 colat
1352 3069 1597 3140 mysterii
1629 3067 2098 3139 magnitudinem?

528 3164 663 3219 Nam
702 3164 748 3220 si
780 3178 945 3234 Opera
980 3172 1106 3218 ante
1129 3162 1360 3232 gratiam
1406 3168 1617 3230 patrata
1646 3158 1915 3226 ejusmodi
1949 3168 2098 3223 sunt,

529 3272 651 3327 quae
682 3258 879 3312 mentis
908 3255 1019 3310 vim
1064 3264 1231 3326 atque
1264 3268 1482 3310 omnem
1518 3252 1906 3322 cogitationem
1941 3264 2100 3306 exce-

528 3349 839 3419 dant;quis
862 3348 1080 3404 tandem
1111 3347 1308 3419 poterit
1349 3347 1493 3401 edita
1521 3354 1646 3416 post
1673 3344 1907 3415 gratiam
1938 3359 2101 3398 enar-

528 3442 690 3497 rare?
721 3441 779 3495 Si
819 3440 1055 3495 illustria
1084 3450 1231 3503 sunt,
1270 3454 1392 3509 quae
1422 3439 1489 3493 ad
1529 3441 1780 3491 umbram
1829 3436 2105 3505 pertinent

528 3545 583 3589 et
602 3534 672 3588 ad
696 3534 868 3602 legem
899 3532 1261 3600 antiquatam,
1288 3540 1489 3599 quanta
1510 3529 1730 3583 demum
1754 3528 2103 3590 videbuntur,

529 3638 653 3696 qua:
673 3623 964 3677 subsecuta
988 3629 1119 3677 sunt
1153 3618 1392 3688 Spiritus
1422 3615 1917 3673 manifestationem
1942 3615 1968 3668 ?

599 3714 784 3771 Pudor
811 3725 1042 3782 occupet
1064 3711 1443 3766 hatreticorum
1473 3708 1634 3774 filios,
1663 3707 1759 3779 qui
1790 3706 1979 3762 buccis
2004 3707 2108 3761 im-

533 3804 637 3871 piis
691 3814 748 3860 ct
794 3819 1005 3859 veneno
1066 3801 1281 3857 infectis
1334 3810 1610 3857 conantur
1667 3800 1947 3873 Virginem
2009 3815 2101 3855 ca-

530 3897 813 3953 lumniari.
850 3895 1101 3953 Gloriosa
1136 3896 1283 3951 enim
1325 3894 1493 3951 Maria
1521 3894 1590 3950 ad
1622 3895 1888 3951 honorem
1914 3908 2101 3951 evecta

530 3990 824 4046 Genitrici's
877 3988 994 4054 Dei,
1055 4004 1219 4059 quem
1269 4004 1393 4044 cum
1445 3988 1743 4044 secundum
1804 3988 2100 4042 humanam

530 4082 759 4137 formam
782 4082 1123 4151 concepisset
1152 4093 1204 4135 et
1228 4088 1515 4151 gestasset,
1552 4089 1743 4149 praeter
1770 4090 1979 4134 naturae
2013 4094 2104 4133 or-

528 4169 709 4224 dinem
739 4169 904 4224 Deum
935 4170 1136 4237 pariter
1161 4176 1216 4224 et
1240 4169 1516 4223 hominem
1541 4169 1767 4237 peperit.
1803 4166 1979 4239 Hujus
2007 4185 2103 4223 ve-

529 4261 828 4317 nerandam
886 4260 1138 4332 efligiem,
1188 4272 1402 4331 propter
1445 4260 1697 4317 eumdem
1752 4262 2101 4325 honorantes,

528 4354 953 4423 amplectimur;
992 4354 1102 4408 imo
1142 4353 1288 4407 illius
1331 4367 1570 4422 quoque,
1604 4362 1790 4422 utpote
1830 4368 1952 4422 quae
1993 4352 2105 4406 Ma-

2203 1900 2579 1972 μαργαρίτην;
2602 1900 2697 1952 καὶ
2724 1898 2835 1969 γὰρ
2854 1897 2945 1950 τὸν
2969 1896 3262 1966 πολύτιμον
3286 1895 3637 1966 μαργαρίτην
3663 1897 3780 1958 τοῖς

2200 1996 2410 2066 βροτοῖς
2436 1993 2765 2065 ὲθησαύρισε
2785 2008 2799 2023 ο
2833 1991 3161 2057 παράδεισον
3184 2008 3199 2055 ;
3230 1988 3456 2056 καὶγὰρ
3482 1987 3780 2059 τὴνιἙδὲμ

2198 2086 2309 2148 τοῖς
2363 2083 2714 2153 κατακρίτοις
2751 2080 3031 2147 ἀνοίξασα,
3063 2080 3201 2151 πρὸς
3231 2078 3511 2148 βασιλείαν
3564 2079 3779 2145 εἰσάγει

2198 2176 2296 2247 τὴν
2337 2176 2425 2230 ἀεὶ¹
2456 2175 2855 2247 διαμένουσανο
2892 2174 3052 2245 6ρος;
3106 2173 3200 2226 καὶ
3245 2171 3355 2241 γάρ
3398 2171 3491 2224 τὸν
3554 2173 3623 2225 τὰ
3671 2171 3780 2239 ὄρη

2198 2268 2489 2323 ποιοῦντα
2553 2265 2941 2328 καπνίζεσθαι
2986 2264 3447 2335 ἀστενοχωρήτως
3501 2264 3777 2334 ἐχώρησεν

2200 2360 2303 2431 γῆν
2327 2378 2341 2425 ;
2373 2361 2467 2414 καί⁵
2495 2361 2603 2431 γάρ
2636 2360 2727 2413 τὸν
2752 2360 2851 2430 τὴν
2881 2358 2984 2428 γῆν
3016 2356 3277 2410 ποιοῦντα
3302 2357 3531 2427 τρέμειν
3567 2356 3777 2411 ἀνωδύ-

2199 2472 2302 2517 νως
2330 2455 2597 2507 ἐϐάστασε
2622 2469 2635 2482 ·
2668 2451 2984 2523 τράπεζανς
3014 2453 3107 2505 καὶ
3154 2452 3263 2522 γὰρ
3295 2451 3385 2503 τὸν
3427 2450 3531 2521 τὴν
3568 2450 3779 2520 τροφὴν

2201 2548 2330 2616 ἡμῖν
2360 2543 2697 2617 χορηγοῦντα
2726 2544 3128 2615 μητροπρεπῶς
3162 2543 3358 2614 ἔθρεψε
3383 2542 3619 2610 γάλακτι
3646 2559 3661 2571 ·
3691 2540 3779 2594 θά-

2199 2637 2438 2704 λασσαν;
2468 2638 2564 2693 καὶ
2584 2638 2693 2708 γάρ
2711 2635 2801 2690 τόν
2827 2634 3127 2706 συνάγοντα
3156 2636 3225 2690 τὰ
3249 2636 3420 2689 ’ύδατα
3446 2636 3527 2697 είς
3548 2632 3779 2704 ἑνότητα

2204 2731 2354 2802 μίαν,
2389 2733 2500 2795 τοῖς
2531 2730 2767 2802 χείλεσιν
2796 2730 2965 2800 αὐτῆς
2999 2729 3307 2800 ἠσπάσατο.

2272 2901 2334 2954 ll‘
2354 2938 2369 2955 .
2397 2899 2493 2963 Τίς
2519 2899 2618 2952 οὑκ
2642 2898 2887 2967 ὲκπλαγῇ
2909 2914 2923 2959 ;
2956 2896 3042 2959 τίς
3073 2896 3134 2950 ού
3160 2897 3462 2967 θαυμάσει;
3491 2897 3579 2959 τίς
3601 2898 3664 2949 οὑ
3696 2896 3777 2949 δο-

2205 2995 2355 3060 ξάσει
2382 2992 2474 3047 τοῦ
2506 2991 2803 3062 μυστηρίου
2825 2991 2886 3043 τὸ
2923 2989 3150 3060 μέγεθος
3174 3006 3188 3053 ;
3220 2992 3270 3042 εί
3307 2989 3415 3059 γάρ
3443 2990 3511 3043 τὰ
3540 2989 3649 3060 πρὸ
3678 2989 3777 3056 τῆς

2202 3089 2421 3158 χάριτος
2444 3085 2786 3154 γεγενημένα
2813 3081 3055 3144 τοιαῦτα,
3088 3082 3214 3136 νοῦν
3244 3081 3648 3152 ὑπερϐαίνοντα
3680 3082 3774 3133 καὶ

2204 3179 2458 3242 διάνοιαν,
2489 3177 2557 3229 τὰ
2589 3174 2727 3245 μετά
2749 3177 2847 3245 τῆς
2871 3174 3092 3242 χάριτος
3120 3171 3550 3243 παραδειχθέντα
3580 3172 3663 3234 τίς
3688 3172 3777 3240 ἐρ-

2209 3267 2474 3339 μηνεῦσαι
2507 3266 2762 3330 δύναται;
2792 3267 2840 3318 εἰ
2866 3266 2961 3317 καὶ
2983 3268 3082 3335 τῆς
3114 3266 3272 3327 σκιᾶς
3298 3264 3392 3316 καὶ
3415 3262 3512 3315 τοῦ
3539 3261 3779 3315 παλαιω-

2206 3362 2389 3423 θὲντος
2418 3358 2623 3425 ἔνδοξα,
2654 3358 2723 3411 τὰ
2750 3357 3044 3428 μετέπειτα
3075 3354 3168 3407 τοῦ
3200 3353 3520 3424 Πνεύματος
3550 3355 3780 3423 ἐμφανι-

2210 3449 2426 3513 σθέντος
2460 3450 2589 3501 ποῖα

2280 3715 2734 3789 Αίσχυνέσθωσαν
2755 3711 3050 3785 αίρετικῶν
3074 3710 3286 3776 παῖδες,
3309 3708 3359 3761 οἱ
3385 3705 3483 3777 τὴν
3508 3704 3783 3776 Παρθένον

2209 3810 2514 3883 βλασφήμῳ
2545 3808 2776 3879 στόματι
2805 3805 2902 3861 καὶ⁹
2944 3802 3136 3873 ίοόόλῳ
3173 3801 3530 3868 συκοφαντεῖν
3574 3799 3779 3865 ἐπιχει-

2210 3902 2458 3977 ροῦντες·
2493 3903 2528 3972 ἡ
2551 3900 2660 3971 γὰρ
2693 3897 2901 3962 ἔνδοξος
2929 3894 3139 3964 Μαρία,
3168 3892 3429 3953 Θεοτόκος
3450 3888 3782 3957 ἀναδειχθείο

2209 4011 2298 4059 σα,
2344 3993 2439 4047 καὶ
2488 3989 2767 4063 μορφώσει
2820 3986 3135 4057 ἀνθρωπίνῃ
3183 3983 3344 4036 αὐτὸν
3394 3981 3778 4049 ἀποκυήσασα,

2208 4086 2393 4139 ἔτεκεν
2426 4082 2721 4154 ὑπερφυῶς
2757 4079 2892 4133 Θεὸν
2919 4076 3053 4147 ὁμοῦ
3098 4074 3194 4128 καὶ
3225 4073 3515 4143 ἄνθρωπον
3536 4088 3549 4103 ο
3593 4069 3782 4123 τοῦτον

2207 4178 2297 4229 τὸν
2347 4176 2528 4246 τίμιον
2580 4172 2908 4246 χαρακτῆρα
2954 4165 3220 4239 σχετικῶς
3254 4163 3653 4233 ἀσπαζόμεθα·
3695 4162 3785 4213 ναὶ

2212 4266 2318 4336 μὴν
2346 4266 2439 4319 καὶ
2460 4262 2665 4333 ταύτης
2694 4263 2792 4332 τὴν
2817 4260 3117 4331 μόρφωσιν,
3141 4256 3217 4319 ὡς
3238 4253 3463 4324 Μητρὸς
3484 4251 3784 4319 γενομένης

2208 4358 2303 4411 τοῦ
2319 4355 2643 4427 σωματικῶς
2674 4354 2804 4423 ἡμῖν
2822 4351 3207 4421 ὁμιλήσαντος,
3237 4341 3679 4415 προσκυνοῦμεν,
3719 4340 3782 4391 ού

528 4454 613 4499 ter
652 4444 860 4500 exstitit
895 4445 1038 4514 ejus,
1072 4445 1166 4514 qui
1210 4444 1507 4499 secundum
1542 4458 1760 4499 carnem
1815 4445 2099 4500 nobiscum

2211 4451 2276 4520 τῇ
2300 4448 2402 4519 ὕλῃ
2430 4448 2526 4517 τὴν
2556 4444 2947 4515 προσκύνησιν,
2984 4441 3183 4507 ἄπαγε,
3226 4434 3617 4507 προσάγοντες
3652 4432 3786 4485 ἀλλά

527 4546 886 4591 conversatus
923 4545 1029 4599 est,
1077 4534 1366 4605 imaginem
1414 4535 1561 4590 cultu
1608 4536 1834 4591 relativo
1873 4552 2099 4593 venera-

528 4637 673 4689 mur,
714 4638 826 4677 non
868 4624 1086 4691 quidem
1131 4624 1375 4679 materia:
1402 4625 1810 4681 venerationem
1841 4625 1917 4695 (id
1953 4627 2101 4697 quod

529 4714 694 4785 absit)
720 4715 1064 4781 adhibentes,
1094 4715 1187 4771 sed
1215 4716 1478 4771 honorem
1509 4718 1806 4774 referentes
1831 4718 1899 4773 ad
1924 4734 2106 4775 exem-

529 4805 667 4875 plar,
701 4815 762 4861 ut
797 4805 981 4861 divina
1013 4804 1117 4861 fide
1147 4807 1512 4877 percepimus.
1544 4808 1664 4864 Non
1690 4811 1837 4864 enim
1868 4808 2101 4864 formam

525 4897 850 4963 divinitatis,
876 4907 940 4954 ut
961 4914 1058 4954 vos
1084 4900 1213 4954 caeci
1242 4908 1296 4954 et
1317 4900 1550 4971 improbi
1587 4901 1871 4965 dictitatis,
1908 4903 2105 4972 objici-

528 5006 651 5046 mus
699 4990 897 5057 oculis,
933 4990 1030 5045 sed
1070 5006 1137 5046 ex
1181 4991 1340 5047 nobis
1380 4999 1719 5061 assumptam
1763 5009 1794 5047 a
1825 4993 2109 5051 Salvatore

526 5097 769 5147 carnem,
798 5098 906 5154 qua
931 5083 1023 5138 ille
1051 5083 1336 5139 nobiscum
1366 5086 1485 5140 sine
1514 5085 1599 5141 sui
1626 5073 1924 5141 mutatione
1951 5087 2105 5153 vixit,

525 5189 591 5228 ac
617 5174 1038 5246 primogenitam
1067 5191 1099 5231 e
1127 5177 1361 5232 mortuis
1394 5178 1691 5233 redivivam
1725 5179 1919 5235 formis
1951 5180 2105 5235 ellin-

526 5275 739 5336 gentes,
767 5267 1144 5337 praedicamus.
1178 5268 1404 5339 Propter
1430 5270 1607 5340 ipsum
1639 5282 1843 5338 autem,
1872 5273 1963 5341 qui
1987 5288 2105 5325 car-

528 5370 650 5410 nem
683 5358 1004 5426 assumpsit,
1031 5358 1200 5413 etiam
1231 5359 1533 5430 genitricis,
1566 5370 1626 5416 ut
1648 5363 1872 5417 omnino
1903 5365 2098 5417 imma-

529 5452 719 5504 culata:
739 5449 837 5522 (6),
869 5450 1097 5522 efﬁgiem
1120 5465 1188 5507 eo
1209 5452 1378 5518 cultu,
1410 5469 1520 5524 quo
1542 5454 1718 5519 decet,
1740 5454 2095 5519 honoramus,

614 5648 660 5679 "
692 5645 838 5701 Psal.
873 5664 991 5715 cm,
1019 5648 1108 5703 δὲ.

2210 4542 2346 4613 πρὸς
2389 4540 2452 4593 τὸ
2482 4537 2836 4609 πρωτότυπον
2869 4534 2968 4605 τὴν
3004 4532 3168 4603 τιμὴν
3198 4529 3637 4600 ἀναπέμποντες,
3673 4524 3782 4577 θεῖ-

2210 4634 2322 4696 κῶς
2344 4631 2817 4698 πεπιστεύκαμεν·
2844 4627 2903 4680 οὑ
2929 4627 3037 4697 γὰρ
3059 4624 3311 4695 θεότητος
3336 4621 3575 4693 μορφὴν,
3602 4614 3785 4680 καθὼς

2210 4727 2366 4796 ὑμεῖς
2404 4722 2591 4793 τυφλοὶ
2633 4722 2729 4776 καὶ
2774 4719 3079 4790 παράνομοι
3116 4716 3377 4787 φάσκετε,
3420 4712 3783 4784 ἱστοροῦμεν·

2210 4817 2346 4869 ἀλλὰ
2372 4816 2471 4884 τὴν
2497 4814 2558 4879 ἐξ
2580 4812 2735 4884 ἡμῶν
2762 4808 3201 4883 προσληφθεῖσαν
3220 4805 3302 4877 τῷ
3326 4804 3542 4875 Σωτῆρι
3574 4803 3782 4873 σάρκα,

2207 4908 2272 4961 δι’
2297 4902 2364 4978 ἦς
2398 4908 2530 4977 ἡμῖν
2566 4904 2851 4975 ἀτρέπτως
2873 4902 3140 4973 ὡμίλησε,
3170 4898 3267 4953 καὶ
3295 4898 3360 4951 ὲκ
3388 4895 3599 4968 νεκρῶν
3650 4896 3782 4949 ἀνα-

2208 5000 2412 5053 στᾶσαν
2457 4997 2800 5066 πρωτότοκον
2832 4993 3256 5057 άνατυποῦντες,
3291 4991 3644 5063 κηρύττομεν
3668 5004 3682 5017 ·
3721 4989 3784 5040 δι’

2204 5089 2365 5143 αὐτὸν
2406 5088 2463 5141 δὲ
2494 5087 2587 5141 τὸν
2628 5086 3052 5157 προσειληφότα,
3093 5085 3186 5138 καὶ
3233 5084 3333 5154 τῆς
3368 5079 3664 5149 τεκούσης,
3712 5077 3785 5139 ὡς

2206 5180 2506 5249 πανάγνου,
2536 5177 2635 5248 τὴν
2664 5178 2869 5244 εἰκόνα,
2891 5175 3035 5231 κατὰ
3060 5177 3121 5229 τὸ
3146 5175 3444 5248 προσῆκον,
3472 5169 3779 5241 σεϐόμεθα·

2204 5272 2336 5340 ἁγία
2374 5272 2484 5341 γὰρ
2512 5270 2681 5332 ὅντως
2712 5268 2873 5339 αῦτη,
2903 5268 2979 5331 ὡς
3015 5268 3106 5321 τὸν
3142 5266 3303 5337 μόνον
3342 5264 3500 5332 ἀγιον
3528 5262 3783 5332 ἀρρήτως

2203 5362 2585 5430 ἀποκυήσασα.
2620 5362 2683 5412 Εἰ
2723 5359 2833 5429 γάρ
2876 5361 2905 5412 ὁ
2950 5359 3081 5421 Θεὸς
3114 5356 3193 5428 τῷ
3233 5356 3486 5426 Ἀϐραὰμ
3540 5354 3782 5417 ἐνεγκεῖν

2205 5452 2506 5524 προσέταξε
2534 5451 2766 5522 δάμαλιν
2788 5449 3187 5523 τριετίζουσαν,
3212 5450 3305 5503 καὶ
3334 5443 3464 5516 αἶγα
3489 5440 3784 5517 τριετίζου-

598 5801 672 5873 ιϐ)
706 5802 839 5859 Nota
872 5804 1133 5863 rationem
1166 5804 1451 5875 Dciparam
1477 5805 1687 5870 colendi
1717 5822 1824 5862 non
1858 5822 1887 5860 a
1917 5806 2175 5874 dignitate
2209 5806 2401 5872 ipsius,
2448 5807 2541 5862 sed
2596 5806 2663 5860 ab
2713 5804 3019 5860 innocentia
3066 5817 3118 5859 et
3150 5800 3381 5871 puritate
3407 5799 3770 5865 dcsumptam.
