  <div class='ocr_page' id='page_1' title='image "/cluster/home/n/w/nwhite01/storage/ocr_20150623/98/hvd.32044015586951/760.png"; bbox 0 0 4088 6498; ppageno 0'>
   <div class='ocr_carea' id='block_1_1' title="bbox 266 316 3489 399">
    <p class='ocr_par' dir='ltr' id='par_1_1' title="bbox 266 316 3489 399">
     <span class='ocr_line' id='line_1_1' title="bbox 266 316 3489 399; baseline 0.001 -19"><span class='ocrx_word' id='word_1_1' title='bbox 266 316 388 381; x_wconf 70' lang='grc'><strong>1497</strong></span> <span class='ocrx_word' id='word_1_2' title='bbox 1192 319 1267 377; x_wconf 79' lang='lat' dir='ltr'><strong>IN</strong></span> <span class='ocrx_word' id='word_1_3' title='bbox 1297 321 1397 379; x_wconf 87' lang='lat' dir='ltr'><strong>SS.</strong></span> <span class='ocrx_word' id='word_1_4' title='bbox 1444 320 1794 379; x_wconf 61' lang='lat' dir='ltr'><strong>DElPARxE</strong></span> <span class='ocrx_word' id='word_1_5' title='bbox 1830 319 2556 381; x_wconf 71' lang='lat' dir='ltr'><strong>PH/ESENTATIONEM-</strong></span> <span class='ocrx_word' id='word_1_6' title='bbox 3312 396 3315 399; x_wconf 96' lang='lat'><em>_</em></span> <span class='ocrx_word' id='word_1_7' title='bbox 3352 322 3489 385; x_wconf 72' lang='lat'><strong>“98</strong></span> 
     </span>
    </p>
   </div>
   <div class='ocr_carea' id='block_1_2' title="bbox 260 428 1874 503">
    <p class='ocr_par' dir='ltr' id='par_1_2' title="bbox 260 428 1874 502">
     <span class='ocr_line' id='line_1_2' title="bbox 260 428 1874 502; baseline -0.001 -18"><span class='ocrx_word' id='word_1_8' title='bbox 260 452 350 487; x_wconf 85' lang='grc' dir='ltr'><strong>σαν</strong></span> <span class='ocrx_word' id='word_1_9' title='bbox 375 429 507 502; x_wconf 81' lang='grc' dir='ltr'>πρὸς</span> <span class='ocrx_word' id='word_1_10' title='bbox 536 429 874 500; x_wconf 79' lang='grc' dir='ltr'><strong>καθαρισμὸν</strong></span> <span class='ocrx_word' id='word_1_11' title='bbox 902 428 1009 483; x_wconf 80' lang='grc' dir='ltr'><strong>τῶν</strong></span> <span class='ocrx_word' id='word_1_12' title='bbox 1029 429 1235 501; x_wconf 78' lang='grc' dir='ltr'>ψυχῶν,</span> <span class='ocrx_word' id='word_1_13' title='bbox 1266 430 1383 494; x_wconf 83' lang='grc' dir='ltr'>πῶς</span> <span class='ocrx_word' id='word_1_14' title='bbox 1414 433 1447 501; x_wconf 80' lang='grc' dir='ltr'><strong>ἡ</strong></span> <span class='ocrx_word' id='word_1_15' title='bbox 1480 430 1753 501; x_wconf 78' lang='grc' dir='ltr'>ῐιαρθένος</span> <span class='ocrx_word' id='word_1_16' title='bbox 1779 432 1815 501; x_wconf 83' lang='grc' dir='ltr'><strong>ή</strong></span> <span class='ocrx_word' id='word_1_17' title='bbox 1842 440 1874 495; x_wconf 72' lang='grc' dir='ltr'>Α</span> 
     </span>
    </p>
   </div>
   <div class='ocr_carea' id='block_1_3' title="bbox 1875 428 3489 503">
    <p class='ocr_par' dir='ltr' id='par_1_3' title="bbox 1875 432 3489 503">
     <span class='ocr_line' id='line_1_3' title="bbox 1875 432 3489 503; baseline 0.003 -19"><span class='ocrx_word' id='word_1_18' title='bbox 1875 461 1887 496; x_wconf 54' lang='grc' dir='ltr'>ι</span> <span class='ocrx_word' id='word_1_19' title='bbox 1917 432 2033 502; x_wconf 87' lang='lat' dir='ltr'><strong>Ipsa</strong></span> <span class='ocrx_word' id='word_1_20' title='bbox 2055 433 2199 487; x_wconf 87' lang='lat' dir='ltr'><strong>enim</strong></span> <span class='ocrx_word' id='word_1_21' title='bbox 2233 448 2358 488; x_wconf 91' lang='lat' dir='ltr'><strong>vere</strong></span> <span class='ocrx_word' id='word_1_22' title='bbox 2383 443 2598 496; x_wconf 89' lang='lat' dir='ltr'><strong>sancta,</strong></span> <span class='ocrx_word' id='word_1_23' title='bbox 2631 448 2752 502; x_wconf 75' lang='lat' dir='ltr'><strong>qum</strong></span> <span class='ocrx_word' id='word_1_24' title='bbox 2782 447 2929 495; x_wconf 77' lang='lat' dir='ltr'><strong>cum,</strong></span> <span class='ocrx_word' id='word_1_25' title='bbox 2959 433 3050 503; x_wconf 85' lang='lat' dir='ltr'><strong>qui</strong></span> <span class='ocrx_word' id='word_1_26' title='bbox 3083 434 3232 488; x_wconf 89' lang='lat' dir='ltr'><strong>solus</strong></span> <span class='ocrx_word' id='word_1_27' title='bbox 3268 446 3489 489; x_wconf 80' lang='lat' dir='ltr'><strong>sanctus</strong></span> 
     </span>
    </p>
   </div>
   <div class='ocr_carea' id='block_1_4' title="bbox 255 518 1869 594">
    <p class='ocr_par' dir='ltr' id='par_1_4' title="bbox 255 518 1818 594">
     <span class='ocr_line' id='line_1_4' title="bbox 255 518 1818 594; baseline -0.003 -18"><span class='ocrx_word' id='word_1_28' title='bbox 255 521 626 594; x_wconf 78' lang='grc' dir='ltr'>προορισθεῖσα</span> <span class='ocrx_word' id='word_1_29' title='bbox 675 519 783 573; x_wconf 81' lang='grc' dir='ltr'>ἀπὸ</span> <span class='ocrx_word' id='word_1_30' title='bbox 829 518 1061 581; x_wconf 78' lang='grc' dir='ltr'><strong>κτίσεως</strong></span> <span class='ocrx_word' id='word_1_31' title='bbox 1109 522 1335 590; x_wconf 83' lang='grc' dir='ltr'><strong>κόσμου,</strong></span> <span class='ocrx_word' id='word_1_32' title='bbox 1372 521 1466 574; x_wconf 74' lang='grc' dir='ltr'>καὶ</span> <span class='ocrx_word' id='word_1_33' title='bbox 1517 521 1581 573; x_wconf 82' lang='grc' dir='ltr'>ὲκ</span> <span class='ocrx_word' id='word_1_34' title='bbox 1628 520 1818 572; x_wconf 81' lang='grc' dir='ltr'>πασῶν</span> 
     </span>
    </p>
   </div>
   <div class='ocr_carea' id='block_1_5' title="bbox 1876 518 3490 594">
    <p class='ocr_par' dir='ltr' id='par_1_5' title="bbox 1917 524 3490 593">
     <span class='ocr_line' id='line_1_5' title="bbox 1917 524 3490 593; baseline 0.002 -16"><span class='ocrx_word' id='word_1_35' title='bbox 1917 533 2020 586; x_wconf 89' lang='lat' dir='ltr'><strong>est,</strong></span> <span class='ocrx_word' id='word_1_36' title='bbox 2055 538 2253 578; x_wconf 86' lang='lat' dir='ltr'><strong>arcana</strong></span> <span class='ocrx_word' id='word_1_37' title='bbox 2306 524 2514 579; x_wconf 84' lang='lat' dir='ltr'><strong>ratione</strong></span> <span class='ocrx_word' id='word_1_38' title='bbox 2565 526 2811 593; x_wconf 76' lang='lat' dir='ltr'><strong>conoepit</strong></span> <span class='ocrx_word' id='word_1_39' title='bbox 2843 524 2941 593; x_wconf 84' lang='lat'><strong>(7).</strong></span> <span class='ocrx_word' id='word_1_40' title='bbox 2978 524 3041 578; x_wconf 82' lang='lat' dir='ltr'><strong>Et</strong></span> <span class='ocrx_word' id='word_1_41' title='bbox 3085 539 3215 578; x_wconf 83' lang='lat' dir='ltr'><strong>sane</strong></span> <span class='ocrx_word' id='word_1_42' title='bbox 3261 526 3303 578; x_wconf 88' lang='lat' dir='ltr'><strong>si</strong></span> <span class='ocrx_word' id='word_1_43' title='bbox 3351 525 3490 580; x_wconf 80' lang='lat' dir='ltr'><strong>Deus</strong></span> 
     </span>
    </p>
   </div>
   <div class='ocr_carea' id='block_1_6' title="bbox 256 609 1870 685">
    <p class='ocr_par' dir='ltr' id='par_1_6' title="bbox 256 609 1819 685">
     <span class='ocr_line' id='line_1_6' title="bbox 256 609 1819 685; baseline -0.003 -17"><span class='ocrx_word' id='word_1_44' title='bbox 256 612 445 685; x_wconf 80' lang='grc' dir='ltr'>γενεῶν</span> <span class='ocrx_word' id='word_1_45' title='bbox 472 609 930 681; x_wconf 82' lang='grc' dir='ltr'>προσεκλεχθείσα</span> <span class='ocrx_word' id='word_1_46' title='bbox 961 612 1040 673; x_wconf 87' lang='grc' dir='ltr'><strong>είς</strong></span> <span class='ocrx_word' id='word_1_47' title='bbox 1071 614 1490 681; x_wconf 84' lang='grc' dir='ltr'><strong>κατοικητήριον</strong></span> <span class='ocrx_word' id='word_1_48' title='bbox 1522 612 1819 681; x_wconf 87' lang='grc' dir='ltr'>ἀμόλυντον</span> 
     </span>
    </p>
   </div>
   <div class='ocr_carea' id='block_1_7' title="bbox 1880 609 3494 685">
    <p class='ocr_par' dir='ltr' id='par_1_7' title="bbox 1910 615 3494 685">
     <span class='ocr_line' id='line_1_7' title="bbox 1910 615 3494 685; baseline 0.003 -17"><span class='ocrx_word' id='word_1_49' title='bbox 1910 615 2075 685; x_wconf 88' lang='lat' dir='ltr'><strong>jussit</strong></span> <span class='ocrx_word' id='word_1_50' title='bbox 2115 617 2485 672; x_wconf 78' lang='lat' dir='ltr'><strong>Abrahautum</strong></span> <span class='ocrx_word' id='word_1_51' title='bbox 2533 617 2730 671; x_wconf 73' lang='lat' dir='ltr'><strong>all‘errc</strong></span> <span class='ocrx_word' id='word_1_52' title='bbox 2768 619 2994 671; x_wconf 83' lang='lat' dir='ltr'><strong>vitulam</strong></span> <span class='ocrx_word' id='word_1_53' title='bbox 3045 619 3261 671; x_wconf 77' lang='lat' dir='ltr'><strong>trimam</strong></span> <span class='ocrx_word' id='word_1_54' title='bbox 3310 627 3363 671; x_wconf 86' lang='lat' dir='ltr'><strong>et</strong></span> <span class='ocrx_word' id='word_1_55' title='bbox 3408 634 3494 672; x_wconf 86' lang='lat' dir='ltr'><strong>ca-</strong></span> 
     </span>
    </p>
   </div>
   <div class='ocr_carea' id='block_1_8' title="bbox 254 702 1868 778">
    <p class='ocr_par' dir='ltr' id='par_1_8' title="bbox 254 702 1814 775">
     <span class='ocr_line' id='line_1_8' title="bbox 254 702 1814 775; baseline -0.003 -14"><span class='ocrx_word' id='word_1_56' title='bbox 254 709 336 761; x_wconf 74' lang='lat' dir='ltr'><strong>xai</strong></span> <span class='ocrx_word' id='word_1_57' title='bbox 375 704 793 774; x_wconf 77' lang='grc' dir='ltr'><strong>προσενεχθεῖσα</strong></span> <span class='ocrx_word' id='word_1_58' title='bbox 837 706 917 767; x_wconf 90' lang='grc' dir='ltr'><strong>είς</strong></span> <span class='ocrx_word' id='word_1_59' title='bbox 946 702 1072 758; x_wconf 85' lang='grc' dir='ltr'>ναὸν</span> <span class='ocrx_word' id='word_1_60' title='bbox 1100 703 1254 771; x_wconf 80' lang='grc' dir='ltr'>ἆγιον</span> <span class='ocrx_word' id='word_1_61' title='bbox 1284 702 1363 774; x_wconf 82' lang='grc' dir='ltr'>τῷ</span> <span class='ocrx_word' id='word_1_62' title='bbox 1393 704 1814 775; x_wconf 85' lang='grc' dir='ltr'>παντοκράτορι,</span> 
     </span>
    </p>
   </div>
   <div class='ocr_carea' id='block_1_9' title="bbox 1873 702 3487 778">
    <p class='ocr_par' dir='ltr' id='par_1_9' title="bbox 1916 706 3487 778">
     <span class='ocr_line' id='line_1_9' title="bbox 1916 706 3487 778; baseline -0.001 -18"><span class='ocrx_word' id='word_1_63' title='bbox 1916 706 2113 773; x_wconf 83' lang='lat' dir='ltr'><strong>pellam</strong></span> <span class='ocrx_word' id='word_1_64' title='bbox 2151 709 2369 761; x_wconf 88' lang='lat' dir='ltr'><strong>trimam</strong></span> <span class='ocrx_word' id='word_1_65' title='bbox 2400 709 2453 761; x_wconf 89' lang='lat' dir='ltr'><strong>in</strong></span> <span class='ocrx_word' id='word_1_66' title='bbox 2493 710 2799 762; x_wconf 86' lang='lat' dir='ltr'><strong>animarum</strong></span> <span class='ocrx_word' id='word_1_67' title='bbox 2833 707 3233 778; x_wconf 90' lang='lat' dir='ltr'><strong>purgationem,</strong></span> <span class='ocrx_word' id='word_1_68' title='bbox 3263 725 3487 778; x_wconf 69' lang='lat' dir='ltr'><strong>quono-</strong></span> 
     </span>
    </p>
   </div>
   <div class='ocr_carea' id='block_1_10' title="bbox 254 794 1868 871">
    <p class='ocr_par' dir='ltr' id='par_1_10' title="bbox 254 794 1818 868">
     <span class='ocr_line' id='line_1_10' title="bbox 254 794 1818 868; baseline -0.001 -17"><span class='ocrx_word' id='word_1_69' title='bbox 254 799 363 868; x_wconf 65' lang='grc' dir='ltr'><strong>οὐχ).</strong></span> <span class='ocrx_word' id='word_1_70' title='bbox 390 796 545 865; x_wconf 89' lang='grc' dir='ltr'>τιμία</span> <span class='ocrx_word' id='word_1_71' title='bbox 572 796 662 847; x_wconf 75' lang='grc' dir='ltr'>καὶ</span> <span class='ocrx_word' id='word_1_72' title='bbox 693 794 908 864; x_wconf 84' lang='grc' dir='ltr'>καθαρά</span> <span class='ocrx_word' id='word_1_73' title='bbox 934 796 1026 847; x_wconf 74' lang='grc' dir='ltr'>καὶ</span> <span class='ocrx_word' id='word_1_74' title='bbox 1048 795 1346 865; x_wconf 87' lang='grc' dir='ltr'>ἀμόλυντος</span> <span class='ocrx_word' id='word_1_75' title='bbox 1368 794 1698 865; x_wconf 84' lang='grc' dir='ltr'>καθέστηκε,</span> <span class='ocrx_word' id='word_1_76' title='bbox 1726 796 1818 849; x_wconf 71' lang='grc' dir='ltr'>καὶ</span> 
     </span>
    </p>
   </div>
   <div class='ocr_carea' id='block_1_11' title="bbox 1873 794 3487 871">
    <p class='ocr_par' dir='ltr' id='par_1_11' title="bbox 1915 797 3487 871">
     <span class='ocr_line' id='line_1_11' title="bbox 1915 797 3487 871; baseline 0.002 -21"><span class='ocrx_word' id='word_1_77' title='bbox 1915 797 1985 852; x_wconf 89' lang='lat' dir='ltr'><strong>do</strong></span> <span class='ocrx_word' id='word_1_78' title='bbox 2033 800 2191 871; x_wconf 88' lang='lat' dir='ltr'><strong>virgo</strong></span> <span class='ocrx_word' id='word_1_79' title='bbox 2250 817 2280 855; x_wconf 81' lang='lat' dir='ltr'><strong>a</strong></span> <span class='ocrx_word' id='word_1_80' title='bbox 2332 803 2609 855; x_wconf 83' lang='lat' dir='ltr'><strong>creatione</strong></span> <span class='ocrx_word' id='word_1_81' title='bbox 2671 802 2856 855; x_wconf 87' lang='lat' dir='ltr'><strong>mundi</strong></span> <span class='ocrx_word' id='word_1_82' title='bbox 2912 802 3313 871; x_wconf 66' lang='lat' dir='ltr'><strong>prmdestinata,</strong></span> <span class='ocrx_word' id='word_1_83' title='bbox 3343 814 3396 855; x_wconf 87' lang='lat' dir='ltr'><strong>et</strong></span> <span class='ocrx_word' id='word_1_84' title='bbox 3425 817 3487 853; x_wconf 77' lang='lat' dir='ltr'><strong>ex</strong></span> 
     </span>
    </p>
   </div>
   <div class='ocr_carea' id='block_1_12' title="bbox 254 885 1868 962">
    <p class='ocr_par' dir='ltr' id='par_1_12' title="bbox 254 885 1563 959">
     <span class='ocr_line' id='line_1_12' title="bbox 254 885 1563 959; baseline 0.001 -21"><span class='ocrx_word' id='word_1_85' title='bbox 254 885 525 959; x_wconf 80' lang='grc' dir='ltr'>προσφορά</span> <span class='ocrx_word' id='word_1_86' title='bbox 554 886 783 956; x_wconf 76' lang='grc' dir='ltr'>ἄμωμος</span> <span class='ocrx_word' id='word_1_87' title='bbox 822 886 920 956; x_wconf 86' lang='grc' dir='ltr'>τῆς</span> <span class='ocrx_word' id='word_1_88' title='bbox 946 887 1295 957; x_wconf 83' lang='grc' dir='ltr'>ἀνθρωπίνης</span> <span class='ocrx_word' id='word_1_89' title='bbox 1318 887 1563 955; x_wconf 83' lang='grc' dir='ltr'>φύσεως;</span> 
     </span>
    </p>
   </div>
   <div class='ocr_carea' id='block_1_13' title="bbox 1878 885 3492 962">
    <p class='ocr_par' dir='ltr' id='par_1_13' title="bbox 1915 891 3492 962">
     <span class='ocr_line' id='line_1_13' title="bbox 1915 891 3492 962; baseline 0.003 -21"><span class='ocrx_word' id='word_1_90' title='bbox 1915 891 2171 946; x_wconf 86' lang='lat' dir='ltr'><strong>omnibus</strong></span> <span class='ocrx_word' id='word_1_91' title='bbox 2196 894 2639 962; x_wconf 74' lang='lat' dir='ltr'><strong>generationibus</strong></span> <span class='ocrx_word' id='word_1_92' title='bbox 2659 894 2827 948; x_wconf 86' lang='lat' dir='ltr'><strong>electa</strong></span> <span class='ocrx_word' id='word_1_93' title='bbox 2856 894 2910 947; x_wconf 85' lang='lat' dir='ltr'><strong>in</strong></span> <span class='ocrx_word' id='word_1_94' title='bbox 2946 895 3287 961; x_wconf 77' lang='lat' dir='ltr'><strong>impollutam</strong></span> <span class='ocrx_word' id='word_1_95' title='bbox 3318 892 3492 946; x_wconf 82' lang='lat' dir='ltr'><strong>donti-</strong></span> 
     </span>
    </p>
   </div>
   <div class='ocr_carea' id='block_1_14' title="bbox 254 979 3489 1058">
    <p class='ocr_par' dir='ltr' id='par_1_14' title="bbox 254 979 3489 1058">
     <span class='ocr_line' id='line_1_14' title="bbox 254 979 3489 1058; baseline 0 -21"><span class='ocrx_word' id='word_1_96' title='bbox 254 982 453 1045; x_wconf 82' lang='lat' dir='ltr'><strong>cilium,</strong></span> <span class='ocrx_word' id='word_1_97' title='bbox 479 989 534 1034; x_wconf 88' lang='lat' dir='ltr'><strong>et</strong></span> <span class='ocrx_word' id='word_1_98' title='bbox 555 979 914 1048; x_wconf 76' lang='lat' dir='ltr'><strong>omnipotenti</strong></span> <span class='ocrx_word' id='word_1_99' title='bbox 942 980 1122 1035; x_wconf 88' lang='lat' dir='ltr'><strong>oblata</strong></span> <span class='ocrx_word' id='word_1_100' title='bbox 1153 981 1205 1035; x_wconf 90' lang='lat' dir='ltr'><strong>in</strong></span> <span class='ocrx_word' id='word_1_101' title='bbox 1237 981 1441 1051; x_wconf 90' lang='lat' dir='ltr'><strong>templo</strong></span> <span class='ocrx_word' id='word_1_102' title='bbox 1497 991 1711 1048; x_wconf 90' lang='lat' dir='ltr'><strong>sancto,</strong></span> <span class='ocrx_word' id='word_1_103' title='bbox 1770 997 1880 1037; x_wconf 91' lang='lat' dir='ltr'><strong>non</strong></span> <span class='ocrx_word' id='word_1_104' title='bbox 1922 984 2127 1041; x_wconf 80' lang='lat' dir='ltr'><strong>honore</strong></span> <span class='ocrx_word' id='word_1_105' title='bbox 2155 984 2314 1058; x_wconf 85' lang='lat' dir='ltr'><strong>digna</strong></span> <span class='ocrx_word' id='word_1_106' title='bbox 2351 997 2405 1041; x_wconf 91' lang='lat' dir='ltr'><strong>et</strong></span> <span class='ocrx_word' id='word_1_107' title='bbox 2438 1003 2575 1058; x_wconf 88' lang='lat' dir='ltr'><strong>pura</strong></span> <span class='ocrx_word' id='word_1_108' title='bbox 2600 997 2654 1043; x_wconf 89' lang='lat' dir='ltr'><strong>et</strong></span> <span class='ocrx_word' id='word_1_109' title='bbox 2678 988 2958 1057; x_wconf 90' lang='lat' dir='ltr'><strong>impolluta</strong></span> <span class='ocrx_word' id='word_1_110' title='bbox 2985 994 3182 1052; x_wconf 78' lang='lat' dir='ltr'><strong>exstat,</strong></span> <span class='ocrx_word' id='word_1_111' title='bbox 3209 995 3262 1041; x_wconf 92' lang='lat' dir='ltr'><strong>et</strong></span> <span class='ocrx_word' id='word_1_112' title='bbox 3288 986 3489 1041; x_wconf 91' lang='lat' dir='ltr'><strong>oblatio</strong></span> 
     </span>
    </p>
   </div>
   <div class='ocr_carea' id='block_1_15' title="bbox 254 1074 1395 1151">
    <p class='ocr_par' dir='ltr' id='par_1_15' title="bbox 254 1074 1395 1151">
     <span class='ocr_line' id='line_1_15' title="bbox 254 1074 1395 1151; baseline -0.004 -19"><span class='ocrx_word' id='word_1_113' title='bbox 254 1075 587 1132; x_wconf 85' lang='lat' dir='ltr'><strong>immaculata</strong></span> <span class='ocrx_word' id='word_1_114' title='bbox 622 1075 874 1129; x_wconf 75' lang='lat' dir='ltr'><strong>humana:</strong></span> <span class='ocrx_word' id='word_1_115' title='bbox 906 1086 1115 1129; x_wconf 72' lang='lat' dir='ltr'><strong>natura:</strong></span> <span class='ocrx_word' id='word_1_116' title='bbox 1139 1074 1240 1145; x_wconf 91' lang='lat'><strong>(8).</strong></span> <span class='ocrx_word' id='word_1_117' title='bbox 1394 1148 1395 1151; x_wconf 14' lang='grc' dir='ltr'><strong>η</strong></span> 
     </span>
    </p>
   </div>
   <div class='ocr_carea' id='block_1_16' title="bbox 315 1161 1929 1240">
    <p class='ocr_par' dir='ltr' id='par_1_16' title="bbox 315 1161 1812 1239">
     <span class='ocr_line' id='line_1_16' title="bbox 315 1161 1812 1239; baseline 0.002 -21"><span class='ocrx_word' id='word_1_118' title='bbox 315 1169 407 1221; x_wconf 79' lang='lat' dir='ltr'><strong>lA&#39;.</strong></span> <span class='ocrx_word' id='word_1_119' title='bbox 445 1161 517 1217; x_wconf 84' lang='grc' dir='ltr'><strong><em>Ὦ</em></strong></span> <span class='ocrx_word' id='word_1_120' title='bbox 549 1165 816 1219; x_wconf 80' lang='grc' dir='ltr'>Ἰουδαίων</span> <span class='ocrx_word' id='word_1_121' title='bbox 854 1167 1174 1236; x_wconf 85' lang='grc' dir='ltr'>Συναγωγὴ,</span> <span class='ocrx_word' id='word_1_122' title='bbox 1206 1168 1252 1219; x_wconf 81' lang='grc' dir='ltr'>οἱ</span> <span class='ocrx_word' id='word_1_123' title='bbox 1287 1167 1385 1239; x_wconf 85' lang='grc' dir='ltr'>τὴν</span> <span class='ocrx_word' id='word_1_124' title='bbox 1416 1168 1480 1220; x_wconf 83' lang='grc' dir='ltr'>ὲκ</span> <span class='ocrx_word' id='word_1_125' title='bbox 1513 1166 1683 1238; x_wconf 84' lang='grc' dir='ltr'>φυλῆς</span> <span class='ocrx_word' id='word_1_126' title='bbox 1704 1169 1812 1238; x_wconf 68' lang='grc' dir='ltr'>,τῆς</span> 
     </span>
    </p>
   </div>
   <div class='ocr_carea' id='block_1_17' title="bbox 1881 1161 3495 1240">
    <p class='ocr_par' dir='ltr' id='par_1_17' title="bbox 1986 1167 3495 1240">
     <span class='ocr_line' id='line_1_17' title="bbox 1986 1167 3495 1240; baseline 0.002 -18"><span class='ocrx_word' id='word_1_127' title='bbox 1986 1168 2125 1223; x_wconf 83' lang='lat' dir='ltr'><strong>XIV.</strong></span> <span class='ocrx_word' id='word_1_128' title='bbox 2155 1168 2201 1224; x_wconf 90' lang='grc' dir='ltr'><strong>Ο</strong></span> <span class='ocrx_word' id='word_1_129' title='bbox 2232 1167 2513 1239; x_wconf 77' lang='lat' dir='ltr'><strong>Synagoga</strong></span> <span class='ocrx_word' id='word_1_130' title='bbox 2535 1170 2866 1232; x_wconf 76' lang='lat' dir='ltr'><strong>Jndzeorutn,</strong></span> <span class='ocrx_word' id='word_1_131' title='bbox 2898 1171 2989 1240; x_wconf 90' lang='lat' dir='ltr'><strong>qui</strong></span> <span class='ocrx_word' id='word_1_132' title='bbox 3026 1170 3301 1240; x_wconf 85' lang='lat' dir='ltr'><strong>Virginem</strong></span> <span class='ocrx_word' id='word_1_133' title='bbox 3334 1187 3362 1224; x_wconf 91' lang='lat' dir='ltr'><strong>e</strong></span> <span class='ocrx_word' id='word_1_134' title='bbox 3394 1172 3495 1225; x_wconf 91' lang='lat' dir='ltr'><strong>tri-</strong></span> 
     </span>
    </p>
   </div>
   <div class='ocr_carea' id='block_1_18' title="bbox 252 1259 1866 1331">
    <p class='ocr_par' dir='ltr' id='par_1_18' title="bbox 252 1259 1814 1331">
     <span class='ocr_line' id='line_1_18' title="bbox 252 1259 1814 1331; baseline -0.001 -15"><span class='ocrx_word' id='word_1_135' title='bbox 252 1261 510 1331; x_wconf 82' lang='grc' dir='ltr'>ὺμετέρας</span> <span class='ocrx_word' id='word_1_136' title='bbox 594 1259 961 1330; x_wconf 74' lang='grc' dir='ltr'>ἐκλαμψάσαν</span> <span class='ocrx_word' id='word_1_137' title='bbox 1038 1259 1318 1330; x_wconf 80' lang='grc' dir='ltr'>Παρθένον</span> <span class='ocrx_word' id='word_1_138' title='bbox 1377 1261 1451 1331; x_wconf 87' lang='grc' dir='ltr'>μὴ</span> <span class='ocrx_word' id='word_1_139' title='bbox 1531 1261 1814 1330; x_wconf 79' lang='grc' dir='ltr'><strong>δεξάμενοι</strong></span> 
     </span>
    </p>
   </div>
   <div class='ocr_carea' id='block_1_19' title="bbox 1872 1259 3486 1331">
    <p class='ocr_par' dir='ltr' id='par_1_19' title="bbox 1914 1260 3486 1331">
     <span class='ocr_line' id='line_1_19' title="bbox 1914 1260 3486 1331; baseline 0.002 -16"><span class='ocrx_word' id='word_1_140' title='bbox 1914 1262 1985 1315; x_wconf 88' lang='lat' dir='ltr'><strong>bu</strong></span> <span class='ocrx_word' id='word_1_141' title='bbox 2009 1271 2185 1316; x_wconf 82' lang='lat' dir='ltr'><strong>vestra</strong></span> <span class='ocrx_word' id='word_1_142' title='bbox 2215 1260 2556 1331; x_wconf 75' lang='lat' dir='ltr'><strong>eﬂ‘ttlgentem</strong></span> <span class='ocrx_word' id='word_1_143' title='bbox 2581 1277 2684 1315; x_wconf 92' lang='lat' dir='ltr'><strong>non</strong></span> <span class='ocrx_word' id='word_1_144' title='bbox 2707 1264 2797 1317; x_wconf 91' lang='lat' dir='ltr'><strong>Dei</strong></span> <span class='ocrx_word' id='word_1_145' title='bbox 2822 1262 3043 1317; x_wconf 84' lang='lat' dir='ltr'><strong>Matrem</strong></span> <span class='ocrx_word' id='word_1_146' title='bbox 3067 1264 3357 1327; x_wconf 87' lang='lat' dir='ltr'><strong>habuistis,</strong></span> <span class='ocrx_word' id='word_1_147' title='bbox 3379 1264 3486 1318; x_wconf 84' lang='lat' dir='ltr'><strong>into</strong></span> 
     </span>
    </p>
   </div>
   <div class='ocr_carea' id='block_1_20' title="bbox 249 1351 1863 1425">
    <p class='ocr_par' dir='ltr' id='par_1_20' title="bbox 249 1351 1815 1425">
     <span class='ocr_line' id='line_1_20' title="bbox 249 1351 1815 1425; baseline -0.001 -18"><span class='ocrx_word' id='word_1_148' title='bbox 249 1352 523 1417; x_wconf 79' lang='grc' dir='ltr'>Θεοτόκον,</span> <span class='ocrx_word' id='word_1_149' title='bbox 555 1352 691 1405; x_wconf 86' lang='grc' dir='ltr'><strong>ἀλλά</strong></span> <span class='ocrx_word' id='word_1_150' title='bbox 721 1354 815 1405; x_wconf 72' lang='grc' dir='ltr'>καὶ</span> <span class='ocrx_word' id='word_1_151' title='bbox 859 1351 1225 1425; x_wconf 81' lang='grc' dir='ltr'>λοιδοροῦντες</span> <span class='ocrx_word' id='word_1_152' title='bbox 1261 1353 1493 1419; x_wconf 80' lang='grc' dir='ltr'><strong>ἀναξίως</strong></span> <span class='ocrx_word' id='word_1_153' title='bbox 1526 1355 1619 1405; x_wconf 63' lang='grc' dir='ltr'><strong>καὶ⁴</strong></span> <span class='ocrx_word' id='word_1_154' title='bbox 1657 1354 1815 1405; x_wconf 80' lang='grc' dir='ltr'>ἀσελ-</span> 
     </span>
    </p>
   </div>
   <div class='ocr_carea' id='block_1_21' title="bbox 1877 1351 3491 1425">
    <p class='ocr_par' dir='ltr' id='par_1_21' title="bbox 1912 1352 3491 1425">
     <span class='ocr_line' id='line_1_21' title="bbox 1912 1352 3491 1425; baseline 0.001 -18"><span class='ocrx_word' id='word_1_155' title='bbox 1912 1369 2041 1408; x_wconf 88' lang='lat' dir='ltr'><strong>vero</strong></span> <span class='ocrx_word' id='word_1_156' title='bbox 2065 1354 2305 1408; x_wconf 88' lang='lat' dir='ltr'><strong>convicia</strong></span> <span class='ocrx_word' id='word_1_157' title='bbox 2337 1352 2712 1422; x_wconf 83' lang='lat' dir='ltr'><strong>indignissime</strong></span> <span class='ocrx_word' id='word_1_158' title='bbox 2741 1363 2795 1407; x_wconf 91' lang='lat' dir='ltr'><strong>ct</strong></span> <span class='ocrx_word' id='word_1_159' title='bbox 2852 1355 3121 1423; x_wconf 83' lang='lat' dir='ltr'><strong>protervis</strong></span> <span class='ocrx_word' id='word_1_160' title='bbox 3154 1356 3308 1409; x_wconf 88' lang='lat' dir='ltr'><strong>labiis</strong></span> <span class='ocrx_word' id='word_1_161' title='bbox 3341 1356 3491 1425; x_wconf 85' lang='lat' dir='ltr'><strong>inge-</strong></span> 
     </span>
    </p>
   </div>
   <div class='ocr_carea' id='block_1_22' title="bbox 250 1442 1864 1515">
    <p class='ocr_par' dir='ltr' id='par_1_22' title="bbox 250 1442 1813 1515">
     <span class='ocr_line' id='line_1_22' title="bbox 250 1442 1813 1515; baseline 0.001 -19"><span class='ocrx_word' id='word_1_162' title='bbox 250 1444 364 1511; x_wconf 86' lang='grc' dir='ltr'>γέσι</span> <span class='ocrx_word' id='word_1_163' title='bbox 402 1442 628 1512; x_wconf 80' lang='grc' dir='ltr'>χείλεσι,</span> <span class='ocrx_word' id='word_1_164' title='bbox 657 1444 752 1496; x_wconf 60' lang='grc' dir='ltr'><strong>καὶ⁵</strong></span> <span class='ocrx_word' id='word_1_165' title='bbox 774 1443 851 1513; x_wconf 86' lang='grc' dir='ltr'>τῷ</span> <span class='ocrx_word' id='word_1_166' title='bbox 872 1444 1053 1515; x_wconf 86' lang='grc' dir='ltr'>φθόνῳ</span> <span class='ocrx_word' id='word_1_167' title='bbox 1086 1445 1415 1515; x_wconf 79' lang='grc' dir='ltr'>κινούμενοι,</span> <span class='ocrx_word' id='word_1_168' title='bbox 1445 1443 1813 1498; x_wconf 82' lang='grc' dir='ltr'>καταλαλοῦν-</span> 
     </span>
    </p>
   </div>
   <div class='ocr_carea' id='block_1_23' title="bbox 1869 1442 3483 1515">
    <p class='ocr_par' dir='ltr' id='par_1_23' title="bbox 1913 1443 3483 1514">
     <span class='ocr_line' id='line_1_23' title="bbox 1913 1443 3483 1514; baseline 0.001 -15"><span class='ocrx_word' id='word_1_169' title='bbox 1913 1446 2056 1505; x_wconf 86' lang='lat' dir='ltr'><strong>ritis,</strong></span> <span class='ocrx_word' id='word_1_170' title='bbox 2086 1455 2139 1498; x_wconf 90' lang='lat' dir='ltr'><strong>et</strong></span> <span class='ocrx_word' id='word_1_171' title='bbox 2166 1445 2367 1499; x_wconf 84' lang='lat' dir='ltr'><strong>invidia</strong></span> <span class='ocrx_word' id='word_1_172' title='bbox 2404 1444 2614 1498; x_wconf 83' lang='lat' dir='ltr'><strong>incitati</strong></span> <span class='ocrx_word' id='word_1_173' title='bbox 2650 1443 2827 1498; x_wconf 84' lang='lat' dir='ltr'><strong>eidem</strong></span> <span class='ocrx_word' id='word_1_174' title='bbox 2864 1444 3187 1512; x_wconf 82' lang='lat' dir='ltr'><strong>injustitiam</strong></span> <span class='ocrx_word' id='word_1_175' title='bbox 3218 1457 3269 1500; x_wconf 88' lang='lat' dir='ltr'><strong>et</strong></span> <span class='ocrx_word' id='word_1_176' title='bbox 3305 1448 3483 1514; x_wconf 83' lang='lat' dir='ltr'><strong>legunt</strong></span> 
     </span>
    </p>
   </div>
   <div class='ocr_carea' id='block_1_24' title="bbox 247 1534 1861 1605">
    <p class='ocr_par' dir='ltr' id='par_1_24' title="bbox 247 1534 1811 1604">
     <span class='ocr_line' id='line_1_24' title="bbox 247 1534 1811 1604; baseline 0.001 -17"><span class='ocrx_word' id='word_1_177' title='bbox 247 1551 331 1598; x_wconf 85' lang='grc' dir='ltr'>τες</span> <span class='ocrx_word' id='word_1_178' title='bbox 361 1535 531 1603; x_wconf 78' lang='grc' dir='ltr'>αὐτῆς</span> <span class='ocrx_word' id='word_1_179' title='bbox 562 1534 777 1587; x_wconf 79' lang='grc' dir='ltr'>ἀδικίαν</span> <span class='ocrx_word' id='word_1_180' title='bbox 812 1536 907 1587; x_wconf 78' lang='grc' dir='ltr'>καὶ</span> <span class='ocrx_word' id='word_1_181' title='bbox 939 1534 1169 1604; x_wconf 83' lang='grc' dir='ltr'>ἀνομίαν</span> <span class='ocrx_word' id='word_1_182' title='bbox 1190 1550 1205 1565; x_wconf 77' lang='grc' dir='ltr'><strong><em>ο</em></strong></span> <span class='ocrx_word' id='word_1_183' title='bbox 1248 1535 1364 1597; x_wconf 84' lang='grc' dir='ltr'>πῶς</span> <span class='ocrx_word' id='word_1_184' title='bbox 1391 1536 1483 1589; x_wconf 81' lang='grc' dir='ltr'>τὸν</span> <span class='ocrx_word' id='word_1_185' title='bbox 1511 1536 1681 1588; x_wconf 75' lang='grc' dir='ltr'>ἀΐδιον</span> <span class='ocrx_word' id='word_1_186' title='bbox 1718 1535 1811 1588; x_wconf 85' lang='grc' dir='ltr'>τοῦ</span> 
     </span>
    </p>
   </div>
   <div class='ocr_carea' id='block_1_25' title="bbox 1872 1534 3486 1605">
    <p class='ocr_par' dir='ltr' id='par_1_25' title="bbox 1915 1536 3486 1605">
     <span class='ocr_line' id='line_1_25' title="bbox 1915 1536 3486 1605; baseline 0.001 -15"><span class='ocrx_word' id='word_1_187' title='bbox 1915 1543 2283 1604; x_wconf 87' lang='lat' dir='ltr'><strong>contemptum</strong></span> <span class='ocrx_word' id='word_1_188' title='bbox 2309 1536 2681 1604; x_wconf 79' lang='lat' dir='ltr'><strong>exprobratis;</strong></span> <span class='ocrx_word' id='word_1_189' title='bbox 2712 1536 2986 1605; x_wconf 87' lang='lat' dir='ltr'><strong>quomodo</strong></span> <span class='ocrx_word' id='word_1_190' title='bbox 3015 1545 3277 1589; x_wconf 62' lang='lat' dir='ltr'><strong>internum</strong></span> <span class='ocrx_word' id='word_1_191' title='bbox 3310 1537 3486 1592; x_wconf 78' lang='lat' dir='ltr'><strong>Patris</strong></span> 
     </span>
    </p>
   </div>
   <div class='ocr_carea' id='block_1_26' title="bbox 248 1624 1862 1698">
    <p class='ocr_par' dir='ltr' id='par_1_26' title="bbox 248 1624 1812 1698">
     <span class='ocr_line' id='line_1_26' title="bbox 248 1624 1812 1698; baseline -0.001 -17"><span class='ocrx_word' id='word_1_192' title='bbox 248 1625 454 1696; x_wconf 72' lang='grc' dir='ltr'>Πατρὸς</span> <span class='ocrx_word' id='word_1_193' title='bbox 490 1625 636 1687; x_wconf 80' lang='grc' dir='ltr'>Υἱὺν,</span> <span class='ocrx_word' id='word_1_194' title='bbox 688 1624 747 1691; x_wconf 76' lang='grc' dir='ltr'>ἐξ</span> <span class='ocrx_word' id='word_1_195' title='bbox 791 1625 962 1694; x_wconf 82' lang='grc' dir='ltr'>αὐτῆς</span> <span class='ocrx_word' id='word_1_196' title='bbox 1017 1627 1104 1679; x_wconf 79' lang='grc' dir='ltr'><strong>ἐπ’</strong></span> <span class='ocrx_word' id='word_1_197' title='bbox 1146 1627 1390 1695; x_wconf 75' lang='grc' dir='ltr'>ἐσχάτων</span> <span class='ocrx_word' id='word_1_198' title='bbox 1435 1626 1574 1695; x_wconf 87' lang='grc' dir='ltr'><strong>μετά</strong></span> <span class='ocrx_word' id='word_1_199' title='bbox 1608 1627 1812 1698; x_wconf 82' lang='grc' dir='ltr'>σαρκὸς</span> 
     </span>
    </p>
   </div>
   <div class='ocr_carea' id='block_1_27' title="bbox 1881 1624 3495 1698">
    <p class='ocr_par' dir='ltr' id='par_1_27' title="bbox 1915 1624 3495 1696">
     <span class='ocr_line' id='line_1_27' title="bbox 1915 1624 3495 1696; baseline 0 -17"><span class='ocrx_word' id='word_1_200' title='bbox 1915 1624 2113 1681; x_wconf 83' lang='lat' dir='ltr'><strong>Filium</strong></span> <span class='ocrx_word' id='word_1_201' title='bbox 2147 1627 2214 1680; x_wconf 85' lang='lat' dir='ltr'><strong>ab</strong></span> <span class='ocrx_word' id='word_1_202' title='bbox 2245 1627 2360 1696; x_wconf 90' lang='lat' dir='ltr'><strong>ipsa</strong></span> <span class='ocrx_word' id='word_1_203' title='bbox 2387 1626 2645 1680; x_wconf 82' lang='lat' dir='ltr'><strong>extremis</strong></span> <span class='ocrx_word' id='word_1_204' title='bbox 2678 1627 3015 1695; x_wconf 86' lang='lat' dir='ltr'><strong>temporibus</strong></span> <span class='ocrx_word' id='word_1_205' title='bbox 3042 1627 3342 1680; x_wconf 86' lang='lat' dir='ltr'><strong>secundum</strong></span> <span class='ocrx_word' id='word_1_206' title='bbox 3374 1644 3495 1681; x_wconf 90' lang='lat' dir='ltr'><strong>car-</strong></span> 
     </span>
    </p>
   </div>
   <div class='ocr_carea' id='block_1_28' title="bbox 246 1703 1860 1791">
    <p class='ocr_par' dir='ltr' id='par_1_28' title="bbox 246 1703 1860 1791">
     <span class='ocr_line' id='line_1_28' title="bbox 246 1703 1860 1791; baseline 0.001 -21"><span class='ocrx_word' id='word_1_207' title='bbox 246 1716 587 1788; x_wconf 80' lang='grc' dir='ltr'>γεννηθέντα,</span> <span class='ocrx_word' id='word_1_208' title='bbox 614 1718 712 1787; x_wconf 84' lang='grc' dir='ltr'><strong>οὐχ</strong></span> <span class='ocrx_word' id='word_1_209' title='bbox 741 1717 1109 1783; x_wconf 76' lang='grc' dir='ltr'>ύπεδέξασθε;</span> <span class='ocrx_word' id='word_1_210' title='bbox 1145 1720 1241 1771; x_wconf 73' lang='grc' dir='ltr'><strong>καὶ</strong></span> <span class='ocrx_word' id='word_1_211' title='bbox 1289 1720 1348 1771; x_wconf 79' lang='grc' dir='ltr'><strong>ού</strong></span> <span class='ocrx_word' id='word_1_212' title='bbox 1395 1720 1555 1789; x_wconf 86' lang='grc' dir='ltr'>μόνον</span> <span class='ocrx_word' id='word_1_213' title='bbox 1602 1721 1811 1791; x_wconf 85' lang='grc' dir='ltr'>ταύτης</span> <span class='ocrx_word' id='word_1_214' title='bbox 1844 1703 1860 1761; x_wconf 74' lang='grc'><strong>1</strong></span> 
     </span>
    </p>
   </div>
   <div class='ocr_carea' id='block_1_29' title="bbox 1871 1703 3485 1791">
    <p class='ocr_par' dir='ltr' id='par_1_29' title="bbox 1871 1705 3485 1788">
     <span class='ocr_line' id='line_1_29' title="bbox 1871 1705 3485 1788; baseline -0.002 -17"><span class='ocrx_word' id='word_1_215' title='bbox 1871 1705 1886 1758; x_wconf 63' lang='grc' dir='ltr'>ι</span> <span class='ocrx_word' id='word_1_216' title='bbox 1915 1732 2039 1773; x_wconf 89' lang='lat' dir='ltr'><strong>nem</strong></span> <span class='ocrx_word' id='word_1_217' title='bbox 2065 1718 2305 1787; x_wconf 86' lang='lat' dir='ltr'><strong>genitum</strong></span> <span class='ocrx_word' id='word_1_218' title='bbox 2333 1718 2750 1788; x_wconf 81' lang='lat' dir='ltr'><strong>haudquaquam</strong></span> <span class='ocrx_word' id='word_1_219' title='bbox 2776 1718 3093 1786; x_wconf 87' lang='lat' dir='ltr'><strong>recepistis?</strong></span> <span class='ocrx_word' id='word_1_220' title='bbox 3115 1727 3169 1772; x_wconf 83' lang='lat' dir='ltr'><strong>ct</strong></span> <span class='ocrx_word' id='word_1_221' title='bbox 3193 1735 3296 1771; x_wconf 89' lang='lat' dir='ltr'><strong>non</strong></span> <span class='ocrx_word' id='word_1_222' title='bbox 3329 1719 3485 1772; x_wconf 78' lang='lat' dir='ltr'><strong>modo</strong></span> 
     </span>
    </p>
   </div>
   <div class='ocr_carea' id='block_1_30' title="bbox 244 1806 1858 1881">
    <p class='ocr_par' dir='ltr' id='par_1_30' title="bbox 244 1806 1811 1881">
     <span class='ocr_line' id='line_1_30' title="bbox 244 1806 1811 1881; baseline 0.003 -21"><span class='ocrx_word' id='word_1_223' title='bbox 244 1808 337 1876; x_wconf 83' lang='grc' dir='ltr'>τῆς</span> <span class='ocrx_word' id='word_1_224' title='bbox 366 1806 543 1877; x_wconf 82' lang='grc' dir='ltr'>δόξης,</span> <span class='ocrx_word' id='word_1_225' title='bbox 582 1806 715 1860; x_wconf 85' lang='grc' dir='ltr'>ἀλλὰ</span> <span class='ocrx_word' id='word_1_226' title='bbox 744 1809 836 1860; x_wconf 72' lang='grc' dir='ltr'>καὶ</span> <span class='ocrx_word' id='word_1_227' title='bbox 877 1808 971 1860; x_wconf 79' lang='grc' dir='ltr'>τοῦ</span> <span class='ocrx_word' id='word_1_228' title='bbox 1011 1808 1365 1878; x_wconf 70' lang='grc' dir='ltr'>γεννηθέντος</span> <span class='ocrx_word' id='word_1_229' title='bbox 1406 1810 1625 1881; x_wconf 81' lang='grc' dir='ltr'>ἄμοιροι</span> <span class='ocrx_word' id='word_1_230' title='bbox 1674 1812 1811 1864; x_wconf 89' lang='grc' dir='ltr'>καθ-</span> 
     </span>
    </p>
   </div>
   <div class='ocr_carea' id='block_1_31' title="bbox 1870 1806 3484 1881">
    <p class='ocr_par' dir='ltr' id='par_1_31' title="bbox 1916 1809 3484 1878">
     <span class='ocr_line' id='line_1_31' title="bbox 1916 1809 3484 1878; baseline 0.001 -16"><span class='ocrx_word' id='word_1_231' title='bbox 1916 1809 2129 1873; x_wconf 88' lang='lat' dir='ltr'><strong>matris,</strong></span> <span class='ocrx_word' id='word_1_232' title='bbox 2161 1810 2252 1864; x_wconf 93' lang='lat' dir='ltr'><strong>sed</strong></span> <span class='ocrx_word' id='word_1_233' title='bbox 2277 1818 2331 1863; x_wconf 91' lang='lat' dir='ltr'><strong>et</strong></span> <span class='ocrx_word' id='word_1_234' title='bbox 2361 1810 2453 1863; x_wconf 86' lang='lat' dir='ltr'><strong>lilii</strong></span> <span class='ocrx_word' id='word_1_235' title='bbox 2493 1809 2678 1878; x_wconf 68' lang='lat' dir='ltr'><strong>gloria:</strong></span> <span class='ocrx_word' id='word_1_236' title='bbox 2706 1819 2954 1864; x_wconf 83' lang='lat' dir='ltr'><strong>exsortes</strong></span> <span class='ocrx_word' id='word_1_237' title='bbox 2983 1809 3349 1875; x_wconf 86' lang='lat' dir='ltr'><strong>remansistis,</strong></span> <span class='ocrx_word' id='word_1_238' title='bbox 3375 1825 3484 1863; x_wconf 92' lang='lat' dir='ltr'><strong>non</strong></span> 
     </span>
    </p>
   </div>
   <div class='ocr_carea' id='block_1_32' title="bbox 243 1899 1857 1972">
    <p class='ocr_par' dir='ltr' id='par_1_32' title="bbox 243 1899 1809 1972">
     <span class='ocr_line' id='line_1_32' title="bbox 243 1899 1809 1972; baseline 0.003 -22"><span class='ocrx_word' id='word_1_239' title='bbox 243 1899 529 1969; x_wconf 77' lang='grc' dir='ltr'>εττήκατε,</span> <span class='ocrx_word' id='word_1_240' title='bbox 584 1899 705 1969; x_wconf 74' lang='grc' dir='ltr'><strong>οὐχὶ</strong></span> <span class='ocrx_word' id='word_1_241' title='bbox 753 1899 847 1952; x_wconf 82' lang='grc' dir='ltr'>τοῦ</span> <span class='ocrx_word' id='word_1_242' title='bbox 892 1900 1337 1971; x_wconf 83' lang='grc' dir='ltr'>παραγενομένου</span> <span class='ocrx_word' id='word_1_243' title='bbox 1401 1901 1615 1964; x_wconf 85' lang='grc' dir='ltr'>πάντως</span> <span class='ocrx_word' id='word_1_244' title='bbox 1680 1901 1809 1972; x_wconf 81' lang='grc' dir='ltr'>ὑμῖν</span> 
     </span>
    </p>
   </div>
   <div class='ocr_carea' id='block_1_33' title="bbox 1868 1899 3482 1972">
    <p class='ocr_par' dir='ltr' id='par_1_33' title="bbox 1915 1901 3482 1972">
     <span class='ocr_line' id='line_1_33' title="bbox 1915 1901 3482 1972; baseline 0.001 -19"><span class='ocrx_word' id='word_1_245' title='bbox 1915 1902 2071 1970; x_wconf 87' lang='lat' dir='ltr'><strong>quasi</strong></span> <span class='ocrx_word' id='word_1_246' title='bbox 2110 1902 2224 1970; x_wconf 90' lang='lat' dir='ltr'><strong>ipse</strong></span> <span class='ocrx_word' id='word_1_247' title='bbox 2254 1917 2491 1969; x_wconf 68' lang='lat' dir='ltr'><strong>praesens</strong></span> <span class='ocrx_word' id='word_1_248' title='bbox 2522 1901 2696 1956; x_wconf 76' lang='lat' dir='ltr'><strong>lactus</strong></span> <span class='ocrx_word' id='word_1_249' title='bbox 2726 1918 2823 1957; x_wconf 84' lang='lat' dir='ltr'><strong>vos</strong></span> <span class='ocrx_word' id='word_1_250' title='bbox 2864 1903 2974 1956; x_wconf 95' lang='lat' dir='ltr'><strong>ullo</strong></span> <span class='ocrx_word' id='word_1_251' title='bbox 3016 1904 3177 1956; x_wconf 90' lang='lat' dir='ltr'><strong>modo</strong></span> <span class='ocrx_word' id='word_1_252' title='bbox 3210 1903 3482 1972; x_wconf 82' lang='lat' dir='ltr'><strong>rejecerit,</strong></span> 
     </span>
    </p>
   </div>
   <div class='ocr_carea' id='block_1_34' title="bbox 242 1990 1856 2063">
    <p class='ocr_par' dir='ltr' id='par_1_34' title="bbox 242 1990 1805 2063">
     <span class='ocr_line' id='line_1_34' title="bbox 242 1990 1805 2063; baseline 0.001 -21"><span class='ocrx_word' id='word_1_253' title='bbox 242 1991 624 2059; x_wconf 81' lang='grc' dir='ltr'>φθονήσαντος,</span> <span class='ocrx_word' id='word_1_254' title='bbox 655 1990 793 2043; x_wconf 85' lang='grc' dir='ltr'><strong>ἀλλά</strong></span> <span class='ocrx_word' id='word_1_255' title='bbox 838 1994 903 2062; x_wconf 72' lang='grc' dir='ltr'>τῇ</span> <span class='ocrx_word' id='word_1_256' title='bbox 936 1991 1179 2063; x_wconf 78' lang='grc' dir='ltr'>ὑμετέρᾳ</span> <span class='ocrx_word' id='word_1_257' title='bbox 1212 1991 1382 2061; x_wconf 76' lang='grc' dir='ltr'>κακίᾳ</span> <span class='ocrx_word' id='word_1_258' title='bbox 1414 1992 1805 2057; x_wconf 81' lang='grc' dir='ltr'>ἐξοκείλαντες,</span> 
     </span>
    </p>
   </div>
   <div class='ocr_carea' id='block_1_35' title="bbox 1871 1990 3485 2063">
    <p class='ocr_par' dir='ltr' id='par_1_35' title="bbox 1915 1992 3485 2063">
     <span class='ocr_line' id='line_1_35' title="bbox 1915 1992 3485 2063; baseline 0.001 -17"><span class='ocrx_word' id='word_1_259' title='bbox 1915 1992 2006 2046; x_wconf 87' lang='lat' dir='ltr'><strong>sed</strong></span> <span class='ocrx_word' id='word_1_260' title='bbox 2039 1993 2163 2061; x_wconf 88' lang='lat' dir='ltr'><strong>quia</strong></span> <span class='ocrx_word' id='word_1_261' title='bbox 2196 2002 2375 2047; x_wconf 85' lang='lat' dir='ltr'><strong>vestra</strong></span> <span class='ocrx_word' id='word_1_262' title='bbox 2412 1993 2613 2047; x_wconf 90' lang='lat' dir='ltr'><strong>malitia</strong></span> <span class='ocrx_word' id='word_1_263' title='bbox 2646 2009 2768 2047; x_wconf 90' lang='lat' dir='ltr'><strong>eum</strong></span> <span class='ocrx_word' id='word_1_264' title='bbox 2805 1994 3170 2063; x_wconf 82' lang='lat' dir='ltr'><strong>repudiastis;</strong></span> <span class='ocrx_word' id='word_1_265' title='bbox 3208 2004 3262 2049; x_wconf 89' lang='lat' dir='ltr'><strong>et</strong></span> <span class='ocrx_word' id='word_1_266' title='bbox 3300 1994 3353 2047; x_wconf 91' lang='lat' dir='ltr'><strong>in</strong></span> <span class='ocrx_word' id='word_1_267' title='bbox 3384 1994 3485 2048; x_wconf 86' lang='lat' dir='ltr'><strong>iut-</strong></span> 
     </span>
    </p>
   </div>
   <div class='ocr_carea' id='block_1_36' title="bbox 239 2082 1853 2154">
    <p class='ocr_par' dir='ltr' id='par_1_36' title="bbox 239 2082 1807 2154">
     <span class='ocr_line' id='line_1_36' title="bbox 239 2082 1807 2154; baseline 0.003 -21"><span class='ocrx_word' id='word_1_268' title='bbox 239 2083 330 2133; x_wconf 83' lang='grc' dir='ltr'>καὶ</span> <span class='ocrx_word' id='word_1_269' title='bbox 358 2084 422 2152; x_wconf 81' lang='grc' dir='ltr'>τῇ</span> <span class='ocrx_word' id='word_1_270' title='bbox 450 2082 685 2153; x_wconf 81' lang='grc' dir='ltr'>πονηρίᾳ</span> <span class='ocrx_word' id='word_1_271' title='bbox 708 2082 807 2152; x_wconf 87' lang='grc' dir='ltr'>τῆς</span> <span class='ocrx_word' id='word_1_272' title='bbox 837 2082 991 2152; x_wconf 82' lang='grc' dir='ltr'>ὑμῶν</span> <span class='ocrx_word' id='word_1_273' title='bbox 1022 2082 1385 2153; x_wconf 79' lang='grc' dir='ltr'>ματαιότητος</span> <span class='ocrx_word' id='word_1_274' title='bbox 1414 2084 1807 2154; x_wconf 83' lang='grc' dir='ltr'>ὑπομείναντες</span> 
     </span>
    </p>
   </div>
   <div class='ocr_carea' id='block_1_37' title="bbox 1870 2082 3484 2154">
    <p class='ocr_par' dir='ltr' id='par_1_37' title="bbox 1915 2083 3484 2153">
     <span class='ocr_line' id='line_1_37' title="bbox 1915 2083 3484 2153; baseline 0.001 -18"><span class='ocrx_word' id='word_1_275' title='bbox 1915 2083 2185 2153; x_wconf 83' lang='lat' dir='ltr'><strong>probitate</strong></span> <span class='ocrx_word' id='word_1_276' title='bbox 2219 2083 2459 2138; x_wconf 81' lang='lat' dir='ltr'><strong>stultitiae</strong></span> <span class='ocrx_word' id='word_1_277' title='bbox 2492 2096 2686 2140; x_wconf 65' lang='lat' dir='ltr'><strong>vestra:</strong></span> <span class='ocrx_word' id='word_1_278' title='bbox 2724 2085 3080 2153; x_wconf 81' lang='lat' dir='ltr'><strong>pervicaciter</strong></span> <span class='ocrx_word' id='word_1_279' title='bbox 3130 2099 3484 2153; x_wconf 82' lang='lat' dir='ltr'><strong>perseveran-</strong></span> 
     </span>
    </p>
   </div>
   <div class='ocr_carea' id='block_1_38' title="bbox 237 2171 1851 2246">
    <p class='ocr_par' dir='ltr' id='par_1_38' title="bbox 237 2171 1809 2244">
     <span class='ocr_line' id='line_1_38' title="bbox 237 2171 1809 2244; baseline -0.001 -18"><span class='ocrx_word' id='word_1_280' title='bbox 237 2171 501 2240; x_wconf 66' lang='grc' dir='ltr'>ἀφθόνως,</span> <span class='ocrx_word' id='word_1_281' title='bbox 538 2173 634 2240; x_wconf 81' lang='grc' dir='ltr'>τῆς</span> <span class='ocrx_word' id='word_1_282' title='bbox 678 2172 835 2244; x_wconf 79' lang='grc' dir='ltr'>δόξης</span> <span class='ocrx_word' id='word_1_283' title='bbox 882 2172 1205 2243; x_wconf 75' lang='grc' dir='ltr'>ἀμφοτέρων</span> <span class='ocrx_word' id='word_1_284' title='bbox 1255 2175 1682 2229; x_wconf 83' lang='grc' dir='ltr'>ὲκπεπτώκατε·</span> <span class='ocrx_word' id='word_1_285' title='bbox 1727 2174 1809 2226; x_wconf 79' lang='grc' dir='ltr'>διὸ</span> 
     </span>
    </p>
   </div>
   <div class='ocr_carea' id='block_1_39' title="bbox 1868 2171 3482 2246">
    <p class='ocr_par' dir='ltr' id='par_1_39' title="bbox 1916 2176 3482 2246">
     <span class='ocr_line' id='line_1_39' title="bbox 1916 2176 3482 2246; baseline 0.001 -18"><span class='ocrx_word' id='word_1_286' title='bbox 1916 2185 2017 2236; x_wconf 87' lang='lat' dir='ltr'><strong>tes,</strong></span> <span class='ocrx_word' id='word_1_287' title='bbox 2049 2176 2117 2229; x_wconf 89' lang='lat' dir='ltr'><strong>ab</strong></span> <span class='ocrx_word' id='word_1_288' title='bbox 2147 2176 2431 2245; x_wconf 88' lang='lat' dir='ltr'><strong>utriusque</strong></span> <span class='ocrx_word' id='word_1_289' title='bbox 2462 2176 2633 2246; x_wconf 78' lang='lat' dir='ltr'><strong>gloria</strong></span> <span class='ocrx_word' id='word_1_290' title='bbox 2662 2176 2974 2231; x_wconf 80' lang='lat' dir='ltr'><strong>excidistis!</strong></span> <span class='ocrx_word' id='word_1_291' title='bbox 3022 2178 3190 2245; x_wconf 79' lang='lat' dir='ltr'><strong>Igitur</strong></span> <span class='ocrx_word' id='word_1_292' title='bbox 3223 2187 3482 2245; x_wconf 82' lang='lat' dir='ltr'><strong>tanquam</strong></span> 
     </span>
    </p>
   </div>
   <div class='ocr_carea' id='block_1_40' title="bbox 234 2259 1848 2337">
    <p class='ocr_par' dir='ltr' id='par_1_40' title="bbox 234 2259 1808 2332">
     <span class='ocr_line' id='line_1_40' title="bbox 234 2259 1808 2332; baseline 0.001 -20"><span class='ocrx_word' id='word_1_293' title='bbox 234 2261 305 2324; x_wconf 85' lang='grc' dir='ltr'>ὡς</span> <span class='ocrx_word' id='word_1_294' title='bbox 328 2261 480 2322; x_wconf 76' lang='grc' dir='ltr'>ὄντες</span> <span class='ocrx_word' id='word_1_295' title='bbox 509 2262 772 2332; x_wconf 82' lang='grc' dir='ltr'>ἄχρηστοι</span> <span class='ocrx_word' id='word_1_296' title='bbox 814 2261 909 2314; x_wconf 69' lang='grc' dir='ltr'>καὶ</span> <span class='ocrx_word' id='word_1_297' title='bbox 940 2261 1205 2331; x_wconf 86' lang='grc' dir='ltr'>πρότερον</span> <span class='ocrx_word' id='word_1_298' title='bbox 1258 2260 1354 2314; x_wconf 73' lang='grc' dir='ltr'>καὶ</span> <span class='ocrx_word' id='word_1_299' title='bbox 1391 2261 1705 2331; x_wconf 87' lang='grc' dir='ltr'>μετέπειτα,</span> <span class='ocrx_word' id='word_1_300' title='bbox 1739 2259 1808 2313; x_wconf 82' lang='grc' dir='ltr'><strong>τά</strong></span> 
     </span>
    </p>
   </div>
   <div class='ocr_carea' id='block_1_41' title="bbox 1870 2259 3484 2337">
    <p class='ocr_par' dir='ltr' id='par_1_41' title="bbox 1916 2266 3484 2337">
     <span class='ocr_line' id='line_1_41' title="bbox 1916 2266 3484 2337; baseline 0.002 -19"><span class='ocrx_word' id='word_1_301' title='bbox 1916 2266 2164 2321; x_wconf 80' lang='lat' dir='ltr'><strong>homines</strong></span> <span class='ocrx_word' id='word_1_302' title='bbox 2214 2282 2447 2336; x_wconf 88' lang='lat' dir='ltr'><strong>nequam</strong></span> <span class='ocrx_word' id='word_1_303' title='bbox 2500 2277 2553 2322; x_wconf 88' lang='lat' dir='ltr'><strong>et</strong></span> <span class='ocrx_word' id='word_1_304' title='bbox 2606 2268 2755 2329; x_wconf 88' lang='lat' dir='ltr'><strong>olim,</strong></span> <span class='ocrx_word' id='word_1_305' title='bbox 2806 2278 2860 2322; x_wconf 89' lang='lat' dir='ltr'><strong>et</strong></span> <span class='ocrx_word' id='word_1_306' title='bbox 2908 2270 3154 2337; x_wconf 85' lang='lat' dir='ltr'><strong>posthac,</strong></span> <span class='ocrx_word' id='word_1_307' title='bbox 3204 2269 3257 2321; x_wconf 93' lang='lat' dir='ltr'><strong>in</strong></span> <span class='ocrx_word' id='word_1_308' title='bbox 3292 2267 3484 2321; x_wconf 87' lang='lat' dir='ltr'><strong>totius</strong></span> 
     </span>
    </p>
   </div>
   <div class='ocr_carea' id='block_1_42' title="bbox 234 2352 1848 2427">
    <p class='ocr_par' dir='ltr' id='par_1_42' title="bbox 234 2352 1807 2426">
     <span class='ocr_line' id='line_1_42' title="bbox 234 2352 1807 2426; baseline -0.001 -21"><span class='ocrx_word' id='word_1_309' title='bbox 234 2354 327 2423; x_wconf 82' lang='grc' dir='ltr'>τῆς</span> <span class='ocrx_word' id='word_1_310' title='bbox 367 2352 667 2422; x_wconf 86' lang='grc' dir='ltr'>βασκανίας</span> <span class='ocrx_word' id='word_1_311' title='bbox 698 2353 852 2426; x_wconf 84' lang='grc' dir='ltr'>ὑμῶν</span> <span class='ocrx_word' id='word_1_312' title='bbox 881 2354 1103 2423; x_wconf 82' lang='grc' dir='ltr'>έγχειρή</span> <span class='ocrx_word' id='word_1_313' title='bbox 1113 2370 1278 2422; x_wconf 88' lang='grc' dir='ltr'>ματα,</span> <span class='ocrx_word' id='word_1_314' title='bbox 1317 2352 1482 2406; x_wconf 73' lang='grc' dir='ltr'>παντὶ</span> <span class='ocrx_word' id='word_1_315' title='bbox 1509 2352 1586 2421; x_wconf 81' lang='grc' dir='ltr'>τῷ</span> <span class='ocrx_word' id='word_1_316' title='bbox 1613 2352 1807 2421; x_wconf 85' lang='grc' dir='ltr'>κόσμῳ</span> 
     </span>
    </p>
   </div>
   <div class='ocr_carea' id='block_1_43' title="bbox 1864 2352 3478 2427">
    <p class='ocr_par' dir='ltr' id='par_1_43' title="bbox 1915 2358 3478 2427">
     <span class='ocr_line' id='line_1_43' title="bbox 1915 2358 3478 2427; baseline 0.001 -18"><span class='ocrx_word' id='word_1_317' title='bbox 1915 2358 2099 2411; x_wconf 86' lang='lat' dir='ltr'><strong>mundi</strong></span> <span class='ocrx_word' id='word_1_318' title='bbox 2137 2358 2254 2411; x_wconf 90' lang='lat' dir='ltr'><strong>luce</strong></span> <span class='ocrx_word' id='word_1_319' title='bbox 2278 2358 2587 2412; x_wconf 87' lang='lat' dir='ltr'><strong>collocastis</strong></span> <span class='ocrx_word' id='word_1_320' title='bbox 2617 2358 2817 2427; x_wconf 84' lang='lat' dir='ltr'><strong>ﬂagitia</strong></span> <span class='ocrx_word' id='word_1_321' title='bbox 2844 2359 3237 2413; x_wconf 67' lang='lat' dir='ltr'><strong>malevolentia:</strong></span> <span class='ocrx_word' id='word_1_322' title='bbox 3266 2369 3478 2419; x_wconf 65' lang='lat' dir='ltr'><strong>vestrae,</strong></span> 
     </span>
    </p>
   </div>
   <div class='ocr_carea' id='block_1_44' title="bbox 234 2443 1848 2520">
    <p class='ocr_par' dir='ltr' id='par_1_44' title="bbox 234 2443 1805 2515">
     <span class='ocr_line' id='line_1_44' title="bbox 234 2443 1805 2515; baseline -0.001 -19"><span class='ocrx_word' id='word_1_323' title='bbox 234 2445 443 2514; x_wconf 82' lang='grc' dir='ltr'>φανερὰ</span> <span class='ocrx_word' id='word_1_324' title='bbox 472 2444 866 2515; x_wconf 85' lang='grc' dir='ltr'>καθεστήκατε,</span> <span class='ocrx_word' id='word_1_325' title='bbox 911 2444 1054 2498; x_wconf 85' lang='grc' dir='ltr'><strong>κατά</strong></span> <span class='ocrx_word' id='word_1_326' title='bbox 1093 2445 1186 2496; x_wconf 82' lang='grc' dir='ltr'>τὸν</span> <span class='ocrx_word' id='word_1_327' title='bbox 1217 2444 1373 2511; x_wconf 86' lang='grc' dir='ltr'>λόγον</span> <span class='ocrx_word' id='word_1_328' title='bbox 1409 2443 1500 2496; x_wconf 84' lang='grc' dir='ltr'>τοῦ</span> <span class='ocrx_word' id='word_1_329' title='bbox 1532 2444 1805 2513; x_wconf 83' lang='grc' dir='ltr'>Σωτῆρος,</span> 
     </span>
    </p>
   </div>
   <div class='ocr_carea' id='block_1_45' title="bbox 1869 2443 3483 2520">
    <p class='ocr_par' dir='ltr' id='par_1_45' title="bbox 1908 2448 3483 2520">
     <span class='ocr_line' id='line_1_45' title="bbox 1908 2448 3483 2520; baseline 0.001 -18"><span class='ocrx_word' id='word_1_330' title='bbox 1908 2452 2061 2520; x_wconf 79' lang='lat' dir='ltr'><strong>juxta</strong></span> <span class='ocrx_word' id='word_1_331' title='bbox 2093 2450 2390 2504; x_wconf 89' lang='lat' dir='ltr'><strong>Salvatoris</strong></span> <span class='ocrx_word' id='word_1_332' title='bbox 2421 2451 2701 2505; x_wconf 89' lang='lat' dir='ltr'><strong>oraculum</strong></span> <span class='ocrx_word' id='word_1_333' title='bbox 2733 2451 3017 2520; x_wconf 80' lang='lat' dir='ltr'><strong>perspicue</strong></span> <span class='ocrx_word' id='word_1_334' title='bbox 3042 2451 3109 2503; x_wconf 89' lang='lat' dir='ltr'><strong>de</strong></span> <span class='ocrx_word' id='word_1_335' title='bbox 3138 2450 3291 2504; x_wconf 82' lang='lat' dir='ltr'><strong>vobis</strong></span> <span class='ocrx_word' id='word_1_336' title='bbox 3316 2448 3483 2518; x_wconf 85' lang='lat' dir='ltr'><strong>signi-</strong></span> 
     </span>
    </p>
   </div>
   <div class='ocr_carea' id='block_1_46' title="bbox 231 2533 1845 2609">
    <p class='ocr_par' dir='ltr' id='par_1_46' title="bbox 231 2533 1807 2605">
     <span class='ocr_line' id='line_1_46' title="bbox 231 2533 1807 2605; baseline 0.001 -19"><span class='ocrx_word' id='word_1_337' title='bbox 231 2535 318 2587; x_wconf 73' lang='grc' dir='ltr'><strong>τὸν</strong></span> <span class='ocrx_word' id='word_1_338' title='bbox 355 2535 424 2588; x_wconf 86' lang='grc' dir='ltr'><strong>δι’</strong></span> <span class='ocrx_word' id='word_1_339' title='bbox 474 2535 616 2605; x_wconf 80' lang='grc' dir='ltr'>ὑμᾶς</span> <span class='ocrx_word' id='word_1_340' title='bbox 662 2533 1131 2604; x_wconf 78' lang='grc' dir='ltr'>ὲμφανιζόμενον·</span> <span class='ocrx_word' id='word_1_341' title='bbox 1188 2534 1389 2605; x_wconf 77' lang='grc' dir='ltr'>Ἀμὴν,</span> <span class='ocrx_word' id='word_1_342' title='bbox 1439 2534 1603 2604; x_wconf 78' lang='grc' dir='ltr'>ἀμὴν</span> <span class='ocrx_word' id='word_1_343' title='bbox 1652 2534 1807 2603; x_wconf 71' lang='grc' dir='ltr'>,λέγω</span> 
     </span>
    </p>
   </div>
   <div class='ocr_carea' id='block_1_47' title="bbox 1868 2533 3482 2609">
    <p class='ocr_par' dir='ltr' id='par_1_47' title="bbox 1916 2540 3482 2609">
     <span class='ocr_line' id='line_1_47' title="bbox 1916 2540 3482 2609; baseline 0 -16"><span class='ocrx_word' id='word_1_344' title='bbox 1916 2542 2132 2594; x_wconf 88' lang='lat' dir='ltr'><strong>licatunt</strong></span> <span class='ocrx_word' id='word_1_345' title='bbox 2169 2560 2180 2597; x_wconf 90' lang='lat'>:</span> <span class='ocrx_word' id='word_1_346' title='bbox 2217 2540 2400 2601; x_wconf 85' lang='lat' dir='ltr'><strong>Amen,</strong></span> <span class='ocrx_word' id='word_1_347' title='bbox 2427 2558 2576 2595; x_wconf 85' lang='lat' dir='ltr'><strong>amen</strong></span> <span class='ocrx_word' id='word_1_348' title='bbox 2605 2542 2720 2595; x_wconf 85' lang='lat' dir='ltr'><strong>dico</strong></span> <span class='ocrx_word' id='word_1_349' title='bbox 2747 2542 2909 2602; x_wconf 84' lang='lat' dir='ltr'><strong>vobis.</strong></span> <span class='ocrx_word' id='word_1_350' title='bbox 2943 2541 2989 2594; x_wconf 90' lang='lat' dir='ltr'><strong>si</strong></span> <span class='ocrx_word' id='word_1_351' title='bbox 3023 2541 3121 2609; x_wconf 76' lang='lat' dir='ltr'><strong>ﬁlii</strong></span> <span class='ocrx_word' id='word_1_352' title='bbox 3155 2540 3380 2594; x_wconf 69' lang='lat' dir='ltr'><strong>Abrahae</strong></span> <span class='ocrx_word' id='word_1_353' title='bbox 3408 2557 3482 2593; x_wconf 84' lang='lat' dir='ltr'><strong>es-</strong></span> 
     </span>
    </p>
   </div>
   <div class='ocr_carea' id='block_1_48' title="bbox 230 2623 1844 2702">
    <p class='ocr_par' dir='ltr' id='par_1_48' title="bbox 230 2623 1807 2698">
     <span class='ocr_line' id='line_1_48' title="bbox 230 2623 1807 2698; baseline -0.001 -17"><span class='ocrx_word' id='word_1_354' title='bbox 230 2626 390 2694; x_wconf 80' lang='grc' dir='ltr'><strong>ὐμῖν,</strong></span> <span class='ocrx_word' id='word_1_355' title='bbox 437 2628 491 2679; x_wconf 81' lang='grc' dir='ltr'>εὶ</span> <span class='ocrx_word' id='word_1_356' title='bbox 548 2626 730 2679; x_wconf 74' lang='grc' dir='ltr'>τέκνα</span> <span class='ocrx_word' id='word_1_357' title='bbox 781 2627 888 2681; x_wconf 85' lang='grc' dir='ltr'>τοῦ</span> <span class='ocrx_word' id='word_1_358' title='bbox 946 2626 1192 2696; x_wconf 81' lang='grc' dir='ltr'>Ἀϐραὰμ</span> <span class='ocrx_word' id='word_1_359' title='bbox 1243 2623 1369 2698; x_wconf 81' lang='grc' dir='ltr'>ἦτε,</span> <span class='ocrx_word' id='word_1_360' title='bbox 1411 2625 1483 2680; x_wconf 82' lang='grc' dir='ltr'>τὰ</span> <span class='ocrx_word' id='word_1_361' title='bbox 1526 2627 1669 2696; x_wconf 78' lang='grc' dir='ltr'>ἔργα</span> <span class='ocrx_word' id='word_1_362' title='bbox 1700 2625 1807 2679; x_wconf 85' lang='grc' dir='ltr'>τοῦ</span> 
     </span>
    </p>
   </div>
   <div class='ocr_carea' id='block_1_49' title="bbox 1867 2623 3481 2702">
    <p class='ocr_par' dir='ltr' id='par_1_49' title="bbox 1914 2633 3481 2702">
     <span class='ocr_line' id='line_1_49' title="bbox 1914 2633 3481 2702; baseline 0.001 -17"><span class='ocrx_word' id='word_1_363' title='bbox 1914 2633 2056 2695; x_wconf 87' lang='lat' dir='ltr'><strong>setis,</strong></span> <span class='ocrx_word' id='word_1_364' title='bbox 2086 2648 2241 2701; x_wconf 85' lang='lat' dir='ltr'><strong>opera</strong></span> <span class='ocrx_word' id='word_1_365' title='bbox 2270 2633 2495 2686; x_wconf 68' lang='lat' dir='ltr'><strong>Abrahae</strong></span> <span class='ocrx_word' id='word_1_366' title='bbox 2522 2633 2800 2702; x_wconf 78' lang='lat' dir='ltr'><strong>faceretis;</strong></span> <span class='ocrx_word' id='word_1_367' title='bbox 2836 2634 2924 2687; x_wconf 82' lang='lat' dir='ltr'><strong>ille</strong></span> <span class='ocrx_word' id='word_1_368' title='bbox 2957 2634 3094 2687; x_wconf 84' lang='lat' dir='ltr'><strong>enim</strong></span> <span class='ocrx_word' id='word_1_369' title='bbox 3122 2636 3186 2688; x_wconf 85' lang='lat' dir='ltr'><strong>de</strong></span> <span class='ocrx_word' id='word_1_370' title='bbox 3214 2651 3292 2687; x_wconf 90' lang='lat' dir='ltr'><strong>me</strong></span> <span class='ocrx_word' id='word_1_371' title='bbox 3332 2634 3481 2687; x_wconf 83' lang='lat' dir='ltr'><strong>locu-</strong></span> 
     </span>
    </p>
   </div>
   <div class='ocr_carea' id='block_1_50' title="bbox 240 2715 1854 2789">
    <p class='ocr_par' dir='ltr' id='par_1_50' title="bbox 240 2715 1806 2787">
     <span class='ocr_line' id='line_1_50' title="bbox 240 2715 1806 2787; baseline -0.001 -16"><span class='ocrx_word' id='word_1_372' title='bbox 240 2716 490 2785; x_wconf 76' lang='grc' dir='ltr'>Ἀϐραὰμ</span> <span class='ocrx_word' id='word_1_373' title='bbox 513 2717 764 2771; x_wconf 77' lang='grc' dir='ltr'>ἐποιεῖτε</span> <span class='ocrx_word' id='word_1_374' title='bbox 788 2716 894 2769; x_wconf 78' lang='grc' dir='ltr'><strong>ἄν·</strong></span> <span class='ocrx_word' id='word_1_375' title='bbox 932 2717 1161 2783; x_wconf 78' lang='grc' dir='ltr'>ἐκεῖνος</span> <span class='ocrx_word' id='word_1_376' title='bbox 1190 2718 1298 2787; x_wconf 73' lang='grc' dir='ltr'>γὰρ</span> <span class='ocrx_word' id='word_1_377' title='bbox 1329 2717 1461 2785; x_wconf 71' lang='grc' dir='ltr'>περὶ</span> <span class='ocrx_word' id='word_1_378' title='bbox 1493 2716 1639 2784; x_wconf 84' lang='grc' dir='ltr'>ἐμοῦ</span> <span class='ocrx_word' id='word_1_379' title='bbox 1666 2715 1806 2771; x_wconf 78' lang='grc' dir='ltr'><strong>ἐλά-</strong></span> 
     </span>
    </p>
   </div>
   <div class='ocr_carea' id='block_1_51' title="bbox 1866 2715 3480 2789">
    <p class='ocr_par' dir='ltr' id='par_1_51' title="bbox 1914 2726 3480 2789">
     <span class='ocr_line' id='line_1_51' title="bbox 1914 2726 3480 2789; baseline 0.001 -12"><span class='ocrx_word' id='word_1_380' title='bbox 1914 2734 1998 2779; x_wconf 86' lang='lat' dir='ltr'><strong>tus</strong></span> <span class='ocrx_word' id='word_1_381' title='bbox 2046 2736 2161 2789; x_wconf 86' lang='lat' dir='ltr'><strong>est;</strong></span> <span class='ocrx_word' id='word_1_382' title='bbox 2209 2742 2344 2778; x_wconf 85' lang='lat' dir='ltr'><strong>nunc</strong></span> <span class='ocrx_word' id='word_1_383' title='bbox 2375 2736 2549 2780; x_wconf 77' lang='lat' dir='ltr'><strong>autent</strong></span> <span class='ocrx_word' id='word_1_384' title='bbox 2587 2742 2650 2780; x_wconf 81' lang='lat' dir='ltr'><strong>ea:</strong></span> <span class='ocrx_word' id='word_1_385' title='bbox 2682 2726 2893 2780; x_wconf 79' lang='lat' dir='ltr'><strong>diabolo</strong></span> <span class='ocrx_word' id='word_1_386' title='bbox 2935 2727 3081 2789; x_wconf 92' lang='lat' dir='ltr'><strong>estis,</strong></span> <span class='ocrx_word' id='word_1_387' title='bbox 3123 2738 3171 2780; x_wconf 87' lang='lat' dir='ltr'><strong>et</strong></span> <span class='ocrx_word' id='word_1_388' title='bbox 3217 2726 3480 2779; x_wconf 86' lang='lat' dir='ltr'><strong>desideria</strong></span> 
     </span>
    </p>
   </div>
   <div class='ocr_carea' id='block_1_52' title="bbox 226 2804 1840 2884">
    <p class='ocr_par' dir='ltr' id='par_1_52' title="bbox 226 2804 1803 2873">
     <span class='ocr_line' id='line_1_52' title="bbox 226 2804 1803 2873; baseline -0.002 -14"><span class='ocrx_word' id='word_1_389' title='bbox 226 2808 407 2873; x_wconf 71' lang='lat' dir='ltr'><strong>.Ina’s,</strong></span> <span class='ocrx_word' id='word_1_390' title='bbox 460 2805 578 2859; x_wconf 79' lang='grc' dir='ltr'><strong>νῦν</strong></span> <span class='ocrx_word' id='word_1_391' title='bbox 600 2804 668 2858; x_wconf 83' lang='grc' dir='ltr'>δὲ</span> <span class='ocrx_word' id='word_1_392' title='bbox 693 2806 762 2859; x_wconf 82' lang='grc' dir='ltr'>ἑκ</span> <span class='ocrx_word' id='word_1_393' title='bbox 790 2806 894 2860; x_wconf 88' lang='grc' dir='ltr'>τοῦ</span> <span class='ocrx_word' id='word_1_394' title='bbox 914 2805 1198 2862; x_wconf 79' lang='grc' dir='ltr'>διαϐόλου</span> <span class='ocrx_word' id='word_1_395' title='bbox 1220 2806 1381 2871; x_wconf 82' lang='grc' dir='ltr'>ἐστὲ,</span> <span class='ocrx_word' id='word_1_396' title='bbox 1411 2806 1509 2859; x_wconf 79' lang='grc' dir='ltr'><strong>καί</strong></span> <span class='ocrx_word' id='word_1_397' title='bbox 1540 2805 1648 2869; x_wconf 85' lang='grc' dir='ltr'>τὰς</span> <span class='ocrx_word' id='word_1_398' title='bbox 1675 2805 1803 2857; x_wconf 81' lang='grc' dir='ltr'><strong>ἐπι-</strong></span> 
     </span>
    </p>
   </div>
   <div class='ocr_carea' id='block_1_53' title="bbox 1866 2804 3480 2884">
    <p class='ocr_par' dir='ltr' id='par_1_53' title="bbox 1912 2814 3480 2884">
     <span class='ocr_line' id='line_1_53' title="bbox 1912 2814 3480 2884; baseline 0.002 -18"><span class='ocrx_word' id='word_1_399' title='bbox 1912 2816 2078 2883; x_wconf 83' lang='lat' dir='ltr'><strong>patris</strong></span> <span class='ocrx_word' id='word_1_400' title='bbox 2110 2816 2267 2868; x_wconf 75' lang='lat' dir='ltr'><strong>vestri</strong></span> <span class='ocrx_word' id='word_1_401' title='bbox 2299 2816 2457 2869; x_wconf 84' lang='lat' dir='ltr'><strong>vultis</strong></span> <span class='ocrx_word' id='word_1_402' title='bbox 2485 2817 2655 2884; x_wconf 77' lang='lat' dir='ltr'><strong>facere</strong></span> <span class='ocrx_word' id='word_1_403' title='bbox 2684 2817 2747 2873; x_wconf 79' lang='grc' dir='ltr'><strong>³ο.</strong></span> <span class='ocrx_word' id='word_1_404' title='bbox 2777 2815 2841 2869; x_wconf 83' lang='grc' dir='ltr'><strong>Ει</strong></span> <span class='ocrx_word' id='word_1_405' title='bbox 2868 2816 2993 2869; x_wconf 84' lang='lat' dir='ltr'><strong>alibi</strong></span> <span class='ocrx_word' id='word_1_406' title='bbox 3033 2831 3223 2870; x_wconf 88' lang='lat' dir='ltr'><strong>rursus</strong></span> <span class='ocrx_word' id='word_1_407' title='bbox 3258 2834 3269 2869; x_wconf 89' lang='lat'><strong>:</strong></span> <span class='ocrx_word' id='word_1_408' title='bbox 3301 2814 3480 2869; x_wconf 77' lang='lat' dir='ltr'><strong>Nolite</strong></span> 
     </span>
    </p>
   </div>
   <div class='ocr_carea' id='block_1_54' title="bbox 226 2888 1840 2979">
    <p class='ocr_par' dir='ltr' id='par_1_54' title="bbox 226 2893 1804 2965">
     <span class='ocr_line' id='line_1_54' title="bbox 226 2893 1804 2965; baseline -0.001 -16"><span class='ocrx_word' id='word_1_409' title='bbox 226 2898 443 2965; x_wconf 82' lang='grc' dir='ltr'>θυμίας</span> <span class='ocrx_word' id='word_1_410' title='bbox 468 2895 574 2949; x_wconf 89' lang='grc' dir='ltr'>τοῦ</span> <span class='ocrx_word' id='word_1_411' title='bbox 600 2897 822 2963; x_wconf 81' lang='grc' dir='ltr'>πατρὸς</span> <span class='ocrx_word' id='word_1_412' title='bbox 848 2893 1016 2965; x_wconf 81' lang='grc' dir='ltr'><strong>ὑμῶν</strong></span> <span class='ocrx_word' id='word_1_413' title='bbox 1038 2894 1241 2951; x_wconf 81' lang='grc' dir='ltr'>θέλετε</span> <span class='ocrx_word' id='word_1_414' title='bbox 1272 2896 1483 2950; x_wconf 81' lang='grc' dir='ltr'>ποιεῖν.</span> <span class='ocrx_word' id='word_1_415' title='bbox 1517 2898 1625 2949; x_wconf 78' lang='grc' dir='ltr'><strong>Καὶ</strong></span> <span class='ocrx_word' id='word_1_416' title='bbox 1647 2894 1804 2947; x_wconf 76' lang='grc' dir='ltr'>ἀλλα-</span> 
     </span>
    </p>
   </div>
   <div class='ocr_carea' id='block_1_55' title="bbox 1863 2888 3477 2979">
    <p class='ocr_par' dir='ltr' id='par_1_55' title="bbox 1911 2906 3477 2979">
     <span class='ocr_line' id='line_1_55' title="bbox 1911 2906 3477 2979; baseline -0.001 -18"><span class='ocrx_word' id='word_1_417' title='bbox 1911 2920 2097 2977; x_wconf 83' lang='lat' dir='ltr'><strong>putare</strong></span> <span class='ocrx_word' id='word_1_418' title='bbox 2143 2910 2267 2977; x_wconf 86' lang='lat' dir='ltr'><strong>quia</strong></span> <span class='ocrx_word' id='word_1_419' title='bbox 2297 2926 2388 2979; x_wconf 87' lang='lat' dir='ltr'><strong>ego</strong></span> <span class='ocrx_word' id='word_1_420' title='bbox 2422 2918 2765 2962; x_wconf 76' lang='lat' dir='ltr'><strong>accusaturus</strong></span> <span class='ocrx_word' id='word_1_421' title='bbox 2796 2911 2894 2962; x_wconf 86' lang='lat' dir='ltr'><strong>sim</strong></span> <span class='ocrx_word' id='word_1_422' title='bbox 2931 2925 3017 2962; x_wconf 83' lang='lat' dir='ltr'><strong>vos</strong></span> <span class='ocrx_word' id='word_1_423' title='bbox 3057 2908 3195 2977; x_wconf 84' lang='lat' dir='ltr'><strong>apud</strong></span> <span class='ocrx_word' id='word_1_424' title='bbox 3222 2906 3477 2960; x_wconf 84' lang='lat' dir='ltr'><strong>Patrem:</strong></span> 
     </span>
    </p>
   </div>
   <div class='ocr_carea' id='block_1_56' title="bbox 225 2985 1839 3068">
    <p class='ocr_par' dir='ltr' id='par_1_56' title="bbox 225 2985 1807 3055">
     <span class='ocr_line' id='line_1_56' title="bbox 225 2985 1807 3055; baseline -0.001 -16"><span class='ocrx_word' id='word_1_425' title='bbox 225 2985 322 3055; x_wconf 82' lang='grc' dir='ltr'><strong>χοῦ</strong></span> <span class='ocrx_word' id='word_1_426' title='bbox 375 2988 580 3041; x_wconf 82' lang='grc' dir='ltr'>πάλιν·</span> <span class='ocrx_word' id='word_1_427' title='bbox 632 2987 730 3055; x_wconf 82' lang='grc' dir='ltr'><strong>Μὴ</strong></span> <span class='ocrx_word' id='word_1_428' title='bbox 784 2987 1014 3041; x_wconf 78' lang='grc' dir='ltr'>δοκεῖτε</span> <span class='ocrx_word' id='word_1_429' title='bbox 1064 2987 1153 3041; x_wconf 86' lang='grc' dir='ltr'>ὅτι</span> <span class='ocrx_word' id='word_1_430' title='bbox 1204 2986 1594 3055; x_wconf 75' lang='grc' dir='ltr'>κατηγορήσω</span> <span class='ocrx_word' id='word_1_431' title='bbox 1639 2985 1807 3054; x_wconf 72' lang='grc' dir='ltr'><strong>ὑμῶν</strong></span> 
     </span>
    </p>
   </div>
   <div class='ocr_carea' id='block_1_57' title="bbox 1866 2985 3480 3068">
    <p class='ocr_par' dir='ltr' id='par_1_57' title="bbox 1866 2994 3480 3068">
     <span class='ocr_line' id='line_1_57' title="bbox 1866 2994 3480 3068; baseline -0.001 -18"><span class='ocrx_word' id='word_1_432' title='bbox 1866 3063 1872 3068; x_wconf 83' lang='lat'><strong><em>_</em></strong></span> <span class='ocrx_word' id='word_1_433' title='bbox 1910 3006 1985 3050; x_wconf 82' lang='lat' dir='ltr'><strong>est</strong></span> <span class='ocrx_word' id='word_1_434' title='bbox 2025 2998 2114 3067; x_wconf 85' lang='lat' dir='ltr'><strong>qui</strong></span> <span class='ocrx_word' id='word_1_435' title='bbox 2154 3007 2367 3051; x_wconf 80' lang='lat' dir='ltr'><strong>accusat</strong></span> <span class='ocrx_word' id='word_1_436' title='bbox 2407 3015 2493 3051; x_wconf 87' lang='lat' dir='ltr'><strong>vos</strong></span> <span class='ocrx_word' id='word_1_437' title='bbox 2533 2997 2755 3067; x_wconf 77' lang='lat' dir='ltr'><strong>Moyses,</strong></span> <span class='ocrx_word' id='word_1_438' title='bbox 2785 3000 2840 3052; x_wconf 85' lang='lat' dir='ltr'><strong>in</strong></span> <span class='ocrx_word' id='word_1_439' title='bbox 2883 3015 2982 3068; x_wconf 83' lang='lat' dir='ltr'><strong>quo</strong></span> <span class='ocrx_word' id='word_1_440' title='bbox 3024 3015 3109 3052; x_wconf 84' lang='lat' dir='ltr'><strong>vos</strong></span> <span class='ocrx_word' id='word_1_441' title='bbox 3145 2998 3385 3066; x_wconf 81' lang='lat' dir='ltr'><strong>speratis.</strong></span> <span class='ocrx_word' id='word_1_442' title='bbox 3421 2994 3480 3050; x_wconf 89' lang='lat' dir='ltr'><strong>Si</strong></span> 
     </span>
    </p>
   </div>
   <div class='ocr_carea' id='block_1_58' title="bbox 223 3061 1837 3160">
    <p class='ocr_par' dir='ltr' id='par_1_58' title="bbox 223 3073 1837 3147">
     <span class='ocr_line' id='line_1_58' title="bbox 223 3073 1837 3147; baseline 0 -18"><span class='ocrx_word' id='word_1_443' title='bbox 223 3076 376 3144; x_wconf 81' lang='grc' dir='ltr'>πρὸς</span> <span class='ocrx_word' id='word_1_444' title='bbox 410 3077 521 3131; x_wconf 78' lang='grc' dir='ltr'><strong>τὸν</strong></span> <span class='ocrx_word' id='word_1_445' title='bbox 551 3077 809 3145; x_wconf 74' lang='grc' dir='ltr'>Πατέραο</span> <span class='ocrx_word' id='word_1_446' title='bbox 838 3078 1012 3131; x_wconf 80' lang='grc' dir='ltr'>ἐστιν</span> <span class='ocrx_word' id='word_1_447' title='bbox 1042 3081 1075 3131; x_wconf 86' lang='grc' dir='ltr'><strong>ό</strong></span> <span class='ocrx_word' id='word_1_448' title='bbox 1106 3077 1449 3147; x_wconf 77' lang='grc' dir='ltr'>κατηγορῶν</span> <span class='ocrx_word' id='word_1_449' title='bbox 1477 3076 1642 3145; x_wconf 81' lang='grc' dir='ltr'><strong>ὑμῶν</strong></span> <span class='ocrx_word' id='word_1_450' title='bbox 1672 3081 1802 3131; x_wconf 80' lang='grc' dir='ltr'><strong>Μω-</strong></span> <span class='ocrx_word' id='word_1_451' title='bbox 1831 3073 1837 3110; x_wconf 73' lang='grc'><em>⁴</em></span> 
     </span>
    </p>
   </div>
   <div class='ocr_carea' id='block_1_59' title="bbox 1862 3061 3476 3160">
    <p class='ocr_par' dir='ltr' id='par_1_59' title="bbox 1862 3063 3476 3160">
     <span class='ocr_line' id='line_1_59' title="bbox 1862 3063 3476 3160; baseline -0.001 -18"><span class='ocrx_word' id='word_1_452' title='bbox 1862 3063 1874 3117; x_wconf 61' lang='grc'>³</span> <span class='ocrx_word' id='word_1_453' title='bbox 1906 3090 2042 3143; x_wconf 83' lang='lat' dir='ltr'><strong>enim</strong></span> <span class='ocrx_word' id='word_1_454' title='bbox 2094 3090 2371 3143; x_wconf 84' lang='lat' dir='ltr'><strong>crederetis</strong></span> <span class='ocrx_word' id='word_1_455' title='bbox 2409 3089 2599 3160; x_wconf 75' lang='lat' dir='ltr'><strong>Moysi,</strong></span> <span class='ocrx_word' id='word_1_456' title='bbox 2637 3091 2916 3144; x_wconf 80' lang='lat' dir='ltr'><strong>crederetis</strong></span> <span class='ocrx_word' id='word_1_457' title='bbox 2950 3092 3173 3159; x_wconf 82' lang='lat' dir='ltr'><strong>forsitan</strong></span> <span class='ocrx_word' id='word_1_458' title='bbox 3215 3099 3262 3143; x_wconf 85' lang='lat' dir='ltr'><strong>et</strong></span> <span class='ocrx_word' id='word_1_459' title='bbox 3297 3088 3427 3141; x_wconf 77' lang='lat' dir='ltr'><strong>mihi</strong></span> <span class='ocrx_word' id='word_1_460' title='bbox 3459 3102 3476 3140; x_wconf 91' lang='lat'><strong><em>:</em></strong></span> 
     </span>
    </p>
   </div>
   <div class='ocr_carea' id='block_1_60' title="bbox 223 3167 1837 3249">
    <p class='ocr_par' dir='ltr' id='par_1_60' title="bbox 223 3167 1806 3239">
     <span class='ocr_line' id='line_1_60' title="bbox 223 3167 1806 3239; baseline 0.002 -18"><span class='ocrx_word' id='word_1_461' title='bbox 223 3167 366 3235; x_wconf 85' lang='grc' dir='ltr'>σῆς,</span> <span class='ocrx_word' id='word_1_462' title='bbox 400 3172 491 3235; x_wconf 81' lang='grc' dir='ltr'>εὶς</span> <span class='ocrx_word' id='word_1_463' title='bbox 516 3168 589 3223; x_wconf 82' lang='grc' dir='ltr'><strong>ὃν</strong></span> <span class='ocrx_word' id='word_1_464' title='bbox 617 3170 786 3239; x_wconf 81' lang='grc' dir='ltr'>ὑμεῖς</span> <span class='ocrx_word' id='word_1_465' title='bbox 806 3170 1102 3237; x_wconf 76' lang='grc' dir='ltr'>ἠλπίκατε</span> <span class='ocrx_word' id='word_1_466' title='bbox 1120 3186 1134 3201; x_wconf 82' lang='grc'>⁶</span> <span class='ocrx_word' id='word_1_467' title='bbox 1166 3173 1233 3225; x_wconf 84' lang='lat' dir='ltr'><em>El</em></span> <span class='ocrx_word' id='word_1_468' title='bbox 1273 3171 1379 3239; x_wconf 78' lang='grc' dir='ltr'>γὰρ</span> <span class='ocrx_word' id='word_1_469' title='bbox 1407 3171 1806 3225; x_wconf 77' lang='grc' dir='ltr'>ἐπιστεύσατε</span> 
     </span>
    </p>
   </div>
   <div class='ocr_carea' id='block_1_61' title="bbox 1848 3167 3462 3249">
    <p class='ocr_par' dir='ltr' id='par_1_61' title="bbox 1906 3179 3462 3249">
     <span class='ocr_line' id='line_1_61' title="bbox 1906 3179 3462 3249; baseline 0.002 -18"><span class='ocrx_word' id='word_1_470' title='bbox 1906 3182 1969 3231; x_wconf 86' lang='lat' dir='ltr'><strong>de</strong></span> <span class='ocrx_word' id='word_1_471' title='bbox 2018 3196 2096 3232; x_wconf 87' lang='lat' dir='ltr'><strong>me</strong></span> <span class='ocrx_word' id='word_1_472' title='bbox 2141 3181 2280 3233; x_wconf 86' lang='lat' dir='ltr'><strong>enim</strong></span> <span class='ocrx_word' id='word_1_473' title='bbox 2332 3180 2420 3233; x_wconf 81' lang='lat' dir='ltr'><strong>ille</strong></span> <span class='ocrx_word' id='word_1_474' title='bbox 2453 3182 2660 3249; x_wconf 82' lang='lat' dir='ltr'><strong>scripsit</strong></span> <span class='ocrx_word' id='word_1_475' title='bbox 2685 3182 2750 3233; x_wconf 82' lang='grc'><strong>³¹.</strong></span> <span class='ocrx_word' id='word_1_476' title='bbox 2787 3180 2853 3234; x_wconf 85' lang='grc' dir='ltr'><strong>Ει</strong></span> <span class='ocrx_word' id='word_1_477' title='bbox 2886 3197 3078 3235; x_wconf 90' lang='lat' dir='ltr'><strong>rursus</strong></span> <span class='ocrx_word' id='word_1_478' title='bbox 3112 3201 3125 3234; x_wconf 90' lang='lat'><strong>:</strong></span> <span class='ocrx_word' id='word_1_479' title='bbox 3162 3179 3221 3235; x_wconf 89' lang='lat' dir='ltr'><strong>Si</strong></span> <span class='ocrx_word' id='word_1_480' title='bbox 3260 3198 3360 3235; x_wconf 86' lang='lat' dir='ltr'><strong>non</strong></span> <span class='ocrx_word' id='word_1_481' title='bbox 3392 3197 3462 3234; x_wconf 86' lang='lat' dir='ltr'><strong>ve-</strong></span> 
     </span>
    </p>
   </div>
   <div class='ocr_carea' id='block_1_62' title="bbox 222 3261 1836 3342">
    <p class='ocr_par' dir='ltr' id='par_1_62' title="bbox 222 3261 1804 3331">
     <span class='ocr_line' id='line_1_62' title="bbox 222 3261 1804 3331; baseline 0.001 -19"><span class='ocrx_word' id='word_1_482' title='bbox 222 3261 449 3322; x_wconf 86' lang='grc' dir='ltr'>Μωσεῖ,</span> <span class='ocrx_word' id='word_1_483' title='bbox 475 3261 871 3315; x_wconf 80' lang='grc' dir='ltr'>ἐπιστεύσατε</span> <span class='ocrx_word' id='word_1_484' title='bbox 892 3261 968 3315; x_wconf 86' lang='grc' dir='ltr'><strong>ἂν</strong></span> <span class='ocrx_word' id='word_1_485' title='bbox 989 3262 1121 3331; x_wconf 82' lang='grc' dir='ltr'>ἐμοί</span> <span class='ocrx_word' id='word_1_486' title='bbox 1138 3279 1150 3290; x_wconf 95' lang='grc'><strong>·</strong></span> <span class='ocrx_word' id='word_1_487' title='bbox 1186 3262 1317 3328; x_wconf 76' lang='grc' dir='ltr'>περὶ</span> <span class='ocrx_word' id='word_1_488' title='bbox 1345 3262 1452 3330; x_wconf 81' lang='grc' dir='ltr'>γὰρ</span> <span class='ocrx_word' id='word_1_489' title='bbox 1481 3261 1626 3330; x_wconf 77' lang='grc' dir='ltr'>ἐμοῦ</span> <span class='ocrx_word' id='word_1_490' title='bbox 1653 3261 1804 3314; x_wconf 82' lang='grc' dir='ltr'>ἐκεῖ·</span> 
     </span>
    </p>
   </div>
   <div class='ocr_carea' id='block_1_63' title="bbox 1863 3261 3477 3342">
    <p class='ocr_par' dir='ltr' id='par_1_63' title="bbox 1906 3271 3477 3342">
     <span class='ocr_line' id='line_1_63' title="bbox 1906 3271 3477 3342; baseline -0.001 -18"><span class='ocrx_word' id='word_1_491' title='bbox 1906 3273 2120 3337; x_wconf 70' lang='lat' dir='ltr'><strong>itissem,</strong></span> <span class='ocrx_word' id='word_1_492' title='bbox 2156 3282 2203 3326; x_wconf 91' lang='lat' dir='ltr'><strong>et</strong></span> <span class='ocrx_word' id='word_1_493' title='bbox 2242 3272 2446 3326; x_wconf 87' lang='lat' dir='ltr'><strong>locutus</strong></span> <span class='ocrx_word' id='word_1_494' title='bbox 2474 3273 2691 3341; x_wconf 75' lang='lat' dir='ltr'><strong>fuissem</strong></span> <span class='ocrx_word' id='word_1_495' title='bbox 2730 3275 2825 3339; x_wconf 86' lang='lat' dir='ltr'><strong>eis,</strong></span> <span class='ocrx_word' id='word_1_496' title='bbox 2868 3284 3139 3342; x_wconf 81' lang='lat' dir='ltr'><strong>peccatum</strong></span> <span class='ocrx_word' id='word_1_497' title='bbox 3185 3288 3287 3325; x_wconf 85' lang='lat' dir='ltr'><strong>non</strong></span> <span class='ocrx_word' id='word_1_498' title='bbox 3322 3271 3477 3324; x_wconf 76' lang='lat' dir='ltr'><strong>liabe-</strong></span> 
     </span>
    </p>
   </div>
   <div class='ocr_carea' id='block_1_64' title="bbox 221 3348 1835 3432">
    <p class='ocr_par' dir='ltr' id='par_1_64' title="bbox 221 3348 1804 3422">
     <span class='ocr_line' id='line_1_64' title="bbox 221 3348 1804 3422; baseline 0.003 -21"><span class='ocrx_word' id='word_1_499' title='bbox 221 3365 329 3415; x_wconf 80' lang='grc' dir='ltr'>νος</span> <span class='ocrx_word' id='word_1_500' title='bbox 383 3350 632 3420; x_wconf 75' lang='grc' dir='ltr'>ἔγραψε.</span> <span class='ocrx_word' id='word_1_501' title='bbox 669 3352 777 3405; x_wconf 76' lang='grc' dir='ltr'><strong>Καὶ</strong></span> <span class='ocrx_word' id='word_1_502' title='bbox 830 3353 1146 3422; x_wconf 85' lang='grc' dir='ltr'>μετέπειτα.</span> <span class='ocrx_word' id='word_1_503' title='bbox 1208 3354 1275 3406; x_wconf 80' lang='lat' dir='ltr'><strong>Ei</strong></span> <span class='ocrx_word' id='word_1_504' title='bbox 1322 3354 1433 3406; x_wconf 84' lang='grc' dir='ltr'>οὐκ</span> <span class='ocrx_word' id='word_1_505' title='bbox 1473 3348 1664 3421; x_wconf 73' lang='grc' dir='ltr'>ἦλθον</span> <span class='ocrx_word' id='word_1_506' title='bbox 1706 3354 1804 3405; x_wconf 84' lang='grc' dir='ltr'>καὶ</span> 
     </span>
    </p>
   </div>
   <div class='ocr_carea' id='block_1_65' title="bbox 1863 3348 3477 3432">
    <p class='ocr_par' dir='ltr' id='par_1_65' title="bbox 1907 3363 3477 3432">
     <span class='ocr_line' id='line_1_65' title="bbox 1907 3363 3477 3432; baseline 0.001 -17"><span class='ocrx_word' id='word_1_507' title='bbox 1907 3374 2057 3429; x_wconf 84' lang='lat' dir='ltr'><strong>rent;</strong></span> <span class='ocrx_word' id='word_1_508' title='bbox 2079 3380 2217 3417; x_wconf 86' lang='lat' dir='ltr'><strong>nunc</strong></span> <span class='ocrx_word' id='word_1_509' title='bbox 2243 3375 2416 3419; x_wconf 85' lang='lat' dir='ltr'><strong>autent</strong></span> <span class='ocrx_word' id='word_1_510' title='bbox 2438 3366 2826 3420; x_wconf 80' lang='lat' dir='ltr'><strong>excusationem</strong></span> <span class='ocrx_word' id='word_1_511' title='bbox 2852 3382 2951 3418; x_wconf 82' lang='lat' dir='ltr'><strong>non</strong></span> <span class='ocrx_word' id='word_1_512' title='bbox 2973 3366 3159 3417; x_wconf 85' lang='lat' dir='ltr'><strong>habent</strong></span> <span class='ocrx_word' id='word_1_513' title='bbox 3181 3363 3244 3417; x_wconf 88' lang='lat' dir='ltr'><strong>de</strong></span> <span class='ocrx_word' id='word_1_514' title='bbox 3266 3371 3477 3432; x_wconf 83' lang='lat' dir='ltr'><strong>peccato</strong></span> 
     </span>
    </p>
   </div>
   <div class='ocr_carea' id='block_1_66' title="bbox 218 3438 2093 3515">
    <p class='ocr_par' dir='ltr' id='par_1_66' title="bbox 218 3438 2093 3515">
     <span class='ocr_line' id='line_1_66' title="bbox 218 3438 2093 3515; baseline 0.004 -23"><span class='ocrx_word' id='word_1_515' title='bbox 218 3438 508 3509; x_wconf 69' lang='grc' dir='ltr'>ἐλάλησα</span> <span class='ocrx_word' id='word_1_516' title='bbox 558 3443 785 3510; x_wconf 84' lang='grc' dir='ltr'>αὐτοῖς,</span> <span class='ocrx_word' id='word_1_517' title='bbox 839 3444 1134 3513; x_wconf 82' lang='grc' dir='ltr'>ἁμαρτίαν</span> <span class='ocrx_word' id='word_1_518' title='bbox 1180 3446 1292 3498; x_wconf 83' lang='grc' dir='ltr'>οὐκ</span> <span class='ocrx_word' id='word_1_519' title='bbox 1351 3441 1539 3515; x_wconf 70' lang='grc' dir='ltr'>εἶχον,</span> <span class='ocrx_word' id='word_1_520' title='bbox 1572 3446 1693 3500; x_wconf 74' lang='grc' dir='ltr'><em>νῦν</em></span> <span class='ocrx_word' id='word_1_521' title='bbox 1738 3445 1807 3497; x_wconf 84' lang='grc' dir='ltr'>δὲ</span> <span class='ocrx_word' id='word_1_522' title='bbox 1905 3471 2000 3509; x_wconf 73' lang='grc' dir='ltr'><strong>δυο</strong></span> <span class='ocrx_word' id='word_1_523' title='bbox 2028 3455 2093 3512; x_wconf 76' lang='grc' dir='ltr'><strong>ιι,</strong></span> 
     </span>
    </p>
   </div>
   <div class='ocr_carea' id='block_1_67' title="bbox 217 3534 1799 3608">
    <p class='ocr_par' dir='ltr' id='par_1_67' title="bbox 217 3534 1799 3608">
     <span class='ocr_line' id='line_1_67' title="bbox 217 3534 1799 3608; baseline 0.005 -24"><span class='ocrx_word' id='word_1_524' title='bbox 217 3534 697 3602; x_wconf 61' lang='grc' dir='ltr'>πρόφασιν-ρέα</span> <span class='ocrx_word' id='word_1_525' title='bbox 749 3535 963 3606; x_wconf 73' lang='grc' dir='ltr'>ἔχουσι</span> <span class='ocrx_word' id='word_1_526' title='bbox 1022 3535 1157 3606; x_wconf 76' lang='grc' dir='ltr'>περὶ</span> <span class='ocrx_word' id='word_1_527' title='bbox 1204 3534 1315 3605; x_wconf 78' lang='grc' dir='ltr'>τῆς</span> <span class='ocrx_word' id='word_1_528' title='bbox 1353 3537 1643 3608; x_wconf 75' lang='grc' dir='ltr'>ἁμαρτίας</span> <span class='ocrx_word' id='word_1_529' title='bbox 1692 3538 1799 3592; x_wconf 86' lang='grc' dir='ltr'><strong>αὐ-</strong></span> 
     </span>
    </p>
   </div>
   <div class='ocr_carea' id='block_1_68' title="bbox 218 3640 368 3679">
    <p class='ocr_par' dir='ltr' id='par_1_68' title="bbox 218 3640 368 3679">
     <span class='ocr_line' id='line_1_68' title="bbox 218 3640 368 3679; baseline 0.02 -3"><span class='ocrx_word' id='word_1_530' title='bbox 218 3640 368 3679; x_wconf 82' lang='grc' dir='ltr'>των.</span> 
     </span>
    </p>
   </div>
   <div class='ocr_carea' id='block_1_69' title="bbox 286 3715 1900 3810">
    <p class='ocr_par' dir='ltr' id='par_1_69' title="bbox 286 3715 1802 3789">
     <span class='ocr_line' id='line_1_69' title="bbox 286 3715 1802 3789; baseline 0.002 -19"><span class='ocrx_word' id='word_1_531' title='bbox 286 3715 401 3770; x_wconf 80' lang='lat' dir='ltr'><strong>IE&#39;.</strong></span> <span class='ocrx_word' id='word_1_532' title='bbox 453 3716 644 3786; x_wconf 81' lang='grc' dir='ltr'>Ἡμεῖς</span> <span class='ocrx_word' id='word_1_533' title='bbox 687 3716 770 3781; x_wconf 80' lang='grc' dir='ltr'>δὲ,</span> <span class='ocrx_word' id='word_1_534' title='bbox 824 3719 854 3770; x_wconf 89' lang='grc' dir='ltr'><strong>ό</strong></span> <span class='ocrx_word' id='word_1_535' title='bbox 908 3716 1039 3780; x_wconf 77' lang='grc' dir='ltr'>λαὸς</span> <span class='ocrx_word' id='word_1_536' title='bbox 1082 3717 1178 3771; x_wconf 77' lang='grc' dir='ltr'><strong>τοῦ</strong></span> <span class='ocrx_word' id='word_1_537' title='bbox 1221 3719 1379 3785; x_wconf 81' lang='grc' dir='ltr'>Θεοῦ,</span> <span class='ocrx_word' id='word_1_538' title='bbox 1424 3719 1575 3783; x_wconf 74' lang='grc' dir='ltr'>ἔθνος</span> <span class='ocrx_word' id='word_1_539' title='bbox 1625 3720 1802 3789; x_wconf 78' lang='grc' dir='ltr'>ἅγιον,</span> 
     </span>
    </p>
   </div>
   <div class='ocr_carea' id='block_1_70' title="bbox 1864 3715 3478 3810">
    <p class='ocr_par' dir='ltr' id='par_1_70' title="bbox 1979 3737 3478 3810">
     <span class='ocr_line' id='line_1_70' title="bbox 1979 3737 3478 3810; baseline -0.001 -18"><span class='ocrx_word' id='word_1_540' title='bbox 1979 3738 2093 3794; x_wconf 79' lang='lat' dir='ltr'><strong>XV.</strong></span> <span class='ocrx_word' id='word_1_541' title='bbox 2123 3738 2191 3792; x_wconf 88' lang='lat' dir='ltr'><strong>At</strong></span> <span class='ocrx_word' id='word_1_542' title='bbox 2221 3753 2318 3793; x_wconf 85' lang='lat' dir='ltr'><strong>nos</strong></span> <span class='ocrx_word' id='word_1_543' title='bbox 2340 3739 2569 3809; x_wconf 87' lang='lat' dir='ltr'><strong>populus</strong></span> <span class='ocrx_word' id='word_1_544' title='bbox 2598 3738 2711 3802; x_wconf 86' lang='lat' dir='ltr'><strong>Dei,</strong></span> <span class='ocrx_word' id='word_1_545' title='bbox 2737 3754 2869 3810; x_wconf 90' lang='lat' dir='ltr'><strong>gens</strong></span> <span class='ocrx_word' id='word_1_546' title='bbox 2893 3746 3101 3806; x_wconf 87' lang='lat' dir='ltr'><strong>sancta,</strong></span> <span class='ocrx_word' id='word_1_547' title='bbox 3127 3737 3478 3808; x_wconf 81' lang='lat' dir='ltr'><strong>congregatio</strong></span> 
     </span>
    </p>
   </div>
   <div class='ocr_carea' id='block_1_71' title="bbox 216 3807 1830 3898">
    <p class='ocr_par' dir='ltr' id='par_1_71' title="bbox 216 3807 1805 3883">
     <span class='ocr_line' id='line_1_71' title="bbox 216 3807 1805 3883; baseline 0.006 -26"><span class='ocrx_word' id='word_1_548' title='bbox 216 3807 543 3880; x_wconf 79' lang='grc' dir='ltr'>περιούσιον</span> <span class='ocrx_word' id='word_1_549' title='bbox 595 3807 890 3879; x_wconf 80' lang='grc' dir='ltr'>ἄθροισμα,</span> <span class='ocrx_word' id='word_1_550' title='bbox 943 3811 1132 3877; x_wconf 89' lang='grc' dir='ltr'>στῖφος</span> <span class='ocrx_word' id='word_1_551' title='bbox 1179 3811 1497 3881; x_wconf 81' lang='grc' dir='ltr'>ὀρθοδόξων,</span> <span class='ocrx_word' id='word_1_552' title='bbox 1547 3813 1651 3865; x_wconf 73' lang='grc' dir='ltr'>υἱοὶ</span> <span class='ocrx_word' id='word_1_553' title='bbox 1706 3813 1805 3883; x_wconf 82' lang='grc' dir='ltr'><strong>τῆς</strong></span> 
     </span>
    </p>
   </div>
   <div class='ocr_carea' id='block_1_72' title="bbox 1862 3807 3476 3898">
    <p class='ocr_par' dir='ltr' id='par_1_72' title="bbox 1907 3829 3476 3898">
     <span class='ocr_line' id='line_1_72' title="bbox 1907 3829 3476 3898; baseline -0.001 -15"><span class='ocrx_word' id='word_1_554' title='bbox 1907 3830 2342 3898; x_wconf 81' lang='lat' dir='ltr'><strong>acceptabilis”,</strong></span> <span class='ocrx_word' id='word_1_555' title='bbox 2378 3831 2802 3885; x_wconf 76' lang='lat' dir='ltr'><strong>orthodoxurum</strong></span> <span class='ocrx_word' id='word_1_556' title='bbox 2844 3832 3008 3895; x_wconf 91' lang='lat' dir='ltr'><strong>acies,</strong></span> <span class='ocrx_word' id='word_1_557' title='bbox 3053 3830 3145 3883; x_wconf 87' lang='lat' dir='ltr'><strong>lilii</strong></span> <span class='ocrx_word' id='word_1_558' title='bbox 3193 3829 3476 3894; x_wconf 62' lang='lat' dir='ltr'><strong>columbae,</strong></span> 
     </span>
    </p>
   </div>
   <div class='ocr_carea' id='block_1_73' title="bbox 214 3897 1828 3992">
    <p class='ocr_par' dir='ltr' id='par_1_73' title="bbox 214 3897 1806 3975">
     <span class='ocr_line' id='line_1_73' title="bbox 214 3897 1806 3975; baseline 0.003 -23"><span class='ocrx_word' id='word_1_559' title='bbox 214 3897 634 3970; x_wconf 88' lang='grc' dir='ltr'>κολυμϐήθρας,</span> <span class='ocrx_word' id='word_1_560' title='bbox 679 3898 846 3953; x_wconf 81' lang='grc' dir='ltr'>τέκνα</span> <span class='ocrx_word' id='word_1_561' title='bbox 874 3900 973 3970; x_wconf 84' lang='grc' dir='ltr'>τῆς</span> <span class='ocrx_word' id='word_1_562' title='bbox 1005 3900 1249 3972; x_wconf 83' lang='grc' dir='ltr'>χάριτος,</span> <span class='ocrx_word' id='word_1_563' title='bbox 1290 3903 1337 3955; x_wconf 84' lang='grc' dir='ltr'>οἱ</span> <span class='ocrx_word' id='word_1_564' title='bbox 1368 3903 1468 3975; x_wconf 81' lang='grc' dir='ltr'>τὴν</span> <span class='ocrx_word' id='word_1_565' title='bbox 1496 3902 1554 3955; x_wconf 85' lang='grc' dir='ltr'>ὲν</span> <span class='ocrx_word' id='word_1_566' title='bbox 1579 3902 1657 3973; x_wconf 87' lang='grc' dir='ltr'>τῷ</span> <span class='ocrx_word' id='word_1_567' title='bbox 1691 3903 1806 3975; x_wconf 84' lang='grc' dir='ltr'>ναῷ</span> 
     </span>
    </p>
   </div>
   <div class='ocr_carea' id='block_1_74' title="bbox 1860 3897 3474 3992">
    <p class='ocr_par' dir='ltr' id='par_1_74' title="bbox 1906 3897 3474 3992">
     <span class='ocr_line' id='line_1_74' title="bbox 1906 3897 3474 3992; baseline -0.003 -17"><span class='ocrx_word' id='word_1_568' title='bbox 1906 3897 2123 3975; x_wconf 80' lang='lat' dir='ltr'><strong>soboles</strong></span> <span class='ocrx_word' id='word_1_569' title='bbox 2157 3922 2361 3991; x_wconf 69' lang='lat' dir='ltr'><strong>gratiae.</strong></span> <span class='ocrx_word' id='word_1_570' title='bbox 2394 3922 2483 3990; x_wconf 85' lang='lat' dir='ltr'><strong>qui</strong></span> <span class='ocrx_word' id='word_1_571' title='bbox 2519 3920 2658 3975; x_wconf 80' lang='lat' dir='ltr'><strong>festo</strong></span> <span class='ocrx_word' id='word_1_572' title='bbox 2685 3923 2832 3975; x_wconf 92' lang='lat' dir='ltr'><strong>cultu</strong></span> <span class='ocrx_word' id='word_1_573' title='bbox 2859 3923 3071 3992; x_wconf 86' lang='lat' dir='ltr'><strong>agimus</strong></span> <span class='ocrx_word' id='word_1_574' title='bbox 3095 3920 3474 3973; x_wconf 78' lang='lat' dir='ltr'><strong>tleductionem</strong></span> 
     </span>
    </p>
   </div>
   <div class='ocr_carea' id='block_1_75' title="bbox 217 3989 1831 4083">
    <p class='ocr_par' dir='ltr' id='par_1_75' title="bbox 217 3989 1805 4064">
     <span class='ocr_line' id='line_1_75' title="bbox 217 3989 1805 4064; baseline 0.003 -22"><span class='ocrx_word' id='word_1_575' title='bbox 217 3991 455 4062; x_wconf 85' lang='grc' dir='ltr'>πρόοδον</span> <span class='ocrx_word' id='word_1_576' title='bbox 485 3990 837 4061; x_wconf 78' lang='grc' dir='ltr'>ἑορτάζοντες</span> <span class='ocrx_word' id='word_1_577' title='bbox 856 3989 957 4061; x_wconf 82' lang='grc' dir='ltr'>τῆς</span> <span class='ocrx_word' id='word_1_578' title='bbox 987 3991 1290 4063; x_wconf 81' lang='grc' dir='ltr'>Παρθένου,</span> <span class='ocrx_word' id='word_1_579' title='bbox 1321 3992 1519 4064; x_wconf 79' lang='grc' dir='ltr'>ψυχαῖς</span> <span class='ocrx_word' id='word_1_580' title='bbox 1544 3994 1805 4064; x_wconf 85' lang='grc' dir='ltr'>καθαραῖς</span> 
     </span>
    </p>
   </div>
   <div class='ocr_carea' id='block_1_76' title="bbox 1860 3989 3474 4083">
    <p class='ocr_par' dir='ltr' id='par_1_76' title="bbox 1908 3989 3474 4083">
     <span class='ocr_line' id='line_1_76' title="bbox 1908 3989 3474 4083; baseline -0.001 -17"><span class='ocrx_word' id='word_1_581' title='bbox 1908 4012 2146 4083; x_wconf 83' lang='lat' dir='ltr'><strong>Virginis</strong></span> <span class='ocrx_word' id='word_1_582' title='bbox 2167 3989 2222 4066; x_wconf 85' lang='lat' dir='ltr'><strong>in</strong></span> <span class='ocrx_word' id='word_1_583' title='bbox 2251 3989 2534 4083; x_wconf 90' lang='lat' dir='ltr'><strong>templum,</strong></span> <span class='ocrx_word' id='word_1_584' title='bbox 2556 4013 2708 4083; x_wconf 90' lang='lat' dir='ltr'><strong>puris</strong></span> <span class='ocrx_word' id='word_1_585' title='bbox 2734 3989 2953 4074; x_wconf 76' lang='lat' dir='ltr'><strong>animis,</strong></span> <span class='ocrx_word' id='word_1_586' title='bbox 2975 4011 3271 4081; x_wconf 89' lang='lat' dir='ltr'><strong>impollutis</strong></span> <span class='ocrx_word' id='word_1_587' title='bbox 3298 4012 3474 4073; x_wconf 89' lang='lat' dir='ltr'><strong>labiis,</strong></span> 
     </span>
    </p>
   </div>
   <div class='ocr_carea' id='block_1_77' title="bbox 217 4082 1831 4173">
    <p class='ocr_par' dir='ltr' id='par_1_77' title="bbox 217 4082 1804 4154">
     <span class='ocr_line' id='line_1_77' title="bbox 217 4082 1804 4154; baseline 0.001 -20"><span class='ocrx_word' id='word_1_588' title='bbox 217 4084 318 4135; x_wconf 70' lang='grc' dir='ltr'>καὶ</span> <span class='ocrx_word' id='word_1_589' title='bbox 369 4082 746 4154; x_wconf 78' lang='grc' dir='ltr'>ἀρρυπάντοις</span> <span class='ocrx_word' id='word_1_590' title='bbox 790 4084 1019 4153; x_wconf 88' lang='grc' dir='ltr'>χείλεσι,</span> <span class='ocrx_word' id='word_1_591' title='bbox 1074 4083 1348 4152; x_wconf 84' lang='grc' dir='ltr'>γλώσσαις</span> <span class='ocrx_word' id='word_1_592' title='bbox 1404 4084 1804 4154; x_wconf 84' lang='grc' dir='ltr'>πολυφθόγγοις</span> 
     </span>
    </p>
   </div>
   <div class='ocr_carea' id='block_1_78' title="bbox 1861 4082 3475 4173">
    <p class='ocr_par' dir='ltr' id='par_1_78' title="bbox 1907 4082 3475 4173">
     <span class='ocr_line' id='line_1_78' title="bbox 1907 4082 3475 4173; baseline -0.001 -18"><span class='ocrx_word' id='word_1_593' title='bbox 1907 4082 2214 4155; x_wconf 73' lang='lat' dir='ltr'><strong>multisonis</strong></span> <span class='ocrx_word' id='word_1_594' title='bbox 2249 4100 2447 4172; x_wconf 82' lang='lat' dir='ltr'><strong>linguis</strong></span> <span class='ocrx_word' id='word_1_595' title='bbox 2496 4082 2570 4156; x_wconf 14' lang='lat' dir='ltr'><strong>in,</strong></span> <span class='ocrx_word' id='word_1_596' title='bbox 2592 4104 2692 4157; x_wconf 89' lang='lat' dir='ltr'><strong>hac</strong></span> <span class='ocrx_word' id='word_1_597' title='bbox 2724 4102 3035 4156; x_wconf 88' lang='lat' dir='ltr'><strong>celebritate</strong></span> <span class='ocrx_word' id='word_1_598' title='bbox 3066 4102 3295 4173; x_wconf 87' lang='lat' dir='ltr'><strong>hymnos</strong></span> <span class='ocrx_word' id='word_1_599' title='bbox 3341 4117 3475 4156; x_wconf 87' lang='lat' dir='ltr'><strong>sua-</strong></span> 
     </span>
    </p>
   </div>
   <div class='ocr_carea' id='block_1_79' title="bbox 214 4173 1828 4263">
    <p class='ocr_par' dir='ltr' id='par_1_79' title="bbox 214 4173 1801 4248">
     <span class='ocr_line' id='line_1_79' title="bbox 214 4173 1801 4248; baseline 0.003 -21"><span class='ocrx_word' id='word_1_600' title='bbox 214 4173 313 4227; x_wconf 78' lang='grc' dir='ltr'><strong>ὲπὶ</strong></span> <span class='ocrx_word' id='word_1_601' title='bbox 374 4173 551 4245; x_wconf 75' lang='grc' dir='ltr'>ταύτῃ</span> <span class='ocrx_word' id='word_1_602' title='bbox 598 4178 665 4243; x_wconf 84' lang='grc' dir='ltr'>τῇ</span> <span class='ocrx_word' id='word_1_603' title='bbox 716 4175 1023 4246; x_wconf 81' lang='grc' dir='ltr'>πανηγύρει</span> <span class='ocrx_word' id='word_1_604' title='bbox 1078 4175 1391 4247; x_wconf 84' lang='grc' dir='ltr'>μελῳδικῶς</span> <span class='ocrx_word' id='word_1_605' title='bbox 1428 4176 1801 4248; x_wconf 82' lang='grc' dir='ltr'>ἀλαλάξωμεν,</span> 
     </span>
    </p>
   </div>
   <div class='ocr_carea' id='block_1_80' title="bbox 1859 4173 3473 4263">
    <p class='ocr_par' dir='ltr' id='par_1_80' title="bbox 1904 4192 3473 4263">
     <span class='ocr_line' id='line_1_80' title="bbox 1904 4192 3473 4263; baseline 0.001 -18"><span class='ocrx_word' id='word_1_606' title='bbox 1904 4192 2110 4247; x_wconf 76' lang='lat' dir='ltr'><strong>vidicos</strong></span> <span class='ocrx_word' id='word_1_607' title='bbox 2141 4194 2487 4260; x_wconf 81' lang='lat' dir='ltr'><strong>extollamns,</strong></span> <span class='ocrx_word' id='word_1_608' title='bbox 2528 4194 2737 4248; x_wconf 89' lang='lat' dir='ltr'><strong>illustre</strong></span> <span class='ocrx_word' id='word_1_609' title='bbox 2781 4194 2885 4250; x_wconf 90' lang='lat' dir='ltr'><strong>hoc</strong></span> <span class='ocrx_word' id='word_1_610' title='bbox 2919 4192 3141 4255; x_wconf 80' lang='lat' dir='ltr'><strong>festum,</strong></span> <span class='ocrx_word' id='word_1_611' title='bbox 3172 4194 3473 4263; x_wconf 88' lang='lat' dir='ltr'><strong>principem</strong></span> 
     </span>
    </p>
   </div>
   <div class='ocr_carea' id='block_1_81' title="bbox 214 4264 1828 4355">
    <p class='ocr_par' dir='ltr' id='par_1_81' title="bbox 214 4264 1801 4339">
     <span class='ocr_line' id='line_1_81' title="bbox 214 4264 1801 4339; baseline 0.002 -21"><span class='ocrx_word' id='word_1_612' title='bbox 214 4265 494 4336; x_wconf 75' lang='grc' dir='ltr'>τιμῶντες</span> <span class='ocrx_word' id='word_1_613' title='bbox 549 4265 739 4336; x_wconf 70' lang='grc' dir='ltr'>αὐτὴν,</span> <span class='ocrx_word' id='word_1_614' title='bbox 792 4266 868 4329; x_wconf 85' lang='grc' dir='ltr'><strong>ὡς</strong></span> <span class='ocrx_word' id='word_1_615' title='bbox 923 4264 983 4319; x_wconf 84' lang='grc' dir='ltr'>τὸ</span> <span class='ocrx_word' id='word_1_616' title='bbox 1037 4266 1205 4333; x_wconf 82' lang='grc' dir='ltr'>είκὸς,</span> <span class='ocrx_word' id='word_1_617' title='bbox 1251 4267 1351 4339; x_wconf 83' lang='grc' dir='ltr'>τὴν</span> <span class='ocrx_word' id='word_1_618' title='bbox 1397 4268 1625 4338; x_wconf 81' lang='grc' dir='ltr'>φαιδρὰν</span> <span class='ocrx_word' id='word_1_619' title='bbox 1679 4270 1801 4338; x_wconf 78' lang='grc' dir='ltr'>ἑορ-</span> 
     </span>
    </p>
   </div>
   <div class='ocr_carea' id='block_1_82' title="bbox 1861 4264 3475 4355">
    <p class='ocr_par' dir='ltr' id='par_1_82' title="bbox 1906 4280 3475 4355">
     <span class='ocr_line' id='line_1_82' title="bbox 1906 4280 3475 4355; baseline 0.001 -20"><span class='ocrx_word' id='word_1_620' title='bbox 1906 4280 2306 4336; x_wconf 86' lang='lat' dir='ltr'><strong>solemnitatem</strong></span> <span class='ocrx_word' id='word_1_621' title='bbox 2349 4286 2553 4355; x_wconf 85' lang='lat' dir='ltr'><strong>angelis</strong></span> <span class='ocrx_word' id='word_1_622' title='bbox 2588 4287 2761 4340; x_wconf 63' lang='lat' dir='ltr'><strong>laetam</strong></span> <span class='ocrx_word' id='word_1_623' title='bbox 2812 4294 2865 4340; x_wconf 89' lang='lat' dir='ltr'><strong>et</strong></span> <span class='ocrx_word' id='word_1_624' title='bbox 2901 4284 3180 4339; x_wconf 89' lang='lat' dir='ltr'><strong>hominum</strong></span> <span class='ocrx_word' id='word_1_625' title='bbox 3215 4285 3475 4354; x_wconf 68' lang='lat' dir='ltr'><strong>praedira~</strong></span> 
     </span>
    </p>
   </div>
   <div class='ocr_carea' id='block_1_83' title="bbox 214 4357 1828 4457">
    <p class='ocr_par' dir='ltr' id='par_1_83' title="bbox 214 4357 1803 4430">
     <span class='ocr_line' id='line_1_83' title="bbox 214 4357 1803 4430; baseline 0.004 -22"><span class='ocrx_word' id='word_1_626' title='bbox 214 4357 356 4427; x_wconf 82' lang='grc' dir='ltr'>τὴν,</span> <span class='ocrx_word' id='word_1_627' title='bbox 416 4359 518 4428; x_wconf 84' lang='grc' dir='ltr'>τὴν</span> <span class='ocrx_word' id='word_1_628' title='bbox 569 4357 793 4429; x_wconf 83' lang='grc' dir='ltr'>πρώτην</span> <span class='ocrx_word' id='word_1_629' title='bbox 853 4362 1197 4429; x_wconf 89' lang='grc' dir='ltr'>πανήγυριν,</span> <span class='ocrx_word' id='word_1_630' title='bbox 1247 4361 1346 4429; x_wconf 83' lang='grc' dir='ltr'>τὴν</span> <span class='ocrx_word' id='word_1_631' title='bbox 1395 4361 1647 4430; x_wconf 85' lang='grc' dir='ltr'>ἀγγέλοις</span> <span class='ocrx_word' id='word_1_632' title='bbox 1709 4363 1803 4414; x_wconf 86' lang='grc' dir='ltr'><strong>εὑ-</strong></span> 
     </span>
    </p>
   </div>
   <div class='ocr_carea' id='block_1_84' title="bbox 1862 4357 3476 4457">
    <p class='ocr_par' dir='ltr' id='par_1_84' title="bbox 1862 4372 3476 4456">
     <span class='ocr_line' id='line_1_84' title="bbox 1862 4372 3476 4456; baseline 0.001 -29"><span class='ocrx_word' id='word_1_633' title='bbox 1862 4372 2054 4456; x_wconf 71' lang='grc' dir='ltr'>)ῑὶοηε</span> <span class='ocrx_word' id='word_1_634' title='bbox 2110 4372 2509 4444; x_wconf 87' lang='lat' dir='ltr'><strong>dignissimam,</strong></span> <span class='ocrx_word' id='word_1_635' title='bbox 2556 4376 2735 4444; x_wconf 85' lang='lat' dir='ltr'><strong>prouti</strong></span> <span class='ocrx_word' id='word_1_636' title='bbox 2781 4389 2877 4445; x_wconf 88' lang='lat' dir='ltr'><strong>par</strong></span> <span class='ocrx_word' id='word_1_637' title='bbox 2905 4382 3007 4441; x_wconf 89' lang='lat' dir='ltr'><strong>est,</strong></span> <span class='ocrx_word' id='word_1_638' title='bbox 3037 4383 3355 4428; x_wconf 84' lang='lat' dir='ltr'><strong>venerantes</strong></span> <span class='ocrx_word' id='word_1_639' title='bbox 3384 4390 3395 4424; x_wconf 90' lang='lat'>:</span> <span class='ocrx_word' id='word_1_640' title='bbox 3422 4382 3476 4428; x_wconf 89' lang='lat' dir='ltr'><strong>et</strong></span> 
     </span>
    </p>
   </div>
   <div class='ocr_carea' id='block_1_85' title="bbox 214 4449 1828 4538">
    <p class='ocr_par' dir='ltr' id='par_1_85' title="bbox 214 4449 1805 4521">
     <span class='ocr_line' id='line_1_85' title="bbox 214 4449 1805 4521; baseline 0.004 -21"><span class='ocrx_word' id='word_1_641' title='bbox 214 4450 494 4519; x_wconf 83' lang='grc' dir='ltr'>φρόσυνον</span> <span class='ocrx_word' id='word_1_642' title='bbox 547 4451 641 4503; x_wconf 79' lang='grc' dir='ltr'>καὶ</span> <span class='ocrx_word' id='word_1_643' title='bbox 686 4449 997 4521; x_wconf 86' lang='grc' dir='ltr'>ἀνθρώποις</span> <span class='ocrx_word' id='word_1_644' title='bbox 1025 4450 1374 4516; x_wconf 60' lang='grc' dir='ltr'>ἀξιέπαινον</span> <span class='ocrx_word' id='word_1_645' title='bbox 1411 4452 1506 4505; x_wconf 70' lang='grc' dir='ltr'>καὶ</span> <span class='ocrx_word' id='word_1_646' title='bbox 1542 4452 1604 4505; x_wconf 84' lang='grc' dir='ltr'>τὸ</span> <span class='ocrx_word' id='word_1_647' title='bbox 1627 4454 1805 4521; x_wconf 76' lang='grc' dir='ltr'>Χαῖρε</span> 
     </span>
    </p>
   </div>
   <div class='ocr_carea' id='block_1_86' title="bbox 1863 4449 3477 4538">
    <p class='ocr_par' dir='ltr' id='par_1_86' title="bbox 1863 4449 3477 4538">
     <span class='ocr_line' id='line_1_86' title="bbox 1863 4449 3477 4538; baseline -0.001 -19"><span class='ocrx_word' id='word_1_648' title='bbox 1863 4449 1876 4456; x_wconf 49' lang='grc'><em>’</em></span> <span class='ocrx_word' id='word_1_649' title='bbox 1906 4463 2036 4519; x_wconf 90' lang='lat' dir='ltr'><strong>illud</strong></span> <span class='ocrx_word' id='word_1_650' title='bbox 2069 4464 2174 4519; x_wconf 81' lang='lat' dir='ltr'><strong>Ave</strong></span> <span class='ocrx_word' id='word_1_651' title='bbox 2207 4464 2473 4522; x_wconf 84' lang='lat' dir='ltr'><strong>Gabrielis</strong></span> <span class='ocrx_word' id='word_1_652' title='bbox 2499 4481 2623 4521; x_wconf 88' lang='lat' dir='ltr'><strong>cum</strong></span> <span class='ocrx_word' id='word_1_653' title='bbox 2654 4466 2956 4522; x_wconf 82' lang='lat' dir='ltr'><strong>reverentia</strong></span> <span class='ocrx_word' id='word_1_654' title='bbox 2985 4475 3039 4522; x_wconf 93' lang='lat' dir='ltr'><strong>et</strong></span> <span class='ocrx_word' id='word_1_655' title='bbox 3064 4465 3262 4538; x_wconf 86' lang='lat' dir='ltr'><strong>gaudio</strong></span> <span class='ocrx_word' id='word_1_656' title='bbox 3284 4473 3477 4520; x_wconf 88' lang='lat' dir='ltr'><strong>sancto</strong></span> 
     </span>
    </p>
   </div>
   <div class='ocr_carea' id='block_1_87' title="bbox 210 4540 1824 4617">
    <p class='ocr_par' dir='ltr' id='par_1_87' title="bbox 210 4540 1809 4617">
     <span class='ocr_line' id='line_1_87' title="bbox 210 4540 1809 4617; baseline 0.006 -25"><span class='ocrx_word' id='word_1_657' title='bbox 210 4540 312 4593; x_wconf 76' lang='grc' dir='ltr'>τοῦ</span> <span class='ocrx_word' id='word_1_658' title='bbox 343 4541 591 4613; x_wconf 82' lang='grc' dir='ltr'>Γαϐριὴλ</span> <span class='ocrx_word' id='word_1_659' title='bbox 627 4543 765 4614; x_wconf 88' lang='grc' dir='ltr'><strong>μετά</strong></span> <span class='ocrx_word' id='word_1_660' title='bbox 795 4543 963 4614; x_wconf 88' lang='grc' dir='ltr'>φόϐου</span> <span class='ocrx_word' id='word_1_661' title='bbox 996 4544 1090 4599; x_wconf 77' lang='grc' dir='ltr'>καὶ</span> <span class='ocrx_word' id='word_1_662' title='bbox 1114 4546 1288 4616; x_wconf 77' lang='grc' dir='ltr'>χαρᾶς</span> <span class='ocrx_word' id='word_1_663' title='bbox 1326 4547 1393 4617; x_wconf 81' lang='grc' dir='ltr'>τῇ</span> <span class='ocrx_word' id='word_1_664' title='bbox 1429 4547 1687 4617; x_wconf 83' lang='grc' dir='ltr'>πανάγνῳ</span> <span class='ocrx_word' id='word_1_665' title='bbox 1718 4548 1809 4601; x_wconf 82' lang='grc' dir='ltr'><strong>ὲκ-</strong></span> 
     </span>
    </p>
   </div>
   <div class='ocr_carea' id='block_1_88' title="bbox 738 4540 2352 4617">
    <p class='ocr_par' dir='ltr' id='par_1_88' title="bbox 738 4543 2352 4617">
     <span class='ocr_line' id='line_1_88' title="bbox 738 4543 2352 4617; baseline 0.008 -21"><span class='ocrx_word' id='word_1_666' title='bbox 738 4543 765 4598; x_wconf 61' lang='lat' dir='ltr'><strong>i</strong></span> <span class='ocrx_word' id='word_1_667' title='bbox 795 4543 963 4614; x_wconf 87' lang='grc' dir='ltr'>φόϐου</span> <span class='ocrx_word' id='word_1_668' title='bbox 996 4544 1090 4599; x_wconf 77' lang='grc' dir='ltr'>καὶ</span> <span class='ocrx_word' id='word_1_669' title='bbox 1114 4546 1288 4616; x_wconf 73' lang='grc' dir='ltr'>χαρᾶς</span> <span class='ocrx_word' id='word_1_670' title='bbox 1326 4547 1393 4617; x_wconf 80' lang='grc' dir='ltr'>τῇ</span> <span class='ocrx_word' id='word_1_671' title='bbox 1429 4547 1687 4617; x_wconf 82' lang='grc' dir='ltr'>πανάγνῳ</span> <span class='ocrx_word' id='word_1_672' title='bbox 1718 4548 1809 4601; x_wconf 74' lang='grc' dir='ltr'><strong>ὲκ-</strong></span> <span class='ocrx_word' id='word_1_673' title='bbox 1904 4557 2311 4613; x_wconf 85' lang='lat' dir='ltr'><strong>conclatnemus</strong></span> <span class='ocrx_word' id='word_1_674' title='bbox 2339 4574 2352 4609; x_wconf 89' lang='lat'><strong>:</strong></span> 
     </span>
    </p>
   </div>
   <div class='ocr_carea' id='block_1_89' title="bbox 211 4632 556 4704">
    <p class='ocr_par' dir='ltr' id='par_1_89' title="bbox 211 4632 556 4704">
     <span class='ocr_line' id='line_1_89' title="bbox 211 4632 556 4704; baseline 0.012 -21"><span class='ocrx_word' id='word_1_675' title='bbox 211 4632 315 4704; x_wconf 81' lang='grc' dir='ltr'><strong>ϐοή</strong></span> <span class='ocrx_word' id='word_1_676' title='bbox 326 4650 518 4703; x_wconf 84' lang='grc' dir='ltr'>σωμεν</span> <span class='ocrx_word' id='word_1_677' title='bbox 541 4649 556 4664; x_wconf 76' lang='grc' dir='ltr'><strong><em>ο</em></strong></span> 
     </span>
    </p>
   </div>
   <div class='ocr_carea' id='block_1_90' title="bbox 284 4723 1898 4801">
    <p class='ocr_par' dir='ltr' id='par_1_90' title="bbox 284 4723 1803 4801">
     <span class='ocr_line' id='line_1_90' title="bbox 284 4723 1803 4801; baseline 0.006 -24"><span class='ocrx_word' id='word_1_678' title='bbox 284 4726 489 4796; x_wconf 86' lang='grc' dir='ltr'>Χαῖρε,</span> <span class='ocrx_word' id='word_1_679' title='bbox 516 4726 607 4781; x_wconf 85' lang='grc' dir='ltr'>τοῦ</span> <span class='ocrx_word' id='word_1_680' title='bbox 631 4727 845 4798; x_wconf 81' lang='grc' dir='ltr'>Πατρὺς</span> <span class='ocrx_word' id='word_1_681' title='bbox 869 4729 902 4800; x_wconf 80' lang='grc' dir='ltr'><strong>ἡ</strong></span> <span class='ocrx_word' id='word_1_682' title='bbox 933 4726 1172 4793; x_wconf 83' lang='grc' dir='ltr'>εὐδοκία,</span> <span class='ocrx_word' id='word_1_683' title='bbox 1202 4728 1269 4781; x_wconf 79' lang='grc' dir='ltr'>δι’</span> <span class='ocrx_word' id='word_1_684' title='bbox 1289 4723 1358 4801; x_wconf 78' lang='grc' dir='ltr'>ἧς</span> <span class='ocrx_word' id='word_1_685' title='bbox 1384 4735 1465 4794; x_wconf 86' lang='grc' dir='ltr'><strong>είς</strong></span> <span class='ocrx_word' id='word_1_686' title='bbox 1492 4730 1561 4785; x_wconf 80' lang='grc' dir='ltr'><strong>τὰ</strong></span> <span class='ocrx_word' id='word_1_687' title='bbox 1589 4731 1803 4801; x_wconf 83' lang='grc' dir='ltr'>πέρατα</span> 
     </span>
    </p>
   </div>
   <div class='ocr_carea' id='block_1_91' title="bbox 1865 4723 3479 4801">
    <p class='ocr_par' dir='ltr' id='par_1_91' title="bbox 1970 4728 3479 4800">
     <span class='ocr_line' id='line_1_91' title="bbox 1970 4728 3479 4800; baseline -0.002 -14"><span class='ocrx_word' id='word_1_688' title='bbox 1970 4732 2105 4796; x_wconf 79' lang='lat' dir='ltr'><strong>Ave,</strong></span> <span class='ocrx_word' id='word_1_689' title='bbox 2130 4729 2385 4785; x_wconf 88' lang='lat' dir='ltr'><strong>delicium</strong></span> <span class='ocrx_word' id='word_1_690' title='bbox 2418 4728 2617 4796; x_wconf 87' lang='lat' dir='ltr'><strong>Patris,</strong></span> <span class='ocrx_word' id='word_1_691' title='bbox 2644 4745 2739 4800; x_wconf 91' lang='lat' dir='ltr'><strong>per</strong></span> <span class='ocrx_word' id='word_1_692' title='bbox 2768 4744 2931 4799; x_wconf 86' lang='lat' dir='ltr'><strong>quam</strong></span> <span class='ocrx_word' id='word_1_693' title='bbox 2967 4728 3032 4783; x_wconf 90' lang='lat' dir='ltr'><strong>ad</strong></span> <span class='ocrx_word' id='word_1_694' title='bbox 3066 4729 3289 4784; x_wconf 91' lang='lat' dir='ltr'><strong>ultimos</strong></span> <span class='ocrx_word' id='word_1_695' title='bbox 3320 4737 3479 4783; x_wconf 65' lang='lat' dir='ltr'><strong>terrae</strong></span> 
     </span>
    </p>
   </div>
   <div class='ocr_carea' id='block_1_92' title="bbox 208 4816 1822 4895">
    <p class='ocr_par' dir='ltr' id='par_1_92' title="bbox 208 4816 1795 4895">
     <span class='ocr_line' id='line_1_92' title="bbox 208 4816 1795 4895; baseline 0.005 -25"><span class='ocrx_word' id='word_1_696' title='bbox 208 4816 473 4888; x_wconf 79' lang='grc' dir='ltr'>ἐγνώσθη</span> <span class='ocrx_word' id='word_1_697' title='bbox 507 4818 834 4889; x_wconf 81' lang='grc' dir='ltr'>θεογνωσίαο</span> <span class='ocrx_word' id='word_1_698' title='bbox 866 4822 1047 4891; x_wconf 88' lang='grc' dir='ltr'>χαῖρε,</span> <span class='ocrx_word' id='word_1_699' title='bbox 1080 4820 1174 4873; x_wconf 81' lang='grc' dir='ltr'><strong>τοῦ</strong></span> <span class='ocrx_word' id='word_1_700' title='bbox 1205 4820 1334 4874; x_wconf 84' lang='grc' dir='ltr'><strong>Υἱοῦ</strong></span> <span class='ocrx_word' id='word_1_701' title='bbox 1382 4823 1414 4894; x_wconf 83' lang='grc' dir='ltr'>ὴ</span> <span class='ocrx_word' id='word_1_702' title='bbox 1454 4824 1795 4895; x_wconf 83' lang='grc' dir='ltr'>κατοίκησις,</span> 
     </span>
    </p>
   </div>
   <div class='ocr_carea' id='block_1_93' title="bbox 1859 4816 3473 4895">
    <p class='ocr_par' dir='ltr' id='par_1_93' title="bbox 1905 4820 3473 4895">
     <span class='ocr_line' id='line_1_93' title="bbox 1905 4820 3473 4895; baseline -0.005 -15"><span class='ocrx_word' id='word_1_703' title='bbox 1905 4825 2042 4880; x_wconf 79' lang='lat' dir='ltr'><strong>lines</strong></span> <span class='ocrx_word' id='word_1_704' title='bbox 2083 4822 2176 4879; x_wconf 90' lang='lat' dir='ltr'><strong>Dei</strong></span> <span class='ocrx_word' id='word_1_705' title='bbox 2207 4823 2446 4895; x_wconf 88' lang='lat' dir='ltr'><strong>cognitio</strong></span> <span class='ocrx_word' id='word_1_706' title='bbox 2475 4821 2735 4876; x_wconf 81' lang='lat' dir='ltr'><strong>manavit.</strong></span> <span class='ocrx_word' id='word_1_707' title='bbox 2778 4823 2913 4886; x_wconf 80' lang='lat' dir='ltr'><strong>Ave,</strong></span> <span class='ocrx_word' id='word_1_708' title='bbox 2950 4821 3071 4875; x_wconf 86' lang='lat' dir='ltr'><strong>Filii</strong></span> <span class='ocrx_word' id='word_1_709' title='bbox 3113 4820 3473 4887; x_wconf 87' lang='lat' dir='ltr'><strong>domicilium,</strong></span> 
     </span>
    </p>
   </div>
   <div class='ocr_carea' id='block_1_94' title="bbox 208 4902 1822 4985">
    <p class='ocr_par' dir='ltr' id='par_1_94' title="bbox 208 4902 1796 4984">
     <span class='ocr_line' id='line_1_94' title="bbox 208 4902 1796 4984; baseline 0.006 -25"><span class='ocrx_word' id='word_1_710' title='bbox 208 4909 269 4959; x_wconf 81' lang='grc' dir='ltr'>ὲν</span> <span class='ocrx_word' id='word_1_711' title='bbox 407 4912 435 4962; x_wconf 88' lang='grc' dir='ltr'><strong>ό</strong></span> <span class='ocrx_word' id='word_1_712' title='bbox 474 4912 811 4983; x_wconf 85' lang='grc' dir='ltr'>σαρκοφόρος</span> <span class='ocrx_word' id='word_1_713' title='bbox 856 4911 1219 4983; x_wconf 83' lang='grc' dir='ltr'>προελήλυθε’</span> <span class='ocrx_word' id='word_1_714' title='bbox 1268 4916 1449 4984; x_wconf 86' lang='grc' dir='ltr'>χαῖρε,</span> <span class='ocrx_word' id='word_1_715' title='bbox 1501 4915 1596 4969; x_wconf 84' lang='grc' dir='ltr'><strong>τοῦ</strong></span> <span class='ocrx_word' id='word_1_716' title='bbox 1641 4915 1796 4983; x_wconf 80' lang='grc' dir='ltr'>ἁγίου</span> 
     </span>
    </p>
   </div>
   <div class='ocr_carea' id='block_1_95' title="bbox 1860 4902 3474 4985">
    <p class='ocr_par' dir='ltr' id='par_1_95' title="bbox 1904 4912 3474 4985">
     <span class='ocr_line' id='line_1_95' title="bbox 1904 4912 3474 4985; baseline -0.004 -14"><span class='ocrx_word' id='word_1_717' title='bbox 1904 4916 1973 4971; x_wconf 89' lang='lat' dir='ltr'><strong>de</strong></span> <span class='ocrx_word' id='word_1_718' title='bbox 2009 4930 2116 4985; x_wconf 90' lang='lat' dir='ltr'><strong>qua</strong></span> <span class='ocrx_word' id='word_1_719' title='bbox 2151 4914 2239 4968; x_wconf 91' lang='lat' dir='ltr'><strong>ille</strong></span> <span class='ocrx_word' id='word_1_720' title='bbox 2270 4929 2435 4969; x_wconf 85' lang='lat' dir='ltr'><strong>carne</strong></span> <span class='ocrx_word' id='word_1_721' title='bbox 2463 4913 2688 4981; x_wconf 86' lang='lat' dir='ltr'><strong>indutus</strong></span> <span class='ocrx_word' id='word_1_722' title='bbox 2720 4912 2934 4981; x_wconf 87' lang='lat' dir='ltr'><strong>prodiit.</strong></span> <span class='ocrx_word' id='word_1_723' title='bbox 2972 4913 3105 4977; x_wconf 80' lang='lat' dir='ltr'><strong>Ave,</strong></span> <span class='ocrx_word' id='word_1_724' title='bbox 3138 4912 3313 4965; x_wconf 89' lang='lat' dir='ltr'><strong>sancti</strong></span> <span class='ocrx_word' id='word_1_725' title='bbox 3348 4912 3474 4981; x_wconf 85' lang='lat' dir='ltr'><strong>Spi-</strong></span> 
     </span>
    </p>
   </div>
   <div class='ocr_carea' id='block_1_96' title="bbox 206 4997 1820 5077">
    <p class='ocr_par' dir='ltr' id='par_1_96' title="bbox 206 4997 1799 5077">
     <span class='ocr_line' id='line_1_96' title="bbox 206 4997 1799 5077; baseline 0.007 -26"><span class='ocrx_word' id='word_1_726' title='bbox 206 4997 363 5052; x_wconf 87' lang='grc' dir='ltr'>Πνεύ</span> <span class='ocrx_word' id='word_1_727' title='bbox 373 5016 545 5068; x_wconf 85' lang='grc' dir='ltr'>ματος</span> <span class='ocrx_word' id='word_1_728' title='bbox 570 5004 991 5074; x_wconf 88' lang='grc' dir='ltr'>κατοικητήριον</span> <span class='ocrx_word' id='word_1_729' title='bbox 1017 5003 1257 5076; x_wconf 78' lang='grc' dir='ltr'>ἄρρητον</span> <span class='ocrx_word' id='word_1_730' title='bbox 1274 5021 1288 5035; x_wconf 90' lang='grc'><strong>·</strong></span> <span class='ocrx_word' id='word_1_731' title='bbox 1323 5008 1500 5077; x_wconf 87' lang='grc' dir='ltr'>χαῖρε,</span> <span class='ocrx_word' id='word_1_732' title='bbox 1526 5006 1635 5061; x_wconf 84' lang='grc' dir='ltr'><strong>τῶν</strong></span> <span class='ocrx_word' id='word_1_733' title='bbox 1661 5010 1799 5062; x_wconf 86' lang='grc' dir='ltr'>ἀσω-</span> 
     </span>
    </p>
   </div>
   <div class='ocr_carea' id='block_1_97' title="bbox 1862 4997 3476 5077">
    <p class='ocr_par' dir='ltr' id='par_1_97' title="bbox 1904 5004 3476 5075">
     <span class='ocr_line' id='line_1_97' title="bbox 1904 5004 3476 5075; baseline -0.003 -11"><span class='ocrx_word' id='word_1_734' title='bbox 1904 5010 2043 5064; x_wconf 87' lang='lat' dir='ltr'><strong>ritus</strong></span> <span class='ocrx_word' id='word_1_735' title='bbox 2066 5007 2433 5062; x_wconf 86' lang='lat' dir='ltr'><strong>habitaculum</strong></span> <span class='ocrx_word' id='word_1_736' title='bbox 2467 5005 2757 5059; x_wconf 75' lang='lat' dir='ltr'><strong>ineliabile.</strong></span> <span class='ocrx_word' id='word_1_737' title='bbox 2782 5004 2913 5070; x_wconf 86' lang='lat' dir='ltr'><strong>Ave,</strong></span> <span class='ocrx_word' id='word_1_738' title='bbox 2938 5020 3296 5075; x_wconf 85' lang='lat' dir='ltr'><strong>supernarum</strong></span> <span class='ocrx_word' id='word_1_739' title='bbox 3326 5021 3476 5059; x_wconf 85' lang='lat' dir='ltr'><strong>men-</strong></span> 
     </span>
    </p>
   </div>
   <div class='ocr_carea' id='block_1_98' title="bbox 209 5091 1823 5172">
    <p class='ocr_par' dir='ltr' id='par_1_98' title="bbox 209 5091 1797 5172">
     <span class='ocr_line' id='line_1_98' title="bbox 209 5091 1797 5172; baseline 0.007 -30"><span class='ocrx_word' id='word_1_740' title='bbox 209 5091 415 5159; x_wconf 82' lang='grc' dir='ltr'>μάτων</span> <span class='ocrx_word' id='word_1_741' title='bbox 440 5092 499 5144; x_wconf 79' lang='grc' dir='ltr'><strong>τὸ</strong></span> <span class='ocrx_word' id='word_1_742' title='bbox 531 5094 962 5168; x_wconf 85' lang='grc' dir='ltr'>πολυθρύλλητον</span> <span class='ocrx_word' id='word_1_743' title='bbox 997 5096 1216 5168; x_wconf 82' lang='grc' dir='ltr'>θαῦμα⁶</span> <span class='ocrx_word' id='word_1_744' title='bbox 1250 5101 1429 5169; x_wconf 84' lang='grc' dir='ltr'>χαῖρε,</span> <span class='ocrx_word' id='word_1_745' title='bbox 1450 5099 1559 5152; x_wconf 83' lang='grc' dir='ltr'><strong>τῶν</strong></span> <span class='ocrx_word' id='word_1_746' title='bbox 1588 5101 1797 5172; x_wconf 83' lang='grc' dir='ltr'>Χερου-</span> 
     </span>
    </p>
   </div>
   <div class='ocr_carea' id='block_1_99' title="bbox 1864 5091 3478 5172">
    <p class='ocr_par' dir='ltr' id='par_1_99' title="bbox 1904 5096 3478 5162">
     <span class='ocr_line' id='line_1_99' title="bbox 1904 5096 3478 5162; baseline -0.003 -6"><span class='ocrx_word' id='word_1_747' title='bbox 1904 5101 2039 5157; x_wconf 92' lang='lat' dir='ltr'><strong>tium</strong></span> <span class='ocrx_word' id='word_1_748' title='bbox 2072 5097 2497 5155; x_wconf 86' lang='lat' dir='ltr'><strong>celebratissima</strong></span> <span class='ocrx_word' id='word_1_749' title='bbox 2539 5098 2850 5152; x_wconf 86' lang='lat' dir='ltr'><strong>admiratio.</strong></span> <span class='ocrx_word' id='word_1_750' title='bbox 2884 5096 3017 5162; x_wconf 85' lang='lat' dir='ltr'><strong>Ave,</strong></span> <span class='ocrx_word' id='word_1_751' title='bbox 3053 5098 3295 5152; x_wconf 89' lang='lat' dir='ltr'><strong>sanctior</strong></span> <span class='ocrx_word' id='word_1_752' title='bbox 3337 5098 3478 5152; x_wconf 82' lang='lat' dir='ltr'><strong>Che-</strong></span> 
     </span>
    </p>
   </div>
   <div class='ocr_carea' id='block_1_100' title="bbox 206 5179 1820 5264">
    <p class='ocr_par' dir='ltr' id='par_1_100' title="bbox 206 5179 1795 5264">
     <span class='ocr_line' id='line_1_100' title="bbox 206 5179 1795 5264; baseline 0.01 -32"><span class='ocrx_word' id='word_1_753' title='bbox 206 5179 314 5250; x_wconf 73' lang='grc' dir='ltr'>ϐὶμ</span> <span class='ocrx_word' id='word_1_754' title='bbox 376 5182 679 5254; x_wconf 80' lang='grc' dir='ltr'>ἁγιωτέρα’</span> <span class='ocrx_word' id='word_1_755' title='bbox 730 5188 924 5260; x_wconf 82' lang='grc' dir='ltr'>χαῖρε,</span> <span class='ocrx_word' id='word_1_756' title='bbox 980 5187 1090 5242; x_wconf 87' lang='grc' dir='ltr'>τῶν</span> <span class='ocrx_word' id='word_1_757' title='bbox 1143 5188 1395 5262; x_wconf 73' lang='grc' dir='ltr'>Σεραφὶμ</span> <span class='ocrx_word' id='word_1_758' title='bbox 1457 5189 1795 5264; x_wconf 76' lang='grc' dir='ltr'>ἐνδοξοτέρα.</span> 
     </span>
    </p>
   </div>
   <div class='ocr_carea' id='block_1_101' title="bbox 1858 5179 3472 5264">
    <p class='ocr_par' dir='ltr' id='par_1_101' title="bbox 1905 5189 3472 5262">
     <span class='ocr_line' id='line_1_101' title="bbox 1905 5189 3472 5262; baseline -0.004 -14"><span class='ocrx_word' id='word_1_759' title='bbox 1905 5193 2119 5259; x_wconf 87' lang='lat' dir='ltr'><strong>ruhim;</strong></span> <span class='ocrx_word' id='word_1_760' title='bbox 2154 5206 2273 5259; x_wconf 88' lang='lat' dir='ltr'><strong>ave,</strong></span> <span class='ocrx_word' id='word_1_761' title='bbox 2298 5191 2585 5262; x_wconf 86' lang='lat' dir='ltr'><strong>gloriosior</strong></span> <span class='ocrx_word' id='word_1_762' title='bbox 2604 5189 2892 5261; x_wconf 88' lang='lat' dir='ltr'><strong>Seraphim</strong></span> <span class='ocrx_word' id='word_1_763' title='bbox 2916 5208 2932 5259; x_wconf 89' lang='lat'><strong>;</strong></span> <span class='ocrx_word' id='word_1_764' title='bbox 2959 5206 3076 5257; x_wconf 89' lang='lat' dir='ltr'><strong>ave,</strong></span> <span class='ocrx_word' id='word_1_765' title='bbox 3110 5192 3250 5247; x_wconf 73' lang='lat' dir='ltr'><strong>cmlo</strong></span> <span class='ocrx_word' id='word_1_766' title='bbox 3278 5191 3472 5253; x_wconf 89' lang='lat' dir='ltr'><strong>latior;</strong></span> 
     </span>
    </p>
   </div>
   <div class='ocr_carea' id='block_1_102' title="bbox 304 5340 3471 5424">
    <p class='ocr_par' dir='ltr' id='par_1_102' title="bbox 304 5340 3471 5424">
     <span class='ocr_line' id='line_1_102' title="bbox 304 5340 3471 5424; baseline 0.004 -30"><span class='ocrx_word' id='word_1_767' title='bbox 304 5341 357 5424; x_wconf 64' lang='grc' dir='ltr'><strong>ξ’</strong></span> <span class='ocrx_word' id='word_1_768' title='bbox 385 5340 547 5397; x_wconf 81' lang='lat' dir='ltr'><strong>Joan.</strong></span> <span class='ocrx_word' id='word_1_769' title='bbox 592 5346 809 5424; x_wconf 31' lang='lat' dir='ltr'><strong>vinginti</strong></span> <span class='ocrx_word' id='word_1_770' title='bbox 851 5349 1038 5424; x_wconf 41' lang='lat' dir='ltr'><strong>erili.</strong></span> <span class='ocrx_word' id='word_1_771' title='bbox 1105 5350 1196 5404; x_wconf 83' lang='lat' dir='ltr'><strong>llla</strong></span> <span class='ocrx_word' id='word_1_772' title='bbox 1236 5352 1545 5424; x_wconf 49' lang='grc' dir='ltr'>νειμαμξιρ</span> <span class='ocrx_word' id='word_1_773' title='bbox 1590 5354 1729 5406; x_wconf 86' lang='lat' dir='ltr'><strong>enim</strong></span> <span class='ocrx_word' id='word_1_774' title='bbox 1798 5356 1861 5409; x_wconf 85' lang='lat' dir='ltr'><strong>de</strong></span> <span class='ocrx_word' id='word_1_775' title='bbox 1918 5369 1997 5409; x_wconf 88' lang='lat' dir='ltr'><strong>me</strong></span> <span class='ocrx_word' id='word_1_776' title='bbox 2027 5352 2232 5407; x_wconf 82' lang='lat' dir='ltr'><strong>locutus</strong></span> <span class='ocrx_word' id='word_1_777' title='bbox 2289 5362 2390 5419; x_wconf 83' lang='lat' dir='ltr'><strong>est,</strong></span> <span class='ocrx_word' id='word_1_778' title='bbox 2458 5351 2513 5407; x_wconf 88' lang='lat' dir='ltr'><strong>in</strong></span> <span class='ocrx_word' id='word_1_779' title='bbox 2548 5351 2837 5424; x_wconf 84' lang='lat' dir='ltr'><strong>Evangelio</strong></span> <span class='ocrx_word' id='word_1_780' title='bbox 2886 5353 3137 5424; x_wconf 86' lang='lat' dir='ltr'><strong>nuspiam</strong></span> <span class='ocrx_word' id='word_1_781' title='bbox 3194 5352 3471 5421; x_wconf 81' lang='lat' dir='ltr'><strong>leguntur.</strong></span> 
     </span>
    </p>
   </div>
   <div class='ocr_carea' id='block_1_103' title="bbox 215 5408 1829 5487">
    <p class='ocr_par' dir='ltr' id='par_1_103' title="bbox 215 5408 1829 5487">
     <span class='ocr_line' id='line_1_103' title="bbox 215 5408 1829 5487; baseline 0.008 -23"><span class='ocrx_word' id='word_1_782' title='bbox 215 5412 262 5443; x_wconf 79' lang='grc'><strong>³⁸</strong></span> <span class='ocrx_word' id='word_1_783' title='bbox 297 5408 470 5467; x_wconf 84' lang='lat' dir='ltr'><strong>Joan.</strong></span> <span class='ocrx_word' id='word_1_784' title='bbox 504 5431 554 5482; x_wconf 89' lang='grc' dir='ltr'><strong>ν,</strong></span> <span class='ocrx_word' id='word_1_785' title='bbox 589 5415 678 5481; x_wconf 73' lang='grc'><strong>45,</strong></span> <span class='ocrx_word' id='word_1_786' title='bbox 721 5416 836 5479; x_wconf 67' lang='grc'>46.,</span> <span class='ocrx_word' id='word_1_787' title='bbox 889 5419 934 5449; x_wconf 79' lang='grc'><strong>³’</strong></span> <span class='ocrx_word' id='word_1_788' title='bbox 959 5418 1122 5473; x_wconf 82' lang='lat' dir='ltr'><strong>Joan.</strong></span> <span class='ocrx_word' id='word_1_789' title='bbox 1154 5436 1242 5486; x_wconf 84' lang='lat' dir='ltr'><strong>xv,</strong></span> <span class='ocrx_word' id='word_1_790' title='bbox 1266 5421 1354 5473; x_wconf 72' lang='grc'><strong>22.</strong></span> <span class='ocrx_word' id='word_1_791' title='bbox 1404 5408 1474 5455; x_wconf 77' lang='grc'><strong>’³⁸</strong></span> <span class='ocrx_word' id='word_1_792' title='bbox 1500 5421 1606 5476; x_wconf 88' lang='lat' dir='ltr'><strong>Tit.</strong></span> <span class='ocrx_word' id='word_1_793' title='bbox 1642 5439 1701 5487; x_wconf 86' lang='lat' dir='ltr'><strong>Il,</strong></span> <span class='ocrx_word' id='word_1_794' title='bbox 1744 5425 1829 5480; x_wconf 66' lang='lat' dir='ltr'><strong>l4.</strong></span> 
     </span>
    </p>
   </div>
   <div class='ocr_carea' id='block_1_104' title="bbox 286 5586 3467 5677">
    <p class='ocr_par' dir='ltr' id='par_1_104' title="bbox 286 5586 3467 5677">
     <span class='ocr_line' id='line_1_104' title="bbox 286 5586 3467 5677; baseline 0.007 -35"><span class='ocrx_word' id='word_1_795' title='bbox 286 5586 935 5677; x_wconf 11' lang='lat' dir='ltr'><strong>gigExploratissimum</strong></span> <span class='ocrx_word' id='word_1_796' title='bbox 1007 5595 1162 5677; x_wconf 42' lang='lat' dir='ltr'><strong>apud.</strong></span> <span class='ocrx_word' id='word_1_797' title='bbox 1210 5594 1397 5653; x_wconf 84' lang='lat' dir='ltr'><strong>Patres</strong></span> <span class='ocrx_word' id='word_1_798' title='bbox 1460 5598 1786 5677; x_wconf 75' lang='lat' dir='ltr'><strong>principium</strong></span> <span class='ocrx_word' id='word_1_799' title='bbox 1892 5606 1959 5654; x_wconf 84' lang='lat' dir='ltr'><strong>de</strong></span> <span class='ocrx_word' id='word_1_800' title='bbox 2010 5601 2156 5677; x_wconf 81' lang='lat' dir='ltr'><strong>nulla</strong></span> <span class='ocrx_word' id='word_1_801' title='bbox 2187 5604 2439 5677; x_wconf 80' lang='lat' dir='ltr'><strong>puellula</strong></span> <span class='ocrx_word' id='word_1_802' title='bbox 2483 5605 2692 5677; x_wconf 85' lang='lat' dir='ltr'><strong>trienni</strong></span> <span class='ocrx_word' id='word_1_803' title='bbox 2728 5603 2865 5677; x_wconf 83' lang='lat' dir='ltr'><strong>adeo</strong></span> <span class='ocrx_word' id='word_1_804' title='bbox 2915 5604 3209 5673; x_wconf 76' lang='lat' dir='ltr'><strong>singularis</strong></span> <span class='ocrx_word' id='word_1_805' title='bbox 3259 5608 3467 5677; x_wconf 76' lang='lat' dir='ltr'><strong>paritas</strong></span> 
     </span>
    </p>
   </div>
   <div class='ocr_carea' id='block_1_105' title="bbox 204 5659 3460 5747">
    <p class='ocr_par' dir='ltr' id='par_1_105' title="bbox 204 5659 3460 5747">
     <span class='ocr_line' id='line_1_105' title="bbox 204 5659 3460 5747; baseline 0.006 -36"><span class='ocrx_word' id='word_1_806' title='bbox 204 5659 485 5747; x_wconf 46' lang='lat' dir='ltr'><strong>Quiparre</strong></span> <span class='ocrx_word' id='word_1_807' title='bbox 510 5659 907 5735; x_wconf 34' lang='lat' dir='ltr'><strong>’przerogativas</strong></span> <span class='ocrx_word' id='word_1_808' title='bbox 961 5680 991 5719; x_wconf 89' lang='lat' dir='ltr'><strong>a</strong></span> <span class='ocrx_word' id='word_1_809' title='bbox 1046 5659 1164 5720; x_wconf 77' lang='lat' dir='ltr'><strong>Filii</strong></span> <span class='ocrx_word' id='word_1_810' title='bbox 1210 5659 1579 5738; x_wconf 58' lang='lat' dir='ltr'><strong>prterogat&#39;iiis</strong></span> <span class='ocrx_word' id='word_1_811' title='bbox 1616 5659 1788 5725; x_wconf 72' lang='grc' dir='ltr'>α’ἰιυυ-</span> <span class='ocrx_word' id='word_1_812' title='bbox 1894 5659 2232 5747; x_wconf 65' lang='lat' dir='ltr'><strong>praedicatula</strong></span> <span class='ocrx_word' id='word_1_813' title='bbox 2270 5686 2354 5729; x_wconf 86' lang='lat' dir='ltr'><strong>est</strong></span> <span class='ocrx_word' id='word_1_814' title='bbox 2405 5687 2464 5727; x_wconf 88' lang='lat' dir='ltr'><strong>ut</strong></span> <span class='ocrx_word' id='word_1_815' title='bbox 2500 5678 2618 5728; x_wconf 76' lang='grc' dir='ltr'>κατ’</span> <span class='ocrx_word' id='word_1_816' title='bbox 2648 5675 2839 5743; x_wconf 71' lang='grc' dir='ltr'>ἐξοχὴν</span> <span class='ocrx_word' id='word_1_817' title='bbox 2873 5659 3123 5730; x_wconf 71' lang='lat' dir='ltr'><strong>innocens</strong></span> <span class='ocrx_word' id='word_1_818' title='bbox 3155 5659 3460 5747; x_wconf 56' lang='lat' dir='ltr'><strong>simi-netu?</strong></span> 
     </span>
    </p>
   </div>
   <div class='ocr_carea' id='block_1_106' title="bbox 206 5731 3463 5818">
    <p class='ocr_par' dir='ltr' id='par_1_106' title="bbox 206 5731 3463 5818">
     <span class='ocr_line' id='line_1_106' title="bbox 206 5731 3463 5818; baseline 0.003 -28"><span class='ocrx_word' id='word_1_819' title='bbox 206 5731 605 5818; x_wconf 55' lang='grc' dir='ltr'><strong>ῑὶεξεςξεξςεξθ.</strong></span> <span class='ocrx_word' id='word_1_820' title='bbox 673 5731 722 5818; x_wconf 47' lang='grc' dir='ltr'>ι’</span> <span class='ocrx_word' id='word_1_821' title='bbox 755 5803 767 5815; x_wconf 42' lang='grc'><em>,</em></span> <span class='ocrx_word' id='word_1_822' title='bbox 836 5804 847 5814; x_wconf 32' lang='grc' dir='ltr'><strong>ν</strong></span> <span class='ocrx_word' id='word_1_823' title='bbox 1094 5808 1121 5818; x_wconf 14' lang='lat'><strong>&#39;7</strong></span> <span class='ocrx_word' id='word_1_824' title='bbox 1210 5731 1225 5735; x_wconf 73' lang='grc'><em>’</em></span> <span class='ocrx_word' id='word_1_825' title='bbox 1389 5731 1414 5738; x_wconf 71' lang='grc'><strong><em>“</em></strong></span> <span class='ocrx_word' id='word_1_826' title='bbox 1621 5809 1652 5818; x_wconf 42' lang='grc' dir='ltr'><strong>λ</strong></span> <span class='ocrx_word' id='word_1_827' title='bbox 1892 5731 2045 5818; x_wconf 69' lang='lat' dir='ltr'><strong>licata</strong></span> <span class='ocrx_word' id='word_1_828' title='bbox 2083 5743 2262 5811; x_wconf 73' lang='lat' dir='ltr'><strong>Virgo,</strong></span> <span class='ocrx_word' id='word_1_829' title='bbox 2301 5747 2402 5799; x_wconf 83' lang='lat' dir='ltr'><strong>nisi</strong></span> <span class='ocrx_word' id='word_1_830' title='bbox 2428 5748 2492 5802; x_wconf 78' lang='lat' dir='ltr'><strong>tle</strong></span> <span class='ocrx_word' id='word_1_831' title='bbox 2523 5731 2861 5803; x_wconf 65' lang='lat' dir='ltr'><strong>immunitate</strong></span> <span class='ocrx_word' id='word_1_832' title='bbox 2891 5764 2918 5803; x_wconf 87' lang='lat' dir='ltr'><strong>a</strong></span> <span class='ocrx_word' id='word_1_833' title='bbox 2956 5731 3463 5818; x_wconf 54' lang='lat' dir='ltr'><strong>peccato&#39;uriginali</strong></span> 
     </span>
    </p>
   </div>
   <div class='ocr_carea' id='block_1_107' title="bbox 280 5798 2245 5885">
    <p class='ocr_par' dir='ltr' id='par_1_107' title="bbox 280 5798 2245 5885">
     <span class='ocr_line' id='line_1_107' title="bbox 280 5798 2245 5885; baseline 0.01 -33"><span class='ocrx_word' id='word_1_834' title='bbox 280 5798 373 5871; x_wconf 89' lang='lat'><strong>(8)</strong></span> <span class='ocrx_word' id='word_1_835' title='bbox 406 5798 478 5856; x_wconf 86' lang='lat' dir='ltr'><strong>De</strong></span> <span class='ocrx_word' id='word_1_836' title='bbox 509 5803 939 5875; x_wconf 82' lang='lat' dir='ltr'><strong>singularissinta</strong></span> <span class='ocrx_word' id='word_1_837' title='bbox 987 5808 1218 5876; x_wconf 87' lang='lat' dir='ltr'><strong>puritate</strong></span> <span class='ocrx_word' id='word_1_838' title='bbox 1263 5825 1438 5867; x_wconf 83' lang='lat' dir='ltr'><strong>scrtno</strong></span> <span class='ocrx_word' id='word_1_839' title='bbox 1471 5820 1571 5868; x_wconf 84' lang='lat' dir='ltr'><strong>cst.</strong></span> <span class='ocrx_word' id='word_1_840' title='bbox 1617 5809 1784 5867; x_wconf 80' lang='lat' dir='ltr'><strong>Porro</strong></span> <span class='ocrx_word' id='word_1_841' title='bbox 1896 5798 2245 5885; x_wconf 74' lang='lat' dir='ltr'><strong>intelligatur.</strong></span> 
     </span>
    </p>
   </div>
  </div>
