4030 6166
634 254 731 315 591

1512 255 1573 311 n.
1608 256 1858 315 cauom
1881 258 2112 328 jMAGNl
2143 257 2295 317 orp.
2334 258 2514 315 PARS
2545 259 2585 314 ι.
2619 258 2859 316 SECTIO
2900 256 2983 315 ιιι.
3097 209 3102 215 ’

3776 265 3885 321 592
3943 290 3947 297 .

635 369 850 435 ιιιᾶθνι,
887 369 1147 450 regnante
1175 364 1270 448 pio
1312 362 1635 489 imﬁeratore
1682 364 1881 447 Ottone
1927 382 2068 449 anno
2100 367 2190 425 28.
2222 373 2274 431 Α
2297 367 2502 431 teritos,
2532 367 2835 448 imperiales
2866 376 2994 422 tunc
3018 365 3335 449 incipientes
3362 365 3641 421 adnexuit.
3670 367 3878 449 .Miror,

635 440 822 489 Actum
845 436 1021 489 Dama:
1049 435 1294 489 feliciter.
1326 455 1344 487 ι
1426 451 1513 489 me
1535 450 1664 489 vero
1694 435 1939 489 Struvms
1968 453 2023 489 ιιι
2055 453 2196 489 nova
2299 453 2494 489 novum
2544 453 2609 489 ns
2666 445 3040 489 araumentum
3093 436 3490 489 sunnedttatum
3531 439 3721 489 verbis
3776 441 3878 489 illis

631 440 822 494 Actum
845 435 1021 507 Papia:
1049 435 1294 507 feliciter.
1312 435 1664 507 iliuicqvero
1694 435 1939 507 Siruvius
1968 437 2023 491 in
2055 453 2196 492 nova

629 509 759 566 edit.
791 504 1011 562 Frelierl
1032 505 1213 561 statim
1241 504 1455 573 subjicit
1485 504 1706 575 alterius
1729 505 2036 575 diplomatis
2058 508 2199 564 hanc

629 576 1079 647 subscriptionem
1103 591 1131 647 _:
1172 592 1205 647 g_
1227 575 1363 629 Data
1399 590 1441 628 ιι
1472 574 1608 629 Νοιι.
1639 575 1762 629 Maii
1783 574 1959 647 fannop
1982 577 2195 647 inearn.

629 644 920 704 Dominicm
942 645 1067 709 965,
1100 644 1284 699 indict.
1309 659 1440 710 vm;
1473 659 1617 715 anno
1646 644 1796 715 regni
1822 645 2024 715 domini
2045 645 2198 701 Otto-

626 720 713 773 nis
748 718 839 783 30,
871 715 1081 785 imperii
1102 727 1231 785 vero
1258 715 1325 785 3.-
1351 715 1544 769 Actum
1572 713 1852 770 Herestein
1874 714 2101 781 Palatio,
2139 717 2194 771 in

625 786 722 844 Dei
749 783 965 842 nomine
998 784 1244 840 feliciter.
1271 783 1461 839 Amen.
1475 803 1494 836 ι

696 856 759 914 γ.
795 858 923 911 Ven.
960 855 1120 910 Card.
1164 855 1457 916 Baronius,
1510 867 1632 922 quae
1674 860 1793 909 erat
1828 868 2038 908 summa
2082 853 2198 923 ejus

623 928 855 983 eruditio
882 925 1025 997 (962,
1062 939 1120 978 ιι.
1159 923 1267 993 12),
1297 923 1552 997 continuo
1601 932 1725 991 post
1773 924 2196 997 subscriptiones

623 1006 679 1053 et
700 992 921 1051 datum':
952 1013 973 1046 ι
1002 993 1082 1047 ita
1109 992 1417 1063 numerans,
1451 992 1548 1056 ait,
1571 1007 1603 1044 a
1629 1001 1869 1063 tempore
1901 992 2079 1063 adepti
2112 1010 2198 1050 re.

625 1068 717 1135 gni
744 1065 960 1119 eosdem
1007 1076 1178 1116 annos
1217 1059 1449 1135 jungens
1474 1076 1596 1115 cum
1626 1059 1870 1135 imperio,
1905 1059 2057 1130 cujus
2107 1064 2196 1120 hic

623 1130 833 1204 primus
853 1142 937 1187 est
956 1145 1140 1204 annus
1156 1131 1548 1204 numerandus,
1566 1130 1800 1204 reliquos
1826 1138 2006 1204 autem
2026 1148 2196 1204 annos

622 1199 928 1274 prieterltos
962 1200 1210 1272 proprios
1247 1214 1368 1256 esse
1402 1200 1573 1271 regni,
1608 1199 1845 1274 ejusdem
1873 1199 2085 1274 Ottonis
2115 1203 2196 1258 di-

620 1269 859 1343 plomata
880 1269 1079 1343 docent
1099 1279 1261 1343 atque
1293 1278 1423 1343 acta
1447 1269 1732 1343 synodalia
1760 1279 1970 1343 cuncta,
2000 1272 2195 1343 quibus

623 1338 757 1398 nihil
785 1341 1139 1399 constantius.
1155 1338 1191 1412 j
1209 1338 1530 1412 Godel'ridus
1555 1349 1732 1412 autem
1760 1339 1884 1412 (loc.
1912 1338 2035 1411 citJ
2055 1342 2195 1397 Lau-

621 1415 849 1469 risham.
877 1409 1189 1466 monasterii
1206 1409 1486 1480 privilegio
1513 1409 1727 1480 laudato
1749 1409 1814 1464 ex
1843 1409 2061 1480 antiqua
2080 1413 2194 1467 edi-

622 1484 768 1540 tione
815 1480 1057 1545 Freheri,
1088 1489 1149 1534 ut
1187 1479 1580 1535 demonstraret
1615 1479 1888 1545 singulare
1930 1479 2036 1535 non
2073 1498 2193 1538 esse

622 1494 768 1540 tione
815 1494 1057 1545 r'renert,
1088 1494 1149 1534 ut
1187 1494 1580 1535 demonstraret
1615 1494 1660 1533 ει
1736 1494 1888 1535 utare
1930 1497 2036 1535 non
2073 1498 2193 1538 esse

622 1553 752 1611 illud
794 1551 1048 1607 Ecclesia:
1081 1551 1354 1613 Romanae,
1380 1494 1860 1620 subjungit,ni33
1888 1564 1945 1604 se
1984 1551 2044 1620 in
2072 1552 2193 1608 aliis

618 1625 937 1679 observasse
962 1620 1119 1691 regni
1135 1633 1306 1691 annos
1323 1619 1392 1691 ab
1412 1620 1480 1673 iis
1486 1618 1715 1691 imperii
1739 1618 1995 1691 separari.
2018 1619 2192 1687 Quam

618 1707 735 1748 rem
761 1686 1214 1747 annalista'etiam
1248 1688 1414 1743 Italus
1442 1686 1690 1753 aﬂirtitat,
1715 1686 1870 1744 secus
1899 1686 2055 1744 enim,
2074 1705 2193 1748 esse

617 1777 727 1818 non
751 1768 946 1832 potest,
977 1758 1488 1832 cumdenominatio
1509 1759 1868 1832 imperatoris,
1903 1768 2066 1832 atque
2093 1762 2194 1816 im-

614 1827 977 1904 peritimnon
1016 1828 1356 1904 inciperent,_
1377 1827 1483 1884 nisi
1522 1828 1874 1904 ab_suscepio
1916 1827 1999 1904 dei
2030 1846 2192 1904 manu

613 1896 891 1976 pontiﬁcis
926 1896 1196 1976 imperiali
1235 1896 1554 1976 diademate.
1585 1896 1803 1976 Praeter
1829 1901 1943 1976 haac
1969 1900 2072 1956 duo
2086 1903 2193 1976 Aad-

612 1967 833 2028 inodum
878 1967 1034 2035 levia,
1063 1968 1200 2024 nihil
1239 1980 1398 2037 posse
1439 1967 1599 2038 objici
1647 1984 1771 2025 mox
1808 1969 2026 2038 planum
2077 1971 2189 2026 ﬁet.

612 2041 981 2120 Quamobrem
1021 2036 1428 2120 chorographus
1487 2036 1716 2118 (δοτῆρι.
1767 2036 1892 2093 Ital.
1934 2048 2097 2120 tom._
2121 2042 2188 2107 X,

611 2111 813 2183 princ.)
838 2110 931 2181 qui
959 2109 1401 2183 Ludovicianum,
1429 2109 1583 2183 cujus
1615 2123 1717 2183 ope
1761 2125 1913 2183 suam
1953 2110 2191 2183 tabulam

612 2176 874 2245 confecit,
922 2189 1032 2234 tam
1078 2178 1221 2233 male
1279 2178 1505 2246 accepit,
1536 2176 1603 2232 de
1637 2176 1847 2234 Ottonis
1879 2187 1934 2234 et
1973 2178 2189 2236 Heurici

612 2250 906 2322 privilegiis
929 2250 1007 2322 (ιι.
1037 2249 1125 2322 20,
1149 2248 1239 2312 22,
1262 2247 1331 2303 50
1378 2257 1433 2302 et
1469 2247 1558 2322 99)
1585 2262 1713 2322 eum
1751 2264 2065 2322 sermonem
2094 2250 2191 2304 ha-

609 2317 720 2383 bet,
759 2317 866 2390 quo
898 2317 1109 2391 passim
1150 2325 1375 2391 utuntur
1399 2317 1490 2387 qui
1522 2318 1720 2391 eruditi
1765 2319 1935 2391 videri
1984 2319 2184 2391 volunt,

610 2388 822 2461 sibique
849 2388 1133 2461 admodum
1172 2388 1404 2461 placent,
1432 2402 1557 2442 cum
1588 2388 1944 2461 imposuerint
1987 2388 2180 2461 vulgo:

617 2478 636 2511 ι
670 2457 753 2514 Εί
778 2462 926 2523 bina,
974 2457 1184 2528 inquit,
1208 2457 1519 2528 diplomata,
1547 2457 1649 2528 nisi
1678 2467 1734 2528 et
1765 2458 1879 2528 inec
1920 2459 1972 2511 in
2000 2457 2190 2515 discri-

612 2544 737 2584 men
760 2526 1296 2592 vocentnr,_0ttonis
1322 2527 1341 2581 l
1368 2536 1422 2581 et
1448 2526 1662 2581 Henrici
1698 2526 1738 2580 Ι.
1777 2546 1795 2578 ι
1842 2527 1978 2594 Quid
2007 2539 2185 2583 autem

611 2599 761 2678 hisce
787 2598 1078 2678 immorer?
1108 2598 1218 2678 Nec
1245 2597 1408 2678 sigilli
1447 2597 1928 2678 defectusLneque
1954 2599 2186 2678 chrono-

610 2667 751 2738 logia
799 2668 976 2723 minus
1018 2676 1207 2722 exacta
1242 2666 1506 2737 privilegii
1546 2667 1906 2738 conditionem
1954 2677 2181 2723 mutant.

612 2736 741 2805 Ejus
779 2738 1056 2818 siquidem.
1092 2736 1482 2818 autographum
1528 2736 2185 2818 exstatnconfectumqne

606 2818 780 2862 estex
803 2807 1164 2862 Ludoviciano
1194 2807 1481 2876 diplomate
1520 2816 1575 2862 et
1603 2807 1806 2861 chartis
1835 2807 2183 2863 donationum

606 2878 810 2933 arcltivi
837 2877 1092 2931 Romanae
1123 2877 1394 2931 Ecclesiae.
1421 2876 1579 2930 Plura
1609 2877 1662 2930 in
1680 2876 1870 2948 eodem
1891 2887 2034 2940 sunt,
2063 2895 2182 2948 quae

606 2948 660 3002 in
691 2947 1053 3002 Ludoviciano
1080 2948 1218 3001 haud
1245 2948 1512 3017 leguntur,
1542 2947 1793 3000 nonnulla
1814 2948 1975 3002 etiam
2000 2948 2051 3001 in
2076 2947 2181 3004 isto

602 3018 887 3072 existentia
918 3017 971 3070 in
994 3017 1273 3086 privilegio
1292 3016 1504 3073 Ottonis
1530 3016 1920 3071 desiderantur.
1952 3018 2024 3070 Ea
2050 3034 2178 3073 vero

2299 453 2494 507 novum
2544 436 2621 490 iis’
2666 445 3040 507 argumentum
3093 436 3490 507 suppeditatum
3531 438 3721 494 verbis

2296 506 2627 577 spondentia,
2654 506 2806 577 atque
2823 506 3323 577 promittimus,’non
3345 521 3469 577 esse
3494 517 3781 577 arreptum
3792 511 3883 566 oad

2295 576 2581 646 spissiores
2614 576 2865 646 tenebras
2908 576 3256 631 eﬂ'undendas
3289 576 3582 646 pontiﬁcize
3608 576 3877 636 historiae.

2294 645 2367 700 At
2387 645 2734 714 conﬁrmandi
2762 645 3143 716 roborandique
3180 645 3632 716 subsequentibus
3653 650 3884 707 vocibus

2297 716 2562 779 deterriti,
2585 724 2845 784 praeterea
2867 715 3131 770 sermonis
3161 716 3508 771 similitudine
3525 717 3580 770 in
3601 715 3883 784 iuramen-

2295 792 2353 839 to
2374 800 2470 853 per
2489 785 2705 858 nuntios
2723 786 2964 858 prastito
2990 785 3536 858 (Diss..l,_uum._&0)
3569 786 3883 858 intelligen-
3912 818 3917 824 -

2297 862 2399 919 tes,
2440 853 2698 925 majorem
2734 855 2841 925 vim
2879 853 3053 925 inesse
3083 856 3435 925 promittendi
3475 871 3540 910 ac
3573 853 3879 925 spondéndi

2295 925 2516 979 vocibus
2552 923 2855 995 Germaniae
2879 923 3260 995 Augustorum,
3294 941 3456 995 quam
3502 923 3782 981 statuendi
3824 937 3878 984 et

2296 994 2622 1064 concedendi
2649 993 3096 1064 Carolingiorum,
3120 993 3329 1050 necnon
3354 995 3647 1050 Henricum
3688 1013 3878 1052 conce-

2295 1061 2452 1117 dendi
2476 1079 2607 1135 voce
2644 1080 2801 1135 usum
2833 1061 2953 1118 esse
2986 1064 3042 1117 in
3071 1074 3371 1133 spontanea
3411 1065 3703 1135 donatione
3756 1082 3871 1135 sua,

2294 1147 2491 1204 novum
2518 1134 2657 1204 illud
2695 1140 3092 1204 argumentum,
3117 1143 3177 1188 ut
3203 1136 3456 1195 arbitror,
3492 1134 3870 1193 deseruerunt.

2367 1201 2695 1275 Yllalioma:
2733 1201 2934 1275 etejus
2970 1203 3193 1258 ducatus
3236 1204 3577 1275 conﬁrmatio
3615 1204 3679 1259 ﬁt
3716 1205 3870 1275 juxta

2294 1269 2711 1327 Ludovicianum
2754 1269 3005 1342 diploma,
3045 1273 3258 1327 tametsi
3289 1273 3558 1342 omittitur
3585 1284 3633 1327 et
3668 1269 3873 1330 sicce:-

2294 1342 2502 1396 soribus
2537 1343 2592 1413 in
2614 1341 2935 1413 perpetuum,
2966 1342 3254 1412 titulusque
3279 1341 3494 1397 additur
3512 1342 3682 1413 Petro
3713 1344 3872 1400 clari-

2293 1426 2415 1492 gero
2449 1412 2598 1492 regni
2616 1412 2906 1492 ’cw’lorunt,
2954 1413 3096 1492 quod
3119 1420 3454 1492 postremum
3498 1412 3701 1492 factuhm
3742 1425 3871 1492 puto

2292 1480 2600 1539 insinuandi
2638 1497 2800 1536 causa
2827 1483 2988 1536 etiam
3018 1480 3301 1536 Germanis
3342 1496 3586 1536 amorem
3622 1480 3869 1538 Carolin.

2294 1550 2505 1620 giorum
2531 1566 2657 1620 erga
2692 1558 2898 1605 tantum
2927 1551 3242 1620 principem.
3270 1549 3657 1606 Successorum
3694 1561 3867 1608 autem

2297 1621 2516 1675 omissio
2536 1620 2672 1691 infra
2695 1622 3009 1676 emendatur
3030 1622 3082 1674 in
3102 1620 3331 1691 generali
3359 1622 3605 1675 omnium
3630 1622 3870 1677 donatio-

2223 1717 2271 1779 ιι
2297 1705 2426 1779 ψ
2442 1690 2787 1779 ausurae:
2811 1690 3172 1779 3999091199:
3199 1690 3449 1779 Pisaea
3465 1693 3869 1779 greeae“!!-

2294 1775 2456 1830 usque
2476 1761 2533 1815 in
2561 1760 2718 1829 ﬁnem
2759 1760 2959 1815 surculi.
3007 1759 3159 1827 Quod
3199 1759 3419 1827 majoris
3465 1762 3720 1815 momenti
3760 1773 3865 1827 est,

2293 1827 2582 1911 Campania
2602 1837 2657 1911 et
2684 1828 2801 1911 ejus
2820 1830 3067 1911 civitates
3093 1829 3305 1911 silentio
3331 1837 3740 1911 prmtereuntur,
3777 1847 3866 1885 re-

2329 1899 2379 1977 io
2415 1898 2620 1977 scilicet
2659 1899 3159 1977 celebgnima_ium
3200 1898 3377 1977 Carqli
3415 1899 3589 1977 Magni
3625 1907 3868 1977 tempere

2316 1967 2445 2022 Cod.
2476 1968 2598 2023 Car.
2635 1984 2720 2038 ep.
2759 1969 2848 2034 60,
2894 1969 2965 2024 al.
3009 1970 3121 2038 75),
3169 1978 3282 2022 tum
3322 1967 3578 2024 Ludovici
3606 1967 3720 2036 ejus
3745 1969 3864 2034 ﬁlii,

2291 2052 2322 2090 a
2358 2054 2464 2107 quo
2506 2054 2617 2109 pne
2663 2039 2782 2095 aliis
2818 2047 3128 2094 recensetur
3177 2038 3446 2092 Patricum
3492 2054 3601 2092 non
3635 2039 3865 2109 ignobile

2290 2109 2543 2177 oppidum
2571 2124 2712 2163 nono
2750 2110 2966 2173 saeculo,
3010 2118 3071 2190 ut
3113 2117 3260 2190 patet
3296 2124 3364 2163 ex
3399 2109 3617 2189 antiqua

2292 2175 2445 2249 (Cod.
2484 2176 2598 2232 Vat.
2630 2178 2816 2249 1184),
2846 2195 2966 2249 qua:
2988 2176 3685 2249 tribunurLeontSaptentt
3718 2178 3866 2249 apud

2333 2220 3867 2319 ἱεῑὶὲὶθὲιῐὲιίἷιῖἶῖιᾶηἳῗὲσὲι’.”ιᾙιῖιῖ’ιιῖνιῖἒδῆῖἐιῖιῖῳῖἱῖιὲ

2288 2318 2355 2371 ad
2406 2333 2606 2372 nonum
2655 2316 2909 2373 sreculum
2958 2325 3184 2387 spectat.
3229 2316 3549 2387 Oppidulum
3594 2316 3865 2387 hodieque

2288 2395 2479 2448 exstat,
2508 2388 2593 2441 cui
2617 2403 2813 2443 nomen
2837 2386 3071 2451 Pratica,
3097 2389 3186 2443 ubi
3210 2386 3341 2443 olim
3359 2386 3713 2443 celeberrima
3733 2388 3867 2442 urbe

2288 2455 2587 2528 Lavinium,
2621 2468 2681 2512 ut
2709 2466 2960 2513 accurate
2995 2457 3274 2528 Philippus
3306 2456 3530 2528 Ametus
3552 2457 3781 2528 adnotat
3809 2456 3865 2528 in

2287 2527 2398 2598 suis
2432 2526 2628 2598 tabulis
2653 2528 2811 2582 Latii.
2844 2528 2911 2598 Et
2936 2525 3338 2598 γειιοιοοειέιιιιιιιε
3354 2526 3528 2598 italiae
3567 2525 3868 2598 mediiatvi

2287 2596 2428 2669 (Scr.
2458 2595 2527 2649 It.
2552 2603 2682 2669 tom.
2708 2598 2775 2663 Χ,
2800 2612 2854 2669 Ρ.
2885 2597 3034 2669 227),
3062 2594 3650 2669 quod—maximenotari
3669 2594 3864 2669 velim,

2284 2665 2576 2737 Observans
2598 2667 2773 2721 locum
2802 2665 3014 2737 Magino
3038 2665 3253 2737 quoque
3280 2666 3417 2721 haud
3446 2666 3724 2737 ignotum,
3749 2665 3867 2721 lau-

2286 2737 2525 2805 datisque
2539 2735 2800 2792 Ortelium
2827 2734 3095 2792 aientem':
3116 2757 3135 2788 ι
3158 2734 3430 2792 Patrieum
3444 2734 3671 2789 Romani
3695 2737 3865 2805 duca-

2284 2814 2371 2860 tus
2394 2804 2451 2859 in
2476 2805 2629 2861 Latio
2649 2808 2941 2876 oppidum:
2977 2828 2997 2860 ι
3037 2808 3301 2863 Holstenii
3335 2805 3649 2876 opinionem
3664 2804 3860 2873 reiicit.

2321 2877 2521 2929 utantis
2551 2874 2817 2931 Patricum
2852 2892 2989 2943 esse,
3019 2879 3110 2931 ubi
3145 2878 3273 2933 olim
3295 2874 3606 2937 Linternus,
3638 2874 3859 2929 interra

2329 2948 2544 3011 aboris;
2589 2947 2747 3001 inde:
2788 2965 2806 2996 ι
2859 2947 2914 3001 Si
2951 2948 3004 3001 in
3027 2947 3199 3011 Latio,
3246 2948 3441 3016 inquit,
3482 2946 3598 3016 sive
3626 2944 3678 3016 in
3706 2944 3860 3016 Cam-

2282 3017 2439 3084 pania
2471 3017 2708 3070 Romana
2756 3016 3028 3071 Patricum
3067 3014 3335 3071 habemus
3347 3015 3504 3083 juxta
3547 3014 3861 3068 Ludovicia-

602 3062 875 3158 negotvi'u‘m
903 3062 1056 3142 nobils
1081 3062 1613 3158 postllaris’facessere,
1635 3095 1690 3138 at
1716 3087 1996 3157 privilegio
2021 3062 2178 3143 m2};
2204 3062 2255 3131 ο
2281 3062 2433 3158 ilum,
2455 3101 2553 3139 cur
2569 3087 2697 3140 illud
2724 3062 3250 3158 peterealonginquo
3269 3095 3325 3158 et
3347 3062 3507 3140 extra
3527 3085 3815 3158 ducatum?
3832 3104 3853 3137 ι

602 3155 847 3212 minuere
872 3172 1208 3225 nequaquam
1234 3164 1478 3226 possunt.
1505 3155 1687 3225 itaque
1724 3155 1963 3224 nostrum
1990 3166 2072 3212 est
2091 3174 2185 3212 cx-

602 3226 831 3298 plorare,
857 3242 955 3282 cur
977 3227 1051 3279 ita
1082 3225 1299 3298 factum,
1336 3242 1440 3280 non
1460 3234 1639 3279 autem
1661 3225 1918 3298 damnare
1943 3243 2063 3297 quae
2091 3239 2184 3282 aut

604 3296 785 3354 mente
823 3296 1302 3368 nonbassequimur
1329 3306 1421 3368 aut
1451 3311 1571 3359 cum
1600 3305 1792 3368 nostra
1816 3296 2065 3368 opinione
2084 3315 2183 3368 pu-

600 3367 817 3490 gnantia
831 3366 1168 3447 negligimus.
1184 3366 1361 3446 Atque
1378 3367 1493 3420 inec
1512 3365 1644 3419 satis
1665 3365 1773 3446 sint
1790 3368 1855 3420 de
1875 3365 2182 3423 sinceritate

639 3436 928 3490 tnlomatts.
953 3450 1106 3490 cuius
1125 3443 1301 3490 capita
1322 3436 1531 3490 smtrula
1557 3434 1837 3490 aggredior
1857 3438 2176 3490 expendere.

639 3434 928 3506 iplomatis,
953 3434 1106 3506 cujus
1125 3436 1301 3506 capita
1322 3436 1531 3502 singula
1557 3434 1837 3504 aggredior
1857 3438 2176 3504 expendere.

676 3506 760 3561 Vl.
795 3505 925 3571 Quae
963 3503 1065 3557 fori
1095 3505 1265 3573 magis
1301 3520 1464 3573 quam
1510 3503 1754 3557 veterum
1801 3503 2181 3562 monumento-

603 3590 722 3639 rum
753 3574 948 3628 indolis
971 3572 1274 3642 satagentes
1296 3573 1350 3626 in
1372 3572 1735 3626 Ludoviciano
1760 3574 2083 3640 desiderant,
2115 3592 2178 3631 ea

601 3642 660 3697 in
691 3643 905 3714 Ottonis
938 3642 1218 3714 privilegio
1253 3658 1358 3714 non
1403 3642 1776 3714 desuntiOtio
1816 3643 1960 3697 enim
1996 3644 2033 3714 ΔΙ
2080 3645 2178 3700 Dei

600 3713 776 3783 gratio
816 3710 1128 3783 imperator,
1156 3719 1211 3764 et
1241 3711 1429 3783 diuino
1452 3710 1776 3783 providentia
1814 3727 1928 3783 rex,
1977 3712 2101 3770 Otto
2133 3715 2177 3770 ll

600 3780 955 3851 appellantur.
984 3780 1041 3835 ld
1069 3796 1266 3851 novum
1300 3781 1353 3835 in
1383 3780 1698 3849 diplomate,
1729 3782 1872 3849 quod
1904 3782 2049 3839 nullo
2077 3786 2177 3840 Ca-

600 3850 951 3921 rolingiorum
984 3850 1227 3974 exemplo
1259 3866 1363 3906 una
1399 3866 1522 3905 cum
1560 3850 1882 3920 imperatore
1905 3852 2046 3908 ﬁlius
2081 3871 2177 3910 rex

600 3921 921 3974 Germaniaz.
962 3921 1050 3974 cui
1080 3921 1133 3974 ni
1195 3936 1315 3974 cum
1350 3920 1605 3974 Romanis
1651 3936 1944 3974 commune
1991 3926 2171 3974 rebus.

597 3920 921 3986 Germaniae,
962 3921 1050 3976 cui
1080 3920 1155 3974 nil
1195 3936 1315 3976 cum
1350 3920 1605 3991 Romanis
1651 3936 1944 3991 eorumque
1991 3926 2171 3991 rebus,

598 3993 831 4062 diploma
890 3991 1124 4062 conﬁcit,
1178 3991 1526 4059 omniumque
1556 3990 1615 4044 ﬁt
1660 3990 1879 4061 compos
1920 4008 2041 4062 qum
2079 3995 2173 4049 uni

599 4059 910 4133 imperatori
964 4060 1227 4117 debentur
1258 4078 1272 4115 :
1300 4067 1457 4133 tanta
1518 4068 1631 4115 tum
1695 4059 1955 4130 temporis
1989 4062 2174 4120 Roma:

596 4131 793 4202 inertia
819 4138 953 4197 erat,
979 4139 1126 4186 tanta
1151 4131 1543 4202 praecipuarum
1573 4144 1754 4185 rerum
1778 4132 2009 4188 oblivio!
2035 4133 2173 4200 Quid

597 4203 742 4257 enim
768 4201 1073 4272 Germaniae
1098 4201 1212 4272 regi
1235 4216 1357 4256 cum
1378 4201 1721 4272 ordinatione
1750 4203 2054 4272 pontiﬁcis?
2076 4204 2173 4258 At—

598 4281 777 4327 tamen
811 4270 893 4342 vel
918 4270 1395 4342 imperatoris,pvel
1433 4270 1528 4342 ﬁlii
1559 4271 1700 4342 regis
1723 4271 2008 4342 missorum
2034 4288 2173 4342 pra:-

595 4343 769 4396 sentia
794 4341 1104 4395 decernitur
1138 4340 1481 4409 promissioni
1515 4340 1784 4409 pontiﬁcis
1816 4351 1941 4396 ante
1980 4340 2170 4398 conse-

2281 3154 2358 3224 Ita
2377 3155 2465 3209 ille
2478 3153 2825 3211 vetustissimi
2842 3153 3189 3211 Ludoviciani
3210 3156 3521 3224 diplomatis
3542 3153 3860 3209 auctoritate

2280 3223 2419 3280 hanc
2463 3225 2734 3280 civitatem
2779 3227 2993 3291 astruit,
3031 3240 3192 3293 quam
3233 3223 3418 3281 nescio
3459 3240 3528 3279 an
3565 3224 3695 3278 alibi
3740 3226 3861 3293 quis

2281 3295 2541 3366 repererit
2567 3305 2925 3366 praeterquam
2957 3296 3013 3350 in
3037 3294 3233 3351 Leonis
3262 3296 3534 3366 Sapientis
3560 3294 3725 3366 ιω
3756 3294 3862 3366 No-

2278 3363 2418 3435 titia,
2446 3373 2500 3417 et
2526 3363 2704 3435 inhoc
2729 3363 3041 3435 diplomate.
3077 3363 3350 3435 Equidem
3373 3365 3521 3420 nullo
3558 3364 3615 3418 in
3639 3363 3861 3419 Provin-

2278 3434 2422 3504 eiali,
2449 3449 2544 3489 seu
2582 3434 2799 3499 Notitia,
2847 3434 3119 3491 civitatem
3141 3434 3306 3490 istam
3335 3435 3582 3489 invenio:
3621 3449 3792 3504 quare
3826 3450 3860 3488 a

2279 3501 2562 3559 Saracenis
2582 3512 2862 3569 vastatam,
2895 3505 3125 3562 fortasse
3148 3506 3309 3561 etiam
3340 3504 3585 3559 excisam
3604 3501 3751 3559 nono
3769 3520 3860 3559 eo-

2277 3573 2397 3627 dem
2430 3574 2646 3639 steculo,
2689 3586 2782 3629 aut
2823 3585 2967 3631 metu
3011 3576 3222 3631 illorum
3250 3576 3524 3630 desertam
3559 3575 3632 3629 ab
3671 3574 3857 3630 incolis

2277 3642 2530 3712 credibile
2552 3653 2655 3698 est.
2683 3644 2843 3700 Certe
2866 3661 2934 3700 ex
2960 3643 3181 3701 Joannis
3217 3645 3325 3699 Vill
3351 3644 3603 3712 epistolis
3624 3645 3856 3699 maxima

2275 3711 2438 3784 italiae
2474 3715 2684 3779 damna,
2720 3715 3020 3784 praesertim
3051 3717 3106 3770 in
3135 3729 3245 3770 ora:
3287 3711 3578 3769 maritima:
3609 3715 3855 3784 oppidis,

2277 3781 2419 3835 illata
2454 3798 2572 3839 esse
2598 3781 2829 3840 constat.
2873 3785 2941 3839 Et
2974 3785 3135 3840 Liber
3169 3784 3498 3855 Pontiﬁcalis
3538 3781 3702 3855 (seet:
3733 3784 3858 3853 476)

2275 3858 2506 3907 testatur
2531 3855 2722 3923 oppida
2764 3855 2929 3910 etiam
2958 3855 3250 3911 munitiora
3291 3853 3499 3910 Ostiam
3534 3853 3592 3909 et
3633 3853 3859 3909 Portum

2274 3930 2399 3976 ante
2424 3938 2596 3979 annos
2627 3925 3013 3995 quinquaginta
3036 3940 3231 3994 magno
3267 3924 3323 3979 in
3349 3924 3663 3995 discrimine
3688 3923 3860 3979 fuisse

2273 4002 2523 4064 versata;
2585 3992 2753 4063 quare
2776 3992 3093 4064 th-‘egorius
3132 3992 3215 4049 ιν
3260 3994 3413 4051 novis
3461 3992 3859 4064 munitionibus

2272 4060 2477 4134 Ostiam
2507 4059 2693 4125 ciniit,
2722 4078 2791 4118 ne
2819 4078 2850 4116 a
2876 4059 3161 4120 Saracenis
3194 4064 3523 4134 diriperetur,
3553 4068 3613 4113 et
3638 4059 3855 4117 Portus

2270 4133 2544 4187 muniendi
2571 4133 2979 4189 sollicitudinem
3008 4135 3216 4189 habuit.

2343 4203 2472 4257 Vill.
2501 4203 2579 4256 Ex
2606 4204 2792 4258 iisdem
2819 4219 2949 4258 vero
2984 4205 3228 4272 epistolis
3244 4201 3476 4257 Joannis
3511 4200 3749 4269 passim,
3786 4216 3863 4258 ac

2268 4274 2569 4340 praesertim
2597 4274 2723 4337 217,
2761 4272 2886 4337 246,
2910 4273 3035 4338 277,
3061 4274 3188 4337 286,
3218 4274 3344 4339 295,
3371 4272 3495 4335 299,
3532 4285 3737 4340 novum
3759 4287 3864 4325 no-

2271 4357 2392 4395 men
2409 4341 2523 4409 jam
2550 4350 2681 4396 tunc
2706 4343 2999 4397 accessisse
3028 4344 3336 4412 Campaniae
3365 4344 3419 4396 in
3445 4339 3595 4395 civili
3624 4343 3864 4397 admini-

596 4411 914 4466 crationem.
943 4410 1084 4476 Quid
1103 4411 1218 4479 regi
1237 4411 1411 4464 eidem
1440 4424 1561 4481 cum
1585 4424 1753 4481 regno
1784 4409 1983 4466 [talite‘l
2014 4411 2167 4466 Atta-
2198 4409 2248 4468 ι)
2271 4412 2529 4467 stratione
2575 4414 2953 4481 comperimus.
3004 4409 3353 4469 Suburbauas
3398 4412 3548 4467 enim
3607 4413 3863 4467 civitates

596 4494 720 4535 men
758 4486 997 4549 paternae
1023 4488 1330 4548 spontanete
1356 4480 1665 4535 donationis
1687 4493 1782 4533 sex
1803 4482 2079 4535 civitatum
2101 4497 2169 4537 ex

594 4548 786 4619 eodem
816 4563 982 4618 regno
1006 4564 1103 4619 rex
1125 4548 1267 4604 ﬁlius
1287 4549 1348 4602 ﬁt
1374 4549 1661 4619 particeps.
1690 4549 1765 4602 De
1786 4550 2170 4607 conﬁrmandis

596 4616 1003 4703 quibusc‘unque
1024 4616 1251 4703 ljuribus
1284 4616 1679 4703 san'ctmnsedis.
1699 4619 1832 4700 nihil
1864 4620 2003 4703 dico,
2022 4635 2168 4703 _nam

594 4686 651 4759 et
676 4686 902 4759 Carolus
920 4686 988 4743 et
1021 4686 1444 4744 Carolomannus
1473 4687 1687 4759 Pippini
1709 4689 1852 4759 regis
1881 4690 1977 4745 ﬁlii
2003 4691 2170 4745 dona-

594 4757 799 4815 tionem
859 4758 1194 4829 Exarcbatus
1249 4757 1966 4829 Carisiaci'cbnﬁrm'arunt,
2026 4762 2168 4829 quod

632 4829 839 4885 luribus
861 4845 928 4885 ex
952 4827 1084 4884 Cod.
1108 4828 1285 4885 Carol.
1318 4828 1558 4898 epistolis
1581 4835 1811 4898 constat.
1841 4829 2018 4896 Quare
2043 4827 2168 4885 Otto

638 4899 932 4971 arolingios
953 4899 1174 4971 omnino
1199 4897 1525 4971 imitaturus,
1554 4912 1649 4971 seu
1678 4897 1858 4971 potius
1882 4898 2167 4955 bibliothe-

595 4971 774 5025 carius
818 4967 874 5025 et
921 4970 1207 5034 scriniarii,
1257 4969 1349 5038 qui
1386 4967 1703 5038 donationes
1745 4967 2050 5038 habuerunt
2095 4971 2166 5025 ob

592 5040 798 5122 oculos,
838 5037 1316 5122 ‘pa_rvipetld.etltes,
1367 5053 1496 5122 itum
1546 5037 1711 5122 regite
1732 5050 1811 5122 an
1864 5037 2167 5122 imperiales

593 5118 795 5174 e<sent,
821 5105 1051 5179 diploma
1079 5110 1238 5180 139
1261 5105 2045 5180 confecerunta_priscomore
2072 5111 2167 5164 ab-

593 5195 805 5250 sonum,
842 5176 949 5250 quo
985 5176 1277 5250 scriptorcs
1308 5178 1509 5250 posteri
1541 5183 1634 5229 aut
1667 5176 1722 5250 in
1760 5177 1981 5250 dubium
2011 5194 2165 5234 revo-

592 5261 729 5312 cato,
769 5246 951 5305 Ottoni
990 5246 1179 5319 Magno
1210 5246 1433 5319 gloriam
1467 5246 1841 5319 imprudentes
1860 5248 2159 5319 eriperent,

595 5329 685 5373 aut
716 5321 996 5376 abutentes
1038 5317 1129 5385 jus
1171 5317 1573 5388 imperatorium
1611 5332 1731 5388 cum
1762 5318 1907 5387 regio
1942 5319 2166 5388 confun-

595 5388 781 5460 derent
809 5407 823 5453 ;
856 5393 997 5460 quod
1040 5389 1171 5460 satis
1204 5386 1620 5460 superqueesse
1649 5386 1847 5460 factum
1874 5388 1956 5460 ab
1998 5387 2165 5454 juris-

594 5459 851 5514 consultis
873 5454 1220 5514 'Germanicis
1251 5454 1685 5524 tiostratibusque
1724 5454 1992 5523 aliquibus
2015 5472 2165 5512 eom-

590 5536 804 5595 pertum
825 5537 924 5582 est.
954 5530 1135 5596 quue
1160 5528 1212 5582 id
1249 5528 1419 5596 magis
1446 5526 1589 5595 quod
1606 5524 1761 5596 Otto,
1779 5535 1849 5596 _ut
1884 5540 2054 5594 nuper
2082 5526 2162 5580 vi-

591 5596 789 5667 dimus,
817 5597 969 5667 nullo
1018 5594 1157 5651 inter
1201 5594 1420 5667 regnum
1466 5594 1540 5650 et
1604 5594 1886 5667 imperium
1951 5604 2163 5667 servato

512 5681 525 5691 ’
595 5661 922 5739 discrimine,
945 5667 1145 5743 aliquot
1172 5668 1223 5723 in
1249 5661 1542 5739 privilegiis
1565 5667 1632 5720 ad
1655 5661 1806 5735 regni
1832 5680 2002 5721 annos
2017 5661 2158 5735 pre-

138 5740 995 6042 Χ

2268 4495 2375 4534 una
2393 4495 2516 4553 cum
2539 4482 2946 4553 aliisuomnibus
2971 4480 3296 4553 Campaniae,
3331 4491 3486 4553 terra:
3519 4488 3578 4553 et
3591 4483 3861 4553 territorii

2268 4551 2484 4621 nomine
2517 4550 2806 4620 appellatas
2843 4550 3308 4621 deprehendimus.
3341 4550 3521 4621 Quare
3545 4550 3696 4607 idem
3724 4567 3866 4621 pon—

2267 4618 2397 4673 tifex
2416 4618 2795 4692 Berengariuttt
2816 4618 2954 4686 orat,
2970 4630 3031 4676 ut
3051 4621 3362 4692 imperatori
3385 4619 3593 4692 referat
3604 4618 3859 4692 (ep.i85),

2265 4688 2712 4759 quemadmodum
2730 4692 2802 4744 La
2809 4692 3049 4746 mbertus
3064 4688 3625 4759 comes.Spoletanus,'
3638 4688 3863 4745 collecta

2264 4757 2442 4828 populi
2466 4758 2816 4828 multitudine,
2852 4777 3002 4816 omne
3029 4757 3349 4815 territorium
3377 4760 3547 4815 sancti
3589 4759 3737 4815 Petri
3764 4761 3865 4815 in—

2265 4826 2416 4900 ιλασὶι.
2464 4826 2576 4883 Nec
2618 4829 2853 4900 dubitari
2896 4844 3057 4900 posse
3102 4831 3332 4900 videtur,
3378 4829 3509 4899 quin
3555 4828 3866 4900 Campania

2267 4897 2506 4952 Romana
2524 4899 2720 4963 omnis,
2745 4897 3072 4956 territorium
3095 4900 3267 4955 sancti
3291 4897 3439 4954 Petri
3458 4897 3867 4968 appellaremr.

2264 4968 2392 5036 quia
2417 4968 2662 5039 regiones
2687 4981 2902 5040 canem:
2929 4970 3166 5040 priscum
3196 4985 3390 5040 nomen
3414 4969 3757 5040 retinebant,
3798 4978 3875 5023 ut

2264 5046 2412 5106 patet
2436 5038 2501 5093 ex
2529 5038 2755 5094 concilio
2782 5038 3048 5095 Ravennae
3073 5040 3257 5099 habito
3282 5039 3350 5093 ab
3374 5039 3563 5093 eodem
3588 5039 3874 5108 pontiﬁce

2265 5123 2407 5163 anno
2448 5109 2572 5174 877,
2594 5124 2624 5161 a
2665 5109 2735 5162 ud
2769 5109 3041 5163 Lahbeum
3077 5108 3261 5180 (Cone.
3306 5118 3437 5163 tom.
3466 5108 3571 5173 ιιι,
3615 5124 3673 5178 p.
3700 5108 3817 5163 505
3851 5149 3870 5168 ν

2265 5177 2417 5233 cuius
2443 5193 2564 5232 can.
2597 5124 2662 5230 ill
2698 5179 2771 5232 ita
2805 5180 3141 5233 decernitur:
3175 5196 3195 5230 ι
3230 5178 3535 5233 Sancimus.
3566 5188 3630 5232 ut
3655 5109 3870 5233 amata:

2265 5124 2407 5163 anno
2448 5124 2572 5174 eu,
2594 5124 2735 5230 apud
2771 5124 3041 5163 Lanneum
3077 5124 3261 5180 (bona.
3306 5124 3437 5163 tom.
3466 5124 3571 5173 ut,
3615 5124 3673 5178 p.

2263 5177 2417 5246 cujus
2443 5193 2564 5232 can.
2597 5179 2618 5230 l
2698 5179 2771 5232 ita
2805 5180 3141 5233 decernitur:
3175 5196 3195 5230 ι
3230 5178 3535 5240 Sancimus,
3566 5188 3630 5232 ut
3655 5193 3688 5231 a

2263 5256 2319 5301 et
2339 5249 2589 5316 deinceps
2612 5247 2792 5303 nullus
2808 5248 3091 5316 cujuslibet
3117 5249 3311 5316 gentis,
3345 5248 3430 5302 vel
3452 5247 3667 5303 ordinis
3689 5249 3876 5303 homo

2262 5318 2610 5381 monasteria,
2640 5326 2835 5381 certes,
2859 5332 3084 5386 massas,
3117 5327 3173 5371 et
3201 5318 3348 5373 salas
3369 5324 3481 5371 tam
3506 5332 3610 5386 per
3635 5317 3877 5371 Raven-

2264 5402 2409 5452 nam,
2437 5398 2490 5442 et
2518 5386 2867 5455 Pentapolim,
2907 5396 2963 5440 et
2985 5385 3283 5457 Aitniliam,
3316 5401 3480 5457 quam
3510 5385 3577 5441 et
3613 5402 3714 5457 per
3738 5386 3874 5440 Tu-

2262 5457 2429 5537 sciam
2462 5458 2837 5537 Romanorum
2855 5464 3016 5537 atque
3051 5455 3548 5537 Langobardorum,
3598 5455 3656 5511 et
3687 5470 3878 5537 omne

2262 5527 2597 5582 territorium
2614 5526 2784 5580 sancti
2796 5525 2943 5580 Petri
2966 5525 3190 5595 apostoli
3212 5525 3533 5595 constitutas
3551 5534 3879 5595 pnesumat

2262 5596 2557 5652 beneliciali
2593 5610 2760 5657 more,
2802 5604 2895 5650 aut
2940 5596 3160 5662 scripto,
3205 5603 3297 5648 aut
3337 5595 3655 5662 aliquolibet
3685 5595 3881 5651 modo

2259 5679 2465 5736 petere,
2511 5665 2769 5736 recipere,
2814 5665 2897 5721 vel
2939 5663 3204 5728 conferre.
3252 5683 3272 5717 ι
3309 5663 3493 5721 Terrae
3522 5675 3717 5745 postea
3759 5679 3868 5729 no
