4030 6166
157 287 250 360 5'95
315 300 462 358 con.
489 298 658 354 DlPL.
683 328 755 339 —
790 297 1078 378 διώξω..
1101 279 1277 362 ETC.,
1312 291 1445 351 seu
1483 285 1636 350 Con.
1653 286 2139 352 GAROLINUS.——
2164 293 2320 350 APP.
2349 326 2420 337 —
2455 291 2629 353 mss.
2657 297 2751 354 DE
2773 297 2946 353 DIPL.
2975 298 3134 355 orr.
3163 300 3202 354 ι.
3279 296 3384 357 59;

155 413 291 468 mine
320 418 530 466 cunctas
552 407 854 477 provincias
887 423 918 461 a
944 407 1270 462 Radicofano
1308 423 1480 476 usque
1523 407 1706 476 C:cpe—
1734 415 1780 471 Α
1810 417 2008 474 tamen,
2055 418 2114 462 ut
2156 410 2438 479 perspicue
2482 420 2770 478 monstret,
2820 428 2926 467 una
2962 429 3086 468 cum
3127 411 3385 475 Ludovici

152 498 333 538 ranum
359 482 523 534 dictas
543 493 662 533 esse
681 489 866 531 vetera
883 486 1228 532 monumenta
1254 486 1540 531 testantur.
1566 479 1706 544 Quin

148 553 303 607 etiam
329 548 446 619 Otto
489 549 544 602 in
571 564 668 603 suo
697 546 1009 619 Juramento
1039 548 1190 619 (diss.
1220 549 1281 611 1,
1322 564 1377 600 ιι.
1402 547 1490 610 40,
1517 562 1601 619 p._
1616 548 1706 619 56)

148 621 327 677 Joanni
366 617 455 673 Xll
480 633 576 688 per
617 617 836 672 nuntios
869 616 1130 688 prtestito,
1164 628 1316 671 terra:
1356 618 1524 688 sancti
1564 616 1708 688 Petri

149 690 354 746 nomine
375 687 787 742 ecclesiasticam
815 702 1027 741 omnem
1058 687 1314 741 ditionem
1345 687 1705 754 amplectitur.

149 761 246 816 Sed
282 761 380 813 hoc
414 758 469 812 in
503 757 742 825 ejusdem
767 757 1053 826 diplomate
1086 772 1188 810 nec
1223 766 1397 818 terrm,
1429 771 1526 810 nec
1551 757 1710 810 terri-

149 831 263 885 torii
285 843 477 883 nomen
503 828 734 890 auditur,
772 826 1110 889 suburbanis,
1141 826 1552 894 Campaniaeque
1579 826 1712 880 civi-

149 900 338 953 tatibus
368 913 475 951 uno
500 897 724 952 ducatus
750 895 964 950 nomine
991 896 1412 964 comprehensis.
1442 895 1521 948 ita
1547 896 1728 949 etiam

146 980 375 1038 tempore
406 967 702 1038 innocentii
728 967 812 1031 lll,
841 979 961 1038 cum
989 965 1182 1019 Tuscia
1206 974 1433 1038 utraque
1452 964 1711 1038 patrimo-

145 1033 287 1092 nium
333 1037 722 1106 appellabatur,
773 1049 882 1089 uno
926 1035 1152 1106 ducatus
1190 1033 1403 1106 nomine
1440 1049 1565 1106 pars
1595 1033 1712 1102 ejus

144 1103 478 1170 Cistiberina,
508 1121 603 1160 seu
630 1106 965 1166 suburbanae,
993 1113 1047 1158 et
1079 1104 1384 1173 Campaniae
1411 1103 1655 1158 civitates
1679 1118 1711 1157 a

145 1177 327 1230 Tuscia
351 1177 782 1237 secernebantur,
828 1183 887 1227 ut
924 1175 1106 1229 videre
1153 1183 1236 1228 est
1270 1175 1410 1243 apud
1433 1173 1712 1228 Baluzium

145 1245 296 1316 (ϐασι.
322 1263 374 1299 ιι.
401 1245 546 1315 ΕΑ).
576 1244 918 1316 Innocentius
957 1245 1099 1298 enim
1119 1263 1165 1316 ι
1191 1244 1258 1298 ad
1298 1259 1450 1298 suam
1477 1257 1712 1316 praesen-

145 1317 264 1369 tiam
300 1315 616 1370 convocavit
661 1315 958 1382 episcopos,
1001 1322 1055 1367 et
1085 1315 1325 1378 abbates,
1371 1315 1614 1376 comites,
1659 1319 1714 1368 et

143 1386 377 1448 barones,
409 1391 722 1454 potestates,
745 1393 800 1438 et
829 1384 1078 1438 consules
1103 1383 1381 1438 civitatum
1407 1383 1474 1437 de
1495 1383 1710 1454 Tuscia,

145 1455 358 1518 Ducatu,
382 1453 437 1508 et
462 1453 717 1516 Marchia,
751 1473 769 1503 ι
802 1454 1146 1522 quantumvis
1183 1469 1249 1508 eo
1286 1461 1527 1521 tempore
1555 1453 1714 1506 Cam-

141 1524 288 1592 pania
315 1524 475 1578 latius
518 1523 668 1592 141
714 1525 1112 1587 extenderetur,
1156 1539 1221 1578 ac
1260 1523 1520 1592 bipertito
1545 1523 1714 1577 divisa

143 1594 438 1662 Campania:
465 1603 517 1646 et
551 1592 830 1662 Maritimze
858 1593 1163 1647 nominibus
1196 1594 1345 1648 clara
1383 1601 1547 1647 esset.
1591 1593 1716 1646 llaec

142 1661 417 1718 adnotasse
439 1663 572 1716 satis
601 1662 672 1714 sit
699 1661 764 1717 ad
792 1661 1202 1717 illustrationem
1231 1662 1537 1731 diplomatis
1561 1662 1716 1716 annis

142 1732 240 1784 145
276 1749 306 1786 a
343 1731 708 1787 Ludoviciano
737 1731 1005 1784 distantis.

1809 480 2115 547 diplomate,
2139 489 2493 543 monumenta
2520 483 2726 537 archivi
2744 497 2862 537 esse
2892 484 3152 539 adhibita.
3187 485 3245 540 Si
3265 501 3386 540 eas-

1810 549 1944 622 dem_
1960 549 2274 622 recensendi
2298 550 2800 622 ordinemﬁspectes,
2827 553 3132 622 exemplum
3157 554 3390 609 Ludovi-

1810 619 1948 700 eiani
1965 619 2240 700 agnoscis;
2281 620 2328 700 si
2354 619 2640 700 nonnullas
2662 619 3025 700 detractionee
3045 631 3207 700 atque
3234 625 3389 700 addi-

1809 688 1983 741 tiones
2005 688 2072 742 iis
2100 689 2432 744 intermistas
2457 690 2916 764 considerespnon
2954 688 3174 764 aliunde
3209 693 3392 764 profe-

1809 765 1924 810 ctas
1948 772 2073 831 esse
2100 773 2260 831 quam
2299 773 2365 812 ex
2389 760 2606 814 archivo
2650 760 2924 831 intelligis.
2953 762 3021 816 Et
3057 777 3186 818 vero
3210 760 3394 818 'Sabi-

1808 825 1993 906 pensis
2019 825 2277 906 territorii
2306 843 2440 906 pura
2476 839 2604 898 puta
2643 825 2860 884 donati;
2883 841 3214 906 recensetur.
3238 831 3394 906 Con-

1810 899 2073 967 troversia
2095 903 2274 967 autem
2300 899 2506 960 ﬁnium,
2539 914 2656 966 quae
2675 901 3068 967 possessionem
3097 903 3189 956 diu
3219 902 3392 956 distu-

1810 963 1964 1039 lerat,
1995 966 2321 1039 tandemque
2344 963 2700 1039 sublataiera't
2732 972 2953 1039 arregiis
2984 971 3166 1026 missis
3196 971 3398 1028 ltberio

1811 1040 1865 1108 et
1889 1033 2184 1108 Maginario
2203 1033 2503 1108 abbatibus,
2531 1037 2738 1090 siletur.
2764 1033 2892 1092 Eam
2925 1039 3191 1108 siquidem
3215 1040 3397 1096 Ludo-

1809 1103 1914 1158 vici
1939 1119 2074 1177 aevo,
2101 1113 2214 1157 tum
2235 1106 2358 1172 quia
2372 1120 2574 1177 _recens
2597 1107 2856 1160 memoria
2885 1103 3023 1170 erat,
3048 1116 3162 1163 tum
3181 1111 3304 1177 quia
3327 1111 3397 1165 ob

1812 1173 2133 1248 eonstitutos
2156 1182 2333 1228 certos
2360 1173 2494 1248 lines
2521 1177 2824 1248 necessaria
2851 1179 2966 1232 visa
3004 1177 3126 1241 fuit,
3151 1173 3398 1248 religioni

1811 1243 2052 1314 habitum
2067 1252 2211 1298 esset
2229 1259 2333 1297 non
2348 1245 2667 1314 exprimere.
2683 1245 2948 1314 Tempore
2969 1255 3147 1302 autem
3162 1243 3396 1313 Ottonis,

1815 1313 2064 1387 diuturna
2104 1315 2461 1387 possessionis
2490 1329 2762 1387 nunquam
2810 1313 3122 1387 interruptae
3149 1318 3400 1387 prtescri-

1814 1382 1946 1457 ptio,
1972 1396 2126 1437 secus
2148 1383 2452 1457 faciendum
2483 1386 2853 1457 persuadebat.
2875 1385 2933 1439 In
2961 1382 3169 1442 TusciaS
3190 1387 3402 1457 Lango-

1814 1453 2104 1506 bardorum
2153 1453 2460 1507 civitatibus
2488 1455 2866 1509 enumerandis
2909 1464 3060 1510 tanta
3111 1458 3249 1512 inter
3292 1453 3400 1515 duo

1815 1521 2108 1589 diplomata
2132 1523 2506 1596 convenientia
2534 1533 2636 1596 est,
2665 1533 2723 1596 ut
2742 1541 2908 1596 unum
2933 1524 3047 1596 fere
3073 1535 3233 1596 atque
3256 1527 3401 1583 idem

1817 1605 1937 1663 esse
1967 1600 2254 1663 utrumque
2281 1592 2547 1646 videatur.
2578 1593 2682 1647 Sed
2706 1603 2827 1663 post
2859 1595 3101 1650 Rosellas
3129 1592 3289 1652 trium
3319 1597 3402 1652 in-

1819 1661 2058 1731 sularum
2081 1662 2296 1716 donatio
2328 1663 2542 1730 penitus
2583 1661 2840 1718 reticelur
2874 1667 2940 1719 ab
2983 1663 3208 1731 Ottone,
3243 1668 3315 1720 ita
3343 1674 3403 1722 ut

1748 1729 1953 1809 Byiris
2009 1729 2352 1809 doctissimis,
2404 1733 2646 1809 mihique
2688 1729 3402 1809 aliquandiuinterpolagio

335 1803 419 1857 Ad
447 1801 784 1882 Exarchatus
823 1799 1447 1882 donatiou‘empInniuui
1487 1801 1717 1882 primam
1749 1799 1793 1809 "
1819 1799 2166 1882 Ludoviciani
2200 1802 2513 1882 .apo‘graphi
2553 1799 2894 1882 subolevérii.
2939 1799 3402 1882 Quid_vero?_Ex

139 1873 368 1935 venitur,
403 1887 523 1940 qum
548 1869 1004 1940 recte_admodum
1046 1868 1273 1936 Pippino
1310 1876 1364 1921 et
1406 1869 1599 1940 Carolo
1625 1869 1720 1923 tri-

138 1941 340 2004 buitur,
373 1937 487 1994 tum
526 1938 652 2008 quia
673 1937 930 2008 Carisiaci
975 1946 1362 2008 uterqueAeam
1399 1937 1590 1993 fecisse
1623 1954 1720 1993 saa-

137 2012 260 2079 pius
287 2010 487 2064 dicitur
507 2006 563 2063 in
588 2008 720 2062 Cod.
743 2007 890 2069 Car.,
919 2017 1029 2062 tum
1051 2009 1177 2079 quia
1205 2006 1430 2062 Carolus
1453 2009 1717 2074 civitates,

135 2078 368 2148 quarum
394 2079 788 2148 possessionem
817 2079 953 2132 inire
990 2093 1087 2146 per
1113 2078 1496 2148 Langobardos
1531 2094 1638 2133 non
1665 2079 1723 2132 li-

135 2147 348 2212 euerat,
381 2147 579 2204 sancta:
601 2147 713 2202 sedi
739 2164 925 2203 omnes
949 2149 1198 2203 asseruit.
1225 2147 1294 2201 At
1317 2162 1598 2217 perperam
1622 2149 1722 2202 im-

135 2227 420 2288 peratores
463 2219 621 2274 ambo
660 2227 1051 2288 nuncupantur,
1097 2233 1218 2288 qua:
1260 2233 1350 2272 res
1397 2220 1514 2273 sine
1536 2219 1721 2288 dubio

139 2287 338 2358 ascribi
385 2290 543 2344 debet
586 2304 782 2343 crassae
816 2287 957 2343 illius
996 2289 1096 2344 azvi
1120 2287 1476 2358 ignorationi.
1517 2287 1617 2355 Qui
1655 2304 1722 2343 ex

141 2357 398 2440 Ludovici
412 2439 416 2440 γ
430 2360 662 2440 .silentio
708 2359 962 2428 colligunt
987 2357 1446 2440 _Ludoviciaupm.
1491 2359 1722 2440 diploma

139 2429 538 2498 supposititium
585 2444 734 2493 esse,
784 2445 933 2483 suam
985 2431 1223 2498 ipsorum
1289 2428 1722 2498 allucinationem

138 2496 472 2568 patefaciunt
493 2518 505 2553 :
533 2501 587 2553 in
605 2500 926 2554 Henriciano
947 2496 1112 2562 enim,
1140 2499 1264 2569 quia
1285 2496 1539 2555 Ottonum
1559 2501 1723 2554 etiam

140 2571 362 2624 nomina
393 2569 637 2639 proferre
666 2570 840 2632 libuit,
865 2569 1191 2624 Ludovicum
1219 2584 1434 2639 quoque
1454 2569 1724 2624 nominari

139 2641 397 2707 oportuit,
434 2656 541 2696 non
567 2640 692 2708 quia
716 2642 781 2694 de
806 2640 1110 2693 Exarcbatu
1156 2639 1447 2708 quidquam
1473 2640 1541 2694 ad
1582 2640 1726 2694 illius

140 2709 524 2764 liberalitatem
549 2711 834 2777 pertineat,
871 2710 962 2763 sed
1006 2709 1132 2778 quia
1179 2709 1494 2778 donationes
1525 2711 1726 2764 avitam

139 2787 194 2831 et
213 2789 504 2848 paternam
527 2779 879 2841 confirmavit,
905 2777 1040 2847 quas
1055 2787 1240 2848 postea
1266 2777 1490 2835 Ottones
1509 2788 1564 2834 et
1585 2781 1729 2834 Hen-

139 2849 289 2902 ricus
309 2849 562 2904 similiter
598 2851 934 2905 roborarunt.
974 2848 1288 2917 Hujusmodi
1328 2858 1508 2904 autem
1540 2865 1730 2905 censo-

138 2934 261 2972 rum
315 2918 592 2973 solertiam
635 2920 768 2974 satis
805 2919 990 2972 mirari
1043 2935 1152 2974 non
1183 2933 1424 2988 possum.
1479 2917 1535 2972 Si
1584 2919 1731 2973 enim

141 3004 372 3057 usquam
401 2989 653 3043 Ludovici
679 3004 871 3043 nomen
894 2988 1304 3043 desiderandum
1328 2999 1462 3052 erat,
1488 2989 1540 3042 in
1569 2988 1732 3044 Urbis

142 3058 486 3129 Romanique
506 3059 730 3129 ducatus
765 3059 1151 3129 concessione,
1177 3074 1298 3127 quae
1325 3075 1500 3129 neque
1536 3074 1568 3112 a
1607 3058 1731 3126 Pip-

141 3129 286 3197 pino,
311 3127 492 3197 nerine
510 3143 540 3181 a
563 3127 756 3183 Carolo
782 3127 921 3182 facta
947 3143 1065 3182 esse
1083 3128 1192 3182 ullo
1218 3129 1273 3182 in
1298 3127 1427 3184 loco
1439 3129 1726 3197 reperitur,

142 3199 478 3266 probabilius
503 3199 863 3253 desideratum
891 3208 1050 3262 esset,
1100 3214 1208 3252 non
1244 3213 1373 3252 vero
1402 3199 1458 3252 in
1486 3199 1732 3252 donatio-

144 3270 302 3324 nibus
330 3278 446 3324 tam
476 3283 541 3322 ex
570 3278 851 3333 convento,
880 3283 1040 3336 quam
1067 3277 1257 3337 sponte
1286 3267 1464 3332 factis,
1499 3283 1731 3336 quarum

143 3347 398 3394 auctores
425 3339 629 3408 chartae
650 3346 706 3393 et
734 3346 1079 3393 monumenta
1105 3338 1387 3408 apostolici
1409 3337 1617 3392 archivi
1639 3353 1733 3408 ex-

144 3409 427 3464 hibebant.
455 3407 692 3464 Audacia
731 3409 945 3477 quidem
972 3407 1160 3478 ingens
1185 3407 1377 3464 fuisset
1412 3407 1732 3478 autographi

141 3480 307 3533 verba
331 3480 460 3534 illa:
508 3497 526 3528 ί
572 3480 712 3534 sicut
743 3495 776 3532 a
809 3477 1291 3547 praadecessoribus
1329 3477 1525 3532 vestris
1551 3477 1734 3547 usque

143 3495 307 3533 verba
331 3495 460 3534 tua:
508 3497 526 3528 ι
572 3495 712 3534 suout
743 3495 776 3532 a
809 3495 1291 3547 praaoecessormus
1329 3495 1525 3532 vestris
1562 3495 1734 3602 usgue

143 3564 290 3604 nunc
328 3551 386 3604 in
417 3558 599 3603 vestra
626 3556 891 3618 potestate
928 3562 992 3601 ac
1036 3548 1239 3602 ditione
1271 3548 1522 3604 tenuistis
1543 3557 1599 3602 et
1661 3548 1735 3603 is-

139 3619 410 3688 posuistis
434 3633 449 3672 :
479 3639 498 3670 ι
527 3633 749 3687 prorsus
767 3617 1017 3688 abjicere,
1040 3632 1333 3688 eorumque
1359 3620 1477 3673 loco
1499 3632 1731 3687 ponere:

146 3686 167 3740 ἆ
205 3689 341 3754 Quae
363 3686 880 3758 pimrrecordationis
905 3686 1207 3758 Ludovicus
1235 3686 1601 3758 praedecessor
1637 3703 1737 3744 no-

141 3767 263 3838 ster
305 3755 432 3838 exc.
477 3757 606 3838 imp.
651 3755 963 3836 jamdudum
1010 3769 1122 3838 per.
1147 3756 1449 3838 donationis
1484 3759 1735 3838 paginam

139 3827 400 3882 contulit.
433 3845 452 3877 ι
481 3825 683 3878 At’non
723 3825 898 3879 minor
941 3825 1162 3879 audacia
1189 3832 1274 3879 est
1313 3825 1736 3882 Ludovicianum

138 3897 392 3964 diploma
429 3893 856 3964 commentitium
901 3893 1198 3964 declarare,
1249 3895 1376 3964 quia
1420 3893 1548 3949 Otto
1592 3897 1738 3951 illius

139 3961 487 4020 mentionem
514 3979 621 4018 non
647 3961 796 4025 facit,
825 3963 949 4016 dum
975 3962 1187 4030 Pippini
1213 3961 1274 4016 et
1291 3962 1470 4018 Caroli
1495 3965 1738 4019 donatio-

139 4050 272 4090 nem
304 4040 573 4088 recenset.
598 4032 860 4102 Equidem
886 4046 986 4102 pro
1008 4039 1158 4086 certo
1178 4031 1371 4095 habeo,
1397 4048 1574 4102 neque
1596 4032 1739 4086 Hen-

141 4106 324 4160 ricum
348 4100 688 4172 prolaturum
714 4100 879 4156 fuisse
901 4101 1280 4172 illiusinomen,
1304 4102 1409 4156 nisi
1433 4100 1739 4172 necessario

141 4170 527 4244 apponendum
551 4173 757 4244 fuisset,
782 4179 842 4244 ut
871 4170 1346 4244 pariialiicerentur
1371 4173 1576 4244 honore
1600 4171 1738 4244 Ger-

141 4240 290 4300 mani
315 4243 594 4314 principes
616 4241 832 4298 Henrici
860 4240 1285 4314 praedeeessoms
1301 4259 1328 4314 εΔ
1342 4258 1449 4314 non
1476 4241 1622 4297 enim
1638 4240 1742 4295 Lu-

143 4309 332 4370 dovici
351 4309 518 4385 quam
551 4312 806 4385 Ottonum
833 4309 1010 4385 minus
1031 4311 1295 4385 intererat
1309 4309 1515 4385 jurium
1541 4319 1740 4385 sanctae

141 4386 290 4440 sedis
309 4381 590 4440 vindicem
612 4384 667 4438 in
697 4382 923 4437 solemni
939 4381 1226 4451 diplomate
1252 4382 1530 4450 appellari,
1555 4382 1608 4436 in
1631 4396 1738 4450 quo

141 4436 499 4510 iii‘éiiéiiii‘d
511 4436 1039 4523 praeteririOttone‘s,
1069 4461 1161 4505 aut
1179 4436 1530 4523 Ludo-vicum,
1557 4436 1664 4521 qui.
1681 4436 1736 4506 in
1762 4436 1816 4497 Ι)

140 4523 466 4594 Pippiniana
491 4522 546 4579 et
564 4523 812 4594 Carolina
837 4522 1125 4594 donatione
1145 4522 1739 4594 confirmandautrum-

140 4591 256 4663 que
274 4603 656 4665 praecesserat,
693 4593 884 4665 iisdem
921 4592 1175 4665 prminitti
1205 4593 1463 4665 oportuit.
1494 4591 1738 4665 Notanda

141 4661 310 4719 etiam
332 4672 424 4719 est
445 4680 545 4719 vox
571 4664 660 4718 illa
682 4664 1016 4716 restituerunt
1037 4661 1386 4717 Ludoviciani
1409 4662 1734 4731 diplomatis,

143 4744 355 4789 mutata
391 4735 445 4788 in
470 4733 816 4797 contulerunt,
845 4733 968 4800 quia
999 4732 1204 4786 scilicet
1229 4749 1436 4798 cause,
1465 4749 1563 4787 cur
1600 4732 1740 4785 anti-

197 4806 330 4860 Iitus
378 4812 496 4859 erat
543 4802 804 4863 adhibita,
861 4803 1245 4871 ignorabantur
1293 4803 1548 4858 Ottonum
1599 4817 1735 4856 aevo.

192 4883 406 4929 ttamen
440 4874 599 4929 Liber
640 4873 968 4927 Pontilicalis
1012 4873 1065 4925 in
1107 4873 1228 4926 Vita
1273 4872 1534 4942 Stephani
1579 4871 1623 4925 ll
1672 4872 1738 4926 de

142 4945 461 5006 donatione,
491 4959 652 5012 quam
681 4958 773 4997 rex
805 4942 1279 5011 Langobardorum
1319 4943 1536 4997 eludere
1573 4957 1737 4997 ausus

140 5014 351 5075 fuerat,
397 5013 551 5082 142
605 5012 853 5066 reddendi
896 5027 964 5082 ac
1005 5013 1308 5065 restituendi
1340 5013 1560 5082 vocibus
1597 5027 1737 5080 saepe

139 5084 352 5151 saepius
388 5080 582 5151 uti—tur.
631 5082 698 5134 Et
725 5082 850 5151 licet
890 5081 1171 5150 Pippinum
1204 5082 1361 5151 (sect.
1391 5080 1518 5150 25l)
1561 5081 1738 5151 legato

136 5148 420 5221 imperiali
447 5157 799 5221 protestatum
825 5148 1004 5205 fuisse
1017 5151 1160 5206 dicat
1203 5148 1221 5200 ἀ
1269 5153 1412 5221 quod
1439 5148 1584 5206 nulla
1613 5148 1737 5206 eum

142 5217 399 5277 thésauri
413 5217 574 5290 copia
595 5219 821 5290 suadere
849 5221 1083 5286 valeret,
1113 5230 1172 5274 ut
1209 5217 1353 5290 quod
1390 5222 1557 5277 semel
1581 5223 1738 5277 beato

144 5293 315 5347 Petro
340 5287 589 5365 _o|._)tu_lit,
649 5285 917 5365 auferret:
978 5309 996 5342 ι
1038 5292 1201 5365 paulo
1229 5285 1387 5365 'post
1425 5291 1736 5362 subjungit:

150 5381 168 5412 ι
214 5359 464 5416 restituit
504 5358 648 5426 ipsas
673 5358 918 5410 civitates
955 5361 1205 5426 praelatas
1227 5358 1268 5424 ,⁷
1289 5363 1492 5416 addens
1525 5358 1596 5416 iet
1628 5358 1736 5415 'ca-

146 5440 370 5494 strum,
417 5428 560 5499 quod
607 5426 1015 5496 cognominatur
1063 5429 1436 5484 Comiaclum:
1485 5449 1508 5500 ι
1558 5431 1740 5500 Usque

148 5502 287 5556 adeo
313 5515 503 5554 verum
525 5506 628 5562 est,
655 5503 1000 5550 monumenta
1021 5506 1206 5552 vetera
1232 5499 1597 5567 grammaticis
1617 5515 1741 5554 cen-

150 5572 374 5628 soribus
399 5585 502 5624 non
540 5568 802 5636 indigere.

221 5640 293 5694 Χ.
339 5641 414 5694 De
436 5632 680 5708 pluribus
701 5632 878 5708 Caroli
909 5633 1069 5708 unius
1093 5634 1471 5708 donatienibus
1501 5635 1744 5708 Ottonia-

151 5723 288 5769 num
313 5703 548 5782 diploma
588 5725 621 5766 a
664 5705 1030 5765 Ludoviciano
1070 5703 1315 5764 nonnihil
1344 5704 1628 5770 discrepat,
1667 5705 1742 5764 ita

1756 3089 1803 3153 C

1819 1869 2019 1944 Leonis
2046 1869 2109 1922 lll
2132 1869 2371 1940 epistolis
2395 1869 2558 1944 eisitu
2587 1873 2756 1944 crutis
2784 1889 2814 1926 a
2845 1869 3136 1944 Conringio
3169 1875 3405 1932 Corsicae

1821 1939 2040 2014 donatio
2065 1939 2212 2014 certa
2239 1943 2490 2014 suppetit,
2517 1951 2580 2014 et
2601 1941 2716 2011 ipso
2748 1944 2849 1998 hoc
2872 1944 2927 1998 in
2951 1939 3240 2014 diplomate
3269 1961 3404 2001 con-

1821 2010 1974 2085 tiuuo
1995 2011 2241 2085 sequitur
2269 2012 2484 2085 donatio
2515 2010 2742 2085 alia'pcr
2762 2010 3074 2085 designatos
3105 2016 3258 2081 ﬁnes,
3283 2031 3405 2085 qua!

1821 2095 1851 2133 a
1875 2079 2043 2133 Lunis
2070 2095 2193 2133 cum
2229 2080 2401 2133 insula
2427 2079 2911 2146 Corsica—orditur,
2948 2093 3004 2138 et
3041 2085 3180 2139 infra
3210 2079 3407 2139 contir-

1821 2157 2004 2203 matur
2041 2149 2257 2203 donatio
2304 2149 2661 2221 Siciliaecum
2692 2168 2756 2206 ea
2797 2155 3137 2221 conditione,
3184 2157 3229 2208 si
3269 2154 3407 2209 Deus

1821 2221 2014 2294 uostris
2056 2220 2298 2272 manibus
2351 2220 2645 2294 tradiderit,
2689 2223 2814 2294 quia
2859 2224 3108 2279 videlicet
3156 2226 3254 2279 sub
3276 2224 3407 2294 jugo

1825 2288 2216 2363 Saracenorum
2244 2305 2385 2363 anno
2406 2287 2516 2363 jam
2555 2287 2850 2363 centesimo
2898 2295 3174 2348 tricesimo
3221 2287 3409 2363 quinto

1823 2358 2110 2414 infeliciter
2143 2361 2409 2428 gemebat.
2455 2358 2674 2415 Corsica
2714 2363 2874 2416 etiam
2914 2371 2969 2416 et
3012 2358 3259 2417 Sardinia
3301 2364 3409 2416 for-

1823 2437 1953 2483 tuna
1975 2431 2163 2484 eadem
2191 2431 2511 2495 utebantur;
2542 2431 2646 2485 hoc
2674 2438 2850 2485 tamen
2874 2433 3022 2486 hisce
3049 2449 3170 2488 cum
3194 2432 3282 2486 illa
3300 2433 3413 2487 dis-

1824 2499 2391 2572 crimen‘maximum
2450 2501 2845 2572 intercedebat,
2899 2503 3042 2570 quod
3090 2501 3409 2572 amplissimi

1827 2569 2031 2640 reditus
2057 2567 2112 2622 in
2134 2584 2332 2640 egenos
2368 2579 2424 2624 et
2460 2571 2822 2628 Ecclesiarum
2867 2567 3116 2628 decorem
3151 2567 3412 2640 erogandi

1825 2636 2227 2712 nullaunquain
2248 2641 2450 2712 oblivie
2468 2641 2700 2696 delesset
2719 2643 3103 2712 patrimonium
3129 2636 3407 2707 Siculum;

1828 2706 2294 2782 Sardiniaiautem
2319 2718 2378 2782 et
2402 2708 2634 2782 Corsica:
2670 2706 2952 2782 vectigalia
2991 2713 3279 2768 admodum
3313 2706 3412 2767 ani-

1827 2785 1988 2848 gusta
2009 2777 2154 2848 nullo
2180 2776 2290 2848 fere
2318 2778 2436 2848 loco
2472 2776 2881 2835 babebanturva
2916 2792 3100 2837 sancta
3129 2783 3288 2846 sede,
3334 2783 3412 2837 ita

1828 2845 1909 2912 ut,
1936 2847 2042 2900 nisi
2073 2845 2291 2900 donatio
2314 2846 2528 2919 illa_per
2565 2850 2871 2919 designatos
2915 2852 3049 2906 ﬁnes
3091 2852 3144 2905 in
3188 2845 3412 2906 areiiivo

1830 2923 2042 2986 reperta
2066 2925 2238 2979 esset,
2285 2932 2353 2970 ne
2381 2916 2612 2971 Corsicae
2637 2916 2851 2986 quidem
2895 2936 3092 2974 nomen
3121 2921 3191 2974 ab
3215 2919 3413 2974 Ottone

1829 2989 2098 3070 prolatum
2128 2986 2547 3070 irieredendunm
2577 2988 2666 3041 sit.
2707 2988 3067 3070 iiac.tantur.n
3097 2989 3244 3070 in__re
3273 2989 3416 3042 inter

1831 3055 1953 3113 illas
1985 3057 2256 3129 convenit,
2289 3057 2443 3129 quod
2471 3055 2776 3129 Germaniae
2817 3057 3042 3129 Augusti
3074 3057 3275 3111 nullam
3311 3074 3415 3112 un-

1831 3143 1994 3197 quam
2038 3125 2451 3181 sollicitudinem
2486 3127 2573 3181 -de
2623 3127 2691 3181 iis
2739 3125 3082 3193 habuerunt,
3131 3129 3237 3182 nisi
3289 3143 3416 3184 cum

1832 3199 2007 3268 aliena
2035 3212 2139 3268 ope
2159 3197 2225 3250 ad
2243 3203 2492 3268 sanetam
2510 3197 2712 3268 sedem
2755 3198 3089 3268 postliminio
3114 3198 3412 3268 redierunt.

1832 3267 1984 3339 Tunc
2002 3265 2156 3339 143
2169 3266 2312 3339 enim
2341 3265 2479 3330 illos,
2490 3265 2700 3339 Sicilia:
2719 3265 3018 3339 praesertim
3045 3275 3100 3323 et
3129 3267 3412 3334 Sardiniae,

1830 3337 2318 3392 inhiasse’historia
2344 3353 2443 3392 nos
2472 3337 2647 3391 docet.
2720 3337 2736 3339 ἡ
3007 3345 3019 3383 ι

1902 3407 1993 3460 ΧΙ.
2031 3407 2400 3478 Οᾳξιθινιιιιιίιιθ
2431 3422 2462 3461 a
2492 3406 2739 3478 Sardinia
2765 3407 3053 3478 digrediar,
3082 3423 3205 3478 quas
3228 3407 3283 3462 in
3310 3407 3420 3477 pri-

1832 3478 2029 3548 vilegio
2053 3477 2267 3532 Ottonis
2287 3477 2644 3548 desideratur,
2677 3477 2743 3531 iis
2768 3477 2984 3547 quidem
3010 3477 3117 3534 non
3145 3477 3414 3548 adhaereo,

1832 3548 1925 3618 qui
1952 3548 2290 3618 praecipitem
2308 3547 2479 3618 fidem,
2507 3547 2762 3602 adhibent
2796 3549 2932 3603 actis
2957 3548 3202 3603 Silvestri
3246 3548 3301 3601 in
3328 3547 3420 3602 Li-

1831 3616 1989 3672 brum
2016 3616 2381 3673 Pontiﬁcalem
2406 3617 2611 3687 relatis,
2640 3618 2695 3672 in
2721 3619 2916 3687 quibus
2941 3617 3186 3673 Sardinia
3220 3618 3418 3673 donata

1833 3687 1999 3743 fuisse
2015 3688 2209 3742 dicitur
2233 3686 2475 3742 ecclesiae
2504 3686 2814 3742 sanctorum
2833 3688 3127 3744 Marcellini
3162 3696 3217 3743 et
3245 3687 3414 3742 Petri.

1833 3757 1969 3812 Nam
1999 3760 2230 3830 septimo
2250 3757 2943 3830 saeuioﬂineuntesanctus
2976 3758 3266 3830 Gregorius
3301 3757 3418 3830 Ma-

1834 3842 1971 3898 gnus
1987 3825 2102 3898 (lib.
2125 3845 2202 3890 ιιι,
2226 3842 2311 3895 ep.
2327 3825 2418 3898 59)
2441 3828 2604 3898 Vitali
2622 3827 2891 3883 defensori
2907 3827 3031 3896 jura
3052 3825 3254 3883 sancta
3275 3828 3420 3883 sedis

1835 3895 1946 3950 illic
1979 3895 2416 3966 administranti:
2461 3914 2479 3946 ‹
2511 3895 2774 3966 Quoniam
2802 3895 2952 3963 vero,
2983 3899 3178 3966 inquit,
3204 3911 3420 3964 posses-

1837 3981 1986 4020 sores
2024 3981 2121 4019 nos
2147 3965 2409 4018 Sardiniae
2441 3965 2769 4032 petiverunt,
2799 3974 2858 4019 ut
2891 3967 3015 4032 quia
3039 3965 3266 4024 diversis
3292 3979 3421 4020 one-

1837 3982 1986 4020 sores
2024 3982 2121 4019 nos
2147 3982 2409 4018 Sardiniae
2441 3982 2769 4032 petiverunt,
2799 3982 2858 4019 ut
2929 3982 3015 4019 uia
3039 3982 3266 4024 diversis
3292 3982 3421 4020 one-

1837 4035 1989 4088 ribus
2008 4033 2332 4102 amiguntur,
2352 4032 2870 4102 Constantinopolim
2891 3982 3090 4087 debeas
3109 4047 3211 4102 pro
3222 4046 3421 4102 eorum

1839 4103 2077 4156 remedio
2096 4100 2383 4169 proﬁcisci,
2397 4100 2671 4169 licentiam
2709 4101 2803 4154 tibi
2829 4101 2989 4154 eundi
3015 4101 3415 4156 concedimus»

1842 4170 2072 4226 Romani
2099 4167 2314 4238 quidem
2346 4167 2658 4223 defensores
2693 4169 2930 4223 Sabinus
2958 4178 3012 4222 et
3040 4169 3249 4233 Vitalis,
3284 4184 3420 4226 nec-

1841 4258 1950 4296 non
1978 4237 2170 4295 Petrus
2213 4237 2456 4292 notarius
2481 4255 2511 4292 a
2542 4239 2771 4301 nunciis,
2809 4238 3064 4307 legatisve
3108 4239 3422 4308 apostolicis

1877 4326 2030 4365 arum
2068 4309 2376 4377 discrepare
2414 4308 2663 4363 videntur
2700 4308 2817 4433 ()lib.
2848 4324 2907 4372 ιι,
2954 4309 3065 4363 ind.
3093 4325 3168 4371 ιιι,
3202 4323 3286 4382 ep.
3316 4310 3417 4375 56;

1915 4397 1988 4433 iv.
2018 4380 2080 4433 9:
2138 4380 2172 4433 l.
2201 4395 2296 4433 vn.
2325 4377 2420 4433 66:
2473 4378 2511 4433 l.
2561 4394 2635 4433 ιιι.
2667 4379 2691 4432 1
2749 4396 2763 4433 :
2817 4379 2852 4432 l.
2891 4395 2966 4433 χι.
2998 4379 3086 4433 55.
3121 4377 3232 4433 59).
3281 4379 3417 4433 Nam

1840 4327 2030 4434 parum
2068 4327 2376 4377 discrepare
2414 4327 2663 4363 videntur
2700 4327 2817 4433 8η).
2848 4327 2907 4372 ιι,
2954 4327 3065 4363 ιιια.
3093 4327 3168 4371 ιιι,
3202 4327 3286 4382 ep.
3316 4327 3417 4375 oo;

1864 4421 1876 4434 .
1915 4397 1988 4445 iV,
2018 4380 2080 4446 9;
2120 4380 2172 4450 fl.
2201 4377 2420 4450 vn,_667;
2473 4378 2511 4443 l,
2561 4394 2635 4441 ιιι,
2667 4379 2691 4432 i
2749 4396 2763 4445 ;
2817 4379 2852 4432 l.
2891 4379 3086 4450 30,55,
3121 4377 3232 4450 59).
3281 4379 3419 4436 Nam

1840 4449 2184 4531 monasteria,
2212 4447 2452 4531 ecelesite
2473 4456 2741 4531 vaeantes.
2757 4449 3094 4531 episcopi,et
3117 4447 3421 4531 presbyteri

1840 4524 2006 4576 totius
2047 4521 2236 4574 insula:
2274 4518 2342 4572 iis
2367 4519 2794 4574 committuntur.
2827 4519 2896 4573 At
2922 4522 2988 4574 de
3018 4518 3296 4589 temporali
3324 4521 3422 4575 do-

1837 4593 2132 4646 minatione
2157 4597 2355 4645 sanctm
2383 4589 2525 4644 sedis
2553 4599 2679 4645 ante
2705 4590 3084 4646 iconomachos
3106 4591 3417 4657 mussitare,

1838 4661 2057 4716 mentiri
2077 4667 2180 4717 est.
2206 4658 2374 4715 Secus
2401 4661 2666 4732 reperitur
2693 4660 2870 4716 Caroli
2909 4660 3083 4732 Magni
3118 4675 3421 4732 aavo,_prte-

1838 4733 1995 4801 cipue
2042 4740 2166 4799 post
2196 4731 2597 4801 renovationem
2647 4731 2877 4800 imperii.
2915 4730 3051 4786 Cum
3084 4731 3227 4786 enim
3245 4730 3420 4801 Sara-

1837 4799 1953 4856 ceni
1982 4801 2254 4870 Hispania:
2288 4800 2401 4855 fere
2430 4799 2793 4870 quotannis’in
2820 4802 3122 4856 Sardiniam
3149 4809 3205 4855 et
3228 4799 3419 4855 Corsi-

1837 4888 1957 4926 cam
1985 4877 2354 4933 excurrerent,
2389 4887 2747 4940 magnamque
2777 4872 2843 4926 iis
2875 4871 3065 4925 insulis
3112 4870 3416 4940 molestiam

1838 4943 2120 5017 inferrent,
2140 4957 2306 5017 _an_no
2340 4940 2451 5017 ξοδ
2482 4936 2544 5017 et
2573 4936 2921 5017 sequentibus
2950 4936 3417 5017 Pippiuuanaroii

1839 5013 1983 5087 iilius
2012 5029 2108 5087 rex
2140 5011 2308 5066 Italiae
2339 5006 2710 5087 Burghardiim
2747 5006 3240 5087 comitem—{stabuli
3259 5006 3421 5087 .misit

1841 5084 1895 5136 in
1920 5083 2194 5138 Corsicam
2229 5097 2351 5135 cum
2388 5076 2580 5144 classe,
2608 5081 2754 5134 illam
2782 5080 3036 5142 tuiturus,
3064 5086 3125 5131 ut
3156 5076 3415 5139 arbitror,

1841 5163 2042 5207 sanctae
2067 5152 2199 5214 sedi,
2227 5151 2314 5204 cui
2340 5165 2436 5218 per
2459 5150 2646 5204 eadem
2679 5157 2918 5216 tempora
2950 5148 3203 5218 donatam
3251 5144 3420 5198 fuisse

1839 5223 2072 5294 vidimus
2096 5226 2238 5290 (pag.
2267 5215 2380 5294 60).
2421 5220 2669 5294 Ann_ales_
2697 5215 2988 5294 Fui’denses
3026 5215 3086 5294 id
3099 5219 3418 5294 _testautur,

1839 5282 2158 5360 quibuscum
2189 5282 2480 5344 conci'nunt
2519 5288 2823 5360 Eginhardo
2861 5285 3068 5360 tributi,
3093 5282 3416 5360 Berliiuiani,

1841 5350 2061 5428 aliique,
2089 5375 2316 5428 quorum
2351 5360 2515 5414 verba
2551 5350 2664 5430 ipsa
2686 5353 3157 5430 refertAimoinus
3192 5350 3309 5430 (lib.
3338 5365 3414 5430 ιγ,

1841 5447 1891 5487 c.
1922 5419 2184 5500 9'4),'quae
2220 5445 2343 5500 cum
2392 5430 2497 5483 sint
2542 5419 2769 5500 alicujus
2811 5421 3090 5500 momenti,
3150 5419 3418 5500 audienda

1841 5508 1966 5556 sunt
1995 5489 2057 5553 Ξίι
2082 5489 2188 5566 Qui
2214 5499 2364 5567 juxta
2399 5489 2837 5567 consuetudinem
2875 5506 3028 5567 suam
3059 5493 3124 5546 de
3157 5489 3418 5567 Hispenia

1842 5571 2068 5638 egressi,
2097 5556 2292 5638 ~primo
2328 5569 2395 5638 ad
2433 5556 2737 5638 Sardiniam
2782 5561 2990 5630 appulsi
3036 5569 3182 5638 sunt,
3235 5556 3421 5625 ibique

1842 5631 1964 5696 cum
2017 5631 2203 5694 Sardis
2246 5632 2916 5708 praalioueomtuissojuet
2967 5631 3148 5708 muitis
3191 5641 3418 5708 suorum

1844 5710 2073 5770 amissis.
2106 5723 2230 5764 nam
2247 5702 2362 5761 tria
2386 5704 2556 5762 millia
2584 5703 2659 5759 ibi
2682 5702 2940 5759 cecidisse
2964 5702 3336 5768 perhibentur.
3357 5702 3419 5757 in

2625 5791 2652 5829 ρ
