4030 6166
1469 229 1529 285 Β.
1569 229 1821 288 CAROLI
1857 232 2072 290 MAGNI
2107 229 2259 291 OPP.
2297 233 2477 290 PARS
2513 235 2553 290 l.
2596 235 2839 295 SECTIO
2873 235 2958 292 Ill.

576 357 948 422 annosancta
999 345 1429 422 resurrectionis
1442 345 1528 401 die
1575 345 1883 422 Dominic‘o.‘
1908 348 2022 403 Sub
2052 349 2152 404 hac
2180 352 2233 412 Α
2255 350 2726 422 piomataobscure
2743 351 3032 422 admodum
3053 350 3362 421 loquuntur,
3390 354 3704 410 addendum
3723 371 3850 414 esse

580 419 890 476 conditione
927 417 1085 487 hujus
1112 417 1461 488 persolvende
1486 413 1759 486 pensionis
1777 416 1958 488 obligo
1976 433 2078 481 me,
2099 427 2154 473 et

572 502 760 544 omnes
800 504 950 544 meos
983 489 1095 542 sive
1124 487 1368 550 heredes,
1417 487 1530 541 sive
1563 487 1907 542 successores
1930 488 2028 542 tibi
2058 490 2154 543 do-

573 560 722 613 mino
768 573 891 614 meo
933 558 1152 613 Nicolao
1181 572 1318 628 pape
1363 565 1417 611 et
1445 557 1848 628 successoribus
1885 558 2012 612 tuis.
2062 558 2153 615 Sic

571 644 659 683 me
682 629 826 684 Deus
855 627 1068 697 adjuvet
1098 636 1152 682 et
1188 627 1303 682 hac
1336 636 1523 698 sancta
1561 627 1868 698 Evangelia.
1905 647 1924 678 ι
1963 628 2154 698 Sequi-

569 706 660 754 tur
681 709 1082 754 sacramentum
1120 697 1395 752 ﬁdelitatis
1433 697 1708 766 aliquanto
1733 697 1998 765 prolixius
2026 697 2150 753 cum

570 769 806 824 indicata
845 769 1229 834 additiuncula,
1259 769 1403 836 quod
1431 767 1628 822 videsis
1656 769 1796 835 apud
1836 767 2146 822 Baronium.

568 838 746 908 Lapsu
791 839 981 911 viginti
1029 855 1296 894 annorum
1331 839 1501 911 plura
1534 847 1853 911 evenerunt,
1883 853 2010 911 qua
2043 854 2150 893 non

568 907 807 965 medicas
827 907 970 965 inter
987 918 1230 964 sanctam
1252 907 1433 964 sedem
1457 916 1510 960 et
1534 907 1827 962 Robertum
1851 908 2152 964 simultates

566 993 856 1048 peperere;
906 979 1177 1034 Richardo
1213 977 1662 1048 interimCapua
1707 977 1950 1046 principe
1993 993 2151 1032 suum

567 1047 970 1104 sacramentum
997 1049 1272 1104 ﬁdelitatis
1316 1047 1607 1118 exhibente
1652 1048 1892 1115 pontiﬁci
1939 1047 2146 1118 Grego-

567 1118 650 1173 rio
663 1118 774 1182 Vll,
789 1121 914 1174 dum
928 1118 1123 1188 Capua
1135 1126 1252 1173 erat
1264 1133 1406 1172 anno
1419 1118 1443 1188 1
1450 1115 1581 1188 075,
1586 1118 1733 1188 quod
1749 1118 1888 1186 apud
1902 1115 2148 1172 eumdem

567 1188 857 1261 Daronium
879 1184 1058 1261 exstat
1087 1189 1227 1261 (eod.
1267 1203 1316 1241 a.
1342 1205 1398 1242 n.
1422 1184 1534 1256 65).
1563 1184 2031 1261 Robertus_au_t_em
2053 1204 2149 1261 sua

566 1257 933 1314 dominatione
966 1256 1123 1330 longe
1151 1266 1327 1330 aucia,
1375 1257 1675 1330 prasertim
1725 1258 1779 1312 in
1828 1256 2010 1312 Sicilia
2034 1299 2048 1323 ,
2093 1260 2148 1314 in

566 1329 797 1398 gratiam
852 1330 1013 1384 rediit
1067 1327 1536 1399 cuerregorio,
1594 1327 1679 1382 cui
1750 1337 2147 1399 sacramentum

564 1397 820 1468 prastitit
864 1399 1142 1468 aliquanto
1177 1398 1321 1453 aliud
1353 1397 1446 1452 ‘ab
1495 1413 1559 1452 eo
1583 1438 1598 1462 ,
1640 1398 1798 1468 quod
1848 1397 2068 1453 Nicolao
2103 1398 2147 1454 ll

603 1471 912 1525 rastiterat.
956 1467 1573 1540 ’Discrepantiainotatu
1622 1467 1780 1540 digna
1810 1478 1928 1540 rest.
1983 1469 2147 1540 «‘Ego

612 1540 833 1611 obertus
865 1541 959 1596 Dei
987 1538 1174 1611 gratia
1190 1547 1245 1594 et
1273 1538 1432 1611 150
1468 1538 1641 1611 sancti
1677 1538 1870 1611 Petri,
1900 1538 2106 1608 Apulia
2128 1581 2143 1605 ,

559 1618 617 1664 et
648 1608 931 1675 Calabria,
957 1608 1012 1667 ei
1033 1610 1230 1666 Sicilia
1253 1608 1380 1664 duxi.
1403 1608 1436 1660 ⁷»
1467 1608 1535 1662 Et
1556 1616 1676 1676 post
1700 1610 2021 1676 promissam
2055 1611 2148 1664 de-

2255 420 2460 493 aliquid
2467 420 2696 493 videtur,
2712 429 2771 493 ut
2786 421 2982 476 Sicilia
2993 420 3509 493 citra’pharumpars
3526 425 3679 480 nulla
3695 442 3850 482 nova

2255 490 2588 566 probationis
2614 492 2868 566 indigeat,
2899 507 3021 546 cum
3050 493 3116 547 de
3145 490 3422 566 utriusque
3447 493 3650 566 Sicilia
3678 513 3851 566 regno

2253 561 2556 636 subsecutis
2585 561 2916 636 temporibus
2944 577 3122 636 sermo
3141 564 3247 636 erit
3272 563 3549 636 (Dissir7,i§
3570 565 3626 629 2,
3654 581 3709 618 n.
3732 561 3848 636 17).

2253 630 2564 698 Capuanum
2586 631 2947 700 principatum
2986 631 3101 701 jam
3141 630 3372 687 diximus
3414 630 3691 689 Richardo
3723 630 3853 692 esse

2253 701 2509 754 traditum
2537 716 2568 753 a
2589 701 2870 770 Gregorio,
2906 703 2981 755 ita
3008 711 3186 756 tamen
3209 712 3267 756 ut
3292 703 3706 771 Neapolitanum
3748 707 3853 761 du-

2253 780 2434 825 catum
2465 773 2791 840 acquireret.
2849 773 2907 826 ld
2934 782 3059 826 ante
3095 789 3298 826 annum
3326 774 3480 836 1159,
3543 784 3762 828 sextum
3793 787 3853 831 et

2253 841 2643 910 sexagesimum
2677 849 2798 910 post
2841 841 3098 908 ejusmodi
3132 843 3523 907 investituram,
3563 860 3674 900 non
3701 849 3850 899 acci-

2251 911 2348 963 dit.
2422 910 2660 980 Namque
2680 927 2746 965 eo
2793 927 2934 965 anno
2973 929 3095 967 cum
3151 913 3495 968 Innocentius
3555 915 3596 968 ll
3649 927 3850 971 contra

2253 980 2542 1054 Roge‘rium
2591 982 2831 1054 duxisset
2868 985 3184 1048 exercitum,
3226 992 3524 1052 captusque
3562 996 3710 1039 esset
3749 1001 3854 1054 per

2252 1051 2474 1122 insidias
2494 1067 2558 1106 ac
2585 1052 2778 1107 ductus
2803 1053 2856 1105 in
2880 1053 3025 1122 regia
3051 1063 3229 1108 castra
3253 1051 3421 1122 prope
3442 1051 3848 1119 Beneventum,

2257 1136 2364 1195 «se
2386 1121 2700 1195 destitutum
2729 1123 2925 1195 virtute
2950 1121 3006 1195 et
3037 1124 3224 1186 armis,
3254 1121 3338 1178 iet
3361 1123 3666 1195 desolatum
3701 1127 3853 1195 aspi-

2251 1191 2522 1265 ciens,_.ait
2544 1192 2706 1265 Falco
2726 1193 2793 1247 ad
2827 1194 3076 1265 eumdem
3104 1194 3618 1265 annumtprecibus
3675 1191 3846 1265 regis,

2249 1269 2304 1334 et
2323 1262 2669 1330 petitionibus
2694 1264 2953 1334 assensit,
2977 1263 3442 1332 etcapitularibus
3466 1271 3521 1317 et
3543 1262 3848 1334 privilegiis

2249 1331 2318 1385 ab
2347 1340 2575 1403 utraque
2594 1340 2745 1402 parte
2761 1332 3011 1397 ﬁrmatis,
3037 1331 3135 1388 rei
3159 1335 3290 1402 ipse,
3320 1342 3375 1403 ei
3397 1334 3506 1388 dux
3533 1331 3680 1389 ﬁlius
3701 1331 3845 1403 ejus,

2250 1408 2304 1454 et
2345 1402 2614 1473 principes
2645 1403 2708 1455 17
2746 1403 2834 1456 die
2878 1411 3055 1457 stante
3105 1405 3306 1458 mensis
3347 1402 3473 1457 Julii
3507 1413 3637 1458 ante
3674 1402 3850 1473 ipsius

2249 1471 2526 1542 apostolici
2548 1474 2893 1542 prasentiam
2916 1473 3157 1538 veniunt,
3205 1483 3260 1527 ct
3285 1474 3512 1541 pedibus
3537 1474 3658 1542 ejus
3680 1471 3848 1532 advo-

2250 1540 2347 1595 luti
2370 1541 2795 1614 misericordiam
2820 1551 3028 1611 petunt,
3050 1613 3063 1614 7
3081 1553 3136 1598 et
3164 1545 3228 1597 ad
3256 1540 3532 1611 pontiﬁcis
3557 1540 3848 1614 imperium

2248 1625 2632 1682 usquequaque
2665 1612 2972 1684 ﬂectuntur.
3035 1613 3420 1684 Continuoper
3439 1612 3724 1684 evangelia
3751 1616 3846 1670 ﬁr-

559 1680 863 1737 fensionem
889 1681 1152 1805 relgalium
1177 1681 1349 1735 sancti
1382 1679 1543 1760 Petri,
1577 1679 1922 1746 prosequitur
1949 1697 1961 1732 :
1992 1698 2009 1729 ι
2040 1679 2147 1733 Ex—
2175 1701 2224 1761 Β
2252 1679 2726 1738 ιηένετίιηιίηθῑο
2750 1682 2909 1738 Petro
2941 1693 2997 1737 et
3045 1679 3356 1738 Innocentio
3384 1698 3561 1753 papa,
3588 1679 3846 1754 'ejusque

559 1759 717 1805 cepta
761 1759 913 1805 parte
988 1753 1208 1805 irmana
1244 1749 1495 1804 Marchta
1521 1789 1535 1805 .
1575 1757 1629 1802 et
1668 1748 1930 1805 Salerno.
1985 1757 2146 1805 atque
2252 1753 2656 1805 successoribus
2715 1755 2972 1805 canonice
3028 1753 3351 1805 intrantibus
3394 1754 3710 1805 ﬁdelitatem
3750 1756 3846 1805 de-

559 1759 717 1822 cepta
761 1759 913 1822 parte
942 1748 1208 1822 Firmana
1244 1749 1495 1822 Marchia
1521 1789 1535 1812 ,
1575 1757 1629 1802 et
1668 1748 1930 1822 Salerno,
1952 1820 1959 1822 _
1985 1757 2146 1818 atque

556 1818 864 1890 Amalphia,
898 1823 1040 1876 unde
1077 1821 1254 1876 adhuc
1297 1818 1442 1874 facta
1487 1833 1596 1872 non
1638 1827 1722 1872 est
1752 1819 1999 1873 diﬁinitio
2023 1861 2038 1885 ,
2094 1829 2150 1875 et

558 1889 824 1961 adjuvabo
853 1899 928 1957 te,
954 1900 1014 1946 ut
1045 1890 1340 1947 honoriﬁce
1367 1896 1438 1961 et
1463 1903 1654 1961 secure
1682 1897 1865 1944 teneas
1891 1898 2147 1959 papatum

555 1958 882 2018 Romanum.
918 1961 1143 2017 Terram
1169 1961 1342 2015 sancti
1367 1958 1534 2021 Petri,
1561 1973 1720 2028 quam
1759 1958 1906 2014 nunc
1945 1958 2098 2015 tenes
2127 2003 2142 2027 ,

555 2033 640 2088 vel
673 2033 958 2088 habiturus
1003 2047 1082 2098 es,
1125 2039 1412 2102 postquam
1439 2030 1648 2102 scivero
1675 2037 1779 2083 tua
1809 2045 1930 2085 esse
1966 2039 2147 2099 potes-

557 2104 704 2166 tatis,
741 2118 843 2158 nec
871 2101 1146 2164 invadere,
1187 2117 1288 2156 nec
1313 2101 1594 2168 acquirere
1624 2115 1884 2170 quaram.
1920 2122 1938 2152 ι

627 2173 770 2228 XIX.
822 2171 1094 2244 Apposita
1121 2173 1238 2226 ista
1266 2172 1602 2244 conditiones
1658 2171 1834 2244 lucem
1873 2171 2148 2244 accipiunt

555 2244 624 2299 ab
653 2245 767 2314 ipsa
790 2241 1061 2312 pontiﬁcis
1086 2241 1871 2314 investitura,_qu_a_continuo
1901 2242 2148 2314 sequitur

553 2315 609 2368 in
645 2310 859 2383 rcgesto
880 2313 1156 2385 GregnVlI
1182 2314 1393 2385 incod.
1428 2310 1747 2385 Albiniano,
1789 2319 1844 2364 et
1874 2311 2016 2385 apud
2044 2311 2146 2364 Ba-

555 2380 772 2457 roniuin
799 2403 812 2439 :
851 2403 868 2436 ι
900 2380 1016 2457 Ego
1035 2382 1329 2457 Gregorius
1358 2396 1496 2452 papa
1521 2380 1748 2435 investio
1783 2388 1858 2444 te,
1909 2380 2145 2436 Roberte

553 2455 681 2536 dus,
707 2457 774 2511 de
815 2453 1168 2536 terrajuam
1206 2453 1726 2536 tibi‘co‘ncessei'unt
1757 2459 2143 2536 antecessores

553 2526 661 2579 mei
704 2541 786 2580 sa.
832 2540 940 2580 me.
971 2519 1226 2578 Nicolaus
1276 2531 1332 2578 et
1379 2519 1700 2575 Alexander.
1757 2519 1834 2574 De
1879 2520 1969 2574 illa
2012 2535 2143 2576 vero

555 2602 703 2664 terra
726 2636 742 2659 ,
776 2609 940 2664 quam
983 2592 1182 2662 injuste
1217 2592 1575 2664 tenes,_sicut
1621 2599 1705 2645 est
1754 2588 2047 2664 Salernus,
2086 2600 2143 2647 et

554 2661 858 2741 Amalphia,
883 2671 950 2741 et_
969 2661 1106 2741 pa_rs_
1136 2663 1372 2719 Marchie
1400 2661 1672 2741 Firmane,
1699 2676 1841 2741 nunc
1855 2669 1913 2741 te
1935 2661 2143 2732 patien-

553 2743 640 2790 ter
667 2732 911 2790 sustineo
936 2732 991 2789 in
1015 2735 1110 2789 Dei
1130 2742 1184 2788 et
1215 2742 1307 2788 tua
1336 2732 1661 2802 conﬁdentia
1683 2771 1697 2794 ,
1742 2737 1802 2785 ut
1851 2739 1907 2786 tu
1950 2741 2140 2802 postea

551 2806 746 2862 exinde
769 2805 835 2860 ad
863 2806 1122 2860 honorem
1152 2805 1246 2858 Dei
1273 2811 1327 2858 et
1362 2801 1535 2857 sancti
1564 2799 1710 2855 Petri
1739 2801 1812 2856 ita
1837 2810 1889 2857 te
1917 2799 2136 2868 habeas,

550 2876 688 2930 sicut
712 2883 768 2931 et
791 2887 842 2931 te
865 2890 1046 2946 agere,
1073 2883 1128 2931 et
1156 2889 1241 2946 ine
1265 2873 1538 2946 suscipere
1559 2871 1732 2936 decet,
1757 2873 1873 2946 sine
1895 2872 2141 2946 periculo

549 2947 729 3001 anime
755 2957 846 3001 tue
870 2942 925 3001 ei
946 2961 1084 3000 mee.
1111 2965 1128 2997 ι
1155 2943 1233 3000 Ita
1273 2942 1573 3014 Gregorius
1596 2951 1791 3014 aperte
1832 2943 2141 2998 invasiones

551 3016 793 3073 declarat
823 3025 933 3100 tam
960 3031 1081 3106 qua
1109 3015 1162 3070 in
1185 3011 1408 3106 ditione'
1427 3011 1706 3106 pontificis
1931 3023 2097 3106 erant
2121 3055 2135 3079 ,
2167 3043 2217 3106 ρ
2319 3011 2652 3106 .152)“.

550 3101 712 3156 quam
750 3103 871 3158 qua
897 3088 951 3142 in
977 3082 1304 3158 fCampania,
1333 3082 1540 3158 utpote
1557 3082 1900 3158 pertinentes
1927 3083 2009 3158 ad
2039 3082 2143 3158 Ca-

549 3152 789 3226 puanum
814 3152 1142 3228 principem,
1165 3171 1195 3210 a
1222 3170 1340 3228 quo
1368 3152 1510 3208 idem
1547 3152 1841 3228 Gregorius
1869 3152 2142 3208 ﬁdelitatis

548 3224 951 3306 sacramentum
978 3224 1278 3306 acceperat.
1307 3224 1638 3306 Pacta‘enim
1665 3231 1930 3306 conventa
1943 3239 1982 3306 _a
2009 3239 2143 3306 pon-

553 3296 792 3354 tiﬁcibus
833 3313 958 3354 cum
988 3293 1228 3351 Roberto
1256 3302 1414 3351 erant
1456 3295 1522 3347 de
1553 3293 1764 3362 Apulia,
1810 3293 2058 3348 Calabria
2086 3303 2143 3349 et

551 3366 758 3434 Sicilia,
787 3367 1078 3424 dummodo
1106 3366 1232 3422 hinc
1263 3365 1565 3420 Saracenos
1590 3363 1829 3435 ejiceret.
1848 3363 1922 3416 De
1943 3363 2140 3435 Capua

549 3445 730 3508 autem
759 3439 1069 3508 principatu
1098 3442 1577 3508 conveneratcum
1609 3434 1879 3508 Richardo
1907 3473 1921 3497 ,
1977 3434 2140 3508 quem

552 3503 1128 3576 Neapolitanos—duces
1157 3506 1274 3576 pari
1324 3505 1482 3576 modo
1525 3503 1798 3576 expellere
1831 3506 2136 3576 oportebat.

551 3572 859 3632 Chronicon
897 3572 1725 3646 Cavense'genuinum,__varii§
1767 3572 1894 3646 iicet
1915 3573 2142 3646 _lacunis

551 3654 788 3709 scatens,
812 3647 1017 3701 editum
1043 3661 1074 3699 a
1104 3639 1449 3713 cl.'Pratillo
1478 3639 1647 3712 (Hist.
1684 3640 1868 3696 Princ.
1903 3641 2136 3713 Longob.

550 3725 685 3796 tom.
723 3716 812 3796 μζ,
839 3712 1298 3796 ρδιεεκξεϐμεςςια.)
1339 3713 1406 3766 de
1432 3720 1661 3796 utraque
1689 3724 1748 3764 re
1777 3712 2142 3796 nonoobsCure

552 3787 684 3856 agit.
715 3804 734 3838 ι
761 3780 865 3840 Ᾱηῖ
893 3780 1050 3840 1⁷059.
1079 3785 1125 3856 Α
1149 3780 1369 3856 Nicolao
1389 3780 2139 3856 apostolico.....Wis_chardo

549 3852 813 3939 ρέοδξρθιε
863 3856 917 3939 in
951 3863 1062 3910 ιοιθ
1093 3852 1737 3939 οθὲθδτίξτ.βε.ὲλριξιεεὲν
1771 3861 1828 3906 ει
1868 3853 2035 3939 et???
2083 3853 2139 3939 Ξιι

549 3921 757 3992 Sicilia,
793 3937 1058 3996 quatenus
1089 3943 1119 3980 a
1155 3923 1443 3996 Sagacenis
1471 3921 1842 3996 liberaret...”
1872 3921 2139 3996 R_iecard_o

548 3992 1176 4066 honorem—principatus
1217 3993 1433 4066 Capue,
1472 3992 1516 4046 si
1547 3993 1858 4066 expulsaret
1905 3992 2140 4046 Landul-

549 4067 685 4122 fum.
724 4063 1666 4138 ProptereaNorﬁmaniconsociati
1701 4071 1825 4117 sunt
1861 4077 2139 4138 cumapo:

547 4138 770 4204 stolico,
825 4132 880 4194 et
922 4139 1107 4193 hostes
1159 4135 1400 4204 Ecclesie
1449 4132 1834 4204 supmiserunt.
1889 4153 1908 4184 ι
1956 4133 2024 4187 Et
2069 4134 2138 4189 ad

547 4203 761 4263 annum
804 4208 946 4262 1072
985 4208 1212 4276 loquens
1254 4205 1329 4276 de
1369 4203 1592 4258 Roberti
1636 4204 2012 4276 progressibus
2081 4204 2137 4276 in

549 4277 735 4334 Sicilia
780 4296 794 4332 :
850 4297 868 4330 ι
899 4273 1193 4333 Viscardus
1221 4315 1236 4340 ,
1285 4275 1398 4336 ait,
1451 4282 1575 4343 post
1618 4273 1835 4344 captam
1879 4273 2135 4328 Panurmi

549 4350 740 4403 urbem
769 4388 785 4412 ,
815 4348 963 4403 dedit
998 4346 1231 4415 Rogerio
1261 4343 1445 4398 comiti
1479 4350 1659 4415 totam
1688 4343 1940 4415 Siciliam
1967 4382 1980 4407 ,
2015 4351 2137 4397 tan-

2252 1753 2656 1808 successoribus
2715 1755 2972 1808 canonice
3028 1753 3351 1807 intrantibus
3394 1754 3710 1811 ﬁdelitatem
3750 1753 3847 1810 de-

2251 1820 2410 1896 ferre,
2440 1831 2886 1896 cateraquequa
2912 1824 3218 1891 conscripta
3247 1824 3572 1896 sunt.A_Regi
3593 1841 3717 1878 vero
3732 1827 3844 1880 lto—

2249 1893 2398 1962 gerio
2428 1893 2611 1947 statim
2638 1893 2836 1948 Sicilia
2868 1909 3092 1962 regnum
3141 1908 3237 1962 per
3289 1893 3548 1949 vexillum
3597 1896 3837 1961 donavit.

2249 1961 2366 2041 ejus
2399 1963 2522 2041 duci
2546 1963 2659 2041 ﬁlio
2701 1963 2955 2018 ducatum
2976 1961 3226 2041 Apuiizn,_
3258 1964 3487 2033 principi
3524 1966 3841 2041 alteri_ﬁlio

2249 2033 2364 2099 ejus
2387 2033 2746 2101 principatum
2771 2048 3072 2102 capuanum
3096 2033 3322 2156 laﬁitus
3362 2043 3464 2088 est.
3502 2057 3521 2087 ι
3597 2036 3844 2104 Diploma

2249 2103 2602 2156 pontiﬁcium.
2651 2103 2794 2156 uuod
2840 2119 2938 2156 suo
2983 2104 3098 2156 loco
3215 2112 3417 2156 eretur.
3460 2107 3552 2156 uni
3602 2106 3842 2156 Roeerio

2248 2103 2602 2170 pontiﬁcium,
2643 2103 2804 2175 quod
2840 2119 2938 2175 suo
2963 2104 3098 2175 loco
3143 2103 3417 2175 adferetur,
3460 2107 3552 2160 uni
3602 2103 3842 2175 Rogerio

2247 2175 2429 2244 omnia
2456 2173 2722 2244 concedit.
2775 2171 2941 2229 Paulo
2958 2173 3095 2244 infra
3121 2174 3260 2227 idem
3283 2173 3445 2228 Falco
3467 2171 3844 2244 narrare'per-

2248 2243 2345 2312 git,
2370 2243 2821 2314 quemadmodum
2877 2262 2895 2294 ι
2932 2245 2984 2298 in
3009 2243 3094 2298 his
3120 2244 3309 2298 diebus
3334 2246 3478 2299 cives
3497 2243 3841 2314 Neapolitani

2247 2321 2511 2384 venerunt
2530 2313 2912 2384 Beneventum,
2934 2322 2989 2367 et
3017 2314 3291 2368 civitatem
3317 2314 3588 2384 Neapolim
3610 2313 3680 2369 ad
3701 2315 3840 2384 ﬁde-

2247 2381 2453 2437 litatem
2486 2383 2688 2453 domini
2723 2383 2866 2453 regis
2908 2384 3181 2438 tradentes
3207 2425 3222 2448 ,
3271 2381 3462 2439 ducem
3511 2386 3682 2440 ﬁlium
3719 2383 3843 2452 ejus

2247 2453 2534 2515 duxerunt,
2567 2462 2621 2508 et
2646 2452 2762 2522 ejus
2789 2452 3032 2509 ﬁdelitati
3056 2454 3192 2509 colla
3230 2455 3574 2516 submittunt.
3616 2477 3634 2508 ι
3680 2455 3844 2512 Hunc

2246 2522 2553 2594 habuerunt
2579 2524 2741 2594 ﬁnem
2768 2524 3105 2594 Neapolitani
3149 2525 3332 2590 duces,
3371 2535 3428 2578 ut
3453 2526 3844 2580 animadvertit

2246 2591 2590 2667 _Pra_tillus_a_d
2611 2593 2823 2667 Chron.
2853 2591 3020 2663 Neap.
3049 2596 3203 2667 (tom.
3237 2595 3516 2667 lil,_p.8(_)).
3543 2596 3635 2667 qui
3667 2595 3844 2650 simul

2247 2663 2460 2719 initium
2488 2663 3105 2719 fuitNorthmannorum
3125 2664 3504 2720 dominationis
3545 2663 3846 2720 ﬁduciario

2239 2733 2379 2802 jure,
2411 2749 2474 2789 ac
2513 2735 2851 2804 prascriptio
2893 2734 2982 2788 illa
3028 2743 3109 2789 tot
3129 2735 3468 2804 saculorum,
3507 2750 3629 2804 qua
3669 2750 3846 2798 anna-

2246 2803 2428 2859 listam
2465 2802 2655 2874 Italum
2698 2802 2857 2860 fateri
2887 2805 3164 2874 compulit,
3207 2806 3273 2859 de
3301 2802 3425 2872 jure
3465 2802 3842 2860 Romanorum

2244 2874 2567 2946 pontiﬁcum
2587 2873 3081 2946 dubitariamplius
3109 2890 3216 2946 non
3239 2889 3418 2944 posse.
3456 2875 3602 2930 Infra
3629 2876 3687 2930 in
3719 2892 3836 2946 seq.

2246 2945 2385 2999 Diss.
2419 2945 2494 3014 (η.
2525 2945 2592 2999 15
2615 2946 2791 3068 seqlg.)
2813 2945 2880 2999 de
2905 2947 3008 3000 hac
3037 2960 3096 3000 re
3116 2945 3332 3027 iterum.

2321 3015 2476 3068 159
2512 3013 2652 3068 XXI.
2739 3031 2809 3068 on
2841 3030 2997 3068 secus
3041 3024 3317 3068 sensrsset.

2739 3031 2809 3070 on
2841 3030 2997 3070 secus
3041 3016 3317 3078 sensisset,
3374 3025 3435 3070 ut
3462 3017 3715 3081 arbitror,
3765 3016 3839 3070 de

2246 3087 2469 3156 antiquo
2488 3085 2612 3154 jure
2649 3085 2694 3138 si
2719 3086 2934 3154 penitus
2970 3086 3098 3140 illud
3115 3086 3480 3156 expendisset.
3504 3086 3574 3140 At
3601 3087 3840 3142 breviter

2244 3155 2521 3226 videamus
2534 3170 2654 3226 qua
2668 3164 2874 3226 restant
2895 3157 2960 3210 de
2975 3155 3263 3210 Ottoniano
3277 3155 3590 3226 diplomate.
3617 3157 3840 3226 Septem

2245 3225 2494 3296 civitates
2515 3225 2778 3295 elargitur
2800 3242 2894 3296 pro
2929 3228 3120 3280 anima:
3150 3225 3345 3280 nostra?
3371 3227 3604 3280 remedio
3637 3225 3834 3282 nostri—

2241 3311 2341 3418 gue
2364 3295 2462 3364 ﬁlii
2485 3305 2533 3350 et
2555 3295 2851 3376 nostrorum
2871 3296 3442 3366 parentumdeproprio
3459 3307 3638 3376 nosiro
3657 3314 3834 3378 regno.

2286 3365 2594 3418 noletanum
2621 3379 2817 3418 numne
2845 3367 3098 3418 ducatum
3122 3367 3190 3418 ad
3217 3380 3530 3418 supremum
3560 3381 3644 3418 Ius
3672 3381 3834 3418 imbe-

2286 3365 2594 3434 poletanum
2621 3365 2817 3437 quippe
2845 3364 3098 3420 ducatum
3122 3367 3191 3437 ad
3217 3364 3530 3437 supremum
3553 3364 3644 3433 jus
3672 3364 3840 3437 impe-

2243 3443 2483 3490 ratorum
2506 3435 2794 3503 pertinere,
2840 3437 3144 3503 apostolica
3164 3435 3287 3490 licet
3316 3435 3463 3490 sedis
3489 3447 3636 3490 esset
3665 3435 3838 3492 domi.

2242 3505 2389 3560 nium
2417 3505 2547 3558 utile
2600 3505 2668 3558 ab
2704 3520 2820 3560 avo
2848 3505 3024 3560 Caroli
3055 3505 3230 3575 Magni
3268 3505 3412 3575 regis
3434 3547 3451 3570 ,
3499 3508 3838 3562 eruditorum

2243 3576 2381 3629 fallit
2417 3575 2638 3629 omnino
2668 3575 2960 3629 neminem.
3013 3575 3192 3641 Quare
3217 3583 3396 3629 autem
3421 3576 3586 3644 paulo
3602 3577 3744 3631 infra
3769 3593 3834 3631 ex

2242 3645 2609 3718 Ludoviciano
2638 3645 2947 3718 retegantur
2975 3647 3042 3718 ad
3063 3647 3286 3700 verbum
3299 3660 3642 3718 quacunque
3678 3663 3837 3716 spon-

2242 3723 2399 3768 tanea
2431 3715 2719 3770 donatione
2743 3715 2971 3770 Carolus
2992 3716 3059 3770 de
3087 3729 3255 3770 censu
3287 3724 3343 3770 et
3390 3715 3656 3784 pensione
3694 3715 3836 3771 illius

2241 3784 2467 3839 ducatus
2496 3785 2792 3849 constituit,
2834 3799 3084 3854 suprema
3123 3785 3490 3840 dominatione
3516 3787 3621 3841 sibi
3663 3802 3839 3841 reser-

2239 3862 2362 3908 vata
2392 3863 2502 3909 tam
2528 3855 2582 3909 in
2605 3870 2691 3919 eo,
2725 3870 2886 3924 quam
2919 3855 2972 3908 in
3004 3854 3214 3910 Tuscia
3242 3857 3462 3918 ducatu,
3503 3855 3725 3912 difﬁcile
3748 3872 3836 3910 as-

2240 3925 2535 3994 sequimur,
2579 3925 2683 3994 nisi
2706 3925 3050 3979 donationem
3078 3925 3236 3979 istam
3274 3924 3488 3980 Ottonis
3508 3927 3836 3982 liberalitate

2240 3993 2438 4050 factam
2465 3996 2534 4050 ab
2568 3993 2686 4063 ejus
2722 3995 3048 4049 cancellario
3074 3995 3334 4050 insertam
3367 4003 3609 4064 putemus
3645 3996 3830 4062 diplo—

2239 4065 2387 4128 mati,
2414 4067 2557 4134 quod
2580 4064 2848 4135 scriniarii
2873 4065 2940 4118 de
2961 4079 3111 4135 more
3135 4063 3478 4135 digesserant,
3498 4063 3832 4135 illiuspror-

2239 4148 2332 4188 sus
2379 4129 2553 4189 inscii.
2604 4133 2792 4189 .Certe
2822 4142 3027 4204 septem
3059 4133 3178 4189 illas
3193 4129 3449 4190 'civitates
3488 4129 3724 4204 Otto_ita
3766 4147 3836 4188 se

2239 4205 2441 4259 donare
2487 4203 2770 4274 proﬁtetur
2815 4201 2909 4274 pro
2941 4204 3133 4258 animo:
3158 4203 3599 4274 remedio,rquod
3619 4201 3837 4274 iterum

2237 4283 2412 4344 urget,
2456 4273 2516 4328 ut
2547 4274 2774 4328 Romani
2798 4275 3079 4342 pontilices
3101 4284 3364 4344 perpetuo
3390 4273 3505 4329 illas
3524 4273 3834 4338 detineant,

2238 4344 2294 4398 in
2312 4343 2412 4398 suo
2426 4345 2571 4413 jure,
2619 4344 2915 4414 principatu
2945 4353 3100 4414 atque
3126 4343 3344 4398 ditione.
3403 4345 3461 4399 ld
3489 4359 3620 4399 vero
3647 4354 3838 4413 aperte

549 4409 826 4472 tummodo
889 4409 1174 4472 reservans
1221 4415 1323 4468 sibi
1371 4414 1635 4482 prefatam
1691 4414 1966 4468 civitatem
2011 4428 2136 4467 cum
2164 4409 2441 4484 Dpugnai
2499 4409 2628 4468 cum
2675 4409 2914 4480 subjecta
2961 4409 3050 4466 illa
3095 4414 3432 4469 conditione:
3482 4414 3630 4469 salva
3676 4409 3738 4468 su
3803 4430 3836 4467 r

552 4494 736 4538 castro
758 4501 877 4538 suo.
899 4494 953 4538 et
976 4485 1294 4538 Messanem.
1328 4505 1345 4536 ι
1374 4482 1645 4538 Ouidnuid
1675 4483 1952 4538 alteruter.
1982 4491 2136 4537 extra
2238 4484 2443 4538 eosdem
2471 4483 2693 4537 ducatus
2721 4492 2899 4538 nostra
2947 4485 3003 4538 in
3028 4483 3265 4537 omnibus
3302 4485 3684 4538 dominatione.
3739 4431 3836 4538 fd-

552 4494 736 4541 castro
758 4501 877 4552 suo,
899 4494 953 4542 et
976 4485 1294 4541 Messanem.
1328 4505 1345 4536 ι
1374 4482 1645 4553 Quidquid
1675 4483 1952 4545 alteruter,
1982 4491 2136 4537 extra

549 4571 836 4611 concessas
862 4557 964 4613 sibi
997 4567 1190 4620 terras,
1219 4555 1612 4622 acquisivisset,
1634 4554 1840 4608 invasio
1865 4559 2002 4608 erat.
2030 4553 2139 4608 Nec

550 4625 658 4697 alio
687 4627 920 4697 nomine
946 4625 1240 4697 Gregorius
1269 4625 1492 4697 Roberti
1526 4625 1910 4697 acquisitiones
1957 4622 2140 4697 appel-

551 4695 647 4750 lat.
684 4695 742 4750 ln
780 4697 969 4752 eodem
1006 4694 1260 4751 Chronico
1282 4696 1623 4750 adducuntur
1645 4710 1823 4750 causa
1845 4694 2139 4749 invasionis

549 4765 880 4834 Campania,
923 4782 1065 4822 anno
1105 4765 1262 4820 1075.
1309 4789 1328 4817 ι
1365 4766 1696 4821 Vischardus
1721 4765 1821 4819 sub
1845 4771 2092 4834 pretextu
2118 4804 2133 4826 ,

549 4782 681 4823 ham
723 4783 880 4833 ama,
923 4782 1065 4822 anno
1105 4782 1262 4820 una.
1309 4789 1328 4817 ι
1375 4782 1696 4821 uscnaruus
1721 4782 1821 4819 sun
1845 4782 2092 4834 pretexul
2118 4804 2133 4826 ,

549 4782 990 4907 quofGesull‘us
1035 4843 1298 4908 cognatus
1325 4851 1456 4892 suus
1483 4835 1885 4908 fecisset_il_lum
1911 4835 2140 4888 anathe-

551 4905 815 4980 matizare
839 4927 868 4965 a
891 4925 1029 4980 papa
1061 4905 1409 4978 Gregorium,
1450 4907 1660 4976 opsedit
1695 4905 1982 4980 Salernum
2013 4912 2138 4974 post

549 4975 638 5050 gl.
666 4973 978 5050 Aprilis,'et'
998 4987 1119 5050 pos;
1141 4973 1345 5050 septem
1370 4973 1586 5050 men—ses
1598 4973 1875 5050 summisit
1896 4973 2089 5050 eam...‘
2096 5015 2132 5050 τ.

551 5045 882 5132 Vischardus
923 5045 1048 5121 post
1073 5045 1239 5173 ζει
1272 5045 2138 5130 captam.Salen}um,.apprendit

551 5127 720 5173 etiam
741 5118 995 5173 Malﬁam.
1026 5139 1045 5172 ι
1115 5119 1378 5173 vnchront
1412 5117 1574 5173 huius
1602 5123 1884 5173 scriptoris
1903 5123 2138 5171 auctori-

549 5120 720 5176 etiam
741 5115 995 5175 Malﬁafn.
1026 5139 1045 5172 ι
1068 5115 1378 5189 Sync—moui
1412 5117 1574 5189 hujus
1602 5115 1884 5189 scriptoris
1903 5117 2139 5189 auctori-

550 5190 652 5246 tati
705 5190 751 5246 si
796 5189 1020 5259 adjicias
1058 5186 1366 5258 juramenta
1411 5186 1686 5242 ﬁdelitatis
1711 5200 1893 5259 nuper
1931 5186 2089 5240 allata
2119 5227 2134 5252 ,

552 5255 1280 5330 pontiﬁcia'dominationis
1331 5259 1385 5313 in
1425 5265 1655 5330 utraque
1704 5255 1897 5330 Sicilia
1929 5264 2135 5311 certam

553 5327 812 5401 epochem
841 5339 990 5386 tenes
1016 5371 1029 5394 ,
1067 5329 1334 5401 simulque
1363 5327 1616 5398 intelligis
1640 5369 1654 5394 ,
1682 5327 1847 5380 trium
1863 5327 2138 5401 _Augusto—

552 5396 674 5456 tum
715 5400 1008 5472 diplomata
1028 5400 1115 5472 nil
1145 5396 1290 5472 aliud
1323 5413 1441 5472 esse
1466 5396 1980 5472 ,quam‘pracl‘ara'
2022 5413 2138 5452 mo-

554 5467 814 5526 numenta
835 5469 1040 5539 antiqui
1056 5469 1215 5537 juris,
1239 5471 1382 5538 quod
1405 5469 1504 5539 ipsi
1534 5467 1815 5539 pontiﬁces
1839 5467 2014 5520 aliena
2035 5482 2138 5538 ope

555 5539 776 5620 sibimet
786 5541 1016 5620 suisque
1045 5541 1449 5620 successoribus
1469 5540 1827 5620 vindicarunt.

625 5607 747 5662 XX.
785 5610 864 5663 De
891 5607 1109 5678 civitate
1135 5617 1340 5664 tantum
1364 5609 1713 5678 Neapolitana
1744 5623 1864 5664 cum
1887 5608 2136 5666 omnibus

558 5673 630 5732 ad
648 5688 772 5730 eam
791 5677 1207 5745 pertinentibus,
1251 5679 1317 5734 de
1341 5694 1444 5745 qua
1477 5673 1694 5736 Ottonis
1714 5688 1770 5736 et
1799 5678 2016 5735 Henrici
2049 5681 2134 5736 di-

2238 4483 2443 4538 eosdem
2471 4483 2693 4537 ducatus
2721 4492 2899 4538 nostra
2947 4485 3003 4538 in
3028 4483 3265 4537 omnibus
3302 4485 3684 4538 dominatione.

2239 4554 2386 4609 circo
2415 4569 2523 4608 non
2562 4554 2740 4607 minus
2763 4553 2970 4608 inertia
3014 4553 3469 4623 deprehendimus
3516 4553 3698 4609 ferreo
3742 4554 3837 4609 illo

2239 4625 2436 4678 saculo
2458 4624 2512 4678 in
2552 4624 2852 4678 scriniariis
2881 4633 3081 4678 sancta
3125 4625 3287 4688 sedis,
3339 4640 3505 4693 quam
3537 4625 3594 4678 in
3621 4624 3834 4679 Ottonis

2238 4694 2577 4748 cancellaria.
2623 4693 2935 4760 Hujusmodi
2956 4702 3136 4749 autem
3159 4695 3512 4763 repugnantia
3533 4711 3660 4748 cum
3689 4695 3829 4758 aliis,

2238 4779 2356 4832 qua
2387 4779 2548 4833 supra
2566 4763 2818 4834 vidimus,
2856 4765 3030 4834 magis
3055 4763 3335 4834 magisque
3348 4765 3708 4832 comprobant
3728 4767 3838 4819 sin-

2239 4834 2518 4889 ceritatem
2568 4833 2893 4902 diplomatis,
2931 4833 3083 4903 cujus
3132 4833 3525 4889 nisi’exstaret
3572 4846 3833 4904 autogra-

2235 4905 2420 4974 phum,
2466 4903 2627 4959 factio
2673 4904 2787 4973 ipsa
2837 4905 3069 4959 indolem
3117 4907 3519 4973 comprobaret.
3599 4905 3666 4958 Et
3702 4903 3838 4959 vero

2238 4973 2505 5030 scriniarii
2549 4991 2615 5029 ex
2643 4975 2783 5029 libro
2840 4973 3132 5043 pontiﬁcali
3179 4974 3512 5030 transferunt
3548 4973 3840 5043 Spoletani

2239 5046 2464 5100 ducatus
2484 5045 2828 5100 donationem
2856 5046 3139 5115 integram,
3165 5059 3285 5113 qua
3303 5053 3452 5100 certa
3479 5054 3586 5107 est,
3615 5045 3838 5100 tametsi

2237 5116 2546 5171 conditione
2567 5123 2719 5170 vacet
2745 5116 2982 5185 supremi
3006 5115 3315 5170 dominatus
3342 5116 3480 5185 apud
3510 5115 3837 5183 largitorem

2237 5185 2488 5241 Carolum
2526 5187 2888 5250 remanentis;
2928 5184 3120 5239 deinde
3159 5186 3210 5238 in
3235 5184 3610 5240 Ludoviciano
3660 5185 3840 5254 diplo-

2238 5265 2380 5310 mate
2409 5257 2734 5326 ipsissimam
2789 5255 2934 5310 illam
2967 5256 3312 5326 donationem
3342 5255 3466 5310 aliis
3509 5271 3838 5323 expressam

2237 5327 2436 5390 verbis,
2450 5343 2572 5381 cum
2587 5326 2837 5394 pradicta
2851 5325 3156 5380 conditione
3175 5325 3529 5388 oll'endentes,
3555 5327 3721 5380 aliam
3734 5341 3831 5393 pn-

2240 5405 2401 5450 tanta
2423 5398 2592 5466 priori
2617 5397 2707 5449 illa
2737 5395 2856 5449 libri
2880 5394 3238 5466 Pontiﬁcalis;
3271 5411 3442 5464 quare
3467 5411 3590 5450 eam
3615 5409 3838 5466 quoque

2239 5464 2521 5522 recensent
2538 5468 2605 5521 ab
2630 5466 2826 5520 Ottonc
2851 5464 3271 5520 conﬁrmandam
3297 5483 3312 5530 ;
3355 5466 3593 5534 denique
3618 5465 3830 5519 cancel-

2239 5537 2403 5592 larius
2433 5537 2646 5592 Ottonis
2670 5545 3018 5606 spontaneam
3037 5535 3236 5590 domini
3261 5537 3342 5589 sui
3366 5536 3717 5606 donationem
3740 5535 3829 5588 in-

2239 5609 2390 5672 serit,
2431 5608 2639 5662 duabus
2686 5605 2806 5660 aliis
2830 5606 3061 5667 intactis,
3113 5620 3420 5674 quanquam
3460 5608 3616 5674 prior
3646 5605 3733 5658 illa
3759 5620 3834 5659 ex

2239 5678 2376 5733 libro
2433 5676 2728 5744 pontiﬁcali
2765 5677 3046 5742 desumpta
3091 5675 3390 5741 abiicienda
3435 5685 3605 5742 esset,
3656 5675 3836 5730 altera

3989 2419 3991 2444 |

3989 2971 3991 3005 l
