4030 6166
527 272 628 324 607

1403 263 1461 320 Β.
1500 263 1750 320 CAROLI
1788 261 2002 316 MAGNI
2039 259 2188 317 OPP.
2229 259 2407 315 PARS
2443 258 2483 312 1.
2524 255 2765 313 SECTIO
2802 251 2888 311 ῐΙῐ.

3678 253 3802 329 θαι.

525 386 744 454 mulque
765 392 819 454 et
843 380 1160 454 patrimonia
1190 396 1288 449 pro
1321 377 1554 433 remedio
1596 375 1772 430 anime
1802 384 2004 436 nostre,
2043 381 2097 427 et
2123 374 2174 432 Α
2199 369 2628 454 successouibus‘.
2651 366 2886 454 nostris_
2906 378 3018 454 per
3036 362 3795 454 guﬂodlibgtuargunteritum,

527 455 618 510 ﬁlii
643 453 831 517 nostri,
855 453 967 505 sive
988 459 1268 519 parentum
1293 456 1620 510 nostrorum,
1641 462 1703 499 ac
1726 459 2096 499 succeSsorum

524 533 850 583 nostrorum,
880 531 934 575 et
966 537 1065 589 pro
1099 529 1294 575 cuncto
1336 535 1366 572 a
1407 519 1518 589 Deo
1559 524 1895 589 conservato,
1941 523 2100 589 atque

522 593 888 649 conservando
913 583 1242 644 Francorum
1269 588 1459 660 populo
1485 601 1534 651 ιι,
1557 585 1668 660 jam
1705 585 1846 660 dicte
1874 583 2100 660 ecclesie

526 664 789 734 tueibeate
807 661 967 734 Petre
996 661 1235 734 apostole
1263 654 1316 734 et
1337 654 1455 734 ’ρει--
1479 666 1530 711 te
1561 655 1762 710 vicario
1796 654 2102 734 tuo.,._spirif

523 732 656 787 tuali
679 731 822 800 patri
845 725 1238 785 nostro—denuo
1267 725 1459 783 Joanni
1499 741 1709 800 summo
1749 725 2009 800 pontiﬁci,
2048 730 2104 776 et

526 793 811 857 universali
832 816 987 872 pape,
1010 799 1232 872 ejusque
1254 798 1654 872 successoribus
1674 810 1843 872 usque
1867 795 1920 847 in
1934 793 2103 872 ﬁnem

524 872 687 927 seculi
711 886 776 925 eo
798 865 954 925 modo
977 865 1378 933 conﬁrmamus,
1403 876 1462 922 ιιι
1480 869 1534 920 in
1555 881 1652 920 suo
1673 865 2101 930 detineantjure,

523 942 846 1011 principatu,
887 950 1050 1011 atque
1083 940 1286 994 ditione
1321 940 1369 992 δ.

553 1041 559 1045 -
597 1003 771 1084 Simili
810 1003 980 1084 modo'
1006 1025 1109 1084 per
1146 1011 1252 1063 hoc
1287 1018 1484 1084 nostre_
1509 1003 1856 1084 delegationis
1887 1011 2105 1084 pactum

525 1079 908 1136 conﬁrmamus
933 1074 1249 1133 donationes
1275 1093 1411 1146 quas
1437 1076 1522 1144 pie
1551 1074 1955 1146 recordationis
1975 1074 2107 1146 don-

525 1167 626 1204 nus
652 1151 875 1218 Pipinus
899 1147 1199 1219 [Pippinus]
1232 1143 1347 1210 rex,
1363 1143 1631 1219 _etpostea
1650 1145 1892 1219 _do_nnus_
1916 1143 2108 1196 Karlus

527 1214 965 1274 excellentissimi
988 1214 1343 1287 imperatores
1363 1214 1864 1287 [excellentissimus
1881 1214 2110 1287 impera-

532 1287 638 1358 tor]
671 1301 701 1358 ον
721 1289 880 1343 beato
917 1288 978 1340 P.
1011 1284 1217 1358 [Petro]
1248 1284 1490 1356 apostolo
1516 1293 1808 1358 spontanea
1833 1284 2110 1337 voluntate

531 1353 911 1414 contulerunt:
936 1353 1143 1412 necnon
1180 1353 1234 1411 et
1276 1353 1516 1420 censum,
1549 1353 1632 1407 vel
1653 1353 1986 1421 pensionem,
2014 1367 2108 1404 seu

531 1437 741 1502 ceteras
772 1427 1034 1502 dationes,
1065 1443 1192 1502 Aque
1232 1427 1513 1502 annuatim
1558 1425 1611 1477 in
1650 1423 1936 1502 _palatiuin‘
1968 1421 2112 1502 regis

530 1497 1017 1568 Longobardorutu
1063 1491 1245 1568 inferri
1291 1497 1563 1568 solebant,
1619 1495 1732 1546 sive
1781 1493 1846 1568 d_e
1884 1491 2108 1568 _Tu_scia,

532 1562 958 1623 sive'dc'ducatu
985 1566 1280 1634 Spolitano,
1306 1567 1443 1621 sicut
1469 1567 1521 1618 in
1550 1562 2114 1634 suprascriptisdona-

531 1639 768 1693 tionibus
797 1631 1124 1701 continetur,
1153 1646 1208 1692 et
1238 1637 1378 1691 inter
1407 1645 1590 1690 sancte
1629 1633 1886 1701 memorie
1924 1631 2115 1684 Adria-

531 1725 660 1763 num
673 1723 884 1778 papam,
905 1717 958 1760 et
971 1708 1205 1761 donnum
1223 1707 1437 1778 Carhun
1457 1700 1724 1778 [Karlutn]
1739 1702 2115 1778 imperatorem

532 1771 800 1840 convenit,
826 1778 1038 1847 quando
1064 1778 1202 1831 idem
1216 1771 1640 1847 pontifex'eidem
1660 1771 1724 1824 de
1739 1771 2118 1847 suprascriptis

533 1843 918 1912 ducatibusﬂd
949 1857 1030 1900 est
1061 1843 1325 1911 Tuscano,
1373 1855 1427 1900 et
1471 1845 1768 1914 Spolitano,
1820 1843 1970 1913 161
2023 1855 2118 1914 sue

532 1919 867 1973 auctoritatis
887 1927 1194 1986 preceptum
1216 1913 1552 1972 conﬁrmavit
1579 1933 1590 1968 :
1614 1930 1680 1986 eo
1710 1913 1914 1968 scilicet
1937 1913 2115 1986 modo,

533 1997 593 2042 ut
619 1990 772 2042 annis
802 1982 1022 2057 singulis
1046 1982 1321 2056 prodictus
1342 2001 1545 2057 census
1562 1985 1640 2057 ad
1654 1993 1863 2056 partem
1889 1982 2118 2036 ecclesie

531 2059 674 2113 beati
715 2059 857 2114 Petri
893 2055 1119 2126 apostOIi
1155 2057 1492 2126 persolvatur
1524 2055 1572 2109 ά.
1611 2055 1767 2126 salva
1805 2069 1966 2122 super
2000 2066 2121 2106 eos-

534 2129 654 2184 dem
703 2125 941 2183 ducatus
983 2125 1165 2182 nostra
1219 2127 1273 2180 in
1330 2126 1580 2180 omnibus
1628 2125 2020 2184 dominatione,
2066 2131 2121 2177 et

535 2198 748 2253 illorum
781 2200 848 2252 ad
881 2206 1120 2251 nostram
1157 2205 1362 2266 partem
1401 2211 1498 2264 per
1547 2197 1648 2252 hoc
1697 2203 1882 2250 nostre
1925 2192 2121 2247 conﬁr-

534 2268 788 2323 mationis
818 2278 872 2321 et
908 2267 1000 2320 ﬁlii
1037 2265 1207 2321 nostri
1243 2265 1574 2333 subjectione
1613 2279 1635 2305 θ

605 2338 877 2401 Ceterum,
905 2339 1040 2391 sicut
1069 2338 1323 2400 diximus,
1342 2332 1526 2391 omnia
1569 2337 1816 2405 superius
1847 2332 2122 2405 nominata

535 2410 609 2464 ita
635 2410 702 2464 ad
724 2416 960 2463 vestram
991 2419 1202 2476 partem
1228 2423 1325 2477 per
1351 2409 1455 2460 hoc
1481 2402 1665 2460 nostrc
1693 2402 2122 2477 conﬁrmationis

536 2489 752 2548 pactum
800 2471 1138 2540 roborainus,
1181 2471 1246 2531 ut
1285 2479 1338 2531 in
1371 2484 1548 2530 vestro
1587 2481 1940 2548 permaneant
1978 2471 2119 2540 jure,

507 2557 510 2559 λ
533 2545 858 2620 principatu,
889 2555 1048 2618 atque
1075 2548 1308 2612 ditione;
1335 2555 1389 2600 et
1411 2561 1587 2615 neque
1621 2561 1652 2598 a
1675 2545 1850 2610 nobis,
1894 2558 2066 2612 neque
2090 2557 2122 2596 a

610 2689 636 2717 ι
687 2674 850 2730 Notat
886 2674 1186 2745 Du-Cang.
1221 2675 1293 2745 Ain
1329 2674 1504 2730 Gloss.
1550 2675 1883 2729 Francorum
1925 2688 2124 2728 nomen

538 2745 648 2800 late
669 2747 925 2814 patuisse,
946 2745 1018 2798 ita
1038 2754 1095 2798 ut
1114 2743 1181 2799 a'd
1203 2743 1498 2800 Germanos
1520 2746 1682 2800 etiam
1705 2745 2119 2799 extenderetur:

538 2829 660 2886 qua:
675 2813 767 2869 res
791 2813 919 2869 nulli
939 2815 1272 2886 eruditorum
1296 2817 1494 2885 ignota,
1521 2831 1642 2871 cum
1656 2815 1877 2870 Carolus
1900 2814 2122 2886 Magnus

539 2885 765 2954 ejusque
804 2899 1143 2940 successores
1183 2885 1512 2939 Francorum
1556 2887 1927 2940 monarchiam
1970 2900 2124 2954 rege-

535 2957 689 3010 bant.
731 2955 856 3010 Otto
895 2957 1006 3024 ipse
1035 2964 1316 3025 susceptus
1341 2967 1459 3011 erat
1485 2958 1552 3010 ab
1575 2957 1808 3011 Henrico
1829 2955 2012 3010 Germ.
2040 2971 2124 3010 re-

535 3040 600 3098 ge
622 3026 1163 3098 egblatbildeuxore
1189 3041 1284 3098 sua
1321 3026 1574 3081 Ludovici
1604 3026 1763 3098 Balbi
1787 3026 1897 3098 ﬁlia
1924 3034 2124 3098 u_t_tra-_

537 3094 614 3150 dit
639 3096 788 3150 Will.
819 3094 1057 3165 Nangius
1085 3097 1137 3150 in
1175 3097 1364 3150 chron.
1405 3113 1574 3165 quare
1609 3094 1676 3160 ex
1725 3094 1902 3149 Caroli
1951 3095 2126 3165 Magni

537 3167 704 3236 glirpe
739 3166 863 3236 licet
916 3164 1167 3227 feminea,
1223 3174 1340 3220 erat
1381 3164 1715 3236 progenitus.
1767 3164 2128 3220 Nihilominus

535 3235 729 3290 Franci
755 3253 788 3289 a
809 3234 1091 3290 Germanis
1111 3234 1578 3306 distinguebantur
1590 3237 1652 3306 id
1676 3236 1955 3303 temporis.
1986 3237 2128 3300 Qua-

536 3321 597 3361 ne
635 3306 826 3360 melius
863 3306 918 3360 in
959 3304 1301 3360 Henriciano'
1330 3306 1522 3375 legitur
1572 3304 2009 3360 Christianorum.
2060 3306 2130 3359 At

538 3375 726 3433 Romae
745 3376 956 3432 Ottonis
978 3387 1220 3433 tempore
1248 3385 1363 3431 tum
1387 3375 1637 3431 Carolina
1670 3385 1804 3431 aetas
1838 3376 2128 3430 instaurari

538 3446 880 3516 credebatur,
910 3454 1028 3516 tum
1075 3445 1496 3502 Ludovicianum
1541 3445 1778 3515 diploma
1819 3447 2130 3516 chartaeque

539 3516 658 3570 alia:
675 3515 752 3569 nil
778 3517 883 3570 nisi
908 3515 1242 3572 Francorum
1266 3518 1642 3571 liberalitatem
1670 3515 2123 3584 prmsel'erebant:

539 3599 708 3653 quare
733 3586 977 3654 precatio
999 3585 1108 3647 illa,
1135 3602 1255 3654 qua:
1276 3587 1478 3654 passim
1503 3587 1697 3654 legitur
1722 3587 1777 3639 in
1800 3586 2012 3640 Codicis
2033 3584 2130 3640 Ca-

542 3653 986 3778 roilli‘nli).tt;pistolis
1025 3669 1125 3723 pro
1148 3653 1482 3710 Francorum
1523 3653 1739 3725 populo,
1781 3655 1871 3708 hic
1917 3655 2130 3710 videtur

542 3739 572 3778 a
652 3740 668 3776 ι
710 3739 723 3774 ι
787 3762 801 3775 .

540 3731 801 3778 adhibita.

542 3864 575 3919 ὁ
611 3791 922 3918 ξιῌοιειηᾶει
951 3793 1209 3859 clausula,
1241 3795 1306 3850 de
1335 3809 1439 3864 qua
1469 3795 1580 3850 dixi
1606 3794 1662 3849 in
1693 3795 1906 3851 dissert.
1934 3809 2130 3865 praece-

577 3880 607 3918 e
676 3881 710 3916 ι.

577 3871 710 3918 enti.

612 3946 633 3972 ε
663 3933 791 4006 Hoc
838 3933 956 3990 loco
995 3933 1249 4004 Pippinus
1275 3935 1418 3990 inter
1442 3935 1712 4006 Augustos
1738 3953 1847 3991 non
1885 3950 2131 3991 recense-

539 4014 628 4061 tur
657 4005 710 4059 in
742 4006 1100 4076 autographo,
1140 4005 1233 4060 sed
1281 4021 1413 4061 suus
1453 4007 1670 4076 utrique
1720 4006 1908 4061 titulus
1949 4014 2131 4062 certus

540 4075 813 4147 tribuitur,
835 4074 1106 4147 _Ludovici
1138 4076 1336 4147 verbis,
1381 4077 1524 4146 quod
1563 4074 1724 4147 supra
1771 4079 1973 4132 factum
2021 4093 2130 4132 non

539 4147 714 4218 fuerat
745 4145 870 4218 (col.
899 4146 1018 4209 605,
1055 4144 1270 4218 ηομ-γε).

607 4215 636 4255 d
663 4215 816 4282 Quod
845 4231 988 4285 saepe
1026 4225 1110 4269 est
1147 4215 1352 4272 dictum
1399 4232 1581 4288 supra,
1639 4219 1713 4273 nil
1758 4219 1948 4273 melius
1983 4233 2130 4274 com-

537 4288 749 4359 probat,
797 4302 962 4359 tham
1000 4294 1325 4359 spontaneas
1368 4288 1510 4359 inter
1557 4289 1872 4343 donationes
1925 4288 2127 4354 Caroli,

539 4357 832 4412 ducatuum
855 4357 1172 4427 Tuscaniuet
1199 4357 1478 4425 Spoletani
1525 4360 1850 4413 tributorum
1875 4375 1970 4414 seu
1999 4373 2132 4427 pen-

2199 442 2312 495 sive
2340 437 2812 499 machinationem,
2838 435 2894 488 in
2919 448 3258 503 quacumque
3285 443 3440 502 parte
3479 441 3666 492 vestra

2199 518 2367 586 testas
2389 507 2766 586 imminuatur,
2795 512 2887 558 aut
2913 501 3097 586 a_[.au.t
3121 501 3220 586 da]
3242 501 3409 586 _vobis
3428 503 3557 560 inde
3585 501 3804 586 aliquid

2201 578 2576 639 subtrahatur,
2628 578 2694 630 de
2738 574 3117 642 suprascriptis
3167 574 3417 628 videlicet
3468 575 3799 641 provinciis,

2201 649 2443 710 urbibus,
2477 647 2804 707 civitatibus,
2837 644 3067 713 oppidis,
3092 644 3302 707 castris,
3335 643 3551 708 viculis,
3578 645 3796 712 insulis,

2201 717 2518 779 territoriis,
2554 724 2712 784 atque
2756 714 3122 782 patrimoniis;
3180 728 3389 768 necnon
3434 721 3490 768 et
3509 715 3804 784 pensioni-

2201 790 2321 852 bus,
2357 795 2520 856 atque
2553 783 2833 856 censibus;
2871 785 2944 837 ita
2981 793 3054 856 ut_
3082 798 3258 852 neque
3282 799 3381 856 nos
3406 797 3472 856 ea
3495 783 3697 838 facturi
3727 788 3804 840 si-

2203 874 2342 920 mus,
2373 853 2545 922 neque
2569 855 2897 922 quibuslibet
2927 869 2990 909 ea
3030 853 3212 922 facere
3236 853 3542 908 volentibus
3569 870 3806 910 consen-

2204 929 2418 981 tiamus.
2454 923 2548 980 Set
2585 923 2760 996 [Sed]
2791 924 2966 996 potius
2990 923 3170 996 omnia
3200 939 3314 996 que
3334 925 3584 996 superius
3612 925 3807 996 legun-

2205 1006 2312 1057 tur,
2359 997 2410 1050 id
2454 1005 2538 1050 est
2575 993 2868 1062 provinde,
2921 993 3195 1064 civitates,
3236 994 3418 1056 urbes,
3458 993 3691 1064 oppida;
3716 1012 3809 1050 ca-

2206 1067 2395 1130 stella,
2446 1065 2752 1128 territoria,
2805 1072 2860 1118 et
2914 1063 3267 1132 patrimonia,
3326 1063 3507 1131 atque
3535 1064 3801 1118 insulan

2209 1135 2435 1208 [insulae
2448 1134 2487 1208 ],
2512 1143 2954 1208 _cen_susque,_et
2977 1134 3261 1201 pensiones
3288 1133 3356 1208 ad
3387 1142 3600 1208 partem
3630 1135 3808 1188 eccle-

2208 1202 2286 1260 sie
2334 1202 2476 1260 beati
2512 1205 2654 1259 Petri
2681 1203 2929 1272 apostoli,
2971 1212 3133 1272 atque
3154 1202 3468 1270 pontiﬁcum
3525 1204 3578 1256 in
3622 1219 3807 1258 sacra-

2209 1277 2416 1330 tissima
2456 1275 2581 1328 sede
2611 1274 2752 1328 illius
2798 1274 2954 1344 162
2995 1273 3347 1327 residentium
3391 1288 3511 1336 nos,
3547 1273 3603 1326 in
3633 1288 3805 1342 quan-

2211 1355 2324 1401 tum
2379 1359 2682 1414 possumus,
2733 1343 3046 1414 defensores
3081 1357 3200 1398 esse
3252 1350 3518 1414 testamur
3550 1361 3564 1395 :
3597 1345 3667 1396 ad
3700 1345 3804 1399 hoc

2210 1426 2270 1470 ut
2293 1433 2354 1471 ea
2380 1411 2434 1468 in
2471 1415 2611 1468 illius
2641 1414 2841 1468 ditione
2882 1413 2948 1467 ad
2973 1414 3263 1476 utendum,
3296 1421 3351 1466 et
3375 1411 3690 1478 fruendum,
3722 1424 3806 1468 at.

2212 1503 2315 1556 que
2341 1485 2728 1556 disponendum
2751 1483 2979 1537 ﬁrmiter
3005 1482 3220 1536 valeant
3241 1483 3498 1556 optineri.

2286 1552 2446 1609 Salva
2482 1555 2535 1608 in
2564 1555 2812 1609 omnibus
2840 1560 3107 1622 potestate
3134 1561 3340 1615 nostra,
3384 1552 3454 1606 et'
3479 1552 3597 1617 ﬁlii,
3624 1562 3808 1621 poste-

2215 1640 2508 1694 rorumque
2535 1631 2862 1688 nostrorum,
2898 1625 2926 1694 γε
2957 1622 3251 1694 secundum
3270 1622 3515 1694 _quodi'rin
3540 1634 3719 1691 pacto,
3751 1634 3808 1680 et

2147 1705 2196 1765 Β
2223 1691 2606 1750 constitutione
2646 1709 2710 1747 ac
2736 1693 3110 1765 promissionis
3141 1691 3397 1765 firmitate
3423 1693 3652 1765 Eugenii
3677 1710 3810 1765 poni-

2225 1766 2403 1829 tiﬁcis,
2432 1778 2908 1836 successorumque
2933 1763 3078 1836 illius
3092 1763 3403 1836 continetur
3422 1778 3438 1815 :
3456 1764 3593 1836 idest
3614 1762 3804 1836 [idem]

2220 1846 2280 1890 ut
2301 1836 2477 1889 omnis
2517 1834 2708 1894 clerus,
2741 1843 2796 1888 et
2822 1833 3058 1886 universi
3084 1833 3264 1902 populi
3293 1832 3528 1886 Romani
3559 1832 3808 1890 nobilitas

2187 1933 2192 1937 -
2217 1914 2438 1975 propter
2465 1906 2704 1960 diversas
2730 1904 3100 1967 necessitates,
3137 1911 3194 1975 et
3222 1903 3540 1975 pontiﬁcum
3582 1904 3804 1958 inratio-

2221 1973 2428 2031 n—abiles
2460 1991 2587 2045 erga
2624 1975 2879 2044 populum
2907 1975 3009 2028 sibi
3032 1973 3331 2042 subjectum
3365 1974 3686 2045 asperitates
3723 1989 3807 2029 re-

2220 2044 2542 2110 tundendas,
2599 2052 2940 2100 sacramento
2979 2045 3278 2113 seobliget,
3324 2044 3579 2113 quatinus
3630 2045 3813 2100 futura

2219 2116 2534 2184 pontiﬁcum
2573 2115 2783 2177 electio,
2826 2123 3084 2184 quantum
3131 2112 3556 2184 uniuscujusque
3603 2115 3816 2169 intelle—

2222 2183 2343 2241 ctus
2377 2187 2555 2248 fuerit,
2587 2185 2844 2239 canonice
2869 2193 2922 2238 et
2940 2183 3087 2251 juste
3115 2183 3212 2237 ﬁat
3251 2185 3302 2236 ιι.
3329 2183 3396 2236 Et
3429 2192 3484 2237 ut
3509 2183 3594 2236 ille
3620 2185 3713 2252 qui
3741 2185 3813 2239 ad

2222 2257 2327 2312 hoc
2372 2265 2618 2310 sanetum
2663 2266 2824 2324 atque
2876 2253 3230 2323 apostolicum
3292 2254 3526 2322 regimen
3563 2254 3805 2323 eligitur,

2223 2328 2438 2382 nemine
2459 2325 2830 2380 consentiente
2857 2324 3322 2380 consecratusﬁat
3349 2324 3605 2393 pontifex,
3629 2326 3812 2392 prius-

2223 2412 2385 2465 quam
2421 2397 2582 2451 talem
2620 2396 2675 2449 in
2707 2395 2978 2464 presentia
3019 2395 3307 2448 missorum
3343 2403 3680 2465 nostrorum,
3724 2393 3814 2448 vel

2224 2464 2319 2521 lilii
2343 2467 2535 2530 nostri,
2567 2481 2663 2520 seu
2684 2467 2934 2520 universe
2967 2465 3352 2533 generalitatis,
3397 2464 3562 2518 faciat
3586 2466 3819 2533 promis-

2225 2538 2434 2592 sionem
2472 2551 2569 2606 pro
2596 2537 2839 2590 omnium
2879 2535 3248 2590 satisfactione
3274 2544 3433 2605 atque
3462 2533 3638 2588 futura
3681 2551 3820 2590 con-

2225 2673 2437 2735 instrui,
2493 2686 2584 2740 qui
2640 2677 2732 2725 aut
2768 2677 3045 2738 ignorant,
3100 2676 3192 2721 aut
3241 2668 3482 2737 ignorare
3523 2668 3819 2740 simulant,

2226 2744 2368 2812 quod
2415 2736 2626 2796 exterae
2674 2736 2862 2812 omnes
2900 2740 3130 2812 ditioncs
3181 2736 3338 2812 erant
3393 2739 3629 2812 supremi
3679 2736 3825 2805 juris

2224 2808 2560 2890 pontiﬁcum,
2613 2811 2855 2890 talesque
2901 2810 2968 2863 ab
3025 2808 3820 2890 Augustisconiﬁrmabantur:

2228 2877 2390 2937 verba
2424 2882 2514 2935 illa
2535 2898 2628 2951 per
2650 2881 2747 2933 hoc
2769 2877 3240 2951 inostraefcon/irm.
3285 2878 3427 2932 haud
3453 2877 3614 2933 dubie
3641 2893 3707 2951 ex
3738 2894 3822 2933 se-

2227 2949 2923 3022 quentibus'imprudenter
2962 2950 3242 3018 desumpta
3280 2957 3436 3013 sunt,
3474 2965 3601 3003 nam
3631 2949 3820 3004 desunt

2233 3026 2289 3078 in
2314 3022 2668 3091 autographa.

2310 3094 2328 3132 ί
2357 3089 2574 3147 Ne'ulla
2600 3091 2911 3146 suboriatur
2931 3090 3185 3158 suspicio,
3215 3091 3343 3159 quin
3371 3089 3438 3144 de
3468 3090 3672 3154 Sicilia,
3695 3092 3823 3145 Sar-

2232 3165 2397 3224 dinia,
2419 3162 2637 3217 Corsica
2667 3161 2756 3215 hic
2789 3168 3005 3232 agatur,
3036 3161 3401 3232 inspiciendus
3427 3170 3514 3215 est
3542 3163 3696 3225 ordo,
3721 3177 3827 3232 quo

2231 3233 2397 3288 semel
2426 3241 2480 3288 et
2507 3233 2705 3286 iterum
2749 3229 2857 3284 tam
2897 3231 2950 3283 in
2985 3229 3378 3295 LudOviciano,
3411 3247 3580 3300 quam
3618 3232 3708 3287 hic
3739 3229 3828 3286 re-

2230 3312 2539 3359 censentur.
2573 3302 2749 3370 Atque
2788 3302 2843 3354 in
2874 3300 3162 3354 Ottoniano
3200 3300 3418 3370 quidem
3445 3317 3642 3370 parum
3672 3304 3823 3358 scite.

2229 3373 2363 3428 Nam
2393 3373 2627 3430 Corsicae
2648 3371 2790 3426 facta
2815 3380 2934 3442 erat
2962 3371 3174 3442 mentio
3202 3372 3256 3425 in
3287 3372 3582 3426 donatione
3617 3388 3715 3442 per
3740 3373 3829 3428 de-

2229 3445 2470 3515 signatos
2519 3443 2674 3507 ﬁnes,
2722 3449 2776 3495 et
2823 3441 3210 3515 S_icilia:,_dum
3257 3441 3682 3515 promittebatur
3715 3443 3831 3515 ejus

2229 3509 2502 3569 restitutio
2527 3524 2729 3567 sanctae
2759 3512 2894 3577 sedi,
2928 3512 2974 3565 si
3001 3525 3032 3563 e
3059 3509 3456 3567 Saracenorum
3488 3509 3829 3568 manibus'il-

2229 3585 2338 3639 latn
2372 3585 2584 3653 eripere
2610 3582 2927 3653 contigisset
2952 3600 2965 3635 :
2989 3581 3055 3653 d_e
3077 3580 3326 3636 Sardinia
3355 3597 3486 3636 vero
3514 3598 3586 3653 ne
3609 3586 3831 3638 verbum

2265 3651 2536 3709 uidem'ﬁt
2573 3653 2626 3706 in
2657 3651 2964 3722 diplomate.
2998 3651 3075 3706 Ea
3105 3659 3324 3721 prepter
3359 3667 3482 3721 qua:
3518 3652 3832 3708 Ludovicus

2265 3670 2447 3709 uicem
2476 3670 2536 3706 nt
2573 3670 2626 3706 in
2657 3670 2964 3722 diplomate.
2998 3670 3075 3706 na
3105 3670 3324 3721 propter
3359 3670 3482 3721 qua:
3518 3670 3829 3708 Ludovicus

2229 3670 2298 3781 3e
2325 3724 2499 3778 tribus
2526 3721 2797 3793 prmdictis
2829 3723 3028 3793 insulis
3051 3723 3348 3793 asserebat,
3386 3737 3452 3793 ea
3485 3724 3674 3793 minus
3700 3739 3829 3778 con-

2231 3797 2435 3851 ducunt
2463 3791 2664 3858 Ottoni,
2693 3793 2784 3862 qui
2820 3792 3125 3846 Sardiniam
3148 3792 3285 3855 silet,
3319 3800 3374 3847 et
3398 3791 3644 3846 Siciliain
3671 3795 3749 3848 ita
3775 3809 3832 3849 se

2229 3866 2629 3920 vindicaturum
2681 3863 2946 3932 promittit
2995 3871 3194 3917 sancta:
3247 3863 3380 3925 sedi,
3437 3863 3484 3916 si
3538 3863 3830 3919 Saracenis

2230 3935 2510 4004 eripuerit.
2547 3933 2618 3988 At
2648 3934 2945 3989 necessitas
2974 3932 3221 4004 assuendi
3258 3933 3620 4004 Ludoviciano
3656 3935 3830 4002 diplo-

2230 4003 2362 4062 ma’ti
2386 4021 2505 4076 quae
2527 4006 2895 4076 congruebant
2926 4003 3175 4072 tempori,
3211 4011 3265 4057 et
3290 4004 3440 4057 rudis
3463 4003 3550 4076 illa
3578 4012 3709 4056 aetas
3738 4013 3820 4056 ta-

2230 4078 2300 4131 lia
2323 4077 2522 4145 ubique
2567 4075 2732 4129 inseri
2761 4081 3071 4144 coegerunt,
3117 4088 3237 4142 qum
3272 4080 3370 4145 aut
3407 4075 3570 4126 minus
3615 4085 3816 4145 conve-

2230 4149 2388 4202 niunt
2415 4140 2711 4214 [immissis
2735 4154 2827 4198 aut
2850 4140 3030 4199 secum
3067 4140 3325 4214 pugnant.
3356 4143 3411 4197 ld
3432 4157 3552 4196 vero
3570 4148 3624 4195 et
3636 4140 3822 4197 Ludo-

2231 4213 2450 4281 viciani,
2495 4226 2549 4272 et
2585 4213 2858 4270 Ottoniani
2892 4214 3110 4284 diplom.
3164 4213 3491 4269 sinceritatis
3531 4221 3617 4267 est
3661 4227 3826 4285 argu-

2231 4297 2476 4344 mentum
2506 4285 3005 4354 locupletissimum.

2309 4362 2334 4398 ε
2360 4353 2649 4425 Perperam
2694 4371 2725 4408 a
2751 4356 2996 4410 sectariis
3031 4355 3172 4423 apud
3202 4355 3534 4410 Dietericum
3563 4353 3830 4409 Herman-

540 4427 751 4482 sionum
779 4427 1041 4506 recensio.
1077 4425 1142 4478 Et
1159 4415 1306 4506 _sane
1335 4427 1630 4506 caliginoso
1656 4415 2129 4506 illo_0tton_is_:a;vo
2232 4445 2363 4485 num
2396 4415 2646 4506 (Ιῖιῑζοιί.
2692 4426 2760 4506 od
2789 4425 2844 4479 J.
2879 4426 3013 4506 Ipub.
3047 4415 3140 4506 lib.
3191 4443 3239 4491 ι,
3268 4441 3386 4506 cap.
3416 4424 3511 4506 ‘15,
3558 4441 3614 4478 n.
3649 4425 3713 4493 8)
3749 4439 3832 4479 se-

541 4505 652 4551 tam
677 4503 928 4567 accurate
962 4496 1173 4548 narrari
1207 4505 1457 4567 poterant
1495 4499 1714 4553 donatio
1755 4499 1950 4567 integri
1983 4498 2129 4552 illius

541 4568 787 4628 ducatus,
831 4562 1053 4632 ejusque
1084 4562 1363 4620 concessio
1399 4566 1468 4620 ab
1504 4568 1745 4624 Adriano
1789 4562 1929 4623 facia
1966 4568 2133 4620 Fran-

543 4649 729 4716 corum
777 4634 890 4716 regi
936 4649 1060 4688 cum
1085 4649 1275 4716 annua
1311 4639 1744 4716 pensione,__nisi
1779 4639 2018 4716 apos_tol._
2043 4653 2131 4716 ar-

543 4705 759 4777 chivuin
797 4705 1139 4777 _documenta
1184 4705 1364 4777 omnia
1419 4705 1849 4777 suppeditasset?
1904 4708 2133 4762 Ludovi-

544 4775 685 4830 ciani
707 4773 1012 4844 diplomatis
1031 4775 1194 4844 verba
1220 4775 1334 4844 ipsa
1358 4773 1538 4832 essent
1573 4778 1831 4843 adhibita,
1861 4779 1965 4832 nisi
1990 4779 2132 4834 idem

545 4839 794 4917 εει-ἰριοξῆ
829 4839 1107 4917 Ottoniani
1138 4839 1326 4917 fuisset
1351 4848 1420 4900 ob
1449 4849 1666 4903 oculos?
1703 4839 1894 4904 Pensio
1913 4849 2130 4917 quidem

544 4917 692 4990 juxta
723 4914 994 4978 Carolina,
1041 4915 1526 4990 seu_Lud_oviciana
1569 4928 1812 4987 tempora
1839 4914 2132 4974 Ottoniano

543 4986 658 5042 aevo
692 4987 1194 5059 parum_congruit.
1225 4986 1378 5059 _Nam
1422 4997 1626 5059 septem
1666 4986 1770 5044 illae
1818 4989 2066 5046 civitates
2103 5003 2134 5044 e

544 5060 740 5113 ducatu
789 5056 1078 5125 Spoletano
1119 5057 1336 5121 avulsae,
1372 5067 1427 5114 et
1461 5056 1661 5114 sanctae
1690 5060 1803 5115 sedi
1828 5062 2038 5113 donatae
2064 5059 2133 5114 ab

547 5131 732 5184 eodem
780 5126 1005 5190 Ottone,
1057 5127 1268 5198 integro
1310 5130 1514 5185 tributo
1565 5129 1766 5197 aliquid
1823 5129 2133 5185 debuissent

545 5199 832 5255 detrahere
864 5215 878 5250 :
907 5205 962 5251 at
981 5212 1161 5272 neque
1191 5199 1244 5272 id
1265 5203 1526 5268 temporis
1563 5201 1755 5255 melius
1783 5202 1868 5272 agi
1897 5209 2128 5269 poterat,

545 5284 720 5338 neque
759 5284 859 5323 nos
888 5269 996 5323 seri
1023 5271 1229 5337 posteri
1261 5271 1504 5324 divinare
1546 5269 1852 5339 possumus,
1904 5287 2008 5339 qua
2045 5287 2133 5325 ra-

545 5342 711 5412 tione,
763 5353 937 5412 quove
990 5351 1212 5412 auctore
1258 5340 1314 5394 id
1361 5341 1596 5412 diploma
1635 5342 1916 5412 digestum
1945 5341 2124 5395 fuerit.

542 5410 659 5465 Hoc
703 5410 1049 5481 solummodo
1070 5419 1152 5464 est
1180 5419 1329 5481 certo
1360 5411 1582 5474 certius,
1615 5410 1844 5481 diploma
1886 5410 2130 5467 Ottonia-

543 5493 776 5548 aumiex
802 5479 1166 5534 Ludoviciano
1192 5480 1490 5548 profectum
1514 5497 1652 5536 esse.

619 5562 646 5589 ο
678 5547 799 5626 Jam
825 5549 936 5631 dixi
979 5550 1045 5630 ad
1090 5547 1218 5631 dipl.
1253 5549 1569 5631 Ludov._(in
1605 5553 1741 5631 not.)
1785 5554 1887 5606 hac
1925 5558 2132 5631 tantum

544 5619 836 5688 occasione
878 5619 1224 5688 dominatum
1285 5630 1340 5675 et
1395 5619 1779 5688 subjeclionein
1847 5622 2132 5676 reservari.

543 5685 709 5747 anno
737 5684 948 5750 adjicio,
992 5687 1248 5754 singulari
1297 5693 1400 5746 hac
1421 5684 1670 5750 cautione
1696 5694 1829 5752 satis
1870 5704 2136 5763 superque

2233 4495 2450 4570 quentia
2478 4496 2786 4550 referuntur
2826 4495 2894 4570 ad
2938 4496 3118 4570 omnia
3154 4495 3494 4570 supradicta,
3547 4511 3679 4570 nam
3714 4510 3833 4564 qua:

2235 4565 2486 4635 deinceps
2513 4574 2803 4621 narrantur
2826 4568 3033 4621 haerent
3057 4567 3110 4619 in
3136 4567 3364 4631 salebra,
3389 4565 3495 4620 nisi
3521 4566 3592 4620 ab
3620 4581 3684 4619 ea
3707 4582 3833 4620 con-

2234 4641 2456 4702 ditione,
2488 4637 2633 4691 salva
2668 4645 2845 4690 nostra
2875 4645 3146 4706 potestate,
3181 4636 3574 4692 sustineantur.
3599 4635 3834 4690 Pn‘eter-

2235 4726 2396 4780 quam
2426 4709 2568 4780 quod
2595 4723 2701 4761 non
2731 4715 3000 4780 potestate,
3053 4708 3147 4761 sed
3193 4707 3552 4780 dominatione
3593 4708 3831 4780 positum

2234 4776 2396 4842 esset,
2430 4776 2489 4830 ut
2513 4777 2580 4831 de
2607 4777 2890 4832 ducatibus
2921 4776 3168 4832 Tuscano
3198 4785 3252 4832 et
3285 4776 3577 4846 Spoletano
3627 4777 3828 4830 factum

2236 4852 2488 4906 vidimus.
2521 4849 2591 4902 At
2615 4849 2680 4902 de
2701 4847 2786 4900 his
2809 4847 3010 4902 dictum
3027 4855 3109 4901 est
3130 4849 3185 4902 in
3209 4847 3479 4902 dissertat.
3509 4847 3688 4917 (num.
3716 4847 3827 4917 25)2

2305 4921 2333 4960 ιι
2373 4921 2452 4973 Εη
2493 4935 2599 4987 quo
2637 4918 3025 4988 extendebatur
3071 4917 3417 4988 imperatoria
3466 4914 3731 4986 potestas,
3766 4914 3830 4988 ad

2233 4992 2338 5048 tria
2369 4986 2574 5044 scilicet
2621 4991 2722 5042 ista
2753 4988 2950 5058 capita.
2996 4986 3236 5041 Primum
3265 4988 3569 5058 inhrerebat
3597 4986 3833 5058 promise

2235 5064 2384 5119 sione
2412 5059 2637 5128 Eugenii
2686 5058 2728 5112 ll
2754 5055 3252 5124 et’successorum;
3284 5057 3515 5128 alterum
3550 5055 3832 5128 pontificia

2235 5127 2616 5189 constitutione
2643 5137 2701 5183 ut
2726 5128 2902 5183 clerus
2927 5136 2980 5182 et
3007 5128 3234 5198 populus
3267 5127 3564 5198 Romanus,
3595 5127 3667 5181 ad
3697 5140 3832 5198 quos

2234 5205 2392 5259 unice
2422 5201 2727 5272 pertinebat
2751 5199 2959 5272 electio,
2991 5194 3331 5272 sacramento
3353 5212 3419 5272 se
3435 5194 3745 5272 obligarent
3766 5194 3830 5272 ad

2236 5263 2550 5331 canonicam
2577 5279 2632 5324 et
2648 5270 2851 5340 justam
2887 5268 3244 5340 electionem:
3279 5268 3511 5340 quodut
3533 5263 3718 5340 ﬁeret,
3753 5263 3831 5318 vi-

2237 5360 2357 5400 sum
2409 5352 2492 5398 est
2540 5337 2780 5410 Eugenio
2819 5338 3179 5410 imperatorize
3233 5337 3575 5410 auctoritatis
3621 5345 3828 5390 metum

2236 5428 2555 5486 proponere.
2604 5407 3010 5486 sacramentum
3041 5407 3300 5486 ejusmodi
3328 5421 3432 5460 non
3460 5415 3579 5461 erat
3605 5419 3825 5486 novum,

2238 5473 2376 5540 nova
2405 5490 2522 5538 erat
2545 5489 2784 5551 potestas
2811 5473 3168 5551 imperatoris,
3205 5491 3375 5551 _quam
3420 5477 3711 5551 ceteroqui
3737 5473 3829 5551 ob-

2240 5556 2446 5610 tinebat
2490 5547 2808 5606 auctoritate
2851 5548 3161 5616 apostolica.
3205 5547 3353 5600 Hanc
3385 5561 3502 5600 rem
3549 5547 3826 5615 aliquanto

2240 5625 2412 5682 fusius
2441 5625 2500 5682 in
2524 5638 2638 5692 seq.
2668 5618 3046 5675 dissertatione
3071 5616 3629 5674 tractataminvenies.
