4030 6166
158 272 253 328 ssi
330 268 479 324 con.
510 260 1044 321 DII’L.—MONUM.
1085 256 1263 322 me,
1296 256 1428 310 seu
1468 252 1621 309 con.
1663 250 2579 308 UAROLINUS.—APP.-—Dl3’$.
2609 248 2696 302 ne
2723 247 2891 302 DIPL.
2926 248 3136 302 nam.
3180 250 3220 303 ιι
3299 250 3401 303 6ὶέ

162 392 502 445 commutatio
527 382 665 435 facta
698 380 891 440 fuerat,
914 376 1206 445 paucisque
1236 382 1358 443 post
1382 386 1538 445 annis
1578 371 1719 445 Aput
1743 376 1792 433 Δ
1818 372 2107 445 creationis
2132 369 2401 445 pontiﬁcis
2431 386 2460 423 a
2487 369 2747 445 Panvinio
2771 370 3091 438 excogitati.
3116 372 3400 445 admodum

162 440 235 512 lia
256 440 364 510 tota
384 468 503 511 cum
525 450 772 522 Calabria
794 440 1204 522 concessaerat
1297 442 1550 522 pontiﬁce
1592 440 1715 522 duci

163 510 640 591 Northmannnrum
714 518 961 591 Roberto_
998 510 1313 591 Wiscardoi
1359 511 1539 577 Quare
1566 510 1718 591 _nihil

163 596 374 653 mirum,
399 590 443 644 si
473 587 851 651 Northmanni,
876 585 966 654 qui
997 600 1138 655 :egre
1173 583 1401 655 tulerant
1428 583 1720 655 provincia:

163 663 302 717 illius
329 650 487 730 caput
534 657 774 730 pontiﬁci
828 650 913 730 cui
957 650 1083 730 tunc
1111 652 1329 730 _inf_ensi
1357 658 1563 730 erant,‘
1595 650 1723 730 sub-

158 732 357 801 jectum
381 719 735 801 éss_e,n'positis
779 726 941 801 etiam
968 723 1327 801 simultatibus
1348 720 1520 800 eidem
1551 719 1724 772 inhia-

162 792 321 859 bant;
349 807 403 851 et
427 798 473 851 si
505 792 693 853 iisdem
723 794 898 851 omnia
927 803 1123 848 caetera
1160 792 1434 847 ﬁduciario
1450 792 1573 857 jure
1601 802 1726 859 pos—

164 858 476 930 sidentibus,
513 866 825 936 Capuanum
842 932 852 936 _
869 864 1055 936 etiam
1075 861 1451 936 principatum
1483 858 1725 936 ejusdem

163 938 336 1009 gentis
386 928 626 1009 principe
673 932 955 1009 pari__jure
1009 928 1319 1009 obtinentia3
1375 928 1486 1009 soia
1535 928 1728 1009 cii'itas

163 999 286 1062 Eum
309 999 583 1060 territorio
607 999 909 1075 apostolica:
933 1002 1075 1058 sedis
1086 1002 1224 1071 juris
1245 1000 1408 1055 fuisse
1432 999 1730 1066 deprehen-

165 1078 327 1131 ditur.

234 1144 415 1198 XVIII.
448 1142 587 1210 Quin
623 1143 786 1198 etiam
811 1156 918 1196 una
953 1141 1007 1195 in
1046 1140 1149 1195 ista
1182 1139 1398 1210 civitate
1433 1136 1734 1210 proprietaf

166 1214 235 1268 tis
281 1204 647 1267 Romanorum
687 1211 1002 1281 pontiﬁcum
1026 1211 1157 1266 satis
1196 1209 1402 1278 modica
1430 1204 1628 1274 regalia
1667 1204 1736 1281 ad

164 1283 377 1337 eosdem
403 1274 806 1351 perveniebant,
848 1289 906 1335 ut
932 1288 1146 1351 constat
1173 1274 1249 1333 ex
1285 1285 1634 1351 monumento
1669 1274 1737 1329 ad

168 1354 278 1406 haec
321 1360 563 1421 tempora
601 1359 895 1426 spect_ante_,
934 1354 1088 1426 quod
1121 1354 1175 1404 in
1225 1354 1409 1426 codice
1449 1354 1704 1426 A'l‘binian.

168 1415 448 1491 exstatex'
475 1415 687 1491 reges—to
732 1415 1009 1474 Paschalis
1049 1419 1091 1473 ll
1145 1417 1458 1491 suppletque
1491 1415 1739 1491 Falconis

169 1490 446 1560 historiam
475 1507 487 1543 :
524 1485 563 1540 ι’
581 1490 912 1560 Proprietas,
963 1505 1081 1560 qua?
1108 1485 1538 1560 rema'nsiticgtrie
1564 1485 1627 1537 de
1662 1500 1742 1537 re-

167 1559 366 1629 galibus
397 1559 587 1614 Benev.
636 1556 749 1629 llec
805 1568 947 1622 sunt,
975 1556 1106 1628 quas
1140 1559 1194 1613 in
1240 1556 1568 1629 dominicam
1608 1567 1744 1629 papa

172 1624 562 1683 remanserunt.
615 1628 857 1694 Quatuor
908 1624 1209 1683 molendina
1251 1628 1317 1680 de
1367 1627 1575 1680 Donno.
1628 1624 1744 1694 Duo

174 1699 479 1753 molendina
524 1699 590 1753 de
639 1692 825 1751 sancta
872 1698 1127 1752 Barbara.
1184 1694 1253 1750 Et
1307 1694 1614 1749 molendina
1679 1692 1745 1747 de

174 1767 370 1837 Burge.
393 1768 595 1837 Turres
612 1775 666 1820 et
683 1766 1029 1837 plateaticum
1054 1772 1208 1834 porte
1233 1779 1459 1837 summe.
1484 1762 1645 1817 Ortos
1680 1762 1744 1815 de

176 1781 370 1837 uurgo.
394 1781 595 1821 'I‘urres
612 1781 666 1820 et
683 1781 1029 1887 piateaucum
1054 1781 1208 1834 porte
1233 1781 1459 1818 summe.
1484 1781 1645 1817 Ul'tOS
1680 1781 1744 1815 ue

172 1834 347 1892 Turre
385 1836 636 1890 Corvula.
740 1835 853 1888 laza
882 1836 948 1889 de
971 1843 1137 1902 ponte
1183 1831 1410 1899 majori,
1455 1841 1509 1885 et
1559 1846 1747 1902 omnes

213 1908 399 1960 laneas
423 1920 546 1959 cum
584 1905 873 1973 plateatico
899 1901 1127 1973 piscium
1161 1910 1217 1973 et
1260 1902 1529 1973 foliorum.
1556 1901 1748 1973 Tingta

213 1921 399 1960 laneas
423 1921 546 1959 cum
584 1921 873 1973 plateauco
899 1921 1127 1973 piscium
1161 1921 1215 1955 Cl.
1260 1921 1529 1956 [Ollorum.
1566 1921 1746 1971 Illlgltl

166 1921 504 2030 Rudteorum.
558 1973 911 2028 Plateaticum
958 1971 1026 2026 de
1075 1972 1382 2040 ponticello,
1439 1980 1494 2024 et
1532 1971 1746 2040 pontili.

173 2045 376 2098 Demos
423 2058 527 2111 que
560 2054 684 2097 sunt
712 2044 855 2098 circa
908 2042 1188 2111 palatium.
1226 2041 1507 2095 Alanetum
1559 2048 1746 2111 totum,

168 2120 232 2166 et
270 2110 561 2166 Salice’tum
587 2121 755 2167 totum
789 2113 854 2167 de
878 2110 1043 2181 ponte
1070 2112 1300 2180 leproso,
1329 2119 1384 2164 et
1409 2111 1593 2166 vineas
1619 2110 1754 2165 scul-

172 2182 301 2245 Iais,
321 2190 375 2236 et
402 2183 609 2237 vineam
636 2183 700 2237 de
725 2183 931 2247 Vardia,
953 2182 1206 2236 etvineas
1230 2181 1297 2235 de
1318 2181 1484 2241 cirdo,
1502 2190 1554 2235 et
1570 2182 1754 2235 vineas

171 2252 457 2320 principis.
485 2251 618 2306 Iscla
659 2251 724 2306 de
748 2251 1017 2306 Callarulo
1055 2267 1178 2307 cum
1204 2260 1379 2321 posta.
1408 2252 1626 2305 Pratum
1656 2253 1755 2305 Do-

177 2321 438 2376 minicum
461 2362 476 2386 ,
525 2322 855 2386 viridarium,
896 2321 1178 2385 balneum,
1206 2320 1265 2376 et
1290 2320 1526 2374 furnum.
1559 2321 1754 2376 Planca

174 2390 428 2459 piscium,
453 2399 507 2445 et
529 2399 778 2446 curatura
815 2393 880 2447 de
918 2392 1091 2447 brudo
1132 2399 1287 2460 porte
1315 2390 1504 2445 ruﬁne.
1531 2392 1753 2446 Vineam

179 2460 245 2515 de
292 2460 547 2516 Cantaro.
604 2460 826 2515 Terram
873 2462 944 2515 de
983 2462 1141 2515 vinea
1180 2461 1464 2515 Veterana.
1488 2460 1757 2517 Ecclesias

171 2544 390 2585 omnes.
441 2531 661 2585 Vineam
702 2531 769 2585 de
815 2529 1083 2585 Gellarulo
1131 2530 1493 2585 medietatem.
1532 2531 1757 2587 Domum

182 2598 478 2655 Christiani
510 2602 575 2655 de
618 2602 789 2671 burgo
823 2610 975 2671 porte
1024 2615 1205 2665 auree,
1242 2600 1528 2665 Monetam,
1560 2610 1615 2655 et
1653 2602 1761 2655 ele-

181 2678 345 2740 ctam,
366 2671 511 2725 idest
531 2671 787 2725 bannum.
821 2671 1078 2724 Medietas
1099 2671 1404 2725 reddituum
1425 2672 1490 2725 de
1524 2672 1759 2740 placitis,

183 2739 613 2804 de-l‘orfacturis,
641 2750 695 2795 et
723 2740 1012 2795 scadentiis
1039 2741 1442 2809 peregrinorum
1459 2781 1472 2802 ,
1505 2748 1559 2795 et
1587 2748 1765 2796 extra-

180 2824 432 2864 neorum.
484 2809 773 2866 Scadentia
814 2810 1305 2865 Beneventanorum
1362 2811 1515 2879 181
1565 2819 1699 2865 tota.
1742 2829 1760 2862 ι

185 2879 668 2949 Quantulacunque
713 2887 890 2947 autem
928 2880 1128 2950 regalia
1166 2879 1385 2943 fuerint,
1417 2881 1770 2948 possessionis

182 2958 296 3003 tam
323 2959 503 3014 certze,
534 2957 640 3003 tam
662 2950 926 3004 diuturna:
951 2959 1354 3005 monumentum
1381 2950 1551 3013 istud,
1596 2950 1771 3005 valida

186 3020 559 3091 comprobatio
598 3027 703 3091 est.
745 3018 1119 3091 Quamobrem,
1153 3020 1207 3075 id
1251 3027 1426 3075 ratum
1461 3018 1765 3091 acﬁrmum

180 3103 306 3144 esse
362 3088 552 3154 debet,
595 3089 1022 3145 Beneventanam
1076 3090 1383 3153 civitatem,

188 3158 534 3224 exarchatus,
569 3174 663 3213 seu
710 3161 1001 3229 provinciae
1039 3158 1279 3225 Emilia,
1328 3167 1385 3213 et
1430 3158 1761 3227 Pentapolis,

188 3235 242 3282 et
269 3244 375 3283 uno
401 3230 565 3283 verbo
591 3230 851 3298 quidquid
896 3229 1185 3284 donatione
1226 3230 1528 3299 principum
1554 3230 1765 3295 nititur,

187 3309 414 3370 excepta
446 3299 608 3370 Roma
632 3308 686 3353 et
699 3300 816 3367 ejus
835 3300 1049 3370 ducatu,
1065 3298 1294 3370 quorum
1315 3299 1477 3353 aliam
1504 3298 1766 3370 rationem

189 3367 517 3432 habendam,
555 3367 655 3423 fuit
683 3370 954 3425 uberrime
988 3367 1439 3433 demonstratum,
1473 3382 1593 3424 esse
1629 3368 1768 3436 juris

185 3438 387 3509 proprii
425 3437 789 3500 Romanorum
808 3439 1144 3509 pontiﬁcum,
1178 3448 1435 3509 tanquam
1461 3440 1631 3494 sancti
1670 3438 1769 3493 Pe-

189 3508 257 3589 tri
286 3508 842 3591 successorum_sin_e
893 3509 1000 3591 ulla
1051 3508 1416 3591 ἰξᾳιιιξιξοτεῃῃ
1465 3510 1770 3591 principum

191 3578 453 3642 mistura;
507 3580 619 3647 qui,
659 3581 706 3633 si
745 3580 1031 3648 aliquando
1056 3578 1257 3648 aliquid
1299 3581 1401 3635 sibi
1432 3578 1771 3635 vindicarunt

184 3642 797 3717 quocunque—praetextu
819 3642 853 3713 ,’
882 3642 1162 3702 Ερειθείω’
1181 3650 1443 3704 bonorum
1474 3651 1769 3714 invasores,

193 3726 252 3771 ut
278 3718 515 3790 Augusti
577 3719 811 3790 aliquot,
850 3717 1080 3771 habendi
1134 3726 1278 3790 sunt.
1327 3719 1771 3790 Quandoquidem

198 3789 287 3856 uni
334 3786 541 3851 P'etro,
589 3787 954 3855 Romanisque
1009 3786 1353 3856 pontiﬁcibus
1421 3786 1773 3856 imperatores

198 3855 546 3927 Orientistet
564 3855 801 3927 patricii,
842 3853 996 3922 reges
1036 3853 1386 3927 Francorum,
1419 3853 1578 3925 atque
1608 3858 1776 3927 impe—

201 3932 414 3977 ratores
453 3922 755 3977 Occidentis
793 3938 889 3991 pro
932 3922 1166 3975 remedio
1207 3922 1509 3979 animarum
1557 3922 1775 3981 suarum

202 4000 611 4056 concesserunt,
637 4002 695 4046 ut
720 3994 773 4046 in
800 4008 987 4063 eorum
1020 3991 1215 4063 ditione
1242 4008 1303 4045 ac
1324 3995 1617 4063 principatu
1656 4010 1775 4062 per-

203 4069 489 4116 manerent
534 4079 693 4133 usque
734 4063 802 4115 ad
848 4061 1251 4133 ﬁnemsa’culi;
1283 4061 1532 4133 suprema
1571 4061 1776 4118 tantum

202 4132 571 4187 dominatione
597 4130 698 4187 sibi
725 4130 998 4188 reservata
1026 4130 1080 4183 in
1103 4130 1295 4185 ducatu
1338 4132 1648 4201 Spoletano,
1675 4148 1778 4202 qua

202 4202 331 4256 Otto
365 4211 422 4256 et
464 4203 727 4257 Henricus
776 4217 834 4258 se
885 4202 1097 4270 penitus
1143 4210 1436 4263 exuerunt,
1473 4210 1534 4255 ut
1573 4217 1784 4256 eorum—

204 4273 324 4326 dem
363 4273 654 4344 diplomata
690 4273 909 4341 planum
955 4270 1176 4344 faciunt.
1216 4272 1399 4344 .Venio
1447 4288 1591 4344 nunc
1625 4272 1693 4344 ad
1718 4287 1782 4327 ea

206 4358 327 4409 quae
395 4342 689 4412 disciplinae
733 4342 1090 4399 ordinationis
1135 4342 1425 4410 pontiﬁcis:
1483 4343 1781 4411 adjicienda

208 4422 356 4466 sunt.

278 4482 419 4536 XIX.
452 4483 619 4539 Video
639 4484 889 4552 equidem
933 4481 1088 4536 multi
1113 4481 1291 4550 cperis
1321 4497 1435 4536 rem
1472 4495 1589 4537 esse
1624 4482 1784 4537 disci-

210 4549 411 4619 plinam
444 4569 658 4620 omnem
688 4549 977 4608 electionis
1033 4549 1559 4620 consecrationisque
1589 4553 1786 4607 Roma-

213 4637 403 4691 norum
430 4623 741 4691 pontiﬁcum
782 4622 1051 4691 persequi.
1088 4623 1385 4690 Eaproptcr
1410 4623 1516 4677 alio
1547 4623 1600 4677 in
1624 4638 1788 4691 opere

214 4690 314 4760 (De
358 4690 665 4761 priestautia
704 4690 820 4746 Vat.
852 4690 1043 4762 Basil.)
1083 4692 1393 4760 singillatim
1447 4690 1790 4762 expositurus

214 4774 331 4828 quze
356 4778 483 4817 vera
509 4772 633 4817 sunt
662 4764 727 4817 de
764 4763 1230 4827 inthronizatione,
1268 4763 1658 4826 benedictione,
1699 4780 1790 4818 co—

217 4832 515 4897 ronatione,
566 4833 792 4902 aliisque
834 4832 1104 4886 nonnullis
1149 4833 1203 4886 in
1250 4832 1387 4887 libro
1429 4834 1789 4887 caeremoniali

216 4902 645 4967 occurrentibus,
677 4904 765 4958 hic
802 4911 1008 4956 tantum
1052 4902 1246 4965 dicam,
1274 4917 1393 4969 qua:
1440 4902 1652 4970 plenius
1677 4903 1795 4958 illu-

219 4970 725 5040 strentiOttoniani
786 4981 841 5027 et
900 4972 1205 5026 Henriciani
1264 4972 1364 5025 aevi
1437 4972 1793 5040 disciplinam.

220 5036 483 5110 Nonnulla
517 5041 795 5110 siquidem
834 5042 1066 5097 disserui
1116 5042 1276 5110 (tom.
1304 5040 1341 5101 I,
1379 5056 1433 5109 p.
1469 5036 1589 5096 260—
1608 5050 1663 5097 et
1690 5042 1797 5099 289

222 5106 433 5183 βρίμῃ-ξ
479 5106 633 5175 plura
658 5106 1301 5183 deindeiattuli_(tom.ill_,
1340 5106 1396 5179 p.
1442 5111 1543 5165 ΗΟ
1583 5120 1792 5183 seqq.);

224 5186 290 5249 ex
324 5175 520 5241 quibus
540 5184 687 5243 patet
711 5179 997 5235 discrimen
1034 5175 1288 5235 Ludovici
1328 5175 1648 5249 temporum,
1661 5175 1796 5248 cum

226 5243 384 5315 Rom.
415 5253 565 5313 pont.
588 5260 618 5298 e
634 5261 853 5314 corpore
876 5250 1211 5303 sacerdotum
1238 5243 1493 5304 Romana:
1518 5243 1795 5315 Ecclesiae,

226 5314 341 5387 sive
365 5327 433 5368 ex
460 5314 790 5383 presbyteris
827 5327 880 5370 et
900 5318 1217 5387 diaconibus
1253 5318 1567 5387 desumptus
1615 5314 1797 5375 conse-

229 5385 502 5456 crabatur,
526 5398 657 5456 cum
702 5392 857 5438 aetate
886 5385 1111 5450 Ottonis,
1151 5387 1364 5456 quando
1382 5385 1494 5454 jain
1525 5396 1799 5456 coeperant

231 5462 383 5509 extra
407 5455 541 5509 illud
576 5467 791 5522 corpus,
814 5462 870 5507 et
905 5455 1193 5523 episcopali
1218 5456 1379 5509 etiam
1414 5455 1673 5523 dignitate
1718 5459 1799 5512 in-

233 5525 413 5597 signes
441 5534 629 5597 contra
646 5538 857 5597 Amorem.
880 5522 1137 5597 majorum
1175 5531 1231 5597 et
1254 5530 1450 5576 statuta
1476 5522 1696 5597 Patrum
1732 5528 1801 5597 ad

235 5591 505 5649 summum
534 5593 789 5649 Ecclesia:
810 5591 1074 5646 universa:
1120 5592 1328 5658 apicem
1361 5595 1683 5659 promoveri.
1732 5593 1802 5649 Iis

238 5671 365 5719 vero
401 5664 756 5735 adjiciendum
793 5663 992 5731 primo,
1038 5661 1180 5725 quod
1204 5659 1499 5714 octodecim
1522 5700 1525 5705 ‹
1552 5661 1628 5715 illi
1660 5663 1802 5716 modi

972 1350 1077 1404 uod
1121 1350 1175 1404 in
1225 1348 1409 1405 codice
1449 1346 1765 1400 Albiniano-

1467 3089 1652 3144 erinde
1703 3105 1767 3145 ac
1790 3076 1838 3141 C

1819 441 2168 497 contrahendi
2207 448 2360 503 sunt;
2387 455 2587 507 sexque
2614 440 2711 500 illi,
2734 455 2869 507 quos
2896 442 3162 494 contraxit
3200 440 3403 495 doctis;

1822 512 1992 566 simus
2021 510 2357 564 Mabillonius
2383 508 2805 579 (CommLPrwv.
2839 510 2893 561 in
2917 508 3046 561 0rd.
3076 510 3225 562 Rom.
3247 528 3296 567 c.
3320 513 3400 575 I7,

1862 621 1875 633 .
1896 580 2186 649 IO9)aliter
2199 578 2582 647 pertractandi.
2598 578 2694 631 Hic
2714 579 2909 646 quippe
2930 579 3155 632 nimium
3182 582 3402 635 adhresit

1865 651 2081 703 anvinio
2099 650 2320 718 profana
2342 664 2503 718 quam
2520 662 2672 718 sacra
2695 649 2997 701 eruditione
3018 653 3400 717 praestantiori,

1823 727 1986 786 atque
2015 720 2081 772 iis
2101 716 2432 786 temporibus
2454 716 2686 780 ﬂorenti,
2716 732 2838 770 cum
2863 720 3165 772 necessaria
3195 722 3401 783 critice,

1826 788 2159 842 infantilibus
2188 788 2312 841 licet
2342 787 2665 855 tegumentis
2691 787 2963 849 obvoluta,
2994 789 3403 844 exhorrebatur.

1825 858 1897 929 Et-
1920 873 2049 929 vero
2073 857 2476 929 incomparabili
2510 857 2653 929 haud
2681 857 2843 929 dubie
2888 858 3131 929 doctrina
3175 861 3409 929 scriptor

1827 927 2066 994 ejusdem
2096 927 2196 980 arvi
2226 926 2373 981 card.
2392 925 2663 996 _Baro_ni_ns
2701 926 2766 978 de
2817 928 3170 996 pseudopapre
3216 925 3411 983 Leonis

1832 998 1941 1052 VIII
1981 997 2363 1065 constitutione
2392 994 2651 1065 Panvjnio
2691 994 3075 1065 acceptissima
3093 994 3216 1065 (an.
3276 1000 3408 1065 774,

1830 1066 2000 1135 p.15)
2028 1068 2188 1119 verba
2217 1064 2437 1135 faciens,
2473 1080 2491 1112 ι
2528 1063 2655 1125 Nos,
2690 1063 2881 1132 inquit,
2913 1073 2969 1117 et
3023 1063 3159 1119 hanc
3193 1063 3414 1122 conten-

1832 1133 2008 1190 dimus
2041 1136 2197 1205 182
2227 1148 2345 1205 esse
2367 1133 2747 1205 imposturmm
2766 1136 3273 1205 etcommentitium
3297 1152 3415 1192 esse

1834 1201 2300 1272 decretuTn'pT'iori
2351 1202 2526 1255 simile
2576 1201 2799 1267 (ﬁctitite
2823 1202 2933 1272 legi
2980 1204 3143 1272 regia:
3173 1206 3417 1262 Adriano

1836 1271 2182 1344 suppositze)’:
2215 1272 2427 1326 etenim-
2448 1280 2650 1344 totum,
2692 1271 2843 1344 quod
2880 1271 3173 1344 asseritur,
3224 1275 3417 1331 falsum

1838 1341 1958 1400 esse
2004 1352 2357 1416 monstratur.
2396 1343 2544 1416 D__Clli
2592 1341 2784 1416 Petrus
2815 1342 2880 1395 de
2916 1342 3175 1416 Marcaiet
3224 1344 3419 1416 Pagius

1840 1416 1994 1470 novis
2031 1414 2206 1468 allatis
2236 1412 2535 1467 rationibus
2556 1412 2939 1482 astipulantur,
2970 1411 3253 1482 Sigeberto
3283 1411 3418 1470 (hin-

1838 1492 1990 1539 taxat
2033 1484 2304 1537 vindicato
2337 1482 2406 1536 ab
2449 1481 2705 1536 aculeatis
2748 1480 2986 1549 ejusdem
3038 1480 3225 1538 contra
3270 1486 3420 1541 illum

1842 1554 2145 1616 sententiis,
2206 1552 2383 1622 quasi,
2409 1552 2674 1622 synodum
2719 1550 2864 1622 iilam
2900 1552 3014 1619 ipse
3058 1554 3419 1617 conﬁnxerit,

1844 1625 1970 1693 quia
2004 1626 2055 1693 in
2082 1620 2318 1693 editione
2364 1620 2628 1693 Sigeberti
2661 1636 2691 1673 a
2736 1620 2917 1693 Mirmo
2940 1633 3126 1693 curata
3161 1625 3226 1677 ad
3265 1627 3420 1680 codd.

1847 1691 1977 1747 mss.
2007 1692 2166 1747 ﬁdem
2188 1691 2331 1762 nulla
2368 1691 2559 1762 synodi
2586 1691 2789 1745 mentio
2814 1700 2939 1762 est,_
2968 1691 3039 1745 At.
3066 1693 3420 1759 Mabillonius,
3450 1708 3453 1717 '

1847 1763 2104 1818 Gratiano
2133 1771 2187 1816 et
2209 1761 2368 1816 lvone
2398 1759 2622 1815 nimium
2649 1760 2880 1833 credulis
2917 1759 3159 1833 Panvinii
3215 1767 3424 1833 opinio-

1848 1848 1973 1887 nem
2000 1833 2510 1903 tuentibus,_novam
2534 1832 2670 1903 natu:
2701 1830 2888 1886 falsam
2927 1831 3221 1901 disciplina:
3246 1830 3421 1903 perio-

1850 1903 1976 1958 dum
2001 1918 2032 1955 a
2076 1901 2268 1955 Carolo
2298 1901 2490 1972 Magno
2527 1900 2593 1952 ad
2620 1900 2937 1972 Formosum
2962 1900 3268 1971 pontiﬁcem
3318 1914 3424 1959 sta-

1851 1973 1975 2035 tuit,
1994 1971 2278 2042 Anastasio
2299 1971 2462 2042 etiam
2494 1978 2631 2024 teste
2665 1971 2925 2042 adhibito,
2950 1987 3255 2042 quanquam
3290 1976 3420 2029 nihil

1852 2043 1905 2096 in
1926 2043 2063 2112 libro
2084 2040 2373 2112 pontiﬁcali
2396 2042 2498 2112 hac
2513 2042 2580 2094 de
2601 2055 2661 2112 re
2686 2041 3005 2105 inveniatur,
3032 2040 3138 2112 quo
3154 2045 3424 2099 dostendit

1853 2111 2221 2166 Mabillonium
2250 2126 2281 2163 a
2310 2111 2567 2165 Panvinio
2597 2111 2876 2179 deceptum
2908 2126 3047 2165 esse.

1924 2181 2043 2235 XX.
2072 2180 2174 2247 Qui
2198 2180 2342 2234 enim
2382 2179 2514 2235 falsa
2541 2177 2841 2248 huiusmodi
2871 2182 3113 2236 doctrina
3145 2183 3199 2236 in
3229 2182 3425 2238 librum

1854 2251 2223 2307 Pontiﬁcalem
2256 2249 2446 2305 referri
2474 2258 2685 2315 poterat
2723 2251 2775 2304 in
2809 2248 3112 2315 Adrianol,
3142 2261 3233 2306 aut
3263 2255 3425 2307 etiam

1855 2323 1909 2377 in
1947 2322 2129 2376 Leone
2149 2320 2233 2387 Ill,
2262 2320 2309 2375 si
2333 2321 2387 2375 in
2414 2319 2654 2374 Adriano
2674 2319 2735 2384 II,
2770 2320 2860 2389 qui
2889 2323 3045 2391 annis
3071 2320 3183 2375 fere
3199 2324 3429 2391 quadra-

1856 2393 2066 2514 ginta-3
2114 2391 2295 2447 Leone
2337 2392 2519 2455 distat,
2553 2392 2792 2475 permitti
2847 2389 3323 2474 noluisseidiciiur,
3373 2406 3429 2447 nt

1878 2471 2017 2514 828“
2041 2462 2245 2514 Ludov.
2281 2462 2323 2514 II
2355 2461 2512 2514 Rom.
2545 2460 2816 2514 pontiﬁcis
2863 2461 3112 2514 electioni
3149 2464 3429 2514 adessent“!

1878 2460 2017 2531 egati
2041 2462 2245 2517 Ludov.
2281 2462 2323 2516 Il
2355 2461 2512 2516 Rom.
2545 2460 2816 2530 pontificis
2863 2461 3112 2515 electioni
3149 2464 3433 2517 adessent?

1859 2531 2020 2604 Ratio
2065 2548 2275 2604 quoque
2314 2532 2515 2604 apertis
2556 2531 2703 2604 hisce
2747 2531 2926 2604 verbis
2963 2533 3246 2604 redditur:
3300 2552 3318 2583 ε
3355 2535 3431 2589 Ne

1859 2600 2108 2655 videlicet
2120 2600 2320 2670 legatos
2334 2602 2634 2670 principatu
2660 2602 2712 2654 in
2724 2602 3047 2657 electionem
3066 2602 3428 2658 Romanorum

1861 2671 2153 2741 prtesulum
2201 2671 2545 2741 exspectandi
2595 2686 2709 2726 mos
2740 2688 2837 2741 per
2865 2672 3163 2739 hujusmodi
3194 2672 3433 2730 fomitem

1865 2739 2204 2814 inolesceret.
2238 2760 2270 2814 ι
2290 2739 2442 2814 Quod
2471 2742 2533 2814 si
2562 2739 2912 2814 neLudovicj
2939 2744 3153 2811 quidem
3181 2746 3292 2813 (qui
3326 2747 3436 2814 pri-

1865 2810 2119 2895 vilegium
2161 2825 2190 2863 a
2239 2808 2430 2895 Sergio
2471 2809 2848 2895 ll‘OItiiilllCI'al
2886 2808 3144 2891 Ltfthario
3167 2808 3439 2895 patri-suo

1868 2888 1995 2933 ante
2020 2894 2189 2933 annos
2221 2887 2455 2949 quatuor
2480 2886 2535 2932 et
2574 2880 2779 2949 viginti,
2814 2896 2921 2949 quo
2951 2880 3064 2947 ipse
3110 2880 3273 2935 etiam
3321 2891 3437 2936 nte-

1869 2951 2049 3012 batur,
2094 2963 2163 3003 ne
2200 2948 2401 3019 absque
2432 2948 2798 3019 imperialium
2838 2950 3120 3002 missorum
3157 2952 3442 3019 priesentia

1872 3019 2208 3075 consecratio
2232 3017 2405 3087 ﬁeret)
2431 3017 2619 3087 legatis
2645 3017 2744 3073 fuit
2762 3019 3084 3087 permisSum
3107 3017 3173 3073 ut
3193 3021 3441 3075 electioni
3470 3036 3475 3053 ν

1869 3090 2210 3153 interessent,
2225 3089 2362 3143 libro
2379 3088 2676 3143 Pontiticali
2711 3097 2863 3151 teste,
2884 3097 3129 3157 potestne
3158 3089 3277 3143 libri
3305 3089 3445 3157 ejus-

1867 3159 1991 3213 dem
2044 3161 2366 3213 auctoritate
2408 3157 2681 3222 aﬁirmari,
2740 3159 2810 3214 ab
2847 3158 3085 3212 Adriano
3133 3157 3477 3214 facultatem‘

1868 3244 1989 3284 esse
2011 3243 2324 3283 concessam
2378 3246 2397 3277 ‹
2452 3228 2645 3283 Carolo
2673 3228 2901 3299 eligendi
2938 3228 3245 3299 pontiﬁcem
3273 3239 3328 3284 et
3359 3242 3440 3285 or-

1869 3299 2090 3353 dinandi
2118 3299 2467 3367 apostolicam
2491 3300 2707 3354 sedem?
2744 3298 2767 3350 ί
2798 3298 3025 3353 Perinde
3044 3309 3125 3353 est
3142 3300 3207 3353 de
3227 3299 3445 3365 Ottone,

1870 3368 1935 3423 ad
1964 3368 2304 3440 privilegium
2326 3384 2419 3421 seu
2458 3369 2691 3440 diploma
2727 3369 2894 3437 ipsius
2912 3410 2926 3434 ,
2955 3369 3108 3437 cujus
3140 3371 3446 3440 exemplum

1870 3448 1953 3493 est
1979 3438 2390 3501 Henriciannm,
2441 3438 2487 3492 si
2535 3439 2821 3508 respicias;
2861 3454 3019 3494 secus
3049 3440 3094 3493 si
3140 3438 3448 3495 consideres

1870 3524 1991 3577 quae
2022 3508 2111 3580 ilie
2134 3524 2199 3563 ac
2219 3510 2326 3580 duo
2362 3524 2703 3564 successores
2727 3510 3074 3579 cognomines
3098 3520 3444 3580 usurparunt.

1871 3579 2006 3634 Nam
2038 3578 2367 3649 Tusculanos
2412 3579 2637 3634 comites
2684 3578 2898 3645 imitati,
2926 3580 3125 3649 eligere
3168 3578 3284 3634 ausi
3325 3590 3451 3634 sunt

1870 3650 2144 3705 Romanos
2162 3648 2465 3717 pontiﬁces,
2495 3665 2601 3704 non
2628 3651 2785 3703 modo
2797 3658 2949 3704 extra
2971 3648 3169 3719 cerpus
3194 3650 3449 3705 Romana:

1872 3719 2167 3784 Ecclesiae,
2208 3719 2301 3773 sed
2352 3720 2514 3773 etiam
2569 3728 2722 3773 extra
2776 3721 3059 3789 episcopos
3104 3721 3446 3789 cardinales,

1872 3792 2016 3860 quod
2072 3790 2354 3860 manifeste
2399 3800 2600 3858 pugnat
2653 3805 2777 3843 cum
2813 3788 3135 3858 diplomate.
3184 3788 3450 3845 Henricus

1872 3859 2089 3935 quidem
2114 3859 2404 3935 Augustus,
2431 3873 2552 3935 qua:
2585 3867 2703 3935 erat
2752 3873 2869 3925 ejus
2898 3861 3201 3935 pietas,‘_n_e
3228 3860 3453 3935 verbum

1875 3926 2090 3996 quidem
2120 3928 2202 3979 sui
2228 3926 2537 3996 diplomatis
2565 3926 2838 3989 violasset,
2875 3926 2918 3981 si
2944 3926 3213 3994 pontiﬁcis
3259 3928 3455 3980 electio

1877 3995 2055 4064 aliqua
2078 4010 2143 4049 eo
2172 3996 2460 4063 superstite
2507 3995 2650 4064 facta
2676 4005 2838 4048 esset.
2872 3996 3076 4049 Idcirco
3105 3996 3246 4064 serio
3279 3997 3453 4048 anim-

1878 4063 2082 4119 adverti
2124 4063 2320 4116 debent
2361 4078 2480 4130 qua:
2526 4063 2612 4115 ille
2656 4063 2940 4115 conﬁrmat
2986 4064 3053 4115 ab
3105 4063 3171 4114 iis
3217 4064 3393 4118 verbis
3436 4078 3450 4117 :

1881 4133 2041 4187 Salva
2065 4133 2120 4185 in
2166 4130 2401 4184 omnibus
2435 4140 2684 4199 potestate
2736 4142 2933 4194 nostra,
2966 4140 3073 4184 etc.
3101 4131 3170 4185 Ut
3214 4132 3461 4187 videlicet

1879 4203 2055 4257 clerus
2079 4211 2134 4254 et
2160 4201 2404 4270 universa
2428 4199 2678 4270 nobilitas
2702 4208 3042 4254 sacramento
3059 4215 3117 4254 se
3140 4202 3462 4270 astringeret

1875 4271 2028 4340 juxta
2051 4269 2283 4340 Eugenii
2316 4269 2355 4322 Il
2385 4269 2845 4340 constitutionem,
2877 4270 3079 4323 nullum
3104 4269 3332 4326 electum
3360 4273 3459 4336 iri,

1882 4337 1986 4396 nisi
2029 4359 2047 4391 ‹
2097 4337 2353 4394 canonice
2392 4348 2446 4394 et
2474 4337 2651 4406 juste;
2718 4359 2736 4389 ι
2771 4348 2829 4393 ut
2854 4342 3132 4394 decretum
3183 4342 3464 4399 electionis

1814 4429 1861 4490 ο
1886 4426 2037 4490 more
2063 4409 2292 4490 pristino
2328 4410 2394 4490 ad
2444 4409 2819 4490 imperatorem
2856 4411 3182 4490 mitteretur,
3208 4413 3468 4490 quod,_ii-

1892 4490 1976 4536 cet
2005 4482 2058 4535 in
2087 4479 2376 4549 diplomate
2399 4494 2504 4533 non
2532 4479 2883 4547 exprimatur,
2924 4496 2990 4535 ex
3015 4495 3080 4535 eo
3109 4479 3289 4537 tamen
3317 4484 3468 4539 colli-
3494 4506 3499 4511 ι

1892 4553 2057 4622 gitur,
2087 4544 2210 4622 quia
2235 4549 2382 4603 missi
2413 4544 2875 4622 imperialesiante
2893 4553 3352 4622 consecrationem
3376 4570 3470 4609 ex-
3568 4544 3581 4557 ’

1894 4612 2170 4694 spectandi
2194 4628 2379 4694 erant;
2405 4612 2687 4694 propterea
2702 4620 2824 4675 liber
2848 4612 3199 4694 Pontiﬁca'lis,
3227 4633 3288 4677 ut
3306 4640 3468 4694 supra

1893 4689 1976 4764 est
1998 4692 2196 4764 dictum
2230 4689 2381 4758 (diss.
2413 4691 2468 4754 2,
2508 4704 2562 4742 η.
2597 4690 2685 4764 57,
2712 4706 2765 4764 p.
2816 4692 2938 4764 115)
2978 4692 3163 4764 183-
3184 4694 3325 4750 hanc
3357 4689 3470 4749 rem

1897 4761 2167 4844 luculente
2198 4767 2457 4844 testatui;
2499 4774 2564 4840 ac
2609 4761 2839 4844 denique
2885 4761 2945 4816 ut
2987 4761 3230 4844 pontifex
3282 4780 3474 4819 conse-

1898 4831 2130 4886 crandus
2154 4830 2510 4901 praesentibus
2541 4829 2910 4901 imperialibus
2931 4829 3110 4887 missis
3147 4847 3331 4887 coram
3357 4850 3473 4887 om-

1899 4903 2056 4955 nibus
2084 4898 2470 4968 professionem
2491 4914 2586 4953 seu
2614 4898 3026 4969 promissionem
3072 4902 3213 4955 illius
3242 4903 3472 4955 similem

1900 4970 2120 5033 faceret,
2144 4970 2433 5040 quamiLco
2456 4970 2527 5040 IV,
2553 4981 2741 5039 sponte
2765 4971 3026 5034 exhibuit,
3049 4971 3181 5025 etde
3200 4986 3307 5040 qua
3338 4972 3470 5023 satis

1900 5049 2267 5109 superqueest
2291 5039 2493 5109 dictum
2520 5039 2571 5092 in
2594 5042 2977 5109 superioribus.

1975 5110 2111 5163 XXI.
2152 5108 2417 5173 Quoniam
2468 5122 2598 5162 vero
2659 5107 2855 5162 eruditi
2892 5107 3097 5175 aliquot
3146 5107 3477 5161 recentiores

1903 5188 2050 5233 tanto
2084 5178 2281 5231 habent
2313 5177 2367 5229 in
2390 5176 2567 5243 pretio
2592 5178 2932 5245 privilegium
2968 5178 3021 5228 in
3064 5178 3170 5231 ﬁne
3202 5176 3365 5229 libelli
3411 5176 3478 5245 de

1900 5248 2163 5315 episcopis
2201 5245 2527 5299 Metensibus
2570 5244 2827 5315 Lothario
2879 5244 3016 5315 Aug.
3065 5255 3121 5298 et
3160 5244 3478 5315 Eugenio]!

1901 5306 2142 5385 pontiﬁci
2170 5315 2449 5385 tributum,
2480 5328 2655 5381 opera:
2680 5314 2913 5385 pretium
2942 5306 3184 5385 facturus
3212 5306 3331 5365 esse
3350 5306 3479 5367 mihi

1902 5382 2105 5445 videor,
2136 5384 2181 5437 si
2206 5382 2512 5445 ostendero,
2537 5382 3064 5436 consarcinationem
3088 5382 3266 5444 istam,
3291 5391 3350 5434 ut
3369 5395 3483 5435 me-

1905 5456 2010 5509 rito
2047 5453 2180 5507 illud
2208 5450 2543 5520 appellabam
2574 5450 2727 5520 (diss.
2762 5451 2815 5513 2,
2852 5466 2905 5520 n_.
2935 5446 3055 5520 53),
3094 5449 3379 5520 nihilnovi
3427 5451 3484 5505 in

1904 5517 2592 5593 pontiliciam'disciplinam
2617 5519 2834 5573 inferre.
2866 5517 3219 5593 Prmmittitur
3236 5519 3489 5593 inoppor-

1906 5588 2033 5647 tune
2090 5595 2524 5655 sacramentum,
2588 5602 2680 5641 seu
2728 5593 3097 5655 iuramentum
3146 5588 3420 5643 ﬁdelitatis
3461 5606 3492 5644 a

1907 5660 2165 5717 Romanis
2184 5654 2428 5726 praestari
2454 5655 2671 5710 solitum
2695 5654 3012 5727 imperatori
3040 5656 3109 5708 ab
3131 5657 3249 5724 ipsa
3270 5673 3469 5712 renova
