4030 6166
568 257 672 318 6‘25

562 442 687 514 22),
727 443 926 514 at_sine
957 443 1173 514 insolito
1195 443 1287 514 illo
1311 442 1601 514 principio,
1628 457 1823 514 magna
1845 457 1967 514 cum
1990 443 2135 495 iner-

564 510 642 569 tia'
668 510 899 567 conﬂato
930 528 998 568 ex
1027 511 1274 568 formulis
1312 510 1636 582 posterioris
1664 512 1765 566 aevi
1822 526 1836 565 :
1893 511 1946 565 id
1974 527 2135 580 quam

559 583 819 653 apposite,
849 592 962 653 tute
988 584 1158 638 vides.
1182 583 1436 652 Sequitur
1459 584 1558 636 sub
1578 582 1771 653 eodem
1796 590 2136 653 sacramento

560 649 846 722 promissio
867 652 1146 708 electionis
1178 649 1443 707 canonica:
1477 652 1741 722 θρέψειε.
1778 649 1850 703 At
1876 665 1976 722 ego
1997 649 2136 717 jam-

559 720 764 790 pridem
787 722 930 777 edidi
953 722 1317 791 fragmentum
1343 720 1567 776 concilii
1604 720 1982 791 lateranensis
2002 734 2135 791 qua:

557 788 679 870 tugr
700 788 1107 870 etseptuaginia
1131 792 1287 870 annis
1308 798 1432 870 ante
1455 791 1827 870 pontificatum
1850 789 2072 870 [ingenii
2092 788 2135 841 11

556 864 595 914 a’
606 860 799 929 Steph.
826 858 889 916 Ill
915 858 1105 927 habiti,
1133 863 1187 916 in
1219 877 1325 930 quo
1351 858 1771 928 Cbristophorus
1796 858 2135 930 primicerius

557 927 894 1002 notariorum
920 927 1273 1002 congregatos
1298 938 1480 1002 patres
1517 927 1597 1002 sic
1622 927 1914 997 alloquitur
1941 945 1954 979 :
1984 945 2003 977 ι
2031 927 2133 1002 As-

552 1001 713 1056 sertis
748 1003 803 1056 in
838 997 1213 1057 eadem'doino
1255 997 1568 1069 pusillitatis
1596 1014 1728 1053 mea:
1767 997 2135 1069 sacrosanctis

554 1070 753 1126 Christi
780 1079 1036 1141 quattuor
1079 1067 1392 1139 evangeliis,
1445 1076 1500 1123 et
1528 1067 1818 1123 venerabili
1855 1067 2131 1130 crismate,

555 1148 610 1195 et
628 1146 840 1195 caeteris
865 1141 960 1195 Dei
1007 1140 1304 1210 mysteriis,
1343 1146 1737 1210 sacramentum
1776 1145 1961 1191 mutuo
1995 1150 2133 1210 pra;-

554 1210 794 1275 buimus,
831 1211 975 1279 quod
1003 1206 1182 1264 nullus
1208 1217 1360 1264 extra
1387 1208 1551 1263 alium
1579 1207 1894 1279 electionem
1917 1206 2132 1279 pontifi-

554 1287 710 1336 catus
734 1276 951 1351 egisset,
978 1280 1074 1351 sed
1101 1294 1245 1343 eum,
1274 1293 1437 1348 quem
1469 1292 1536 1332 ex
1561 1292 1659 1332 suo
1703 1276 1930 1331 consilio
1954 1276 2131 1351 dirina

553 1344 1199 1421 prov'ide'ntiatribuisset
1223 1344 1543 1421 ex—corpore
1572 1354 1771 1421 sanctae
1799 1354 1998 1421 nostra?
2022 1344 2124 1399 Ee-

552 1416 751 1485 clesiaa,
780 1418 1028 1475 videlicet
1052 1419 1119 1474 de
1141 1418 1510 1474 sacerdotibus
1541 1425 1594 1472 et
1617 1416 1951 1479 diaconibus,
1974 1416 2128 1483 juxta

554 1490 713 1559 hujus
739 1490 1046 1561 apostolicae
1070 1490 1219 1561 sedis
1258 1488 1601 1561 traditionem
1629 1487 1785 1561 nobis
1809 1486 2127 1555 eligeremus

553 1558 849 1616 antistitem
884 1578 895 1613 :
925 1569 979 1615 et
1006 1559 1248 1629 praestita
1268 1558 1409 1629 inter
1428 1558 2123 1629 nosieodem’sacramento,

550 1647 737 1687 eorum
767 1624 1092 1685 credidimus
1117 1628 1413 1698 sponsioni,
1468 1627 1796 1682 afﬁrmantes
1839 1634 1894 1679 et
1922 1626 2045 1698 Aboc
2068 1624 2121 1677 in

548 1700 1091 1791 eodemnsacramenti
1116 1696 1335 1791 findere,
1370 1696 2122 1791 utnneminem-rtistieokrum
2158 1735 2198 1791 Β

550 1770 706 1838 huius
733 1771 988 1826 Romana:
1011 1769 1159 1823 urbis
1173 1767 1562 1835 subjacentium
1587 1775 1886 1838 castrorum
1909 1766 1963 1818 in
1983 1766 2124 1838 banc

550 1835 822 1896 civitatem
874 1840 1079 1909 ingredi
1117 1839 1570 1907 permitteremus.
1612 1858 1629 1889 ι
1676 1835 1880 1909 ίΝοιιιιθ
1903 1843 1959 1909 et
1980 1835 2125 1889 istud

517 1914 707 1979 -tonge
754 1906 1027 1978 antiquius
1074 1906 1470 1979 sacramentum
1521 1915 1625 1979 est,
1658 1908 1723 1961 de
1771 1906 2028 1979 canonica
2071 1912 2127 1957 et

550 1975 688 2050 iusta
709 1975 1004 2036 electione?
1047 1978 1257 2034 Eruditi
1285 1979 1358 2050 illi
1383 1978 1549 2047 igitur
1597 1978 1662 2050 de
1693 1992 1751 2030 re
1775 1990 1873 2050 usu
1902 1975 2016 2050 jam
2043 1990 2127 2050 re:

526 2044 702 2121 cepta
754 2050 1148 2119 digladientur,
1174 2056 1260 2129 ,ιιι
1301 2044 1662 2171 imperatoriae
1699 2045 1970 2113 majestati
2000 2044 2126 2126 navi

549 2120 769 2171 honoris
790 2120 990 2171 aliquid
1027 2120 1280 2171 tribuisse
1308 2133 1360 2171 γι
1398 2125 1607 2171 eantur.
1657 2116 1811 2171 Ouod
1841 2130 2039 2170 novum
2069 2130 2123 2168 ιιι

549 2115 769 2177 honoris
790 2115 990 2189 aiiquid
1027 2118 1280 2173 tribuisse
1308 2115 1607 2171 videantur.
1657 2116 1811 2182 Quod
1841 2130 2039 2189 novum
2064 2115 2123 2189 in

548 2206 611 2244 ea
638 2183 1101 2247 consarcinatione
1114 2189 1372 2251 occurrit,
1401 2198 1483 2241 est
1506 2202 1633 2256 pars
1655 2195 1916 2247 extrema,
1940 2183 2128 2238 videli-

526 2270 635 2316 =cet
672 2276 777 2316 non
825 2258 1251 2314 consecrandum
1306 2255 1613 2327 pontiﬁcem
1671 2257 1801 2327 sine;
1834 2255 2124 2323 prmsentia

546 2332 708 2385 unius
734 2329 885 2385 missi
907 2330 1221 2399 imperialis,
1256 2324 1324 2399 et“
1334 2327 1747 2399 promissionem
1779 2324 1975 2377 factam
2004 2340 2125 2399 esse

452 2406 458 2412 ’
545 2410 724 2470 sponte
742 2416 834 2470 per
860 2393 1110 2470 scriptum
1137 2393 1216 2470 ab
1230 2393 1470 2470 Eugenio
1491 2395 1554 2450 II.
1586 2395 1715 2470 Quae
1740 2393 2034 2470 exteroqui
2058 2394 2126 2447 ab

594 2463 752 2526 ttone'
779 2477 833 2524 et
858 2463 1091 2524 Henrico
1127 2468 1246 2522 falsi
1287 2463 1549 2537 arguitur,
1587 2463 1963 2537 substituendo
1992 2464 2126 2517 duos

551 2541 743 2595 saltem
764 2540 960 2593 missos
997 2539 1322 2606 imperiales,
1356 2534 1427 2591 'et
1484 2534 1895 2606 promissionem
1938 2541 2126 2606 sponte

548 2610 748 2663 factam
778 2623 806 2662 a
834 2609 1014 2662 Leone
1047 2603 1115 2661 IV
1140 2621 1371 2676 quorum
1427 2603 1678 2660 neutrum
1707 2619 1738 2657 a
1765 2603 1994 2676 veritate
2030 2604 2124 2657 ab-

548 2680 757 2733 horret.
806 2678 1001 2732 Fateor
1016 2672 1273 2746 equidem
1308 2675 1451 2730 haud
1492 2684 1653 2744 captu
1702 2672 1936 2743 proclive
1983 2688 2119 2746 esse,

547 2763 648 2804 cur
665 2747 927 2829 ejusmodi
951 2742 1627 2829 supp’ositionisauctor'in
1654 2742 1713 2797 re
1748 2752 1896 2829 certa
1937 2742 2126 2829 menti-

544 2827 635 2874 tus
659 2814 751 2873 sit.
780 2817 1002 2872 Summa
1018 2814 1175 2886 enim
1222 2814 1519 2886 disciplinae
1545 2828 1651 2886 una
1686 2814 1981 2886 eademque
2018 2820 2119 2866 est.

545 2887 813 2943 Prmterea
839 2886 1079 2941 Lotliarii
1107 2885 1194 2939 lex
1214 2881 1383 2951 certa,
1406 2900 1566 2955 quam
1594 2885 1706 2938 fere
1730 2881 2123 2955 lgh’omnem

545 2957 691 3023 Otto,
717 2966 772 3011 et
796 2956 1060 3012 Henricus
1085 2971 1182 3010 suo
1203 2954 1431 3025 quisque
1450 2954 1727 3024 diplomati
1756 2954 2119 3017 inseruerunt,

545 3026 1067 3085 consarcinationem
1096 3027 1254 3080 istam
1284 3027 1500 3095 penitus
1534 3025 1806 3079 amandat.

618 3097 777 3152 XXII.
819 3095 1027 3167 Negare
1052 3112 1160 3152 non
1197 3083 1403 3167 aus-im,
1430 3096 1497 3151 ab
1546 3095 1786 3163 Eugenio
1819 3090 1872 3167 _ll
1921 3092 2123 3160 aliquid
2149 3083 2195 3150 C

543 3167 667 3239 novi
688 3162 1041 3223 constitutum
1067 3182 1185 3223 esse
1208 3182 1378 3239 super
1386 3162 1695 3239 juramento
1709 3178 1754 3239 _a
1785 3162 1930 3239 clero
1957 3176 2126 3239 popu-

551 3238 710 3307 loque
739 3239 981 3292 Romano
1003 3231 1321 3307 prmstando
1350 3231 1417 3290 de
1464 3235 1645 3307 futura
1674 3231 1935 3307 electione
1972 3231 2126 3307 juxta

548 3301 811 3373 canones;
854 3316 909 3361 at
938 3301 1203 3376 siquando
1226 3321 1257 3360 e
1282 3306 1389 3362 situ
1416 3312 1581 3376 eruta
1599 3301 1902 3376 brujusntodi
1925 3303 2128 3376 eonsti-

546 3378 684 3433 tutio
710 3370 966 3448 emerget,
982 3370 1208 3448 certum
1233 3377 1345 3448 scio
1372 3391 1491 3431 eam
1512 3370 1734 3448 minime
1761 3370 2125 3448 exbibituram

547 3441 947 3502 sacramentum
968 3446 1244 3501 ﬁdelitatis
1258 3444 1567 3515 imperatori
1582 3442 1963 3515 prmstandum.
1991 3441 2124 3495 Nam

546 3515 671 3572 Otto
697 3524 752 3571 et
781 3516 1045 3570 Henricus
1070 3512 1352 3585 perspicue
1379 3512 1608 3585 docent,
1635 3513 1689 3566 in
1707 3527 1784 3585 _eo
1814 3512 1974 3585 situm
2006 3524 2125 3565 esse

544 3586 675 3640 rleri
692 3585 993 3654 populique
1031 3582 1447 3646 sacramentum,
1476 3590 1536 3637 nt
1563 3582 1757 3654 electio
1784 3582 2031 3654 canonice
2077 3589 2124 3654 et

538 3655 682 3719 juste
703 3649 845 3722 Ἦᾱι,
885 3649 1004 3721 qua:
1027 3663 1144 3708 erat
1170 3654 1378 3707 indoles
1408 3654 1551 3706 illius
1587 3651 1687 3705 aevi
1714 3650 1767 3702 in
1816 3649 2126 3722 eapitulari-

546 3725 668 3788 bus,
691 3719 917 3791 aliisque
936 3723 1297 3777 monumentis
1320 3737 1595 3790 expressa,
1627 3722 1770 3791 quod
1792 3719 2123 3772 eruditorum

549 3794 822 3848 neminem
864 3792 1027 3847 latere
1053 3793 1305 3847 arbitror.
1347 3791 1416 3846 Ut
1456 3800 1637 3845 autem
1665 3790 1843 3844 clerus
1876 3797 1929 3840 et
1957 3803 2125 3857 popu-

547 3864 633 3918 lus
656 3878 721 3919 eo
746 3871 1085 3917 sacramento
1106 3876 1165 3917 se
1195 3862 1578 3931 astringerent,
1603 3859 1864 3929 imperiali
1894 3859 2125 3912 auctori-

546 3942 660 3988 tate
698 3931 998 4001 injuuctum
1037 3933 1140 3988 sibi
1189 3946 1309 3987 esse
1355 3947 1464 3987 non
1513 3931 1854 4001 ignorarent,
1907 3942 2125 4001 necesse

546 4012 684 4058 erat.
719 3998 934 4058 Utinam
956 4001 1175 4058 fortuna
1199 4003 1386 4057 eadem
1416 4018 1513 4057 usa
1537 3998 1649 4054 non
1669 4008 1813 4054 esset
1838 3998 2125 4067 promissio

548 4089 579 4143 ει
604 4073 784 4129 Leone
806 4072 874 4127 IV
910 4081 1100 4142 sponte
1118 4072 1264 4127 facta
1296 4089 1389 4143 pro
1418 4073 1653 4143 omnium
1673 4069 2047 4143 s_atis[uctio_ne,
2076 4078 2122 4123 et

553 4142 735 4212 futura
761 4137 1166 4197 conserbatione.
1194 4143 1270 4196 Ea
1291 4137 1576 4211 siquidem,
1603 4140 1706 4212 nisi
1736 4137 1857 4209 quis
1885 4137 2013 4212 velit
2034 4154 2124 4212 no:

548 4208 675 4267 vum
704 4222 866 4281 atque
892 4212 1190 4267 inauditum
1222 4208 1384 4268 ritum
1428 4212 1480 4266 in
1531 4208 1859 4265 creationem
1886 4208 2123 4281 Romani

620 4277 819 4337 ntiticis
846 4282 1232 4347 introductum,
1262 4280 1527 4352 professio
1564 4291 1710 4352 erat,
1735 4296 1855 4348 quae
1882 4280 1936 4332 in
1983 4277 2123 4352 libro

592 4351 928 4431 iurnoandit
962 4348 1560 4431 indiculum—pentiﬁcis
1598 4349 1857 4431 .(Gai'ner.
1880 4419 1890 4429 θ
1916 4363 2032 4417 cap.
2064 4348 2117 4411 2,

1446 261 1502 315 Β.
1542 260 1791 317 (ῑΑιιοιι
1832 259 2043 314 MAGNI
2083 257 2235 313 OPP.
2277 256 2453 311 PARS
2493 259 2530 310 I.
2575 257 2834 315 SECTIO.
2875 258 2961 314 III.

566 376 711 444 tione
736 375 887 444 imp.,
927 382 984 427 ut
1010 370 1136 444 alibi
1172 373 1534 444 demonstravi
1564 374 1716 444 (diss.
1768 374 1819 438 I,
1851 388 1909 425 ιι.
1957 374 2049 444 ita,
2075 387 2129 440 p.
2163 381 2210 438 Α
2238 370 2545 444 quindecim
2593 372 2988 444 ordinationem

3033 373 3305 448 praecessit
3322 412 3337 439 ,
3369 375 3572 448 diutius
3601 392 3819 448 quoque

2276 440 2586 495 itferendam
2608 479 2623 504 ,
2652 442 2756 511 nisi
2783 440 3079 511 periculurn
3106 443 3235 497 Urbi
3270 444 3561 500 imminens
3588 440 3817 501 {Sara-

2238 511 2404 583 cenis,
2432 511 2626 583 negligi
2648 510 2944 583 jussionem
2967 513 3226 581 principis
3255 516 3539 583 coegisset,
3558 525 3616 569 ut
3649 526 3819 571 testa—

2238 527 2404 574 cems,
2432 527 2626 634 nemigi
2648 527 2944 578 jussuonem
2967 527 3226 581 principis
3255 527 3539 583 coegisset,
3558 527 3616 569 ut
3649 527 3817 571 testa-

2238 587 2325 633 tur
2351 581 2487 651 Iiber
2556 580 3003 651 ontiticalissQua
3034 583 3250 651 quidem
3274 584 3327 636 in
3350 584 3686 651 professione
3707 602 3817 641 non

2234 659 2317 703 est
2341 649 2722 723 dubiumquin
2760 664 2823 705 ea
2856 650 2976 704 'Leo
3009 649 3078 706 IV
3115 649 3414 723 radjecerit,
3445 655 3643 723 quibus
3692 672 3820 711 cum

2238 719 2502 795 sententia
2530 719 2879 795 diplpmatum
2905 720 3216 795 conveniret
3244 740 3256 774 :
3289 719 3699 795 Promi'ssionem
3721 742 3855 795 praf

2233 790 2866 859 omniumisatisfactione,
2895 799 2944 859 et
2970 790 3151 858 futura
3197 794 3615 859 conservatione,
3665 790 3821 847 aiunt

2234 856 2368 933 Otto
2386 870 2441 912 et
2464 856 2747 922 Henricus,
2779 856 2988 933 qualern
3013 858 3216 933 donnns
3237 870 3292 933 et
3316 856 3636 933 venerandus
3657 866 3820 933 spiri-

2236 927 2396 999 tualir
2418 938 2778 999 patennoster
2804 927 2906 999 Leo
2941 927 3708 999 sponterfeeissedignoscituf.

2308 996 2468 1067 185
2486 996 2670 1068 XXIII.
2688 997 2932 1059 Mentiar,
2951 996 3054 1068 nisi
3074 998 3277 1068 additio
3301 998 3390 1052 il-la
3411 996 3499 1053 bic
3523 1000 3818 1068 indicatur,

2232 1080 2351 1136 qua:
2375 1066 2425 1118 in
2451 1066 2782 1134 professione
2808 1075 2995 1122 contra
3018 1066 3311 1121 indiculum
3331 1069 3607 1136 publicata
3630 1089 3661 1126 a
3686 1066 3826 1127 Gar-

2231 1135 2383 1190 nerio
2408 1144 2602 1199 exstat,
2632 1137 2723 1190 ubi
2745 1138 2810 1191 de
2829 1135 3082 1190 Ecclesiae
3102 1137 3261 1190 rebus
3285 1135 3389 1191 nan
3416 1139 3717 1196 alienandis
3736 1143 3821 1198 sic

2228 1206 2469 1275 pontifex
2495 1206 2813 1274 profitetur:
2839 1206 2905 1259 Et
2920 1207 3271 1275 indimimttas
3304 1224 3384 1260 res
3418 1207 3673 1263 Ecclesia:
3693 1228 3823 1266 can-

2229 1274 2435 1328 servare
2473 1276 2669 1345 (neque
2704 1276 2959 1339 alienare,
2983 1289 3077 1329 seu
3109 1277 3161 1329 in
3194 1274 3432 1340 fendum,
3457 1293 3706 1343 censum,
3736 1283 3823 1334 vel

2228 1344 2663 1418 emphytbeusim
2702 1346 2851 1418 dare,
2899 1345 3330 1418 quomodolibet,
3371 1362 3436 1399 ex
3491 1363 3825 1418 quacunque

2228 1414 2411 1484 causa)
2442 1424 2503 1485 et
2546 1423 2602 1485 ut
2640 1414 2968 1469 indiminutte
3009 1414 3372 1485 custodiantur
3408 1414 3618 1485 operam
3664 1414 3819 1474 dare.

2227 1484 2484 1549 Quamvis
2518 1484 2661 1538 enim
2684 1485 2862 1553 quarti
2883 1484 3078 1538 Leonis
3112 1492 3352 1551 tempore
3372 1484 3649 1541 hauddum
3673 1487 3819 1544 feudi

2228 1570 2422 1607 nomen
2469 1554 2754 1618 obtineret,
2790 1555 3183 1623 posterioribus
3218 1562 3395 1608 tamen
3427 1557 3663 1620 saeculis,
3694 1574 3819 1613 cum

2224 1623 2489 1691 professio
2513 1624 2615 1678 ista
2644 1640 2742 1678 usu
2773 1630 2985 1692 recepta
3012 1632 3153 1686 erat,
3178 1625 3403 1677 mutatio
3428 1626 3591 1679 unius
3612 1630 3821 1684 vocula:

2225 1693 2365 1748 facta
2389 1695 2507 1758 fuit,
2525 1703 2582 1747 ut
2602 1710 2688 1747 res
2704 1693 3098 1762 significantius
3117 1694 3531 1760 exprimeretur.
3549 1696 3715 1751 Certe

2226 1713 2365 1748 lauta
2389 1713 2507 1758 lUIl,
2525 1713 2582 1747 ιιι
2602 1713 2688 1747 res
2704 1713 3098 1762 Slgmucanuus
3117 1713 3531 1760 exprimeretur.
3549 1713 3715 1751 bene

2226 1764 2508 1831 portunior
2534 1765 2749 1819 occasio
2778 1766 2892 1817 luce
2914 1762 3202 1830 adjiciendi
3225 1780 3319 1833 pro
3341 1766 3575 1818 omnium
3601 1713 3821 1891 8αεὶεὲιῖ

2226 1833 2392 1887 ctione
2433 1845 2479 1887 et
2525 1834 2705 1891 [mura
2745 1834 3148 1888 conservatione.
3184 1847 3245 1886 se
3277 1849 3553 1891 nunquam
3597 1838 3719 1890 olvtu
3746 1839 3758 1849 '
3788 1877 3808 1891 .

2226 1833 2392 1887 ctione
2433 1845 2479 1887 et
2523 1834 2705 1903 fumra
2745 1834 3148 1888 conservatione.
3184 1847 3245 1886 se
3277 1849 3553 1903 nunquam
3597 1833 3808 1901 obtulit,

2225 1918 2386 1975 quam
2417 1912 2540 1973 post
2554 1904 2725 1975 Sergii
2754 1904 2795 1956 II
2821 1903 3392 1975 pontificatum,qu_em
3420 1906 3689 1975 incompta
3711 1907 3805 1961 ad-

2227 1974 2440 2047 modum
2462 1974 2601 2047 ston
2617 1972 2945 2047 descriptum
2960 1972 3161 2047 videsis
3180 1988 3266 2047 ap.
3280 1973 3469 2047 Vignol
3493 1990 3581 2028 um
3599 1972 3809 2047 (Anast.

2228 2050 2355 2096 tom.
2376 2043 2439 2098 Ill
2465 2042 2525 2096 ini
2543 2043 2692 2111 Serg.
2718 2042 2803 2107 II,
2828 2059 2857 2097 a
2876 2059 2929 2095 ιι.
2953 2042 3023 2095 40
3042 2042 3109 2095 ad
3130 2042 3219 2111 ιδ)
3243 2057 3339 2096 seu
3363 2045 3541 2112 potius
3560 2042 3628 2099 ex
3646 2062 3817 2101 mem-

2223 2112 2406 2167 branis
2426 2113 2770 2167 Farnesianis
2791 2112 3199 2182 diligentissime
3214 2123 3529 2181 excerptum
3544 2116 3614 2168 ab
3632 2119 3813 2171 crudi-

2224 2182 2342 2254 tiss.
2365 2183 2597 2254 praesule
2610 2182 2811 2254 Eritne.
2838 2181 3170 2254 Blanchinio,
3186 2198 3283 2251 per
3304 2198 3390 2237 me
3409 2183 3530 2237 alibi
3552 2184 3610 2237 in
3632 2185 3813 2240 hit-cm

2224 2251 2426 2323 editum
2450 2253 2537 2323 (G.
2573 2252 2814 2323 I755,7p.
2838 2252 2983 2323 292).
3010 2251 3410 2321 Qualiscunque
3436 2263 3610 2306 autem
3642 2253 3810 2309 fuerit

2225 2320 2487 2391 professio
2513 2323 2708 2377 Leonis
2728 2320 2815 2383 IV.
2846 2338 2908 2377 ea
2934 2320 3115 2376 missis
3141 2320 3508 2391 imperialibus
3528 2328 3808 2393 praesenti-

2224 2394 2331 2464 bus
2355 2401 2479 2447 ante
2506 2392 2966 2447 consecrationem
2995 2392 3110 2445 fieri
3137 2393 3446 2464 principitnr
3480 2392 3539 2447 in
3577 2404 3813 2464 utroque

2226 2461 2535 2530 diplomate.
2568 2464 2761 2529 Quam,
2794 2464 2919 2531 quia
2949 2463 3256 2516 necessario
3282 2467 3484 2531 absque
3518 2461 3812 2520 missorum

2224 2533 2511 2601 praesentia
2543 2533 2648 2586 Leo
2672 2533 2944 2601 praestitit,
2976 2542 3166 2601 sponte
3194 2532 3337 2585 illam
3366 2532 3558 2586 fecisse
3586 2535 3811 2588 dicitur.

2224 2600 2351 2655 Jure
2390 2612 2569 2656 autem
2621 2600 2691 2657 ac
2728 2604 2920 2656 merito
2971 2600 3325 2670 iniquissimis
3368 2603 3430 2657 iis
3471 2604 3809 2672 temporibus

2226 2672 2598 2742 instaurantur
2631 2675 2845 2727 decreta
2873 2673 3096 2742 Eugenii
3128 2672 3171 2726 ll
3197 2676 3265 2727 de
3298 2673 3548 2727 canonica
3580 2682 3635 2727 et
3656 2672 3813 2742 justa

2225 2741 2518 2807 electione;
2549 2752 2603 2796 et
2640 2743 2835 2797 Leonis
2864 2742 2931 2797 IV
2957 2741 3021 2797 de
3061 2743 3464 2797 consecratione
3492 2741 3679 2798 coram
3710 2745 3816 2799 im-

2225 2812 2517 2882 perialibus
2564 2812 2774 2882 legatis.
2818 2812 2952 2866 Nam
2988 2821 3280 2881 antequam
3319 2813 3371 2866 in
3417 2813 3671 2867 diuturna
3722 2815 3813 2869 illa

2228 2883 2511 2938 vacatione
2555 2882 2767 2952 imperii
2798 2883 2977 2937 saeculi
3029 2882 3223 2937 decimi
3253 2882 3521 2952 Ecclesiae
3557 2884 3817 2940 Romanae

2227 2952 2510 3021 disciplina
2539 2951 2714 3007 omnis
2743 2954 3200 3021 pessumdaretur,
3230 2951 3466 3007 Joannes
3494 2954 3566 3008 IX
3606 2964 3814 3009 utrum-

2226 3037 2331 3091 que
2361 3023 2656 3092 collapsum
2693 3023 2750 3076 in
2790 3023 3033 3078 Romano
3078 3024 3305 3078 concilio
3351 3025 3659 3090 restituere,
3688 3025 3811 3079 licet

2227 3093 2609 3164 nequidquam,
2652 3093 2816 3164 nixus
2858 3102 2973 3147 erat
3003 3093 3181 3163 (Diss.
3223 3094 3275 3157 2,
3324 3108 3379 3146 n.
3427 3093 3517 3156 40,
3551 3109 3606 3164 p.
3655 3095 3808 3164 118),

2228 3162 2524 3235 ριίοῳισίιι
2550 3163 2781 3235 concilio
2800 3162 3070 3235 Ravenna:
3097 3164 3439 3235 babito(Bar.
3473 3162 3599 3227 90$,
3626 3183 3680 3220 ιι.
3712 3162 3811 3231 l6;

2227 3231 2408 3287 Labbe
2428 3241 2565 3303 tom.
2595 3231 2685 3297 IX,
2713 3248 2767 3301 p.
2798 3232 2925 3303 509)
2950 3234 3276 3303 querebatur
3299 3231 3418 3302 cap.
3447 3251 3524 3290 vn
3554 3236 3815 3291 violatum

2227 3317 2348 3376 esse
2387 3301 2621 3376 diploma
2665 3301 2940 3376 imperiale
2968 3301 3222 3376 ‘Widonis
3251 3301 3609 3376 etLamberti
3640 3306 3813 3376 Augg.

2225 3368 2537 3444 nlienando,
2581 3368 2769 3444 seujin
2804 3387 3027 3428 censum
3063 3374 3144 3444 vel
3188 3375 3583 3444 empbyteusim
3639 3368 3816 3430 dando

2226 3441 2832 3526 Ecclesizeubonafbiss.
2862 3444 2918 3526 ,
2946 3459 3001 3497 ιι.
3024 3442 3146 3526 ὄξμ
3176 3441 3529 3526 quamobrem
3552 3448 3622 3526 ab
3646 3446 3815 3526 iinpg.

2226 3520 2405 3568 ratore
2444 3512 2992 3579 aliquod'remedium
3037 3512 3216 3568 afferri
3257 3513 3609 3582 efﬂagitabat.
3662 3512 3816 3571 Unde

2225 3590 2371 3652 patet
2396 3597 2558 3651 quam
2584 3583 2886 3637 necessaria
2921 3592 3064 3638 esset
3089 3584 3155 3638 iis
3182 3585 3513 3652 temporibus
3543 3587 3813 3641 instaura-

2228 3653 2300 3706 tio
2336 3652 2628 3721 imperialis
2666 3653 3037 3715 auctoritatis,
3077 3667 3144 3707 ne
3191 3654 3381 3708 horum
3418 3654 3619 3710 similia
3665 3671 3816 3711 como

2225 3723 2587 3786 mitterentur,
2615 3723 2774 3777 modo
2800 3723 3029 3793 Augusti
3058 3722 3361 3778 Germaniae
3402 3723 3656 3780 Camlum
3704 3725 3811 3779 Ma—

2225 3806 2387 3862 gnum
2418 3800 2765 3862 posterosque
2804 3792 2919 3860 ejus
2958 3792 3186 3847 fuissent
3216 3794 3439 3857 imitati,
3467 3797 3722 3858 scientes,
3751 3811 3809 3849 se

2225 3860 2527 3931 suscepisse
2553 3860 2746 3932 Urbem
2787 3863 3035 3916 divinitus
3061 3864 3471 3932 gubernandum,
3502 3876 3550 3918 et
3585 3865 3807 3919 Matrem

2225 3932 2455 4004 omnium
2493 3930 2829 4004 ecclesiarum
2847 3932 2957 4004 _Dei
3000 3930 3399 4004 defendendam,
3445 3944 3597 4004 atque
3645 3935 3805 4004 subli—

2226 4000 2493 4121 inandam,
2525 4010 2583 4055 ut
2624 4001 2803 4076 aiebat
2846 4001 3149 4057 Ludovicus
3192 4002 3233 4056 II
3264 4004 3317 4056 in
3357 4000 3520 4073 epist.
3543 4005 3610 4057 ad
3650 4003 3801 4056 Basi—

2247 4086 2377 4121 tum.

2247 4086 2377 4124 tum.

2295 4140 2481 4193 XXIV.
2524 4139 2655 4206 Quae
2707 4149 3037 4210 sequuntur,
3065 4140 3178 4210 jam
3227 4142 3340 4196 dixi
3383 4143 3431 4196 in
3469 4138 3789 4210 przccedenti

2222 4210 2600 4264 dissertatione
2624 4211 2902 4279 desumpta
2930 4226 3049 4266 esse
3069 4209 3138 4266 ex
3159 4212 3399 4265 Lotharii
3416 4209 3799 4265 constitutione

2222 4279 2459 4350 Eugenio
2500 4280 2543 4333 ll
2591 4282 2959 4336 consentiente
2998 4297 3138 4335 anno
3182 4281 3307 4345 824,
3357 4282 3539 4337 ordine
3585 4288 3803 4333 tantum

2224 4365 2405 4421 rerum
2439 4351 2741 4421 immutata,
2762 4351 3057 4421 verbisque
3086 4352 3408 4420 quandoque
3436 4351 3555 4405 aliis
3594 4350 3810 4403 adbibi-

544 4429 587 4475 t.
617 4420 651 4476 9
676 4422 777 4492 )_et
801 4436 831 4473 a
866 4421 1062 4492 saeculo
1103 4436 1134 4472 x
1177 4419 1433 4492 appellari
1453 4419 1638 4492 erepit
1671 4419 1925 4492 professio
1946 4457 1961 4481 ,
2001 4434 2120 4492 qua:
2150 4432 2199 4492 υ
2224 4421 2313 4492 tis.
2344 4419 2520 4492 linum
2570 4420 2662 4492 hie
2699 4420 2833 4474 mihi
2882 4419 3182 4492 addendum
3214 4436 3334 4476 esse
3363 4422 3540 4486 video,
3582 4420 3810 4490 Pagium

545 4487 869 4558 sequebatur
907 4489 1186 4545 decretum
1218 4487 1517 4553 electionis,
1542 4487 1678 4551 sive,
1716 4495 1776 4540 ut
1823 4487 2121 4558 meliusdi-

550 4556 694 4623 cain,
725 4559 1145 4613 consecrationis
1165 4557 1377 4612 initium
1402 4567 1546 4622 erat,
1579 4556 1884 4613 necessaria
1913 4556 2120 4612 scilicet

550 4642 704 4682 mora
731 4627 1045 4696 interposita
1083 4629 1361 4683 :breviori
1384 4669 1399 4692 ,
1431 4629 1554 4683 dum
1591 4625 1925 4696 consecratio
1951 4626 2120 4681 libera

548 4695 830 4753 Dominico
877 4695 1083 4751 tantum
1142 4698 1228 4752 die
1265 4699 1332 4751 ab
1384 4698 1643 4753 electione
1677 4695 2116 4764 disjungebatur;

547 4765 814 4838 longiori,
863 4768 988 4838 dum
1022 4766 1226 4838 decreti
1276 4768 1614 4822 continuatio
1650 4766 2062 4838 exspectabatur
2088 4782 2119 4818 a

549 4834 823 4907 principe,
881 4836 1104 4906 ejusque
1159 4837 1455 4906 legatorum
1510 4834 1789 4890 adventus.
1830 4834 2120 4904 Utramque

549 4921 665 4978 rem
704 4908 1056 4978 temporibus,
1086 4907 1241 4978 queis
1268 4922 1562 4969 versamur,
1592 4912 1947 4978 monumenta
1973 4921 2119 4978 eom-

547 4977 796 5045 probant.
817 4974 1043 5033 Adriani
1066 4974 1379 5033 electionem
1412 4992 1552 5031 anno
1591 4976 1695 5029 772
1715 5014 1731 5038 ,
1772 4978 1910 5045 'cum
1943 4974 2120 5031 clerus

550 5043 605 5100 et
639 5046 865 5117 pepulus
899 5048 1052 5117 plena
1092 5046 1339 5117 libertate
1370 5048 1676 5117 utebantur,
1724 5053 1781 5099 ut
1808 5043 1989 5117 videre
2034 5054 2119 5099 est

549 5113 1036 5186 aprabillonium
1060 5116 1155 5187 (lt.
1179 5116 1305 5171 Ital.
1329 5128 1461 5171 tom.
1488 5116 1527 5177 Ι,
1555 5130 1672 5184 par.
1700 5131 1760 5179 ιι,
1795 5113 1964 5187 p.58)
1992 5128 2119 5167 con-

550 5184 702 5241 tinuo
714 5194 835 5255 post
854 5184 1130 5242 decretum
1152 5187 1439 5251 ordinatio,
1469 5202 1562 5240 seu
1575 5184 1907 5255 consecratio
1935 5190 2117 5255 secuta

549 5264 633 5327 est
655 5273 677 5327 κε
715 5253 738 5306 ἱ
767 5257 996 5327 Explicit
1028 5256 1241 5314 electio.
1274 5256 1392 5327 Ipse
1424 5256 1586 5327 etiam
1609 5269 1729 5308 ven.
1773 5253 2042 5327 adria‘nus
2064 5254 2117 5307 in

551 5325 705 5381 initio
728 5322 1082 5383 ordinationis
1103 5341 1212 5382 suae
1238 5322 1532 5381 indiculum
1571 5332 1733 5378 rectae
1781 5322 1902 5377 fidei
1934 5322 2120 5391 hujus-

551 5394 696 5466 modi
713 5399 1019 5466 composuit
1048 5415 1060 5449 :
1095 5397 1229 5466 Ego,
1243 5404 1391 5466 etc.i
1414 5394 1741 5466 Econtrarie
1767 5392 1958 5466 electio
1983 5393 2118 5446 Leo—

551 5464 636 5518 nis
654 5464 739 5528 IV,
768 5460 892 5535 quia
921 5460 1207 5536 Sergius'll
1240 5465 1577 5536 privilegium
1604 5460 1866 5536 Lotbario
1906 5477 2122 5536 conces-

552 5541 726 5596 serat,
768 5531 828 5591 iit
863 5550 1013 5591 more
1026 5531 1272 5610 'pristino
1306 5531 1582 5610 decretum
1621 5531 1899 5610 electionis
1926 5533 2120 5610 conlir:

555 5609 743 5663 maret,
782 5600 1086 5674 novumque
1138 5604 1190 5658 in
1243 5618 1447 5659 morem
1489 5605 1695 5674 legatos
1743 5600 1998 5674 mitteret,
2027 5600 2120 5668 qui

556 5672 945 5727 consecrationi
978 5668 1248 5740 adessent,
1278 5674 1484 5730 duobus
1527 5668 1801 5730 mensibus
1827 5668 2122 5738 diebusque

2224 4490 2473 4560 videlicet
2515 4489 2861 4560 eruditosque
2910 4490 3063 4556 alios,
3103 4492 3195 4560 qui
3243 4506 3361 4545 eam
3406 4489 3809 4552 conditionem,

2224 4559 2377 4631 salva
2414 4560 2468 4613 in
2492 4559 2741 4631 ‘omnibus
2775 4569 3025 4629 potestate
3053 4559 3252 4625 nostra,
3281 4571 3411 4625 etc.,
3436 4561 3505 4615 ad
3528 4561 3817 4631 superiora

2230 4628 2390 4697 186
2424 4627 2679 4702 referunt,
2717 4627 2827 4683 ictu
2855 4631 3072 4702 ancipiti
3104 4646 3223 4700 quae
3246 4631 3558 4700 praecedunt
3596 4627 3654 4685 et
3692 4646 3818 4702 qua:

2226 4707 2524 4777 sequuntur
2552 4698 2856 4777 destruere.
2889 4698 2947 4777 _Si
2975 4698 3138 4777 enim
3156 4698 3509 4769 imperatores
3538 4698 3821 4769 quascun-

2225 4782 2330 4888 que
2351 4780 2437 4820 res
2458 4767 2598 4835 juris
2622 4770 2900 4837 apostolici
2925 4767 3291 4835 conﬁrmatas,
3317 4767 3572 4840 supremo
3597 4780 3820 4825 tantum

2262 4837 2464 4888 ominiu
2483 4836 2584 4888 sibi
2607 4848 2881 4888 reservato
2902 4841 2953 4888 in
2978 4840 3260 4888 dumtibus
3274 4840 3483 4888 Tusciae
3497 4849 3553 4888 et
3580 4840 3818 4888 Smieti-

2262 4837 2464 4910 ominio
2483 4836 2598 4910 sibi
2607 4836 2881 4910 reservato
2901 4841 2953 4892 in
2978 4840 3260 4910 ducatibus
3274 4836 3483 4894 Tuscia:
3497 4849 3553 4895 et
3580 4840 3819 4910 Spoleti,

2224 4906 2530 4980 conditione
2563 4906 2654 4980 illa
2689 4908 3156 4980 eomplectuntur,
3206 4908 3364 4963 fallax
3402 4910 3567 4980 igitur
3611 4906 3824 4965 confir-

2227 4976 2392 5048 matio
2436 4984 2547 5048 est.
2571 4976 2629 5048 In
2685 4976 2913 5032 Romani
2960 4987 3140 5033 autem
3187 4976 3459 5048 pontificis
3505 4982 3822 5045 creatione,

2225 5046 2863 5120 necdecretieleciionis
2892 5046 3266 5120 conﬁrmandi,
3305 5051 3640 5120 neclegatos
3686 5052 3814 5106 mit-

2227 5116 2389 5188 tendi,
2429 5135 2447 5167 ι
2483 5116 2574 5185 qui
2605 5118 2914 5172 violentiam
2941 5125 2995 5171 et
3019 5119 3272 5173 scandala
3305 5120 3359 5173 in
3381 5116 3508 5188 ejus
3523 5136 3829 5176 consecra-

2226 5185 2370 5254 tione
2404 5202 2509 5241 non
2556 5188 2841 5254 pemittant
2867 5188 3003 5253 fieri,
3051 5208 3068 5240 ι
3101 5196 3161 5242 ut
3200 5185 3514 5245 decernitur
3542 5190 3596 5244 in
3629 5192 3827 5247 conci-

2224 5253 2519 5328 lio_Joanni
2548 5253 2620 5310 IX
2646 5266 2884 5328 potestas
2918 5258 3025 5312 ulla
3072 5259 3494 5328 imperatoribus
3537 5271 3824 5325 remanet,

2222 5325 2315 5379 sed
2359 5325 2753 5381 consecrationi
2797 5329 3057 5381 duntaxat
3092 5325 3353 5384 interesse
3398 5330 3659 5385 videntur
3692 5346 3825 5387 cum

2221 5394 2366 5466 eiero
2390 5404 2444 5447 et
2470 5398 2685 5465 populo,
2714 5398 2979 5452 incertum
3007 5412 3112 5466 quo
3130 5396 3254 5464 jure
3278 5398 3505 5453 Romam
3532 5403 3824 5455 venerint.

2222 5464 2264 5517 Ε
2289 5464 2560 5519 contrario
2582 5467 2626 5521 si
2654 5467 2891 5520 conditio
2912 5466 2999 5519 illa
3025 5464 3305 5522 referatur
3348 5471 3415 5523 ad
3455 5470 3820 5525 constitutio-

2223 5548 2345 5607 nem
2367 5534 2587 5607 Eugenii
2618 5538 2660 5590 ll
2691 5544 2746 5590 et
2775 5550 3165 5607 successorum,
3198 5554 3304 5607 qua
3331 5538 3598 5607 imperiali
3624 5551 3817 5595 aucto-

2222 5603 2384 5657 ritate
2401 5606 2588 5678 ‘clerns
2633 5615 2687 5678 e_t
2722 5605 2948 5678 populus
2974 5603 3309 5678 sacramento
3337 5603 3736 5678 astringantur
3755 5610 3823 5663 ad

2221 5674 2534 5728 canonicam
2564 5685 2617 5731 et
2652 5674 2852 5741 justam
2883 5675 3221 5740 electionem,
3250 5685 3300 5731 et
3335 5678 3402 5732 ad
3446 5674 3823 5745 spontaneum

3713 226 3868 319 est

3836 783 3863 829 ὲ

3842 832 3869 859 ι
