2015 3083
107 88 164 117 749
184 88 272 117 con.
292 66 566 121 nire—Mortua,
581 88 668 123 ETC.,
681 88 748 117 seu
761 87 838 116 con.
850 87 1292 117 CAROLlNUS.—APP.—EPP.
1311 88 1485 117 RUDOLPlIl
1497 89 1561 116 L—
1575 90 1638 117 LIB.
1657 89 1677 118 1.
1699 90 1751 119 περ

103 136 233 173 perdita,
253 144 309 163 suo
324 139 366 173 est
377 143 486 173 munere
500 135 636 173 [numeral
648 134 795 166 reinventa,
817 137 844 159 et
856 133 914 173 ovis
929 131 950 164 Α
964 139 1079 173 pectore
1101 135 1250 173 cicatricis
1271 134 1389 173 occiduze
1417 135 1502 173 signa
1520 135 1690 173 transibunt,
1714 144 1748 165 ex

104 178 172 205 qua:
187 170 237 196 diu
255 178 308 204 per
323 171 456 197 desertum
477 170 653 197 indevotienis
670 173 817 205 erraverat,
837 170 911 205 gregi

104 204 219 232 sociata
247 205 409 237 Dominico,
433 212 482 237 per
505 206 626 232 eumdem
651 213 723 232 nunc
749 204 912 231 salutaribus

104 240 224 274 pascuis
250 241 380 267 satiatur.
401 247 413 260 ε
432 240 553 267 Educant
571 241 661 274 Latini
684 240 849 274 singultuosa
866 247 912 265 su-

104 268 195 309 spiria
215 274 251 302 de
264 273 421 309 profundis,
436 277 548 310 quorum
559 268 639 310 θοι
650 268 823 310 ΙῺΟΓΘξΫίῐΫΕΠΙ
837 278 913 308 pater

103 310 225 336 virtutis
249 310 356 337 direxit
376 311 404 337 in
428 311 549 337 semitam
566 309 716 337 ét’s’alutis.
740 309 869 343 Plaugant
886 312 913 335 et

102 345 219 371 ululent
233 353 324 380 super
334 353 363 372 se
376 345 485 379 insuper
495 352 587 372 omnes
598 345 684 372 tribus
696 349 773 372 teme
784 344 816 370 de
829 344 913 378 patris

102 380 312 407 subtractione
326 380 421 412 fidelis,
442 380 487 407 scd
508 380 545 406 illi
567 380 760 414 potissiuiequi
775 384 912 414 assumpto

102 415 231 442 viviﬁcae
265 415 359 442 crucis
384 413 527 442 victorioso
551 413 689 450 signaculo
717 413 766 441 sub
794 413 913 450 ejusdein

101 451 202 485 patris
239 457 342 477 securo
366 449 462 477 ducatu
486 448 584 477 contra
604 448 774 485 blasphemos
797 449 915 485 nominis

102 484 270 514 Christiani
296 486 387 514 hostes
406 489 528 520 potenter
554 484 692 520 insurgere
720 484 869 520 gestiebant
886 484 910 510 δ.

101 520 234 551 Rrodeat
262 528 331 554 ergo
355 521 403 546 iste
424 520 547 556 planctus
570 520 728 556 communis
748 520 775 546 in
805 525 913 556 omnem

101 560 229 588 terram,
256 560 286 582 et
308 556 334 582 in
353 555 419 581 fines
441 555 514 582 orbis
531 554 611 588 hujus
627 555 702 583 dolor
723 554 832 581 lamenti
852 562 913 589 per-

100 591 213 622 veniat,
234 592 304 624 quia
321 590 385 617 tanti
401 589 489 616 Patris
505 597 585 617 occas
598 598 618 617 's
634 591 778 617 multorum
792 589 913 624 deposcit

101 625 262 660 lacrymas,
276 626 323 659 qui
334 625 476 652 nonnullos
489 626 611 659 exemplo
621 625 793 652 beatitudinis
804 625 912 652 atlluen-

102 659 320 695 tius’irrigahat
334 666 357 686 ε.
381 659 574 690 Verumtamen
587 661 657 688 inter
676 668 770 688 omnes
788 660 855 686 alios
871 668 913 695 re-

101 703 153 730 ges
168 700 198 723 et
212 694 358 730 principes
375 695 463 721 omnis
477 700 556 723 terra:
571 696 703 730 pra-cipue
717 694 911 730 compassionis

102 730 208 758 affectu
223 731 302 758 oculi
320 730 404 757 nostri
416 737 471 763 pra:
489 731 577 765 inopia
593 731 764 765 langueruut,
779 730 910 765 lacryma-

102 773 168 793 rum
182 765 244 799 jaln
258 765 339 799 copia
351 765 489 796 desiccati,
500 773 532 792 e0
543 766 613 800 quod
624 765 695 792 idem
708 770 783 800 pater
796 765 912 791 sanctis-

101 800 195 841 simus
219 801 353 841 thronum
372 804 495 839 nostrum
510 808 591 840 super
607 807 684 841 reges
707 806 733 841 et
751 808 832 841 regna
847 808 912 841 pon-
926 811 950 841 Β

101 836 242 868 stituens,
263 842 316 862 nos
330 835 394 861 dum
411 834 513 861 viveret
531 835 583 868 piis
602 835 762 861 confovebat
784 834 912 868 amplexi—

100 871 168 902 bus,
196 875 228 897 et
254 874 372 904 paterno
395 869 486 896 favore
510 870 627 903 stipabat
639 869 664 895 ἀ.
687 869 771 896 Porro
793 876 855 895 cum
880 869 913 896 ad

101 906 194 939 hujus
219 904 379 939 reparanda
400 904 539 938 dispendia
561 911 625 938 opes
646 908 674 932 et
693 909 767 931 artes
790 904 913 932 humanae

102 914 141 933 nu
158 914 194 933 IIS
219 914 379 939 reparanda
400 914 539 938 utspenula
561 914 625 938 opus
646 914 674 932 Cl
693 914 767 931 artes
790 914 912 932 uulllﬂlllﬂ

100 914 264 971 deiciant,
282 946 342 973 qua;
358 939 447 974 potius
460 939 642 973 dispositionis
659 946 780 973 supernae
795 939 912 973 provisio

101 983 158 1002 nec
177 981 238 1002 non
261 974 311 1001 fati
323 974 457 1009 generalis
471 974 611 1009 mqualitas
630 974 793 1007 consolatur,
813 974 913 1002 doloris

100 1009 238 1044 ejusdem
267 1010 430 1041 remedium,
457 1009 534 1043 cujus
557 1010 602 1036 vix
623 1017 742 1044 unquam
763 1009 797 1037 de
819 1014 912 1037 nostro

139 1072 154 1086 ι
170 1065 290 1093 Graecos
307 1065 414 1092 tandem
425 1066 452 1092 in
466 1066 581 1093 concilio
596 1066 765 1101 Lugdunensi
779 1074 877 1094 (ecum.
890 1073 911 1093 ιι

98 1101 253 1163 professos
273 1108 333 1128 esse
344 1101 545 1135 processiouem
562 1101 677 1135 Spiritus
696 1101 782 1128 sancti
800 1109 815 1127 a
831 1101 911 1129 Patre

125 1136 247 1163 ilioaue.
261 1140 289 1162 et
303 1136 506 1163 quartadecima
520 1136 578 1163 vice
597 1141 626 1163 ut
639 1136 722 1163 aiunt.
744 1136 771 1162 in
790 1144 910 1163 commu-

125 1136 247 1170 ilioque.
261 1140 289 1162 et
303 1136 506 1170 quartadecima
520 1136 578 1163 vice
597 1141 626 1163 ut
639 1136 722 1167 aiunt,
744 1136 771 1162 in
790 1144 910 1163 commu-

98 1171 221 1206 nionem
245 1171 336 1198 latith
355 1170 482 1198 Ecclesia:
501 1176 624 1205 receptos
646 1171 728 1199 fuisse
744 1176 910 1206 compertum

98 1211 157 1245 est.
180 1202 265 1233 Hanc
286 1213 349 1233 vero
373 1206 484 1267 gloriam
506 1206 552 1233 uni
565 1202 701 1241 'Gregorio
722 1202 858 1241 accep-tam
880 1214 910 1234 se

98 1241 215 1267 referre
235 1245 353 1267 testatur
400 1241 488 1267 ichael
503 1239 667 1267 Palaeolmzns
690 1240 801 1267 Graecus
828 1243 910 1267 inme-

98 1241 215 1269 referre
235 1245 353 1268 testatur
375 1239 488 1268 Michael
503 1239 667 1276 Palteologus
690 1239 801 1270 Graecus
828 1243 911 1276 impc-

99 1281 183 1304 rator
195 1277 271 1310 apud
283 1275 420 1303 Labbeum
432 1275 509 1312 (tom.
518 1275 564 1307 Xl,
577 1275 689 1312 p.550):
706 1287 715 1302 ‹
729 1277 805 1304 Licet
818 1275 907 1309 amca,

99 1311 256 1346 inquiens,
277 1319 453 1346 pergeremus
470 1311 504 1338 ad
524 1311 593 1338 viam
613 1312 739 1339 unionem
761 1317 907 1344 serentem,

98 1352 130 1374 et
150 1346 352 1374 festinareluus
367 1346 465 1373 adhoc
483 1346 620 1381 negotium
643 1347 676 1373 ab
695 1349 816 1381 antiquo,
837 1347 910 1380 quod

99 1389 287 1409 communem
301 1382 518 1408 Christianorum
542 1382 685 1408 utilitatem
706 1382 824 1413 exhibet,
843 1390 910 1409 nun-

99 1424 189 1451 quam
221 1417 284 1444 sine
308 1416 488 1444 sollicitudine
516 1417 583 1443 tanti
607 1416 696 1451 operis
725 1421 907 1449 moraremur;

100 1460 179 1479 nunc
192 1456 289 1478 tamen
304 1460 336 1479 ex
351 1460 404 1486 quo
419 1453 453 1479 ad
469 1451 517 1478 n‘os
531 1457 626 1478 vestra:
643 1452 795 1479 sanctitatis
813 1451 908 1479 litterae

964 170 1052 208 animi
1067 170 1222 208 fortitudine
1245 171 1270 196 in
1294 170 1343 196 hoc
1365 169 1570 208 propinavimus_
1586 171 1663 208 nobis
1679 172 1750 208 ipsis

964 204 1118 232 indubitata:
1141 205 1244 232 fiducia:
1269 212 1315 239 spe
1337 210 1476 239 concepta,
1501 206 1571 239 quod
1593 206 1638 239 qui
1663 204 1749 235 electo

964 239 1062 267 famulo
1081 248 1129 267 suo
1149 240 1232 275 Moysi
1250 248 1302 267 non
1322 241 1455 266 concessit
1476 241 1591 267 educere
1610 241 1760 275 populum,

963 274 1045 301 alium
1067 276 1125 302 loco
1147 274 1365 302 suimeritorum
1392 275 1516 302 claritate
1540 283 1592 310 non
1615 274 1751 310 disparem

963 310 1126 346 submgabit,
1149 315 1395 337 consummatorum
1424 315 1519 337 cuncta
1550 309 1672 346 feliciter,
1701 319 1751 346 per

962 343 1211 378 365’prtedictum
1229 350 1350 373 sanctum
1367 350 1471 379 patrem
1489 345 1516 371 in
1535 346 1593 372 zelo
1608 344 1654 372 Dei
1675 343 1748 373 salu-

962 379 1048 405 briter
1065 380 1187 407 ordinata
1203 386 1224 406 ε.
1247 380 1287 407 Ad
1308 381 1358 408 hoc
1373 381 1454 414 igitur
1469 388 1631 415 quaesumus,
1647 381 1682 415 pii
1701 390 1748 415 pa—

963 417 1019 440 tres
1031 414 1188 442 universalis
1201 415 1327 442 Ecclesiaa
1350 414 1483 442 cardines
1495 420 1522 442 ct
1542 414 1673 443 columnae
1697 414 1750 444 fer-

963 454 1065 480 ventes,
1077 455 1206 486 exercete
1225 451 1341 486 vigilias,
1363 455 1390 477 et
1403 450 1536 478 off'uxidsas
1554 458 1633 478 curas
1647 457 1672 478 et
1686 459 1750 486 ope-

963 491 1007 510 ras
1024 484 1164 519 applicate,
1182 490 1210 512 ut
1228 484 1346 520 relegato
1359 485 1487 519 cujusque
1509 487 1690 520 contentionis
1703 484 1751 514 ob-

963 518 1074 551 staculo,
1094 520 1170 547 ocius
1192 518 1296 554 ηηιιιιῖᾀ
1311 518 1556 554 acephalo'praesul
1580 522 1754 549 necessarius

963 554 1089 589 erigatur,
1111 555 1154 581 ubi
1173 555 1280 581 divinus
1299 555 1442 581 instinctus
1458 562 1505 581 vos
1528 555 1621 582 incitet
1642 560 1669 581 ct
1687 564 1751 589 pon-

963 589 1026 616 dera
1042 591 1163 625 isnbeaut
1181 590 1326 624 :equitatis.
1353 590 1486 616 Caeterum
1507 590 1587 621 licet,
1606 594 1635 617 ut
1653 590 1751 625 legitur

962 628 989 651 et
1008 624 1192 652 infallibilibus
1208 629 1249 652 est
1268 624 1402 651 notoriam
1422 627 1595 659 argumentis.
1610 624 1751 658 generatio

962 663 1063 694 pereat,
1080 660 1252 694 generatione
1272 660 1356 686 altera
1376 660 1565 693 subscqucntc,
1580 660 1642 694 quia
1661 665 1750 688 tamen

963 698 1035 721 terra
1054 698 1107 721 stat
1126 695 1229 722 stabilis
1247 695 1273 721 in
1289 699 1419 722 zetcmum
1430 715 1436 726 ,
1451 695 1570 721 Ecclesia
1586 695 1688 722 scilicet
1704 696 1751 723 Dei

962 729 1017 757 vivi
1039 730 1065 756 in
1086 731 1140 757 suis
1160 730 1279 765 agendis,
1300 735 1326 756 et
1347 730 1562 765 ordinationibus
1586 731 1751 765 agendorum

963 768 1069 791 matura
1082 764 1276 792 deliberatione
1291 765 1408 792 decoctis
1420 764 1463 799 [de
1476 773 1508 792 co
1521 770 1547 791 et
1560 764 1593 799 is]
1607 765 1752 792 immobilis

962 804 1130 838 perseverat,
1147 805 1289 835 antequam
1303 800 1343 838 de!
1358 804 1444 826 morte
1463 799 1567 838 pr:_cf:_iti
1588 800 1672 834 patris
1693 809 1752 827 san-

964 835 1077 861 ctissimi
1088 836 1120 862 ad
1132 843 1181 862 nos
1195 834 1285 862 rumor
1303 834 1414 861 infestus
1426 839 1452 861 et
1466 834 1573 861 nubilus
1585 840 1750 869 pervaserat,

963 877 1013 896 nos
1035 874 1062 896 et
1082 875 1187 897 nostros
1211 871 1336 897 dematur
1360 872 1563 896 :u-i-inxeramus
1586 870 1619 896 ad
1643 870 1702 901 iter.
1722 875 1752 897 ut

960 903 1037 939 juxta
1057 906 1127 939 quod
1147 902 1237 932 vestro
1258 904 1391 930 ni'ediaute
1409 904 1521 931 consilio
1536 905 1623 931 fuerat
1643 906 1753 933 ordina-

963 944 1029 971 tum,
1045 940 1068 967 si
1088 939 1140 966 fata
1156 940 1298 971 favissent,
1322 940 1532 974 slist‘episSt-ltttts
1547 940 1580 966 de
1597 940 1652 967 suis
1666 941 1752 968 mani-

961 974 1013 1002 bus
1031 975 1212 1002 sacrosanctis
1223 974 1327 1008 impen'i
1342 974 1464 1001 diadema
1483 975 1503 999 ί.
1521 974 1574 1001 Sed
1588 974 1649 1002 licet
1662 976 1750 1003 visum

961 1009 997 1037 sit
1012 1009 1092 1037 aliter
1105 1010 1132 1036 in
1148 1010 1266 1037 Excelsis
1283 1010 1352 1044 apud
1373 1010 1494 1036 omnium
1516 1010 1692 1044 conditorem,
1705 1011 1752 1045 qui

998 1072 1008 1086 ε
1030 1064 1337 1103 Λίνῐιοηεηιηηῦθεῐειιφ
1359 1069 1386 1094 et
1406 1067 1531 1103 Legionis
1553 1074 1654 1101 regem,
1670 1073 1752 1103 atque

998 1076 1008 1086 ε
1030 1076 1060 1093 m
1072 1076 1195 1095 )nonsum
1212 1076 1337 1094 hastetur.
1359 1076 1386 1094 Ct
1406 1076 1531 1102 Legtoms
1553 1076 1654 1101 regem,
1670 1076 1752 1103 atque

960 1076 1120 1140 E_(_l_uanll_unr
1136 1101 1249 1140 Anglim,
1270 1102 1369 1140 quibus
1391 1102 1524 1140 concessit
1543 1103 1672 1136 decimas,
1695 1111 1752 1138 pra:

961 1137 1020 1165 aliis
1035 1135 1204 1172 principibus
1220 1135 1355 1180 designari
1367 1136 1494 1180 arbitror.

994 1182 1009 1202 ἀ
1023 1183 1090 1210 Vide
1104 1188 1182 1210 notas
1192 1178 1313 1218 epistolae
1327 1180 1361 1209 29
1375 1177 1520 1216 subiectas.

998 1233 1010 1248 ο
1024 1229 1152 1262 Quamvis
1165 1229 1260 1256 multos
1274 1228 1395 1263 perutiles
1409 1233 1535 1255 tractatus
1545 1228 1694 1264 Gregorius
1706 1236 1751 1257 as-

960 1264 1121 1298 sumpserit,
1143 1272 1212 1299 quos
1225 1271 1413 1291 consummare
1430 1271 1483 1290 non
1506 1264 1606 1298 potuit,
1631 1268 1661 1291 ut
1675 1265 1752 1292 aiunt

960 1299 1109 1327 cardinales
1122 1300 1243 1334 sequenti
1257 1306 1342 1328 anno.
1361 1306 1455 1326 omnes
1469 1302 1558 1326 tamen
1571 1307 1604 1326 ne
1619 1305 1750 1334 apparatu

959 1334 1068 1369 quidem
1089 1342 1138 1368 pro
1153 1342 1228 1361 saera
1243 1334 1413 1368 expeditione
1428 1338 1556 1368 excepto,
1577 1342 1609 1361 eo
1626 1335 1752 1362 collinea-

960 1370 1039 1402 bant,
1057 1369 1151 1396 iisdem
1167 1370 1297 1401 testibus,
1310 1374 1339 1396 ut
1351 1369 1482 1403 Rudolpbi
1492 1371 1662 1403 promotiom's
1675 1379 1753 1405 nego-

961 1405 1028 1431 tium
1048 1405 1160 1439 quietius
1174 1404 1323 1439 procederet
1338 1410 1360 1430 et
1382 1405 1498 1431 securius
1519 1405 1666 1431 duceretur.
1684 1404 1752 1432 Nam

962 1447 1048 1467 sacrae
1067 1439 1245 1473 expeditionis
1266 1440 1320 1466 dux
1336 1439 1492 1473 [tudolpbus
1516 1439 1646 1473 imperiali
1662 1440 1752 1468 diade-

100 1474 404 1521 ae‘;v;.‘.;;'u1;1,‘;;.ata
418 1474 794 1521 artarisemetra";
810 1474 908 1514 tua;
920 1482 944 1514 c
962 1475 1201 1521 mercdis-litus,
1220 1482 1266 1502 seu
1280 1475 1425 1509 ίιιιμειυειιοι·
1513 1474 1637 1501 debebat-

99 1523 205 1550 anima:
233 1522 405 1554 festinantes.
422 1530 488 1557 opus
512 1522 680 1556 suscepimus
698 1526 877 1557 peroptatum.
894 1531 904 1548 ι

101 1557 143 1584 Ex
161 1558 326 1585 Gnecorum
350 1557 495 1591 praesulatu
515 1557 670 1591 juramento
691 1558 760 1591 apud
783 1558 906 1584 eumdem

101 1592 248 1621 Labbeuxn
273 1588 367 1628 (Ibid;
388 1600 414 1627 p.
435 1588 497 1628 97f)
512 1588 563 1619 alia
585 1593 668 1619 etiam
691 1588 778 1627 capita
800 1593 907 1620 unionis

101 1628 195 1661 palatii
222 1628 304 1655 ﬁunt.
334 1627 455 1663 Namque
473 1627 566 1655 eorum
590 1628 702 1655 nuntius
717 1635 766 1662 pro
781 1628 907 1655 omnibus

101 1664 274 1691 catholicam
302 1663 376 1697 prius
405 1664 484 1690 tidem
508 1664 668 1698 proﬁtetur,
694 1663 790 1690 deinde
815 1664 904 1690 addit:

104 1707 114 1723 ε
136 1697 295 1725 Primatum
316 1706 423 1733 quoque
451 1697 534 1733 ipsiiis
555 1707 657 1725 sacros.
674 1698 751 1725 Rom.
766 1697 904 1731 Ecclesia),

100 1738 185 1767 prout
199 1735 228 1761 iu
242 1732 385 1767 praemissi
399 1732 469 1761 serie
486 1735 649 1766 continetur,
665 1733 698 1759 ad
716 1734 800 1767 ipsius
814 1732 906 1760 Eccle-

101 1769 151 1795 siae
164 1767 351 1796 obedientiam
364 1774 528 1802 spontaneus
542 1769 651 1803 veniens
664 1767 759 1800 lateor,
775 1775 906 1803 recogno-

101 1811 161 1834 sco,
178 1809 302 1837 accepto,
316 1808 343 1829 et
358 1801 453 1837 sponte
471 1804 597 1836 suscipio.
612 1801 647 1829 Et
660 1802 716 1837 ipse
733 1803 822 1829 omnia
837 1801 906 1837 pnn-

102 1838 192 1864 missa
207 1843 264 1863 tam
283 1838 355 1864 circa
373 1838 434 1864 ﬁdei
448 1838 588 1864 veritatem
606 1846 686 1871 quam
701 1838 773 1864 circa
786 1837 905 1871 ejusdem

103 1872 137 1899 E.
153 1872 188 1897 R.
204 1872 362 1905 primatum,
376 1877 402 1898 et
417 1873 604 1906 episcoporum
622 1872 844 1906 recognitionem,
861 1881 905 1901 ac—

102 1907 306 1940 ‘ceptationem.
321 1907 527 1940 susceptionem,
542 1908 751 1937 observantiam,
765 1915 796 1933 ac
814 1916 905 1942 perse-

103 1941 264 1968 verantiam
285 1947 472 1973 servaturum,
494 1942 615 1977 prmstito
638 1941 814 1977 corporaliter
832 1942 906 1975 jura-

104 1980 214 2007 mento,
230 1976 369 2010 promitto,
384 1981 411 2003 et
424 1976 564 2003 confirmo.
579 1987 587 2001 ι
604 1976 636 2002 V.
652 1983 694 2010 ap.
711 1976 797 2011 Rayn.
814 1976 903 2011 (1274,

102 2018 132 2038 n.
148 2011 183 2037 14
197 2012 289 2045 seqq.)
301 2011 414 2038 similem
426 2012 510 2046 ipsius
521 2011 692 2045 imperatoris
700 2011 902 2045 professionem,

103 2047 204 2081 reique
218 2052 301 2073 totam
309 2047 491 2074 narrationem
507 2046 676 2074 documentis
690 2047 904 2079 comprobatam.

143 2082 301 2109 bOmnium
325 2089 384 2116 quae
408 2082 435 2109 in
457 2082 551 2110 eodem
573 2081 687 2109 concilio
701 2085 809 2116 peracta
832 2086 903 2114 sunt,

105 2122 199 2144 exstat
218 2122 281 2145 nota
297 2117 388 2144 brevis
407 2118 477 2151 apud
493 2117 631 2144 Labbeum
648 2117 726 2151 (tom.
740 2116 785 2148 XI,
801 2123 828 2150 p.
841 2116 902 2149 955,

107 2152 212 2213 ξείνη,
233 2152 258 2179 in
273 2151 349 2187 cujus
362 2153 415 2179 line
431 2161 437 2178 :
455 2162 464 2178 ‹
483 2153 610 2179 Dominus
623 2159 693 2186 papa
712 2152 844 2178 allocutus
862 2156 904 2179 est

107 2187 187 2213 conci
199 2188 258 2213 ium
278 2192 391 2213 narrans
409 2188 551 2213 praedictas
571 2192 626 2213 tres
643 2194 740 2213 causas
755 2187 904 2213 vocationis

106 2187 258 2213 Concilium
278 2192 391 2215 narrans
409 2188 551 2215 praedictas
571 2192 626 2214 tres
643 2194 740 2213 causas
755 2187 904 2214 vocationis

108 2222 229 2257 concilii,
257 2225 284 2249 et
307 2223 440 2256 quomodo
469 2224 604 2257 negotium
622 2222 713 2249 Terra:
739 2227 850 2254 sancuc,
876 2227 905 2249 et

108 2254 267 2284 Graecorum
288 2254 347 2284 erat
371 2254 527 2292 incoeptum,
545 2262 572 2283 et
592 2257 706 2284 feliciter
731 2257 845 2284 Domino
869 2258 904 2284 fa-

107 2297 190 2328 vente
208 2296 440 2323 consummatum;
458 2294 489 2320 'e‘t
508 2293 578 2320 inter
591 2292 642 2318 alia
660 2292 737 2323 dixit,
754 2293 824 2327 quod
838 2301 904 2328 pra:-

107 2326 157 2361 lati
175 2327 310 2355 faciebant
330 2336 409 2355 ruere
427 2332 514 2355 totum
532 2328 672 2359 mundum,
691 2332 718 2355 et
735 2326 807 2363 quod
822 2326 904 2355 nitra-

109 2362 201 2395 batur,
214 2364 287 2398 quod
302 2364 385 2398 a‘liqui
401 2364 479 2391 make
499 2364 560 2390 \itae
580 2368 607 2390 et
620 2362 835 2391 conversationis
848 2370 903 2390 non

109 2398 326 2433 corrigebantur,
340 2407 401 2426 cum
418 2399 594 2433 particulares
606 2399 684 2425 mala:
699 2399 769 2431 vitae,
785 2403 811 2426 et
825 2400 903 2426 bona:

109 2431 173 2457 vitae
189 2431 217 2460 et
233 2431 446 2461 conversation—is
462 2434 598 2461 venissent
616 2434 648 2460 ad
666 2434 754 2468 ipsum
771 2435 903 2461 instanter

109 2470 233 2504 petentes
249 2468 409 2496 cessionem.
433 2468 508 2496 Unde
522 2469 625 2496 mminit
637 2477 682 2496 eos
693 2490 700 2501 ,
717 2470 789 2503 quod
807 2469 857 2504 ipsi
874 2477 904 2496 se

110 2505 297 2538 corrjgercnt,
321 2504 383 2537 quia
407 2504 471 2538 ipsis
490 2504 618 2531 correctis
636 2512 689 2531 non
710 2508 769 2531 erat
793 2512 903 2532 necesse

110 2534 229 2562 condere
252 2534 356 2574 aliquas
378 2534 585 2566 constitutiones
605 2547 686 2574 super
709 2540 903 2567 reformatione

109 2575 217 2603 eorum,
240 2571 357 2609 alioquin
381 2573 448 2600 dixit
471 2581 500 2600 se
523 2575 588 2601 dure
607 2571 730 2602 acturum
752 2583 813 2601 cum
837 2575 902 2609 ipsis

109 2610 193 2639 super
208 2604 399 2634 reformatione
413 2615 527 2635 morum.
549 2609 637 2639 Super
655 2610 825 2637 ordinatione
838 2604 903 2637 vero

108 2640 304 2674 parochialium
331 2642 505 2669 ecclesiarum
528 2651 561 2670 ne
584 2640 743 2670 fraudentur
766 2649 903 2672 rectorum

108 2682 222 2703 suorum
238 2676 392 2712 praesentia,
406 2681 432 2702 et
442 2677 498 2712 viri
510 2678 601 2705 idonei
618 2683 753 2712 ponantur
772 2680 798 2705 in
812 2680 861 2711 eis,
875 2683 903 2706 et

110 2717 193 2745 super
214 2709 274 2739 aliis
295 2709 361 2738 dixit
382 2719 410 2738 sc
422 2709 489 2747 fcito2
509 2711 586 2739 dante
609 2709 741 2744 ﬁomino,
767 2709 903 2747 apponere

110 2747 229 2775 remedia
240 2752 399 2782 opportuna.
415 2745 492 2782 Quod
506 2754 588 2780 usque
602 2747 629 2773 in
644 2747 703 2782 ipso
716 2745 828 2774 concilio
843 2749 903 2775 ﬁeri

111 2789 164 2818 non
180 2780 284 2817 potuit;
296 2786 406 2818 propter
427 2780 572 2808 multorum
598 2781 768 2815 negotiorum
786 2789 903 2817 occupa-

110 2817 222 2847 tionem.
244 2828 253 2846 ι

998 1519 1008 1540 ι
1024 1519 1121 1547 Annal.
1136 1520 1299 1547 Colmaricn.
1319 1521 1352 1547 de
1369 1521 1487 1547 adventu
1503 1520 1638 1554 pontificis
1650 1520 1751 1548 Lausa-

958 1563 1021 1582 nam
1035 1560 1162 1591 agentes,
1178 1556 1211 1582 de
1235 1556 1373 1590 Rudolpbo
1389 1556 1483 1582 aiunt:
1501 1565 1509 1580 ε
1533 1555 1589 1582 Rex
1606 1555 1749 1590 plusquam

958 1590 1011 1618 900
1024 1592 1148 1617 marchas
1163 1591 1325 1622 expenderat
1348 1591 1375 1617 in
1392 1595 1480 1617 vestes
1499 1592 1641 1625 pretiosas.
1659 1601 1669 1616 ›
1695 1591 1752 1620 llas

957 1633 1022 1653 vero
1037 1626 1098 1652 hinc
1113 1626 1257 1657 discimus,
1273 1633 1325 1652 non
1342 1634 1390 1659 pro
1405 1626 1537 1660 colloquio
1559 1626 1690 1653 Lausanae
1709 1626 1751 1654 fa-

958 1661 1053 1688 ciendo
1061 1681 1068 1693 ,
1081 1661 1128 1688 sed
1139 1668 1188 1696 pro
1204 1661 1373 1688 solemnitate
1383 1661 1566 1688 coronationis
1578 1666 1751 1695 comparatas

957 1695 1050 1723 fuisse.
1066 1695 1286 1731 Quandoquidem
1299 1701 1360 1731 post
1372 1696 1439 1723 duos
1454 1700 1557 1723 tantum
1573 1704 1681 1724 menses
1692 1705 1752 1724 0m-

956 1731 1001 1758 nia
1017 1735 1116 1766 praesto
1130 1736 1208 1758 erant
1231 1731 1264 1758 ad
1277 1731 1478 1766 suscipiendum
1502 1732 1552 1757 iter
1572 1731 1675 1759 italiam
1689 1740 1750 1760 ver-

957 1774 1012 1793 sus.
1031 1766 1069 1794 Ne
1083 1772 1172 1794 autem
1186 1767 1219 1794 de
1230 1774 1260 1794 re
1276 1768 1342 1793 tanti
1362 1767 1488 1793 momenti
1505 1766 1650 1801 quidquam
1674 1768 1751 1795 inob-

957 1807 1094 1829 servatum
1108 1806 1266 1836 praeteream
1275 1823 1282 1834 ,
1295 1810 1355 1829 cum
1372 1809 1416 1828 an.
1437 1801 1506 1828 1274
1518 1807 1635 1829 exeunte
1649 1803 1751 1830 consti-

958 1841 1032 1864 tutus
1053 1838 1103 1864 luit
1117 1838 1220 1872 primus
1236 1838 1366 1864 terminus
1387 1837 1570 1864 coronationis
1584 1838 1641 1865 dies
1665 1837 1751 1866 festus

956 1873 1077 1899 omnium
1100 1877 1254 1901 sanctorum
1279 1873 1340 1899 anui
1368 1879 1425 1907 seq.
1452 1873 1480 1899 id
1504 1872 1604 1899 factum
1624 1872 1674 1900 fuit
1696 1882 1751 1901 non

956 1909 1036 1943 modo
1052 1907 1230 1935 cardinalium
1244 1908 1313 1934 votis
1327 1908 1425 1943 auditis
1437 1927 1443 1939 ,
1461 1908 1507 1934 scd
1519 1909 1601 1934 etiam
1615 1907 1749 1943 Rudolplii

956 1942 1270 1978 voluntateexplorata,
1280 1947 1309 1978 ut
1324 1943 1362 1978 ait
1377 1942 1525 1978 Gregorius
1538 1943 1565 1969 in
1577 1943 1684 1970 litteris
1703 1942 1747 1978 ap.

957 1976 1045 2014 Ray‘n.
1063 1976 1245 2014 (latebam.
1256 1976 1300 2011 56)
1311 1977 1344 2014 ad
1357 1977 1477 2010 archiep.
1493 1976 1727 2014 Salisburgenseui
1740 1986 1747 2005 :

960 2020 969 2036 ι
989 2011 1113 2049 Aliquem
1127 2013 1168 2036 vel
1184 2011 1289 2049 aliquos
1301 2011 1334 2037 ad
1348 2016 1473 2049 nostrain
1482 2011 1654 2045 prmsentiam
1667 2014 1750 2041 desti-

957 2050 1044 2077 naret,
1061 2046 1106 2079 qui
1120 2052 1201 2083 super
1216 2046 1335 2083 ejusdem
1347 2046 1529 2083 aSsignalione
1541 2048 1664 2080 termini,
1677 2049 1749 2083 quod

957 2087 1014 2118 sua:
1038 2080 1221 2118 commoditati
1236 2080 1418 2118 cqugriteret,
1440 2084 1467 2107 et
1490 2081 1558 2108 alias
1572 2082 1651 2116 plene
1669 2080 1752 2118 super

957 2116 1010 2143 hoc
1024 2114 1081 2148 ejus
1098 2115 1175 2142 nobis
1191 2116 1354 2150 exprimeret
1376 2115 1552 2143 voluntatem.
1569 2114 1580 2142 ἱ
1598 2118 1655 2144 Non
1669 2114 1750 2147 secus

957 2150 1056 2178 factum
1076 2154 1155 2185 puta,
1170 2158 1231 2177 cum
1248 2150 1379 2178 Lausante
1390 2151 1545 2179 necessario
1563 2157 1684 2181 mutatus
1698 2154 1750 2181 fuit

959 2186 1090 2213 terminus
1113 2186 1140 2212 in
1162 2191 1285 2213 sanctum
1300 2185 1370 2213 diem
1393 2186 1566 2215 Pentecostes
1589 2189 1651 2215 anni
1668 2189 1748 2216 1276.

955 2222 984 2259 ld
1001 2221 1213 2259 quipperationi
1226 2226 1438 2259 consentaneum
1454 2226 1525 2259 erat,
1544 2227 1573 2250 ut
1586 2225 1652 2251 tanti
1674 2225 1750 2259 prin-

955 2257 1023 2291 cipis
1038 2256 1201 2284 desiderium
1215 2276 1222 2288 ,
1248 2265 1295 2283 seu
1311 2256 1436 2291 voluntas
1458 2258 1544 2285 cuivis
1561 2256 1749 2288 deliberationi

954 2292 1175 2329 praemitteretur.
1189 2293 1234 2329 Sic
1248 2291 1372 2329 Clemens
1385 2291 1406 2321 V
1421 2301 1492 2320 anno
1504 2294 1569 2321 13H
1585 2295 1654 2322 dicm
1674 2296 1749 2329 pari-

955 2332 997 2354 ter
1010 2327 1183 2355 Pentecostes
1205 2327 1321 2354 Henrico
1335 2328 1379 2355 Vll
1398 2328 1593 2363 assignaverat,
1610 2327 1747 2357 nihilomi-

955 2370 1005 2389 nus
1015 2363 1187 2399 rcommodior
1197 2363 1249 2390 alia
1261 2363 1318 2399 dies
1330 2371 1344 2389 a
1361 2365 1481 2399 principe
1495 2368 1536 2392 est
1551 2365 1635 2392 electa
1648 2374 1655 2398 ;
1672 2375 1681 2391 ‹
1696 2365 1734 2392 Su

954 2405 1002 2432 per
1015 2398 1084 2435 hoc,
1104 2398 1425 2435 maiurapdeli'iieratioue
1448 2398 1615 2435 ’prmbabita,
1646 2400 1746 2428 festum

954 2433 1146 2468 assumptionis
1169 2434 1199 2460 Β.
1219 2433 1253 2460 Μ.
1269 2433 1300 2460 ν.
1315 2435 1439 2468 proxime
1456 2433 1600 2460 venturum
1618 2439 1667 2467 pro
1689 2439 1745 2461 ter-

954 2470 1028 2496 mino
1038 2469 1073 2496 ad
1094 2469 1278 2504 recipiendum
1297 2469 1322 2495 in
1338 2469 1446 2497 basilica
1466 2469 1595 2504 principis
1610 2468 1744 2504 apostolo-

955 2512 1014 2531 rum
1028 2505 1061 2531 de
1076 2502 1235 2532 Urbe‘more
1249 2504 1328 2531 solito
1347 2505 1500 2531 unctionem
1525 2502 1677 2536 hujusmodi
1690 2524 1696 2535 ,
1719 2508 1748 2531 et

953 2539 1038 2574 ipsius
1051 2539 1155 2573 imperii
1168 2539 1306 2571 diadema,
1328 2539 1434 2573 aliaque
1453 2537 1519 2574 inibi
1537 2537 1666 2564 solemnia
1684 2545 1747 2572 per-

954 2572 1057 2609 agenda
1075 2572 1191 2609 recepit,
1210 2578 1289 2608 prout
1303 2574 1380 2600 nobis
1392 2572 1443 2609 per
1458 2572 1593 2609 solemnes
1609 2578 1747 2609 suos_am-

954 2605 1123 2640 baxiatores,
1136 2605 1171 2636 ac
1185 2605 1312 2640 nuntios,
1325 2613 1352 2634 et
1366 2605 1496 2640 speciales
1510 2606 1614 2633 litteras
1635 2606 1746 2640 intima-

954 2644 992 2670 vit
1004 2652 1053 2671 suo
1068 2644 1151 2678 regali
1164 2644 1251 2678 sigillo
1265 2639 1391 2677 pendenti
1405 2639 1549 2676 munitas.»
1641 2639 1745 2673 Regest.

959 2677 1018 2700 Vni,
1042 2678 1124 2700 (ῗιηη.
1148 2678 1176 2700 νγ
1197 2686 1268 2700 anno
1295 2677 1320 2700 6.
1347 2683 1389 2700 eo.
1414 2671 1475 2700 7M.
1496 2672 1542 2699 fol.
1565 2673 1629 2700 -86:
1657 2673 1745 2700 Ravn.

959 2677 1019 2705 Vat.
1042 2671 1125 2705 Οιεγῆ.
1148 2671 1273 2709 ν,”ίιηηο’
1295 2677 1320 2707 6.
1347 2671 1546 2709 ερκτδίιηςοιε
1563 2671 1629 2709 ,186;
1657 2671 1746 2709 Bion.

955 2714 1034 2745 13M,
1054 2722 1082 2740 ιι.
1102 2714 1133 2745 7;
1149 2706 1219 2739 Bttll.
1242 2706 1383 2745 vanum.
1398 2706 1459 2745 t,_p.
1473 2706 1550 2745 eis.)
1563 2706 1747 2745 Quamobrem

955 2740 1088 2783 κυάόιριιί
1100 2740 1181 2775 verba
1197 2743 1318 2783 mare
1330 2746 1359 2783 et.
1370 2740 1554 2783 cereale.“th
1568 2740 1667 2780 έιμιυιτι
1676 2741 1749 2783 diem

953 2777 1101 2811 tribueiitia
1117 2783 1154 2808 ita
1164 2777 1250 2812 accipi
1264 2778 1376 2807 debent,
1394 2777 1425 2801 ut
1437 2778 1533 2804 votum
1545 2777 1618 2811 regis
1637 2780 1691 2803 non
1700 2781 1750 2807 ex.

954 2818 1072 2847 cludant.
