4030 6166
215 247 314 303 761
354 244 510 301 COD.
533 228 1270 301 DfPL.—MONUH.,ETC.,
1299 232 1434 290 SEU
1461 232 1617 289 COD.
1643 230 2356 293 CAROLINUSt—APP.—
2376 234 2523 290 EPP.
2551 233 2912 291 RUDOLPHI
2954 236 2994 290 1.
3027 264 3106 276 --
3132 240 3259 300 LIB.
3285 244 3347 299 If.
3391 238 3492 299 762

208 366 521 422 erexerunt.
555 362 675 425 Post
695 353 972 425 decessum
992 349 1285 425 beatissimi
1306 346 1479 425 patris
1507 353 1562 399 et
1583 344 1786 425 domini
1814 355 1863 412 Α
1889 350 2223 425 charissimis
2247 349 2554 425 derelictus,
2608 356 2678 425 et.
2691 349 2908 402 habitus
2940 350 2995 425 in
3024 348 3279 425 derisum.
3323 360 3374 404 te
3395 354 3484 407 do-

210 415 386 486 nostri
412 415 570 497 papae
599 423 866 497 Gregorii
887 415 1321 497 exsultantestin
1342 418 1506 497 rebus
1538 415 1788 497 pessimis

211 489 539 555 insolescunt
580 496 659 550 sic
701 489 957 546 atrociter
983 489 1352 551 et‘audaciter,
1398 489 1510 540 acsi
1562 493 1791 552 utraque

209 569 448 639 dignitas
471 573 525 619 et
544 571 802 633 potestas,
845 570 979 630 quas
1140 558 1372 639 propitio
1394 556 1666 639 credimus
1691 555 1792 639 im-

211 624 488 699 mortales,
527 624 626 705 per
660 624 1088 705 mortemunius
1111 624 1348 705 hominis
1383 626 1493 682 sint
1521 624 1712 705 deleta:
1737 638 1787 677 ε.

209 706 326 761 Hoc
360 707 416 760 in
458 695 617 759 nobis
650 709 706 756 et
724 701 954 756 ecclesia
996 708 1183 754 nostra
1230 696 1419 761 facile,
1453 695 1548 750 sed
1572 695 1795 748 misera-

209 776 393 847 biliter
417 770 784 847 [mirabiliter]
811 778 895 825 est
916 769 1117 847 videre,
1144 767 1235 836 qui
1261 783 1360 847 pro
1382 781 1447 847 eo
1469 764 1585 820 solo
1607 778 1793 847 perse-

208 838 486 901 cutionem
523 838 784 915 patimur,
817 839 1141 894 sustinemus
1164 838 1472 915 opprobria,
1522 842 1795 915 nostrum-

206 928 317 984 que
341 904 725 984 exterminium
754 904 1144 984 exspectamus,
1186 904 1344 984 quod,
1380 913 1488 959 tam
1506 904 1625 984 sedi
1665 916 1795 984 apo-

206 974 421 1065 stolica:
449 997 614 1065 quam
660 974 899 1065 ilomatio
929 978 1156 1058 imperio
1207 975 1441 1065 debitam
1468 974 1793 1065 et‘devo‘ta‘tn

209 1053 447 1108 libenter
467 1043 823 1122 impendimus
839 1043 1180 1113 servitutem;
1213 1043 1408 1122 quibus
1432 1043 1507 1122 ad‘
1523 1043 1798 1097 ﬁdelitatis

204 1123 475 1192 obsequia
499 1113 925 1192 recognoscimus
958 1132 1058 1171 nos
1080 1116 1268 1192 teneri,
1299 1121 1456 1183 prout
1476 1113 1634 1192 ‘lator
1662 1127 1798 1192 prte-

206 1182 472 1255 sentium,
531 1182 922 1259 quivangustias
949 1195 1165 1259 nostras
1187 1182 1611 1259 innumerabiles
1631 1185 1798 1259 “bene

208 1264 383 1324 novit,
419 1250 927 1330 plenesublimitati
984 1257 1145 1330 regite
1190 1254 1533 1330 b__re_cit:_1bit.
1624 1250 1796 1317 Quem

112 1386 117 1391 .
206 1332 378 1387 etiam
400 1324 702 1398 specialiter
724 1327 970 1398 misimus
991 1324 1067 1379 ad
1081 1324 1276 1398 regalis
1288 1324 1476 1398 gloriae
1499 1331 1794 1391 aspectum,

212 1412 274 1455 ut
301 1394 453 1454 nobis
489 1400 557 1453 de
606 1397 880 1453 creatione
934 1396 1129 1451 summi
1173 1394 1463 1463 pontiﬁcis,
1513 1402 1801 1463 vestroque

212 1485 469 1539 processu
492 1480 515 1507 α
545 1484 705 1538 quem
728 1460 1223 1539 feliciorem_nostro
1243 1474 1398 1539 statu
1415 1463 1681 1531 cupimus,
1698 1460 1800 1539 qui

406 1554 514 1594 non
543 1531 772 1599 stamus,
812 1538 905 1590 sed
929 1535 1180 1599 labimur,
1208 1534 1495 1603 investiget
1530 1531 1801 1609 sagaciter

214 1621 268 1662 et
294 1618 535 1662 soerter.
574 1622 786 1662 necnon
833 1605 1199 1660 conditionem
1228 1614 1469 1658 nostram
1520 1602 1801 1655 miserabi—

250 1602 535 1672 tmerter,
574 1622 786 1662 necnon
833 1605 1199 1660 conditionem
1228 1602 1469 1658 nostram
1520 1602 1803 1655 miserabi—

213 1680 319 1735 lem
341 1680 515 1734 eidem
538 1676 909 1733 commisimus
929 1673 1388 1746 majestati__regi:e
1407 1672 1799 1746 esponendam,
1834 1688 1877 1745 Β
1905 1674 2108 1746 venire,
2164 1691 2385 1746 regnum
2414 1674 2679 1746 accipere
2719 1683 2772 1727 et
2821 1674 3036 1726 reverti.

212 1759 382 1818 utque
408 1749 566 1802 nobis
580 1746 771 1816 gratiae
797 1752 994 1818 vestrae
1015 1737 1323 1797 'consilium
1375 1737 1595 1803 referat,
1649 1737 1803 1818 cujus

210 1809 466 1889 praesidio
500 1809 657 1889 inter
672 1815 949 1889 angustias
984 1820 1219 1889 nostras,
1257 1825 1486 1878 quarum
1522 1809 1731 1889 pondus
1751 1818 1806 1863 et

211 1880 476 1943 numerus
516 1886 583 1940 de
610 1884 696 1939 die
733 1880 786 1937 in
809 1884 953 1937 diem
988 1882 1205 1951 gravius
1227 1888 1664 1951 augtnentantur,
1703 1880 1808 1935 hoc

207 1957 519 2028 periculoso
547 1965 787 2022 tempore
808 1950 1128 2028 dirigantur.
1169 1951 1224 2003 lu
1251 1951 1354 2028 hoc
1374 1952 1520 2028 enim
1532 1950 1807 2028 delibera-

213 2017 382 2082 tionis
418 2032 617 2079 nostra:
637 2017 969 2093 propositum
1011 2020 1314 2093 constantia
1360 2017 1545 2093 stabili
1576 2019 1804 2093 inviola-

209 2097 398 2151 biliter
424 2104 507 2149 est
531 2088 821 2156 ﬁrmatum,
854 2102 911 2146 ut
939 2091 1137 2146 nullius
1164 2088 1505 2144 adversitatis
1542 2090 1801 2157 pondere,

212 2166 522 2233 nulliusque
544 2163 767 2233 periculi
812 2169 1131 2233 tempestate
1172 2166 1384 2233 pereat,
1427 2158 1527 2233 sed
1549 2167 1805 2233 appareat

210 2235 387 2305 magis
422 2227 476 2288 et
503 2227 697 2305 luceat
731 2233 888 2305 circa
920 2227 1027 2305 'vos
1054 2227 1131 2305 ‘et_
1167 2227 1472 2305 Romanum
1515 2227 1800 2305 imperium

209 2299 346 2379 ﬁdes
383 2311 584 2379 nostra.
636 2302 855 2379 _Placeat
877 2302 1046 2373 igitur
1084 2299 1266 2379 gloriae
1298 2307 1524 2379 vestrae,_
1551 2300 1803 2379 princeps

211 2386 267 2431 et
282 2376 497 2430 domine
516 2373 767 2444 gloriose,
791 2368 926 2444 sano
943 2368 1142 2444 vestras
1161 2368 1559 2444 informationis
1574 2368 1802 2423 consilio

211 2444 483 2501 consolari
497 2438 734 2497 n'ostram
751 2443 1043 2505 miseriam,
1061 2440 1216 2508 cujus
1237 2438 1399 2493 ﬁnem
1424 2447 1478 2492 et
1514 2452 1800 2492 numerum

212 2531 322 2570 non
350 2515 594 2569 videmus
622 2551 639 2577 ,
678 2512 971 2566 secundum
1007 2526 1070 2565 ea
1114 2526 1233 2580 quae
1273 2509 1415 2563 lator
1449 2510 1800 2578 praesentium

211 2586 412 2641 vestris
442 2583 667 2638 auribus
685 2582 977 2651 explicabit
995 2580 1045 2634 ά.

791 2670 1128 2725 EPISTOLA
1160 2670 1230 2724 Χ.

212 2764 352 2819 Item
381 2763 797 2831 Salisburgensis
843 2762 1068 2831 episcopi
1112 2760 1179 2813 ad
1233 2758 1566 2831 Rudolpltum
1595 2760 1804 2831 gravior

286 2832 496 2903 querela
520 2833 584 2886 de
606 2828 851 2903 Ottocaro
872 2828 1278 2903 regegBohemiaz,
1298 2848 1331 2884 a
1356 2828 1507 2899 cujus
1525 2828 1802 2899 tyrannide

283 2901 364 2969 se,
393 2913 440 2957 et
476 2920 597 2957 suos
628 2903 753 2974 petit
789 2901 1024 2956 liberari.
1434 2912 1437 2917 ‘

535 2997 659 3068 (An.
692 2996 846 3050 Dom.
881 2995 1048 3061 1276,
1084 2994 1203 3048 cod.
1233 2994 1375 3048 Rud.
1400 2992 1480 3066 ι.)

210 3088 613 3143 Anconam“.
646 3116 717 3129 —
747 3085 963 3157 Saevitia
992 3085 1225 3140 hostium
1261 3086 1644 3151 invalescente,
1699 3084 1800 3140 ite-

285 3173 404 3212 rum
421 3159 658 3227 archiep.
684 3156 939 3212 auxilium
951 3157 1206 3226 efﬂagitat
1223 3173 1237 3212 :
1268 3158 1628 3211 constantiam
1644 3170 1798 3227 suam

284 3225 648 3297 nequidquam
672 3235 929 3282 tentatam
966 3225 1187 3292 scribit;
1240 3241 1546 3296 sesuosque
1572 3225 1798 3297 populos

284 3295 425 3352 mori
455 3295 613 3352 malle
647 3313 809 3368 quam
837 3297 1068 3368 deﬁcere
1089 3298 1156 3351 ab
1180 3297 1436 3365 imperio;
1460 3295 1653 3368 multa
1678 3310 1802 3368 pas-

284 3381 427 3433 sum,
460 3375 519 3422 ut
552 3365 838 3423 nonnullos
877 3367 1190 3422 deﬁcientes
1220 3383 1249 3420 a
1289 3366 1584 3421 miserabili
1631 3365 1801 3419 servi—

285 3445 401 3492 tute
428 3438 756 3508 abduceret;
815 3436 1161 3507 Rudolphum
1215 3447 1367 3508 rogat
1390 3447 1449 3491 ut
1477 3436 1800 3508 quantocius

288 3507 556 3577 adveniat,
601 3507 980 3577 redempturus
996 3506 1096 3562 eas
1127 3506 1434 3577 provincias
1459 3507 1699 3576 atquein
1732 3506 1800 3560 iis

292 3576 689 3630 dominaturus.

292 3662 654 3742 serenissimo
682 3666 898 3742 domino
911 3674 1177 3742 _suo,_etc.
1223 3665 1648 3742 Salisburgensis
1674 3682 1798 3721 cum

218 3732 563 3790 orationibus
606 3734 848 3788 sedulam
895 3735 1230 3790 devotionem
1280 3735 1404 3790 ﬁdei
1447 3732 1725 3791 indefessa:
1749 3748 1796 3791 θ.

218 3804 501 3873 Hactenus
525 3816 647 3873 eum
670 3804 762 3870 qui
788 3802 995 3873 salvum
1020 3819 1105 3857 me
1123 3804 1285 3873 382
1309 3804 1509 3858 faceret
1545 3806 1688 3858 inter
1705 3822 1802 3860 an-

217 3872 430 3953 gustias
448 3871 675 3953 positus,
701 3872 861 3953 morti
878 3871 1171 3953 expositus,
1197 3871 1802 3953 etquotidieprojusti-

218 3941 298 3998 tia
332 3941 569 4011 moriens
602 3942 907 4011 eXSpectavi
962 3957 1076 4005 vos,
1127 3941 1403 4011 dominum
1457 3943 1799 4009 salvatorem,

219 4010 489 4080 impulsus
512 4020 568 4064 et
598 4008 786 4066 versus
806 4010 1117 4080 frequenter
1142 4018 1200 4064 ut
1236 4008 1514 4075 caderem;
1549 4011 1803 4065 sollicita-

217 4089 310 4135 tus
354 4081 686 4144 multotiens,
730 4089 790 4134 ut
833 4079 1075 4136 ellicerer
1127 4082 1386 4136 adversus
1417 4096 1515 4135 vos
1560 4088 1803 4148 apostata

217 4149 343 4205 ﬁdei
366 4158 422 4205 et
460 4148 735 4219 transfuga
776 4151 1038 4213 veritatis,
1088 4149 1378 4205 immobilis
1413 4150 1646 4218 perstiti,
1699 4150 1804 4205 ﬁde

217 4221 453 4291 grandis
483 4218 707 4275 effectus
733 4236 857 4281 cum
889 4220 1088 4291 Moyse,
1128 4219 1334 4291 negavi
1360 4227 1639 4291 peceatum
1662 4220 1804 4291 regis

218 4288 480 4360 {Egyptih
502 4291 696 4360 negavi
717 4298 772 4345 et
792 4306 930 4359 nego
950 4288 1036 4345 me
1062 4290 1230 4344 ﬁlium
1266 4288 1386 4344 filiae
1421 4288 1719 4360 Pharaonis
1734 4288 1739 4289 “
1757 4289 1800 4342 τ.

217 4358 890 4427 Ego’quidem‘ferocibus
918 4360 1075 4415 furiis
1112 4360 1410 4424 hominum,
1454 4364 1572 4414 sine
1620 4359 1801 4414 delicti

216 4429 423 4498 proprii
445 4430 669 4485 crimine
688 4430 1055 4497 conculcatus,
1080 4431 1216 4484 etab
1246 4430 1496 4485 omnibus
1520 4428 1634 4484 fere
1665 4429 1803 4485 meis

294 4553 324 4619 ξ
356 4539 515 4596 Juxta
566 4541 681 4611 ejus
714 4545 1159 4619 :evi__opinionem
1199 4545 1425 4619 duorum
1451 4543 1796 4619 luminarium

216 4614 504 4684 majorum,
543 4627 636 4667 seu
674 4615 961 4683 pontiﬁcia:
989 4623 1044 4668 et
1097 4614 1391 4684 imperialis
1417 4615 1702 4683 potestatis
1740 4615 1797 4669 in

216 4682 468 4736 universo
500 4682 763 4736 terrarum
790 4684 940 4739 orbe.

287 4750 949 4834 {Quiperpetuumnovit
964 4753 1349 4834 imperium,
1380 4753 1665 4834 _Rudolpho
1687 4769 1795 4834 non

217 4823 552 4893 maiestatem
576 4823 997 4893 imperatoriam,
1049 4824 1142 4878 sed
1182 4823 1571 4878 sublimitatem
1590 4825 1795 4893 regiam

216 4892 476 4963 agnoscit.
506 4890 765 4963 Begalem
787 4906 1001 4961 quoque
1029 4893 1273 4961 gloriam,
1299 4894 1607 4963 regiamque
1628 4890 1790 4963 maje-

214 4960 410 5015 statem
432 4960 579 5031 [infra
598 4960 893 5027 ’admonet,
924 4960 1002 5026 Se,
1029 4960 1206 5031 quoad
1226 4960 1443 5029 vixerit,
1478 4960 1686 5019 ﬁdelem
1713 4961 1797 5016 fu-

216 5039 398 5100 turum
426 5030 672 5083 Romano
702 5030 945 5100 imperio.

289 5108 312 5134 ο
355 5097 471 5149 Duo
496 5111 593 5171 per
614 5097 1044 5171 suum—nuntium
1060 5101 1390 5156 sciscitatur:
1410 5117 1536 5156 num
1549 5101 1794 5171 Gregorii

215 5178 500 5241 successor
519 5165 722 5241 electus
746 5166 949 5241 fuerit?
965 5177 1019 5222 et
1040 5172 1379 5237 quandonam
1405 5172 1470 5225 ad
1487 5165 1687 5226 Urbem
1696 5186 1797 5241 pro

215 5231 491 5312 imperiali
512 5232 814 5312 diademate
826 5231 1167 5305 profecturus
1189 5241 1292 5294 sit?
1331 5242 1381 5295 id
1405 5241 1668 5312 siquidem
1692 5231 1796 5295 sibi

214 5299 335 5358 vult
354 5300 497 5371 regis
514 5299 879 5379 Romanorum
905 5321 1219 5379 processus,
1270 5326 1430 5379 quem
1470 5299 1575 5364 suo
1601 5311 1799 5365 misero

216 5368 841 5447 statuessefeliciorem
890 5368 1159 5447 desiderat
1188 5368 1215 5430 ε’
1232 5368 1450 5447 quicum
1493 5396 1550 5434 se
1599 5380 1800 5433 iturum

215 5440 544 5521 promiserat
573 5439 838 5507 superiori
865 5444 1134 5521 anno_(lib.
1164 5464 1202 5521 t_,
1230 5439 1422 5521 e‘p.38)
1447 5448 1491 5500 si
1504 5463 1605 5521 rex
1630 5449 1801 5521 Bche-

217 5510 342 5570 inite
362 5510 630 5583 respirare
654 5525 776 5583 eum
798 5510 1148 5583 permisisset,
1178 5510 1603 5583 haudpraeseius,
1630 5516 1801 5583 majus

218 5582 322 5639 sibi
350 5579 704 5651 infortunium
729 5580 1013 5651 imminere
1027 5590 1145 5646 post
1160 5579 1403 5651 Gregorii
1427 5592 1682 5637 mortem:
1709 5579 1802 5638 cu-

211 5657 301 5727 jus
310 5650 585 5723 pontificis
597 5650 919 5716 reverentia,
935 5664 1029 5704 seu
1040 5659 1207 5718 metu,
1224 5650 1508 5707 Ottoearus
1518 5653 1800 5722 aliquando

1829 4395 1879 4456 Β

1890 420 2095 474 minum
2121 436 2227 473 non
2250 419 2470 491 negavi;
2512 434 2541 472 a
2568 418 2710 472 notis
2737 427 2790 471 et
2816 419 3082 487 proximis
3106 423 3239 475 meis
3262 430 3483 491 propter

1890 498 1941 545 te
1960 491 2187 544 sustinui
2224 489 2589 557 opprobrium,
2623 503 2812 556 passus
2861 505 2977 542 sum
3030 489 3382 544 contumelias
3426 497 3481 546 et

1888 569 2145 623 terrores,
2198 560 2322 629 igne
2344 567 2398 613 et
2422 560 2597 626 gladio
2624 558 2832 626 perdidi
2851 574 2934 612 me
2961 566 3015 612 et
3038 575 3206 622 meos,
3235 570 3292 612 ut
3320 559 3482 614 lucri-

1888 629 2125 699 facerem
2149 639 2204 683 et
2239 630 2504 683 salvarem
2547 629 2699 691 alios,
2757 630 2847 697 qui
2895 643 2925 681 a
2955 629 3239 684 devotione
3269 629 3479 699 imper-ii

1889 698 2249 768 discedentes,
2281 714 2337 753 se
2353 700 2497 768 ipsos
2514 699 2569 751 in
2585 698 2950 753 miserabilem
2972 701 3288 752 servitutem
3304 699 3480 767 pretio

1892 767 1973 821 sui
1999 766 2267 839 [pretiosi]
2292 766 2568 838 sanguinis
2588 769 2964 823 vendiderunt.
3010 769 3164 822 Vivat
3185 766 3351 837 igitur
3363 769 3479 821 ani-

1891 851 1978 890 ma
2016 845 2124 900 tua,
2169 838 2399 901 domine,
2425 839 2569 892 vivat
2612 848 2667 892 et
2706 840 2899 901 valeat,
2948 839 3131 892 veniat
3153 849 3206 893 et
3230 854 3336 893 non
3367 846 3478 891 tar-

1893 907 2000 967 det,
2032 914 2221 979 utnon
2242 908 2519 979 videamus
2540 917 2805 979 mortem;
2838 908 2954 977 ejus
2980 907 3177 979 [cujus]
3216 909 3479 979 timorest

1891 976 2207 1046 proximus,
2253 978 2383 1031 mihi
2430 978 2647 1046 quidem
2680 987 2733 1029 et
2771 976 2876 1032 illis
2913 976 3041 1031 viris
3086 976 3250 1032 corde
3293 987 3347 1031 et
3372 977 3479 1033 ﬁde

1895 1045 2224 1111 fortissimis,
2252 1049 2343 1115 qui
2369 1044 2465 1116 pro
2489 1044 2863 1116 zelojustitiae,
2909 1062 3010 1115 pro
3035 1046 3244 1116 imperii
3273 1046 3480 1115 legibus

1895 1116 2190 1185 elegerunt,
2233 1114 2384 1171 velut
2400 1115 2555 1168 alteri
2581 1114 2889 1178 Machabaai,
2914 1114 3016 1167 aut
3042 1115 3275 1183 glorioso
3300 1114 3477 1168 certa-

1896 1186 2040 1239 mine
2065 1186 2396 1255 triumphare
2424 1185 2721 1245 vobiscum,
2755 1194 2846 1237 aut
2871 1199 2970 1252 pro
2996 1185 3148 1255 vobis
3168 1224 3182 1245 ,
3238 1185 3282 1236 si
3313 1199 3475 1255 opor-

1897 1256 2078 1319 tuerit,
2110 1251 2406 1310 honorabili
2430 1264 2600 1306 morte
2617 1251 2895 1321 quiescere
2915 1253 3093 1321 potius
3113 1254 3168 1305 in
3193 1251 3476 1321 sepulcris,

1898 1339 2059 1391 quam
2071 1327 2297 1380 vivendo
2324 1324 2660 1379 calamitates
2675 1324 2981 1378 innumeras
3009 1331 3325 1391 exspectare
3348 1337 3480 1391 quo-

1902 1394 2047 1457 tidie,
2086 1403 2140 1448 et
2177 1397 2390 1449 demum
2424 1394 2641 1447 sordida
2684 1402 2735 1447 et
2769 1393 2987 1462 ignobili
3040 1402 3214 1446 morte
3263 1392 3399 1446 mori
3432 1394 3476 1446 ⁸.

1898 1463 2110 1518 Attraxi
2134 1467 2348 1534 quidem
2396 1480 2489 1517 eos
2512 1478 2645 1532 quos
2671 1464 2848 1534 potui,
2881 1462 3213 1534 [consolabar
3256 1462 3476 1534 debiles,

1899 1532 2265 1602 pusillanimes
2290 1534 2611 1596 eonfortavi,
2663 1542 2717 1587 et
2738 1533 2792 1586 in
2823 1532 2927 1586 ﬁde
2962 1532 3189 1586 sustinui
3218 1533 3481 1601 plurimos

1901 1618 2073 1672 usque
2097 1607 2273 1669 modo,
2299 1606 2432 1659 adeo
2458 1604 2601 1672 quod
2630 1618 2736 1657 non
2771 1611 2942 1657 restat
2969 1604 3120 1658 vobis
3146 1602 3291 1658 aliud
3316 1618 3476 1671 quam

1905 1674 2108 1739 venire,
2164 1691 2385 1739 regnum
2435 1674 2679 1739 accipere
2719 1683 2772 1727 et
2821 1674 3036 1726 reverti.
3111 1672 3247 1739 Quid
3302 1673 3476 1727 dicam

3161 1687 3247 1727 illd
3302 1687 3477 1727 dicam

1906 1743 2174 1813 amplius?
2195 1741 2460 1814 Quidquid
2487 1741 2717 1814 eveniat,
2746 1757 3062 1812 quacunque
3085 1741 3219 1797 facie
3243 1742 3476 1806 fortuna,

1904 1828 2025 1881 quae
2064 1830 2219 1869 casus
2243 1812 2518 1869 hominum
2543 1812 2732 1877 variat,
2773 1830 2914 1868 nunc
2940 1828 3151 1877 serena,
3192 1828 3336 1881 nunc
3363 1822 3479 1867 tur-

1905 1880 2030 1937 bida
2056 1900 2114 1939 se
2148 1886 2410 1948 ostendat,
2434 1899 2709 1953 nunquam
2736 1892 2916 1936 tamen
2938 1882 3081 1953 circa
3106 1897 3200 1936 vos
3215 1880 3480 1937 etRoma-

1905 1969 2032 2024 num
2061 1954 2344 2023 imperium
2370 1952 2577 2009 deﬁciet
2599 1952 2731 2024 ﬁdes
2753 1969 2892 2024 mea.
2934 1952 3040 2005 Aut
3056 1954 3200 2007 enim
3221 1954 3274 2006 in
3302 1967 3479 2024 meam

1902 2020 2237 2104 provinciam
2259 2039 2353 2078 vos
2368 2024 2544 2104 afllicti
2558 2023 2737 2093 populi
2760 2022 3154 2104 redemptorem
3171 2020 3481 2104 cumﬂjubilo

1904 2092 2266 2158 introducam,
2294 2103 2387 2147 aut
2412 2092 2609 2163 fugiam
2640 2109 2744 2147 non
2785 2094 3000 2146 visurus
3047 2092 3241 2163 amodo
3285 2092 3479 2163 faciem

1900 2164 2295 2232 persequentis.
2354 2162 2582 2220 Nuntios
2610 2163 2765 2218 nobis
2793 2163 3054 2218 remittite
3074 2162 3213 2217 iretis
3241 2162 3477 2218 rumori-

1901 2233 2005 2288 bus
2030 2235 2330 2288 exueditos.

1942 2249 2005 2289 us
2030 2235 2330 2305 eXpeditos.

2351 2325 2512 2396 333
2549 2323 2885 2381 EPISTOLA
2920 2323 2991 2379 x1

1902 2414 2052 2487 Idem
2083 2415 2501 2487 Salisbargensis
2540 2418 2696 2471 mittit
2743 2417 3194 2487 notariumrsuam
3242 2415 3312 2469 ad
3362 2413 3481 2468 Ru—

1970 2486 2220 2557 dolphum
2254 2486 2516 2541 Ctesarem
2545 2527 2558 2549 ,
2602 2503 2818 2557 eumque
2852 2495 2910 2539 ut
2960 2486 3029 2540 ad
3058 2486 3140 2540 sui
3164 2501 3483 2556 suorumque

1971 2555 2329 2610 liberationem
2356 2555 2742 2627 quamprimum
2768 2557 3103 2627 accingatur,
3141 2557 3300 2612 etiam
3326 2555 3482 2627 atatte

1972 2627 2129 2680 etiam
2149 2628 2391 2680 hortatur
2412 2628 2461 2679 ιι.

2206 2714 2328 2787 (Αη.
2354 2716 2509 2769 Dom.
2550 2714 2703 2780 1276,
2737 2716 2853 2770 cod.
2879 2715 3022 2772 Rud.
3054 2715 3157 2789 ιι.)

1902 2804 2297 2860 ΑΒΟΗἊΕΝΤῊΜ.
2323 2836 2392 2846 -
2419 2806 2601 2861 Tertio
2657 2804 2935 2861 effusiores
2982 2820 3169 2875 preces
3206 2807 3437 2875 fundens
3463 2846 3479 2871 ,

1974 2876 2241 2931 notarium
2274 2892 2430 2931 suum
2451 2892 2558 2945 quo
2576 2892 2705 2930 usus
2731 2883 2849 2928 erat
2873 2874 3248 2943 pertrahendis
3273 2876 3341 2929 ad
3366 2874 3483 2941 ejus

1920 2950 1927 2960 '
1974 2948 2287 3015 obsequium
2314 2947 2524 3015 populis
2553 2988 2565 3009 ,
2600 2945 2764 2999 mittit
2791 2945 2970 2998 omnia
2997 2946 3293 3015 luculenter
3318 2959 3480 2998 enar-

1974 3013 2238 3071 raturum.
2272 3013 2331 3070 In
2358 3013 2633 3071 celeritate
2656 3015 2733 3070 rei
2758 3029 3023 3070 summam
3048 3013 3376 3079 consistere,
3412 3030 3481 3068 ne

1973 3086 2188 3141 afﬂictio
2214 3087 2524 3141 continuata
2568 3086 3018 3155 desperationem,
3062 3084 3365 3153 desperatio
3390 3087 3482 3138 de—

1972 3156 2258 3212 fectionem
2281 3156 2488 3211 afferat.
2517 3156 2597 3210 Ad
2624 3155 2903 3211 victoriam
2922 3155 3101 3209 omnia
3123 3161 3312 3224 parata
3333 3168 3475 3220 esse;

1970 3226 2235 3296 Rudolphi
2254 3241 2449 3282 nomen
2465 3227 2837 3281 aversantibus
2848 3224 3272 3289 formidolosum,
3288 3226 3482 3278 trium-

1968 3299 2107 3421 phus
2130 3297 2473 3365 portendere.
2519 3296 2671 3350 Illum
2700 3304 2882 3351 monet
2910 3304 2971 3350 ut
2996 3296 3122 3351 vitae
3147 3310 3259 3350 suae
3288 3308 3477 3349 curam

2008 3368 2196 3421 abeat.
2232 3375 2530 3421 caveatque
2580 3366 2682 3421 sibi
2714 3382 2745 3420 a
2774 3381 3033 3421 novorum
3064 3366 3364 3421 amicorum
3394 3364 3477 3419 in-

2001 3368 2196 3491 [aibeah
2232 3375 2530 3437 caveatque
2580 3366 2682 3422 sibi
2714 3382 2745 3420 a
2774 3381 3033 3421 novorum
3064 3366 3364 3421 amicorum
3394 3364 3481 3419 in—

2001 3455 2015 3491 |
2055 3453 2143 3491 ns.

1969 3453 2143 3492 SIGIIS.

1969 3528 2195 3583 Domine
2219 3528 2537 3584 charissime
2560 3568 2575 3591 ,
2605 3525 2862 3597 quidquid
2890 3527 3151 3597 hactenus
3185 3524 3326 3597 apud
3355 3523 3477 3597 illos

1898 3599 2146 3654 homines
2186 3615 2346 3669 super
2388 3598 2586 3653 vestris
2615 3594 2669 3653 et
2699 3594 2903 3669 eorum,
2922 3595 3155 3669 negotiis
3183 3594 3472 3669 ordinavi,

1898 3669 2001 3725 hoc
2027 3669 2140 3724 fere
2170 3664 2341 3724 totum
2372 3684 2471 3739 per
2509 3669 2664 3739 istius
2704 3668 2937 3739 hominis
2962 3664 3160 3720 notarii
3189 3664 3480 3739 mei‘minio

1900 3740 2126 3794 sterium
2146 3732 2499 3809 exseque'bar.
2515 3737 2680 3805 Cujus
2702 3738 3054 3809 diligentiam,
3068 3742 3270 3809 quanta
3292 3732 3473 3798 fuerit,

1900 3809 2275 3864 commendant
2295 3804 2362 3863 'et
2392 3804 2622 3876 probant
2653 3804 2822 3876 opera
2845 3804 3108 3862 veritatis.
3139 3804 3294 3876 Hunc
3333 3818 3478 3876 nunc

1902 3877 1969 3930 ad
1998 3894 2094 3932 vos
2121 3879 2280 3933 mitto
2301 3918 2317 3943 ,
2352 3873 2412 3931 ut
2445 3891 2517 3930 ex
2545 3878 2658 3931 suis
2687 3873 3025 3932 sermonibus
3046 3916 3060 3941 ,
3089 3882 3143 3930 et
3169 3874 3290 3929 aliis
3315 3873 3482 3928 certis

1902 3946 2135 4011 indiciis,
2171 3962 2293 4014 quae
2316 3946 2467 3999 vobis
2494 3946 2758 4009 ostendet,
2795 3954 2849 3999 et
2872 3946 2978 4000 mei
3001 3945 3203 4000 laboris
3226 3943 3481 4012 frequen-

1903 4016 2050 4095 tiam,
2077 4023 2131 4069 et
2152 4015 2483 4095 propositum
2515 4014 2733 4095 illorum
2767 4014 3351 4095 hominumpolligatis,
3384 4026 3480 4065 vo-

1903 4084 2096 4163 bisque
2126 4080 2298 4163 magis
2338 4097 2501 4163 quam
2533 4083 2661 4163 ipsis
2696 4080 2846 4163 [ipsi]
2892 4080 3425 4163 curetis_prt_ispicere
3459 4122 3475 4145 ,

1904 4152 2244 4207 attendentes
2280 4155 2380 4207 sub
2424 4159 2627 4220 quanto
2676 4152 2801 4205 vitae
2828 4152 2960 4204 "suae
3001 4152 3240 4219 periculo
3286 4160 3480 4207 vestrae

1905 4222 2097 4291 gratiae
2123 4236 2181 4276 se
2201 4219 2541 4291 submittunt.
2567 4219 2712 4274 Inter
2727 4234 2877 4290 spem
2896 4228 2950 4274 et
2968 4228 3171 4275 metum
3196 4220 3475 4285 fluctuant,
3534 4228 3557 4241 ‘

1904 4290 1959 4344 et
2002 4292 2206 4345 utinam
2233 4290 2554 4359 desperatio,
2584 4304 2741 4357 quam
2784 4304 2945 4360 mora
2983 4298 3161 4344 vestra
3187 4301 3369 4360 posset
3397 4293 3481 4345 in—

1904 4362 2122 4426 ducere,
2149 4358 2359 4417 illorum
2394 4375 2692 4430 pauperum
2723 4358 3040 4430 afﬂictarum
3085 4358 3336 4417 ﬁduciam
3370 4376 3478 4415 non

1904 4432 2232 4503 submergat.
2266 4429 2536 4500 Quidquid
2564 4430 2861 4502 neglectum
2887 4429 3052 4486 fuerit
3077 4432 3181 4487 hac
3206 4439 3395 4488 aestate
3428 4432 3474 4494 ί,

1904 4548 2083 4603 furere
2111 4550 2406 4605 desinebat.

1973 4617 2000 4690 f1
2050 4618 2131 4672 Nil
2162 4618 2498 4690 frequentius
2541 4619 2597 4673 in
2625 4619 2745 4690 cod.
2767 4616 3007 4675 Carolini
3058 4618 3274 4687 litteris,
3312 4635 3475 4690 quam

1903 4688 2207 4759 hujusmodi
2226 4688 2534 4745 commissio
2562 4689 2752 4756 legatis
2764 4697 3004 4759 tempore
3034 4690 3235 4747 hostili.

1900 4827 1948 4881 Η
1975 4756 2001 4797 δ
2036 4757 2213 4839 Etiam
2262 4760 2318 4813 in
2348 4759 2452 4814 ista
2487 4760 2679 4816 desunt
2726 4756 2912 4815 titulus
2944 4769 3000 4816 et
3047 4762 3297 4816 salutatio
3336 4756 3475 4830 apud

1950 4843 2119 4881 ansn.

1950 4843 2119 4882 ansn.

1978 4897 1999 4936 τ
2041 4896 2088 4969 If
2088 4898 2174 4952 ide
2204 4897 2410 4969 Moyses
2423 4900 2647 4969 grandis
2669 4900 2839 4969 factus
2864 4899 3065 4969 negavit
3099 4913 3154 4949 se
3173 4893 3473 4969 esse-ﬁliuni

1899 4965 2026 5034 ﬁlia:
2045 4955 2355 5040 Pharaonis.
2412 4955 2584 5039 Magis
2607 4955 2795 5040 eligens
2820 4955 2976 5040 agitat
3000 4980 3116 5040 ειᾳῃ
3144 4955 3472 5040 ροραζρμεί.

1899 5024 2059 5108 quam
2086 5038 2382 5108 temporalis
2415 5024 2610 5107 peccati
2636 5024 2824 5108 habere
2854 5024 3249 5108 'Iin'lrundita'tem
3281 5024 3470 5096 (Ilebr.

1901 5120 1977 5169 XI.
1997 5105 2086 5178 24,
2107 5103 2239 5178 25),
2275 5108 2390 5178 Huc
2414 5103 2650 5177 respexit
2679 5103 3140 5168 archiepiscopus:
3169 5111 3299 5149 num
3326 5110 3474 5151 com-

1903 5175 2079 5246 mode,
2112 5175 2521 5246 aliijudicentf‘
2592 5244 2603 5246 _
2664 5245 2673 5246 ί
2964 5234 2976 5246 .
3175 5230 3209 5246 ..

1977 5246 2002 5283 ⁸
2023 5230 2185 5327 ﬂauo
2220 5230 2421 5327 'utique
2473 5244 2899 5327 Maphabmorum
2934 5230 3337 5287 similitudinem
3377 5243 3478 5285 ex-

1899 5313 2236 5384 pendendam
2257 5313 2499 5384 relinquo
2523 5313 2663 5384 aliis.

1970 5383 1999 5422 ιι
2031 5383 2240 5437 Titulus
2269 5376 2426 5438 deest'
2453 5385 2506 5435 in
2541 5380 2661 5431 cod.
2685 5376 2949 5441 CtesatjeO-
3051 5430 3129 5441 Λα
3269 5428 3280 5441 ,

1980 5453 1996 5491 ί
2028 5430 2638 5506 'aéiis'i'rthtn
2672 5438 3017 5508 epistolaruln
3046 5430 3285 5508 Ottoeari
3307 5431 3480 5508 anda.

1902 5498 2784 5577 013111..ὲίζῷἰῗῆἰῖὡῄἑηιηωηιίὀηι
2810 5514 2927 5571 post
2948 5498 3192 5577 Gregorii
3205 5503 3477 5577 mortem,

2138 5568 2395 5644 videlicet
2420 5568 2664 5634 aestivum
2688 5568 2901 5640 tempus
2923 5568 3302 5640 praecedentes.
