4074 6148
186 195 290 254 801
330 192 486 250 COD.
525 184 1067 253 ΒιΡΙλη-ΜοΝυΜη
1092 182 1270 251 ETC.,
1299 181 1431 239 SEU
1459 181 1612 239 COD.
1639 176 2498 247 CAROLINUS.—APP.—EPP.
2525 176 2876 238 RUDOLPHI
2899 178 2942 234 l.
2969 205 3044 221 —
3065 175 3194 236 LIB.
3217 177 3303 237 III.
3338 179 3445 238 802

264 309 364 365 dus
405 306 651 376 Philippo
685 291 750 359 ΙΪΙ
776 301 910 376 ι’εεὶ
959 297 1363 376 ofﬁciosissimis
1401 296 1600 376 litteris
1622 311 1764 376 rem
1788 297 1844 360 Α
1867 302 1981 376 tum
2045 295 2358 376 poterimus
2393 295 2690 376 impensuri

264 367 744 449 signiﬁcatfsuam
761 367 1200 428 benevolentiam
1248 375 1550 440 Opportune
1578 367 1764 421 utilem

266 447 382 504 fore
412 447 753 517 promittens.
1038 470 1052 485 κ

263 538 408 594 Inter
436 548 628 592 caetera
647 535 913 609 qualibet
940 530 1309 609 augustalium
1333 528 1611 609 titulorum
1637 525 1770 609 insi-

267 609 316 662 ia
344 608 497 663 nobis
532 599 794 662 attributa
849 599 1123 666 divinitus,
1163 602 1300 656 inter
1353 599 1521 652 multa
1577 599 1770 651 votiva

267 625 316 662 1a
344 624 497 663 noms
532 624 794 662 attriuuw
849 624 1123 666 (llV'lnltus,
1163 624 1300 656 Inter
1354 624 1521 652 murta
1581 624 1769 651 vuuva

191 624 470 733 gicitatis
505 677 765 746 auspicia,
819 675 1012 742 quibus
1066 673 1288 746 dextera
1325 667 1539 746 Domini
1598 669 1769 722 latera

194 758 380 804 nostra
432 741 807 811 circumdedit,
837 741 1188 799 incessanter
1235 742 1289 795 id
1348 741 1526 811 animo
1581 747 1772 792 nostro

195 835 383 874 revera
450 817 733 872 suavitatis
793 809 972 868 arrisit
1025 814 1081 866 in
1118 811 1320 876 osculo,
1388 809 1441 864 id
1498 809 1773 862 immensas

193 889 399 960 laetitia
435 887 630 957 poculo
685 894 866 960 nostra
910 883 1203 960 praecordia
1251 880 1572 960 fecundavit,
1629 877 1774 960 quod

193 959 340 1013 inter
368 951 468 1013 nos
489 967 544 1011 et
578 973 688 1021 vos,
724 957 776 1009 in
805 951 963 1023 quem
1001 955 1186 1023 utique
1215 951 1456 1023 proavita
1483 951 1774 1005 strenuitas

193 1029 340 1082 vires
380 1038 434 1083 et
467 1029 676 1082 animos
718 1022 1046 1094 propagavit,
1080 1022 1357 1078 afﬁnitatis
1412 1023 1596 1094 amica:
1620 1034 1776 1094 __con-

193 1100 362 1153 nubia
399 1108 526 1153 sunt
581 1090 854 1152 contracta
891 1090 954 1146 ῖι.
994 1094 1123 1159 Qua;
1177 1093 1393 1162 quidem
1446 1107 1510 1146 eo
1544 1090 1777 1144 indisso-

191 1169 462 1232 ciabilius,
503 1167 679 1238 434
719 1181 783 1220 eo
826 1163 1205 1238 indisjunctius
1272 1177 1484 1238 semper
1558 1174 1776 1215 servare

190 1255 299 1292 non
342 1233 548 1302 solum,—
566 1233 685 1292 'séd
733 1243 788 1290 et
845 1235 1198 1289 corroborare
1262 1233 1613 1301 disponimus,
1670 1245 1778 1302 quo

190 1325 312 1364 cum
353 1301 556 1377 inclyta
585 1307 742 1377 domo
770 1305 1012 1377 Francia:
1062 1303 1268 1359 couniri
1297 1318 1397 1358 nos
1445 1301 1779 1377 desiderabi-

190 1379 292 1433 lius
327 1371 582 1434 delectat.
624 1376 700 1431 De
727 1377 882 1430 nobis
911 1375 1074 1445 igitur
1113 1389 1418 1443 quaesumus
1448 1373 1597 1444 regia
1621 1371 1778 1445 celsi-

193 1449 320 1503 tudo
349 1449 562 1503 ﬁducia‘:
591 1447 850 1516 plenioris
874 1442 954 1500 εί
976 1442 1276 1516 litterarum
1307 1442 1618 1516 nostrarum
1655 1442 1779 1516 alfa-

194 1520 334 1573 tibus
361 1512 694 1590 argumenta
704 1516 982 1590 suscipiat,
1014 1514 1157 1590 quod
1191 1517 1248 1590 in
1288 1512 1780 1590 opportunitatibus

194 1590 344 1645 vobis
380 1584 573 1644 néstra
598 1584 903 1643 sollicitudo
929 1601 1036 1640 non
1083 1585 1275 1650 deerit,
1324 1586 1420 1638 sed
1471 1584 1539 1638 ad
1585 1593 1780 1637 cuncta

2731 305 2789 346 ο.
2849 291 3019 348 Porro
3076 293 3445 351 universitatis

1866 359 2063 419 vestrai
2112 365 2452 436 prudentiam
2470 359 2855 436 :exhortamur
3090 365 3350 420 attentius
3391 373 3448 420 et

1866 433 2137 506 rogamus,
2198 447 2463 506 quatenus
2493 434 2559 488 N.
2599 433 2854 490 familiari
2912 433 3129 506 dilecto
3154 451 3318 505 super
3363 437 3449 490 his

1868 503 1986 574 quae
2016 508 2169 560 vobis
2194 503 2378 561 nostro
2432 507 2647 559 nomine
2692 505 3050 574 proposuerit,
3102 503 3261 560 ﬁdem
3296 506 3450 560 adhi-

1867 575 1997 646 bere
2035 591 2140 646 non
2199 578 2415 631 dubiam
2463 585 2518 630 et
2556 574 2779 630 effectus
2841 574 3067 646 congrui
3127 575 3450 631 beneﬁcium

1869 643 2133 716 impertiri
2186 647 2383 708 velitis,
2416 652 2476 698 ut
2509 654 2730 716 propter
2785 645 2889 700 hoc
2949 643 3104 702 vobis
3150 646 3218 699 ad
3255 655 3452 716 cuncta

1869 728 2001 836 quia
2017 714 2168 767 vobis
2196 716 2476 784 profutura
2512 714 2826 771 noverimus
2878 730 3092 787 semper
3149 715 3452 786 specialiter

1872 799 1934 836 as
1960 799 2237 836 rmtzamur

1872 799 2237 854 asrrmgamur

2408 876 2745 933 EPISTOLA
2795 877 2910 932 VII.

1871 964 2183 1037 Rudolphus
2231 967 2369 1022 dolet
2409 969 2931 1089 quemdam.‘terram
2976 984 3128 1022 suam
3183 971 3455 1027 transiisse

2481 1053 2701 1089 mooam
2729 1053 2837 1089 um.

2481 1053 2837 1106 incognitum.

2196 1126 2319 1198 (An.
2338 1125 2497 1180 Dom.
2528 1124 2685 1190 1279,
2715 1125 2830 1178 cod.
2859 1124 3002 1178 Rud.
3026 1126 3151 1199 v11.)

1875 1214 2270 1271 Aacuusnruu.
2288 1247 2360 1256 —
2374 1215 2612 1286 Principi
2635 1213 2967 1270 amicissimo
2981 1218 3218 1272 suaviter
3238 1233 3460 1276 succen-

1947 1295 2048 1350 set,
2081 1287 2223 1360 quod
2273 1303 2369 1356 per
2409 1285 2639 1340 Austria:
2690 1287 3006 1360 provincias
3039 1291 3305 1360 currendo
3341 1306 3462 1360 per-

1949 1357 2237 1421 transiens,
2283 1366 2470 1411 mutuo
2518 1367 2823 1426 utrumque,
2855 1357 3046 1412 solatio
3094 1357 3464 1417 collocutionis

1949 1427 2236 1548 prbaverit.
2267 1425 2530 1498 Legatum
2559 1425 2735 1484 mittit
2763 1435 2963 1484 mutua:
2992 1431 3354 1487 excusationis
3381 1431 3461 1486 in-

1976 1506 2267 1551 ernretem.

1976 1510 2267 1566 erpretem.

1954 1585 2284 1660 Rudolphus,
2315 1596 2419 1644 etc.
2444 1587 2472 1629 d
2501 1589 2655 1660 Quod
2666 1596 2937 1660 transnus
2965 1597 3142 1645 vester
3174 1605 3272 1660 per
3305 1606 3466 1646 terra:

195 1675 311 1727 quze
367 1660 525 1714 vobis
570 1657 793 1728 honoris
815 1663 881 1728 et
931 1655 1114 1728 gloriae
1174 1649 1530 1728 incremento_
1558 1668 1776 1707 cessura
1805 1649 1855 1710 B
1883 1649 2380 1728 nostrtedistrictus
2397 1649 2894 1713 tamwclandestinus
2917 1660 3124 1714 exstitit
3139 1649 3194 1713 ei
3218 1660 3464 1728 festinus,

195 1722 527 1855 ιίοζεῦἰιὲιιιεὲ
561 1743 621 1782 se
685 1722 958 1800 olIiciose'
1001 1724 1318 1780 benevolam
1355 1730 1412 1777 et
1479 1722 1782 1779 ultroneam

196 1814 263 1853 ex
307 1801 324 1854 i
362 1815 393 1854 e
434 1799 478 1851 it
536 1835 551 1850 .

196 1799 478 1854 exhibebit
498 1799 551 1850 b.

753 1883 1087 1941 EPISTOLA
1127 1885 1217 1941 VI.

203 1977 518 2049 Rudolphus
574 1976 752 2032 scribit
806 1977 1001 2099 civitas
1059 1975 1269 2030 cuidam
1315 1973 1621 2043 ﬁdelitatem
1671 1973 1786 2044 ejus

891 2064 960 2099 au
1001 2063 1117 2099 ans.

891 2063 1117 2100 auaans.

519 2138 642 2211 (An.
667 2137 821 2192 Dom.
855 2138 1012 2204 1279,
1042 2138 1157 2192 cod.
1189 2137 1330 2192 Rud.
1360 2135 1462 2208 vr.)

197 2234 590 2289 Aacuusuruu.
626 2262 699 2272 —
734 2231 953 2286 Civitati
1004 2233 1230 2297 Tuscia,
1272 2247 1393 2300 qua:
1442 2246 1593 2285 suam
1624 2229 1787 2283 ﬁdem

271 2312 467 2358 testata
497 2311 613 2359 erat
646 2318 768 2371 erga
800 2303 1101 2356 Romanum
1127 2303 1437 2371 imperium,
1473 2301 1780 2369 respondet,

269 2389 328 2428 se
387 2389 508 2428 eam
573 2388 895 2441 magnopere
965 2374 1469 2428 commendaturum
1540 2372 1786 2425 Romano

270 2443 531 2513 pontiﬁci,
559 2444 825 2513 mittitque
855 2444 923 2497 ad
953 2459 1073 2498 eam
1116 2443 1370 2513 legatum,
1417 2442 1508 2511 qui
1557 2455 1656 2513 suo
1686 2455 1786 2513 no-

274 2511 420 2568 inine
442 2512 699 2566 nonnulla
724 2522 984 2582 proponet
1007 2514 1060 2566 in
1075 2511 1477 2568 exsecutionem
1499 2511 1782 2566 mittenda.

274 2605 608 2674 Rudolphus,
641 2613 746 2660 etc.
790 2604 1025 2658 Litteras
1061 2613 1271 2659 vestras
1305 2620 1438 2672 quas
1475 2604 1624 2673 regio
1673 2601 1785 2656 cul-

202 2725 207 2732 .
236 2676 334 2730 lini
364 2673 634 2730 direxistis
661 2673 944 2730 aﬁ‘ectione
962 2675 1194 2742 benigna
1217 2674 1568 2742 suscepimus,
1594 2680 1790 2726 vestrae

204 2746 507 2801 devotionis
540 2753 594 2801 et
623 2746 745 2800 ﬁdei
779 2761 944 2814 quam
966 2745 1031 2798 ad
1066 2760 1279 2798 sacrum
1330 2742 1788 2814 imperiumgeri-

204 2816 276 2870 tis
319 2817 677 2884 expressivas.
718 2814 861 2870 Sane
913 2816 1318 2869 memorabilem
1386 2813 1671 2884 probitatis
1699 2827 1793 2866 ve-

205 2895 333 2941 strae
355 2883 734 2950 constantiam,
780 2900 900 2954 qua:
927 2901 1022 2956 vos
1053 2885 1106 2938 in
1148 2884 1369 2956 agendis
1403 2883 1614 2956 imperii
1636 2883 1792 2956 deco-

204 2957 346 3010 ravit
392 2972 490 3025 pro
542 2972 638 3011 sua
690 2953 1157 3011 commendatione
1188 2953 1590 3024 prosequimur
1644 2953 1790 3007 circa

202 3008 267 3080 ea
305 3008 640 3095 quaevestrie
665 3008 864 3096 quietis
882 3008 1165 3094 vestrique
1185 3008 1475 3096 provecius
1500 3033 1789 3096 augmenta
1813 3008 1865 3078 α

203 3094 515 3166 respiciunt,
568 3094 854 3167 vigilanter
907 3096 1186 3150 intendere
1234 3095 1597 3164 disponentes,
1649 3094 1791 3162 apud

203 3169 604 3224 sanctissimum
664 3175 873 3237 patrem
908 3179 1153 3221 nostrum
1203 3167 1479 3237 dominum
1517 3179 1790 3219 summum

203 3239 532 3308 pontiﬁcem,
562 3246 623 3293 ut
649 3236 889 3307 paternas
927 3237 1318 3292 benevolentiae
1354 3236 1508 3290 vobis
1557 3244 1790 3306 praeten-

203 3309 294 3364 dat
323 3309 719 3376 unbraculum,
767 3322 930 3363 curas
982 3317 1201 3363 nostras
1238 3315 1294 3362 et
1341 3321 1556 3376 operas,
1618 3319 1792 3375 quan-

274 3478 301 3507 α
339 3465 591 3522 Nicolaus
631 3466 697 3520 Ιῐῐ
725 3465 837 3520 suis
863 3465 917 3519 in
971 3464 1170 3521 litteris
1214 3467 1282 3521 ad
1330 3465 1787 3534 Rudolphumap.

203 3536 543 3607 iiaynaldum
597 3536 776 3607 (1279,
814 3553 870 3589 ιι.
902 3536 990 3605 10)
1029 3538 1170 3590 datis
1200 3535 1450 3590 videlicet
1487 3554 1506 3585 Ι
1540 3541 1601 3589 ιιι
1646 3533 1786 3607 Non.

205 3603 331 3659 Jun.
366 3623 384 3654 ι
420 3621 478 3657 se
515 3603 729 3672 nuptias
769 3607 902 3660 istas
937 3603 1256 3659 conciliasse
1283 3614 1533 3660 testatur.
1581 3625 1600 3658 ι
1631 3603 1788 3670 Quia,

206 3673 406 3741 inquit,
435 3673 805 3728 indissolubile
861 3675 1189 3728 matrimonii
1212 3675 1506 3739 vinculum,
1535 3675 1793 3730 divinitus

205 3744 534 3805 institutum,
563 3758 629 3796 ex
660 3744 1001 3798 institutione
1037 3745 1117 3798 sui
1146 3743 1400 3798 virtutem
1424 3746 1480 3798 in
1504 3761 1561 3798 se
1586 3746 1794 3800 obtinet

207 3813 561 3868 connexivam
610 3813 752 3865 inter
777 3814 882 3866 alia
925 3830 1033 3868 non
1071 3815 1190 3867 sine
1240 3813 1408 3868 multa
1459 3815 1793 3869 discussione

208 3883 562 3953 providimus,
595 3881 740 3953 quod
786 3884 926 3937 inter
964 3893 1016 3937 te
1045 3899 1110 3937 ac
1139 3898 1318 3952 regem
1345 3883 1588 3940 eumdem
1618 3883 1796 3938 chari-

208 3952 340 4007 tatis
368 3952 546 4006 unitas
592 3952 874 4007 affinitatis
912 3953 1051 4007 linea
1097 3953 1472 4022 conjungatur.
1510 3973 1528 4004 ι
1575 3953 1795 4021 Septem

206 4023 277 4078 iis
323 4024 596 4093 mensibus
627 4023 719 4092 qui
750 4031 905 4077 erant
948 4023 1160 4093 reliqui,
1203 4024 1344 4076 inter
1386 4038 1570 4092 regem
1599 4023 1794 4076 Roma-

206 4108 404 4147 norum
426 4101 479 4146 et
505 4092 758 4146 Carolurn
787 4093 984 4164 Sicilim
1008 4092 1190 4164 regem
1212 4093 1555 4147 concordiam
1575 4093 1799 4160 despon-

208 4165 418 4217 satione
474 4163 733 4231 prsedicta
791 4163 1090 4219 absolutam
1147 4179 1268 4219 esse
1324 4171 1658 4232 compertum
1691 4170 1794 4232 est.

208 4232 402 4287 Filiam
435 4244 614 4287 autem
662 4234 927 4303 Rudoiphi
956 4235 1169 4289 nonnisi
1203 4231 1504 4288 declinante
1555 4231 1799 4303 sequenti

209 4318 354 4375 anno
396 4303 686 4375 dimissam
713 4302 895 4375 essefa
946 4306 1096 4374 regio
1126 4304 1371 4375 genitore
1417 4319 1484 4357 ex
1511 4302 1796 4375 Allornekio

209 4381 268 4444 et
304 4373 684 4444 diplomatibus
719 4374 921 4444 colligit
976 4371 1196 4430 Hansiz.
1241 4373 1439 4444 (Germ.
1498 4371 1623 4444 Sac.
1661 4381 1790 4426 tom.

209 4442 357 4514 μην.
390 4442 534 4512 590).
554 4443 714 4514 ῨΤυῐΠ
738 4442 868 4498 vero
903 4445 1215 4514 Rudolphus
1252 4442 1793 4514 ;Styriamﬂluslrans,

209 4510 338 4566 inde
375 4510 502 4584 cum
551 4513 833 4584 Rudolpho
867 4510 1210 4580 cancellario,
1255 4510 1460 4569 Joanne
1491 4511 1793 4584 ,Gurcensi,

209 4591 267 4658 et
297 4583 581 4658 comitibus
611 4585 683 4658 de
734 4584 898 4658 _S_ayn,
925 4595 980 4641 et
1031 4587 1389 4658 Wertenberg
1443 4583 1796 4639 Clementiam

212 4653 434 4718 dimisit,
475 4651 696 4708 Nicolao
736 4651 820 4709 111⁷
846 4655 957 4723 jam
989 4664 1222 4710 mortuo.

285 4724 312 4762 δ
338 4723 420 4798 Et
445 4725 746 4798 concordiae
780 4733 834 4779 et
851 4727 1107 4798 amicitiae
1147 4731 1463 4798 argumenta
1510 4730 1797 4794 suppetent

211 4793 424 4878 ex-al‘i‘is
467 4794 682 4878 litteris.
701 4794 950 4878 (θρέβξξ).

287 4875 308 4901 ο
350 4863 484 4918 Cum
525 4863 977 4922 Carolus’Siciliae
1007 4881 1101 4922 rex
1138 4882 1280 4921 anno
1304 4865 1441 4921 1278
1478 4865 1564 4920 die
1587 4864 1796 4919 decima

212 4943 378 5007 sexta
394 4933 726 5007 Septembris
754 4953 858 4990 una
888 4953 1010 4992 cum
1036 4939 1293 5007 dignitate
1318 4936 1590 5007 senatoria
1611 4934 1793 5007 Urbis,

211 5002 533 5074 vicariatum
567 5005 777 5060 Tuscia:
825 5002 1144 5070 abdicasset,
1194 5007 1413 5062 Nicolao
1441 5005 1507 5060 lli
1542 5005 1797 5074 pontiﬁce

216 5070 581 5152 sic.volente,_
629 5075 775 5152 inter
833 5077 1043 5152 Tusciae
1086 5078 1349 5152 civitates,
1404 5070 1797 5152 qlae—singulae

213 5142 352 5211 juris
387 5147 541 5217 erant
568 5142 796 5217 imperii,
826 5163 988 5201 unam
1030 5150 1188 5212 hanc,
1228 5142 1509 5210 incertum,
1539 5142 1798 5217 num'Lu-

219 5205 361 5275 eam,
391 5205 564 5288 Pisas,
589 5205 662 5264 an
682 5205 1010 5270 Florentiam
1049 5218 1116 5288 ad
1136 5287 1140 5288 ί
1163 5205 1458 5288 legitimum
1497 5205 1796 5288 principem

220 5297 281 5337 se
328 5283 576 5344 vertisse,
629 5296 732 5334 non
796 5294 877 5340 est
925 5287 1180 5341 credibile
1206 5283 1240 5339 ε’
1277 5296 1332 5340 at
1400 5283 1592 5339 litterze
1637 5283 1798 5352 hujus

221 5359 434 5424 tantum
472 5358 779 5424 suppetunt.
818 5354 999 5424 Neque
1027 5372 1057 5408 a
1081 5372 1207 5410 vero
1239 5354 1422 5424 forsan
1469 5354 1679 5419 abierit,
1692 5354 1798 5424 qui

218 5422 374 5478 Pisas
407 5427 640 5488 reputet
692 5421 888 5545 quipﬁc
914 5421 1098 5491 ‘quam
1150 5426 1340 5479 urbem
1388 5422 1581 5476 Carolo
1632 5421 1797 5477 etiam

220 5490 434 5545 imperii
473 5489 676 5545 vicario
709 5492 779 5545 ad
869 5494 1158 5545 udomhum
1208 5509 1305 5545 ner
1364 5507 1520 5545 suum
1558 5492 1796 5545 leuatum

220 5490 434 5563 imperii
473 5490 676 5563 vicario
709 5492 779 5546 ad
818 5490 1158 5563 Rudoiphum
1208 5509 1305 5560 per
1364 5507 1520 5546 suum
1558 5492 1796 5563 legatum

1821 4347 1876 4410 Ι)

1887 1734 1950 1782 ιιι
1979 1727 2132 1782 nobis
2160 1738 2353 1783 vestrae
2380 1729 2604 1784 visionis
2634 1737 2688 1784 et
2726 1729 3066 1784 allocutionis
3111 1730 3325 1784 amabili
3381 1746 3467 1785 re-

1888 1797 2064 1852 creari
2089 1798 2278 1853 solatio
2304 1814 2411 1854 non
2454 1799 2659 1863 liceret,
2693 1799 2745 1853 id
2768 1814 2874 1853 non
2915 1799 3088 1854 levem
3113 1799 3270 1855 nobis
3298 1809 3469 1856 mate-

1886 1867 2026 1922 riam
2048 1869 2470 1924 conturbationis
2490 1870 2796 1924 intrinseca:
2815 1871 3111 1938 generavit,
3125 1880 3182 1924 ut
3199 1879 3322 1939 pote
3344 1887 3467 1925 cum

1927 1953 1996 2010 u_o
2039 1953 2214 2010 unum
2243 1953 2336 1992 cor
2370 1948 2424 1994 et
2450 1939 2692 2010 eamdem
2723 1939 2840 2010 fore
2867 1939 3100 1993 animam
3135 1940 3345 2010 placide
3370 1956 3468 1996 nos

1887 1953 1996 2062 guo
2039 1953 2204 1991 unum
2243 1953 2336 1992 cor
2370 1953 2424 1994 et
2450 1953 2692 1993 eamdem
2723 1953 2840 1993 rore
2867 1955 3100 1993 animam
3135 1953 3345 2010 placide
3370 1956 3465 1996 nos

1924 2007 2252 2082 electat.__Eo
2284 2010 2480 2063 etenim
2511 2009 3155 2082 vehementiusdolemus
3192 2025 3354 2082 super
3381 2025 3465 2074 eo,

1887 2077 2251 2151 quo_amplius
2277 2088 2332 2151 et
2356 2095 2460 2151 vos,
2475 2079 2752 2151 affectasse
2781 2079 3130 2151 conﬁdimus,
3151 2077 3334 2134 nostra
3375 2096 3472 2151 po-

1887 2147 2015 2202 tiori
2043 2149 2331 2219 praesentia
2360 2147 2462 2202 frui
2489 2163 2641 2203 versa
2672 2150 2807 2204 vice.
2837 2150 2907 2204 Ut
2933 2149 3097 2219 igitur
3120 2150 3246 2206 hinc
3270 2159 3325 2204 et
3349 2147 3471 2205 inde

1887 2218 2176 2289 superbis
2220 2219 2586 2274 excusationis
2631 2222 2819 2273 amicae
2865 2218 3241 2276 remedicabile
3272 2220 3473 2276 beneﬁ-

1887 2287 2032 2345 cium
2066 2287 2395 2354 intercedat,
2425 2304 2553 2344 ecce
2580 2289 2724 2362 quod
2752 2289 2818 2343 Ν.
2843 2290 3206 2357 credentialis,
3242 2302 3266 2330 ο
3289 2299 3396 2346 etc.

2319 2403 2485 2476 436
2519 2395 2853 2459 EPISTOLA
2891 2405 3023 2461 vm.

1888 2514 2474 2588 Rudolphuacontrahit
2490 2533 2607 2570 cum
2631 2517 2897 2571 cardinale
2915 2518 3142 2589 quodam
3158 2517 3470 2573 amicitiam.

2186 2594 2312 2680 (An.
2341 2608 2496 2663 Dom.
2531 2608 2687 2675 1279,
2715 2610 2834 2664 cod.
2867 2609 3014 2665 Rud.
3043 2610 3190 2682 vm.)

1887 2699 2288 2757 Διιαιιιιιειιτωι.
2314 2730 2384 2741 -—-
2407 2699 2465 2754 S.
2496 2700 2563 2754 R.
2591 2699 2654 2754 E.
2691 2700 3040 2763 cardinalem,
3082 2700 3234 2770 cujus
3277 2716 3475 2757 nomen

1960 2772 2018 2826 in
2055 2770 2342 2826 Germania
2378 2787 2473 2826 ore
2504 2771 2744 2825 omnium
2786 2771 3182 2834 celebrabatur,
3219 2780 3476 2841 tanquam

1961 2842 2206 2905 consilio,
2236 2850 2292 2896 et
2314 2841 2636 2896 auctoritate
2667 2841 2808 2910 apud
2854 2851 3097 2896 sanctam
3143 2842 3326 2896 sedem
3359 2842 3476 2910 plu-

1963 2912 2164 2967 rimum
2201 2912 2452 2976 valentis,
2485 2919 2540 2965 et
2583 2911 2801 2980 quicum
2826 2926 3010 2964 rarum
3036 2911 3298 2966 habuerat
3333 2926 3478 2965 eom-

1885 3016 1890 3026 γ
1963 2982 2226 3037 mercium
2268 2982 2592 3046 litterarum,
2627 2991 2685 3035 ut
2723 2981 3058 3052 frequentius
3106 2981 3357 3052 deinceps
3384 2981 3478 3036 ha-

1885 3063 1889 3078 ‘
1963 3054 2106 3118 beat,
2153 3053 2220 3107 ad
2269 3068 2422 3107 suam
2472 3050 2923 3108 necessitudinem
2971 3050 3258 3122 adiungere
3295 3050 3476 3122 optat,

1860 3155 1865 3164 ·
1965 3139 2130 3192 seque
2151 3122 2303 3176 illum
2328 3123 2480 3179 brevi
2506 3138 2692 3178 coram
2721 3122 3078 3178 allocuturum
3107 3131 3309 3194 sperat.

1964 3226 2294 3302 Venerabili,
2332 3243 2436 3291 etc.
2470 3234 2808 3305 Rudolphus,
2839 3242 2944 3290 etc.
2976 3235 3078 3290 Tot
3123 3241 3176 3290 et
3209 3241 3366 3305 tanta
3411 3237 3480 3292 de

1892 3306 2150 3362 virtuosis
2170 3307 2382 3362 actibus
2402 3306 2599 3361 vestris
2621 3307 2763 3375 apud
2786 3321 2885 3362 nos
2904 3320 3186 3362 rumorum
3203 3304 3480 3362 invaluere

1891 3461 2041 3532 poris
2149 3461 2617 3547 factiones-divisae
2641 3473 2815 3546 erant,
2845 3478 2914 3547 ne
2935 3465 3228 3534 pontiﬁciis
3256 3464 3474 3547 quidem

1892 3533 2152 3606 exceptis,
2179 3534 2468 3606 praecipue
2528 3535 2786 3606 Bononia,
2841 3543 2901 3590 ut
2938 3533 3096 3606 isaapc
3157 3533 3353 3606 sacpius
3395 3542 3482 3591 est

1895 3603 2117 3657 dictum.
2167 3604 2529 3670 Quamobrem
2567 3605 2840 3660 affirmare
2887 3621 2994 3660 non
3028 3603 3249 3671 ausim;
3287 3605 3480 3661 civita-

1894 3682 2003 3728 tem
2034 3673 2342 3746 universam
2388 3675 2669 3746 Rudolpho
2713 3676 3013 3746 scripsisse,
3045 3679 3138 3732 sed
3161 3676 3482 3731 Gibellinam

1893 3751 2103 3818 tantum
2142 3743 2452 3818 factionem,
2479 3754 2540 3818 ut
2563 3743 2712 3818 "ante
2760 3743 2932 3818 annos
2979 3748 3218 3818 quinque
3255 3745 3480 3812 fecerat,

1896 3813 2022 3884 dum
2063 3812 2226 3884 Greg.
2256 3814 2306 3867 X
2348 3814 2592 3884 Lugduni
2628 3817 2962 3872 morabatur.

1964 3882 1997 3956 (ἦ
2031 3882 2282 3951 Ungariae
2311 3882 2493 3956 regem
2521 3884 2752 3956 aliumve
2777 3901 3044 3941 summum
3066 3885 3364 3956 principem
3387 3901 3483 3956 pu-

1895 3951 2000 4025 tari
2030 3958 2175 4005 vetat
2217 3952 2520 4025 prmmissio
2543 3954 2806 4025 nominis,
2856 3957 3000 4024 quod
3039 3951 3350 4025 Hudolphus
3375 3951 3484 4010 non

1898 4021 2186 4095 _sol_et_cum
2223 4023 2450 4095 summis
2469 4023 2828 4095 principibus.
2861 4021 3124 4094 Equidem
3162 4021 3485 4095 coniecturis

1898 4037 2034 4074 SOlet
2063 4037 2186 4074 cum
2225 4037 2450 4076 summis
2467 4037 2828 4143 PﬂnClplDus.
2862 4037 3124 4094 Equidem
3162 4037 3485 4095 conjecturis

1898 4089 2179 4163 indulgere
2221 4091 2274 4144 in
2301 4106 2360 4144 re
2394 4093 2591 4163 nulius
2619 4095 2898 4158 momenti,
2929 4109 3029 4148 nec
3054 4095 3240 4163 debeo,
3268 4112 3370 4151 nec
3399 4111 3486 4151 so-

1897 4160 2004 4237 leo,
2039 4161 2172 4237 mihi
2207 4170 2386 4214 tamen
2431 4161 2650 4237 videtur
2671 4163 2909 4237 archiep.
2942 4160 3337 4237 Salisburgensi
3365 4167 3484 4237 epi-

1900 4183 2004 4222 teu,
2039 4183 2168 4214 lUllll
2208 4183 2386 4214 tamen
2434 4183 2646 4215 Vluetur
2671 4183 2909 4233 arcmep.
2943 4183 3337 4237 aaiisnurgenm
3365 4183 3395 4221 e
3437 4183 3484 4220 ι·-

1900 4229 2039 4307 stola
2070 4230 2282 4307 scripta
2312 4245 2449 4307 esse.
2474 4231 2754 4307 Brincipes
2776 4234 2917 4307 enim
2943 4235 3338 4307 ecclesiasticos
3360 4183 3484 4307 plh-

1900 4299 2087 4377 raiiter
2111 4301 2427 4377 Rudolphus
2450 4299 2760 4377 alloquitur,
2787 4313 2842 4358 et
2871 4304 3294 4377 Salisburgensis
3317 4299 3486 4375 juris-

1899 4371 2064 4447 dictio
2096 4387 2194 4441 per
2218 4371 2452 4447 Austrize
2489 4374 2793 4444 provincias
2840 4371 3151 4447 extenditur
3177 4396 3190 4430 :
3217 4371 3336 4447 quae
3367 4379 3486 4432 duas

1897 4456 1988 4514 res
2029 4442 2168 4498 hanc
2208 4442 2514 4512 opinionem
2565 4451 2805 4498 tuentur.
2851 4446 3075 4502 Accedit
3121 4442 3482 4514 necessitudo,

1899 4511 2459 4655 ῗὲὲιιειιίθέἓιῖιεῖιοιο
2503 4515 2670 4569 alium
2714 4531 2876 4587 quam
2921 4519 3097 4588 ipsum
3143 4511 3485 4591 Rudolphum

1943 4599 2017 4637 ιι).
2044 4601 2105 4648 ιι,
2138 4601 2224 4648 ep.
2255 4599 2364 4648 12).

1900 4601 2017 4653 υιι).
2044 4601 2105 4648 ιι,
2138 4601 2224 4654 ep.
2255 4601 2364 4655 η).

1894 4666 1996 4731 ’κθ
2037 4655 2363 4731 Ducangius
2389 4656 2444 4731 in
2504 4655 2780 4731 Glossario
2833 4659 2905 4731 (7
2957 4658 3270 4731 Credentia)
3331 4663 3487 4717 docet

1898 4730 2208 4784 chartarum
2250 4735 2305 4779 et
2351 4727 2731 4783 historicorum
2774 4727 3111 4794 auctoritate,
3153 4727 3483 4786 credentium

1898 4797 2040 4870 apud
2067 4795 2234 4870 Italos
2263 4796 2424 4870 fuisse
2450 4797 2714 4870 publicum
2758 4801 2946 4854 civium
2987 4811 3290 4870 conventum
3317 4800 3382 4851 de
3411 4817 3486 4853 re-

1898 4865 1993 4949 bus
2012 4865 2241 4949 publicis
2273 4865 2595 4949 deliberandi
2619 4885 2780 4949 causa
2805 4879 3041 4949 coactum
3072 4885 3090 4921 :
3120 4869 3350 4949 indeque
3372 4883 3485 4921 cre-

1899 4938 2187 4993 dentiarios
2226 4938 2539 5007 appellatos,
2572 4939 2715 5007 quod
2750 4940 2804 4994 in
2829 4947 3160 5007 secretorum
3188 4938 3323 5007 reip.
3352 4951 3482 5007 par:

1898 5017 2006 5064 tem
2047 5003 2452 5063 adhiberentur.
2481 5009 2560 5062 Ex
2589 5003 2788 5062 'charta
2830 5006 3091 5061 Friderici
3115 5006 3136 5060 Ι
3162 5003 3304 5061 anno
3343 5003 3482 5061 1185

1899 5080 1968 5134 ad
1993 5079 2292 5142 terminum,
2318 5094 2469 5147 quem
2513 5077 2748 5132 consules
2772 5073 3058 5147 Mediolani
3110 5093 3228 5130 cum
3264 5075 3482 5130 consilio

1900 5147 2175 5203 credentia:
2195 5139 2341 5200 nobis
2355 5147 2603 5202 dixerint.
2627 5147 2706 5200 Ex
2729 5143 2905 5197 annal.
2924 5139 3153 5197 Januen.
3175 5147 3242 5198 ad
3280 5157 3481 5196 annum

1901 5217 2058 5273 1282.
2109 5215 2354 5287 Creatum
2403 5218 2503 5287 fuit
2528 5217 2611 5287 de
2642 5229 2775 5287 nouo
2813 5209 3077 5287 quoddam
3118 5211 3393 5287 consilium
3417 5210 3483 5287 in

1899 5288 2078 5342 Ianua
2111 5285 2175 5339 de
2196 5276 2491 5339 hominibus
2519 5284 2606 5345 15,
2637 5279 2775 5349 quod
2803 5276 3065 5349 c'redentia
3091 5279 3390 5349 uocabatur.
3417 5277 3486 5330 Et

1900 5372 1964 5412 ex
1990 5355 2110 5411 aliis
2137 5356 2408 5410 chronicis
2428 5344 2598 5407 italiae
2609 5344 2870 5420 sapientes
2890 5359 2922 5392 a
2944 5344 3224 5420 οπᾳάειὲξα,
3246 5359 3308 5398 ac
3329 5359 3485 5420 sena-

1901 5408 2036 5481 ἦν·ὲᾷ
2055 5408 2368 5480 νίὶνὲᾶὸέιὶὶὶὲ
2417 5408 2748 5488 nuncupat}?s
2781 5408 3046 5488 ,οξιςηίξὶιε
3101 5411 3229 5488 Ejus
3263 5414 3486 5488 generis

1901 5436 2036 5481 tores
2086 5429 2363 5480 credenda:
2417 5429 2748 5480 nuncupatos
2790 5429 3046 5462 ostenuu.
3101 5429 3229 5479 mus
3305 5429 3486 5468 eneris

1900 5495 2065 5552 fuisse
2087 5491 2469 5551 credentialem
2493 5486 2656 5539 istum
2675 5477 2944 5547 Rudolphi
2969 5475 3236 5548 legatione
3256 5429 3486 5552 ﬁnge“.

221 5560 541 5634 confugerat
588 5560 664 5634 _(l.
709 5578 747 5634 ι2
806 5578 892 5633 ep.
954 5562 1043 5632 20)
1102 5561 1454 5634 impe_tratura
1500 5576 1656 5634 opem
1700 5561 1797 5616 ad—
1833 5569 1870 5626 χ,
1900 5573 2012 5625 tem
2046 5567 2300 5625 arbitror.

222 5629 413 5691 versus
442 5629 691 5689 azmulam
720 5629 1011 5692 factionem
1027 5629 1048 5692 ’;
1077 5629 1207 5702 nam
1227 5629 1343 5692 fere
1366 5629 1554 5692 omnes
1585 5631 1640 5704 id
1660 5638 1798 5704 tem:
