4074 6148
1936 180 1958 184 ,Α
1984 176 2029 190 .,.
2094 182 2103 187 ,

232 227 340 325 ἔλὶῦ
372 266 525 325 con.
561 248 1315 332 DlPL.-MONUM.,ETC.,
1358 261 1492 320 seu
1531 259 1686 320 con.
1724 247 2622 323 CAROLINUS.‘—App.;ntss.
2665 216 2753 319 nr:
2777 262 2953 318 num.
2980 257 3346 317 RUDOLPHI.
3385 258 3489 315 350

239 381 374 436 Dum
395 378 511 435 haec
562 375 747 432 Romae
790 375 1083 446 agebantur
1099 413 1115 446 ,
1143 371 1500 446 cancellarius
1523 371 1668 442 regis
1693 370 1806 425 Ro-
1831 372 1885 435 Α
1908 381 2109 446 sanctae
2134 375 2278 430 sedis
2295 374 2419 444 jura
2442 375 2646 446 tutiora
2668 373 2927 446 deinceps
2944 380 3127 446 essent
3153 371 3219 426 ab
3247 371 3488 428 invasion

240 448 656 524 manorum,_qu_i
692 443 1006 515 Rudolphus
1025 445 1213 524 etipsc
1235 443 1620 524 appellabatur,
1640 455 1809 524 vent.»

240 528 430 589 ratque
452 518 506 572 in
523 511 749 572 Italiam
770 511 1285 589 recuperandi'ergo
1296 511 1419 582 jura
1465 511 1696 582 imperii,
1724 523 1810 564 ea-

239 586 361 667 dem
392 589 743 667 persuasione
791 586 1001 667 illusus,
1049 600 1166 667 quae
1200 586 1603 667 Aiiomannoru‘m_
1625 594 1810 667 regem

239 652 544 729 deceperat,
591 659 660 729 ab
688 656 1012 729 exarcbatus
1028 652 1336 729 civitatibus
1363 652 1635 729 ﬁdelitatis
1653 652 1808 719 jura-

236 723 479 800 mentum
505 728 656 800 regio
681 727 898 800 nomine
921 733 1191 800 exegerat:
1238 724 1410 792 Quam
1438 738 1554 778 rem
1575 723 1691 800 ipse
1702 735 1810 800 _rex

238 798 545 855 admonitus
569 790 621 852 'a
669 796 920 864 pontiﬁce
960 790 1068 849 no'n
1114 790 1287 851 solum
1337 808 1480 864 aegre
1523 790 1811 864 admodum

240 868 384 932 tulit,
414 869 511 923 sed
549 861 712 937 regiis
743 866 935 920 litteris
957 864 1235 935 professus
1278 872 1361 919 est
1392 861 1435 937 ia
1489 861 1813 937 canceilario

236 931 445 992 factam
481 953 541 993 se
566 931 735 993 inscio
768 945 823 990 et
846 931 1031 991 contra
1056 951 1210 991 suum
1258 934 1587 989 mandatum.
1636 931 1813 985 Verba

238 1007 357 1077 ipsa
406 1007 669 1062 audienda
703 1013 862 1077 sunt,
896 1006 1107 1077 quippe
1158 1021 1277 1076 quae
1324 1003 1477 1059 valde
1527 1001 1813 1073 perspicua

238 1076 573 1152 summaeque
601 1076 935 1152 auctoritatis
962 1091 1093 1152 esse
1122 1083 1437 1152 noscuntur.

312 1146 402 1203 IX.
440 1140 583 1205 Data:
601 1145 817 1200 fuerunt
842 1146 924 1199 hae
962 1145 1154 1200 litterae
1176 1146 1395 1201 Vienna:
1417 1159 1471 1199 iv
1495 1140 1815 1197 KaIJunias

236 1215 478 1284 ejusdem
518 1216 661 1286 anni.
685 1215 744 1286 In
774 1215 840 1286 iis
882 1216 1194 1286 Rudolpbus
1228 1214 1350 1283 jura
1380 1214 1561 1286 omuia
1613 1220 1815 1286 sanctae

234 1282 381 1341 sedis
408 1285 715 1356 singillatim
726 1282 1078 1353 jujerurando
1092 1282 1373 1341 confirmat
1398 1302 1409 1337 :
1442 1302 1460 1334 ‹
1488 1284 1709 1347 Verum,
1734 1282 1816 1335 in—

236 1356 372 1437 quit,
393 1357 523 1437 quia
560 1357 1138 1437 postmodumnabsque
1172 1364 1357 1410 nostro
1379 1369 1666 1437 consensu,
1695 1367 1817 1437 con-

236 1425 480 1489 SCientia,
512 1427 594 1480 vel
618 1425 874 1480 mandato
899 1425 1211 1496 Rudolpbus
1237 1425 1592 1496 cancellarius
1632 1432 1818 1496 noster

236 1513 268 1551 a
299 1497 504 1551 civibus
549 1496 998 1561 Bononiensibus,
1052 1493 1424 1561 Iinolensibus,
1467 1493 1814 1558 Faventinis,

236 1567 807 1649 Foropopuliensibus,
826 1564 1214 1649 Caesenatibus,
1245 1565 1668 1649 Ravennatibus,
1692 1562 1817 1617 Ari-

236 1633 593 1701 minensibus,
644 1635 1013 1702 Urbinatibus,
1054 1652 1264 1691 necnon
1302 1645 1356 1690 et
1415 1636 1537 1689 aliis
1587 1633 1818 1686 aliarum

237 1708 520 1763 civitatum
557 1715 720 1774 atque
758 1705 997 1760 locorum
1028 1706 1239 1759 illarum
1288 1706 1520 1775 partium
1542 1702 1819 1775 juramen—

238 1786 353 1832 tum
384 1776 657 1831 ﬁdelitatis
702 1783 890 1830 nostro
918 1777 1135 1830 nomine
1162 1774 1359 1829 dicitur
1405 1774 1688 1844 recepisse,
1720 1787 1819 1827 nos

237 1849 499 1904 dilecnuin
553 1844 876 1899 familiarem
922 1846 1173 1901 clericum
1208 1853 1453 1900 nostrum
1504 1844 1819 1904 magistrum

236 1917 576 1987 GOtifredum
604 1916 953 1987 praepositum
982 1916 1282 1972 Soliensem
1310 1915 1506 1986 regalis
1532 1915 1667 1968 aulae
1695 1928 1820 1987 pro-

240 1986 574 2042 tonotarium
604 1984 1054 2042 ‘tra'nsmittimus
1112 1987 1180 2041 ad
1232 1984 1427 2041 vestris
1476 1984 1819 2055 praesentiam

237 2057 566 2121 sanctitatis,
588 2056 674 2111 cui
690 2058 881 2111 damus
901 2057 1256 2127 praesentibus
1282 2054 1493 2110 nostris
1508 2054 1820 2127 patentibus

236 2129 432 2183 litteris
455 2127 510 2181 in
554 2127 843 2191 mandatis,
876 2122 935 2181 u—t
986 2127 1248 2197 quidquid
1276 2141 1372 2197 per
1404 2122 1674 2197 eumdem
1684 2139 1821 2197 _can-

235 2197 536 2262 cellarium,
568 2211 665 2251 seu
688 2194 1067 2267 quemcunque
1088 2194 1151 2251 in
1171 2194 1446 2266 praedictis
1474 2194 1816 2267 civitatibus,

232 2269 388 2333 locis,
420 2275 475 2321 et
495 2267 679 2338 terris,
701 2264 795 2322 seu
826 2283 924 2338 per
964 2264 1210 2322 liomines
1237 2264 1650 2338 ipsarumcivit.
1704 2273 1819 2338 ter-

236 2355 352 2394 rar.
374 2347 536 2407 atque
564 2336 730 2408 locor.
753 2335 1197 2408 actum,gestum,
1224 2335 1559 2407 recognitum
1586 2335 1814 2398 exstitit,

234 2418 294 2464 et
328 2406 583 2479 praedicta
626 2406 933 2475 juramenta
974 2406 1304 2479 'Specialiter
1341 2406 1577 2479 revocet,
1606 2414 1815 2479 casset,

240 2477 499 2543 annullet,
533 2477 740 2545 irritet;
767 2494 941 2544 cassa,
976 2477 1140 2544 nulla,
1163 2487 1219 2534 et
1263 2477 1418 2532 irrita
1462 2477 1696 2541 nuntiet,
1754 2490 1830 2541 ac,

237 2550 490 2604 omnibus
526 2548 731 2604 viribus
771 2557 964 2603 vacuet
995 2564 1008 2602 :
1034 2548 1279 2603 volentes
1324 2555 1379 2602 et
1420 2548 1822 2603 consentientes

237 2633 511 2689 expresse,
543 2620 687 2688 quod
711 2634 808 2689 per
840 2621 945 2673 hoc
974 2619 1179 2673 nullum
1210 2618 1302 2687 jus
1338 2618 1494 2689 nobis
1518 2625 1817 2689 accrescat,

236 2688 324 2743 vel
351 2688 604 2744 Ecclesiae
627 2688 882 2745 Romanae
927 2690 1178 2757 depereat
1208 2699 1318 2744 tam
1351 2688 1494 2743 circa
1525 2688 1820 2756 possessio-

238 2774 395 2829 nem,
413 2774 577 2829 quam
606 2761 759 2829 circa,
792 2760 1177 2829 proprietatem
1208 2760 1261 2813 in
1294 2758 1629 2829 civitatibus,
1648 2764 1756 2829 etc.
1795 2777 1815 2810 ι

240 2826 494 2900 Mandata
521 2830 668 2900 regia
719 2826 1132 2900 ﬁas—omnino
1161 2826 1823 2900 adimplevitCotil‘redus

240 2899 297 2953 in
334 2897 658 2955 consistorio
683 2897 908 2955 Vitérbii
943 2900 1188 2968 sequenti
1211 2914 1394 2954 mense
1417 2898 1591 2968 pridie
1628 2897 1822 2952 Kalen-

238 2970 337 3025 das
359 2969 532 3024 Julias
575 2971 717 3025 edito
747 2969 1105 3025 instrumento
1145 2970 1380 3040 publico,
1422 2969 1709 3040 missisque
1753 2968 1821 3023 ad

235 3039 478 3110 singulas
504 3041 750 3111 civitates
778 3041 1079 3111 praedictas
1120 3039 1335 3104 litteris,
1371 3040 1525 3111 queis
1552 3039 1821 3111 religione

234 3110 565 3165 sacramenti
591 3110 912 3166 cancellario
933 3112 1159 3180 praestiti
1219 3126 1407 3166 omnes
1429 3110 1607 3165 solvit.
1641 3110 1821 3176 Quare

234 3180 489 3251 Nicolaus
520 3182 668 3236 card.
705 3181 898 3236 Latino
922 3197 1006 3251 ep.
1034 3182 1269 3239 Ostiensi
1292 3188 1465 3251 apost.
1481 3180 1625 3236 sedis
1645 3181 1823 3249 legato

234 3197 489 3236 mconaus
520 3197 668 3236 cara.
705 3197 898 3236 Latino
922 3197 951 3235 e
994 3222 1006 3234 .
1034 3197 1269 3239 USllenSl
1292 3197 1625 3251 aposr.seuts
1646 3197 1823 3249 legato

233 3252 289 3306 in
314 3197 1001 3333 Emiliamnmisso,_Carolii
1027 3254 1193 3333 etiam
1221 3251 1420 3333 Siciiia:
1466 3251 1610 3333 regis
1654 3251 1824 3333 petita

230 3336 353 3392 ope,
402 3337 529 3376 nam
577 3320 749 3379 Guido
789 3325 855 3379 de
905 3322 1270 3389 Montel'eltro,
1327 3320 1724 3386 Geremienses,
1769 3329 1825 3392 et

232 3391 592 3475 Lambertaiii
626 3394 962 3475 provinciam
994 3395 1317 3475 impacatam
1345 3392 1726 3475 reddiderant,
1758 3391 1826 3474 de

232 3472 436 3517 sanctae
458 3462 604 3518 sedis
619 3462 832 3585 iuribus
856 3462 1238 3535 recuperandis
1254 3464 1395 3518 serio
1415 3463 1545 3534 egit.
1570 3462 1825 3517 Bononiae

232 3548 351 3585 orae
378 3534 595 3585 caeteris
639 3532 870 3585 audatur
895 3535 1132 3585 studium
1158 3534 1212 3585 in
1233 3541 1475 3585 sanctam
1499 3533 1701 3585 sedem.
1721 3531 1825 3585 Ca—

231 3534 595 3604 praeicazteris
619 3531 870 3604 laudatur
895 3531 1132 3604 studium
1158 3534 1212 3587 in
1233 3531 1475 3588 sanctam
1490 3533 1701 3604 sedem.
1721 3531 1826 3587 Ca-

234 3602 345 3674 puti
359 3602 505 3674 istud
539 3603 858 3674 concludam
896 3603 1161 3674 Raynaldi
1189 3604 1390 3674 verbis,
1439 3603 1507 3657 ad
1535 3617 1694 3672 quem
1730 3618 1827 3674 an-

237 3670 438 3742 nalista
481 3670 648 3742 itaius
677 3687 775 3742 nos
803 3670 1050 3738 remittit,
1088 3680 1148 3728 ut
1182 3672 1383 3742 melius
1426 3670 1633 3742 pateat,
1684 3672 1827 3727 unde

239 3756 339 3813 sua
371 3739 742 3813 hic‘Italos‘in
785 3742 1004 3813 annales
1046 3742 1317 3813 retulerit.
1357 3739 1647 3797 Ricordani
1677 3743 1829 3813 prius

240 3810 571 3882 calumniam
597 3808 771 3882 rejicit
794 3811 860 3882 de
883 3810 1039 3882 Syria
1072 3828 1170 3882 per
1195 3812 1470 3867 Nicolaum
1493 3808 1824 3881 posthabita,

241 3890 305 3935 ut
328 3880 595 3954 potiretur
627 3880 867 3954 Bononia
890 3880 1158 3954 (I278fn.
1191 3882 1301 3954 56),
1320 3880 1520 3954 deinde
1545 3882 1829 3954 prosequi-

241 3949 377 4005 tur:
418 3969 437 4001 ι
479 3949 591 4006 Nec
621 3951 801 4006 minus
825 3966 855 4004 a
889 3949 967 4006 rei
994 3952 1222 4007 veritate
1248 3949 1827 4018 abhorrent'convicia,

237 4036 363 4146 quae
392 4021 472 4103 ob
487 4032 866 4091 recuperatam
886 4024 953 4076 ab
979 4022 1219 4077 Ecclesia
1236 4022 1529 4076 Bononiam
1557 4028 1832 4091 totamque

288 4092 568 4146 laminiam
599 4100 856 4146 evomunt
873 4101 1163 4146 novatores
1184 4092 1361 4146 (Cent.
1390 4106 1511 4146 xm.
1540 4108 1589 4146 c.
1621 4091 1672 4146 7.
1722 4092 1826 4146 col.

288 4091 568 4162 laminiam
599 4100 856 4146 evomunt
873 4101 1163 4148 novatores
1184 4092 1361 4162 (Cent.
1390 4106 1511 4155 xru,
1540 4108 1589 4146 c.
1621 4091 1672 4157 7,
1722 4092 1826 4146 col.

242 4160 392 4234 726).
421 4160 694 4217 Caeterum
736 4162 977 4219 historiae
1019 4160 1221 4218 veritas
1248 4178 1312 4234 ea
1354 4162 1831 4234 est__Bodulpl_ium

283 4230 538 4304 rudenter
585 4249 645 4288 se
693 4233 941 4304 gessisse,
978 4249 1043 4288 ac
1089 4232 1393 4289 restituisse
1442 4231 1664 4304 Nicolao
1703 4230 1830 4304 jura

283 4249 538 4287 ruoenter
585 4249 645 4288 se
693 4249 941 4304 gessrsse,
978 4249 1043 4288 ac
1089 4249 1393 4289 resutulsse
1443 4249 1664 4288 mcorao
1703 4249 1830 4299 jura

240 4249 519 4368 Ecclesiae,
568 4312 628 4358 ut
672 4303 882 4373 imperii
917 4303 1061 4373 jura,
1108 4320 1227 4373 quae
1262 4304 1316 4357 in
1354 4303 1571 4358 Etruria
1602 4302 1830 4359 Carolus

240 4373 409 4427 legati
443 4374 654 4427 imperii
678 4374 895 4427 nomine
920 4375 1229 4427 obtinebat.
1263 4374 1380 4427 sine
1409 4373 1550 4427 bello
1598 4389 1824 4427 recube-

264 4383 409 4443 egati
443 4383 513 4427 im

244 4450 412 4497 raret.
449 4463 468 4495 ι
501 4443 630 4510 Quae
666 4454 866 4514 quanta
903 4460 1025 4500 cum
1054 4443 1281 4499 veritate
1327 4444 1635 4514 Baynaldus
1677 4443 1824 4498 allir-

240 4520 375 4638 met,
401 4514 663 4640 depistolae
708 4512 977 4586 Budolphi
1030 4514 1279 4586 superius
1332 4512 1509 4570 allatae
1554 4515 1824 4570 uberrime

240 4599 304 4640 os
330 4599 395 4639 en
438 4601 507 4639 un
538 4625 552 4639 .

239 4593 552 4640 ostendunt.

311 4654 378 4710 X.
416 4655 485 4710 Et
522 4672 655 4712 sane
685 4657 959 4727 quatridui
996 4662 1287 4727 antequam
1326 4653 1643 4727 Rudolphus
1685 4652 1830 4709 Coti-

241 4726 391 4781 l‘redo
433 4725 719 4783 mandaret
765 4728 965 4783 realem
1012 4726 1337 4781 exarchatus
1391 4725 1787 4779 restitutionem
1809 4764 1825 4791 ,

238 4795 494 4853 Nicolaus
524 4796 691 4867 jussit
736 4797 989 4853 Carolum
1025 4796 1359 4867 senatoriam
1385 4793 1699 4867 dignitatem
1749 4794 1830 4848 di-

238 4868 486 4938 mittere,
527 4864 759 4923 tametsi
810 4882 984 4938 usque
1020 4867 1089 4938 ad
1133 4865 1276 4938 diem
1312 4864 1661 4938 _Septembris
1712 4880 1826 4932 1m,

235 4936 392 5006 juxta
442 4938 737 4994 Clementis
784 4938 853 4995 IV
896 4934 1245 5008 privilegium
1296 4934 1652 5008 dignitatem,
1719 4952 1827 5008 non

240 5005 504 5077 renuente
535 5008 809 5077 pontiﬁce,
836 5005 1140 5063 retinuerit.
1191 5005 1374 5077 Atque
1410 5005 1649 5075 insuper,
1685 5006 1829 5075 quod

241 5074 555 5201 opiniones
584 5074 1124 5134 omneseontrarias
1173 5074 1428 5130 amanda‘t
1451 5116 1467 5140 ,
1506 5074 1829 5131 v’icaria’tum

277 5146 481 5200 .truria:
528 5146 721 5201 Carolo
762 5150 937 5201 eidem
995 5147 1233 5201 ademit.
1286 5154 1347 5200 ut
1398 5160 1491 5200 sua
1542 5146 1662 5201 iura
1720 5147 1829 5201 Ru-

277 5146 481 5200 itruria:
528 5146 721 5204 Carolo
762 5150 937 5204 eidem
995 5147 1233 5212 ademit,
1286 5154 1347 5200 ut
1398 5160 1491 5200 sua
1537 5146 1662 5215 jura
1720 5147 1830 5201 Ru-

241 5216 447 5285 dolpho
477 5227 764 5276 assereret.
787 5218 940 5286 Quod
961 5219 1086 5286 quia
1115 5216 1317 5272 factum
1346 5225 1470 5286 post
1507 5231 1692 5272 veram
1723 5216 1832 5270 Ex-

242 5288 505 5341 arcbatus
527 5287 940 5354 restitutionem,
965 5286 1171 5343 Nicolai
1198 5286 1537 5356 prudentiam
1558 5302 1833 5342 commen-

240 5356 364 5410 dari
392 5356 596 5423 malim,
626 5357 720 5427 qui
757 5350 955 5413 sanctae
989 5359 1129 5415 sedis
1149 5350 1274 5427 jura
1295 5350 1661 5426 imperialibus
1687 5371 1831 5425 prae-

241 5426 389 5481 mitti
412 5426 602 5491 voluit,
640 5426 805 5497 quam
827 5427 1091 5497 Rudolphi
1124 5426 1366 5496 iniquum
1405 5427 1644 5497 animum
1670 5441 1832 5497 exag-

241 5497 445 5569 gerari,
462 5497 554 5567 qui
573 5495 757 5575 statim
773 5506 934 5567 atque
955 5495 1016 5552 se
1030 5495 1310 5575 deceptum
1328 5495 1832 5575 invasionepragde-

241 5564 526 5623 cessorum
567 5570 804 5639 agnovit,
830 5564 1029 5639 sancta:
1059 5564 1178 5624 sedi
1202 5567 1327 5636 jura
1352 5582 1449 5639 sua
1474 5564 1684 5639 restitui
1719 5570 1828 5639 iam

241 5639 490 5707 impense
543 5632 796 5695 curavit.
834 5637 1102 5694 Caeterum
1146 5632 1272 5706 quia
1316 5637 1524 5707 regium
1564 5632 1831 5702 Rudolphi

244 5704 484 5777 diploma
544 5710 612 5768 ab
655 5709 873 5783 imperii
912 5704 1245 5779 principibus
1307 5704 1722 5773 conﬁrmatum,
1773 5709 1835 5761 ut

588 4374 654 4428 rii
678 4374 895 4429 nomine
920 4375 1229 4439 obtinebat,
1263 4374 1380 4428 sine
1409 4373 1550 4428 bello
1598 4389 1824 4439 recupe-

1846 3082 1893 3145 C

1907 444 2066 499 nibus
2081 442 2485 513 imperatorum,
2501 446 2572 499 ab
2584 443 2772 498 iisdem
2784 442 3137 513 principibus,
3154 450 3207 496 et
3218 456 3286 496 ex
3300 456 3490 499 eorum

1909 529 2134 585 numero
2158 512 2551 585 eligendorum,
2571 513 2726 585 plura
2744 512 2883 585 neva
2902 512 3205 585 prmseiert,
3220 513 3491 585 praecipue

1912 582 2046 636 ista:
2072 601 2092 633 ‹
2138 584 2214 638 De
2236 582 2374 641 novo
2393 582 2583 648 libere,
2607 584 2845 654 plenarie
2882 582 3493 654 concedimus,_conferi-

1910 667 2050 717 mus,
2075 661 2130 705 et
2162 653 2443 720 donamus,
2471 662 2534 708 ut
2575 651 2786 708 sublata
2816 653 2991 707 omnis
3017 651 3398 717 contentionis,
3434 659 3495 708 et

1912 720 2263 793 dissensjonis
2286 724 2539 788 materia,
2569 725 2725 778 ﬁrma
2752 739 2886 792 pax,
2920 730 2975 777 et
3016 723 3173 793 plena
3202 722 3493 778 concordia

1914 789 2056 864 inter
2102 791 2397 848 Ecclesiam
2444 802 2500 848 et
2534 789 2817 864 imperium
2844 789 3192 864 perseverent
3237 811 3250 847 :
3290 812 3310 845 ι
3339 793 3489 864 quia,

1914 860 2152 933 inquam,
2170 864 2334 917 multa
2360 878 2502 917 nova
2552 860 2797 928 exhibet;
2828 860 3093 931 praeterea
3124 863 3197 933 id,
3217 860 3495 933 singulare

1914 938 1998 986 est
2037 930 2360 1001 diplomatis,
2394 933 2538 1001 quod
2562 933 2708 1001 regia
2750 930 2958 986 tantum
2998 930 3329 986 auctoritate
3364 933 3496 987 niti-

1913 1008 2041 1073 tur;
2075 1002 2213 1073 duo__
2225 1002 2580 1073 animadverti
2610 1009 2823 1073 oportet
2836 1018 2878 1073 _z
2924 1003 3101 1073 primo
3132 1002 3355 1073 scilicet,
3387 1002 3495 1073 legi

1915 1071 1973 1125 in
2013 1070 2119 1141 ﬁne
2168 1070 2329 1141 500
2370 1069 2672 1141 diplomatis
2706 1089 2721 1141 :7
2771 1088 2790 1121 ‹
2836 1069 3207 1141 Promittitnus
3251 1069 3491 1141 insuper,

1917 1140 2059 1210 quod
2084 1139 2371 1210 postquam
2400 1140 2632 1210 Romam,
2663 1140 2728 1210 ad
2754 1139 3119 1208 recipiendam
3163 1140 3492 1210 unctionem,

1918 1209 2341 1273 Coronationem,
2372 1218 2427 1263 et
2450 1209 2725 1278 imperiale
2769 1210 3016 1264 diadema
3048 1209 3494 1333 1pervenerimus,

1918 1281 2141 1333 insauue
2200 1280 2634 1333 nereenerimus.
2686 1278 2826 1333 infra
2877 1286 2999 1333 octo
3086 1280 3165 1333 ies
3219 1280 3494 1333 nmmissa

1918 1281 2141 1350 ipsaque
2200 1280 2634 1350 perceperimus,
2686 1278 2826 1333 infra
2877 1286 2999 1334 octo
3048 1278 3165 1335 dies
3219 1280 3499 1350 pmmissa

1919 1349 2098 1406 omnia
2161 1360 2214 1405 et
2266 1349 2474 1421 singula
2542 1350 2953 1421 innovabimus,
3014 1357 3068 1404 et
3111 1350 3176 1405 de
3232 1364 3370 1404 novo
3420 1349 3500 1404 in-

1920 1430 2099 1491 tegre,
2163 1437 2227 1476 ac
2287 1419 2527 1491 plenarie
2579 1419 2877 1482 faciemus;
2936 1439 2953 1471 ι
3002 1436 3169 1489 quare
3223 1427 3499 1489 utcunque

1920 1491 2087 1546 variis
2135 1506 2347 1561 semper
2400 1493 2579 1547 causis
2627 1491 3005 1546 accedentibus
3029 1492 3084 1544 in
3135 1491 3337 1546 Urbem
3366 1506 3500 1544 nun-

1922 1578 2085 1631 quam
2107 1560 2331 1626 venerit,
2378 1562 2612 1631 diploma
2645 1561 2787 1615 istud
2824 1563 3028 1630 regium
3058 1561 3227 1631 pluris
3257 1576 3418 1630 quam
3452 1560 3499 1616 si

1923 1578 2085 1631 quam
2107 1578 2331 1626 venerit,
2378 1578 2612 1684 diploma
2645 1578 2787 1615 iswu
2824 1578 3028 1630 regium
3058 1578 3227 1631 pllII‘IS
3257 1578 3418 1630 quam
3452 1578 3499 1616 sn

1923 1632 2200 1701 imperiale
2222 1640 2384 1697 esset,
2438 1632 2718 1687 aciendum
2748 1646 2885 1685 esse.
2916 1632 3117 1685 Deinde
3149 1631 3312 1687 Urbis
3337 1639 3500 1700 atque

1843 1732 1894 1793 ιι
1921 1698 2108 1793 silius.
2124 1702 3266 1793 raritasei991111391‘2eierreee
3292 1698 3501 1793 sese

1920 1770 2254 1843 persuasisse
2283 1772 2503 1826 Nicolao
2533 1770 2793 1843 pontiﬁci,
2827 1780 2886 1824 ut
2904 1779 3104 1826 sanctae
3127 1773 3269 1843 sedis
3287 1771 3502 1843 juribus

1923 1842 2230 1913 diligentius
2253 1858 2414 1913 quam
2450 1843 2535 1897 sui
2559 1842 2982 1913 praedecessores
3015 1842 3339 1897 consuleret.
3370 1842 3502 1909 Quae

1922 1921 1984 1967 ut
2030 1911 2296 1968 evidentia
2346 1912 2516 1978 ﬁant,
2571 1911 2811 1980 reputari
2853 1920 3101 1982 oportet,
3153 1913 3329 1982 qualis
3372 1920 3503 1968 tunc

1924 1984 2097 2037 Roma
2122 1991 2284 2047 esset,
2312 1983 2508 2051 quidve
2543 1997 2726 2037 rerum
2769 1981 2825 2036 in
2869 1981 3026 2038 Urbis
3053 1981 3328 2039 territorio
3361 1990 3503 2037 tota-

1923 2068 2028 2123 que
2056 2053 2508 2123 inecclesiastica
2543 2052 2744 2123 ditione
2774 2062 3144 2123 perageretur.

1991 2122 2082 2177 XI.
2120 2122 2267 2178 Inter
2313 2131 2536 2178 caeteras
2590 2122 2819 2194 Romani
2861 2122 3046 2194 populi
3093 2122 3421 2180 defectiones
3469 2136 3504 2179 a

1923 2208 2174 2265 supremo
2191 2194 2454 2265 principe,
2484 2194 2572 2265 illa
2611 2193 2868 2265 maxime;
2894 2194 3217 2265 celebratur,
3247 2209 3367 2265 quae
3414 2209 3504 2249 su-

1960 2262 2111 2318 remo
2160 2262 2452 2319 innocentii
2489 2262 2727 2329 IIanno,
2777 2264 3027 2320 videlicet
3075 2262 3501 2329 iiISfevenit.

1971 2349 2059 2388 am
2099 2334 2364 2389 laicorum
2391 2334 2557 2389 animi
2602 2333 2796 2389 haeresi
2835 2334 3058 2389 Arnaldi
3090 2335 3388 2390 Brixiensis
3414 2336 3504 2390 in-

1922 2404 2069 2470 fecti,
2100 2405 2324 2460 obtentu
2366 2405 2609 2475 pristinae
2664 2405 3029 2460 Romanorum
3075 2406 3259 2475 gloriae
3298 2406 3505 2460 instau-

1923 2477 2133 2558 randte,
2185 2482 2437 2558 senatum
2480 2490 2583 2558 pro
2637 2475 2782 2558 civili
3039 2475 3506 2558 administratione

1923 2546 2181 2601 adversus
2252 2545 2585 2615 pontiﬁciam
2667 2546 3045 2601 auctoritatem
3133 2547 3504 2601 instituerunt.

1923 2616 2096 2696 Quam
2128 2631 2293 2696 porro
2327 2616 2726 2696 institutionem
2775 2626 3093 2687 perpetuam
3130 2617 3394 2672 reddituri
3439 2618 3509 2696 ab

1922 2687 2061 2758 ipsa,
2097 2687 2212 2753 ejus
2258 2687 2469 2758 origine
2502 2688 2644 2742 inire
2684 2702 2872 2758 annos
2926 2700 3146 2743 senatus
3205 2694 3508 2758 coeperunt,

1924 2757 2066 2827 quod
2092 2765 2240 2826 patet
2260 2773 2323 2813 ex
2351 2756 2744 2813 monumentis.
2777 2756 2980 2811 Horum
3015 2774 3183 2812 unum
3206 2756 3384 2812 'aﬁ‘ert
3407 2758 3511 2811 Ba-

1923 2828 2325 2899 ronius(l188,
2357 2845 2411 2882 n.
2452 2829 2522 2883 25
2562 2830 2739 2899 seqq.)
2773 2842 2838 2881 ex
2866 2828 3005 2899 libro
3032 2828 3322 2899 Censuuni,
3360 2828 3510 2882 initae

1922 2898 2174 2953 videlicet
2193 2899 2341 2968 pacis
2357 2914 2386 2951 a
2408 2898 2748 2954 senatoribus
2761 2913 2881 2952 cum
2905 2898 3179 2968 Clemente
3200 2898 3269 2951 Ill
3286 2916 3303 2947 ι
3326 2906 3510 2953 actum

1922 2968 1993 3023 44
2034 2984 2176 3023 anno
2196 2967 2444 3035 senatus,
2483 2971 2592 3024 ind.
2631 2984 2704 3033 vi,
2735 2968 2935 3022 mensis
2972 2968 3096 3021 Maii
3126 2967 3213 3022 die
3240 2967 3450 3022 ultima.
3484 2987 3503 3019 ι

1926 3037 2168 3110 Triginta
2187 3039 2487 3095 Innocentii
2507 3041 2550 3094 II
2567 3049 2806 3110 tempore
2842 3037 3060 3110 fuerunt
3083 3038 3349 3110 instituti;
3386 3038 3512 3093 toti-

1928 3109 2156 3180 demque
2203 3111 2302 3164 sub
2328 3110 2604 3166 Clemente
2648 3109 2714 3163 IlI
2754 3109 3029 3165 exstitisse
3064 3110 3191 3163 inde
3215 3109 3507 3179 colligitur,

1926 3179 2071 3250 quod
2105 3188 2383 3235 senatores
2423 3189 2477 3235 et
2526 3189 2748 3236 senatus
2809 3180 2943 3234 ordo
2986 3179 3295 3250 frequenter
3319 3196 3511 3235 occur—

1926 3258 2054 3304 runt
2075 3252 2210 3305 ineo
2225 3260 2591 3316 monumento,
2618 3251 2673 3304 in
2701 3266 2807 3319 quo
2826 3250 3065 3320 pontiﬁci
3096 3266 3155 3307 se
3177 3250 3468 3318 subjiciunt
3490 3263 3507 3303 :

1933 3338 1953 3372 ι
1981 3319 2063 3373 Ad
2085 3335 2343 3389 praesens,
2367 3321 2537 3386 aiunt,
2567 3321 2841 3376 reddimus
2864 3322 3016 3375 vobis
3040 3328 3314 3386 senatum,
3339 3329 3394 3377 et
3418 3335 3513 3375 ur-

1926 3391 2072 3457 bem,
2102 3398 2157 3445 et
2179 3398 2450 3445 monetam
2484 3408 2497 3443 :
2525 3400 2705 3446 tamen
2740 3393 2806 3446 de
2828 3401 3040 3446 moneta
3064 3392 3382 3448 habebimus
3398 3399 3513 3446 ter-

1928 3461 2058 3515 tiam
2098 3468 2342 3531 partem,
2397 3461 2537 3516 sicut
2592 3459 2816 3517 inferius
2861 3463 3195 3527 continetur;
3244 3462 3374 3517 item
3422 3475 3514 3531 ec:-

1929 3530 2149 3587 clesiam
2174 3532 2316 3586 beati
2338 3531 2485 3587 Petri
2521 3531 2822 3588 absolutam
2845 3534 3138 3599 reddimus,
3171 3540 3277 3587 etc.
3312 3552 3330 3584 ι
3357 3530 3515 3599 Quod

1930 3603 2091 3657 etiam
2132 3601 2372 3657 fecerant
2399 3610 2524 3657 ante
2547 3616 2718 3657 annos
2763 3603 2967 3667 decem,
3000 3619 3123 3659 cum
3158 3617 3190 3656 a
3234 3603 3514 3659 Friderico

1928 3671 2244 3743 Enobarbo
2302 3688 2361 3727 se
2405 3673 2691 3728 derelictos
2736 3674 2874 3739 rati,
2927 3689 2991 3729 ac
3039 3680 3342 3729 metuentes
3377 3689 3516 3743 pon-

1930 3742 2151 3797 tiﬁciam
2193 3750 2516 3813 potestatem
2559 3759 2681 3798 cum
2727 3744 3076 3813 imperatoria
3127 3742 3513 3813 conjunctam,

1929 3828 2180 3884 supremo
2228 3813 2458 3884 principi
2504 3813 2810 3884 Alexandro
2854 3813 2921 3868 IlI
2962 3829 3019 3868 se
3046 3816 3417 3880 subdiderunt,
3453 3819 3517 3867 ut

1930 3883 2065 3957 Acia
2101 3898 2203 3957 _ap.
2247 3885 2539 3957 Bai-ouium
2593 3883 2775 3957 (“‘78,
2818 3884 2953 3957 niui
3006 3885 3155 3957 seq.)
3192 3892 3512 3957 testantur:

1937 3971 1956 4003 ι
1995 3953 2184 4007 Totius
2224 3954 2406 4024 populi
2464 3954 2694 4008 Romani
2742 3954 2969 4008 consilio
3025 3953 3101 4009 ett
3125 3953 3517 4024 deliberatione

1931 4030 2194 4078 statutum
2219 4023 2321 4091 est,
2346 4032 2407 4080 ut
2435 4032 2740 4089 senatores,
2778 4024 2871 4093 qui
2900 4024 3017 4078 ﬁeri
3061 4025 3256 4092 solent,
3287 4023 3517 4079 ﬁdelita-

1934 4100 2042 4177 tem
2062 4101 2123 4175 et
2145 4094 2454 4177 hoinagium
2482 4095 2700 4177 domino
2719 4110 2873 4177 papae
2896 4093 3159 4177 facereut,
3183 4096 3328 4177 quod
3367 4093 3517 4177 beati

1931 4162 2076 4217 Petri
2119 4162 2401 4220 ecclesiam
2442 4173 2606 4234 atque
2646 4162 2869 4236 regalia,
2900 4181 3020 4234 qua:
3064 4167 3132 4221 ab
3174 4162 3256 4222 eis
3300 4164 3519 4220 fuerant

1932 4241 2214 4307 occupata,
2241 4235 2412 4307 libere
2438 4237 2492 4290 in
2518 4236 2768 4307 manibus
2793 4244 2847 4291 et
2871 4242 3145 4307 potestate
3178 4237 3347 4307 ipsius
3380 4250 3517 4305 pon-

1934 4304 2486 4376 tiﬁcisrestituerent.
2527 4326 2546 4358 ι
2581 4306 2827 4376 Triginta
2872 4304 3056 4363 autem
3097 4304 3217 4362 illos
3241 4308 3308 4362 ad
3346 4304 3516 4361 unum

1933 4375 2139 4445 redegit
2166 4377 2382 4448 quidam
2419 4375 2740 4448 Benedictus
2780 4376 3073 4433 Caelestino
3116 4376 3184 4433 III
3237 4376 3514 4448 pontiﬁce,

1931 4448 2260 4519 senatoriam
2290 4447 2607 4519 dignitatem
2650 4447 2752 4519 sibi
2802 4463 3090 4519 arrogans,
3119 4456 3175 4503 et
3214 4445 3337 4503 c'um
3371 4445 3517 4519 Heu-_-

1929 4517 2043 4589 rico
2066 4516 2136 4573 IV
2186 4518 2500 4589 invadendis
2543 4517 2797 4589 Ecclesiae
2815 4516 3030 4589 juribus
3077 4526 3291 4574 certans
3313 4558 3329 4584 ,
3372 4516 3519 4589 quod

1929 4533 2043 4572 I'lCO
2066 4533 2127 4573 ιν
2186 4533 2500 4573 invadenais
2543 4533 2797 4577 Ecctesnae
2842 4533 3030 4574 lll‘lDllS
3077 4533 3291 4574 certans
3313 4558 3329 4584 ,
3372 4533 3514 4589 quon

1929 4585 2124 4661 dooent
2176 4586 2340 4661 Gesta
2381 4587 2679 4661 Innoe_ent_ii
2717 4587 2781 4661 III
2811 4533 2888 4660 tn.
2927 4589 2995 4661 8)
3026 4590 3167 4660 apud
3186 4589 3467 4645 Baluzium
3499 4604 3514 4642 :

1936 4674 1967 4707 ‹-
2003 4657 2190 4730 stays
2210 4658 2493 4730 _Romanae
2530 4657 2784 4730 Ecclesiae
2816 4657 3100 4730 pessimus
3153 4668 3272 4716 erat
3303 4675 3404 4730 pro
3452 4673 3518 4713 eo

1931 4727 2073 4852 qjuod
2096 4726 2314 4808 5013
2355 4736 2597 4810 tempore
2630 4726 2904 4812 Benedicti
2943 4730 3221 4812 Carisoum
3266 4726 3518 4810 senatum
3548 4763 3564 4784 ι

1982 4796 2094 4851 rbis
2119 4798 2443 4852 perdiderat.
2462 4808 2518 4852 et
2544 4800 2685 4852 idem
2706 4798 3029 4852 Benedictus
3050 4813 3284 4852 semsum
3309 4796 3517 4851 faciens

1982 4796 2094 4851 rbis
2119 4797 2443 4865 perdiderat,
2462 4796 2518 4854 et
2544 4799 2685 4854 idem
2706 4798 3029 4855 Benedictus
3050 4796 3517 4868 seipsumlfaciens

1931 4875 2235 4922 senatorem
2264 4870 2607 4925 subtraxerat
2647 4869 2724 4923 illi
2755 4869 3077 4924 Maritimam
3117 4865 3171 4922 et
3214 4865 3515 4929 Sabiniam,

1930 4952 2058 4993 suos
2072 4937 2409 5007 justiciarios
2423 4940 2477 4994 in
2509 4940 2616 4996 illis
2633 4937 2998 5001 constituens;
3035 4936 3519 5007 Henricusautem

1932 5001 2227 5079 imperator
2282 5019 2640 5079 occupaverat
2695 5014 2867 5079 totum
2914 5019 3148 5079 regnum
3176 5001 3519 5079 Sicilim,_t_o-

1932 5072 2155 5152 tumque
2184 5072 2569 5152 patrimonium
2598 5072 2854 5152 Ecclesiae
2888 5087 3062 5150 usque
3083 5075 3152 5128 ad
3184 5080 3374 5152 portas
3408 5074 3519 5152 Ur~

1930 5147 2035 5214 bis,
2066 5142 2270 5217 praeter
2310 5150 2478 5204 solam
2525 5142 2895 5214 Campaniam,
2947 5142 3007 5192 in
3037 5156 3144 5209 qua
3178 5150 3361 5193 tamen
3396 5142 3523 5209 plus

1930 5218 2356 5289 timebaturipse
2387 5234 2551 5289 quam
2585 5226 2813 5289 βαρεῖ-ξ
3054 5275 3066 5287 .
3137 5275 3171 5289 ,.
3234 5288 3244 5289 ί

2001 5286 2115 5340 XII.
2149 5272 2422 5343 Eunideni‘
2436 5272 2825 5354 innocentium
2869 5272 3254 5354 egelesiasticae
3273 5275 3529 5352 .ditionts

1930 5402 2199 5506 φθεξεῖξέε
2225 5402 2432 5484 casia":
2454 5402 2553 5500 iex
3080 5410 3537 5506 sagaces}:

1926 5468 2653 5576 ῖάξᾱξξζιῖῑεξξεέιῑξιῑδτίςςςυί
2672 5474 2722 5526 εί
2746 5468 3066 5527 meum"...
3080 5475 3380 5553 ευςδνεηι,
3395 5468 3538 5541 sua;

2046 5566 2057 5576 .
2098 5568 2108 5576 .
2181 5570 2191 5576 .
2361 5562 2393 5576 ν
2414 5553 2542 5576 -_-.:.
2590 5546 2867 5576 “Inntnmrn
2896 5552 2998 5576 nar
3027 5542 3337 5576 nundmnnm
3363 5560 3533 5576 an“...

1925 5542 3337 5633 ἶὗέἰίἒίἓίιὶὸζόἓᾶἰῆενίριξὲἱθθΰὲἓῖ.¹’ἓξῖλ¹ἓθάξὲξ¹ἓω
3356 5560 3541 5633 ΞΨΡΨ

1934 5604 2467 5692 ξιῑῑδιξεῑςιςῑδπῖςῑειῑί
2509 5604 2675 5694 μελίης
2698 5604 3105 5694 ﬁrmasse
3146 5618 3323 5694 esse:
3356 5604 3544 5694 nam:

1933 5678 2552 5764 ῖιὶξηῑιῖίίῑῑῑςξεῑιρεηινίι
2574 5689 2751 5746 "up"
2780 5678 3060 5733 am‘s““‘“‘
3104 5698 3126 5733 ’
3170 5678 3545 5736 “‘““°““““”
