4074 6148
654 267 757 322 855

1524 266 1584 320 Β.
1621 260 1873 323 CAROLI
1909 263 2125 340 MAGNI
2161 264 2311 323 OPP.
2349 264 2531 322 PARS
2567 265 2610 322 l.
2654 265 2897 324 SECTIO
2931 265 3025 322 ΠΙ.

3427 223 3548 273 ’ζρῖ

3820 277 3931 334 856

653 385 926 440 reddatur.
962 401 982 435 ι
1005 370 1088 438 Ad
1137 395 1299 452 quam
1354 380 1602 452 videlicet
1649 397 1916 437 summam
1968 381 2228 452 redigitur
2252 387 2306 445 Α
2329 379 2521 436 fecisse
2544 382 2969 437 demonstratum
3013 382 3116 452 fuit
3138 388 3193 452 in
3229 382 3427 438 litteris
3455 383 3668 440 codicis
3716 386 3904 445 Rudol

652 456 859 524 priscus
882 452 972 524 ille
1010 451 1205 508 censds
1250 451 1528 524 duodecim
1559 452 1903 524 denariorum
1947 468 2058 524 pro
2092 469 2227 508 uno-

649 521 862 594 quoque
879 521 1090 605 iugero,
1122 524 1187 578 de
1211 537 1319 604 quo
1345 529 1429 575 est
1455 521 1659 605 dictum
1698 522 1774 646 (r.
1799 522 1903 576 M9
1927 521 2090 605 seq).

718 592 859 646 XIX.
900 592 1293 646 Animadvertit
1360 591 1643 646 Baronius.
1742 600 2089 646 nnocentium

718 591 859 648 XIX.
900 591 1293 647 Animadvertit
1360 591 1643 657 Baronius,
1710 591 2107 656 Innocentium,
2157 608 2226 648 ne

646 665 913 735 antipapae
953 663 1194 731 vestigiis
1219 661 1494 735 inhaerere
1505 663 1770 735 videatur,
1795 663 2018 718 Honorii
2045 676 2227 735 exem-

682 736 735 789 lo
762 732 919 789 usum
966 747 1105 796 esse,
1134 746 1441 801 quanquam
1480 732 1571 787 hic
1623 732 1779 787 titulo
1829 741 2037 787 tantum
2074 732 2224 787 ducis

685 752 735 789 10
764 752 919 789 usum
966 752 1105 796 esse,
1134 752 1441 801 quanquam
1482 752 1571 787 llic
1623 752 1779 787 utqu
1829 752 2037 787 tantum
2074 752 2224 787 (lllClS

645 752 933 875 Rogerium
957 802 1277 875 insignierit.
1329 799 1839 875 Quomodocunque
1854 811 2033 857 autem
2056 817 2119 875 s_e_
2136 817 2224 857 res

644 870 1186 945 habueritLCencius
1230 872 1572 927 Camerarius
1632 870 1882 945 (Antii.
1912 880 2042 926 tom.
2075 872 2141 945 ν,
2164 888 2219 942 p.

641 945 861 1016 855)7in
911 944 1050 998 libro
1098 941 1370 1016 Censuum
1430 941 1682 997 accurate
1733 943 1944 1016 iniiium
1993 942 2145 1011 regni
2171 941 2225 996 et

640 1012 1005 1070 conditionem
1066 1029 1259 1067 census
1320 1012 1394 1082 ita
1431 1021 1685 1067 enarrat:
1734 1032 1753 1063 ε
1801 1013 2064 1082 Tempore
2115 1027 2222 1080 quo

640 1085 923 1153 Robertus
954 1082 1267 1137 Wiscardus
1316 1081 1748 1153 ultramontanus
1789 1081 1952 1153 erepit
1997 1096 2221 1151 regnum

642 1154 862 1217 Siciliae,
906 1152 1110 1220 iuravit
1149 1153 1278 1208 dare
1326 1152 1484 1206 tactis
1525 1155 1885 1208 sacrosanctis
1934 1152 2225 1221 evangeliis

639 1239 739 1293 pro
760 1234 828 1278 Se
858 1231 912 1277 et
937 1223 1048 1277 suis
1103 1222 1405 1276 haeredibus
1449 1222 1666 1275 domino
1714 1222 1935 1293 Nicolao
1989 1238 2137 1293 papa:
2168 1231 2223 1277 et

641 1291 754 1348 suis
788 1292 1189 1348 successoribus
1214 1307 1313 1360 pro
1350 1306 1672 1360 unoquoque
1711 1291 1841 1360 jugo
1888 1294 2047 1347 boum
2087 1292 2221 1346 duo-

641 1364 815 1418 decim
856 1363 1106 1418 denarios
1142 1362 1420 1431 Papiensis
1477 1370 1724 1416 monetae.
1784 1364 2048 1416 Processu
2094 1376 2221 1417 vero

638 1433 899 1502 temporis
930 1435 1056 1488 dum
1078 1447 1215 1502 papa
1252 1432 1592 1486 Innocentius
1622 1432 1725 1486 iret
1772 1432 2085 1495 Gallutium,
2117 1433 2222 1487 Ro-

638 1501 820 1573 gerius
850 1511 977 1557 tunc
1003 1518 1097 1557 rex
1124 1501 1322 1573 Sicilia
1369 1502 1653 1573 constituit
1676 1504 1784 1573 ipsi
1819 1504 1945 1558 dare
1973 1503 2220 1557 annuali-

638 1571 724 1627 ter
747 1589 845 1642 pro
871 1572 1061 1641 Apulia
1090 1579 1144 1626 et
1168 1571 1415 1642 Calabria
1447 1588 1511 1626 nc
1541 1572 1820 1641 squifatos.
1870 1574 2220 1628 Postmodum

640 1640 770 1698 vero
800 1640 1124 1697 Willielmus
1168 1657 1266 1696 rex
1294 1640 1409 1709 ejus
1458 1640 1601 1696 ﬁlius
1646 1658 1743 1712 pro
1791 1644 2008 1708 Marsia,
2056 1658 2219 1712 quam

638 1721 1009 1795 occupaverat
1026 1721 1270 1795 tempore
1290 1712 1460 1781 ipsius
1498 1712 1806 1795 Innocentii.
1826 1729 1997 1795 p'apge,
2032 1729 2221 1795 super:

639 1778 845 1855 addidit
875 1778 1014 1855 ςεῷ
1032 1778 1294 1855 squifatos
1312 1778 1559 1855 tempore
1585 1782 1807 1838 Adriani
1826 1778 1981 1855 '(IV),_
2010 1778 2224 1852 quando

641 1853 743 1922 ipsi
806 1853 932 1923 fecit
996 1853 1291 1923 hominium
1323 1859 1378 1907 et
1407 1852 1722 1908 ﬁdelitatem
1758 1852 1897 1923 apud
1927 1852 2227 1908 Beneven-

638 1932 776 1977 tum.
826 1945 844 1975 ι
889 1922 1039 1988 Quod
1086 1922 1437 1975 conﬁrmatur
1484 1924 1637 1978 brevi
1679 1922 2082 1992 hoc’certoque
2126 1939 2222 1978 no-

636 1993 784 2047 mine
813 1993 867 2047 in
897 1993 1083 2048 codice
1123 1991 1431 2053 Albiniano,
1463 1994 1555 2061 qui
1597 2008 1696 2062 per
1730 2010 1792 2048 ea
1821 1991 2064 2062 tempora
2092 1994 2225 2048 scri-

635 2063 868 2117 bebatur
893 2070 1020 2117 ante
1070 2063 1390 2132 praedictum
1436 2062 1632 2132 librum
1680 2063 1990 2119 Censuum:
2040 2083 2059 2114 ι
2108 2064 2224 2118 Rex

640 2132 840 2188 Siciliae
882 2132 1042 2189 debet
1068 2131 1167 2202 pro
1218 2132 1427 2201 Apulia,
1456 2131 1703 2187 Calabria
1733 2142 1789 2188 et
1830 2133 2027 2188 Marsia
2077 2134 2226 2189 mille

636 2203 877 2259 scifatos.
920 2225 940 2257 ι
986 2202 1137 2260 Unde
1174 2204 1551 2273 corrigendum
1596 2204 1744 2258 venit
1800 2203 2035 2273 diploma
2091 2203 2225 2257 Wil-

634 2273 783 2345 lelmi
822 2276 965 2345 regis
995 2273 1161 2345 Siculi
1195 2290 1281 2343 ap.
1328 2272 1523 2328 Baron.
1558 2273 1738 2345 (“56,
1770 2291 1825 2345 n.
1856 2272 1910 2343 6)
1954 2273 2097 2345 quod
2126 2289 2223 2341 pro

633 2342 840 2416 μανείη
870 2342 1292 2416 Ιὶξςίιᾼριανοὴὶα,
1315 2352 1372 2416 et
1408 2358 1507 2411 pro
1533 2342 1657 2416 cccc
1689 2344 1819 2414 legit
1850 2342 1901 2416 ii,
1930 2350 1984 2397 et
2009 2343 2223 2416 quidem

631 2413 948 2470 Innocentii
1000 2414 1066 2469 III
1120 2415 1461 2477 auctoritate,
1523 2414 1611 2480 qui
1668 2413 1792 2468 cum
1850 2413 2222 2468 Constantiam

632 2484 771 2555 Aug.
811 2486 1090 2554 ﬁliumque
1138 2483 1254 2555 ejus
1280 2483 1614 2555 Fridericum
1639 2482 1799 2555 Ilide
1835 2497 2003 2555 regno
2032 2484 2222 2555 eodem

630 2551 910 2609 investivit
949 2551 1112 2623 508
1176 2553 1320 2623 (Bar.
1376 2551 1531 2616 1097,
1582 2569 1637 2606 n.
1690 2552 1787 2618 66;
1834 2551 2006 2623 Rayn.
2061 2554 2218 2621 1198,

630 2641 688 2695 n.
731 2624 821 2695 67)
848 2623 993 2695 hunc
1027 2623 1274 2695 lseorsim
1310 2623 1628 2695 alloquens:
1671 2623 1885 2695 (Cum
1920 2632 2100 2680 autem
2140 2632 2218 2691 tu,

633 2692 850 2763 inquit,
884 2694 960 2749 ﬁli
991 2709 1105 2759 rex,
1143 2692 1357 2764 favente
1383 2693 1610 2748 Domino
1653 2693 1720 2747 ad
1744 2693 2039 2764 legitimam
2084 2701 2219 2749 teta-

630 2772 745 2819 tem
795 2765 1129 2834 perveneris,
1186 2763 1341 2834 nobis
1367 2772 1422 2818 et
1465 2763 1867 2820 successoribus
1908 2766 2128 2828 nostris,
2156 2781 2221 2821 ac

631 2833 889 2890 Ecclesiae
940 2835 1197 2890 Romana:
1243 2833 1576 2898 ﬁdelitatem,
1607 2843 1662 2889 et
1703 2834 1889 2904 ligium
1918 2836 2218 2891 hominium

633 2906 1002 2969 exhibebitis,
1064 2919 1301 2975 censum
1337 2919 1463 2959 vero
1538 2914 1911 2960 sexcentarum
1957 2905 2221 2975 squil‘ato-

630 2976 844 3046 rumrde
868 2975 1078 3046 Apulia,
1131 2982 1185 3029 et
1214 2973 1481 3040 Calabria,
1532 2973 2043 3045 quadringentorum
2090 2992 2219 3033 vero

629 3044 696 3100 de
725 3044 939 3111 Marsia,
973 3046 1058 3100 vel
1102 3046 1431 3115 atquivalens
1470 3046 1532 3116 in
1562 3060 1693 3100 auro
1737 3044 2094 3116 vel'argento,
2118 3063 2215 3103 vos

629 3131 695 3171 ac
729 3116 972 3172 haeredes
1035 3124 1244 3171 vestros
1301 3115 1569 3171 statuistis
1648 3115 2214 3173 Ecclesire’Romanaa

630 3188 789 3243 annis
830 3186 1057 3257 singulis
1105 3186 1395 3250 soluturos,
1424 3186 1529 3241 nisi
1584 3185 1725 3243 forte
1769 3186 2212 3257 impedimentum

630 3258 846 3327 aliquod
886 3258 1229 3320 interveniat,
1284 3272 1390 3325 quo
1439 3264 1684 3312 cessante
1731 3272 1925 3313 census
1959 3273 2023 3313 ex
2074 3259 2216 3313 intc-

668 3344 727 3382 ro
752 3328 1109 3396 persolvetur.
1132 3348 1175 3387 ,ι
1218 3327 1335 3394 Quo
1359 3328 1405 3383 si
1436 3328 1761 3396 respexisset
1783 3327 2051 3383 annalista
2111 3328 2216 3383 Ita-

651 3414 714 3452 us
742 3397 867 3468 (An.
914 3397 1092 3468 1156),
1117 3398 1259 3453 haud
1297 3398 1514 3453 lusisset
1554 3398 1772 3454 inanem
1800 3413 2023 3468 operam
2070 3414 2216 3468 quaa-

628 3482 776 3534 rens,
804 3468 871 3523 de
896 3483 1129 3538 quanam
1152 3468 1393 3524 marchia
1443 3469 1514 3538 sit
1539 3483 1734 3532 sermo,
1767 3484 1928 3537 quam
1966 3484 2025 3523 se
2067 3470 2218 3538 igno-

633 3553 759 3593 rare
782 3536 1010 3607 ingenue
1035 3537 1252 3593 fatetur.
1294 3538 1433 3605 Quid
1476 3536 1637 3593 fuerit
1658 3536 1854 3592 Marsia
1877 3545 1991 3591 tum
2015 3536 2218 3607 tempo-

632 3609 728 3671 ris,
762 3606 974 3664 eruitur
992 3625 1059 3664 ex
1087 3607 1409 3664 Provinciali
1436 3610 1557 3665 cod.
1604 3606 1911 3664 Albiniani:
1947 3624 1967 3657 ‹
1988 3607 2047 3660 In
2074 3606 2218 3661 mar-

633 3678 715 3732 sia
778 3679 1056 3734 Reatinus.
1120 3678 1498 3735 Furconensis.
1563 3677 1860 3734 Valvensis.
1936 3675 2211 3731 Teatinus.

631 3747 936 3805 Pinnensis.
1006 3749 1355 3806 Marsicanus.
1393 3769 1412 3803 ι
1480 3748 1719 3804 Ulterior
1755 3745 2062 3816 disquisitio
2108 3748 2215 3803 huc

630 3833 739 3872 non
776 3829 1002 3875 SDCClat.

703 3836 1107 3962 ἓῐῗξκᾶῒὲἧιιω
1160 3906 1290 3948 vero
1346 3891 1422 3945 ita
1464 3887 1666 3962 factum
1702 3893 1864 3962 atque
1905 3885 2213 3962 institutum

630 3961 786 4015 annis
811 3956 1018 4017 tantum
1044 3959 1587 4032 quadragintastptit
1617 3956 1757 4025 apud
1779 3956 2207 4032 Northm_annos_;

629 4045 754 4085 nam
810 4027 1147 4089 Willelmoll
1177 4027 1431 4086 Willelmi
1474 4027 1604 4091 ﬁlio,
1644 4041 1709 4080 ac
1756 4034 1950 4097 nepote
1994 4027 2213 4097 Rogerii

630 4102 773 4168 regis
831 4105 1071 4158 omnium
1119 4103 1301 4172 primi,
1339 4105 1554 4172 mortuo
1598 4097 2034 4172 ab_s_queoli_b_eris_
2071 4115 2213 4155 anno

629 4166 786 4235 1189,
822 4166 1192 4229 Constantiam
1222 4170 1337 4238 ejus
1381 4166 1605 4221 amitam
1656 4166 1873 4238 Henrici
1899 4168 1965 4222 VI
1995 4168 2213 4236 Germa-

627 4243 738 4325 piae
770 4245 932 4325 regis,
954 4247 1117 4325 ipost
1152 4237 1427 4313 biennium
1485 4237 1730 4325 cjoronati
1786 4238 2136 4325 imperatoris
2180 4256 2211 4325 τε

625 4306 927 4369 Οωιθειῖηό
954 4306 1040 4381 Ill)
1078 4308 1303 4381 uxorem
1335 4306 1624 4381 succedere
1668 4306 1880 4377 aequum
1927 4318 2063 4365 erat.
2105 4310 2210 4365 Sed

623 4397 853 4452 regnum
916 4376 1216 4452 invadente‘
1254 4376 1571 4452 T:_mcredo,_
1604 4376 1790 4452 ingens
1833 4394 1900 4434 ea
1943 4382 2209 4437 discordia

2327 452 2638 523 phini,rtam
2668 453 2781 522 ipse
2810 467 2972 520 quam
3006 450 3278 523 principes
3315 453 3552 523 imperii,
3586 472 3686 512 seu
3717 458 3925 516 electo-

2327 519 2414 577 res
2438 522 2549 576 suis
2601 519 2982 591 diplomatibus
3009 519 3113 591 jus
3146 519 3370 577 minime
3391 519 3409 523 “
3433 525 3663 580 dubium
3714 540 3923 587 sancte

2326 593 2487 656 sedis,
2540 590 2849 661 nullamque
2905 590 3104 662 Siciliae
3142 593 3293 662 regni
3341 596 3735 652 connexionem
3796 615 3920 656 cum

2326 662 2551 730 imperio
2575 660 2802 731 profesSi
2840 670 2984 716 sunt.
3025 660 3182 728 Quod
3210 660 3343 717 ante
3365 679 3460 717 eos
3498 664 3704 722 fecerat
3728 668 3922 724 Fride-

2326 733 2470 810 ricus
2496 732 2570 810 II__
2578 732 2943 810 quinquennio
2973 740 3437 810 ante_su_sceptum
3466 736 3718 810 diadema
3750 739 3921 810 impe-

2326 802 2478 877 rial_e,
2524 802 2685 877 509
2722 802 2957 877 parique
2993 803 3167 877 modo
3184 803 3397 877 imperii
3424 805 3705 877 principes
3725 802 3919 865 omnes

2325 871 2381 944 in
2412 871 2983 944 Francol'ordien_sibus
3010 871 3276 944 icomiiiis’
3316 871 3521 944 septem
3567 871 3681 932 fere
3723 881 3921 935 mensi-

2324 943 2426 995 bus
2479 950 2765 1010 antequam
2813 941 3121 996 Fridericus
3174 941 3799 1003 Romae—coronaretur.
3840 950 3919 1004 Ex

2327 1018 2555 1097 iugoque
2584 1011 2875 1097 diplomate
2925 1027 3012 1081 ap.
3066 1013 3404 1093 Ragnaldum
3447 1015 3637 1097 921.5,
3693 1035 3751 1073 n.

2328 1080 2485 1146 1275,
2516 1097 2571 1134 n.
2600 1080 2723 1151 41),
2777 1097 2900 1153 cum
2952 1080 3173 1153 maximi
3221 1080 3485 1139 momenti
3530 1086 3673 1153 sint,
3733 1080 3919 1145 audire

2324 1158 2568 1219 oportet,
2600 1150 2720 1219 qua:
2742 1152 2809 1205 ad
2840 1167 2955 1205 rem
2987 1150 3211 1206 faciunt.

2397 1220 2536 1274 XXI.
2582 1220 2887 1275 Fridericus
2934 1222 3114 1289 igitur,
3140 1223 3232 1290 qui
3266 1238 3376 1278 una
3424 1240 3548 1280 cum
3603 1226 3917 1284 Constantia

2326 1290 2700 1367 investituram
2736 1292 2886 1367 regini
2929 1290 3128 1367 Siciliae
3167 1291 3493 1367 jampridem
3519 1308 3820 1367 acceperat,
3847 1313 3916 1352 ne

2326 1359 2467 1437 forte
2496 1359 3010 1437 imperator'factus
3044 1359 3180 1437 jura
3225 1359 3434 1437 imperii
3482 1380 3605 1420 cum
3649 1359 3913 1437 pontiﬁcii

2326 1430 2649 1501 detrimento
2677 1440 2915 1500 augeret,
2959 1431 3286 1486 luculentam
3304 1430 3317 1432 ⁷
3332 1432 3633 1501 bujusmodi
3650 1430 3912 1492 'declara-

2324 1500 2523 1554 tionem
2562 1500 2857 1571 Argentina
2908 1501 3221 1557 Innocentio
3270 1501 3335 1556 III
3369 1505 3666 1558 transmisit
3684 1510 3710 1558 ':
3749 1526 3769 1556 ι
3808 1507 3912 1561 Cu-

2323 1571 2533 1643 pientes
2558 1578 2668 1624 tam
2712 1570 2966 1643 Ecclesia:
3005 1571 3261 1626 Romana:
3292 1588 3446 1643 quam
3494 1587 3660 1643 regno
3698 1574 3910 1630 Sicilia:

2323 1641 2622 1709 providere,
2676 1641 3041 1711 promittimus
3080 1649 3135 1695 et
3191 1642 3527 1697 concedimus
3563 1641 3905 1711 'statuentes,

2327 1720 2385 1784 ut
2421 1720 2704 1784 postquam
2740 1710 3239 1784 fuerimus_i_mperii
3271 1728 3526 1767 coronam
3544 1714 3730 1783 adepti,
3764 1710 3901 1784 pro;

2331 1781 2476 1835 tinus
2509 1780 2677 1834 ﬁlium
2714 1789 2956 1853 nostrum
3006 1780 3316 1853 Ilenricum,
3370 1798 3530 1853 quem
3576 1780 3904 1839 ad‘manda-

2330 1858 2442 1904 tum
2471 1858 2717 1923 nostrum
2743 1852 2796 1904 in
2824 1865 3004 1921 regem
3049 1850 3274 1907 fecimus
3302 1850 3573 1915 coronari,
3605 1855 3899 1923 emancipe-

2327 1936 2448 1975 mus
2484 1935 2518 1994 a_
2544 1921 2716 1994 patria
2773 1930 3060 1990 potestate,
3114 1924 3399 1994 ipsumque
3438 1938 3661 1994 regnum
3705 1921 3894 1981 Siciliae

2331 1990 2622 2063 tam_ultra_
2642 1991 2872 2063 phorum
2905 2008 3065 2061 quam
3091 1990 3246 2057 citra,
3281 1990 3528 2063 penitus'
3548 1992 3902 2060 relinquamus

2328 2061 2395 2114 ab
2418 2060 2662 2115 Ecclesia
2720 2060 2962 2116 Romana
3007 2060 3315 2129 tenendum,
3367 2065 3510 2119 sicut
3537 2079 3637 2117 nos
3673 2063 3807 2116 illud
3840 2063 3907 2116 ab

2326 2129 2442 2199 ipsa
2477 2130 2588 2186 sola
2622 2139 2904 2204 tenemus;
2927 2132 3022 2204 ita
3061 2133 3203 2204 quod
3251 2148 3315 2187 ex
3354 2142 3482 2187 tunc
3530 2132 3908 2204 occubabebi:

2325 2215 2466 2270 mus,
2506 2216 2606 2255 nec
2666 2200 3096 2257 nominabimus‘
3132 2218 3227 2259 nos
3284 2218 3461 2270 regem
3527 2200 3748 2263 Siciliae,
3811 2201 3911 2255 sed
3951 2205 3964 2216 ‘

2317 2268 2475 2339 juxta
2512 2272 2909 2339 beneplacitum
2953 2282 3186 2327 vestrum
3212 2268 3619 2341 procurabimus
3644 2270 3777 2324 illud
3807 2284 3927 2325 110-,

2324 2341 2471 2420 mine
2514 2341 2681 2410 ipsius
2719 2341 2814 2396 ﬁlii
2874 2344 3046 2397 nostri
3100 2340 3238 2424 regis
3281 2356 3453 2410 usque
3482 2341 3550 2424 ad
3603 2340 3909 2422 legitimam

2323 2409 2440 2482 ejus
2469 2409 2681 2482 aztatem
2719 2427 2817 2481 per
2842 2428 3126 2482 personam
3160 2409 3406 2482 idoneam
3435 2409 3757 2482 gubernari,
3786 2425 3908 2478 qua:

2325 2481 2390 2535 de
2442 2482 2589 2537 omni
2619 2480 2742 2550 jure
2780 2480 2940 2552 atque
2985 2483 3204 2537 servitio
3243 2480 3496 2536 Ecclesia:
3540 2480 3798 2552 Romana:
3823 2493 3907 2552 re-

2323 2553 2604 2623 spondeat,
2636 2553 2705 2607 ad
2741 2550 2903 2623 quam
2936 2553 3274 2623 solummodo
3324 2552 3492 2621 ipsius
3540 2550 3688 2620 regni
3735 2550 3906 2623 domi-

2323 2622 2471 2704 uium
2498 2625 2741 2704 noscitur
2758 2620 3050 2704 ipertinere
3074 2643 3086 2676 :
3141 2622 3506 2704 nefortepro
3525 2636 3600 2704 eo.
3621 2620 3764 2703 quod
3804 2634 3905 2674 nos

2323 2691 2629 2763 dignatione
2675 2690 2853 2750 divina
2901 2710 3086 2748 sumus
3115 2694 3183 2748 ad
3210 2690 3421 2763 imperii
3481 2690 3749 2761 fastigium
3773 2704 3902 2763 evo-

2323 2760 2447 2827 cati,
2482 2764 2685 2834 aliquid
2735 2764 2959 2835 unionis
3003 2780 3227 2835 regnum
3273 2760 3341 2819 ad
3388 2760 3670 2835 imperium
3712 2760 3902 2835 quovis

2321 2831 2591 2903 tempore
2622 2841 2899 2903 putaretur
2950 2831 3170 2899 habere,
3209 2835 3255 2889 si
3286 2850 3384 2889 nos
3418 2831 3575 2887 simul
3616 2831 3900 2903 imperium

2320 2898 2637 2960 tene-remus"
2653 2914 2709 2961 et
2740 2919 2960 2975 regnum
2987 2920 3085 2974 per
3111 2905 3255 2974 quod
3289 2915 3395 2959 tam
3428 2898 3735 2975 apostolica”:
3766 2898 3897 2975 sedi.

2321 2988 2482 3042 quam
2528 2971 2834 3051 hteredibus
2860 2971 3058 3051 nostris
3086 2971 3304 3045 aliquod
3342 2971 3526 3051 posset
3564 2971 3898 3051 dispendium

2319 3046 2583 3113 generari.
2633 3064 2651 3096 ›
2682 3045 2739 3099 In
2785 3044 3073 3115 diplomate
3102 3041 3281 3099 autem
3325 3041 3625 3115 principum
3669 3041 3898 3115 imperii,

2242 3105 2288 3169 C
2318 3105 2461 3182 quod
2500 3116 2683 3186 etiam
2718 3130 2748 3167 a
2779 3105 3015 3186 "Li-inigio
3063 3114 3295 3171 refertur
3325 3105 3515 3186 ‘(Codf
3541 3113 3613 3167 It.
3665 3105 3897 3186 piplom.

2318 3191 2451 3257 tom.
2499 3184 2583 3257 ll,
2612 3199 2732 3255 pag.
2764 3183 2950 3257 675),:
2991 3187 3195 3257 regium
3256 3183 3609 3240 conﬁrmatur
3665 3183 3752 3236 his
3782 3196 3901 3236 ver-

2318 3254 2437 3308 bis:
2481 3272 2498 3304 ‹
2532 3253 2704 3309 δίων
2727 3254 2855 3311 olim
2875 3253 2952 3309 'ad
2987 3253 3274 3324 petitiones
3302 3263 3357 3309 et
3390 3269 3596 3325 preces,
3619 3267 3742 3325 _neo
3794 3266 3901 3325 non

2318 3333 2373 3378 et
2403 3326 2713 3379 mandatum
2734 3322 3217 3394 praedicti—domini
3245 3322 3414 3379 nostri
3450 3325 3592 3393 regis
3614 3322 3897 3394 Friderici,

2319 3401 2560 3466 tempore
2588 3396 2678 3449 bo.
2711 3393 2816 3466 me.
2862 3394 3063 3466 domini
3109 3396 3290 3451 Innoc.
3321 3395 3385 3448 Ill
3426 3410 3594 3466 papaa,
3613 3393 3901 3466 probem

2317 3461 2467 3535 pacis
2495 3464 2561 3517 ad
2584 3463 3045 3535 omniascaudala
3090 3467 3356 3529 evitanda,
3386 3461 3579 3535 ipsi—5.
3612 3461 3678 3517 R.
3708 3461 3898 3517 Eccle-

2319 3534 2412 3588 sia:
2443 3549 2604 3606 super
2627 3533 3135 3606 privilegiisiipsius
3174 3537 3316 3605 regis
3343 3533 3445 3588 sibi
3476 3533 3617 3588 datis
3654 3542 3896 3606 nostram

2318 3611 2446 3659 tunc
2472 3604 2799 3658 voluntatem
2829 3604 3154 3673 praebuimus
3188 3604 3255 3659 et
3270 3620 3624 3668 consensum;
3652 3604 3734 3658 sic
3753 3618 3897 3657 nunc

2317 3674 2561 3729 eamdem
2601 3674 2929 3729 voluntatem
2958 3685 3012 3731 et
3041 3690 3362 3731 consensum
3411 3682 3656 3729 nostrum
3683 3675 3897 3728 ηονίιθι·

2317 3744 2653 3808 innovamus,
2683 3752 2740 3799 et
2785 3759 2882 3813 per
2921 3746 3101 3800 omnia
3151 3747 3530 3815 approbamus.
3576 3744 3642 3798 Et
3681 3752 3744 3797 ut
3784 3744 3897 3799 haec

2317 3822 2503 3886 nostra
2522 3814 2822 3886 ivolulitasL
2827 3822 2882 3868 et
2898 3814 3243 3886 iapprobatio,
3285 3815 3397 3869 sive
3449 3815 3726 3870 innovatio
3755 3829 3788 3867 a
3809 3830 3901 3869 no-

2314 3884 2416 3956 bis
2434 3884 2533 3954 ipsi
2577 3883 2634 3939 S.
2659 3884 2733 3956 Β.
2786 3883 3040 3956 Ecclesiae
3083 3887 3136 3941 in
3191 3895 3506 3956 perpetuum
3537 3886 3897 3956 ,observetur,

2315 3964 2376 4007 ut
2404 3954 2605 4024 liqueat
2654 3955 2708 4009 in
2748 3954 2938 4010 eﬁ‘ectu
2967 3954 3424 4010 intestiinonium
3472 3954 3551 4008 illi
3599 3955 3666 4009 ad
3702 3969 3900 4025 perpe-

2314 4026 2808 4101 tuammemoriam
2846 4027 3034 4091 nostri,
3078 4026 3446 4101 hogprwscns
3483 4024 3746 4101 scriptum
3777 4024 3898 4101 inde

2315 4094 2431 4149 ﬁeri
2460 4095 2703 4161 fecimus,
2735 4104 3037 4150 nostrorum
3071 4096 3367 4168 sigillorum
3419 4094 3714 4150 munimine
3739 4096 3900 4150 robo-

2315 4174 2495 4221 ratum
2521 4180 2682 4237 super
2721 4168 2969 4222 omnibus
3004 4167 3296 4237 privilegiis
3325 4168 3393 4221 ab
3422 4168 3539 4235 ipso
3570 4181 3699 4235 rege
3728 4181 3899 4235 usque

2314 4252 2459 4306 nunc
2481 4238 2584 4293 sibi
2623 4238 2780 4301 datis,
2813 4245 2867 4294 et
2908 4238 3071 4292 etiam
3125 4239 3300 4292 adhuc
3350 4237 3541 4291 dandis
3570 4245 3679 4290 tam
3733 4251 3899 4306 super

2314 4305 2457 4379 facto
2518 4308 2946 4379 imperiiiquam
2986 4323 3166 4379 super
3226 4306 3369 4379 facto
3440 4308 3591 4379 regni
3653 4305 3893 4362 Sicilia}:

2314 4376 2476 4459 διο
2513 4376 2611 4459 ita:
2627 4378 2769 4459 quod
2804 4376 3097 4459 imperium
3120 4378 3253 4459 nihil
3312 4392 3432 4459 cum
3453 4377 3584 4459 ipso
3606 4393 3772 4459 regno
3799 4378 3897 4431 ha-

622 4447 751 4507 nala
785 4460 887 4515 est,
921 4466 1041 4519 quae
1073 4447 1766 4519 tandiuilnnocentium'lll
1794 4456 1848 4506 et
1872 4466 2213 4507 successores
2235 4452 2289 4513 D
2315 4447 2456 4519 beati
2503 4448 2739 4519 unionis,
2791 4447 2896 4501 vel,
2943 4448 3166 4519 alicujus
3219 4447 3613 4519 jurisdictionis
3647 4448 3702 4519 in

622 4523 887 4576 exercuit.
929 4517 1063 4573 Nam
1088 4517 1215 4572 licet
1262 4518 1606 4574 Innocentius
1643 4519 1783 4576 idem
1830 4519 2202 4577 Constantiam

621 4604 960 4671 puerumque
988 4587 1157 4671 ﬁlium
1190 4587 1307 4657 ejus
1338 4587 1677 4671 Fridericum
1709 4591 1774 4671 de
1804 4590 2003 4647 Siciliae
2040 4607 2203 4671 regno

622 4658 978 4721 investiverit,
1017 4666 1076 4713 ut
1109 4673 1280 4729 nuper
1304 4659 1531 4726 aiebam,
1561 4661 1705 4717 hunc
1749 4670 1930 4718 tamen
1971 4658 2200 4729 constat,

620 4735 748 4798 post
797 4737 1072 4799 acceptam
1128 4728 1338 4799 imperii
1420 4745 1675 4786 coronam
1742 4732 1810 4787 ab
1866 4731 2104 4790 Honorio
2137 4733 2203 4787 III

620 4787 768 4853 anno
795 4787 949 4864 ηὲθζ
989 4800 1055 4855 de
1086 4787 1270 4856 sanc'ta
1295 4801 1421 4857 sede
1466 4801 1829 4864 Romanisque
1857 4787 2201 4864 pontiﬁcibus

620 4817 768 4853 anno
795 4817 949 4864 1220,
989 4817 1055 4855 ue
1086 4817 1270 4856 saneta
1295 4817 1421 4857 seue
1466 4817 1723 4857 Romanis
1763 4817 1829 4854 ue
1931 4817 2201 4859 mutemus

620 4867 791 4925 fuisse
820 4871 953 4926 adeo
977 4870 1117 4925 male
1141 4872 1393 4927 meritum
1427 4878 1487 4926 ut
1513 4872 1567 4927 in
1596 4818 1825 4926 cencllio
1856 4817 2203 4927 madunensi

621 4954 765 4994 anno
803 4940 943 4995 1245
995 4943 1333 4997 exauctorari
1378 4941 1529 4996 illum
1575 4938 1887 4997 ooortuerit.
1946 4938 2060 4994 Nec
2090 4948 2203 4994 tum

658 5009 838 5084 uidem
868 5011 1304 5084 Siciliaiuregno
1364 5012 1558 5084 melius
1606 5007 1746 5084 fuit:
1786 5021 1913 5059 nam
1957 5007 2202 5084 Conrado

667 5080 882 5137 riderici
922 5082 1031 5137 ﬁlio
1066 5078 1528 5142 illud'invadente,
1589 5078 1883 5143 eodemque
1937 5078 2203 5132 exstincto

617 5152 811 5205 veneni
857 5152 1072 5218 haustu,
1138 5145 1755 5218 ManfredusuFriderici
1812 5144 1952 5200 ﬁlius
1998 5147 2198 5218 nothus

615 5235 716 5291 pro
768 5213 1073 5278 Conradino
1131 5219 1364 5291 Conradi
1421 5215 1533 5267 ﬁlio
1581 5213 1778 5291 Sicilia:
1815 5230 2037 5291 regnum
2093 5217 2194 5291 sibi

616 5283 867 5347 asseruit.
908 5292 1074 5361 Cujus
1106 5286 1353 5361 ejiciendi
1387 5299 1551 5361 causa
1592 5283 1835 5361 primum
1880 5283 2193 5361 Eadmundoo

615 5353 1076 5436 Illi_o__l_lenrici'ill_
1101 5353 1305 5436 Anglia:
1329 5353 1476 5436 regis
1502 5354 1570 5436 ab
1612 5354 1903 5436 apostgiica
1946 5357 2070 5436 sede
2090 5355 2192 5411 fuit

614 5433 951 5497 exhibitum;
994 5424 1409 5497 deinde'sancto
1454 5424 1725 5497 Ludovico
1760 5424 1831 5478 IX
1862 5440 1926 5479 ac
1949 5426 2186 5497 demum,

615 5508 846 5569 utroque
877 5494 1309 5561 id'detrectante,
1346 5495 1539 5552 Carolo
1594 5494 1963 5569 Andegavensi
2016 5496 2189 5569 sancti

615 5565 873 5624 Ludovici
904 5571 1061 5625 fratri
1082 5578 1165 5624 est
1189 5583 1524 5635 concessum,
1554 5576 1613 5622 ut
1649 5565 1809 5636 supra
1832 5567 2036 5636 dictum
2066 5565 2189 5620 fuit.

617 5636 736 5711 Qua
751 5652 979 5704 superre
992 5640 1302 5711 Rudolphus
1321 5641 1477 5711 longe
1501 5630 1559 5693 ut
1584 5630 1823 5711 pontifici
1860 5645 1952 5692 aut
2003 5634 2196 5693 Carolo

612 5706 990 5775 succensent,
1028 5706 1181 5776 quod
1205 5710 1276 5767 de
1307 5706 1569 5767 vicariam
1584 5706 1601 5709 “
1620 5709 1851 5773 Etruriae
1890 5714 2203 5768 constanter

3752 4461 3891 4500 IDSO.

2315 4463 2439 4501 neat
2503 4463 2739 4511 unioms,
2791 4463 2874 4501 vel
2943 4463 3166 4519 alicujus
3219 4463 3613 4518 jurisuicuoms
3647 4464 3702 4501 in
3752 4463 3888 4569 $153.

2312 4516 2448 4572 Acta
2477 4525 2602 4574 sunt
2647 4518 2763 4574 haec
2802 4534 2942 4573 anno
2980 4519 3274 4575 Dominicaa
3308 4518 3699 4573 Incarnationis
3730 4517 3751 4569 1
3873 4554 3888 4567 .

2309 4587 2431 4710 ﬁat:
2488 4604 2575 4660 ap.
2632 4588 3027 4646 Francbenfort
3079 4591 3135 4645 in
3189 4590 3418 4646 solemni
3463 4589 3629 4653 curia,
3660 4602 3715 4639 IV
3761 4583 3881 4636 Kal.

2363 4674 2455 4710 an.
2496 4678 2515 4710 ι

2363 4674 2455 4714 an.
2496 4678 2515 4711 ι

2378 4729 2540 4802 XXI].
2576 4729 2655 4782 Ac
2677 4730 3015 4802 Fridericum
3055 4732 3269 4800 quidem
3318 4740 3474 4802 pater
3514 4742 3640 4802 suus
3689 4720 3885 4802 Περεῖ-

2307 4798 2503 4870 ουεΑΪΙ
2529 4799 2691 4870 morti
2719 4801 3000 4870 proximus
3025 4788 3347 4855 testamento
3384 4801 3527 4870 (Ges:
3559 4798 3744 4870 longe.
3769 4791 3793 4844 I
3804 4789 3828 4843 I
3836 4788 3889 4870 1,

2303 4882 2358 4919 ιι.
2388 4865 2479 4935 27)
2494 4865 2647 4936 valde
2676 4860 2788 4936 pio,
2820 4875 2880 4921 ut
2909 4868 3040 4922 illud
3056 4879 3224 4936 vocat
3240 4860 3502 4920 Baronius
3535 4866 3722 4932 (1097,
3752 4879 3811 4917 n.
3835 4860 3893 4929 8)

2301 4933 2509 5004 pridem
2536 4933 2774 5001 jusse‘rat
2801 4945 3003 4992 sanctae
3036 4938 3178 4990 sedis
3207 4935 3298 5000 jus
3326 4945 3641 5004 agnoscere,
3668 4947 3734 4983 ac
3761 4945 3898 5001 pon-

2302 5001 2432 5058 tiﬁci
2473 5004 2773 5059 hominium
2799 5006 2978 5058 facere
3008 5023 3051 5056 ε(
3086 5001 3401 5069 Imperatrix
3429 5011 3655 5050 consors
3679 5007 3893 5069 nostra,

2299 5082 2355 5145 et
2389 5074 2528 5145 ﬁlius
2554 5080 2740 5126 noster
2781 5074 3103 5145 Fredericus
3164 5067 3383 5145 domino
3413 5079 3566 5134 papa:
3620 5074 3676 5121 et
3705 5068 3895 5145 Eccle-

2301 5144 2394 5198 sim
2435 5144 2689 5197 Romanae
2717 5142 3008 5196 exhibeant
3042 5137 3225 5191 omnia
3266 5137 3411 5208 jura,
3433 5205 3442 5208 _
3462 5151 3584 5205 qua:
3609 5154 3641 5191 a
3672 5141 3891 5208 regibus

2303 5212 2499 5267 Sicilia:
2532 5215 2924 5265 consueverunt
2951 5208 3175 5277 habere,
3220 5214 3273 5261 et
3303 5205 3520 5262 domino
3556 5222 3710 5277 papae
3737 5205 3887 5263 secu-

2300 5282 2513 5337 ritatem
2542 5279 2761 5346 faciant,
2788 5279 2946 5336 sicuti
2972 5293 3125 5349 reges
3160 5276 3360 5333 Sicilia:
3388 5293 3600 5349 summo
3621 5276 3883 5346 pontiﬁci,

2297 5360 2351 5405 et
2390 5352 2455 5404 R.
2491 5349 2747 5406 Ecclesiae
2804 5352 2984 5406 facere
3039 5347 3464 5419 consueverunt.
3507 5347 3565 5402 Si
3595 5364 3726 5403 vero
3750 5364 3879 5419 pra:-

2296 5421 2438 5492 dicta
2470 5437 2693 5476 consors
2732 5431 2915 5478 nostra
2945 5429 3381 5492 praamoreretur,
3411 5419 3553 5492 ﬁlios
3583 5429 3765 5492 noster
3796 5434 3875 5472 se-

2293 5491 2527 5547 cundum
2560 5490 2964 5549 ordinationem
2986 5508 3136 5547 suam
3151 5499 3444 5546 remaneat.
3477 5490 3544 5543 Et
3568 5490 3610 5544 si
3630 5490 3768 5544 ﬁlius
3792 5502 3874 5542 no-

2298 5572 2410 5618 ster
2428 5565 2545 5619 sine
2582 5563 2794 5620 hiered'e
2824 5563 3135 5627 decesserit,
3163 5578 3384 5631 regnum
3408 5560 3759 5615 SicilizeadR.
3786 5559 3873 5614 Ec-

2302 5635 2520 5690 clesiam
2558 5634 2823 5691 deveniat.
2878 5656 2896 5686 ι
2932 5634 3067 5703 Quia
3095 5634 3299 5689 scilicet
3329 5646 3551 5704 regnum
3586 5631 3713 5685 illud
3739 5632 3876 5685 inva-

2305 5715 2468 5772 serat;
2521 5713 2686 5773 atque
2752 5707 2938 5774 inique
2962 5702 3115 5763 facti
3182 5702 3534 5769 conscientia,
3581 5713 3790 5770 aequum
3828 5706 3875 5755 el
