4074 6148
704 292 806 351 895

1249 417 1274 445 ι
1300 400 1629 459 EPISTOLA
1668 403 1749 458 lii.

971 532 1040 571 ΑΙ)
1066 532 1375 573 ιΑυυυιινυω
1402 532 1643 571 ΛΒΒΛΤΕΜ
1674 530 1977 570 ςυιυεκεει

1179 607 1253 661 De
1277 606 1569 661 litterarum
1591 606 1799 660 studiis.

1306 696 1480 765 (Anno
1507 696 1657 751 787.3

1045 787 1136 849 [Ex
1163 788 1344 839 Μίνωα.
1370 788 1669 838 Donationes
1689 784 1912 847 Belgium]

764 872 988 927 Carolus
1017 872 1192 940 gratia
1220 872 1315 926 Dei
1344 887 1439 926 rex
1461 871 1790 926 Francorum
1816 877 1870 922 et
1894 866 2268 937 Langobardo-

693 979 831 1029 rum,
866 980 931 1020 ac
959 965 1218 1034 patricius
1248 964 1631 1027 Romanorum,
1676 958 1932 1029 Baugulfo
1960 958 2160 1022 abbati,
2211 964 2265 1011 et

692 1056 839 1109 omni
873 1053 1297 1125 congregationi,
1349 1051 1445 1107 tibi
1487 1052 1649 1106 etiam
1680 1049 1980 1106 commissis
2017 1047 2264 1104 fidelibus

691 1144 996 1199 oratoribus
1051 1143 1275 1207 nostris,
1331 1142 1386 1197 in
1439 1141 1824 1210 omnipotentis
1884 1140 1980 1193 Det
2048 1139 2265 1194 nomine

692 1231 980 1287 amabilem
1008 1231 1302 1286 direximus
1336 1230 1585 1286 salutem.

760 1321 957 1375 Notum
986 1308 1151 1391 igitur
1173 1320 1243 1374 sit
1263 1320 1373 1374 Deo
1398 1319 1608 1390 placitae
1630 1317 1898 1388 devotioni
1920 1326 2113 1377 vestrae
2137 1318 2262 1388 quia

691 1424 791 1464 nos
823 1425 929 1463 una
958 1424 1080 1464 cum
1114 1409 1359 1464 ﬁdelibus
1401 1409 1601 1463 nostris
1645 1406 2101 1464 consideravimus
2130 1406 2262 1461 utile

690 1514 827 1566 esse,
862 1506 922 1553 ut
954 1498 1223 1567 episcopia
1253 1506 1307 1551 et
1333 1498 1660 1553 monasteria
1690 1499 1862 1562 nobis,
1899 1497 2114 1552 Christo
2141 1510 2264 1565 pro-

688 1589 841 1658 pitio,
884 1573 951 1644 ad
993 1588 1396 1659 gubernandum
1432 1590 1737 1653 commissa,
1767 1596 1965 1657 praeter
1999 1588 2261 1657 regularis

688 1677 812 1731 vitae
862 1676 1104 1731 ordinem
1142 1684 1304 1746 atque
1355 1684 1555 1731 sanctae
1590 1675 1863 1743 religionis
1897 1675 2258 1729 conversatio-

689 1782 832 1833 nem,
866 1768 1030 1823 etiam
1056 1768 1112 1822 in
1140 1767 1443 1823 titterarum.
1458 1767 1914 1830 meditationibus,
1938 1766 2016 1821 eis
2037 1766 2148 1835 qui,
2164 1766 2259 1821 do-

689 1867 853 1914 nante
888 1859 1131 1923 Domino,
1163 1859 1370 1913 discere
1396 1866 1641 1927 possunt,
1686 1857 1977 1913 secundum
2009 1857 2260 1912 uniuscu-

681 1945 879 2016 jusque
926 1947 1298 2015 capacitatem,
1346 1948 1571 2003 docendi
1616 1948 1848 2002 studium
1880 1942 2116 2002 debeant
2156 1948 2259 2002 im-

684 2039 949 2109 pendere;
986 2038 1217 2108 qualiter
1246 2039 1384 2094 sicut
1413 2039 1675 2109 regularis
1707 2054 1884 2093 nonna
1920 2038 2256 2093 honestatem

684 2144 915 2193 morum,
948 2127 1023 2182 ita
1050 2144 1259 2197 quoque
1279 2128 1503 2183 docendi
1529 2136 1583 2182 ct
1614 2127 1852 2183 discendi
1882 2127 2137 2181 instantia
2167 2143 2258 2182 or-

685 2217 833 2271 dinet
860 2226 909 2271 et
956 2226 1111 2272 ornet
1143 2218 1336 2277 seriem
1366 2218 1668 2281 verborum,
1692 2225 1752 2271 ut
1779 2217 1871 2285 qui
1898 2216 2008 2272 Deo
2043 2216 2256 2286 placere

684 2316 943 2378 appetunt
983 2316 1128 2364 recte
1157 2308 1401 2374 vivendo,
1429 2308 1478 2361 ei
1509 2308 1669 2361 etiam
1697 2306 1909 2376 placere
1947 2307 2286 2376 nonnegliq-

682 2405 813 2468 gant
861 2407 1008 2454 recte
1057 2397 1343 2467 loquendo.
1382 2396 1651 2467 Scriptum
1700 2405 1786 2452 est
1830 2397 1973 2451 enim
2001 2412 2016 2451 :
2048 2397 2152 2453 Aut
2189 2414 2256 2453 ea:

681 2491 847 2546 verbis
875 2493 979 2547 tuis
1001 2491 1398 2562 justi/icaberis,
1424 2499 1514 2545 aut
1538 2505 1600 2544 ea:
1622 2490 1787 2545 verbis
1812 2490 1915 2545 tuis
1940 2489 2253 2547 condemna-

681 2581 816 2634 beris
842 2578 1055 2651 (Matth.
1084 2596 1181 2643 xu,
1201 2578 1312 2651 37).
1340 2579 1595 2646 Quamvis
1623 2580 1766 2633 enim
1788 2579 1978 2637 melius
2005 2580 2083 2637 sit,
2112 2579 2249 2635 bene

681 2668 862 2726 facere
888 2685 1049 2740 quam
1084 2686 1261 2736 nosse,
1294 2671 1441 2740 prius
1469 2679 1655 2729 tamen
1691 2668 1773 2729 est
1800 2685 1956 2725 nosse
1984 2686 2143 2741 quam
2170 2669 2249 2729 fa-

680 2776 825 2818 cere.
850 2762 1018 2817 Debet
1038 2778 1166 2832 ergo
1187 2763 1412 2838 quisque
1437 2763 1643 2817 discere
1664 2762 1804 2831 quod
1828 2772 1977 2833 optat
2004 2763 2244 2834 implere,

678 2857 739 2904 ut
764 2857 916 2905 tanto
944 2851 1158 2905 uberius
1185 2850 1312 2920 quid
1338 2866 1496 2923 agere
1525 2851 1733 2917 debeat,
1761 2852 2022 2923 intelligat
2047 2852 2244 2917 anima,

677 2949 879 3009 quanto
913 2940 968 2995 in
990 2942 1372 3014 omnipotentis
1407 2943 1499 2996 Dei
1527 2942 1774 2999 laudibus
1798 2944 1914 2998 sine
1938 2944 2248 3001 mendacio-

675 3046 795 3087 rum
837 3028 1169 3086 oiiendiculis
1195 3031 1494 3087 cucurrerit
1522 3031 1721 3103 lingua.
1765 3032 1898 3087 Nam
1923 3050 2046 3089 cum
2074 3034 2247 3089 omni-

675 3122 776 3179 bus
801 3121 1109 3177 bominibus
1132 3121 1348 3176 vitanda
1378 3123 1487 3176 sint
1517 3123 1814 3189 mendacia,
1854 3131 2054 3193 quanto
2079 3124 2248 3194 magis

675 3213 752 3269 illi
804 3211 1097 3268 secundum
1131 3212 1536 3281 possibilitatem
1587 3214 1856 3269 declinare
1892 3214 2106 3277 debent,
2155 3212 2248 3283 qui

676 3301 744 3356 ad
771 3302 875 3357 hoc
899 3301 1231 3357 solummodo
1262 3304 1560 3371 probantur
1587 3304 1763 3369 electi,
1804 3313 1863 3359 ut
1892 3306 2093 3359 servire
2128 3318 2248 3373 spec

676 3391 887 3448 cialiter
924 3390 1154 3447 debeant
1181 3393 1432 3449 veritati?
1453 3394 1587 3449 Nam
1612 3410 1734 3450 cum
1766 3394 1918 3449 nobis
1951 3394 2007 3448 in
2034 3394 2118 3449 his
2153 3409 2249 3448 an-

675 3483 763 3538 nis
787 3498 817 3536 a
843 3484 1109 3539 nonnullis
1132 3487 1472 3541 monasteriis
1501 3486 1698 3556 saepius
1724 3487 1922 3559 scripta
1953 3485 2248 3555 dirigeren-

677 3582 784 3640 tur,
815 3574 869 3629 in
890 3576 1079 3645 quibus
1100 3576 1240 3645 quod
1263 3592 1362 3646 pro
1383 3577 1537 3631 nobis
1562 3576 1757 3629 fratres
1786 3574 1982 3628 ibidem
2009 3585 2244 3629 commo-

678 3675 861 3723 rantes
903 3667 957 3722 in
1008 3669 1178 3725 sacris
1205 3675 1259 3723 et
1297 3669 1399 3738 piis
1432 3666 1764 3720 orationibus
1807 3665 2146 3719 decertarent
2173 3664 2247 3718 si—

676 3755 1038 3826 gnificaretur,
1072 3759 1417 3829 cognovimus
1457 3756 1510 3810 in
1538 3754 1805 3824 plerisque
1840 3752 2078 3826 praefatis
2118 3771 2246 3813 con...

674 3846 1077 3918 scriptionibus,
1102 3847 1412 3903 eorumdem
1466 3852 1525 3899 et
1564 3858 1753 3898 sensus
1795 3853 1970 3899 rectos
2021 3854 2078 3899 et
2132 3861 2239 3900 ser-

674 3955 858 3996 mones
888 3941 1118 3998 incultos
1142 3953 1156 3992 :
1180 3937 1305 4007 quia
1337 3934 1477 4005 quod
1500 3936 1588 4006 pia
1617 3935 1828 3990 devotio
1853 3936 2078 3993 interius
2110 3937 2242 3994 lide-

744 4086 769 4145 F
800 4071 1041 4145 Epistola
1073 4072 1187 4124 lucc
1217 4069 1282 4124 de
1315 4074 1539 4145 numero
1560 4075 1642 4122 est
1672 4068 1906 4145 illarum,
1932 4085 2055 4145 quae
2084 4079 2245 4145 gene-

671 4142 815 4213 rales
835 4138 1169 4213 dicebantur,
1193 4140 1337 4209 quod
1360 4138 1751 4213 uuo_exemplo,
1768 4138 1975 4213 paucis
1996 4140 2239 4213 mutatis,

671 4212 739 4267 ad
762 4213 1001 4267 diversos
1032 4209 1393 4274 mitterentur,
1412 4209 1490 4280 ad
1519 4209 1908 4280 metr’opolitas,
1945 4211 2009 4265 ad
2035 4211 2244 4280 episco-

669 4296 787 4352 pos,
826 4282 892 4334 ad
936 4281 1158 4352 abbates
1182 4288 1238 4333 et
1274 4280 1348 4352 ad,
1376 4279 1615 4352 ali_os,_ut
1654 4278 1741 4333 rés
1785 4278 2109 4352 postulabat.
2142 4278 2242 4352 Tot

671 4347 815 4419 enim
842 4359 1029 4419 gentes
1055 4349 1492 4419 cGermaniaicis
1520 4348 1788 4419 Rhenum,
1825 4356 1879 4401 et
1907 4347 2242 4419 exltaliagcis

1581 293 1662 350 .B.
1706 292 1963 359 CAROLI,
1986 288 2204 345 MAGNI
2240 283 2389 341 OPP.
2428 284 2607 339 PARS
2645 285 2707 338 ll.
2750 283 2990 340 SECTIO
3027 285 3063 339 l.

2297 414 2349 471 Δ
2376 392 2504 446 liter
2529 394 2787 459 dictabat,
2820 396 2923 449 hoc
2949 394 3188 448 exterius
3215 403 3437 465 propter
3464 395 3848 467 negligentiam
3876 401 3957 454 di-

3848 287 3955 344 896

2373 484 2558 538 scendi
2582 483 2759 553 lingua
2786 483 3055 538 inerudita
3072 483 3375 554 exprimere
3394 486 3511 540 sine
3532 487 3955 556 reprehensione

2369 589 2471 629 non
2496 574 2726 629 valebat.
2758 573 2912 629 Unde
2931 574 3134 629 factum
3161 583 3244 630 est
3274 585 3335 631 ut
3364 576 3558 632 timere
3591 578 3952 648 inciperemus

2366 676 2434 716 ne
2459 660 2616 726 forte,
2655 662 2794 720 sicut
2837 663 3014 717 minor
3050 672 3170 718 erat
3208 665 3262 719 in
3310 666 3595 722 scribendo
3638 669 3949 737 prudentia,

2365 749 2438 804 ita
2479 764 2690 819 quoque
2721 758 2776 804 et
2809 751 2977 806 multo
3012 752 3189 806 minor
3218 760 3380 817 esset,
3422 769 3588 823 quam
3630 767 3782 810 recte
3829 773 3949 813 esse

2365 838 2657 904 debuisset,
2687 838 2742 892 in
2771 839 2853 893 eis
2884 847 3195 894 sanctarum
3225 842 3622 912 scripturarum
3647 845 3719 900 ad
3752 846 3950 903 intelli-

2364 925 2596 992 gendum
2641 927 2926 996 sapientia.
2973 926 3041 982 Et
3076 928 3214 983 bene
3263 930 3511 985 novimus
3557 947 3749 989 omnes
3798 937 3949 1006 quia,

2363 1015 2609 1081 quamvis
2639 1015 2928 1086 periculosi
2953 1017 3062 1071 sint
3084 1033 3299 1074 errores
3327 1022 3635 1088 verborum,
3659 1024 3832 1080 multo
3855 1042 3949 1096 pe-

2363 1103 2704 1161 riculosiores
2729 1116 2853 1161 sunt
2888 1122 3101 1163 errores
3127 1124 3402 1165 sensuum.
3431 1111 3796 1179 Quamobrem
3822 1116 3949 1172 hor-

2362 1200 2543 1249 tamur
2573 1211 2669 1251 vos
2708 1197 3006 1252 litterarum
3045 1200 3222 1254 studia
3257 1216 3361 1255 non
3403 1203 3578 1257 solum
3626 1220 3733 1259 non
3777 1206 3949 1278 negli-

2361 1298 2509 1353 gere,
2534 1301 2721 1341 verum
2746 1290 2911 1344 etiam
2947 1290 3251 1345 humillima
3284 1300 3338 1347 et
3372 1293 3483 1349 Deo
3522 1294 3722 1365 placita
3765 1298 3949 1352 inten-

2361 1374 2506 1429 tione
2534 1374 2601 1430 ad
2634 1377 2737 1433 hoc
2765 1378 3013 1432 certatim
3043 1379 3269 1444 discere,
3304 1388 3363 1434 ut
3404 1379 3616 1439 facilius
3641 1392 3696 1439 et
3739 1387 3947 1442 rectius

2361 1461 2667 1519 divinarum
2697 1466 3085 1536 scripturarum
3106 1469 3363 1538 mysteria
3391 1469 3613 1527 valeatis
3632 1482 3945 1542 penetrare.

2360 1550 2495 1607 Cum
2525 1564 2707 1611 autem
2738 1558 2790 1611 in
2823 1558 2995 1613 sacris
3018 1558 3231 1629 paginis
3255 1559 3541 1626 schemata,
3575 1565 3717 1633 trapi
3754 1574 3812 1619 et
3836 1582 3949 1622 ca:-

2361 1649 2479 1696 tera
2508 1643 2593 1699 his
2628 1646 2824 1701 similia
2879 1648 3081 1703 inserta
3128 1649 3485 1717 inveniantur,
3527 1651 3659 1708 nulli
3708 1654 3942 1710 dubium

2288 1740 2334 1800 Β
2359 1738 2444 1787 est
2467 1734 2611 1802 quod
2632 1750 2697 1790 ea
2720 1738 3085 1808 unusquisque
3110 1739 3292 1810 legens
3324 1750 3474 1797 tanto
3501 1741 3657 1798 citius
3676 1743 3942 1814 spiritua-

2361 1822 2490 1877 liter
2514 1824 2783 1897 intelligit,
2808 1835 3009 1897 quanto
3028 1828 3180 1899 prius
3206 1830 3259 1884 in
3286 1829 3591 1886 litterarum
3623 1833 3937 1902 magisterio

2358 1913 2571 1983 plenius
2616 1917 2914 1975 instructus
2957 1919 3140 1976 fuerit.
3194 1920 3353 1978 Tales
3399 1938 3530 1978 vero
3566 1922 3636 1977 ad
3668 1923 3765 1978 hoc
3797 1939 3935 1994 opus

2358 2006 2460 2061 viri
2510 2008 2793 2080 eligantur,
2835 2013 2927 2081 qui
2964 2019 3019 2067 et
3055 2012 3389 2067 voluntatem
3433 2022 3489 2069 et
3526 2013 3940 2084 possibilitatem

2356 2096 2617 2166 discendi,
2648 2108 2704 2155 et
2736 2101 3059 2156 desiderium
3093 2101 3327 2157 habeant
3361 2102 3499 2157 alios
3527 2102 3851 2157 instruendi.
3876 2100 3949 2154 Et

2356 2188 2461 2243 hoc
2490 2198 2698 2244 tantum
2728 2206 2789 2245 ea
2822 2191 3118 2245 intentione
3168 2197 3375 2259 agatur,
3431 2205 3537 2258 qua
3584 2190 3883 2244 devotione
3916 2205 3948 2243 a

2355 2283 2511 2339 nobis
2533 2283 2858 2353 przecipitur.
2891 2281 3149 2351 Optamus
3175 2280 3318 2335 enim
3340 2294 3455 2345 vos,
3484 2282 3623 2335 sicut
3650 2281 3808 2336 decet
3834 2281 3951 2336 Eo-

2354 2372 2529 2427 clesize
2564 2371 2776 2437 milites,
2812 2378 2869 2425 et
2906 2370 3133 2425 interius
3158 2369 3403 2434 devotos,
3444 2379 3499 2424 et
3532 2370 3774 2424 exterius
3803 2370 3943 2426 doc-

2352 2470 2455 2528 tos,
2482 2469 2765 2531 castosque
2787 2462 2923 2517 bene
2942 2461 3190 2524 vivendo,
3217 2468 3277 2515 et
3308 2460 3662 2516 scholasticos
3685 2460 3824 2514 bene
3861 2460 3944 2515 lo-

2350 2554 2559 2623 quendo
2587 2570 2600 2606 :
2630 2560 2690 2607 ut
2716 2552 3022 2622 quicunque
3044 2567 3144 2608 vos
3169 2559 3394 2622 propter
3416 2565 3610 2606 nomen
3641 2550 3860 2606 Domini
3885 2558 3941 2606 et

2349 2649 2550 2697 sanctae
2564 2643 2990 2698 conversationis
3010 2641 3348 2697 nobilitatem
3373 2642 3441 2697 ad
3462 2641 3753 2696 videndum
3770 2656 3939 2713 cxpe-

2346 2730 2515 2798 tierit,
2544 2733 2685 2787 sicut
2727 2733 2794 2788 de
2837 2740 3057 2804 aSpectu
3094 2740 3278 2788 vestro
3326 2733 3623 2788 aediﬁcatur
3654 2733 3820 2798 visus,
3856 2734 3933 2788 ita

2350 2834 2564 2891 quoque
2589 2821 2657 2876 de
2703 2822 2968 2893 sapientia
3009 2830 3212 2886 vestra,
3243 2836 3407 2891 quam
3454 2821 3509 2876 in
3554 2821 3778 2891 legendo
3832 2836 3934 2877 seu

2349 2913 2617 2970 eantando
2644 2914 2964 2984 perceperit,
2996 2913 3311 2976 instructus,
3333 2912 3686 2983 omnipotenti
3705 2912 3936 2969 Domino

2351 3005 2556 3074 gratias
2577 3005 2783 3073 agendo
2802 3005 3042 3076 gaudens
3065 3005 3271 3060 redeat.
3288 3004 3456 3074 liuius
3479 3006 3660 3076 itaque
3687 3007 3931 3077 epistola:

2350 3095 2678 3164 exemplaria
2721 3096 2789 3149 ad
2819 3110 3006 3153 omnes
3030 3095 3058 3135 ι»
3094 3095 3448 3167 suifragantes
3490 3104 3719 3168 tuosque
3749 3099 3932 3169 coepi-

2346 3198 2569 3254 scopos,
2594 3193 2647 3237 et
2684 3199 2783 3253 per
2813 3185 3066 3239 universa
3107 3186 3435 3242 monasteria
3482 3187 3645 3258 dirigi
3676 3204 3783 3243 non
3832 3201 3931 3243 ne-

2345 3273 2535 3344 gligas,
2573 3274 2618 3327 si
2655 3273 2887 3343 gratiam
2916 3280 3159 3329 nostram
3212 3274 3413 3331 habere
3459 3276 3540 3332 vis
3577 3293 3592 3330 :
3638 3284 3694 3333 et
3744 3275 3930 3334 nullus

2345 3361 2639 3417 monachus
2660 3360 2792 3415 foris
2819 3363 3146 3417 monasterio
3162 3360 3451 3432 iudiciaria
3471 3374 3672 3432 teneat,
3700 3381 3803 3423 nec
3828 3382 3927 3439 per

2344 3449 2536 3504 mallos
2562 3458 2619 3505 et
2641 3450 2852 3520 publica
2881 3450 3315 3523 placita-pergat.
3352 3454 3565 3526 Legens
3587 3456 3785 3515 valeat.

2885 3541 3218 3601 EPISTOLA
3245 3543 3314 3599 IV
3341 3554 3414 3605 ο..

2932 3628 2999 3666 AD
3028 3628 3333 3669 SUBJECTOS.

2377 3698 2456 3754 De
2482 3697 2799 3755 Homiliario
2828 3699 3266 3843 Paul(iADiaco7nsis,
3291 3705 3535 3844 subnaclti
3565 3704 3883 3764 Cannensis.

2980 3811 2996 3823 .
3028 3786 3135 3825 nno
3271 3813 3284 3826 .

2980 3786 3135 3825 anno
3163 3786 3284 3826 Ἰδδ.

2710 3861 2824 3922 (Ex
2852 3860 3037 3912 Mabill.
3059 3861 3241 3912 Vetera
3264 3863 3552 3924 Analecta.)

2415 3940 2640 3997 Carolus
2666 3941 2763 3996 Dei
2791 3940 2962 3998 fretus
2985 3943 3186 3999 auxilio
3212 3958 3309 3998 rex
3335 3944 3667 4003 Francorum
3698 3959 3754 4004 et
3781 3949 3924 4006 Lor»

2342 4075 2444 4139 rio,
2469 4089 2577 4157 quo
2599 4072 2874 4134 ferebatur
2885 4076 3141 4160 Carolus,
3153 4092 3261 4160 quo
3278 4077 3490 4160 litterae,
3512 4084 3921 4160 praesertiqu

2342 4159 2530 4207 sacrae,
2558 4148 2613 4198 in
2655 4161 2829 4215 regno
2862 4160 2960 4201 suo
3002 4148 3054 4201 vi
3090 4156 3263 4214 erent,
3291 4148 3406 4220 lege
3438 4148 3760 4207 monachum
3786 4148 3898 4209 san

2342 4213 2647 4268 Gallensem
2685 4215 2778 4270 lib.
2813 4232 2849 4271 ι,
2884 4231 3004 4271 can.
3129 4217 3255 4271 Haec
3295 4234 3362 4271 ex
3386 4219 3549 4271 Pagio
3575 4221 3643 4271 ad
3678 4239 3768 4271 an.
3795 4222 3898 4271 787

2685 4213 2778 4270 lib.
2813 4232 2849 4280 ι,
2884 4231 3004 4286 cap.
3046 4213 3097 4271 9.
3129 4217 3255 4273 Haec
3295 4213 3369 4273 ei
3386 4219 3549 4290 Pagio
3575 4221 3644 4276 ad
3678 4239 3768 4278 an.
3795 4222 3920 4291 787,

2415 4352 2443 4392 ι)
2488 4351 2649 4433 Nptat
2689 4351 3007 4433 Sirmondus
3034 4354 3123 4410 hic
3162 4357 3729 4433 scrutariiioscitantia
3771 4377 3921 4433 quae-

670 4417 834 4502 blpes
845 4413 1165 4498 'eruperant,
1189 4427 1254 4502 ut
1267 4417 1732 4502 publicazlpenitus
1748 4416 2243 4502 evanuerintscho-
2270 4413 2323 4474 D
2347 4420 2469 4502 dam
2497 4422 2825 4502 obrepuisse,
2858 4438 2977 4502 qua:
2997 4427 3200 4502 mutari
3227 4413 3531 4502 oportebat,
3540 4413 3919 4502 3111336517:-

669 4485 756 4551 lae,
787 4495 841 4541 et
863 4485 1048 4544 curam
1086 4489 1416 4557 privatarum
1433 4485 1511 4557 ad
1543 4485 1895 4557 eruditionem
1923 4485 2240 4557 clericorum

671 4558 1042 4626 inrepiscopiis
1071 4554 1335 4626 gesserint
1363 4554 1618 4626 episcopi,
1648 4561 1707 4606 ut
1738 4554 1959 4626 abbates
1988 4554 2038 4608 in
2063 4570 2244 4611 como-

671 4622 877 4678 biis’ad
901 4622 1283 4683 monachorum
1324 4623 1755 4678 instructionem.
1785 4622 1931 4678 Unde
1955 4626 2128 4678 studia
2151 4627 2244 4682 de-

670 4690 993 4764 litescebant
1021 4695 1077 4751 in
1100 4693 1229 4750 solis
1265 4692 1661 4763 episcopiorum
1690 4695 2243 4764 monasteriorumque

670 4760 939 4834 claustris.
973 4763 1077 4819 Sed
1107 4765 1233 4834 quia
1277 4760 1404 4817 tunc
1431 4760 1642 4834 quoque
1672 4779 1749 4834 ea:
1783 4763 2125 4833 languebant,
2149 4760 2243 4822 eas

671 4831 898 4905 pristino
943 4830 1211 4905 splendori
1259 4830 1797 4905 restituere’Carolus
1825 4830 1987 4889 etiam
2026 4838 2237 4905 sategit,

634 4912 635 4915 ‘
671 4903 892 4959 directis
918 4904 1180 4976 episwlis,
1214 4905 1281 4959 de
1315 4904 1511 4976 quibus
1542 4918 1722 4974 supra.
1758 4904 2100 4976 Verumcum
2133 4903 2242 4973 pri-

671 4982 917 5044 vatarum
950 4973 1339 5044 hujuscemodi
1370 4973 1675 5029 scholarum
1706 4973 1884 5029 aditus
1913 4974 2064 5028 laicis
2106 4976 2243 5029 liber

670 5042 776 5117 non
803 5054 964 5117 esset,
991 5042 1215 5102 Carolus
1244 5045 1485 5117 p-:_blic_as
1508 5044 1758 5117 instituit,
1784 5052 1838 5097 et
1866 5045 1920 5101 in
1954 5045 2069 5117 ipso
2095 5044 2242 5117 regio

670 5115 1024 5197 palatioalias
1066 5114 1261 5197 erexit;
1294 5114 1796 5197 Regisﬁcxeinplum
1841 5114 2023 5196 Statim
2050 5114 2240 5194 _secuti

669 5183 794 5240 Sunt
831 5187 1054 5242 abbates
1087 5195 1141 5242 et
1165 5183 1421 5255 episcopi.
1456 5183 1689 5255 Publicze
1712 5198 1809 5252 per
1826 5183 2114 5255 episcopis,
2146 5197 2242 5252 per

670 5259 997 5313 monasteria
1027 5273 1149 5311 mox
1178 5253 1523 5324 strepuerunt
1547 5254 1761 5315 scholae,
1792 5253 1917 5324 aliae
1934 5253 2237 5324 coenobiis,

669 5324 788 5381 alia:
831 5326 1180 5384 saecularibus
1211 5321 1498 5382 edocemlis
1546 5325 1842 5378 destinatae.
1877 5322 2027 5375 Tunc
2072 5321 2242 5375 Bene-

670 5396 878 5463 dictini,
906 5399 997 5468 qui
1022 5413 1053 5451 a
1077 5398 1159 5468 sui
1189 5395 1421 5468 instituti
1447 5392 1755 5468 primordiis
1780 5391 1987 5468 litteras
2012 5388 2238 5468 professi

670 5478 815 5538 sunt,
842 5459 1056 5523 scholas
1086 5466 1205 5538 illas
1227 5459 1464 5538 duplicis
1481 5459 1701 5538 generis
1727 5460 1778 5512 in
1798 5459 2237 5538 _suis_m_onaste-

669 5534 767 5589 riis
796 5525 996 5591 habere
1031 5536 1248 5589 volucre
1274 5525 1382 5588 {de
1406 5525 1600 5601 quibus
1624 5528 1880 5601 legendus
1912 5525 2240 5601 T_ritbe_mius

673 5601 725 5653 in
764 5605 1021 5673 chronico
1046 5596 1440 5673 ilirsangicnsi,
1456 5601 1548 5655 ubi
1580 5609 1634 5654 et
1662 5596 1903 5654 c’mnobia
1929 5596 2240 5673 benedicti-

674 5684 739 5722 ua
769 5672 1067 5726 litterarum
1100 5667 1268 5727 cultu'
1284 5672 1574 5727 celebriora
1597 5676 1892 5725 emtmcrat.
1928 5669 2000 5724 De
2033 5667 2239 5725 deside-

2345 4492 2669 4559 tropolitano
2693 4494 3027 4555 conveniant,
3063 4510 3168 4550 non
3209 4492 3411 4553 abbati.

2413 4572 2435 4600 ο
2469 4561 2761 4631 Epistolam
2790 4563 2930 4634 hanc
2969 4564 3142 4619 visum
3183 4574 3267 4621 est
3302 4570 3495 4634 edere,
3524 4578 3733 4634 utpote
3766 4568 3914 4622 lectu

2341 4630 2576 4701 dignam,
2605 4633 2937 4708 etnonnulla
2962 4635 3346 4708 continentem,
3376 4630 3494 4708 quae
3514 4630 3818 4708 multorum,
3844 4645 3907 4708 ut

2378 4701 3020 4772 uto,_notitiam_fugiunt.
3053 4705 3168 4758 Etsi
3195 4701 3341 4761 enim
3361 4701 3480 4764 cum
3509 4706 3651 4762 Pauli
3680 4704 3909 4759 Diaconi

2391 4770 2654 4845 omiliario
2682 4770 2822 4837 typis
2849 4770 2992 4845 edita
3018 4781 3101 4826 est
3129 4774 3299 4845 §pirm
3325 4780 3465 4845 apud
3490 4777 3705 4832 Petrum
3730 4773 3917 4829 Drach

2335 4838 2614 4924 tentasse.
2654 4852 2799 4924 9999
2825 4839 3089 4924 .2.5§2._a
3125 4838 3374 4924 βδιοηίεέ
3412 4849 3553 4924 apud
3584 4845 3927 4924 Μαιιιιαξιιιιι

2339 4906 2635 4981 Chalinum
2651 4920 2792 4958 anno
2819 4906 2972 4969 1557,
3008 4915 3181 4981 tamen
3208 4910 3332 4974 quia
3360 4906 3596 4981 rariores
3614 4922 3753 4981 sunt
3779 4911 3920 4981 ejus-

2338 4976 2480 5029 modi
2510 4974 2792 5039 editiones,
2833 4988 3025 5040 operm,
3047 4975 3277 5041 pretium
3319 4977 3625 5031 existimavi
3651 4981 3742 5034 hic
3771 4974 3919 5037 recu-

2340 5045 2466 5099 dere
2487 5042 2782 5111 pretiosum
2814 5042 2955 5111 istud
2982 5043 3319 5110 antiquitatis
3345 5056 3782 5104 monumentum.
3812 5051 3911 5107 Ho-

2337 5110 2628 5185 miliarium
2659 5111 2760 5185 hoc
2788 5111 2855 5185 ab
2882 5110 3123 5185 A_l_cu_ino_
3134 5111 3450 5185 adornatum
3479 5113 3743 5185 elimavit,
3776 5135 3841 5177 ac
3860 5123 3912 5177 in

2339 5183 2444 5239 duo
2477 5179 2750 5232 volumina
2779 5179 3051 5234 distribuit
3090 5179 3288 5237 Paulus
3324 5183 3593 5240 Diaconos
3620 5179 3913 5246 Monachus

2337 5248 2663 5313 Casinensis,
2686 5249 2764 5323 uti
2790 5246 3015 5323 Carolus
3042 5251 3096 5304 in
3126 5250 3232 5323 ﬁne
3254 5254 3498 5323 epistola:
3523 5263 3773 5314 testatur.
3797 5259 3910 5316 Huc

2338 5325 2581 5387 spectare
2619 5319 2941 5393 crediderim
2968 5318 3216 5393 Ansegisi
3244 5318 3455 5379 abbatis
3484 5323 3909 5385 Fontanellensis

2337 5394 2737 5472 testamentum,
2786 5388 3018 5472 legantis
3066 5388 3393 5472 monasterio
3425 5410 3524 5472 suo
3557 5395 3906 5472 Collectatgeos

2337 5458 2468 5512 duos
2493 5473 2649 5528 super
2672 5460 2797 5512 anni
2824 5458 3039 5526 circulo,
3069 5460 3227 5517 Pauli
3248 5463 3472 5520 Diaconi
3495 5464 3758 5521 uolumina
3780 5467 3904 5525 duo.

2338 5529 2731 5605 lnsertaznsunt
2772 5531 3230 5605 tamen_bomiliae
3272 5536 3516 5604 qumdam
3564 5551 3596 5590 a
3638 5538 3901 5605 posteris,

2337 5598 2529 5676 nempe
2556 5597 2735 5676 Herici
2776 5600 3023 5676 monachi
3048 5597 3549 5676 Antissiodorensis,
3581 5597 3738 5676 quem
3768 5622 3882 5663 mor

2342 5681 2435 5727 tuo
2464 5668 2626 5726 Paulo
2659 5668 2905 5726 ﬂoruisse
2938 5681 3177 5741 «instat,
3217 5684 3474 5748 regnante
3501 5668 3692 5733 Carolo
3720 5676 3903 5732 Calvo.
