4074 6148
161 276 270 335 ΒΕΊ

1620 268 1999 324 EPISTOLtE.

3353 273 3388 328 8
3392 274 3463 330 1'8

160 389 566 460 gobardorum,
617 401 680 439 ac
726 391 984 455 patricius
1025 381 1386 436 Romanorum
1409 420 1424 445 ,
1470 377 1740 447 religiosis
1774 385 1818 438 Α
1846 378 2059 434 mittere
2072 383 2391 447 studuimus,
2405 388 2458 436 et
2472 394 2568 453 per
2590 377 3447 450 tedulcissimisfiliabusnostris,

163 481 463 537 lectoribus
507 485 707 533 nostrae
745 475 938 531 ditioni
967 473 1243 543 subjectis.
1275 471 1408 526 Cum
1435 486 1536 525 nos
1563 470 1766 525 divina‘

163 582 385 639 semper
431 568 576 623 domi
622 567 842 635 orisque
890 564 1180 619 clementia
1227 562 1341 616 sive
1396 564 1451 615 in
1486 560 1750 616 bellorum

162 657 473 720 eventibus,
501 656 618 711 sine
646 657 702 709 in
726 655 877 724 pacis
909 653 1299 722 tranquillitate
1327 650 1614 714 custodiat,
1646 647 1750 703 etsi

162 745 464 815 quidquam
490 745 785 814 rependere
813 742 929 811 ejus
955 741 1231 796 beneﬁciis
1256 741 1492 796 tenuitas
1516 740 1750 793 humana

166 851 278 892 non
294 836 577 906 praevalet;
599 843 778 889 tamen
794 834 916 902 quia
937 841 1018 886 est
1033 832 1422 887 inaestimabilis
1445 831 1753 886 misericor-

162 927 274 982 dia:
288 928 432 982 Deus
446 938 646 993 noster,
677 926 893 980 devotas
912 938 1023 978 suae
1039 923 1286 978 servituti
1307 923 1536 992 benigne
1561 936 1752 990 appro-

160 1018 263 1072 bat
276 1017 601 1073 voluntates.
628 1016 794 1086 Igitur
819 1012 947 1081 quia
965 1028 1108 1067 cura:
1132 1012 1288 1067 nobis
1309 1019 1391 1065 est
1415 1018 1474 1064 ut
1493 1009 1752 1065 ecclesia-

162 1121 291 1161 rum
326 1112 632 1160 nostrarum
659 1104 726 1158 ad
755 1100 976 1156 meliora
1016 1114 1230 1170 semper
1265 1098 1512 1169 proficiat
1540 1106 1748 1165 status,

160 1195 529 1249 oblitteratam
542 1206 675 1263 pene
688 1190 952 1261 majorum
964 1199 1272 1246 nostrorum
1283 1190 1485 1246 desidia
1500 1202 1753 1248 reparare

157 1283 409 1354 vigilanti
437 1284 612 1338 studio
638 1283 941 1336 litterarum
966 1282 1263 1352 satagimus
1286 1279 1579 1347 ofﬁcinam,
1605 1287 1664 1333 et
1684 1281 1752 1334 ad

158 1375 531 1448 pernoscenda
567 1392 845 1431 sacrorum
887 1375 1149 1431 librorum
1171 1374 1302 1447 [Αι.,
1329 1375 1635 1430 liberalium
1664 1388 1753 1426 ar-

163 1465 325 1539 tium]
354 1467 528 1521 studia
558 1474 743 1520 nostro
770 1465 934 1520 etiam
965 1480 1101 1535 quos
1124 1479 1415 1534 possumus
1458 1463 1753 1517 invitamus

161 1560 430 1630 exemplo.
459 1560 605 1614 Inter
633 1574 752 1628 quae
778 1556 1101 1627 jampridem
1134 1558 1416 1611 universos
1456 1555 1658 1610 veteris
1685 1570 1752 1609 ac

161 1649 290 1704 novi
321 1648 654 1703 Testamenti
691 1646 858 1702 libros
896 1647 1240 1701 librariorum
1268 1645 1536 1714 imperitia
1565 1645 1754 1713 (lepra-

1850 470 1934 524 vel
1953 474 2162 529 caeteris
2183 474 2426 530 fidelibus
2445 474 2650 529 nostris
2671 482 2849 528 tecum
2872 475 3237 529 manentibus.
3264 474 3446 530 Scien-

1851 564 1959 612 tem
1987 567 2039 613 te
2066 564 2209 616 enim
2247 562 2473 619 facimus
2499 564 2628 634 quia
2667 565 2872 633 gratias
2919 564 3032 617 Deo
3060 563 3174 616 sani
3213 571 3268 618 et
3305 565 3439 621 salvi

1850 660 2054 701 sumus.
2084 648 2276 705 Missus
2302 654 2519 721 quidem
2548 652 2728 706 dilecti
2761 653 2857 706 ﬁlii
2888 651 3062 706 nostri
3090 642 3310 721 Pippini‘
3332 668 3433 707 no-

1849 735 1995 789 mine
2023 737 2100 789 ιιΙ.
2133 738 2289 793 nobis
2319 740 2589 794 nuntiavit
2626 739 2691 794 de
2731 738 2848 807 ejus
2877 739 3109 794 sanitate
3133 754 3199 795 ac
3248 740 3434 794 domui

1850 825 2153 894 apostolici,
2180 827 2268 879 vel
2300 829 2366 881 de
2394 828 2691 883 salvatione
2719 828 3011 883 confinium
3041 837 3351 884 nostrorum
3378 828 3440 883 il-

1851 916 1918 970 lis
1950 915 2193 985 partibus
2215 917 2549 984 positorum;
2580 918 2722 971 unde
2749 917 2904 970 valde
2937 917 3193 973 laetificati
3221 919 3435 973 exstiti-

1852 1019 1991 1059 mus.
2034 1003 2102 1057 Et
2142 1004 2361 1073 insuper
2400 1005 2585 1060 retulit
2629 1005 2785 1059 nobis
2827 1004 3058 1072 qualiter
3100 1007 3203 1061 illa:
3242 1022 3430 1074 scane,

1852 1110 1984 1165 quas
2002 1094 2152 1163 prius
2175 1094 2242 1148 de
2264 1094 2413 1148 Italia
2428 1092 2691 1160 jussimus
2712 1105 2936 1162 pergere
2954 1094 3200 1161 partibus
3222 1094 3433 1151 Avarim

1852 1186 1908 1239 in
1934 1185 2010 1239 ill.
2041 1182 2274 1240 confinia
2314 1182 2692 1247 residendum,
2734 1191 3093 1250 perrexerunt
3133 1183 3271 1238 infra
3299 1184 3436 1241 fines

1852 1275 2089 1344 ipsorum
2132 1273 2340 1329 decimo
2384 1272 2652 1327 Kalendas
2699 1270 3051 1339 Septembris,
3097 1280 3153 1326 et
3199 1273 3438 1328 inierunt

1852 1379 2086 1435 pugnam
2114 1379 2239 1418 cum
2266 1363 2383 1417 eis:
2420 1370 2476 1415 et
2512 1361 2659 1416 dedit
2694 1360 2775 1414 eis
2803 1361 2945 1414 Deus
2971 1361 3312 1430 omnipotens
3339 1377 3438 1433 pro

1854 1470 1951 1509 sua
1979 1454 2347 1510 misericordia
2375 1452 2677 1517 victoriam,
2705 1459 2762 1505 et
2788 1451 3185 1507 multitudinem
3214 1453 3279 1508 de
3307 1454 3443 1523 ipsis

1854 1545 2045 1600 Avaris
2072 1545 2476 1609 interfecerunt,
2511 1543 2565 1597 in
2607 1550 2849 1608 tantum,
2881 1550 2941 1597 ut
2968 1543 3183 1609 dicunt,
3208 1546 3352 1613 quod
3381 1544 3436 1599 in

1855 1635 2041 1690 multis
2065 1636 2254 1690 diebus
2278 1635 2449 1703 major
2475 1642 2685 1704 strages
2705 1634 2770 1689 de
2791 1634 2922 1702 ipsis
2947 1632 3140 1688 Avaris
3163 1632 3303 1690 facta
3327 1651 3436 1691 non

161 1747 340 1805 vatos,
361 1740 474 1794 Deo
496 1752 593 1791 nos
614 1736 668 1789 in
687 1736 938 1791 omnibus
962 1734 1268 1802 adjuvante,
1282 1733 1609 1787 examussim
1631 1748 1751 1787 cor-
1781 1727 1827 1786 Β
1854 1726 1977 1782 fuit.
1998 1728 2066 1781 Et
2091 1728 2525 1797 exspoliaverunt
2541 1727 2716 1796 ipsum
2739 1725 2957 1790 vallum,
2976 1733 3031 1779 et
3055 1728 3310 1782 sederunt
3330 1729 3435 1783 ibi-

157 1829 428 1884 reximus.
444 1825 669 1880 Accensi
686 1831 945 1893 praeterea
964 1822 1281 1876 veneranda:
1295 1821 1565 1875 memorizn
1578 1819 1751 1889 Pippi-

154 1920 227 1973 ni‘
240 1916 506 1988 genitoris
520 1915 689 1969 nostri
710 1913 987 1982 exemplis,
1001 1914 1094 1982 qui
1115 1920 1256 1967 totas
1266 1911 1561 1966 Galliarum
1581 1911 1752 1966 eccle-

159 2012 276 2067 sias
306 2025 403 2064 suo
431 2008 610 2064 studio
640 2008 894 2062 Romana:
921 2006 1225 2061 traditionis
1249 2004 1500 2060 cantibus
1528 2004 1750 2059 decora-

158 2103 272 2168 vit;
301 2116 401 2156 nos
425 2099 777 2155 nihilominus
817 2098 1001 2154 solerti
1041 2099 1257 2152 easdem
1277 2111 1530 2151 curamus
1550 2095 1749 2149 intuitu

138 2194 552 2266 prtecipuarum
581 2191 842 2260 insignire
863 2191 1003 2245 serie
1026 2191 1338 2245 lectionum.
1362 2189 1748 2259 Denique'quia

158 2286 228 2341 ad
255 2283 576 2339 nocturnale
603 2277 841 2338 ofticiufh
871 2282 1189 2352 compilatas
1211 2283 1568 2352 quorumdam
1590 2296 1747 2337 casso

157 2372 368 2437 labore,
399 2371 525 2425 licet
568 2378 716 2426 recto
750 2370 970 2437 intuitu,
1012 2371 1192 2425 minus
1230 2378 1414 2425 tamen
1450 2371 1641 2426 idonee
1670 2383 1750 2425 re—

155 2462 402 2534 perimus
447 2461 748 2515 lectiones:
789 2462 984 2531 quippe
1035 2478 1156 2532 quze
1207 2470 1262 2517 et
1305 2463 1423 2518 sine
1464 2472 1750 2519 auctorum

158 2554 444 2617 vocabulis
472 2560 654 2609 essent
681 2554 890 2623 positae,
914 2562 966 2608 et
1000 2554 1225 2609 inﬁnitis
1253 2555 1509 2610 vitiorum
1539 2555 1752 2611 anfrac-

159 2646 314 2701 tibus
362 2652 670 2710 scaterent;
720 2659 830 2702 non
862 2658 1048 2698 sumus
1075 2645 1221 2713 passi
1248 2645 1452 2699 nostris
1480 2646 1669 2700 diebus
1694 2645 1751 2700 in

163 2736 371 2793 divinis
396 2735 718 2791 lectionibus
745 2750 1023 2791 sacrorum
1051 2735 1355 2790 ofﬁciorum
1389 2736 1751 2791 inconsonan-

162 2836 252 2882 tes
276 2833 617 2896 perstrepere
642 2825 998 2891 soloecismos,
1040 2832 1204 2894 atque
1229 2826 1537 2880 earumdem
1567 2826 1754 2881 lectio-

162 2930 300 2972 num
329 2914 386 2968 in
420 2914 613 2969 melius
656 2914 953 2969 reformare
986 2915 1280 2982 tramitem,
1311 2922 1550 2969 mentem
1582 2917 1754 2972 inten-

1855 1817 1976 1871 dem
1998 1816 2112 1885 ipsa
2137 1826 2314 1883 nocte,
2337 1816 2422 1870 vel
2447 1816 2501 1870 in
2540 1815 2795 1882 crastina,
2827 1829 2997 1884 usque
3025 1816 3158 1870 hora
3190 1817 3295 1872 diei
3334 1825 3439 1872 ter-

1854 1905 1950 1960 tia.
1983 1906 2049 1960 Et
2078 1907 2313 1975 acceptis
2353 1907 2540 1976 spoliis
2569 1906 2772 1960 reversi
2798 1915 2923 1960 sunt
2951 1907 3005 1961 in
3034 1921 3194 1977 pace;
3228 1916 3283 1962 et
3311 1923 3438 1965 cen-

1850 2006 1967 2053 tum
1995 1999 2386 2070 quinquaginta
2425 2002 2491 2055 de
2524 2000 2657 2068 ipsis
2680 1999 2876 2055 Avaris
2910 2001 3059 2056 vivos
3089 2004 3439 2072 comprehen-

1851 2089 2084 2156 derunt,
2132 2106 2269 2159 quos
2321 2099 2732 2145 reservaverunt
2782 2099 2842 2145 ut
2895 2101 3083 2147 nostra
3132 2093 3225 2148 fiat
3263 2094 3438 2164 jussio

1851 2180 2084 2249 qualiter
2112 2181 2307 2235 exinde
2330 2194 2494 2250 agere
2514 2182 2761 2236 debeant.
2787 2182 2998 2238 Fideles
3026 2185 3122 2239 Dei
3151 2201 3216 2241 ac
3245 2188 3436 2254 nostri,

1850 2271 1941 2341 qui
1970 2272 2073 2326 hoc
2101 2280 2347 2342 egerunt,
2379 2271 2592 2326 fuerunt
2622 2273 2711 2326 ille
2739 2273 3042 2344 episcopus,
3075 2276 3165 2330 ille
3190 2278 3319 2344 dux,
3348 2278 3439 2333 ille

1850 2363 2016 2435 etille
2033 2364 2280 2419 comites.
2294 2363 2373 2419 ΙΙΙ.
2398 2364 2501 2419 dux
2526 2365 2592 2419 de
2611 2364 2836 2430 Histria,
2853 2366 3127 2421 utdictum
3147 2376 3231 2422 est
3256 2369 3435 2435 nobis,

1850 2454 2052 2510 ibidem
2094 2455 2231 2510 bene
2272 2454 2403 2511 fecit
2440 2471 2563 2511 curn
2600 2457 2713 2512 suis
2753 2458 3081 2514 hominibus.
3113 2461 3268 2516 Vassi
3306 2476 3437 2519 vero

1852 2548 2027 2603 nostri
2057 2547 2276 2603 fuerunt
2301 2549 2399 2603 illi.
2432 2548 2541 2604 Nos
2567 2558 2747 2605 autem
2772 2550 3002 2606 Domino
3029 2552 3316 2622 adjuvante
3335 2555 3437 2610 tri-

1851 2638 1954 2692 bus
1989 2637 2181 2692 diebus
2221 2638 2463 2693 litaniam
2492 2639 2740 2705 fecimus,
2773 2641 2826 2696 id
2853 2649 2957 2705 est,
2992 2640 3159 2699 Nonis
3193 2643 3441 2715 Septem-

1851 2730 1985 2795 bris,
2016 2731 2161 2799 quod
2196 2729 2298 2785 fuit
2323 2731 2491 2786 Lunis
2529 2733 2634 2799 die,
2678 2734 3014 2803 incipientes,
3057 2744 3113 2791 et
3142 2737 3349 2805 Martis,
3381 2747 3437 2794 et

1853 2818 2130 2885 Mcreoris,
2172 2820 2273 2875 Dei
2324 2821 2748 2876 misericordiam
2795 2824 3145 2893 deprecantes
3184 2836 3245 2882 ut
3283 2830 3441 2885 nobis

1851 2923 2043 2978 pacem
2083 2918 2139 2963 et
2173 2910 2460 2965 sanitatem
2500 2919 2664 2981 atque
2699 2912 2984 2968 victoriam
3028 2923 3081 2970 et
3116 2930 3437 2986 prosperum

156 3005 380 3061 dimus:
416 3004 575 3073 idque
611 3018 747 3073 opus
795 3003 961 3057 Paulo
1001 3004 1238 3059 Diacono
1274 3003 1528 3059 familiari
1566 3016 1752 3062 nostro
1792 3069 1821 3073 _
1854 3001 1960 3055 ilel'
2007 3002 2243 3057 tribuere
2280 3003 2551 3073 dignetur.
2593 3012 2646 3058 et
2681 3012 2743 3059 ut
2779 3005 2835 3060 in
2864 3021 2959 3061 sua
2988 3007 3355 3065 misericordia
3386 3019 3441 3067 et

154 3069 873 3163 elimandum—injunximus,
914 3094 1120 3150 scilicet
1155 3102 1216 3153 ut
1243 3096 1482 3151 studiose
1507 3107 1532 3136 ε
1554 3097 1744 3152 catho-
1777 3069 1823 3132 (ἶ
1851 3091 2054 3161 pietate
2098 3094 2256 3149 nobis
2294 3069 2509 3164 adjutor
2549 3102 2605 3149 et
2637 3096 3149 3168 consiliator'atque
3188 3099 3441 3157 defensor

157 3185 391 3241 licorum
418 3184 639 3239 Patrum
669 3185 813 3241 dicta
842 3200 1194 3255 percurrens,
1232 3187 1397 3242 veluti
1425 3187 1746 3243 florentissi-

154 3275 265 3330 mis
291 3288 478 3330 eorum
499 3276 668 3345 pratis
694 3284 873 3332 certos
901 3291 1145 3347 quosque
1164 3277 1415 3336 ﬂosculos
1442 3280 1668 3351 legeret,
1694 3288 1749 3336 et

155 3365 217 3421 in
247 3382 414 3421 unum
449 3382 674 3437 quaeque
701 3376 883 3424 essent
904 3369 1076 3436 utilia,
1100 3371 1257 3440 quasi
1286 3380 1490 3426 sertum
1511 3379 1744 3441 aptaret.

156 3456 264 3523 Qui
285 3464 484 3512 nostra:
504 3458 694 3512 celsitu
702 3459 811 3513 dini
833 3461 1023 3516 devote
1039 3476 1233 3531 parere
1257 3463 1587 3529 desiderans,
1611 3470 1749 3517 trac-

156 3555 306 3603 tatus
351 3557 513 3617 atque
548 3562 826 3604 sermones
868 3558 922 3603 et
966 3551 1226 3607 homelias
1280 3553 1613 3608 diversorum
1662 3568 1748 3607 ca-

158 3636 488 3692 tholicorum
531 3637 750 3691 Patrum
795 3639 1106 3709 perlegens,
1166 3648 1221 3694 et
1265 3644 1468 3710 optima
1517 3656 1745 3711 qumque

159 3728 478 3796 decerpens,
516 3727 573 3781 in
618 3729 825 3785 duobus
866 3731 1224 3787 voluminibus
1263 3746 1360 3801 per
1397 3734 1566 3788 totius
1613 3735 1743 3790 anni

161 3818 431 3874 circulum
470 3828 831 3890 congruentes
871 3821 1066 3890 cuique
1094 3822 1371 3877 festivitati
1401 3825 1654 3880 distincte
1692 3834 1747 3880 et

161 3913 371 3980 absque
388 3910 534 3966 vitiis
552 3912 709 3967 nobis
726 3913 921 3967 obtulit
944 3913 1220 3969 lectiones.
1244 3916 1482 3982 Quarum
1502 3919 1745 3974 omnium

162 4008 375 4056 textum
403 4009 590 4057 nostra
615 4003 910 4072 sagacitate
937 4005 1342 4073 perpendentes,
1375 4015 1560 4061 nostra
1581 4009 1746 4064 etiam

160 4092 486 4149 auctoritate
530 4094 717 4149 eadem
763 4096 1246 4162 constabilivimus,
1287 4107 1586 4169 vestraeque
1626 4103 1746 4157 reli-

161 4185 310 4253 gioni
336 4185 394 4240 in
418 4183 619 4239 Christi
646 4185 903 4241 Ecclesiis
930 4187 1193 4242 tradimus
1218 4189 1287 4244 ad
1306 4189 1612 4260 legendum.

234 4274 432 4330 Paulus
461 4275 747 4331 Diaconus.
1008 4278 1199 4334 Carole
1224 4281 1495 4351 princeps,

236 4364 399 4420 Utere
424 4362 549 4419 felix
1012 4366 1189 4438 Atque
1214 4378 1397 4441 togate

240 4454 458 4510 Munere
484 4457 683 4512 Christi
1004 4458 1226 4516 Arbiter
1251 4464 1421 4528 orbis,

235 4543 484 4600 Pluribus
508 4547 683 4613 annis,
998 4549 1426 4622 Dardanidreque

233 4639 474 4710 Luxque,
507 4640 775 4712 decusque

236 4728 423 4800 Magne
443 4739 660 4788 tuorum

729 4823 1067 4880 EPISTOLA
1114 4826 1178 4882 V.

402 4972 405 4975 _
603 4929 674 4968 ΔΙ)
696 4929 1011 4970 FASTRADAI
1038 4931 1292 4974 REGINAI.

447 5002 522 5059 De
550 5004 768 5059 victoria
793 5006 1038 5071 Auarica,
1063 5008 1196 5062 etde
1227 5007 1472 5065 Litaniis.

779 5094 956 5166 (Anno
986 5095 1136 5167 792.)

601 5183 694 5244 [Ex
720 5184 869 5235 Mansi
902 5185 1047 5236 Coac.
1072 5186 1301 5252 Collect.)

239 5262 465 5337 Carolus
511 5264 682 5333 gratia
723 5266 818 5320 Dei
844 5281 943 5322 rex
988 5267 1320 5324 Francorum
1348 5280 1404 5325 et
1439 5272 1755 5342 Langobar-

168 5362 364 5416 dorum
417 5369 481 5410 ac
535 5353 795 5423 patricius
839 5357 1206 5413 Romanorum
1257 5361 1468 5427 dilecta:
1496 5363 1654 5417 nobis
1698 5370 1754 5417 et

172 5445 324 5503 valde
351 5443 570 5500 amabili
597 5442 815 5513 coniugi
842 5455 1042 5501 nostra:
1068 5447 1341 5502 Fastrada:
1366 5450 1590 5521 reginae.

241 5535 484 5592 Salutem
521 5531 807 5588 amabilem
844 5536 943 5589 tibi
972 5537 1029 5588 in
1059 5537 1287 5593 Domino
1315 5540 1544 5606 per'hos
1573 5540 1753 5613 apices

995 4641 1179 4698 Gloria
1207 4647 1404 4716 gentis.

1847 3181 1904 3236 in
1936 3183 2186 3238 omnibus
2236 3185 2502 3253 angustiis
2542 3186 2747 3240 nostris
2783 3186 3002 3242 existat.
3047 3189 3113 3243 Et
3146 3204 3178 3244 a
3217 3191 3343 3245 vino
3382 3199 3441 3247 et

1850 3288 2017 3329 carne
2064 3274 2453 3329 ordinaverunt
2506 3277 2816 3332 sacerdotes
2860 3280 3054 3344 nostri,
3098 3281 3189 3350 qui
3218 3290 3442 3352 propter

1851 3362 2220 3417 infirmitatem
2277 3371 2371 3418 aut
2421 3367 2823 3422 senectudinem
2882 3376 2976 3423 aut
3023 3367 3435 3437 juventudinem

1848 3454 2121 3508 abstinere
2140 3462 2409 3523 poterant,
2439 3464 2501 3511 ut
2527 3458 2911 3514 abstinuissent
2936 3476 2949 3513 :
2981 3468 3035 3514 et
3057 3461 3148 3531 qui
3171 3463 3442 3519 redimere

1847 3544 2106 3600 voluisset
2159 3547 2301 3616 quod
2346 3547 2532 3603 vinum
2577 3549 2850 3604 licentiam
2897 3551 3173 3606 habuisset
3219 3554 3443 3612 bibendi

1849 3636 1982 3705 ipsis
2009 3638 2185 3694 tribus
2229 3638 2450 3705 diebus,
2500 3640 2725 3696 ditiores
2751 3650 2805 3695 et
2840 3645 3173 3711 potentiores
3197 3646 3446 3705 homines

1850 3728 1904 3782 in
1930 3744 2251 3800 unaquaque
2294 3732 2382 3787 die
2426 3732 2657 3788 solidum
2703 3750 2868 3789 unum
2909 3737 3213 3804 dedissent,
3263 3741 3445 3797 minus

1847 3828 2098 3890 potentes
2137 3821 2292 3891 juxta
2330 3823 2743 3891 possibilitatem
2790 3826 3049 3894 ipsorum,
3096 3838 3151 3883 et
3197 3829 3290 3901 qui
3321 3846 3442 3887 am-

1848 3913 1992 3981 plius
2019 3914 2148 3967 dare
2170 3928 2277 3967 non
2300 3922 2531 3983 poterat,
2561 3923 2616 3969 et
2647 3917 2833 3972 vinum
2859 3919 3044 3974 bibere
3079 3922 3306 3986 volebat,
3337 3923 3445 3977 sal—

1851 4009 1959 4055 tem
1981 4002 2063 4054 vel
2081 4019 2246 4057 unum
2273 4004 2552 4058 denarium
2584 4006 2856 4072 donasset,
2885 4009 3281 4082 eleemosynam
3309 4024 3441 4067 vero

1851 4092 2223 4160 unusquisque
2264 4096 2557 4149 secundum
2603 4100 2874 4165 propriam
2915 4110 3078 4172 atque
3107 4104 3300 4158 bonam
3345 4118 3446 4159 vo-

1850 4181 2114 4235 luntatem
2139 4182 2222 4235 vel
2238 4182 2396 4251 juxta
2420 4185 2831 4252 possibilitatem
2856 4188 3088 4252 fecisset.
3109 4193 3175 4247 Et
3192 4194 3443 4249 sacerdos

1850 4273 2221 4343 unusquisque
2242 4284 2463 4329 missam
2496 4277 2783 4346 specialem
2809 4279 3046 4348 fecisset,
3076 4284 3181 4339 nisi
3213 4284 3443 4341 inﬁmi-

1852 4371 1936 4419 tas
1959 4364 2299 4434 impedisset;
2329 4372 2385 4419 et
2408 4365 2590 4424 clerici
2613 4368 2702 4438 qui
2728 4371 2966 4440 psalmos
2989 4374 3252 4441 sciebant,
3283 4391 3446 4449 unus-

1849 4457 2079 4527 quisque
2121 4457 2516 4527 quinquaginta
2551 4469 2825 4518 cantasset
2874 4481 2888 4518 :
2930 4473 2985 4519 et
3029 4466 3248 4521 interim
3299 4448 3453 4538 quod.

1787 4585 1793 4594 -
1848 4550 1995 4620 ipsas
2021 4550 2237 4605 litanias
2261 4550 2548 4617 faciebant,
2587 4554 2897 4612 disealceati
2931 4558 3321 4621 ambulassem.
3350 4560 3444 4617 Sic
3490 4606 3495 4612 .

1849 4640 2327 4695 consideraverunt
2356 4644 2664 4700 sacerdotes
2696 4648 2891 4714 nostri,
2924 4657 2979 4703 et
3005 4664 3106 4704 nos
3138 4666 3331 4709 omnes
3362 4653 3438 4708 ita

1850 4729 2279 4801 aptificavimus,
2327 4741 2381 4785 et
2427 4732 2655 4791 Domino
2697 4737 2988 4808 adjuvante
3029 4743 3439 4810 complevimus,

1854 4819 2008 4876 Unde
2032 4820 2282 4876 volumus
2306 4829 2367 4877 ut
2389 4831 2446 4878 tu
2471 4840 2594 4880 cum
2626 4827 2701 4882 ill.
2730 4837 2785 4882 et
2807 4828 2883 4883 ill.
2912 4829 2994 4881 vel
3029 4832 3244 4885 caeteris
3270 4833 3443 4886 fideli—

1856 4911 1959 4966 bus
1982 4911 2182 4967 nostris
2212 4914 2554 4969 considerare
2592 4917 2787 4974 debeas
2814 4916 3042 4986 qualiter
3068 4914 3197 4980 ipsa:
3241 4916 3444 4987 litanias

1858 5001 2056 5057 ibidem
2086 5001 2242 5059 facta:
2276 5004 2426 5058 fiant.
2457 5005 2535 5060 Tu
2579 5016 2759 5063 autem
2787 5005 2941 5073 juxta
2986 5000 3129 5065 Quod
3161 5006 3256 5055 tua
3299 5004 3448 5059 infir-

1857 5092 2020 5148 mitas
2043 5094 2309 5162 permittit
2333 5095 2391 5148 in
2425 5103 2520 5149 tuo
2548 5094 2938 5153 committimus
2967 5085 3218 5141 arbitrio.
3252 5090 3325 5146 Et
3352 5094 3449 5148 mi-

1859 5197 1977 5236 rum
2008 5182 2163 5236 nobis
2189 5180 2289 5236 fuit
2314 5185 2441 5253 quia
2471 5191 2648 5239 vester
2674 5184 2867 5238 missus
2890 5184 2989 5224 nec
3023 5171 3451 5244 ερῑςιοιειροει-

1858 5288 2021 5342 quam
2071 5275 2137 5331 de
2179 5275 2608 5348 Ragenisburgo,
2652 5274 2720 5328 ad
2772 5278 2873 5321 nos
2920 5272 3025 5348 ιξοη
3071 5259 3241 5348 "alii-
3293 5263 3452 5321 Unde

1857 5366 2104 5422 volumus
2127 5376 2188 5423 ut
2211 5345 2408 5439 sacpius
2440 5362 2597 5418 nobis
2628 5364 2695 5417 de
2718 5368 2810 5413 tua
2838 5345 3069 5439 sanitate
3092 5345 3179 5396 vel
3204 5347 3271 5399 de
3300 5351 3470 5439 aliud.
3502 5401 3506 5404 ἠ

1855 5457 1998 5526 quod
2022 5431 2612 5525 placuerit'signiflcare
2646 5446 2847 5500 debeas
2875 5449 2893 5487 :
2921 5431 3227 5496 iterumque
3252 5434 3436 5492 saluta

1855 5563 1978 5604 mus
2002 5555 2055 5600 te
2087 5549 2313 5603 multum
2341 5543 2394 5594 in
2421 5532 2671 5591 Domino.

245 5691 270 5718 ⁸
300 5676 409 5744 AL,
441 5681 697 5727 tractatus
721 5683 874 5728 atoue
894 5688 1154 5727 sermmws
1179 5674 1498 5739 diversorum
1526 5679 1897 5738 catholicorum
1929 5682 2163 5735 Patrum.
