4074 6148
629 303 733 361 899

1183 396 1517 465 EPISTOLA
1550 406 1635 463 vr.

722 522 790 561 AD
815 517 1113 559 BUPANDUI
1137 517 1206 556 ΕΤ
1236 514 1495 556 CETEROS
1527 510 1804 552 EPISCOPOS
1829 506 2110 548 ΗΙΒΡΑΝΙΞ.

627 596 700 650 In
729 611 833 667 qua
860 594 1018 648 trium
1044 593 1200 646 etiam
1237 590 1563 661 superiorum
1594 585 1887 639 libellorum
1915 582 1976 652 ﬁt
2001 580 2209 634 mentio.

1252 700 1428 772 (Anno
1454 698 1603 767 794.)

1063 813 1158 875 [Ex
1185 812 1339 862 Μειοεί
1362 810 1542 863 Concil.
1569 806 1688 860 Coll.
1714 806 1782 868 7.]

706 937 733 966 ι
767 921 992 979 Carolus
1017 919 1190 990 gratia
1227 916 1323 971 Dei
1346 929 1441 969 rex
1466 910 1799 967 Francorum
1823 914 1881 964 et
1904 906 2217 975 Longohar-

637 1017 848 1079 dorum,
891 1026 958 1067 ac
991 1008 1252 1080 patricius
1292 1006 1680 1065 Romanorum,
1714 1000 1855 1055 ﬁlius
1878 1006 1937 1051 et
1972 995 2222 1051 defensor

633 1112 838 1164 sanctae
856 1101 953 1155 Dei
977 1097 1250 1159 Ecclesiae,
1278 1094 1540 1161 Elipando
1557 1091 1827 1145 Toletanze
1850 1085 2088 1142 civitatis
2111 1098 2223 1138 me-

639 1194 985 1263 tropolitano,
1013 1198 1070 1243 et
1112 1186 1323 1242 exteris
1357 1184 1411 1238 in
1445 1183 1690 1252 partibus
1729 1179 2000 1248 Hispania:
2037 1191 2223 1232 consa-

639 1283 949 1339 eerdotibus
969 1279 1283 1335 orthodoxae
1310 1276 1433 1331 ﬁdei
1453 1282 1509 1328 et
1541 1272 1793 1327 fraterna:
1824 1268 2133 1331 charitatis,
2167 1266 2222 1320 in

640 1373 857 1430 Christo
884 1372 979 1427 Dei
1005 1369 1142 1425 Filio
1168 1367 1391 1440 proprio
1424 1372 1479 1419 et
1502 1378 1630 1419 vero
1654 1371 1903 1432 optamus
1934 1359 2182 1414 salutem.

711 1464 919 1522 Gaudet
942 1463 1117 1532 pietas
1137 1459 1444 1516 Christiana
1472 1457 1667 1512 divinas
1693 1454 1901 1509 scilicet
1925 1460 2089 1520 atque
2122 1448 2226 1503 fra-

640 1565 811 1610 terna:
852 1567 952 1623 per
991 1553 1099 1606 lata
1144 1558 1409 1604 terrarum
1452 1546 1626 1616 spatia
1660 1545 1901 1614 duplices
1937 1540 2225 1597 charitatis

641 1646 756 1701 alas
778 1644 1093 1710 extendere,
1120 1649 1183 1696 ut
1217 1647 1463 1694 materno
1486 1638 1666 1692 foveat
1687 1634 1882 1690 affectu
1907 1648 2044 1702 quos
2069 1647 2225 1686 sacro

1496 292 1556 352 Β.
1596 278 1847 351 cAsoLI
1883 272 2097 344 MAG-Nl
2134 272 2284 341 opp.
2327 272 2504 334 rans
2541 266 2605 334 ιι.
2648 258 2890 332 δεετιο
2926 256 2968 329 l.

2238 397 2286 459 Α
2312 392 2435 447 dam
2469 404 2590 446 esse
2617 391 2965 446 censuimus:
3004 385 3158 442 valde
3189 385 3579 449 desiderantes,
3617 382 3935 452 Deumque

3806 242 3931 324 ,ὼ

2311 495 2380 536 ex
2404 482 2597 536 intimo
2619 480 2797 535 cordis
2820 477 3013 532 allecto
3038 476 3405 546 deprecantes,
3431 482 3702 543 quatenus
3728 474 3798 529 in
3827 487 3934 529 ve-

2314 588 2388 627 ne
2414 572 2535 625 ﬁdei
2564 571 2833 624 soliditate
2860 568 3086 622 ﬁrmiter
3104 567 3355 636 utrinque
3378 578 3838 635 permaneamus,
3869 572 3933 622 et

2316 663 2459 718 inter
2495 661 2810 729 ﬂuctivagos
2838 658 2997 727 hujus
3033 657 3214 713 szeculi
3244 664 3429 722 aestus,
3467 654 3675 725 Spiritu
3712 666 3931 712 sancto

2316 752 2591 822 navigium
2615 750 2779 804 vestri
2801 749 2953 821 [Ms.,
2984 748 3175 802 nostri.
3215 746 3316 819 Η.]
3342 760 3535 801 cursus
3564 752 3824 816 regente,
3853 747 3932 802 ad

2316 852 2531 913 portum
2556 850 2825 912 perpetua
2842 840 3243 910 tranquillitatis
3265 839 3549 908 pervenire
3573 853 3926 893 mercamur;

2320 932 2404 987 Ad
2457 933 2597 988 hanc
2633 939 2813 986 autem
2866 929 3311 998 tranquillitatem
3358 928 3675 997 capiendam
3718 928 3931 983 oculus

2322 1023 2500 1078 cordis
2532 1022 2636 1077 ﬁde
2670 1021 3039 1091 puriﬁeandus
3078 1026 3181 1082 est,
3227 1026 3284 1073 et
3326 1018 3561 1074 assiduis
3596 1028 3930 1075 sanctarum

2321 1114 2625 1168 orationum
2647 1113 2897 1182 precibus
2923 1111 3118 1165 mentis
3144 1110 3291 1165 acies
3315 1109 3653 1175 illustranda,
3675 1117 3736 1164 ut
3765 1125 3933 1180 pura

2322 1206 2568 1261 veritatis
2592 1206 2777 1260 lumen
2803 1203 2951 1259 omni
2977 1217 3221 1257 errorum
3248 1202 3391 1256 nube
3416 1203 3639 1270 expulsa
3665 1208 3933 1258 contento~

2321 1297 2458 1365 piari
2492 1297 2687 1361 valeat,
2714 1311 2783 1350 ne
2809 1295 2863 1350 in
2888 1295 3170 1364 opiniones
3199 1292 3375 1346 noxia:
3408 1291 3665 1347 falsitatis
3689 1290 3934 1347 temeri-

2325 1393 2409 1440 tas
2447 1386 2749 1440 inordinata
2791 1384 3062 1439 incautius
3095 1381 3402 1453 gradientes
3432 1383 3752 1451 przecipitet.
3806 1379 3931 1434 Nec

2324 1477 2503 1546 pigeat
2525 1477 2887 1531 Christianum
2920 1475 3012 1529 ubi
3050 1472 3261 1529 hmsitet
3285 1488 3555 1542 quat-rere;
3586 1487 3686 1528 nec
3707 1473 3932 1542 pudeat

2327 1566 2418 1619 ubi
2445 1566 2652 1620 nesciat
2686 1566 2930 1619 discere:
2959 1562 3213 1632 quoniam
3239 1560 3326 1630 pia
3360 1560 3625 1615 humilitas
3659 1560 3929 1614 discendi

2292 1657 2298 1661 ’
2328 1654 2607 1723 sapientia:
2642 1656 2811 1709 intrat
2853 1660 3096 1715 secreta;
3142 1659 3199 1706 et
3230 1650 3423 1704 melius
3461 1656 3545 1703 est
3579 1648 3929 1717 discipulum

644 1742 908 1808 semet“
938 1736 1283 1803 halmsma‘e‘
1312 1730 1379 1783 E‘
1402 1727 1637 1781 Win”
1673 1733 1758 1779 ⁸⁵⁸
1789 1731 1989 1779 smmi"
2034 1720 2226 1775 mauis
2257 1737 2303 1797 Β
2329 1720 2449 1797 esse
2473 1744 2740 1808 veritatis,
2777 1759 2939 1812 quam
2965 1743 3238 1797 doctorem
3268 1740 3501 1793 existere
3523 1738 3781 1792 falsitatis.
3811 1736 3926 1790 llle

648 1826 905 1882 Ecclesiae
950 1821 1260 1885 exsultatio,
1307 1832 1531 1873 suorum
1572 1815 1829 1870 adunatio
1868 1812 2123 1876 ﬁliorum,-
2166 1818 2229 1864 ut

648 1918 760 1972 sint
782 1913 1137 1972 wnsummati
1163 1912 1223 1966 in
1244 1924 1430 1974 unum,
1458 1907 1550 1977 qui
1575 1904 1838 1973 redempti
1863 1911 1989 1958 sunt
2008 1905 2078 1959 ab
2096 1917 2221 1965 uno,

648 2012 864 2068 dicente
915 2010 1106 2065 eodem
1164 2005 1520 2072 Redemptore
1578 1999 1805 2054 Domino
1860 2005 2049 2052 nostro
2100 1995 2227 2052 Jesu

646 2102 864 2159 Christo
891 2119 906 2156 :
936 2099 1100 2154 Pater
1127 2106 1325 2161 sancte,
1354 2110 1499 2149 serva
1523 2109 1611 2146 eos
1631 2092 1688 2144 in
1722 2090 1939 2144 nomine
1959 2097 2070 2153 tuo,
2097 2105 2227 2158 quas

650 2192 841 2248 dedisti
866 2191 1015 2256 mihi,
1055 2197 1112 2242 ut
1138 2201 1319 2243 omnes
1344 2199 1507 2238 unum
1539 2183 1664 2244 sint,
1693 2180 1826 2233 sicut
1858 2186 1908 2231 et
1946 2193 2040 2230 nos
2066 2185 2228 2230 unum

646 2299 829 2340 sumus
860 2281 1043 2352 (Joau.
1076 2276 1229 2348 xvii).
1268 2275 1422 2332 Unde
1446 2280 1503 2327 et
1533 2273 1587 2327 in
1626 2271 1849 2327 Cantieo
1894 2267 2229 2323 canticorum

648 2375 716 2431 de
748 2380 935 2429 sancta
971 2370 1171 2426 dicitur
1208 2366 1490 2423 Ecclesia:
1531 2360 1798 2417 Terribilis
1826 2369 1894 2419 ut
1938 2369 2230 2413 castrorum

540 2500 553 2523 κ
646 2465 785 2519 acies
812 2463 1058 2518 ordinata
1095 2459 1272 2532 (Cant:
1312 2458 1410 2526 vi).
1448 2454 1758 2522 Coustipata
1791 2453 2061 2507 exercitus
2089 2452 2232 2506 ordi-

645 2554 817 2618 natio,
852 2560 909 2607 et
932 2550 1204 2606 unanimis
1222 2547 1540 2603 bellatorum
1564 2542 1842 2606 fortitudo,
1872 2556 2068 2612 magno
2094 2540 2231 2595 solet

649 2642 901 2698 hostibus
925 2652 1046 2693 esse
1070 2636 1261 2692 terrori
1292 2651 1307 2688 :
1337 2634 1417 2690 sic
1440 2632 1672 2687 ﬁliorum
1697 2639 1898 2685 sanan:
1923 2629 2115 2684 matris
2136 2627 2233 2682 Ec-

650 2728 831 2785 clesia:
850 2728 993 2782 intra
1018 2741 1233 2781 murum
1257 2722 1536 2779 catholicae
1559 2720 1682 2775 ﬁdei
1706 2719 1929 2789 paciﬁca
1953 2718 2226 2780 adunatio,

650 2818 825 2874 aereis
847 2815 1207 2886 potestatibus
1237 2813 1462 2867 nimium
1487 2819 1698 2866 constat
1727 2810 2004 2874 terribilis,
2024 2816 2078 2861 et
2103 2807 2232 2876 igni-

651 2911 724 2964 tis
748 2908 999 2979 maligna:
1030 2905 1269 2977 perﬁdia:
1303 2903 1524 2973 spiculis
1562 2901 1783 2957 omnino
1809 2898 2234 2969 impenetrabilis

2325 1835 2396 1889 ad
2420 1834 2615 1888 altiora
2646 1847 2858 1903 semper
2895 1832 3228 1902 provehitur,
3258 1837 3364 1885 iste
3397 1832 3467 1885 ad
3500 1828 3745 1884 inferiora
3764 1841 3920 1881 sem-

2324 1938 2424 1994 per
2447 1925 2704 1980 dilabitur
2727 1944 2739 1978 :
2766 1933 2820 1978 et
2846 1925 2969 1978 inde
2993 1923 3247 1992 magister
3269 1920 3508 1976 efﬁcitur
3528 1918 3748 1984 erroris,
3769 1916 3925 1971 unda

2327 2017 2551 2071 auditor
2579 2017 2903 2084 contempsit
2928 2026 3047 2068 esse
3077 2011 3337 2065 veritatis;
3859 2074 3863 2078 θ

2400 2105 2552 2159 Hanc
2587 2105 2766 2173 igitur,
2806 2103 3017 2166 fratres,
3065 2099 3426 2169 perniciosam
3462 2098 3777 2151 devitantes
3812 2095 3936 2148 ela-

2330 2195 2553 2258 tionem,
2574 2202 2878 2249 sanctorum
2899 2190 3114 2242 Patrum
3138 2196 3193 2241 et
3212 2185 3599 2240 catholicorum
3627 2185 3940 2239 doctorum

2331 2288 2499 2341 sacris
2521 2286 2872 2339 inhaereamus
2896 2279 3160 2333 sensibus.
3201 2274 3484 2330 Discamus
3517 2290 3639 2344 qua:
3671 2276 3937 2343 scripse-

2329 2385 2475 2440 runt,
2500 2375 2778 2430 credamus
2796 2385 2916 2439 qua:
2940 2369 3256 2433 docuerunt,
3284 2374 3472 2421 etnon
3492 2365 3838 2420 declinemus
3858 2364 3936 2419 ad

2330 2468 2621 2529 dexteram,
2651 2474 2823 2530 neque
2852 2460 2921 2515 ad
2947 2458 3246 2523 sinistram,
3283 2456 3378 2511 sed
3401 2470 3503 2525 per
3529 2456 3673 2509 viam
3708 2455 3930 2526 regiam

2328 2559 2396 2612 ad
2420 2569 2600 2626 regem
2624 2561 2681 2608 et
2710 2551 3147 2621 Redemptorem,
3183 2550 3354 2604 Deum
3387 2553 3444 2600 et
3471 2547 3760 2601 Dominum
3801 2561 3930 2602 nos-

2328 2659 2475 2705 trum
2499 2649 2683 2704 Jcsum
2709 2646 2985 2702 Christum
3012 2644 3271 2700 concordi
3296 2642 3422 2698 ﬁdei
3446 2651 3503 2697 et
3526 2642 3775 2698 veritatis
3797 2657 3931 2698 cura

2331 2755 2518 2796 ramus
2539 2738 2894 2809 professione.
2924 2735 3092 2791 Corde
3125 2736 3263 2789 enim
3289 2732 3519 2788 creditur
3542 2732 3613 2785 ad
3636 2732 3923 2801 iustitiam,

2335 2848 2424 2886 ore
2466 2840 2641 2884 autem
2690 2827 2948 2897 confessio
2983 2825 3043 2893 ﬁt
3070 2824 3139 2879 ad
3167 2823 3386 2878 salutem
3412 2820 3588 2893 (Rom.
3622 2820 3702 2893 ι),
3727 2821 3925 2877 eodem

2336 2931 2631 2979 attestante
2698 2919 2942 2990 apostolo
2988 2935 3002 2971 :
3052 2915 3239 2971 Justus
3290 2924 3462 2969 autem
3516 2931 3580 2968 ea
3645 2913 3751 2982 ﬁde
3803 2914 3924 2968 uiuit

648 3009 847 3068 exstat,
899 3001 1041 3056 sicut
1085 3007 1141 3054 et
1182 2998 1494 3053 verissimus
1525 2997 1761 3065 gentium
1797 2994 2138 3063 praadicator,
2178 2999 2235 3084 et
2287 3083 2303 3084 ﬂ
2339 3013 2517 3084 (nam.
2548 3012 2609 3082 ηδ
2640 3009 2697 3064 Si
2715 3009 2896 3077 justus
2916 3022 2982 3062 ex
3013 3005 3117 3059 ﬁde
3141 3005 3293 3069 vim,
3333 3002 3601 3072 modo
3643 3002 3736 3072 qui
3761 3002 3923 3057 ﬁdem

649 3093 978 3150 fortissimus
1013 3089 1267 3145 Ecclesiae
1306 3088 1581 3157 praeliator
1605 3085 1868 3155 praacipit,
1906 3084 2089 3139 dicens
2118 3099 2133 3134 :
2168 3080 2236 3134 In
2264 3083 2312 3148 ο
2342 3080 2449 3157 bon
2495 3080 2657 3154 habet
2689 3107 2894 3152 meum
2938 3109 2997 3149 se
3041 3095 3226 3148 vivere
3258 3094 3538 3149 aestimat?
3586 3092 3697 3149 Nos
3728 3106 3926 3163 nempe

650 3185 890 3242 omnibus
915 3189 1237 3237 assumentes
1271 3188 1476 3232 scutum
1510 3177 1655 3246 ﬁdei,
1683 3178 1739 3231 in
1764 3193 1868 3247 quo
1891 3174 2102 3244 possitis
2128 3188 2239 3224 om-

652 3278 743 3333 nia
766 3275 871 3331 tela
897 3272 1200 3345 nequissimi
1233 3271 1400 3342 ignita
1435 3271 1762 3340 exstinguere
1798 3267 2012 3338 (Ephes.
2050 3274 2150 3336 vt),
2186 3271 2242 3317 et

653 3366 759 3423 hoc
782 3364 1042 3421 Sicculum
1074 3375 1308 3430 nequam
1335 3361 1507 3416 libero
1531 3362 1599 3416 ad
1633 3360 1873 3416 ctelestia
1907 3358 2089 3412 volatu
2115 3370 2241 3408 cva—

655 3457 804 3511 dere.
836 3452 962 3508 Sine
982 3450 1088 3520 ﬁde
1112 3451 1248 3503 enim
1275 3450 1591 3521 impossibile
1612 3460 1685 3503 est
1708 3448 1915 3519 placere
1933 3446 2042 3499 Deo
2080 3443 2237 3515 (Ηεὺ.

655 3544 758 3617 ιι).
798 3540 1133 3611 Impossibile
1165 3548 1249 3595 est
1293 3542 1438 3611 quod
1478 3542 1700 3597 omnino
1743 3538 1811 3592 ab
1860 3536 2077 3591 homine
2124 3533 2242 3586 ﬁeri

662 3649 771 3691 non
804 3639 1002 3703 potest.
1030 3630 1357 3700 Principium
1383 3639 1467 3687 est
1492 3631 1682 3685 salutis
1706 3634 1906 3682 nostra:
1932 3625 2065 3678 ﬁdes
2093 3639 2106 3674 :
2137 3636 2242 3690 qua

663 3723 1009 3786 intemerata,
1038 3729 1093 3775 et
1116 3722 1323 3792 integra
1348 3722 1580 3777 sanitate
1603 3716 1939 3778 conﬁrmata,
1969 3712 2136 3766 totius
2162 3712 2243 3765 vi-

662 3822 732 3869 ta:
757 3826 952 3868 cursus
976 3826 1075 3883 per
1097 3812 1361 3869 bonorum
1386 3810 1611 3879 vestigia
1639 3819 1859 3873 operum
1888 3802 2115 3856 feliciter
2139 3800 2246 3855 ﬁne

661 3910 821 3957 tenus
847 3902 1034 3958 currit.
1080 3900 1181 3956 Per
1214 3902 1377 3972 [idem
1417 3900 1574 3961 enim,
1622 3894 1762 3947 sicut
1811 3892 1951 3945 idem
1989 3889 2247 3960 praelatus

661 3997 851 4053 doctor
873 3995 930 4050 in
955 3995 1197 4065 Epistola
1220 3996 1287 4049 ad
1322 3992 1574 4046 Hsebreos
1598 3992 1846 4047 testatur,
1877 3999 2052 4037 omnes
2078 3983 2246 4036 sancti

660 4088 969 4160 placuerunt
992 4088 1123 4142 Deo.

729 4201 882 4256 Hanc
899 4200 1066 4271 igitur
1083 4199 1242 4254 ﬁdem
1263 4193 1639 4257 orthodoxam,
1657 4200 1713 4246 et
1730 4192 1799 4247 ab
1816 4189 2127 4260 apostolicis
2143 4196 2248 4240 tra-

658 4284 830 4347 ditam
859 4290 1192 4351 doctoribus,
1218 4291 1274 4337 et
1293 4284 1361 4337 ab
1381 4283 1671 4339 universali
1690 4289 1960 4337 servatam
1983 4277 2244 4342 Ecclesia,

658 4396 759 4436 nos
771 4395 872 4450 pro
888 4381 1087 4434 virium
1104 4383 1412 4431 nostrarum
1433 4374 1681 4442 portione
1698 4372 1896 4439 ubique
1919 4371 1976 4423 in
1994 4368 2245 4424 omnibus

656 4485 875 4527 servare
900 4478 955 4525 et
980 4466 1277 4539 praedicare
1304 4462 1623 4532 proﬁtemur
1648 4479 1662 4513 :
1687 4460 1813 4530 quia
1834 4475 1943 4514 non
1963 4459 2119 4513 estin
2137 4458 2243 4512 alia

658 4562 838 4631 aliqua
860 4561 1006 4616 salus
1026 4556 1132 4610 nisi
1153 4555 1208 4607 in
1234 4553 1346 4618 illa,
1369 4568 1531 4622 quam
1547 4552 1772 4622 paciﬁca
1792 4551 1861 4605 ab
1886 4551 2040 4605 initio
2058 4550 2247 4605 salutis

658 4661 858 4709 nostrae
882 4645 1240 4705 unanimitate
1289 4655 1505 4712 semper
1552 4642 1804 4697 servabat
1838 4641 2078 4696 Ecclesia
2108 4659 2119 4695 :
2148 4655 2249 4710 pro

659 4758 767 4811 qua
801 4741 991 4802 etiam,
1015 4734 1118 4787 viri
1144 4732 1362 4797 fratres,
1390 4742 1447 4788 et
1469 4741 1648 4788 vestra
1673 4733 1814 4788 bona
1836 4732 2068 4799 devotio,
2085 4746 2250 4802 quam

659 4845 757 4886 vos
776 4829 982 4885 habere
1009 4825 1165 4880 decet
1189 4825 1246 4879 in
1271 4824 1521 4891 Domino,
1539 4825 1619 4879 his
1641 4824 1888 4894 partibus
1917 4823 2037 4879 ﬁdei
2059 4831 2249 4877 vestrae

659 4921 870 4977 litteras
905 4916 1140 4987 dirigere
1165 4918 1416 4983 curastis,
1444 4926 1759 4987 utrumque,
1797 4926 1852 4971 et
1877 4917 2155 4986 generales
2182 4915 2250 4969 ad

658 5007 1024 5067 sacerdotales
1049 5009 1425 5065 sanctissimas
1450 5024 1630 5075 aures,
1666 5010 1734 5064 ad
1767 5020 1868 5062 nos
1892 5018 2104 5075 quoque
2129 5017 2249 5072 spe-

661 5100 845 5157 ciales.
874 5101 934 5157 ln
961 5116 1189 5170 quarum
1214 5102 1404 5173 utique
1444 5103 1585 5157 serie
1627 5102 1926 5155 litterarum
1968 5112 2075 5151 non
2112 5097 2242 5152 satis

661 5192 819 5250 nobis
850 5192 1115 5259 elucebat,
1164 5208 1232 5248 an
1276 5193 1431 5263 quasi
1474 5205 1540 5246 ex
1591 5190 1912 5244 auctoritate
1944 5186 2242 5256 magisterii

665 5300 764 5343 nos
791 5293 971 5342 vestra
996 5287 1191 5342 docere
1218 5281 1575 5353 disposuistis,
1614 5294 1682 5332 an
1716 5293 1781 5332 ex
1816 5278 2136 5332 humilitatis
2161 5277 2242 5331 di—

664 5380 931 5452 scipulatu
954 5386 1141 5436 nostra
1168 5377 1376 5433 discere
1401 5368 1734 5429 desideratis.
1761 5370 1964 5424 Tamen
1982 5370 2095 5423 sive
2116 5369 2237 5433 hoc,

666 5474 779 5528 sive
803 5474 934 5528 illud
959 5472 1156 5526 vestris
1181 5470 1383 5523 inesset
1408 5465 1622 5527 animis,
1650 5462 1962 5532 petitionem
1985 5466 2240 5525 vestram,

671 5562 929 5615 charitate
949 5560 1268 5615 Christiana:
1294 5558 1569 5628 religionis
1594 5561 1836 5624 cogente,
1862 5567 1968 5606 non
1996 5564 2248 5622 spernen-

745 5680 769 5706 ι
800 5669 877 5720 Ex
907 5667 1094 5722 eodem
1123 5670 1398 5723 Sirmondi
1424 5668 1751 5735 apographo.
1778 5666 1951 5720 “Alle

2340 3208 2448 3247 non
2474 3204 2660 3245 sumus
2691 3185 3024 3242 inﬁdelitatis
3049 3183 3145 3238 ﬁlii
3178 3183 3234 3237 in
3267 3184 3649 3253 perditionem,
3676 3182 3773 3238 sed
3797 3182 3925 3238 ﬁdei

2342 3284 2396 3337 in
2431 3279 2841 3350 acquisitionem
2883 3275 3095 3329 animae.
3146 3273 3452 3344 Sequamur
3481 3282 3791 3329 sanctorum
3816 3271 3923 3328 Pa-

2341 3385 2483 3431 trum
2518 3369 2847 3427 venerabilia
2873 3368 2929 3421 in
2954 3367 3220 3422 charitate
3252 3375 3545 3437 praecepta.
3586 3367 3752 3423 Decet
3776 3367 3921 3420 enim

2342 3472 2401 3518 ut
2427 3461 2665 3517 omnium
2690 3456 3120 3512 Christianorum
3144 3470 3251 3510 una
3286 3455 3354 3509 sit
3390 3453 3543 3521 ﬁdes,
3570 3462 3626 3509 et
3650 3469 3791 3509 unus
3814 3453 3925 3508 ani-

2343 3568 2483 3617 mus,
2511 3552 2651 3605 sicut
2675 3555 2758 3602 est
2782 3538 2949 3602 unum
2981 3546 3123 3602 ovile
3158 3554 3213 3600 et
3236 3560 3378 3601 unus
3414 3552 3620 3615 pastor:
3657 3543 3761 3611 Qui
3793 3555 3924 3598 vero

2342 3651 2497 3696 extra
2533 3638 2885 3695 ecclesiastici
2930 3637 3088 3693 ovilis
3135 3643 3286 3706 septa
3335 3636 3695 3701 invenientur,
3739 3634 3921 3705 lupina

2344 3733 2494 3787 rabie
2538 3730 2966 3793 devorabuntur,
3004 3728 3130 3798 quia
3165 3739 3353 3782 vocem
3388 3727 3516 3781 boni
3549 3726 3784 3796 pastoris
3814 3740 3921 3781 non

2344 3823 2590 3889 audiunt,
2623 3822 2717 3892 qui
2746 3829 2872 3875 ante
2903 3834 3030 3874 suas
3053 3832 3183 3874 oves
3215 3818 3546 3889 ingredietur
3574 3825 3631 3871 et
3679 3816 3918 3888 egrediec

2346 3921 2454 3979 tur,
2498 3921 2560 3968 ut
2580 3927 2694 3968 eos
2737 3912 2806 3967 ad
2829 3925 3030 3980 pascua
3054 3909 3180 3964 vitae
3204 3909 3464 3978 perducat
3487 3915 3725 3963 aeternae.
3760 3905 3921 3962 Nobis

2345 4007 2529 4075 itaque
2553 4005 2755 4060 dictum
2786 4000 3149 4072 intelligamus
3171 3999 3314 4068 quod
3339 3998 3584 4069 egregius
3608 3999 3922 4067 pnedlcator

2344 4097 2459 4151 suis
2484 4092 2816 4151 charissimis
2841 4091 2966 4147 ﬁliis
2984 4090 3329 4161 praecipiebat
3353 4090 3538 4145 dicens
3564 4088 3817 4144 :Obsecro
3833 4103 3921 4143 uos

2345 4203 2438 4257 per
2463 4201 2650 4240 nomen
2671 4182 2882 4237 Domini
2908 4182 3071 4236 nostri
3091 4180 3221 4235 Iesu
3245 4179 3459 4245 Christi,
3496 4188 3554 4233 ut
3586 4195 3749 4233 unum
3779 4179 3921 4232 dica-

2347 4279 2414 4332 tis
2441 4294 2638 4342 omnes,
2674 4286 2721 4329 et
2759 4288 2863 4329 non
2886 4274 2990 4328 sint
3016 4275 3073 4327 in
3097 4273 3236 4327 vobis
3259 4272 3542 4326 schismata
3569 4288 3588 4326 :
3613 4273 3728 4326 sitis
3750 4280 3917 4325 autem

2348 4371 2562 4441 perfecti
2592 4372 2647 4424 in
2674 4385 2775 4423 uno
2801 4385 2956 4423 sensu
2987 4377 3036 4422 et
3060 4368 3113 4421 in
3151 4366 3333 4422 eadem
3376 4366 3593 4420 scientia
3620 4365 3673 4435 (I
3708 4362 3824 4419 Cor.
3851 4363 3914 4435 ι).

2349 4462 2474 4517 Haec
2507 4461 2767 4515 habentes
2792 4458 3098 4528 apostolicae
3123 4458 3463 4512 auctoritatis
3484 4463 3763 4525 praecepta,
3789 4468 3917 4509 con-

2348 4553 2567 4608 cordate
2588 4552 2888 4607 nobiscum.
2913 4550 3196 4621 Diligimus
3217 4564 3312 4605 vos
3341 4566 3353 4602 :
3379 4549 3483 4605 hoc
3505 4547 3653 4603 vobis
3676 4546 3911 4599 volumus

2350 4645 2405 4700 in
2435 4645 2677 4709 Domino,
2707 4643 2851 4712 quod
2874 4650 2931 4695 et
2956 4642 3111 4697 nobis
3137 4659 3149 4694 :
3176 4643 3301 4711 quia
3325 4639 3556 4712 perfecta
3579 4650 3733 4706 quam
3752 4633 3906 4688 habe-

2351 4750 2473 4789 mus
2516 4734 2571 4787 in
2619 4732 2836 4787 Christo
2889 4730 3128 4784 charitas
3174 4742 3508 4799 congregare
3550 4725 3759 4798 gaudet,
3801 4736 3912 4778 non

2351 4835 2633 4893 spargere;
2685 4820 2942 4884 adunare,
2992 4833 3101 4871 non
3142 4820 3424 4880 scindere;
3458 4828 3513 4873 et
3550 4813 3913 4873 inconsutilcm

2353 4911 2645 4967 Salvatoris
2686 4909 2856 4963 nostri
2897 4909 3133 4961 tunicam
3160 4909 3422 4977 integram
3450 4920 3688 4969 servare,
3713 4923 3815 4961 non
3842 4908 3913 4963 di-

2350 5003 2531 5057 videre
2561 5018 2571 5051 :
2602 4996 2956 5069 przevidentes
2977 4997 3081 5050 hoc
3104 4995 3245 5048 idem
3270 4994 3325 5046 in
3356 5004 3491 5061 pace
3513 4988 3717 5048 Christi
3740 5003 3909 5051 custo-

2352 5093 2485 5155 dire,
2515 5090 2660 5159 quod
2684 5086 2883 5141 milites
2908 5086 2963 5139 in
2987 5084 3235 5154 passione
3264 5082 3382 5152 ejus
3405 5081 3784 5138 observabant.

2420 5181 2516 5235 His
2539 5179 2614 5233 ita
2637 5175 2950 5247 pmelibatis,
2999 5173 3195 5229 vestris
3228 5173 3283 5228 in
3328 5169 3557 5226 Domino
3599 5171 3753 5227 valde
3788 5187 3907 5229 con-

2349 5274 2643 5345 gaudemus
2665 5266 3015 5340 profectibus,
3045 5267 3120 5323 ita
3143 5275 3205 5323 ut
3233 5267 3289 5322 in
3315 5263 3571 5322 cordibus
3593 5264 3787 5320 nostris
3812 5261 3905 5320 fra-

2347 5375 2505 5422 terno
2522 5361 2788 5418 vulnerati
2814 5375 3020 5428 amore,
3047 5365 3305 5426 vestram,
3334 5369 3496 5427 quam
3518 5354 3759 5426 patimini
3781 5354 3905 5410 inter

2350 5464 2558 5530 gentes,
2594 5452 2929 5525 lacrymabili
2971 5451 3169 5524 gemitu
3213 5446 3595 5506 condoleamus
3624 5444 3901 5516 oppressio-

2351 5564 2476 5607 nem
2506 5566 2519 5602 :
2548 5546 2643 5604 sed
2669 5543 2873 5617 majore
2902 5546 3073 5603 multo
3102 5543 3323 5600 tristitia
3366 5540 3630 5611 lugemus,
3658 5538 3707 5593 si
3727 5534 3902 5608 aliquid
