4074 6148
179 287 278 343 901
298 329 303 333 .

1626 262 2007 328 ΕΡΙΒΊΟι.Ει

3365 292 3473 350 902

177 396 447 455 diabolica
469 398 654 455 fraude
682 398 909 454 interius
951 394 1314 466 oppressionis
1347 405 1444 461 per
1477 386 1761 444 mﬁdelita-
1788 387 1843 446 Δ
1864 401 1984 441 rum
2023 392 2263 449 subdolis
2301 396 2694 456 assertionibus
2734 397 3131 468 consentirem,
3160 404 3255 459 sed
3294 397 3463 475 pluri-L

178 495 293 544 tem
318 488 400 543 vel
434 489 718 559 cujuslibet
761 487 1092 544 schismatici
1138 484 1339 540 erroris
1380 480 1662 553 patiamini
1702 480 1759 534 in

178 581 455 636 cordibus.
476 582 584 636 iste
606 588 692 636 est
718 580 1008 635 continuus
1032 578 1182 635 dolor
1202 575 1511 647 pectoribus
1534 572 1755 638 nostris,

175 675 234 725 et
256 685 395 741 pene
419 672 852 728 irremedieabile
879 671 1089 735 vulnus,
1123 669 1227 723 nisi
1270 680 1366 738 per
1398 665 1515 734 ejus
1548 665 1760 719 miseri-

172 760 439 827 cordiam,
492 761 587 830 qui
632 769 788 816 sanat
836 760 1096 816 contritos
1127 759 1310 825 corde,
1339 766 1395 811 et
1423 757 1537 813 vult
1568 769 1759 810 omnes

174 850 427 908 homines
450 852 629 908 salvos
651 851 789 917 ﬁeri,
825 852 893 907 ad
916 850 1352 920 agnitionemque
1375 848 1621 903 veritatis
1641 860 1760 916 per-

172 942 382 1008 venire,
410 941 488 997 illi
517 958 615 998 nos
642 942 912 997 laetiﬁcent
935 941 1027 1011 qui
1061 942 1537 997 contristaverunt.
1568 940 1758 992 Vestra

173 1030 348 1101 igitur
373 1034 638 1088 correctio
666 1039 850 1086 nostra
892 1037 975 1085 est
1020 1030 1311 1086 hetiﬁcatio
1340 1048 1353 1084 :
1391 1029 1759 1085 desiderantes

170 1134 273 1176 vos
302 1122 480 1177 socios
505 1123 703 1177 habere
729 1121 785 1175 in
813 1120 916 1176 ﬁde
958 1121 1245 1186 catholica,
1282 1128 1337 1174 et
1373 1128 1758 1189 cooperatores

168 1210 231 1265 in
253 1214 635 1281 praedicatione
658 1211 923 1277 veritatis,
952 1219 1013 1266 ut
1036 1213 1310 1282 gaudium,
1338 1212 1483 1281 quod
1507 1210 1758 1266 Christus

1858 492 2069 537 morum
2110 486 2436 543 testimoniis
2475 491 2787 546 roboratam
2832 489 3003 545 ﬁdem
3042 491 3271 548 ﬁrmiter
3309 505 3461 551 tene-‘-

1858 586 1993 625 rem.
2030 574 2192 632 Facio
2217 580 2539 647 certissime,
2583 584 2694 639 Deo
2726 583 2967 638 Domino
3002 596 3124 637 meo
3147 583 3275 639 Jesu
3302 584 3460 642 Chri-

1858 668 1944 715 sto
1969 663 2222 733 donante,
2262 669 2452 724 horum
2496 687 2583 726 me
2621 671 2987 727 sanctissima:
3028 672 3361 727 multitudini
3401 682 3458 727 et

1856 752 2249 819 probatissima:
2268 762 2573 815 auctoritati
2598 763 2654 816 in
2680 777 2826 815 verae
2852 761 2976 815 ﬁdei
3002 761 3340 831 professione
3366 764 3458 819 ﬁr-

1859 842 2020 896 miter
2042 848 2339 914 associans,
2372 866 2469 906 nec
2494 861 2690 910 veStrze
2717 866 2807 908 me
2843 855 3105 922 paucitati
3142 856 3196 910 in
3224 869 3456 913 consen-

1859 932 2011 987 sione
2061 934 2219 1003 hujus
2244 954 2395 994 novze
2429 945 2749 999 assertionis
2786 945 2993 999 socium
3037 946 3265 1004 admitto
3304 967 3317 1002 :
3359 948 3456 1005 sed

1855 1024 2167 1092 apostolica:
2208 1029 2340 1092 sedi,
2370 1038 2425 1084 et
2467 1033 2708 1101 antiquis
2750 1033 2823 1086 ab
2857 1033 3013 1088 initio
3055 1039 3329 1093 nascentis
3354 1040 3458 1096 Ec-

1858 1114 2056 1182 clesiae,
2088 1123 2144 1170 et
2167 1119 2448 1175 catholicis
2490 1124 2871 1178 traditionibus
2912 1132 3025 1179 tota
3049 1129 3247 1183 mentis
3280 1130 3459 1186 inten-

1859 1208 2025 1272 tione,
2054 1215 2168 1263 tota
2210 1211 2390 1263 cordis
2430 1211 2712 1267 alacritate
2753 1211 3045 1283 eonjungo.
3086 1215 3356 1286 Quidquid
3400 1220 3456 1275 in

169 1304 285 1357 suis
301 1305 549 1372 promisit
567 1304 861 1373 discipulis,
899 1305 1106 1359 habitet
1133 1305 1186 1358 in
1223 1305 1398 1368 nobis,
1427 1311 1481 1356 et
1505 1304 1767 1373 gaudium
1860 1297 2075 1351 illorum
2115 1296 2314 1367 legitur
2356 1297 2527 1363 libris,
2558 1302 2652 1369 qui
2697 1301 2882 1355 divino
2908 1301 3114 1371 Spiritu
3141 1303 3325 1371 alllati,
3355 1309 3456 1363 toti

172 1402 419 1449 nostrum
447 1394 733 1465 impleatur
760 1396 813 1450 in
842 1396 1012 1453 vobis.

244 1483 325 1541 Ad
369 1485 738 1555 impletionem
773 1501 903 1541 vero
947 1487 1108 1558 hujus
1152 1489 1353 1558 gaudii,
1403 1486 1641 1543 fraterna
1675 1488 1761 1543 co-

169 1582 328 1645 gente
367 1576 652 1642 charitate,
684 1576 948 1646 jussimus
994 1586 1304 1634 sanctorum
1350 1578 1571 1633 Patrum
1607 1593 1763 1648 syno-

1859 1387 1979 1442 orbi
2012 1402 2044 1440 a
2078 1387 2189 1441 Deo
2214 1387 2432 1455 Christo
2456 1388 2567 1444 dati
2613 1399 2741 1446 sunt
2784 1392 3053 1457 doctores,
3091 1394 3458 1453 indubitanter

1864 1486 2063 1534 teneo:
2094 1479 2200 1534 hoc
2238 1481 2308 1534 ad
2348 1480 2578 1535 salutem
2633 1483 2829 1537 anima:
2879 1499 3015 1539 mem
3057 1484 3304 1542 suﬂicere
3339 1503 3459 1544 cre-

1863 1570 2015 1635 dens,
2044 1570 2187 1639 quod
2223 1571 2605 1628 sacratissima:
2638 1574 2964 1644 evangelica:
2990 1576 3235 1632 veritatis
3266 1580 3458 1648 pandit

170 1664 289 1720 dale
333 1679 402 1721 ex
444 1666 698 1722 omnibus
744 1667 984 1737 undique
1028 1677 1230 1722 nostra:
1253 1669 1475 1723 ditionis
1500 1668 1758 1723 Ecclesiis
1792 1730 1826 1737 _
1862 1659 2109 1725 historia,
2137 1662 2282 1731 quod
2322 1663 2619 1731 apostolica
2663 1664 2718 1716 in
2744 1665 2858 1719 suis
2883 1666 3128 1734 epistolis
3167 1668 3455 1725 conﬁrmat

166 1757 488 1826 congregari
514 1755 825 1822 concilium,
855 1765 1124 1825 quatenus
1151 1765 1339 1811 sancta
1363 1758 1604 1811 omnium
1629 1772 1754 1811 una-

1861 1730 2176 1816 auctoritas,
2204 1754 2346 1821 quod
2362 1730 2556 1808 eximii
2594 1769 2763 1809 sacrm
2790 1730 3086 1825 Scriptum
3110 1744 3448 1827 tractatores,

167 1844 439 1899 nimitatis
465 1844 699 1899 ﬁrmiter
722 1847 1057 1912 decerneret,
1087 1847 1218 1915 quid
1242 1848 1569 1902 credendum
1596 1848 1668 1902 sit
1693 1849 1757 1903 de

165 1935 460 2004 adoptione
485 1935 667 1990 carnis
691 1935 914 2002 Christi,
945 1952 1105 2006 quam
1133 1951 1306 2007 nuper
1331 1936 1489 1991 novis
1510 1939 1758 1993 assertios

168 2024 336 2082 nibus
383 2035 440 2081 et
487 2035 691 2082 sancta:
734 2029 830 2083 Dei
878 2030 1167 2083 universali
1217 2030 1473 2084 Ecclesiae
1519 2030 1759 2100 antiquis

170 2118 507 2187 temporibus
533 2120 808 2186 inauditis,
839 2136 935 2175 vos
963 2135 1029 2174 ex
1055 2121 1250 2176 vestris
1275 2121 1494 2189 scriptis
1512 2122 1759 2176 intulisse

167 2211 539 2281 cognovimus.
567 2213 678 2267 lmo
704 2221 758 2267 et
778 2214 847 2268 ad
872 2214 1243 2269 beatissimum
1273 2214 1585 2283 apostolica:
1614 2214 1759 2269 sedis

167 2305 502 2375 pontiﬁcem,
529 2306 595 2361 de
618 2308 719 2362 bac
744 2322 882 2362 nova
911 2306 1248 2372 inventione,
1284 2315 1485 2362 nostra:
1511 2307 1757 2362 devotioa

167 2398 257 2453 nis
283 2404 365 2450 ter
390 2403 691 2464 quaterque
716 2397 1012 2452 direximus
1039 2398 1235 2452 missos
1262 2416 1275 2451 :
1309 2398 1448 2452 scire
1478 2398 1758 2467 cupientes

169 2489 302 2559 quid
325 2495 515 2542 sancta
539 2487 780 2542 Romana
804 2488 1065 2555 Ecclesia,
1090 2490 1402 2559 apostolicis
1425 2491 1615 2545 edocta
1642 2498 1756 2543 traa

169 2578 498 2643 ditionibus,
527 2577 593 2633 de
617 2579 720 2633 hac
743 2581 1069 2647 respondere
1100 2580 1359 2636 voluisset
1383 2581 1753 2651 inquisitione;

168 2666 281 2723 Nec
306 2683 416 2722 non
440 2675 496 2721 et
521 2668 588 2723 de
611 2668 904 2723 Britannia:
928 2670 1172 2739 partibus
1198 2672 1407 2741 aliquos
1432 2673 1761 2727 ecclesiasti-

169 2773 249 2813 cae
295 2757 593 2827 disciplinae
633 2757 781 2813 viros
824 2761 1261 2827 convocavimus,
1292 2769 1349 2816 ut
1375 2775 1442 2816 ex
1468 2762 1759 2817 multorum

165 2847 415 2917 diligenti
459 2848 893 2903 consideratione
939 2851 1139 2906 veritas
1185 2853 1466 2908 catholica:
1512 2853 1636 2908 ﬁdei
1683 2852 1760 2907 in-

167 2938 533 3009 vestigaretur
553 2979 568 3004 ,
628 2948 685 2995 et
733 2942 1132 3010 probatissimis
1177 2952 1485 3000 sanctorum
1536 2945 1758 3001 Patrtln

165 3027 299 3083 hinc
341 3028 466 3083 inde
511 3029 769 3085 roborata
812 3031 1137 3087 testimoniis
1170 3034 1374 3104 absque
1407 3035 1513 3089 ulla
1545 3036 1757 3090 dubita-

164 3117 314 3172 tione
366 3125 632 3173 teneatur.
674 3120 881 3176 Idcirco
922 3123 1076 3177 vobis
1114 3138 1210 3193 per
1257 3126 1499 3196 singulos
1547 3126 1755 3181 libellos

164 3205 401 3278 dirigere
440 3211 751 3267 curavimus
797 3212 928 3282 quid
972 3216 1352 3282 praedictorum
1397 3216 1617 3272 Palmm
1663 3218 1755 3287 pia

162 3300 517 3366 unanimitas,
546 3309 601 3355 et
641 3303 867 3372 paciﬁca
892 3308 1271 3373 perscrutatio,
1308 3309 1631 3378 auctoritate
1665 3320 1756 3363 ec-

164 3388 468 3446 clesiastica
499 3393 790 3460 inveniret,
814 3396 1112 3462 statuisset,
1146 3397 1514 3455 conﬁrmaret.

236 3479 420 3536 Primo
434 3482 565 3551 quid
579 3484 827 3538 dominus
848 3483 998 3555 [Ms.,
1017 3487 1266 3543 domnus.
1291 3488 1386 3562 (1.]
1402 3491 1751 3560 apostolicus,

161 3588 291 3628 eum
339 3581 528 3628 sancta
571 3573 816 3628 Romana
857 3575 1118 3644 Ecclesia,
1165 3589 1222 3633 et
1266 3581 1533 3650 episcopis
1562 3582 1671 3636 illis
1696 3582 1751 3636 in

162 3664 414 3735 partibus
445 3678 878 3733 quaquaversum
919 3672 1397 3737 commorantibns,
1434 3681 1491 3726 et
1521 3674 1751 3728 catholi-

162 3756 247 3812 cis
282 3756 597 3811 doctoribus
638 3758 884 3825 sentiret,
920 3761 1021 3815 sub
1046 3761 1205 3816 unius
1239 3762 1407 3818 libelli
1432 3772 1619 3819 tenore
1642 3774 1752 3819 stas

164 3848 398 3902 tuimus.

240 3939 445 3994 Deinde
481 3940 719 3993 secundo
764 3938 904 4005 loco,
931 3941 1061 4010 quid
1102 3936 1454 3999 ecclesiastici
1505 3946 1753 4000 doctores

161 4040 222 4087 et
245 4030 558 4085 sacerdotes
580 4029 929 4084 ecclesiarum
965 4028 1169 4084 Christi
1192 4033 1257 4085 de
1279 4034 1755 4101 propinquioribus

160 4121 331 4179 italiae
369 4119 649 4189 partibus,
691 4134 816 4175 cum
860 4117 1023 4174 Petro
1069 4118 1449 4175 Mediolanensi
1488 4122 1754 4191 archiepi-

164 4214 352 4281 scopo’
384 4216 442 4264 ⁸³
472 4209 702 4265 Paulino
739 4207 1172 4279 Fm'ojlllimensi
1218 4210 1302 4264 vel
1351 4210 1754 4280 Aquileianensi

162 4301 490 4374 patriarcha,
515 4300 649 4356 viris
670 4301 725 4357 in
743 4297 975 4354 Domino
986 4297 1142 4352 valde
1163 4300 1578 4364 venerabilibus,
1598 4300 1753 4354 intel-

1861 1847 1919 1894 et
1956 1841 2212 1909 praecipui
2240 1841 2563 1899 Christiana:
2592 1844 2717 1899 ﬁdei
2737 1846 3002 1910 doctores,
3037 1848 3106 1902 ad
3136 1858 3453 1918 perpetuam

1861 1930 2097 1998 posteris
2136 1931 2395 2002 scriptum
2431 1934 2770 2003 reliquerunt
2808 1939 3145 1993 memoriam.
3191 1939 3325 1995 Cum
3368 1942 3459 1998 his

1861 2033 2080 2088 quoque
2123 2021 2462 2086 doctoribus,
2508 2031 2563 2077 et
2599 2032 2800 2079 sancta:
2841 2025 3096 2082 Ecclesia:
3118 2030 3453 2097 pastoribus,

1861 2125 2045 2166 veram
2069 2113 2305 2181 pnedico
2330 2113 2511 2180 ﬁdem,
2538 2131 2675 2186 quos
2712 2118 2765 2172 in
2790 2121 3044 2187 praesenti
3071 2129 3316 2191 tempore
3362 2123 3456 2179 ille

1861 2203 2017 2258 nobis
2051 2205 2198 2260 dedit
2230 2206 2535 2271 luminaria,
2572 2210 2667 2277 qui
2694 2209 2865 2265 dixit:
2896 2212 3034 2267 Ecce
3071 2230 3171 2284 ego
3189 2215 3454 2271 vobiscum

1857 2309 1977 2347 sum
2014 2296 2255 2350 omnibus
2290 2297 2470 2352 diebus
2509 2313 2671 2369 usque
2711 2300 2782 2353 ad
2806 2305 3308 2360 consummationem
3353 2320 3455 2361 εα-

1859 2387 1966 2442 culi
1993 2387 2209 2459 (Matth.
2237 2389 2455 2454 xxvm).

1912 2481 1996 2537 illi
2024 2490 2150 2537 sunt
2172 2484 2607 2552 propugnatores
2627 2478 2752 2538 ﬁdei
2777 2492 2997 2553 nostra),
3025 2486 3081 2541 bi
3121 2494 3250 2542 sunt
3273 2495 3454 2544 recto-

1860 2575 1951 2628 l‘es
1974 2588 2073 2642 per
2095 2573 2338 2628 diversas
2371 2573 2529 2627 sedes
2570 2573 2808 2629 civitatis
2831 2572 3034 2629 Christi
3063 2593 3078 2629 :
3106 2575 3261 2645 cujus
3300 2584 3455 2634 ante-

1861 2664 2070 2719 murale
2111 2673 2195 2719 est
2234 2665 2369 2720 ﬁdes
2402 2666 2690 2730 catholica,
2731 2674 2789 2722 et
2828 2667 3068 2723 charitas
3108 2668 3456 2728 ﬁrmissimus

1860 2761 2070 2819 murus,
2096 2763 2152 2809 et
2186 2756 2587 2825 propugnacula
2629 2757 2931 2812 divinamm
2970 2760 3279 2815 testimonia
3308 2760 3455 2817 Scri-

1860 2853 2144 2915 pturarum
2168 2863 2179 2898 :
2210 2854 2266 2900 et
2292 2846 2497 2902 divitia:
2522 2846 2713 2902 salutis
2751 2848 2806 2901 in
2835 2863 2898 2903 ea
2926 2858 3052 2903 sunt
3076 2851 3360 2919 sapientia,
3399 2859 3456 2908 et

1863 2936 2107 3000 scientia,
2154 2943 2209 2989 et
2256 2950 2383 3005 spes
2419 2945 2701 3005 portarum
2739 2939 2983 2993 custodia
3015 2955 3028 2991 :
3058 2954 3181 3008 quas
3215 2948 3455 3008 quatuor

1862 3028 2125 3092 clavibus,
2182 3028 2237 3082 id
2275 3035 2363 3083 est
2392 3028 2698 3096 prudentia,
2732 3029 2963 3097 justitia,
3008 3028 3355 3095 fortitudine,
3396 3038 3453 3086 et

1862 3120 2237 3188 temperantia,
2266 3119 2369 3188 piis
2406 3120 2725 3187 aperiuntur
2747 3120 2965 3176 animis;
3006 3120 3180 3192 Hujus
3214 3136 3345 3193 vero
3368 3121 3450 3177 ci-

1856 3211 2041 3265 vitatis
2074 3211 2190 3279 ipse
2214 3211 2309 3265 Dei
2337 3226 2496 3266 verus
2522 3218 2576 3265 et
2600 3212 2854 3280 proprius
2871 3211 3061 3279 Filius,
3088 3212 3231 3268 Deus
3260 3228 3446 3279 verus,

1853 3303 2017 3359 homo
2061 3318 2237 3368 verus,
2264 3301 2422 3357 Jesus
2447 3302 2714 3369 Christus,
2743 3303 3004 3358 Dominus
3041 3311 3242 3367 noster,
3274 3304 3448 3375 regali

1852 3394 2107 3464 prmsidet
2130 3395 2371 3463 potentia
2403 3413 2416 3447 :
2445 3395 2600 3464 cujus
2625 3396 2799 3466 gratia
2828 3404 2994 3450 totam
3035 3395 3180 3451 illius
3204 3396 3446 3453 civitatis

1855 3493 2185 3540 structuram
2207 3486 2364 3554 regit,
2382 3485 2622 3541 defendit
2646 3494 2700 3541 et
2715 3487 2934 3541 exaltat.
2953 3486 3209 3555 Quisquis
3220 3487 3287 3542 ad
3302 3486 3445 3542 hanc

1852 3577 2149 3642 civitatem,
2179 3586 2327 3632 recta
2354 3577 2457 3632 sibi
2484 3578 2779 3646 praeviante
2804 3577 2926 3643 ﬁde,
2956 3591 3149 3631 manus
3174 3578 3445 3632 bonorum

1851 3684 2078 3738 operum
2144 3669 2351 3724 habens
2398 3668 2741 3737 plenissimas
2767 3706 2781 3733 ,
2861 3667 3146 3736 pervenire
3203 3667 3447 3733 festinat,

1853 3770 2070 3831 apertas
2113 3762 2351 3816 inveniet
2376 3768 2580 3829 portas,
2610 3768 2666 3814 et
2696 3774 2885 3829 regem
2924 3773 3115 3828 regum
3141 3773 3265 3814 cum
3289 3757 3451 3812 milli—

1852 3856 1954 3909 bus
2003 3861 2312 3908 sanctorum
2378 3853 2655 3921 agminum
2718 3852 2939 3906 obviare
3000 3850 3103 3906 sibi
3169 3847 3449 3920 gaudebit.

1855 3942 1962 4001 Sed
1995 3954 2051 4001 et
2085 3946 2288 4014 gratias
2313 3943 2466 3997 vobis
2505 3943 2715 4011 agimus
2746 3943 2813 3997 de
2846 3942 3103 3996 instantia
3140 3941 3449 3997 orationum

1853 4036 2179 4098 vestrarum,
2209 4034 2408 4103 quibus
2433 4033 2748 4087 memoriam
2790 4033 2963 4087 nostri
2989 4033 3207 4088 assidue
3230 4047 3326 4087 vos
3349 4030 3448 4085 ha-

1852 4128 1985 4183 bere
2008 4125 2223 4180 dixistis
2251 4143 2264 4177 :
2290 4133 2543 4193 optantes
2563 4133 2623 4178 ut
2644 4138 2834 4192 preces
2858 4134 3053 4181 vestra:
3090 4123 3452 4195 acceptabiles

1855 4217 1967 4273 sint
2008 4216 2238 4271 Domino
2262 4217 2373 4271 Deo
2411 4215 2680 4271 Salvatori
2728 4225 2916 4273 nostro
2940 4258 2954 4282 ,
2998 4226 3054 4274 et
3093 4227 3154 4272 ut
3195 4219 3310 4288 ipse
3348 4230 3449 4287 per
3482 4245 3484 4248 ν

1857 4323 2013 4365 suam
2055 4308 2481 4364 misericordiam
2509 4310 2700 4379 dignos
2736 4325 2832 4365 vos
2865 4310 3061 4367 eiliciat
3099 4311 3362 4376 exaudiri,
3392 4317 3449 4366 et

163 4388 257 4457 lixi
278 4388 762 4444 Veliil‘milercmfli
782 4387 1101 4456 voluissent,
1130 4391 1245 4450 suis
1267 4391 1502 4461 propriis
1528 4407 1752 4462 respon-
1778 4408 1836 4472 ι)
1858 4400 1926 4454 ad
1952 4400 2213 4454 unitatem
2241 4407 2443 4454 sanctae
2467 4415 2580 4455 sua:
2608 4399 2863 4455 lacclesim
2889 4415 3149 4456 revocare
3172 4401 3443 4471 dignetur,

162 4479 411 4537 sionibus
459 4487 740 4535 exaratum
795 4480 1081 4549 posuimus
1133 4478 1373 4537 libellum
1399 4522 1415 4549 ,
1467 4484 1594 4553 quia
1644 4485 1745 4553 ipsi

160 4581 381 4641 quoque
401 4577 695 4639 praesentes
726 4577 915 4628 nostro
952 4570 1198 4642 synodali
1239 4574 1530 4628 conventui
1564 4575 1751 4629 adfue-

160 4669 290 4716 ιἰιιιι
750 4736 757 4739 _

231 4756 361 4812 Post
381 4756 499 4814 haec
522 4765 672 4813 tenet
694 4763 752 4812 et
773 4757 972 4819 tertius
1002 4755 1218 4812 libellus
1239 4757 1594 4813 orthodoxam
1623 4774 1749 4814 san-

158 4857 371 4904 ctorum
404 4847 625 4903 Patrum
659 4849 1058 4918 episcoporum,
1093 4856 1149 4902 et
1184 4848 1425 4904 virorum
1466 4849 1749 4904 venerabi-

156 4940 287 4994 lium
316 4937 496 5005 ﬁdem,
523 4938 616 5009 qui
659 4937 717 4994 in
752 4938 1076 5004 Germaniae,
1104 4938 1311 5006 Galliae,
1337 4939 1664 5011 Aquitanim,
1692 4948 1748 4996 et

158 5029 450 5085 Britannia:
489 5029 735 5097 partibus
780 5028 960 5101 dignis
1009 5031 1121 5085 Deo
1169 5029 1484 5085 deserviunt
1531 5030 1742 5099 ciliciis,

154 5118 462 5187 vestrisque
520 5120 917 5188 objectionibus
980 5130 1289 5177 sanctarum
1338 5123 1743 5193 Scripturarum

161 5208 489 5267 testimoniis
524 5211 808 5266 roboratas
828 5211 1037 5267 obtinet
1061 5214 1459 5283 responsiones.

230 5299 367 5356 Dein
398 5307 597 5369 quarto
628 5300 753 5356 loco
780 5315 914 5356 mea:
944 5304 1177 5373 propriae
1201 5307 1592 5374 unanimitatis,
1620 5325 1745 5364 eum

156 5399 244 5455 his
285 5392 647 5452 sanctissimis
681 5393 1063 5464 praedictorum
1110 5396 1339 5452 Patrum
1371 5398 1606 5457 decretis
1623 5442 1640 5467 ,
1690 5410 1747 5457 et

154 5488 444 5548 catholicis
485 5486 706 5541 statutis
750 5499 1074 5542 consensum
1116 5490 1400 5554 subnexui,
1442 5490 1584 5546 sicut
1621 5507 1746 5548 vos-

155 5581 372 5651 metipsi
414 5576 471 5634 in
496 5584 677 5631 vestra
701 5576 948 5647 epistola,
975 5594 1134 5645 quam
1178 5595 1300 5635 meo
1326 5583 1632 5650 specialiter
1661 5601 1747 5641 as-

156 5674 413 5748 signastis
454 5669 678 5737 nomini,
708 5682 901 5741 rogare
925 5669 1156 5723 curastis
1182 5688 1194 5723 :
1237 5670 1289 5724 id
1323 5682 1425 5740 est,
1455 5689 1522 5728 ne
1544 5689 1747 5747 pauco-

1846 5695 1883 5735 ll

1848 4496 1905 4544 et
1928 4486 2169 4556 ejusdem
2195 4488 2417 4557 pietatis
2440 4488 2683 4543 humeris
2719 4490 2773 4543 in
2801 4498 3001 4546 sancta:
3040 4490 3233 4544 matris
3261 4488 3448 4544 Eccle-

1847 4583 1944 4638 sim
1984 4590 2224 4652 reportet
2259 4581 2418 4646 ovile,
2451 4596 2557 4650 qua
2600 4581 2666 4635 de
2705 4581 2858 4637 cmlis
2892 4582 3115 4652 veniens
3156 4596 3315 4638 ovem
3358 4596 3447 4638 re-

1848 4672 2064 4742 quirere
2080 4673 2367 4741 perditam,
2397 4672 2780 4741 inventamque
2804 4687 2930 4728 cum
2958 4673 3233 4745 triumpho
3260 4673 3446 4744 glorias

1849 4765 1917 4818 ad
1942 4765 2123 4818 sedem
2148 4771 2385 4832 paterna:
2412 4764 2712 4833 maiestatis
2737 4766 2966 4819 revexit.

1918 4855 2053 4909 illud
2087 4870 2322 4925 quoque,
2353 4857 2496 4924 quod
2533 4856 2687 4911 vobis
2727 4863 2968 4911 nostram
3006 4854 3267 4922 pietatem
3293 4853 3446 4925 ﬂagi-

1848 4954 1969 5000 tare
1994 4945 2216 5015 placuit,
2257 4955 2526 5016 quatenus
2552 4948 2605 5001 in
2632 4947 2919 5015 przesentia
2944 4950 3130 4995 nostra
3159 4939 3323 4993 libelli
3351 4956 3447 4998 vos

1848 5038 1946 5093 stri
1994 5037 2267 5107 legeretur
2308 5045 2515 5102 textus,
2558 5047 2612 5091 et
2650 5036 3024 5105 perscrutante
3079 5028 3445 5093 plurimorum

1847 5128 2092 5193 consilio,
2121 5128 2265 5197 quod
2292 5128 2347 5181 in
2372 5141 2437 5181 eo
2463 5133 2623 5180 recta:
2650 5122 2771 5177 ﬁdei
2798 5113 3171 5173 sanctionibus
3211 5129 3439 5174 censen»

1846 5220 1987 5274 tiens
2028 5219 2362 5274 inveniretur
2400 5235 2411 5270 :
2451 5215 2679 5269 fecimus
2725 5209 2865 5260 sicut
2912 5201 3146 5270 petistis,
3196 5203 3447 5264 collectis

1847 5312 2104 5380 undique,
2132 5311 2297 5366 veluti
2323 5306 2533 5379 praefati
2560 5313 2765 5359 sumus,
2784 5287 3178 5385 ecclesiasticis
3204 5289 3449 5350 doctori-

1846 5403 1968 5466 bus,
1997 5373 2050 5455 et
2081 5373 2265 5471 populi
2289 5373 2577 5455 Christiani
2604 5380 2904 5472 rectoribus
2930 5392 2942 5426 :
2971 5373 3238 5472 nobisque
3262 5384 3450 5438 omni.

1846 5459 2201 5561 bus'paciﬁeo
2221 5476 2595 5545 unanimitatis
2632 5471 2800 5563 (thoro
2834 5459 3449 5563 θοωθάθὲίίξξυεξιιῐειυ

1848 5546 1995 5642 del—nt
2021 5546 2259 5639 libellum
2300 5593 2331 5630 a
2359 5565 2536 5632 callile
2575 5558 2881 5645 calcem“?
2925 5562 3025 5618 P0?
3055 5546 3451 5645 disiinctiones

1886 5674 2270 5741 niuscujnsque
2310 5648 2611 5717 sententia,
2641 5641 2694 5695 ἐι
2719 5655 2818 5708 Per
2856 5640 3333 5703 iﬂlel’l'oxﬂionu,
3361 5643 3450 5697 τοι
