4074 6148
626 297 732 352 005

1477 289 1538 346 B.
1582 282 1831 346 CAROLI
1871 280 2085 343 MACNI
2119 276 2269 342 OPP.
2311 282 2490 339 PARS
2523 284 2586 340 il.
2629 284 2872 342 SECTIO
2895 284 2939 339 1.

3794 284 3913 343 θοι

626 409 1020 480 responsiones,
1061 414 1223 477 prou't
1267 419 1462 475 cuique
1510 404 1686 468 libuit,
1727 402 2002 474 perlegere
2041 400 2203 469 jussi—
2229 400 2279 458 Α
2305 398 2568 467 gloriosos
2604 407 2749 455 stare
2789 398 3069 462 concedat,
3119 405 3173 452 et
3212 411 3398 452 vocem
3439 396 3735 466 optabilem
3778 415 3915 459 cum

627 516 769 556 mus.
832 497 970 566 Quid
995 511 1123 552 vero
1149 496 1215 551 de
1249 509 1314 549 eo
1341 493 1519 549 libello
1561 492 1820 562 prmsules
1845 490 2207 546 Ecclesiarum

627 589 862 655 Christi,
910 588 1142 657 ﬁdeique
1178 584 1457 641 catholicm.
1503 584 1753 639 doctores
1801 580 2204 643 intellexissent,

628 696 737 737 non
760 696 897 750 opus
920 689 1005 735 est
1036 678 1165 733 mihi
1201 677 1256 732 in
1282 677 1385 731 hac
1424 690 1547 732 mea
1588 675 1788 729 iterare
1811 671 2054 741 epistola,
2082 668 2210 723 dum

628 773 845 828 illorum
883 770 1096 827 libellus
1133 770 1383 841 proprius
1422 769 1526 825 hoc
1551 767 1705 824 vobis
1729 765 2005 822 evidenter
2033 771 2213 818 osten-

627 865 727 920 dit.

699 952 971 1023 Scriptam
1008 952 1192 1021 itaque
1221 949 1278 1005 in
1319 948 1546 1019 epistola
1572 956 1752 1003 vestra
1788 942 2093 1013 hujusmodi
2119 942 2214 996 ob-

628 1045 984 1100 secrationcm
1036 1041 1383 1096 invenimus:
1431 1038 1723 1094 Poscentes
1772 1050 1869 1089 vos
1918 1048 2017 1102 per
2065 1046 2208 1094 cum,

627 1132 720 1202 qui
756 1146 856 1201 pro
883 1139 937 1185 te
971 1131 1025 1183 in
1062 1144 1227 1184 cruce
1251 1143 1444 1182 manus
1474 1126 1722 1181 innoxias
1747 1123 2009 1187 extendit,
2037 1128 2091 1175 et
2115 1133 2214 1189 pro

628 1230 684 1278 te
722 1221 1038 1291 sanguinem
1082 1219 1380 1289 pretiosum
1427 1216 1632 1281 effudit,
1673 1223 1729 1271 et
1766 1229 1865 1284 pro
1904 1220 1959 1267 te
1982 1218 2212 1266 mortem

626 1311 849 1382 pertulit
889 1319 944 1366 et
967 1310 1321 1379 sepulturam,
1351 1309 1421 1363 ad
1462 1307 1773 1363 liberandos
1799 1306 2002 1360 electos
2043 1303 2111 1357 ad
2136 1303 2218 1356 in-

629 1404 840 1461 fernum
878 1402 1174 1468 descendit,
1204 1411 1258 1457 et
1282 1417 1381 1471 pro
1416 1409 1469 1455 te
1503 1413 1810 1469 resurgens,
1841 1397 1936 1452 tibi
1974 1396 2116 1449 viam
2149 1394 2219 1449 ad

628 1493 798 1550 ctelos
840 1493 1166 1557 revertendi,
1195 1491 1402 1547 scilicet
1443 1491 1511 1545 ad
1538 1490 1815 1545 caelestem
1844 1487 2094 1556 patriam,
2126 1485 2219 1539 de-

628 1583 970 1648 monstravit,
1000 1591 1060 1637 ut
1083 1598 1180 1651 per
1208 1583 1440 1650 teipsnm
1466 1580 1671 1636 arbiter
1703 1580 1912 1634 sedeas.
1953 1576 2092 1630 Ecce
2115 1589 2218 1644 ego

628 1674 825 1730 vestris
871 1674 1225 1743 petitionibus
1258 1670 1619 1735 satisfaciens,
1670 1665 2072 1739 congregationi
2129 1679 2217 1719 sa-

629 1762 908 1824 ccrdoium
943 1768 1158 1822 auditor
1190 1774 1244 1821 et
1281 1765 1483 1820 arbiter
1512 1764 1708 1818 assedi.
1750 1761 2132 1824 Discrevimus,
2162 1766 2217 1814 et

630 1860 742 1915 Deo
767 1859 1002 1914 donante
1026 1857 1381 1920 decrevimus,
1422 1855 1553 1924 quid
1590 1861 1733 1908 esset
1759 1853 1826 1907 de
1856 1852 1958 1905 hac
1991 1849 2218 1919 inquisi-

629 1951 778 2005 tione
802 1949 1033 2004 firmiter
1064 1948 1373 2003 tenendum.
1413 1945 1519 2001 Sed
1545 1945 1705 2001 modo
1731 1959 1828 2013 per
1851 1943 2096 1998 eamdem
2122 1943 2219 1996 Oli-'-

630 2042 987 2097 sccrationem
1026 2055 1125 2094 vos
1167 2040 1359 2094 iterum
1402 2039 1707 2106 iterumque
1746 2037 2009 2099 obtestor,
2052 2042 2113 2088 ut
2162 2034 2217 2087 in

628 2133 857 2205 paciﬁca
897 2132 1259 2186 unanimitate
1308 2136 1363 2185 ct
1398 2128 1677 2184 catholica:
1718 2127 1843 2181 ﬁdei
1884 2123 2219 2195 professione

630 2223 913 2279 nobiseum
941 2222 1167 2276 firmiter
1193 2220 1459 2276 maneatis
1487 2238 1500 2273 :
1532 2235 1633 2275 nec
1658 2234 1754 2273 vos
1779 2217 2048 2273 doctiores
2074 2215 2220 2269 ως)ιί-

631 2313 793 2368 rectis
834 2311 1123 2368 universali
1154 2318 1340 2366 sancta
1367 2310 1462 2365 Dei
1489 2309 1750 2365 Ecclesia.
1789 2308 1923 2361 Eam
1948 2305 2105 2360 ﬁdem
2140 2312 2220 2358 te-

632 2410 750 2467 net,
793 2418 956 2473 quam
1000 2401 1286 2457 orthodoxi
1327 2400 1517 2454 Patres
1543 2400 1597 2454 in
1623 2400 1736 2454 suis
1783 2397 1939 2452 nobis
1963 2395 2221 2467 symbolis

631 2493 891 2563 scriptam
934 2492 1289 2561 reliquerunt.
1342 2491 1412 2545 Et
1459 2491 1627 2545 nolite
1660 2489 1781 2559 plus
1828 2502 2017 2557 sapere
2057 2501 2220 2555 quam

629 2590 844 2652 oportet
881 2597 1092 2651 sapere,
1137 2582 1230 2636 sed
1270 2595 1461 2649 sapere
1500 2581 1566 2636 ad
1592 2581 1959 2636 sobrietatem.
1998 2576 2109 2632 Nec
2135 2592 2221 2631 ra-

632 2672 942 2728 tiocinando
980 2672 1215 2727 humano
1257 2673 1471 2742 ingenio
1511 2673 1686 2727 divina
1713 2687 1809 2726 vos
1843 2669 2099 2741 mysteria
2141 2669 2221 2723 in-

634 2764 902 2835 vestigare
938 2763 1277 2819 arbitremini
1308 2782 1320 2817 :
1351 2765 1445 2819 sed
1470 2765 1642 2834 magis
1667 2764 1936 2819 credendo
1960 2762 2221 2816 honorate

634 2869 756 2924 quae
778 2854 1011 2909 humana
1036 2852 1300 2925 fragilitas
1328 2862 1531 2910 temere
1555 2856 1941 2924 pcrscrutando
1981 2850 2223 2908 invenire

633 2960 742 3000 non
766 2944 928 3000 valet.

2306 490 2680 559 operatoribns
2707 489 3015 559 apostolicae
3064 488 3185 543 ﬁdei
3234 488 3422 543 audire
3448 486 3613 544 faciat
3640 506 3655 518 ν
3702 489 3913 558 Venite.

2307 580 2557 635 benedicti
2571 581 2749 636 Patria
2768 583 2888 647 mei,
2910 582 3156 653 percipite
3182 597 3393 651 regnum
3415 582 3557 652 quod
3576 583 3716 639 vobis
3744 603 3919 656 para-

2308 678 2506 724 tumest
2532 669 2596 723 ab
2611 672 2808 742 origine
2822 671 3002 725 mundi
3027 670 3242 742 (Matth.
3269 686 3376 726 xxv
3406 709 3422 724 .
3455 671 3709 729 Paratum
3740 676 3920 747 igitur

2308 764 2463 817 vobis
2495 778 2718 834 regnum
2749 766 2817 818 ab
2841 764 3048 834 origine
3082 763 3268 819 mundi
3305 763 3610 819 indubitata
3656 768 3918 826 veritatis

2309 853 2667 921 promissione
2708 853 2956 924 speratis,
2986 854 3030 908 si
3056 854 3337 909 catholicie
3382 854 3506 909 ﬁdei
3559 856 3916 916 unanimitatl

2310 943 2668 1013 vosmetipsos
2705 943 2996 1015 adjungerc
3024 946 3245 1000 curetis.
3287 944 3601 1002 Exteriorcs
3627 950 3919 1006 servitutis

2314 1034 2590 1090 molestias
2616 1036 2825 1091 interna
2852 1036 3125 1091 fidelitatis
3151 1050 3251 1105 spe
3278 1036 3657 1093 consolamini.
3708 1040 3919 1099 Oculos

2314 1124 2510 1178 mentis
2536 1132 2728 1180 vestrm
2750 1126 2818 1181 ad
2840 1141 2962 1181 eum
2978 1125 3181 1196 ‘crigite
3200 1125 3293 1196 qui
3317 1144 3415 1183 vos
3438 1130 3638 1199 eripuit
3662 1130 3730 1186 dc
3755 1142 3920 1202 pote-

2315 1223 2453 1271 state
2483 1218 2847 1285 tenebrarum,
2887 1232 2942 1274 ct
2969 1218 3244 1295 transtulit
3278 1221 3333 1274 in
3362 1236 3589 1292 regnum
3620 1222 3741 1279 Filii
3775 1225 3919 1281 dile—

2316 1306 2512 1361 ctionis
2542 1323 2673 1362 suae.

2389 1395 2687 1462 Hactenus,
2727 1407 3017 1468 antequam
3052 1399 3216 1470 huius
3259 1401 3563 1470 adoptionis
3607 1405 3659 1458 in
3692 1405 3919 1463 Christo

2317 1502 2514 1541 nomen
2553 1504 2583 1541 a
2619 1490 2772 1544 vobis
2805 1499 3055 1545 exortum
3094 1500 3311 1547 nostros
3343 1492 3634 1549 offenderet
3673 1497 3918 1563 animos,

2318 1595 2417 1635 vos
2441 1582 2815 1649 germanitatis
2847 1598 3035 1637 amore
3055 1583 3361 1639 dileximus.
3389 1585 3496 1640 Etsi
3523 1601 3620 1641 nos
3655 1599 3915 1647 vestrum

2318 1671 2599 1741 corporale
2645 1673 2927 1727 servitium
2980 1675 3363 1739 contristaret,
3418 1675 3674 1731 rectitudo
3712 1689 3916 1734 tamen

2250 1736 2294 1795 Β
2321 1760 2443 1815 fidei
2469 1760 2749 1816 catholicae
2773 1762 3063 1817 laetiﬁcavit
3091 1764 3144 1817 in
3174 1765 3345 1820 vobis.
3373 1763 3521 1820 Nunc
3544 1780 3668 1821 vero
3694 1765 3912 1838 duplici

2319 1864 2418 1919 pro
2437 1853 2588 1907 vobis
2611 1852 2896 1924 affligimur
2918 1870 3169 1922 mmrore,
3186 1856 3446 1913 diabolica
3470 1857 3651 1913 fraude
3665 1860 3907 1930 deceptis

2320 1938 2375 1991 in
2411 1941 2593 2006 corde,
2629 1950 2683 1996 et
2718 1943 2933 1998 inimica
2973 1944 3233 1999 servitute
3260 1947 3535 2014 oppressis
3573 1946 3628 2000 in
3660 1962 3902 2016 corpore.

2321 2026 2427 2084 Sed
2462 2031 2650 2096 redite,
2691 2033 2936 2097 obsecro,
2974 2033 3040 2086 ad
3073 2033 3333 2087 unitatem
3361 2045 3562 2090 salicta:
3588 2036 3783 2090 matris
3808 2034 3919 2089 Ec:-

2320 2118 2517 2186 clcsiae,
2554 2130 2746 2176 ut‘vos
2778 2130 2932 2176 eruat
2970 2122 3036 2176 de
3059 2124 3308 2191 angustia
3339 2124 3622 2178 servitutis
3661 2133 3929 2186 terrenae,

2319 2210 2413 2280 qui
2441 2226 2536 2266 vos
2558 2226 2655 2280 per
2676 2211 2928 2279 baptismi
2957 2210 3183 2278 gratiam
3220 2225 3249 2262 a
3279 2209 3490 2263 vinculo
3515 2209 3775 2265 liberavit
3804 2213 3929 2267 ori-

2321 2301 2514 2371 ginalis
2546 2301 2770 2369 peccati.
2800 2298 3149 2366 Exspoliastis
3172 2307 3407 2353 veterem
3439 2299 3738 2367 hominem,
3778 2318 3931 2371 quo-

2321 2391 2480 2446 modo
2500 2390 2713 2453 iterum,
2735 2387 2922 2442 fraude
2942 2388 3147 2456 decepti
3175 2388 3429 2460 maligna,
3454 2391 3755 2446 induamini
3792 2392 3929 2449 ilo?

2319 2479 2632 2548 Adoptionis
2657 2476 2753 2531 filii
2782 2476 2892 2532 Deo
2907 2476 3052 2531 Patri
3090 2477 3216 2532 facti
3242 2478 3377 2533 estis
3403 2493 3499 2548 per
3524 2495 3649 2534 eum
3687 2481 3781 2550 qui
3811 2497 3927 2536 non

2319 2578 2403 2626 est
2438 2569 2756 2638 adoptivus,
2795 2570 2890 2625 sed
2919 2570 3169 2639 proprius
3198 2587 3211 2623 :
3247 2578 3387 2626 state
3411 2585 3509 2640 per
3538 2571 3662 2627 ﬁdei
3692 2573 3926 2629 inviola-

2318 2661 2481 2717 bilem
2501 2660 2902 2717 confessionem
2931 2663 2984 2715 in
3007 2660 3255 2717 libertate
3279 2661 3508 2717 filiorum
3525 2663 3642 2728 Dei,
3668 2672 3723 2719 et
3749 2665 3927 2722 nolito

2321 2752 2653 2808 infidelitatis
2670 2750 2857 2823 iugum
2884 2752 3084 2807 subire.
3114 2751 3377 2821 Expellitc
3396 2752 3608 2807 vincula
3633 2754 3921 2810 diabolica;

2324 2844 2654 2914 deceptionis
2680 2846 2747 2900 de
2769 2845 3043 2910 cordibus,
3074 2852 3339 2913 quatenus
3356 2844 3498 2900 Deus
3512 2843 3781 2911 Christus,
3819 2846 3921 2915 qui

2324 2935 2487 2992 solvit.
2525 2937 2880 3006 compeditos,
2920 2936 3159 2991 excutiat
3194 2944 3439 2991 catenam
3470 2937 3644 3007 gentis
3684 2937 3922 2993 inimice

704 3034 1022 3105 Exemplum
1074 3036 1206 3092 mihi
1256 3035 1598 3093 Constantini
1648 3039 1988 3109 imperatoris
2028 3056 2224 3110 ρι-ορο..
2247 3054 2298 3117 c
2328 3029 2395 3084 de
2427 3031 2677 3085 manibus
2713 3030 2929 3085 vestris.
2967 3029 3189 3084 Habetis
3228 3045 3359 3094 nos,
3407 3030 3586 3085 divina
3624 3032 3923 3089 auxiliante

636 3127 842 3190 suistis,
881 3127 1039 3197 cujus
1084 3128 1298 3184 initium
1341 3129 1402 3183 Β.
1435 3128 1698 3185 Isidorum
1734 3131 1982 3187 laudasse
2023 3134 2223 3199 dicitis,

635 3225 690 3273 et
715 3218 876 3275 ﬁnem
903 3219 1180 3275 doluisse:
1219 3221 1364 3290 quod
1406 3236 1475 3277 ne
1508 3223 1639 3277 mihi
1676 3224 1885 3279 accidat
1918 3239 2015 3294 per
2040 3239 2228 3293 quem-

637 3308 761 3363 dam
802 3309 1062 3374 bcatum,
1108 3323 1270 3377 quem
1311 3308 1718 3380 Antiphrasium
1767 3313 2224 3385 cognominastis,

635 3399 869 3471 benigne
892 3396 1151 3454 suadetis.
1193 3399 1306 3456 Hoc
1346 3401 1530 3469 etiam,
1561 3403 1741 3458 divina
1776 3405 2070 3460 miserante
2107 3418 2229 3475 gra-

638 3491 735 3555 tia,
762 3504 1069 3560 praecavere
1101 3499 1287 3562 satago
1312 3509 1326 3547 :
1355 3510 1462 3550 non
1487 3496 1556 3553 ab
1594 3496 1688 3552 illo
1714 3497 2105 3558 tantummodo,
2134 3496 2228 3551 sed

640 3580 807 3635 etiam
832 3581 901 3634 ab
925 3579 1180 3636 omnibus
1204 3582 1296 3651 qui
1330 3584 1533 3654 aliquid
1559 3594 1719 3640 recta:
1744 3585 1868 3640 fidei
1893 3585 2227 3639 contrarium

642 3668 839 3722 docere
885 3666 1137 3723 videntur
1183 3686 1197 3724 ι
1240 3673 1563 3744 assiduaque
1611 3675 1894 3729 devotione
1940 3673 2228 3727 Dominum

535 3771 542 3777 ·
642 3757 893 3824 deposco,
935 3764 990 3812 et
1012 3773 1363 3832 quoscunque
1404 3779 1471 3819 ex
1509 3763 1633 3817 filiis
1674 3770 1874 3816 sanctze
1912 3761 2103 3815 matris
2128 3761 2230 3816 Ee-

644 3846 828 3902 clcsize
872 3847 1040 3915 valeo,
1084 3851 1215 3906 mihi
1258 3852 1312 3907 in
1350 3853 1451 3908 hac
1483 3852 1741 3921 petitione
1782 3851 2056 3919 adjutores
2099 3866 2231 3905 con-

642 3950 799 4001 voco,
845 3952 915 3992 ne
952 3953 1038 3994 me
1072 3938 1298 4009 alicujus
1324 3943 1547 3996 verbosa
1591 3938 1846 4003 adulatio,
1892 3939 1976 3995 vel
2012 3939 2230 3993 fraudul-

639 4026 786 4082 lcnta
812 4029 1047 4085 laudatio
1074 4031 1364 4101 decipiens,
1393 4046 1425 4084 a
1450 4031 1536 4084 via
1561 4028 1806 4085 veritatis
1855 4040 2086 4097 avertat,
2131 4046 2232 4087 ste-

641 4122 763 4192 pius
787 4138 912 4179 cum
936 4127 1198 4195 propheta
1224 4126 1535 4187 decantans,
1564 4121 1820 4195 Corripiet
1846 4143 1928 4180 me
1957 4127 2137 4197 justus
2174 4128 2231 4183 in

640 4211 1019 4279 misericordia,
1049 4225 1096 4268 et
1122 4211 1411 4282 increpabit
1446 4227 1528 4266 me
1551 4228 1569 4266 :
1596 4211 1767 4267 oleum
1795 4226 1968 4270 autent
1994 4226 2231 4287 peccato-

642 4297 716 4351 ris
760 4316 865 4353 non
912 4301 1203 4372 impinguet
1252 4309 1405 4368 caput
1456 4317 1626 4355 nteant
1663 4302 1836 4373 (Psal.
1864 4306 2075 4375 cxun).
2126 4305 2234 4359 Vos

2326 3120 2519 3190 gratia,
2561 3127 2940 3187 cooperatores
2977 3118 3156 3187 gaudii
3195 3119 3383 3185 vestri,
3412 3118 3460 3175 si
3494 3135 3593 3175 vos
3636 3122 3922 3177 uobiscum

2327 3208 2605 3264 catholicae
2631 3208 2757 3263 fidei
2784 3208 2945 3262 vultis
2970 3223 3088 3263 esse
3109 3209 3514 3277 praedicatores.
3542 3210 3923 3269 Ccrtissimum

2328 3299 2512 3369 itaque
2554 3299 2628 3355 ibi
2681 3298 2786 3377 erit
2830 3298 3023 3352 divina:
3072 3300 3439 3355 miserationis
3488 3301 3771 3364 auxilium.
3822 3302 3921 3359 ubl

2328 3405 2435 3444 una
2472 3398 2555 3445 est
2589 3390 2755 3444 totius
2788 3388 3042 3444 Ecclesiae
3082 3391 3339 3458 charitas,
3379 3402 3434 3449 et
3474 3410 3579 3448 una
3620 3411 3762 3452 vera:
3794 3396 3919 3453 ﬁdei

2329 3479 2616 3535 confessio.
2665 3480 2748 3535 Ad
2784 3480 3182 3536 multitudinem
3220 3484 3403 3552 populi
3429 3484 3742 3553 Christiani,
3772 3497 3825 3543 ct
3849 3490 3920 3545 ad

2329 3570 2683 3626 sacerdotalis
2729 3572 2941 3627 concilii
2982 3574 3390 3631 imaniniitatcm
3448 3578 3801 3633 revertimini.
3859 3577 3919 3634 Si

2329 3662 2473 3718 enim
2509 3662 2736 3717 duorum
2783 3661 2867 3717 vel
2912 3663 3074 3718 trium
3120 3674 3309 3720 sancto
3336 3667 3558 3737 pioque
3608 3670 3916 3734 consensui,

2331 3753 2627 3810 secundum
2660 3769 2812 3808 suam
2848 3754 3285 3822 promissionem,
3311 3757 3599 3813 Dominum
3631 3773 3754 3814 esse
3787 3773 3924 3829 prte-

2331 3853 2540 3901 scntem
2572 3859 2679 3899 non
2714 3845 3054 3911 dubitamus;
3093 3855 3295 3915 quanto
3333 3849 3507 3918 magis
3551 3849 3643 3904 ubi
3684 3858 3764 3905 tot
3799 3865 3924 3904 san-

2331 3937 2560 3994 ctissimi
2597 3936 2807 4002 Patres,
2848 3944 2928 3992 tot
2963 3939 3300 3994 venerabiles
3331 3937 3548 4004 fratres,
3578 3949 3660 3997 tot
3695 3941 3791 3996 ﬁhi
3820 3942 3924 4012 pia:

2331 4027 2522 4082 matris
2549 4027 2825 4091 Ecclesiae,
2851 4027 2905 4080 in
2932 4027 3148 4082 nomine
3182 4027 3325 4083 illius
3347 4030 3572 4097 pacifica
3595 4032 3923 4086 conveniunt

2332 4117 2717 4180 unanimitate,
2756 4133 2880 4173 cum
2918 4119 3108 4174 adesse
3145 4120 3382 4175 medium
3419 4136 3526 4175 non
3562 4130 3648 4177 est
3677 4123 3924 4178 dubitau-

2334 4209 2483 4274 dum,
2509 4217 2564 4264 et
2591 4209 2808 4264 illorum
2833 4224 3021 4280 regere
3054 4210 3299 4277 consilia,
3326 4211 3418 4282 qui
3439 4212 3522 4267 sui
3550 4212 3786 4269 nominis
3808 4212 3899 4269 lau

2338 4301 2459 4357 dem
2481 4316 2726 4370 quaerere
2753 4301 3177 4371 dignoscuntur?

642 4403 774 4443 vero
801 4391 1201 4461 vobismetipsis
1237 4396 1443 4452 cavete,
1478 4393 1620 4461 quod
1654 4408 1754 4448 nos
1781 4392 2021 4450 fraterno
2047 4396 2233 4451 admo-
2264 4401 2314 4461 υ
2407 4390 2492 4446 Ad
2511 4392 2879 4446 confirmanda
2906 4391 3072 4461 igitur
3093 4392 3256 4447 corda
3280 4400 3458 4448 vestra
3491 4392 3545 4447 in
3572 4392 3678 4449 ﬁde
3705 4401 3761 4449 et
3784 4392 3925 4449 veri-

643 4479 839 4535 nuistis
878 4496 1064 4536 amore
1104 4486 1461 4549 procurantes
1495 4481 1906 4552 diligentissime
1935 4524 1947 4537 .
1988 4485 2235 4555 omnipo-

643 4571 916 4641 tentisque
938 4571 1033 4626 Dei
1059 4570 1210 4625 vobis
1231 4568 1464 4626 assiduis
1484 4572 1736 4640 precibus
1759 4573 2234 4631 clementissimam

645 4670 938 4717 convocate
981 4659 1227 4731 gratiam,
1258 4673 1326 4713 ne
1372 4660 1564 4717 callida
1612 4663 1821 4733 antiqui
1855 4664 2025 4720 hostis
2050 4680 2237 4721 versu-

644 4749 719 4803 tia
746 4766 938 4805 sensus
964 4757 1173 4803 vestros
1215 4748 1269 4802 in
1296 4748 1474 4819 aliqua
1501 4759 1653 4820 parte
1694 4763 2025 4824 corrumpat,
2056 4764 2110 4810 et
2143 4770 2237 4825 pe-

642 4838 731 4914 ius
772 4843 865 4896 ﬁat
907 4838 1133 4895 interius
1174 4839 1373 4895 diaboli
1415 4843 1730 4908 servitium,
1790 4860 1950 4914 quam
1996 4845 2236 4901 exterius

645 4932 824 5001 gentis
867 4927 1118 4984 inimicae.
1167 4929 1411 5001 Eumque
1448 4943 1757 5002 exspectate
1796 4935 2232 5003 licdemptorem,

646 5036 806 5091 quem
833 5018 1020 5074 salutis
1045 5029 1241 5077 vestra:
1265 5022 1531 5079 habuistis
1557 5035 1855 5081 auctorem.
1894 5025 2047 5079 lllum
2074 5024 2238 5092 glori-

646 5110 806 5165 ﬁcate
844 5108 899 5163 in
927 5110 1109 5179 corde,
1134 5121 1189 5168 et
1210 5121 1427 5185 portate
1465 5115 1519 5170 in
1551 5130 1812 5185 corpore;
1854 5122 1908 5169 et
1932 5114 2145 5184 dignam
2182 5114 2237 5169 in

646 5197 800 5255 vobis
838 5197 916 5254 illi
958 5212 1259 5274 praeparate
1298 5205 1687 5261 habitationem
1730 5206 1786 5258 in
1826 5203 1951 5269 ﬁde,
1988 5218 2109 5273 qua:
2141 5219 2239 5274 per

647 5295 994 5353 dilectionem
1032 5306 1320 5370 operatur,
1369 5303 1636 5367 quatenus
1677 5311 1773 5351 vos
1813 5296 1959 5351 illius
2001 5296 2236 5368 gloriosa

647 5388 908 5459 potentia,
936 5397 1011 5457 _et
1059 5387 1346 5445 ineli'abilis
1392 5385 1781 5446 misericordia,
1832 5386 1902 5442 ab
1956 5388 2238 5456 utriusque

589 5510 593 5515 ο
650 5482 927 5538 servitutis
954 5481 1222 5547 molestia,
1249 5479 1521 5535 exteriore
1552 5478 1760 5535 scilicet
1786 5487 1842 5534 et
1871 5478 2147 5543 interiore,
2177 5477 2240 5532 li-

654 5572 804 5625 beret
832 5581 890 5627 et
914 5572 1204 5638 custodiat,
1231 5578 1285 5628 et
1313 5570 1368 5626 in
1394 5586 1592 5642 magno
1619 5570 1705 5627 die
1733 5577 1859 5627 ante
1885 5576 2235 5641 conspectum

656 5662 838 5727 gloriae
871 5677 982 5716 sum
1015 5678 1138 5716 cum
1175 5661 1562 5730 multiplicibus
1601 5663 1800 5718 laboris
1833 5661 1997 5719 vestri
2040 5659 2241 5717 divitiis

2333 4488 2464 4546 tate,
2491 4480 2630 4538 hanc
2662 4481 2831 4537 nostri
2860 4481 3112 4547 nominis,
3142 4481 3379 4540 fraterna
3414 4485 3704 4555 instigante
3734 4485 3914 4540 chario

2334 4580 2466 4638 tate,
2495 4572 2779 4641 epistolam
2819 4572 3059 4628 scribere
3094 4575 3424 4640 curavimus,
3452 4583 3696 4645 optantes
3731 4581 3787 4626 ut
3815 4588 3921 4627 no-

2336 4671 2468 4730 stra,
2504 4680 2667 4733 quam
2693 4663 2953 4719 habemus
2982 4678 3081 4733 pro
3116 4664 3221 4721 ﬁde
3251 4666 3528 4731 catholica,
3552 4661 3789 4734 proﬁciat
3813 4662 3914 4716 dc-

2335 4756 2501 4820 votio,
2543 4762 2599 4808 et
2632 4768 2728 4807 vos
2761 4754 2940 4808 divina
2967 4754 3254 4809 clementia
3282 4758 3349 4811 ad
3378 4758 3535 4814 ﬁdem
3565 4755 3784 4811 reducat
3820 4767 3920 4808 ca-

2336 4845 2612 4899 tholicam.
2637 4841 2779 4896 Ante
2805 4842 2970 4911 igitur
2993 4856 3156 4908 quam
3192 4842 3352 4909 hujus
3384 4844 3659 4914 saepedicti
3686 4843 3922 4901 scandaii

2336 4950 2367 4989 a
2414 4933 2572 4989 vobis
2616 4932 2853 4987 oriretur
2908 4926 3167 4991 offensio,
3207 4931 3404 4998 duplici
3458 4934 3744 4996 eharitatc,
3792 4931 3925 4989 sicut

2336 5025 2705 5097 prmdiximus,
2750 5020 3036 5076 dileximus
3068 5033 3187 5082 vos,
3213 5020 3284 5074 .id
3324 5026 3428 5082 cst,
3480 5021 3536 5073 in
3587 5021 3921 5082 orationibus

2336 5114 2538 5172 nostris
2577 5127 2674 5184 per
2709 5125 2899 5167 omnes
2933 5108 3083 5178 regni
3119 5109 3290 5165 nostri
3322 5107 3596 5166 Ecclesias
3640 5111 3921 5175 habuimus

2339 5207 2535 5268 socios,
2570 5210 2627 5257 et
2659 5200 2826 5256 vestri
2864 5198 3181 5254 memoriam
3217 5198 3463 5269 quotidie
3497 5198 3801 5260 facientes:
3835 5206 3921 5262 iti.

2339 5297 2461 5353 dem
2486 5307 2701 5362 quoque
2724 5299 2781 5347 et
2806 5292 2916 5346 Deo
2938 5290 3252 5357 auxiliante,
3285 5290 3621 5348 voluntatem
3644 5294 3919 5354 habuimus

2338 5403 2436 5444 vos
2468 5387 2703 5443 liberare
2732 5401 2764 5442 a
2787 5385 3011 5442 servitio
3036 5386 3313 5444 sazcularis
3348 5391 3710 5459 necessitatis,
3737 5408 3919 5449 secun-

2340 5481 2468 5537 dum
2506 5480 2766 5551 temporis
2794 5479 3279 5551 opportunitatem,
3306 5490 3362 5537 et
3391 5484 3557 5539 vestri
3587 5485 3793 5543 consilii
3826 5487 3916 5543 ad-

2341 5570 2724 5628 hortationem.
2760 5568 2915 5626 Nunc
2941 5584 3069 5625 vero
3108 5569 3210 5627 hac
3238 5570 3434 5641 duplici
3471 5573 3734 5631 charitate
3761 5575 3916 5647 (quod

2344 5663 2460 5720 sine
2487 5662 2685 5735 dolore.
2696 5676 2804 5717 non
2828 5658 3081 5731 dicimus)
3106 5658 3394 5739 fraudastis
3417 5665 3790 5735 vosmetipsos,
3814 5681 3916 5722 non
