4074 6148
72 448 97 484 ,__
152 397 257 454 3905

1604 377 1984 436 EPISTOLE.

3287 347 3293 364 “
3325 376 3430 431 906

150 507 510 580 .intelligentes
542 519 638 562 vos
673 502 864 560 fraude
896 497 1157 557 diabolica
1191 509 1312 553 esse
1357 493 1634 562 deceptos,
1670 500 1733 546 ut
1753 475 1813 556 Ἀ
1835 496 2110 551 tummodo
2144 508 2427 565 personam
2446 533 2461 560 ,
2507 505 2610 563 pro
2657 493 2836 549 salute
2868 491 3087 546 humani
3121 491 3334 562 generis
3364 495 3431 548 de

151 610 382 670 antroque
395 597 673 668 juvamine
691 611 787 650 vos
813 593 1128 657 denudaret,
1153 588 1208 644 id
1223 595 1306 644 est
1322 585 1736 657 participatione

154 691 299 756 ﬁdei,
335 697 390 744 et
433 687 740 743 orationum
789 691 1118 747 nostrarum,
1169 680 1254 735 vel
1305 679 1498 734 solatio
1548 675 1735 730 auxilii

155 781 343 837 nostri.
381 779 592 845 Videte,
633 777 831 839 videte,
874 788 1032 844 quam
1075 771 1277 842 grande
1311 768 1512 823 malum
1548 766 1740 820 adver-

154 887 273 926 sum
304 869 664 938 vosmetipsos
707 865 922 920 habetis
951 863 1179 928 factum,
1217 862 1360 932 quod
1396 872 1737 928 nequaquam

154 961 269 1016 :ausi
301 976 489 1015 sumus
519 974 678 1014 orare
703 973 798 1027 pro
824 955 995 1020 vobis,
1025 955 1166 1009 sicut
1201 969 1300 1023 pro
1325 952 1573 1007 ﬁdelibus
1616 965 1740 1004 san-

150 1063 256 1110 ctae
288 1055 386 1108 Dei
423 1053 681 1109 Ecclesiae
715 1051 869 1117 ﬁliis;
907 1066 1008 1106 nec
1045 1064 1143 1103 vos
1180 1048 1435 1118 adjuvare
1469 1045 1740 1114 quomodo

155 1151 352 1207 fratres
375 1151 431 1216 in
453 1151 650 1206 vestris
671 1147 920 1203 maximis
943 1145 1380 1202 necessitatibus.
1402 1141 1744 1210 Quapropter

153 1241 488 1298 revertimini
514 1241 582 1294 ad
602 1240 740 1293 hanc
761 1237 1026 1306 duplicem
1055 1235 1496 1298 consolationem,
1525 1239 1579 1286 et
1605 1230 1743 1300 abji-

147 1333 262 1388 cite
286 1347 317 1386 a
347 1331 502 1386 vobis
525 1331 665 1384 hanc
693 1329 986 1397 malignam
1013 1327 1290 1382 diabolicm
1320 1325 1526 1380 fraudis
1556 1339 1744 1378 versu-

151 1425 304 1489 tiam,
357 1431 419 1477 ut
462 1421 680 1492 possitis
727 1421 1010 1476 nobiscum
1065 1419 1396 1474 consortium
1441 1418 1641 1472 habere
1689 1418 1744 1471 in

150 1514 299 1569 omni
335 1513 598 1568 charitate
628 1520 683 1568 et
710 1511 911 1566 auxilio
938 1513 1259 1580 opportuno.
1290 1509 1421 1564 Post
1449 1509 1590 1565 hanc
1613 1523 1746 1564 vero

152 1606 569 1675 vcorreptionem,
615 1604 730 1659 sive
759 1604 1182 1659 admonitionem
1223 1601 1531 1672 apostolica:
1561 1609 1748 1656 aucto-

163 1695 332 1750 ritatis
369 1703 423 1751 et
463 1695 738 1766 synodalis
775 1694 1167 1760 unanimitatis,
1201 1695 1248 1748 si
1286 1707 1396 1749 non
1433 1693 1767 1762 resipiscitis-

154 1786 229 1840 ab
264 1802 450 1843 errore
491 1793 694 1850 vestro,
738 1785 932 1840 scitote
971 1785 1192 1839 omnino
1220 1799 1318 1838 vos
1353 1799 1452 1853 pro
1479 1784 1748 1838 haereticis

1839 583 2042 653 Spiritu
2075 597 2261 643 sancto
2298 595 2353 642 et
2375 585 2544 640 Maria
2567 586 2784 657 virgine
2819 584 3183 649 incarnatam;
3232 591 3293 638 ut
3338 586 3429 653 qui

1839 683 1955 729 erat
1989 677 2054 731 de
2091 678 2370 732 divinitate
2407 675 2504 730 Dei
2540 673 2721 732 Patris
2755 675 2945 742 Filius,
2974 683 3116 730 esset
3154 683 3208 729 et
3247 675 3301 729 in
3333 676 3433 730 hu-

1838 768 2098 821 manitate
2123 768 2360 825 hominis
2389 767 2583 822 matris
2607 766 2781 823 Filius
2813 785 2824 820 :
2863 767 3136 836 perfectus
3161 766 3217 821 in
3240 766 3434 821 divini-

1840 864 1952 910 tate
1975 856 2136 922 Deus,
2164 858 2436 926 perfectus
2459 856 2515 910 in
2541 855 2882 911 humanitate
2906 857 3068 912 homo
3097 874 3110 910 :
3142 857 3283 911 Deus
3309 863 3436 910 ante

1840 948 2022 1004 omnia
2047 949 2263 1017 saecula,
2286 951 2452 1004 homo
2474 949 2533 1002 in
2557 948 2665 1004 ﬁne
2689 949 2910 1005 saeculi:
2939 965 3100 1005 verus
3127 951 3183 1005 in
3209 959 3439 1021 utraque

1841 1042 2142 1097 substantia
2170 1043 2264 1098 Dei
2288 1043 2493 1109 Filius;
2530 1058 2639 1097 non
2664 1044 2962 1112 putativus,
2993 1046 3088 1100 sed
3113 1061 3302 1111 verus;
3328 1061 3438 1102 non

1843 1133 2160 1202 adoptione,
2210 1132 2305 1188 sed
2347 1133 2726 1202 proprietate:
2760 1147 2868 1186 una
2919 1148 3152 1202 persona
3198 1135 3342 1190 Deus
3385 1145 3441 1191 et

1845 1225 2026 1289 homo,
2056 1238 2196 1277 unus
2217 1222 2482 1278 mediator
2507 1222 2603 1276 Dei
2633 1232 2687 1277 et
2710 1221 2992 1277 hominum
3018 1241 3031 1276 :
3063 1224 3120 1277 in
3144 1223 3318 1279 forma
3343 1225 3438 1280 Dei

1845 1315 2067 1385 aqualis
2091 1313 2260 1379 Patri,
2291 1314 2346 1388 in
2370 1311 2545 1368 forma
2571 1313 2717 1367 servi
2740 1313 2921 1366 minor
2941 1312 3103 1368 Patre
3137 1330 3150 1366 :
3187 1315 3242 1368 in
3269 1314 3442 1368 forma

1847 1405 1942 1459 Dei
1963 1411 2194 1468 creator,
2225 1403 2281 1458 in
2303 1402 2478 1458 forma
2511 1403 2653 1458 servi
2678 1401 3008 1471 redemptor.
3036 1402 3187 1458 Unus
3213 1404 3269 1458 in
3297 1412 3447 1460 utro-

1847 1511 1954 1564 que
1979 1495 2075 1550 Dei
2097 1493 2265 1548 Filius
2293 1494 2547 1563 proprius
2591 1501 2645 1548 et
2680 1491 2974 1563 perfectus,
3017 1494 3086 1549 ad
3121 1495 3446 1564 implendam

1848 1586 2097 1641 humanae
2123 1585 2313 1640 salutis
2336 1575 2813 1654 dispensationem,
2842 1601 3035 1655 passus
3066 1592 3151 1641 est
3172 1601 3302 1641 vera
3327 1603 3449 1643 car-

1819 1714 1826 1720 -
1848 1676 1937 1730 nis
1957 1677 2226 1746 passione,
2253 1683 2500 1732 mortuus
2526 1692 2654 1730 vera
2693 1679 2939 1745 corporis
2960 1679 3046 1732 sui
3072 1687 3250 1734 morte
3281 1697 3293 1733 :
3324 1695 3446 1734 sur-

1852 1768 1994 1823 rexit
2022 1783 2148 1822 vera
2178 1768 2360 1822 carnis
2389 1783 2502 1821 sua:
2538 1767 2957 1833 resurrectione,
2999 1775 3054 1822 et
3089 1783 3218 1822 vera
3255 1771 3452 1825 animae

151 1875 366 1943 haberi,
409 1891 513 1931 nec
551 1875 720 1930 ullam
743 1877 1020 1936 vobiscum
1051 1875 1484 1931 communionem
1509 1891 1610 1946 pro
1641 1876 1752 1932 Deo

1856 1860 2224 1928 resumptione
2261 1876 2274 1912 :
2314 1867 2370 1914 et
2398 1859 2591 1913 eodem
2628 1873 2875 1927 corpore,
2913 1872 3020 1927 quo
3045 1872 3236 1927 passus
3262 1865 3364 1924 est,
3399 1868 3455 1913 et

151 1970 423 2027 audemus
454 1967 675 2023 habere.
703 1967 916 2023 Currite
953 1969 1081 2023 dum
1115 1968 1291 2024 lucem
1323 1968 1554 2032 habetis,
1581 1983 1651 2022 ne
1673 1976 1755 2023 te-

156 2060 346 2113 nebrae
368 2072 466 2111 vos
496 2058 854 2113 anathematis
890 2059 1309 2128 apprehendant,
1339 2059 1481 2114 unde
1515 2073 1624 2113 non
1656 2074 1756 2128 po-

158 2150 315 2204 testis
332 2148 499 2217 pedes
519 2157 730 2205 vestros
751 2151 1040 2220 explicare,
1066 2153 1161 2206 sed
1184 2158 1386 2206 aeterna
1411 2151 1756 2207 damnatione

156 2243 402 2298 irretitus
441 2259 562 2298 esse
602 2244 871 2315 lugebitis.
912 2247 1104 2301 Adhuc
1135 2247 1281 2301 enim
1328 2249 1418 2316 pia
1456 2256 1630 2303 mater
1653 2248 1756 2302 Ec-

154 2333 321 2388 clesia
371 2343 592 2390 revocat
627 2351 723 2392 vos
768 2337 835 2392 ad
861 2338 1126 2408 gremium
1182 2353 1293 2392 suae
1345 2339 1751 2406 misericordiae,

159 2425 343 2480 volens
376 2441 474 2481 vos
505 2427 616 2482 Deo
649 2428 861 2484 nutrire
897 2429 954 2482 in
989 2428 1149 2484 ﬁlios.
1192 2428 1423 2488 Tantum
1457 2429 1625 2486 nolite
1656 2445 1756 2485 vos

153 2515 480 2571 abstrahere
506 2519 575 2572 ab
601 2518 715 2586 ejus
737 2520 956 2588 pietate,
981 2520 1073 2588 qui
1089 2533 1188 2575 vos
1208 2520 1424 2575 vocavit
1443 2521 1500 2576 in
1524 2536 1755 2591 regnum

156 2604 281 2660 Filii
306 2607 612 2663 dilectionis
637 2624 766 2664 suae.

231 2712 518 2772 Credimus
557 2717 610 2771 in
648 2733 818 2773 unum
853 2720 1022 2774 Deum
1053 2719 1273 2774 Patrem
1309 2723 1754 2791 omnipotentem,

155 2800 422 2858 factorem
449 2807 576 2862 cceli
615 2815 669 2862 et
695 2816 873 2874 terrae,
901 2809 1196 2865 visibilium
1232 2811 1473 2868 omnium
1495 2820 1551 2867 et
1574 2815 1762 2870 invisi-

154 2893 370 2948 bilium.
410 2896 692 2954 Credimus
714 2908 770 2955 et
801 2902 857 2955 in
880 2917 1048 2955 unum
1076 2903 1363 2958 Dominum
1394 2911 1644 2960 nostrum
1672 2905 1763 2961 Je-

153 3000 282 3039 sum
315 2985 631 3056 Christum,
670 2991 871 3046 Filium
915 2993 1010 3048 Dei
1054 2995 1410 3064 unigenitum,
1463 3003 1653 3052 natum
1693 3012 1761 3052 ex

151 3074 324 3130 Patre
361 3085 490 3133 ante
524 3082 705 3136 omnia
744 3084 960 3150 szecula,
1003 3093 1060 3140 et
1095 3094 1222 3141 ante
1261 3087 1444 3142 omnia
1481 3095 1758 3158 tempora:

149 3164 343 3221 lumen
369 3168 437 3222 de
464 3168 686 3239 lumine,
715 3173 887 3229 Deum
909 3192 1099 3231 verum
1122 3177 1190 3233 de
1215 3178 1327 3235 Deo
1349 3195 1479 3236 vero
1504 3199 1517 3234 :
1547 3189 1756 3250 natum,
1787 3211 1836 3276 ο

151 3273 269 3313 non
299 3259 503 3315 factum
535 3280 547 3314 :
581 3266 906 3334 naturalem,
939 3283 1050 3324 non
1085 3269 1397 3339 adoptivum
1425 3289 1437 3326 :
1475 3288 1574 3342 per
1598 3288 1762 3344 quem

153 3349 340 3402 omnia
392 3351 610 3406 condita
657 3363 804 3420 sunt,
849 3356 1091 3412 coelestia
1144 3367 1198 3412 et
1243 3361 1556 3427 terrestria,
1601 3362 1764 3417 unius

154 3441 410 3496 essentia:
448 3451 504 3497 et
541 3445 703 3500 unius
739 3449 1056 3506 substantia
1096 3467 1218 3506 cum
1256 3451 1437 3508 Patre.
1479 3453 1763 3511 Credimus

155 3538 217 3585 et
247 3533 303 3585 in
334 3532 598 3601 Spiritum
638 3547 907 3605 sanctum,
936 3542 1107 3596 Deum
1132 3555 1340 3612 verum,
1367 3544 1760 3601 viviﬁcatorem

155 3622 437 3687 omnium,
479 3639 515 3677 a
542 3623 702 3680 Patre
744 3635 799 3681 et
826 3627 964 3684 Filio
994 3633 1376 3698 procedentem
1394 3673 1410 3700 ,
1445 3651 1567 3689 cum
1598 3634 1763 3691 Patre

154 3713 217 3762 et
237 3707 380 3760 Filio
402 3711 806 3768 coadorandum
833 3725 887 3771 et
912 3719 1448 3787 congloriﬁcandum.
1477 3723 1760 3780 Credimus

153 3797 414 3853 eamdem
447 3809 692 3857 sanctam
723 3803 1064 3872 Trinitatem,
1097 3807 1334 3874 Patrem,
1375 3819 1429 3865 et
1453 3811 1668 3879 Filium,
1707 3821 1763 3869 et

159 3888 440 3957 Spiritum
467 3898 734 3957 sanctum,
763 3893 922 3947 unius
949 3911 1070 3950 esse
1113 3899 1445 3966 substantiaa,
1471 3903 1634 3956 unius
1664 3918 1762 3971 po-

153 3981 354 4035 tentize
390 3989 446 4034 et
481 3981 641 4036 unius
675 3984 924 4039 essentiae
959 3992 1072 4040 tres
1105 4002 1382 4055 personas,
1409 3998 1464 4046 et
1497 3993 1762 4062 singulam

149 4084 442 4140 quamque
489 4070 548 4124 in
574 4070 842 4127 Trinitate
886 4089 1175 4142 personam
1213 4078 1433 4146 plenum
1480 4080 1671 4146 Deum,
1709 4089 1765 4136 et

149 4167 306 4214 totas
342 4166 455 4214 tres
481 4173 746 4228 personas
776 4175 943 4216 unum
970 4165 1142 4220 Deum
1171 4169 1632 4236 omnipotentem:
1661 4170 1765 4226 Pa-

155 4263 302 4307 trem
336 4253 658 4324 ingenitum,
689 4254 887 4311 Filium
919 4258 1178 4328 genitum,
1221 4260 1483 4330 Spiritum
1517 4272 1764 4321 sanctum

154 4346 548 4414 procedentem
570 4362 640 4402 ex
655 4345 820 4403 Patre
845 4356 900 4403 et
924 4349 1063 4406 Filio
1082 4368 1094 4404 :
1113 4367 1214 4408 nec
1234 4353 1452 4409 Patrem
1474 4355 1765 4425 aliquando

155 4437 412 4505 cmpisse,
460 4438 556 4494 sed
603 4441 744 4496 sicut
789 4457 1003 4512 semper
1047 4451 1132 4499 est
1161 4446 1321 4513 Deus,
1360 4448 1436 4502 ita
1469 4463 1682 4518 semper
1709 4457 1764 4504 et

1854 1950 2176 2014 resurrexit,
2209 1951 2452 2006 ascendit
2483 1951 2539 2004 in
2570 1950 2757 2014 coelos,
2788 1951 2982 2005 sedens
3021 1951 3077 2004 in
3106 1952 3329 2006 dextera
3358 1951 3455 2006 Dei

1855 2039 2036 2094 Patris
2069 2058 2082 2093 :
2125 2047 2180 2094 et
2216 2039 2272 2092 in
2311 2041 2499 2096 eadem
2536 2038 2732 2106 forma,
2765 2056 2873 2110 qua
2907 2041 3167 2108 ascendit,
3195 2051 3457 2097 venturus

1850 2129 2101 2200 judicare
2136 2133 2291 2187 vivos
2327 2148 2392 2187 ac
2426 2141 2702 2199 mortuos;
2748 2133 2904 2202 cujus
2936 2133 3084 2203 regni
3117 2149 3225 2189 non
3251 2135 3355 2188 erit
3392 2136 3458 2188 ﬁ-

1857 2224 1964 2278 nis.
2010 2223 2377 2280 Przedicamus
2410 2239 2576 2278 unam
2611 2233 2857 2279 sanctam
2883 2225 2979 2280 Dei
3006 2224 3305 2282 Ecclesiam
3340 2233 3461 2281 toto

1856 2317 1990 2372 orbe
2036 2316 2322 2385 diﬂ‘usam,
2384 2317 2519 2372 locis
2573 2327 2897 2386 separatam,
2950 2319 3056 2374 ﬁde
3094 2327 3148 2374 et
3196 2321 3463 2376 charitate

1859 2409 2203 2479 conjunctam
2234 2428 2246 2463 :
2276 2417 2332 2465 et
2363 2424 2547 2464 veram
2594 2410 2970 2465 remissionem
3011 2420 3358 2480 peccatorum
3404 2414 3462 2467 in

1861 2502 2050 2557 eadem
2077 2501 2342 2566 Ecclesia,
2372 2501 2484 2556 sive
2508 2516 2608 2570 per
2633 2501 2980 2570 baptismum,
3021 2503 3134 2557 sive
3168 2518 3265 2572 per
3286 2505 3464 2573 poeni-

1861 2591 2108 2658 tentiam,
2158 2593 2339 2646 divina
2390 2594 2623 2648 donante
2668 2594 2861 2663 gratia,
2913 2602 2968 2648 et
3011 2596 3152 2649 bona
3187 2595 3466 2651 voluntate

1859 2679 2098 2734 hominis
2122 2689 2468 2749 cooperante.
2496 2681 2780 2737 Credimus
2803 2692 2858 2737 et
2884 2698 3074 2739 omnes
3103 2684 3351 2741 homines
3376 2703 3464 2742 re-

1863 2778 2205 2825 surrecturos
2247 2787 2388 2837 esse,
2436 2779 2492 2826 et
2533 2773 2772 2842 singulos
2824 2775 3121 2830 secundum
3166 2791 3266 2832 sua
3299 2793 3465 2846 opera

1860 2859 2090 2929 iudicari
2131 2879 2143 2915 :
2179 2861 2377 2931 impios
2410 2864 2627 2919 mternis
2667 2865 2946 2934 suppliciis
2972 2867 3307 2924 damnandos
3339 2885 3469 2926 cum

1865 2953 2081 3010 diabolo
2119 2962 2173 3009 et
2210 2955 2415 3025 angelis
2458 2953 2606 3023 ejus;
2649 2965 2866 3012 sanctos
2888 2973 3017 3013 vero
3057 2965 3260 3013 aeterna
3293 2961 3469 3031 gloria

1866 3045 2229 3112 coronandos,
2259 3060 2383 3101 cum
2417 3045 2633 3102 Christo
2675 3054 2730 3102 et
2759 3048 2964 3103 sanctis
2998 3047 3202 3118 angelis
3245 3049 3362 3119 ejus
3404 3051 3463 3104 in

1865 3138 2062 3193 saecula
2088 3139 2442 3210 sempiterna.

1940 3253 2066 3308 Hmc
2110 3262 2194 3309 est
2220 3255 2357 3311 ﬁdes
2394 3257 2684 3326 catholica,
2715 3268 2770 3314 et
2811 3261 2932 3316 ideo
2970 3268 3187 3328 nostra;
3217 3270 3469 3334 optamus

1866 3345 2032 3400 etiam
2066 3352 2122 3400 et
2145 3354 2328 3400 vestra
2357 3364 2370 3399 :
2400 3349 2528 3418 quia
2567 3366 2674 3404 una
2712 3360 2796 3405 est
2823 3351 2976 3418 ﬁdes,
3005 3361 3058 3408 et
3088 3369 3254 3408 unum
3290 3355 3470 3424 bapti-

1865 3450 2003 3501 sma,
2039 3436 2093 3490 et
2120 3452 2260 3492 unus
2282 3438 2544 3496 Dominus
2573 3449 2761 3496 noster
2786 3441 2943 3498 Jesus
2970 3443 3236 3511 Christus,
3267 3445 3358 3515 qui
3383 3455 3471 3501 est

1864 3529 2008 3586 Deus
2033 3545 2216 3598 verus,
2241 3539 2297 3587 et
2317 3547 2481 3588 verus
2504 3533 2689 3602 homo,
2719 3551 2880 3589 verus
2906 3535 3067 3601 Deus,
3105 3543 3160 3590 et
3181 3552 3345 3592 verus
3368 3538 3468 3593 Dei

1864 3619 2054 3687 Filius,
2107 3623 2162 3676 in
2193 3629 2424 3693 utraque
2469 3631 2666 3679 natura
2714 3641 2854 3679 unus
2907 3625 3158 3695 idemque
3200 3628 3472 3682 mediator

1863 3710 1960 3764 Dei
1991 3718 2046 3766 et
2069 3711 2351 3767 hominum
2379 3714 2544 3769 homo
2579 3713 2737 3770 Iesus
2768 3714 3036 3784 Christus,
3068 3718 3161 3786 qui
3209 3727 3294 3773 est
3324 3720 3474 3776 Deus

1863 3799 2180 3856 benedictus
2232 3802 2287 3855 in
2335 3804 2552 3858 smcula.
2603 3804 2755 3859 Hanc
2796 3806 2958 3862 fidem
3004 3824 3122 3874 vos,
3163 3810 3472 3868 cbarissimi

1863 3887 2082 3957 fratres,
2114 3890 2349 3946 ﬁrmiter
2367 3901 2555 3948 tenere
2580 3895 2636 3947 in
2663 3910 2953 3953 commune
2982 3900 3338 3970 deprecamur
3369 3920 3382 3956 :
3413 3913 3472 3958 et

1863 3981 1912 4034 si
1947 3982 2108 4037 aliter
2135 3992 2294 4039 antea
2333 3987 2388 4040 in
2432 3986 2675 4056 quolibet
2704 3991 2870 4046 verbo
2914 3995 3180 4060 sensistis,
3211 3996 3472 4066 corrigite

1861 4073 2241 4140 vosmetipsos,
2296 4081 2352 4129 et
2400 4077 2469 4131 ad
2521 4077 2788 4134 unitatem
2829 4093 3029 4138 sancta:
3072 4086 3169 4142 Dei
3211 4087 3473 4143 Ecclesiae

1863 4176 2000 4230 pura
2030 4162 2138 4217 ﬁde
2160 4165 2414 4222 festinate
2438 4185 2452 4222 :
2491 4177 2547 4225 et
2571 4172 2948 4229 contentiones
2981 4178 3282 4246 nominum,
3311 4179 3472 4234 novi-

1863 4260 2114 4323 tatesque
2142 4270 2339 4312 vocum
2365 4259 2616 4326 devitate,
2633 4262 2780 4332 quia,
2805 4264 2963 4333 juxta
2986 4267 3323 4339 Apostolum,
3351 4287 3465 4327 non

1865 4351 1948 4399 est
1986 4346 2277 4404 haereticus
2319 4349 2425 4404 nisi
2466 4366 2534 4406 ex
2581 4357 2947 4412 contentione.
2976 4359 3087 4415 Vos
3125 4361 3290 4432 igitur
3337 4362 3467 4431 quia

1861 4438 2022 4506 pauci
2061 4439 2214 4506 estis,
2243 4443 2387 4497 unde
2408 4445 2612 4512 putatis
2646 4462 2743 4503 vos
2768 4449 2973 4520 aliquid
2998 4454 3179 4508 verius
3224 4456 3472 4512 invenire

154 4525 327 4579 Pater
353 4535 454 4593 est,
484 4533 609 4598 quia
641 4547 858 4603 semper
902 4535 1090 4590 habuit
1112 4536 1330 4593 Filium,
1372 4539 1634 4596 Αςιρηιυε
1659 4541 1761 4596 pa-
1786 4561 1843 4623 Β
1864 4530 2126 4623 potuisse,
2153 4547 2317 4601 quam
2344 4537 2487 4604 quod
2508 4545 2695 4593 sancta
2722 4541 3041 4599 universalis
3071 4553 3186 4601 toto
3211 4547 3342 4602 orbe
3363 4546 3471 4602 dif-

156 4624 271 4680 ter,
314 4626 551 4674 aeternus
593 4621 778 4691 Filius,
821 4634 1057 4684 mternus
1100 4637 1156 4685 et
1193 4630 1429 4700 Spiritus
1443 4640 1662 4687 sanctus
1689 4649 1756 4689 ex

150 4707 325 4763 Patre
359 4708 606 4782 Filioque
643 4720 940 4784 procedens
974 4739 986 4775 :
1021 4738 1160 4777 unus
1197 4724 1340 4778 Deus
1393 4725 1755 4794 omnipotens,

149 4797 323 4853 Pater
361 4808 416 4856 et
448 4802 619 4860 Filius
652 4815 706 4862 et
733 4808 968 4878 Spiritus
1001 4821 1222 4869 sanctus
1258 4815 1458 4884 ubique
1494 4831 1751 4884 prmsens,

151 4889 361 4960 ubique
411 4900 588 4962 totus,
627 4897 770 4953 Deus
816 4909 1081 4969 aeternus,
1115 4905 1420 4972 ineﬂabilis,
1450 4907 1754 4976 incompre-

149 4978 460 5038 hensibilis.
488 4985 548 5039 In
576 5001 683 5055 qua
714 4998 903 5046 sancta
927 4992 1194 5050 Trinitate
1225 4996 1372 5050 nulla
1413 5003 1497 5051 est
1521 5012 1754 5066 persona

147 5071 242 5127 vel
277 5081 524 5142 tempore
560 5081 848 5148 posterior,
879 5083 965 5137 vel
992 5085 1162 5153 gradu
1207 5086 1448 5154 inferior,
1485 5089 1572 5143 vel
1603 5096 1756 5158 pote-

144 5172 302 5221 state
338 5160 518 5220 minBr
555 5187 568 5221 :
607 5173 700 5226 sed
747 5189 846 5243 per
879 5178 1061 5232 omnia
1105 5179 1326 5249 aequalis
1361 5170 1528 5235 Patri
1562 5181 1752 5251 Filius,

144 5255 385 5327 aequalis
411 5255 559 5311 Patri
593 5270 648 5314 et
671 5263 808 5320 Filio
833 5267 1068 5337 Spiritus
1085 5280 1305 5328 sanctus
1332 5274 1630 5341 divinitate,
1661 5291 1758 5330 vo-

144 5349 388 5413 luntate,
429 5351 743 5416 operatione
780 5365 834 5410 et
887 5358 1076 5427 gloria.
1113 5362 1264 5418 Alius
1293 5365 1666 5420 tantummodo
1700 5366 1756 5418 in

144 5454 394 5509 persona
418 5437 600 5506 Pater,
635 5443 770 5498 alius
811 5448 866 5500 in
895 5466 1127 5518 persona
1155 5455 1345 5522 Filius,
1384 5457 1606 5511 alius-in
1637 5473 1760 5526 per-

145 5547 294 5586 sona
319 5530 556 5601 Spiritus
586 5544 826 5593 sanctus.
875 5539 990 5594 Non
1025 5544 1186 5611 aliud,
1220 5549 1315 5602 sed
1347 5562 1510 5602 unum
1536 5555 1752 5614 natura,

147 5623 404 5691 putentia
441 5632 497 5679 et
519 5628 752 5682 essentia
785 5631 928 5685 Dens
952 5631 1130 5699 Pater,
1157 5646 1211 5692 et
1231 5639 1420 5705 Filius,
1449 5648 1504 5694 et
1523 5641 1755 5709 Spiritus

148 5724 403 5782 sanctus.
449 5718 734 5775 Credimus
755 5738 821 5778 ex
852 5723 954 5778 hac
986 5737 1171 5782 sancta
1197 5731 1461 5789 Trinitate
1487 5732 1609 5788 Filii
1637 5738 1756 5786 tan-

527 5812 803 5882 PATROL.
850 5815 1133 5882 XCVIII.

1863 4617 1985 4674 fusa
2021 4629 2171 4677 tenet
2196 4624 2476 4681 Ecclesia?
2522 4627 2634 4685 Sub
2670 4635 2910 4702 tegmine
2951 4636 3161 4691 alarum
3194 4638 3338 4694 illius
3379 4656 3469 4696 re—

1862 4713 2144 4783 quiescite,
2176 4733 2246 4773 ne
2283 4732 2380 4774 vos
2405 4721 2560 4776 avida
2588 4721 2788 4779 diaboli
2829 4728 3118 4796 rapacitas,
3147 4731 3195 4785 si
3218 4731 3350 4788 foris
3382 4733 3468 4788 in-

1859 4807 2062 4873 veniat,
2091 4808 2323 4867 nefando
2348 4821 2568 4883 gutture
2590 4817 2830 4874 devoret.
2861 4820 3056 4878 Redite
3079 4823 3147 4879 ad
3169 4825 3318 4894 pium
3346 4842 3464 4880 ma-

1858 4901 1959 4956 tris
1988 4902 2246 4960 Ecclesize
2281 4909 2568 4977 gremium.
2623 4913 2717 4968 Illa
2765 4931 2861 4970 vos
2905 4915 3086 4973 foveat
3133 4926 3188 4970 et
3230 4919 3457 4983 nutriat,

1858 4994 2033 5052 donec
2065 5002 2366 5056 occurratis
2403 5001 2458 5056 in
2499 5004 2676 5058 virum
2709 5007 3031 5074 perfectum,
3061 5013 3118 5059 et
3145 5007 3200 5057 in
3225 5004 3459 5073 plenitu-

1858 5085 2040 5142 dinem
2083 5093 2327 5161 corporis
2359 5091 2583 5149 Christi.
2629 5095 2890 5151 Habetote
2937 5107 3038 5147 nos
3078 5103 3460 5164 cooperatores

1861 5179 2052 5235 salutis
2086 5191 2299 5249 vestrae,
2343 5185 2625 5242 catholicae
2662 5188 2809 5254 pacis
2848 5183 3199 5243 auxiliatores
3236 5205 3248 5240 :
3279 5196 3334 5241 et
3373 5206 3477 5243 so-.

1860 5272 2028 5327 cietas
2060 5283 2247 5328 nostra
2279 5276 2350 5330 sit
2383 5276 2438 5329 in
2473 5276 2688 5331 Christo
2717 5275 2842 5326 Jesu
2873 5271 3106 5332 Domino
3136 5283 3338 5339 nostro,
3367 5277 3458 5344 qui

1860 5380 1956 5419 vos
1986 5366 2268 5421 nobiscum
2296 5367 2638 5436 incorruptos
2669 5371 2723 5414 et
2763 5362 3150 5420 immaculatos
3183 5364 3287 5414 ﬁde
3315 5367 3462 5429 pari-

1861 5465 1944 5512 ter
1969 5465 2023 5512 et
2048 5472 2211 5527 opere
2231 5460 2516 5522 custodiat,
2547 5465 2598 5510 et
2625 5449 2916 5504 constituat
2945 5459 3089 5508 ante
3118 5458 3468 5514 conspectum

1863 5547 2046 5617 gloriae
2090 5564 2202 5604 sum
2254 5545 2703 5605 incontaminatos
2751 5540 2804 5584 et
2827 5531 3371 5599 inreprehensibiles,
3417 5546 3474 5588 et

1861 5648 2134 5710 perpetuze
2170 5636 2512 5696 beatitudinis
2561 5621 2802 5682 hmredes
2852 5619 3080 5687 pariter
3147 5621 3390 5702 perﬁciat
3425 5625 3486 5682 in

1863 5741 2145 5787 aeternum.
2185 5733 2372 5785 Amen.

3010 5803 3158 5876 ἓξ)
