4074 6148
640 309 744 368 907

1177 400 1507 476 EPISTOLA
1548 419 1656 475 v11.

993 527 1061 571 AD
1099 528 1271 570 OFFAI
1309 526 1486 568 REGE]!
1527 526 1860 569 ηκειοιιωι.

1246 602 1424 674 (Anno
1452 602 1602 675 795.)

986 695 1082 764 (Ex
1103 695 1276 757 Mansi,
1296 695 1622 746 Conciliorum
1645 694 1877 759 Collect.)

703 781 961 850 Carolus,
1005 781 1176 854 gratia
1210 779 1305 835 Dei
1333 793 1430 834 rex
1459 777 1796 834 Francorum
1825 785 1881 833 et
1907 776 2222 848 Langobar-

637 879 829 935 dorum
861 882 918 932 et
957 873 1218 946 patricius
1263 869 1652 936 Romanorum,
1685 872 1803 928 viro
1835 869 2145 926 venerando
2170 877 2226 926 et

635 969 790 1025 fratri
813 966 1134 1024 charissimo
1154 961 1287 1019 Oll‘a
1319 963 1433 1032 regi
1456 962 1779 1018 Merciorum
1805 961 2056 1016 salutem.

704 1059 888 1116 Primo
913 1055 1113 1126 gratias
1153 1051 1510 1120 omnipotenti
1548 1052 1660 1106 Deo
1706 1051 1914 1122 agimus
1939 1050 2006 1104 de
2043 1049 2228 1105 catho-

636 1152 756 1206 lica
781 1147 906 1204 ﬁdei
930 1143 1244 1202 sinceritate
1273 1155 1434 1208 quam
1464 1141 1520 1196 in
1548 1142 1743 1196 vestris
1769 1141 2110 1196 laudabiliter
2134 1155 2230 1210 pa-

636 1242 778 1313 ginis
809 1239 1107 1310 reperimus
1141 1244 1440 1292 exaratam.
1484 1235 1558 1289 De
1603 1235 1905 1306 peregrinis
1950 1250 2098 1300 vero,
2135 1236 2228 1305 qui

635 1345 734 1404 pro
756 1335 941 1386 amore
962 1327 1058 1384 Dei
1085 1336 1140 1382 et
1166 1326 1340 1382 salute
1366 1325 1671 1381 animarum
1703 1339 1923 1379 suarum
1943 1324 2228 1380 beatorum

636 1418 1003 1492 apostolorum
1043 1417 1229 1473 limina
1251 1417 1560 1472 desiderant
1593 1415 1762 1481 adire,
1788 1431 1912 1471 cum
1948 1430 2083 1486 pace
2113 1417 2230 1472 sine

635 1515 784 1571 omni
831 1511 1233 1584 perturbatione
1271 1509 1487 1565 vadant.
1536 1507 1644 1565 Sed
1686 1508 1734 1564 si
1774 1509 1938 1579 aliqui
1963 1525 2072 1565 non
2103 1508 2229 1564 reli-

636 1607 783 1679 gioni
834 1604 1152 1671 servientes,
1202 1603 1295 1658 sed
1337 1602 1550 1658 lucrum
1601 1609 1894 1667 sectantes,
1951 1602 2092 1657 inter
2136 1616 2230 1658 eos

635 1693 1002 1759 inveniantur,
1024 1693 1159 1749 locis
1185 1691 1501 1764 opportunis
1528 1699 1729 1747 statuta
1759 1693 1972 1749 solvant
1992 1693 2223 1749 telonea.

1501 305 1562 360 B.
1601 303 1852 362 CAROLI
1891 298 2112 358 MAGNl
2147 295 2300 356 opp.
2338 294 2518 354 rans
2554 297 2619 354 ιι.
2665 276 2908 356 sncrio
2940 299 2985 355 ι.

3811 300 3933 362 908

2241 410 2300 476 Δ
2321 428 2445 469 cum
2483 413 2791 470 dilectionis
2815 418 3040 470 munera
3063 412 3204 485 patri
3228 425 3351 470 meo
3375 410 3695 472 dulcissimo
3708 419 3933 487 prado-

2325 504 2530 560 cessori
2594 494 2778 560 vestro
2827 505 3060 576 dirigere
3119 519 3458 574 paraveram,
3506 514 3569 560 ut
3635 508 3934 570 charitatis

2325 611 2489 669 quam
2540 597 2598 652 in
2631 611 2696 652 eo
2722 597 2886 652 habui
2912 595 3297 653 muniﬁcentia
3344 598 3601 669 largitate
3653 611 3934 660 monstra—

2324 703 2442 744 rem
2467 689 2918 760 magnitudinem,
2941 696 2996 742 et
3021 689 3357 745 suavissima
3394 691 3539 744 inter
3562 707 3664 748 nos
3691 693 3934 753 familia—

2325 781 2506 836 ritatis
2530 781 2764 838 ﬁdelitas
2788 783 3081 838 multorum
3131 783 3509 838 ostenderetur
3545 785 3742 852 oculis,
3799 803 3932 846 ecce

2326 873 2528 941 subito,
2565 874 2709 943 quod
2755 874 2872 928 sine
2914 873 3096 928 dolore
3129 889 3239 928 non
3275 874 3471 939 dicam,
3509 876 3630 930 sine
3670 877 3932 951 laerymis

2328 979 2438 1020 non
2464 965 2642 1034 cogito
2674 979 2788 1035 pra
2815 965 3056 1032 tristitia,
3086 965 3269 1020 obitus
3312 965 3458 1021 illius
3492 966 3769 1038 legatione
3801 968 3932 1027 con-

2330 1067 2606 1116 sternatus
2626 1077 2768 1128 sum,
2787 1069 2843 1114 et
2862 1061 2953 1116 ubi
2979 1061 3180 1115 latitia
3204 1075 3526 1129 paraveram
3554 1062 3813 1134 insignia,
3858 1067 3928 1122 ibi

2330 1164 2419 1204 me
2442 1151 2686 1206 tristitia
2709 1133 3064 1206 turbaverunt
3099 1149 3370 1220 lugubria.
3402 1150 3520 1206 Etsi
3546 1133 3844 1221 Apostolus
3866 1155 3932 1210 de

2332 1242 2563 1297 mortuis
2597 1241 2911 1297 contristari
2961 1241 3234 1310 prohibet,
3263 1248 3448 1296 tamen
3485 1243 3726 1300 citaritas
3753 1247 3931 1317 laci-y-

2330 1346 2449 1386 mas
2475 1332 2672 1387 elicere
2695 1347 2806 1387 non
2857 1340 3056 1388 cessat.
3116 1331 3235 1385 Non
3283 1333 3439 1401 quasi
3470 1344 3744 1391 mortuum
3769 1337 3932 1407 plan-

2331 1430 2540 1492 gentes,
2569 1421 2663 1478 sed
2681 1423 2834 1494 quasi
2885 1422 3082 1478 melius
3117 1437 3243 1478 cum
3279 1422 3497 1482 Christo
3520 1427 3794 1483 viventem
3842 1443 3931 1483 re-

2331 1513 2637 1581 cordantes,
2667 1515 2713 1569 si
2738 1529 2836 1568 nos
2863 1513 3132 1583 corporali
3170 1516 3454 1583 prasentia
3499 1519 3771 1586 amisisse,
3816 1535 3928 1574 non

2331 1609 2513 1656 tamen
2549 1604 2779 1673 spiritali
2805 1603 3061 1674 sull‘ragio
3087 1602 3240 1658 illum
3273 1619 3374 1659 nos
3410 1606 3655 1660 amittere
3679 1608 3931 1662 arbitra-

2331 1711 2471 1752 mur.
2511 1697 2620 1753 Sed
2654 1713 2913 1770 magnum
2951 1698 3136 1753 divina
3185 1698 3340 1753 nobis
3378 1697 3694 1768 pravidebat
3735 1701 3929 1770 gratia

634 1783 1010 1857 Negotiatores
1047 1786 1261 1852 quoque
1286 1783 1534 1838 volumus
1559 1789 1619 1836 ut
1645 1799 1713 1838 ex
1752 1785 2007 1840 mandato
2040 1793 2228 1841 nostro
2256 1772 2308 1833 Β
2331 1790 2610 1857 solatium,
2645 1791 2773 1845 dum
2821 1805 2941 1858 vos,
2967 1792 3052 1846 vir
3077 1791 3402 1857 venerande,
3446 1791 3504 1845 in
3549 1791 3721 1846 locum
3764 1791 3927 1846 illius

636 1875 996 1947 patrocinium
1033 1872 1268 1928 habeant
1301 1872 1356 1926 in
1385 1885 1552 1944 regno
1582 1881 1771 1929 nostro
1798 1875 2055 1943 legitime.
2085 1877 2154 1932 Et
2181 1879 2229 1934 si

637 1969 816 2038 aliquo
842 1967 963 2022 loco
992 1964 1192 2036 injusta
1213 1963 1522 2036 allligantur
1543 1965 1912 2035 oppressione,
1935 1967 2230 2023 reclament

637 2072 697 2113 se
721 2057 789 2112 ad
814 2067 914 2111 nos
957 2054 1043 2110 vel
1083 2061 1299 2110 nostros
1345 2051 1569 2123 iudices,
1603 2062 1657 2109 et
1677 2054 1892 2124 plenam
1919 2054 2229 2124 jubehimus

632 2149 901 2221 justitiam
929 2147 1064 2203 ﬁeri.
1091 2146 1392 2218 Cognoscat
1414 2163 1628 2220 quoque
1651 2148 1865 2204 dilectio
1885 2157 2065 2204 vestra
2087 2151 2230 2221 quod

637 2241 875 2312 aliquam
914 2240 1302 2313 benignitatem
1335 2242 1402 2296 de
1440 2241 1743 2297 da-lmaticis
1781 2241 1984 2297 nostris
2010 2241 2094 2297 vel
2121 2242 2231 2312 palo

636 2333 726 2388 liis
774 2331 843 2388 ad
887 2332 1126 2403 singulas
1168 2331 1325 2387 sedes
1359 2331 1693 2402 episcopales
1739 2333 1894 2402 regni
1939 2333 2104 2388 vestri
2145 2333 2231 2389 vel

635 2423 933 2481 Ethelfredi
957 2423 1256 2500 direximus
1281 2425 1338 2478 in
1365 2423 1766 2494 eleemosynam
1804 2423 1988 2479 domui
2015 2432 2231 2494 aposto-

635 2517 730 2574 tici
751 2517 996 2584 Adriani,
1025 2516 1377 2586 deprecantes
1400 2523 1460 2568 ut
1481 2528 1583 2583 pro
1603 2528 1669 2568 eo
1694 2514 1951 2570 intercedi
1971 2506 2226 2582 iubeatis,

635 2606 840 2664 nullam
870 2607 1132 2661 habentes
1161 2603 1554 2659 dubitationem
1578 2603 1789 2658 beatam
1823 2602 1965 2658 illius
1991 2605 2228 2660 animam

638 2699 697 2756 in
721 2698 907 2769 requie
937 2711 1076 2764 esse,
1113 2696 1209 2752 sed
1240 2704 1302 2750 ut
1330 2694 1488 2751 ﬁdem
1520 2702 1574 2750 et
1619 2695 1960 2751 dilectionem
1983 2698 2228 2754 ostenti»

637 2797 764 2847 mus
782 2790 839 2846 in
864 2789 1096 2845 amicum
1119 2798 1360 2845 nostrum
1386 2787 1786 2845 charissimum.
1817 2789 1925 2847 Sed
1945 2793 2088 2848 etde
2113 2791 2228 2846 the-

637 2887 804 2941 Sa'uro
833 2883 1195 2939 humanarum
1226 2897 1427 2949 rerum,
1459 2898 1620 2953 quem
1652 2883 1914 2941 Dominus
1935 2883 2098 2941 Iesus
2133 2899 2229 2941 tro-

637 2974 725 3032 bis
754 2975 987 3046 gratuita
1011 2975 1211 3047 pietate
1244 2975 1534 3042 concessit,
1564 2976 1765 3046 aliquid
1792 2992 1891 3048 per
1925 2975 2231 3050 metropoli-

637 3073 806 3123 tanas
833 3065 1082 3122 civitates
1122 3067 1436 3122 direximus.
1468 3067 1677 3123 Vestra
1710 3083 1928 3148 quoque
1956 3067 2230 3126 dilectioni

639 3173 810 3214 unum
845 3157 1086 3214 balteum
1129 3166 1185 3213 et
1223 3173 1390 3213 unum
1431 3157 1667 3228 gladium
1712 3128 2014 3218 ﬁuniscum
2047 3169 2107 3220 et
2127 3161 2230 3218 duo
2253 3128 2306 3196 θ

639 3250 808 3322 pallia
823 3253 1001 3308 serica
1022 3250 1275 3307 duximus
1298 3249 1634 3306 destinanda.
1667 3250 1823 3308 Vale.

1191 3366 1525 3425 EPISTOLA
1564 3369 1698 3426 VIII.

1115 3476 1184 3517 AD
1220 3477 1429 3520 ιΕοΝειί
1470 3479 1532 3520 Ill
1571 3478 1772 3530 PAPAI,

751 3552 924 3614 lina
942 3569 1038 3628 per
1060 3554 1417 3629 Angilbertum
1451 3560 1692 3616 abbatem
1737 3556 2124 3618 Gamalam

1252 3649 1430 3724 (Anno
1469 3652 1618 3724 796.)

1082 3739 1179 3804 (Ex
1211 3740 1387 3807 Mansi,
1410 3743 1554 3794 Cone.
1579 3740 1808 3801 Collect.)

717 3821 960 3891 Carolus,
986 3825 1161 3895 gratia
1184 3824 1281 3880 Dei
1332 3841 1429 3882 rex
1474 3825 1807 3880 Francorum
1841 3830 1896 3877 et
1920 3820 2233 3894 Langobar-

647 3915 838 3976 dorum
864 3931 928 3972 ac
959 3916 1220 3986 patricius
1245 3915 1630 3980 Romanorum,
1659 3913 1830 3968 Leoni
1857 3928 2010 3985 papa
2042 3927 2236 3986 perpe-

647 4015 758 4065 tua
779 4006 1128 4063 beatitudinis
1149 4008 1205 4062 in
1231 4005 1448 4062 Christo
1483 4002 1733 4056 salutem.

715 4097 975 4154 Perlectis
1022 4096 1354 4155 excellentia:
1379 4099 1573 4147 vestra
1621 4092 1818 4151 litteris
1853 4102 1908 4152 et
1936 4097 2238 4154 audita-de-

646 4191 834 4250 cretali
860 4190 1124 4256 chartula,
1148 4187 1319 4250 valde,
1346 4191 1408 4239 ut
1443 4181 1638 4254 fateor,
1675 4188 1850 4261 gavisi
1873 4205 2081 4259 summ,
2138 4205 2240 4247 seu

645 4281 704 4340 in
743 4281 1023 4339 electionis
1073 4277 1451 4344 unanimitate,
1488 4293 1584 4335 seu
1612 4281 1666 4336 in
1694 4281 2018 4339 humilitatis
2039 4290 2242 4339 vestra

647 4376 970 4443 obedientia,
1007 4380 1062 4428 et
1106 4373 1162 4427 in
1186 4370 1562 4442 promissionis
1609 4373 1680 4429 ad
1714 4389 1816 4430 nos
1870 4374 2150 4430 ﬁdelitate.
2172 4375 2240 4429 in

2331 1884 2668 1953 subrogavit,
2718 1891 2779 1939 ut
2805 1889 2949 1939 esset
2978 1885 3073 1954 qui
3101 1884 3339 1954 quotidie
3376 1885 3520 1954 apud
3557 1885 3764 1939 beatum
3810 1884 3920 1940 Pe-

2331 1984 2476 2031 trum
2502 1977 2803 2048 principem
2830 1977 3193 2048 apostolorum
3218 1991 3317 2045 pro
3342 1977 3515 2032 totius
3539 1976 3790 2031 Ecclesia
3809 1983 3926 2029 sta-

2331 2067 2568 2136 bilitate,
2593 2077 2650 2123 et
2674 2071 2766 2140 qui
2790 2085 2888 2140 pro
2915 2069 3088 2125 salute
3121 2083 3242 2123 mea
3265 2081 3622 2137 meorumque
3667 2067 3929 2130 ﬁdelium,

2333 2160 2442 2215 imo
2468 2167 2524 2214 et
2559 2175 2661 2230 pro
2685 2161 2852 2216 totius
2884 2159 3176 2223 stabilitate
3225 2158 3373 2226 regni
3401 2157 3560 2211 nobis
3597 2173 3629 2210 a
3664 2159 3780 2212 Deo
3819 2156 3938 2210 dati

2333 2256 2714 2322 intercederet,
2754 2262 2807 2308 et
2849 2261 3074 2322 paterna
3118 2251 3315 2318 pietate
3354 2263 3455 2302 nos
3500 2247 3558 2301 in
3597 2247 3773 2302 ﬁlium
3823 2249 3941 2307 sibi

2333 2352 2652 2420 adoptaret.
2689 2347 2776 2401 Ad
2818 2342 3124 2398 dilectionis
3170 2340 3456 2411 paciﬁcum
3502 2340 3940 2395 unanimitatem

2333 2427 2705 2512 Angilbermm
2759 2432 3068 2490 manualem
3142 2432 3530 2488 familiaritatis
3585 2439 3787 2486 vestra
3853 2433 3938 2486 di-

2331 2531 2566 2585 reximus
2591 2527 2885 2592 sanctitati,
2923 2539 3085 2596 quem
3111 2526 3283 2595 prius,
3301 2525 3444 2580 sicut
3466 2523 3819 2593 promisimus
3835 2538 3937 2594 per

2327 2617 2610 2689 religiosos
2631 2618 2780 2672 viros
2801 2617 3121 2684 Campoium
3141 2614 3580 2680 etAnastasium,
3606 2614 3933 2669 beatissimo

2326 2709 2468 2779 patri
2493 2715 2684 2763 nostro
2708 2708 3094 2778 praedecessori
3122 2715 3305 2762 vestro
3327 2705 3562 2777 dirigere
3583 2707 3931 2771 curavimus;

2331 2801 2458 2866 sed,
2494 2797 2556 2854 ut
2595 2799 2805 2870 praefati
2850 2815 3070 2866 sumus,
3127 2799 3256 2853 dum
3285 2800 3478 2853 exenia
3517 2799 3699 2853 onia
3734 2807 3931 2868 parata

2333 2899 2508 2956 erant,
2538 2887 2752 2963 lugubri
2780 2901 3019 2962 paterna
3049 2897 3242 2947 mortis
3273 2893 3462 2947 nuntio
3488 2899 3711 2960 repente
3745 2893 3932 2947 tarda-

2333 2991 2450 3041 tum
2478 2991 2562 3040 est
2587 2985 2690 3040 iter
2725 2984 2888 3039 illius.
2923 2983 3028 3038 Sed
3055 2984 3214 3039 modo
3239 2984 3561 3040 latioresde
3584 2993 3782 3040 vestra
3802 3001 3929 3041 san-

2334 3078 2543 3134 ctitatis
2566 3077 2910 3132 successione
2940 3073 3097 3140 facti,
3117 3077 3264 3144 quod
3289 3077 3713 3134 desideravimus
3742 3080 3800 3133 in
3838 3081 3932 3135 illo

2333 3172 2423 3244 pio
2454 3177 2610 3240 patre
2637 3180 2796 3238 agere
2813 3207 2830 3233 ,
2856 3167 2914 3220 in
2934 3166 3097 3221 vobis
3118 3167 3383 3236 perﬁcere
3412 3169 3710 3226 studemus.
3741 3171 3932 3241 Illique

2333 3263 2516 3332 omnia
2545 3259 2877 3330 iniunximus
2903 3273 3024 3328 qua
3056 3259 3143 3312 vel
3154 3260 3316 3316 nobis
3334 3261 3638 3317 voluntaria
3663 3264 3750 3318 vel
3772 3266 3932 3320 vobis

2333 3354 2640 3412 necessaria
2691 3363 2812 3406 esse
2850 3348 3190 3418 videbantur,
3250 3358 3312 3407 ut
3335 3366 3402 3408 ex
3428 3357 3716 3411 collatione
3738 3365 3929 3412 mutua

2335 3447 2629 3507 conferatis
2676 3445 2762 3501 vel
2793 3443 3054 3515 quidquid
3079 3446 3150 3500 ad
3186 3445 3572 3502 exaltationem
3602 3457 3805 3505 sanctae
3831 3452 3932 3506 Dei

2335 3538 2614 3604 Ecclesia,
2639 3535 2729 3591 vel
2755 3535 2824 3591 ad
2845 3536 3199 3596 stabilitatem
3212 3536 3436 3593 honoris
3449 3542 3638 3606 vestri,
3660 3543 3744 3596 vel
3758 3544 3931 3611 patri-

2335 3631 2510 3687 ciatus
2543 3629 2717 3685 nostri
2764 3628 3077 3683 ﬁrmitatem
3123 3629 3488 3685 necessarium
3529 3631 3942 3704 intelligeretis..

2337 3720 2496 3778 Sicut
2539 3721 2685 3776 enim
2735 3735 2862 3776 cum
2906 3721 3222 3776 beatissimo
3286 3721 3686 3790 praedecessore
3732 3734 3930 3782 vestra

2335 3817 2540 3868 sancta
2560 3810 2906 3880 paternitatis
2937 3819 3157 3879 pactum
3181 3809 3296 3875 inii,
3327 3811 3413 3866 sic
3437 3826 3564 3866 cum
3595 3814 3931 3871 beatitudine

2335 3908 2518 3956 vestra
2555 3899 2797 3969 ejusdem
2834 3899 2959 3956 ﬁdei
2995 3909 3052 3955 et
3088 3899 3370 3955 charitatis
3403 3901 3714 3959 inviolabile
3753 3905 3928 3962 fadus

2335 4003 2580 4053 Statuere
2625 3995 2904 4061 desidero;
2953 4002 3221 4063 quatenus
3281 3995 3591 4063 apostolica
3649 3999 3928 4054 sanctitati

2336 4096 2554 4154 vestra,
2598 4088 2779 4143 divina
2821 4087 3056 4144 donante
3092 4087 3266 4156 gratia
3310 4095 3623 4143 sanctorum
3663 4091 3923 4146 advocata

2335 4182 2588 4252 precibus
2611 4193 2698 4235 me
2722 4181 2922 4250 ubique
2949 4180 3249 4249 apostolica
3282 4180 3587 4236 benedictio
3629 4197 3926 4254 consequa-

2335 4278 2462 4338 tur,
2501 4277 2559 4324 et
2613 4270 2956 4327 sanctissima
2998 4269 3260 4326 Romana
3287 4269 3544 4327 Ecclesia
3583 4274 3771 4341 sedes,
3813 4276 3928 4331 Deo

2335 4363 2606 4429 donante,
2635 4371 2822 4418 nostra
2865 4376 3078 4432 semper
3114 4363 3400 4420 devotione
3441 4363 3774 4424 defendatur.
3816 4367 3928 4423 No-

647 4469 844 4541 quibus
870 4467 1120 4525 omnibus
1142 4477 1208 4518 ex
1247 4463 1440 4520 intimo
1465 4465 1645 4520 cordis
1669 4465 1866 4520 aﬂectu
1901 4467 2102 4522 divina:
2117 4469 2238 4538 pie.
2261 4478 2316 4540 ι)
2336 4461 2512 4511 stram
2541 4460 2645 4520 est,
2673 4454 2965 4509 secundum
2999 4453 3262 4510 auxilium
3297 4454 3490 4511 divina
3531 4460 3768 4528 pietatis,
3797 4474 3926 4515 san-

647 4563 747 4615 t'ati
773 4562 984 4631 agimus
1007 4557 1230 4628 gratias,
1276 4555 1403 4623 quia
1444 4555 1601 4610 nobis
1620 4563 1744 4625 post
1768 4557 2114 4628 lacrymabile
2133 4560 2238 4617 do—

648 4650 782 4705 loris
814 4649 1010 4704 vulnus
1035 4647 1177 4718 quod
1204 4643 1400 4700 anima
1447 4652 1648 4702 nostra
1693 4647 2035 4706 dilectissimi
2063 4654 2244 4721 patris

649 4742 706 4794 et
741 4737 1040 4795 ﬁdelissimi
1064 4735 1228 4792 amici
1251 4734 1430 4791 obitus
1455 4734 1672 4807 inﬂixit,
1711 4739 1818 4794 tale
1838 4740 1897 4796 in
1920 4743 2073 4800 vobis
2105 4746 2241 4802 soli-

651 4835 706 4888 ta
729 4846 840 4889 sua
865 4828 1162 4890 clementia
1186 4823 1525 4898 providentia
1550 4830 1799 4887 solatium
1823 4835 2122 4904 perdonare
2155 4837 2236 4893 di-

650 4933 848 4998 gnatus
873 4929 976 4978 est.
1005 4918 1161 4977 Unde
1183 4929 1238 4974 et
1261 4927 1458 4976 vestra
1506 4925 1799 4991 sanctitati,
1840 4929 1996 4996 quasi
2029 4929 2235 4984 vicario

651 5017 853 5075 latitia
891 5022 1136 5079 munere,
1183 5025 1282 5084 per
1307 5012 1548 5084 ejusdem
1596 5017 1695 5072 Dei
1719 5026 1775 5073 et
1801 5019 2014 5076 Domini
2060 5021 2236 5075 nostri

651 5105 781 5162 Iesu
807 5101 1006 5159 Christi
1045 5101 1491 5175 misericordiam,
1537 5108 1629 5178 qui
1655 5117 1857 5165 sancta
1910 5125 2024 5166 sua
2048 5110 2236 5166 Eccle-

655 5197 750 5255 sia
775 5198 1053 5254 in.vestra
1082 5196 1432 5256 beatitudinis
1465 5200 1790 5258 exaltatione
1813 5201 2102 5265 consuluit,
2137 5217 2237 5258 no-

654 5299 822 5350 stram
849 5291 1197 5362 omniumque
1240 5291 1478 5348 ﬁdelium
1511 5299 1822 5347 nostrorum
1847 5292 2236 5351 demandamus

654 5387 1087 5458 prosperitatem,
1118 5399 1331 5443 necnon
1356 5393 1410 5439 et
1442 5383 1721 5452 paciﬁcam
1749 5385 1805 5439 in
1837 5383 1934 5438 Dei
1959 5385 2234 5443 voluntate

656 5479 822 5535 totius
864 5479 1016 5550 regni
1063 5480 1236 5535 nostri
1281 5473 1668 5532 innotescimus
1708 5476 2138 5544 unanimitatem,
2174 5485 2235 5534 ut

656 5583 806 5639 aque
832 5571 886 5624 in
912 5575 1112 5622 nostra
1141 5562 1438 5624 devotionis
1464 5567 1742 5636 gaudeatis
1775 5570 1916 5626 sicut
1939 5577 1995 5625 et
2033 5585 2133 5631 nos
2180 5572 2234 5628 in

657 5667 851 5708 vestra
885 5658 1190 5713 sanctitatis
1227 5658 1472 5713 laetamur
1507 5663 1865 5722 successibus.
1907 5663 2012 5721 Sed
2051 5674 2109 5721 et
2131 5666 2237 5724 hoc

661 5749 851 5832 vestra
875 5746 1230 5807 sanctissima
1253 5752 1638 5813 benevolentia
1661 5759 2068 5831 innotescimus,
2092 5765 2237 5829 quod

2335 4555 2481 4604 ctam
2515 4546 2718 4616 ubique
2762 4543 2969 4601 Christi
2991 4545 3290 4601 Ecclesium
3333 4547 3406 4603 ab
3426 4547 3640 4603 incursu
3676 4563 3922 4616 pagano-

2337 4655 2459 4695 rum
2483 4645 2539 4694 et
2571 4639 2642 4694 ab
2675 4636 2973 4693 inﬁdelium
3014 4635 3387 4693 devastatione
3411 4639 3570 4695 armis
3603 4635 3911 4702 defendere,

2337 4728 2471 4786 foris
2508 4737 2564 4783 et
2598 4729 2747 4784 intus
2781 4728 3062 4784 catholicae
3091 4729 3217 4785 ﬁdei
3251 4731 3520 4801 agnitione
3555 4724 3783 4781 munire.
3804 4724 3924 4780 Ve-

2335 4841 2512 4889 strum
2535 4839 2638 4897 est,
2673 4833 3014 4887 sanctissime
3043 4829 3224 4897 Pater,
3242 4833 3468 4888 elevatis
3501 4831 3568 4887 ad
3594 4829 3765 4884 Deum
3796 4843 3922 4884 cun

2339 4921 2522 4994 Moyse
2561 4923 2830 4987 manibus,
2872 4929 3115 4976 nostram
3152 4921 3407 4989 adjuvare
3425 4921 3695 4983 militiam,
3737 4928 3922 4988 quate-

2336 5029 2439 5068 nus
2478 5015 2630 5068 vobis
2671 5011 3154 5073 intercedentibus,
3198 5010 3308 5060 Deo
3355 5007 3579 5061 ductore
3613 5015 3670 5080 et
3710 5010 3912 5080 datare,

2335 5101 2562 5174 populus
2586 5100 2925 5155 Christianus
2951 5110 3110 5164 super
3131 5071 3379 5150 inimicos
3417 5098 3501 5151 sui
3538 5071 3714 5155 sangti
3751 5071 3914 5159 nomi;

2334 5197 2422 5252 nis
2453 5191 2652 5260 ubique
2677 5202 2890 5258 semper
2927 5188 3128 5244 habeat
3147 5188 3456 5255 victoriam,
3491 5197 3546 5243 et
3582 5206 3780 5248 nomen
3817 5195 3913 5251 Do-

2335 5289 2469 5347 mini
2505 5285 2679 5342 nostri
2728 5284 2855 5340 Jesu
2906 5285 3109 5342 Christi
3127 5293 3243 5343 toto
3281 5286 3610 5343 elariﬁcetur
3657 5289 3713 5345 in
3767 5293 3908 5347 orbe.

2336 5382 2545 5438 Vestra
2582 5393 2712 5436 vero
2749 5378 3090 5435 auctoritatis
3122 5379 3411 5439 prudentia
3446 5395 3681 5436 canones
3719 5384 3910 5453 ubique

2335 5481 2612 5546 sequatur,
2647 5481 2913 5544 quatenus
2934 5473 3102 5528 totius
3135 5473 3441 5529 sanctitatis
3477 5474 3719 5542 exempla
3745 5476 3908 5530 omni-

2336 5570 2438 5626 bus
2474 5569 2751 5625 evidenter
2779 5569 2834 5623 in
2883 5575 3061 5623 vestra
3106 5567 3346 5637 fulgeant
3385 5567 3820 5634 conversatione,
3860 5577 3909 5621 et

2336 5673 2541 5723 sancta
2587 5663 2971 5720 admonitionis
3016 5662 3322 5719 exhortatio
3383 5661 3634 5716 audiatur
3669 5660 3736 5712 ab
3784 5671 3904 5724 ore;

2342 5768 2606 5835 quatenus
2632 5759 2913 5826 sicluceat
2953 5757 3046 5815 lux
3074 5765 3254 5814 vestra
3288 5770 3473 5814 coram
3517 5752 3822 5814 hominibus
3850 5759 3906 5806 ut
