4074 6148
680 311 780 367 911

1477 347 1481 354 .
1539 305 1634 364 JB.
1675 283 1928 364 CAROLI
1959 303 2174 362 MAGNI
2209 299 2358 361 opp.
2399 301 2578 359 PARS
2614 301 2677 356 ιι.
2720 300 2964 358 SECTIO
2996 300 3040 357 ι.

3847 311 3944 369 912

679 424 807 478 dum
853 419 1309 491 opportunitatem
1355 419 1616 494 temporis
1670 425 1726 474 et
1764 417 2144 488 profectionis,
2201 417 2257 471 in
2280 413 2336 472 Δ
2360 411 2590 482 dierum]
2619 413 2861 480 corporis
2901 409 3005 477 sui,
3045 411 3266 483 triginta
3290 426 3387 468 sex
3410 413 3544 479 dies,
3573 414 3720 472 sicut
3755 417 3944 478 beatus

676 527 832 586 suam
857 521 1210 580 transponere
1233 513 1485 580 patriam,
1509 519 1571 568 ut
1595 511 1668 566 ibi
1686 510 1960 580 judicetur
1985 511 2127 566 unde
2151 524 2251 564 ex-

676 605 794 660 ivit.
826 604 961 658 Nam
986 605 1062 659 ibi
1100 619 1315 673 quoque
1338 612 1536 659 sanctae
1563 604 1659 659 Dei
1685 603 1938 659 Ecclesia:
1961 603 2168 672 puritas
2192 602 2251 654 in

675 695 938 759 moribus,
977 703 1030 749 et
1055 695 1284 749 ﬁrmitas
1322 695 1379 748 in
1428 695 1551 759 ﬁde,
1588 702 1642 750 et
1664 695 1916 750 honestas
1949 694 2003 746 in
2033 707 2254 747 conver—

675 789 905 852 satione,
930 789 1225 842 secundum
1265 785 1580 839 canonicam
1620 785 1946 839 sanctionem
1971 780 2255 847 diligenter

675 879 954 935 observari
989 879 1221 943 debebit,
1276 884 1336 930 ut
1369 891 1475 930 una
1498 919 1511 942 ,
1562 874 1799 946 perfecta
1837 881 1889 927 ct
1913 870 2253 926 immaculata

675 972 944 1036 columba,
961 969 1115 1037 cujus
1140 985 1330 1038 pennae
1353 970 1734 1035 deargentatm,
1756 972 1809 1018 et
1822 961 2119 1032 posteriora
2142 958 2256 1026 ejus

674 1059 732 1115 in
760 1060 939 1128 specie
962 1059 1082 1112 auri
1114 1058 1412 1112 clarescere
1442 1056 1658 1109 debent.
1697 1054 1837 1116 Vita,
1864 1049 2026 1112 salus,
2057 1057 2111 1103 et
2135 1064 2258 1117 pro«

675 1150 906 1218 speritas
925 1149 1022 1203 tibi
1049 1148 1263 1216 tuisque
1283 1145 1528 1200 ﬁdelibus
1557 1159 1590 1198 a
1616 1145 1726 1199 Deo
1759 1141 1974 1196 Christo
2009 1141 2164 1194 detur
2202 1140 2256 1192 in

674 1245 955 1294 aeternum.
1039 1298 1042 1302 ί
1085 1298 1091 1305 κ

1177 1321 1205 1348 ιι
1240 1302 1573 1361 EPISTOLA
1620 1302 1756 1357 XIII.

1159 1393 1228 1431 AD
1256 1390 1487 1430 ALBINUM
1522 1387 1786 1428 ABBATEI.

1317 1444 1494 1516 (Anno
1521 1441 1670 1514 800.)

966 1539 1061 1601 (Ex
1086 1537 1337 1602 Operlbus
1358 1535 1576 1596 Alcuini,
1597 1533 1727 1583 Edit.
1753 1531 1994 1593 Froben.)
2014 1547 2019 1552 '

747 1621 991 1687 Carolus,
1024 1621 1198 1691 gratia
1224 1619 1340 1683 Dei,
1391 1633 1488 1671 rex
1520 1615 1850 1670 Francorum
1872 1655 1886 1680 ,
1916 1614 2207 1682 imperator
2230 1610 2260 1650 ι)

677 1714 1155 1782 Longobardorum
1199 1725 1262 1765 ac
1298 1707 1558 1778 patricius
1583 1706 1979 1770 Romanorum,
2024 1703 2259 1758 dilectis-

677 1805 817 1859 simo
843 1802 1122 1872 magistro,
1146 1800 1411 1867 nobisque
1435 1813 1559 1852 cum
1590 1811 1775 1850 amore
1816 1793 2143 1850 nominando
2166 1793 2261 1846 Al-

675 1894 806 1950 bino
831 1893 1014 1948 abbati
1051 1893 1108 1946 in
1134 1890 1362 1946 Domino
1390 1896 1578 1944 nostro
1611 1886 1740 1943 Jesu
1764 1886 1980 1943 Christo
2005 1892 2262 1941 aeternam

677 1983 930 2038 salutem.

747 2073 1002 2128 Pervenit
1025 2072 1094 2125 ad
1119 2085 1220 2126 nos
1244 2072 1471 2140 epistoia
1506 2073 1671 2126 missa
1697 2085 1728 2123 a
1753 2069 2014 2141 religione
2035 2068 2263 2137 pruden-

678 2167 769 2219 tim
791 2170 1004 2228 vestrae,
1041 2178 1160 2232 quae
1185 2171 1309 2232 post
1335 2163 1518 2218 laudes
1557 2169 1612 2217 et
1644 2163 2043 2218 benedictiones
2085 2161 2262 2213 omni-

676 2255 886 2324 potenti
913 2254 1023 2308 Deo
1061 2254 1290 2319 debitas,
1343 2255 1499 2309 nobis
1546 2261 1600 2309 et
1631 2254 1909 2324 progenici
1943 2258 2138 2306 nostra:
2163 2251 2260 2304 be-

677 2343 1040 2399 nedictionem
1065 2343 1356 2412 optabilem
1369 2360 1493 2400 cum
1511 2359 1721 2398 summa
1737 2337 2106 2397 benevolentia
2123 2335 2230 2415 [ΑΙἶ
2239 2373 2252 2401 ,

678 2452 1053 2507 summamque
1073 2435 1522 2508 benevolentiam]
1551 2434 1757 2489 detulit.
1785 2432 1911 2484 Post
1937 2432 2050 2483 haec
2075 2433 2257 2479 textus

676 2527 822 2582 illius
856 2527 1176 2597 inquirendo
1203 2529 1521 2582 subsecutus
1548 2522 1676 2594 [Al.,
1706 2516 1997 2587 subjectus]
2023 2521 2124 2580 est,
2157 2530 2255 2569 cur

678 2618 1088 2688 Septuagesima
1115 2624 1170 2672 et
1193 2617 1552 2686 Sexagesima,
1580 2625 1678 2663 nec
1703 2623 1811 2661 non
1834 2615 1887 2662 et
1912 2605 2256 2676 Quinquage-

676 2709 815 2764 sima
842 2708 898 2763 in
934 2710 1121 2764 ordine
1155 2725 1254 2778 per
1290 2709 1401 2762 dies
1427 2699 1718 2757 dominicos
1751 2704 1877 2752 ante
1901 2696 2257 2764 Quadragesi-

677 2815 824 2854 mam
849 2800 1080 2866 dicatur,
1108 2799 1192 2854 vel
1218 2795 1502 2851 scribatur.
1539 2789 1666 2843 Inde
1691 2794 1907 2857 arrepta
1931 2787 2142 2842 ratione
2160 2801 2258 2856 per

676 2906 898 2961 campos
922 2890 1274 2947 arithmeticae
1299 2883 1453 2949 artis,
1488 2882 1747 2954 quidquid
1773 2898 1841 2937 ex
1867 2883 1970 2938 hac
1994 2897 2055 2937 re
2079 2889 2260 2936 vestra

677 2988 847 3042 sensit
871 2985 1150 3045 industria,
1178 2993 1238 3033 se
1269 2978 1608 3034 extendendo
1632 2977 1790 3033 nobis
1828 2976 2060 3047 pleniter
2102 2974 2263 3044 signi-

2356 499 2649 568 Gregorius
2683 500 2946 554 mirabilis
2981 500 3169 554 doctor
3193 502 3401 567 edocet,
3425 500 3697 570 jejunant.
3734 505 3804 561 Et
3848 511 3945 567 hoc

2355 596 2586 658 tempus,
2615 589 2741 644 licet
2791 589 2846 644 in
2887 590 3003 659 ipso
3051 592 3179 644 duo'
3201 605 3484 660 superesse
3516 593 3806 652 videantur
3838 599 3947 657 dies

2355 694 2527 748 usque
2560 681 2628 734 ad
2651 689 2890 736 sanctam
2927 681 3418 750 Resurrectionem,
3465 683 3944 757 Quadragesimam

2357 773 2667 828 doctoribus
2717 781 2915 828 sancta:
2962 774 3055 828 Dei
3102 771 3357 830 Ecclesiae
3402 777 3674 832 nominari
3705 781 3944 848 placuit.

2358 863 2635 933 Religione
2660 881 2788 920 vero
2814 874 3086 921 crescente
3121 882 3152 919 a
3181 867 3511 937 Telesphoro
3545 871 3828 939 pontiﬁce,
3859 878 3944 943 qui

2356 963 2479 1024 post
2502 955 2721 1010 Petrum
2748 957 3110 1026 apostolorum
3128 957 3436 1027 principem
3463 975 3637 1016 nonus
3680 963 3738 1016 in
3763 975 3948 1019 sancta

2357 1049 2601 1104 Romana
2625 1050 2864 1105 Ecclesia
2889 1050 3100 1115 claruit,
3129 1058 3341 1120 septem
3367 1052 3721 1109 hebdomada:
3746 1056 3804 1109 in
3833 1058 3950 1111 abs-

2359 1139 2586 1194 tinentia
2631 1140 2887 1196 dedicata:
2920 1149 3077 1206 sunt;
3110 1148 3164 1195 et
3196 1141 3301 1196 hoc
3329 1149 3568 1212 tempus,
3594 1159 3701 1214 quo
3728 1144 3839 1200 alio
3868 1162 3952 1201 no-

2359 1233 2505 1286 mine
2530 1233 2730 1286 rectius
2766 1233 2951 1287 vocari
2977 1247 3137 1302 quam
3174 1232 3635 1304 Quinquagesima
3681 1236 3737 1291 in
3761 1239 3954 1294 ordine

2360 1322 2754 1378 rationabiliter
2799 1324 3044 1378 debuerit
3071 1321 3221 1395 [Al.,
3251 1323 3474 1391 debuit;
3523 1324 3700 1393 Gold.,
3729 1343 3950 1392 vocare,

2360 1427 2522 1480 quam
2547 1412 3126 1484 Quinquagesimam...
3172 1414 3548 1487 debuerunt]?
3598 1416 3680 1473 Ex
3718 1418 3852 1475 hinc
3903 1429 3957 1474 et

2361 1503 2612 1573 deinceps
2635 1503 2857 1559 collecta
2887 1503 3118 1569 ratione,
3147 1504 3240 1574 qui
3267 1514 3390 1561 octo
3428 1507 3781 1565 hebdomadis
3817 1510 3954 1582 [Αι.,

2361 1592 2750 1662 hebdomadas;
2794 1595 2949 1650 Gold.
2977 1597 3124 1651 addit
3155 1619 3164 1627 -
3204 1599 3839 1658 obscrvarestuduerunt
3865 1605 3960 1660 Se-

2366 1686 2695 1754 xagesimam
2723 1687 3033 1760 gradatim],
3063 1687 3462 1758 Sexagesimam
3485 1691 3741 1760 gradatim
3763 1695 3962 1748 nomi-

2286 1760 2338 1821 Β
2363 1787 2648 1834 naverunt.
2688 1779 2948 1836 Similiter
2968 1782 3074 1850 'qui
3115 1798 3309 1838 novem
3336 1783 3754 1853 Septuagesimze,
3776 1781 3962 1852 juxta

2363 1871 2643 1940 praefatam
2678 1873 2964 1938 rationem,
2997 1889 3192 1928 nomen
3223 1875 3616 1944 imposuerunt,
3653 1882 3702 1929 et
3720 1890 3826 1929 non
3872 1877 3961 1929 ob

2363 1978 2648 2017 numerum
2673 1963 2803 2034 [Αι.,
2824 1965 3066 2020 ordinem
3094 1968 3467 2040 numerorum]
3497 1969 3966 2024 hebdomadarum

2362 2052 2448 2106 vel
2477 2053 2702 2125 dierum,
2731 2055 2827 2108 sed
2854 2063 3094 2109 tenorem
3120 2056 3356 2109 nominis
3385 2057 3518 2127 [Al.,
3549 2057 3822 2128 numeris]
3850 2072 3970 2110 ser-

2363 2152 2550 2198 vantes
2588 2145 2702 2198 haec
2729 2146 2946 2198 nomina
2981 2155 3303 2198 censuerunt
3326 2145 3456 2213 [Al.,
3480 2146 3967 2218 composuerunt].

2361 2229 2538 2296 velut,
2569 2235 2612 2286 si
2637 2234 2730 2298 qui
2764 2248 2908 2285 nunc
2933 2231 3182 2293 fuissent,
3225 2231 3318 2296 qui
3346 2231 3612 2284 decimam
3651 2234 3969 2290 hebdoma-

2359 2323 2479 2376 dam
2522 2323 2718 2375 adderc
2751 2336 2852 2388 pro
2886 2321 3064 2388 aliqua
3103 2319 3251 2388 justa
3284 2322 3497 2377 ratione
3539 2323 3888 2391 voluissent,
3928 2339 3970 2383 et

2354 2416 2572 2477 pr0pter
2599 2423 2886 2464 numerum
2904 2409 3364 2465 hebdomadarum
3388 2413 3795 2482 decagesimam
3830 2417 3968 2489 [Al.,

2355 2497 2882 2570 Decimagcsimam],
2932 2500 3296 2570 seu,quolibet
3323 2501 3429 2556 alio
3456 2505 3696 2568 nomine,
3721 2507 3817 2561 vel
3839 2523 3970 2576 pro-

2353 2597 2473 2659 pter
2499 2605 2783 2644 numerum
2809 2591 3021 2646 dierum
3058 2591 3544 2662 Septuagesimam,
3588 2595 3673 2649 vel
3698 2604 3967 2665 octuagc-

2355 2680 2548 2734 simam
2568 2719 2582 2744 ,
2611 2679 2801 2734 ordine
2834 2689 3049 2736 servato
3095 2681 3501 2749 vocabulorum,
3540 2685 3761 2741 tramite
3808 2698 3964 2742 recto

2355 2771 2627 2842 pergendo
2654 2787 2966 2842 nuncupare
3002 2773 3330 2830 debuissent.

2432 2889 2567 2956 Quia
2593 2879 2776 2959 igitur,
2804 2891 2978 2960 gratia
3002 2891 3182 2946 divina
3229 2873 3546 2961 opitulante,
3598 2902 3765 2962 prout
3796 2895 3960 2948 nobis

2361 2983 2537 3037 visum
2575 2981 2696 3049 fuit,
2722 2984 2788 3039 de
2806 2985 3026 3041 nomine
3057 2984 3481 3054 Septuagesimaa
3506 2994 3560 3041 et
3585 2986 3960 3056 Sexagesima:

678 3079 844 3133 ﬁcare
868 3075 1071 3132 studuit
1105 3068 1238 3142 [Al.,
1265 3068 1502 3142 statuit].
1563 3069 1672 3124 Sed
1711 3071 1837 3125 dum
1887 3083 2041 3124 mens
2075 3077 2259 3124 nostra
2286 3091 2336 3157 ο
2366 3071 2497 3142 [Al.,
2527 3071 3002 3144 Quadragesimaz],
3032 3087 3098 3128 ac
3123 3073 3608 3144 Quinquagesimae,
3637 3086 3746 3132 tua:
3770 3079 3961 3133 chari-

676 3167 784 3223 huc
817 3167 1048 3234 illucque
1068 3161 1413 3227 discurreret,
1443 3161 1631 3216 solerti
1652 3160 1996 3231 indagatione
2019 3159 2264 3214 conside—

677 3258 935 3320 ravimus,
963 3268 1073 3308 non
1100 3252 1273 3308 solum
1300 3251 1441 3307 infra
1469 3251 1601 3326 [Al.,
1643 3250 1806 3324 intra]
1853 3251 2202 3321 praescriptos
2231 3265 2262 3305 a

679 3348 832 3402 vobis
858 3345 990 3407 dies,
1022 3343 1117 3399 sed
1138 3343 1301 3398 etiam
1325 3358 1423 3413 per
1460 3343 1700 3412 singulas
1741 3343 2125 3406 hebdomadas,
2163 3356 2264 3396 nec

678 3451 788 3490 non
813 3439 866 3488 et
888 3447 985 3502 per
1009 3440 1185 3488 totum
1220 3433 1348 3486 anni
1374 3432 1562 3488 circuli
1587 3431 1789 3503 [Gold.,
1833 3430 2116 3502 circulum]
2143 3445 2267 3500 spa-

677 3526 815 3578 tium
841 3520 1019 3595 [Gold.
1063 3539 1165 3576 om.
1205 3519 1496 3591 spatium],
1547 3535 1646 3588 per
1672 3520 1952 3575 intervalla
2006 3521 2263 3574 horarum

679 3632 743 3668 ac
769 3622 1090 3682 punctorum
1115 3627 1211 3666 seu
1249 3616 1682 3674 momentorum;
1716 3609 1971 3677 mysteria
2013 3622 2266 3662 numero-

676 3717 799 3755 rum
826 3719 984 3768 posse
1007 3701 1074 3753 ab
1100 3699 1185 3753 his
1213 3699 1307 3767 qui
1332 3695 1492 3765 hujus
1517 3696 1649 3750 artis
1689 3696 1881 3766 peritia
1923 3696 2114 3751 imbuti
2140 3704 2266 3750 sunt

677 3791 923 3858 reperiri.
967 3789 1120 3844 Unde
1167 3788 1294 3858 quia
1339 3795 1447 3842 tua:
1494 3787 1748 3842 charitati
1796 3787 1998 3856 placuit
2023 3794 2266 3842 nostram

678 3880 917 3949 regalem
956 3880 1134 3935 aulam
1172 3881 1275 3936 hac
1305 3881 1372 3936 de
1396 3895 1456 3934 re
1481 3878 1782 3944 consulere,
1836 3878 2094 3948 quidquid
2141 3878 2268 3934 inde

679 3970 844 4026 sentit
869 3970 1002 4043 [Al.,
1042 3969 1233 4043 sensit]
1286 3979 1472 4026 nostra
1505 3971 1788 4037 serenitas,
1841 3985 2091 4026 sermone
2125 3986 2267 4026 com-

679 4063 878 4118 matico
919 4063 1018 4118 tibi
1059 4063 1367 4134 patefacere
1409 4079 1519 4120 non
1563 4077 1824 4134 negamus
1859 4063 2005 4135 [Al.,
2045 4064 2267 4133 negavi-

680 4154 848 4227 mus].
2033 4214 2050 4225 .

752 4249 1014 4320 Exigente
1039 4251 1206 4320 igitur
1222 4251 1587 4320 inquisitione,
1613 4256 1668 4303 et
1684 4249 2110 4305 consideratione
2129 4261 2271 4316 quab-

683 4341 909 4394 rendum
936 4348 1038 4407 est,
1079 4358 1177 4395 cur
1200 4341 1327 4411 [Al.,
1355 4324 1714 4404 considerata,
1750 4355 1886 4402 cur;
1928 4337 2106 4403 Gold.,
2137 4351 2267 4390 con-

2364 3159 2459 3224 tati
2486 3159 2819 3228 scripsimus,
2849 3175 2992 3216 nunc
3017 3161 3156 3230 stle
3194 3174 3546 3230 percurrente
3569 3167 3636 3221 de
3658 3167 3961 3222 observan-

2363 3248 2438 3301 tia
2465 3256 2518 3302 et
2542 3249 2691 3303 cultu
2717 3251 2910 3305 harum
2945 3251 3448 3328 (hebdomadarum)
3493 3255 3649 3325 juxta
3673 3260 3958 3328 capacita-

2363 3343 2471 3390 tem
2518 3334 2720 3407 [Gold.,
2749 3339 3129 3411 sagacitatem]
3169 3356 3360 3398 sensus
3393 3347 3564 3401 nostri
3589 3347 3686 3405 tibi
3712 3348 3960 3404 scribere

2362 3430 2687 3485 curavimus.
2718 3430 3174 3503 Quinquagesima
3198 3451 3328 3491 vero
3354 3437 3474 3493 ideo
3508 3440 3705 3494 dicitur
3723 3482 3738 3506 ,
3773 3450 3837 3497 et
3861 3443 3961 3498 ob-

2361 3526 2607 3574 servatur
2627 3536 2658 3574 a
2675 3523 2965 3589 nonnullis,
2981 3533 3040 3578 ut
3059 3533 3114 3580 et
3137 3525 3373 3582 decimas
3389 3528 3617 3593 dierum,
3629 3527 3958 3598 jejunando,

2361 3608 2717 3676 omnipotenti
2740 3609 2852 3667 Deo
2875 3611 3071 3668 offerre
3096 3614 3325 3679 valeant,
3354 3624 3409 3670 et
3434 3617 3634 3672 imitari
3658 3619 3957 3676 Dominum

2362 3705 2608 3752 nostrum
2659 3699 2841 3755 Iesum
2887 3700 3184 3768 Christum,
3235 3706 3328 3774 qui
3357 3709 3714 3778 quadraginta
3761 3714 3960 3768 diebus

2357 3785 2623 3856 jejunium
2667 3792 3104 3859 sacratissimum,
3121 3796 3380 3865 implevit.
3419 3798 3464 3853 A
3490 3798 3957 3873 Quinquagesima

2363 3896 2599 3953 namque
2620 3898 2792 3953 usque
2842 3885 2900 3939 in
2923 3885 3130 3942 Pascha
3170 3897 3376 3959 septem
3414 3891 3765 3951 hebdomadze
3789 3906 3954 3961 sunt,

2367 3987 2484 4042 qua:
2520 3971 2724 4028 faciunt
2772 3975 2886 4031 dies
2933 3978 3321 4048 quinquaginta
3352 4001 3364 4034 :
3403 3997 3470 4038 ex
3504 3986 3700 4054 quibus
3751 3988 3799 4042 si
3825 3997 3957 4043 octo

2367 4058 2480 4117 dies
2507 4064 2800 4120 dominicos
2849 4068 3202 4136 subtraxeris,
3227 4071 3283 4124 in
3317 4073 3513 4141 quibus
3545 4075 3814 4145 jejunium
3844 4095 3954 4136 non

2365 4151 2492 4207 licet
2539 4155 2859 4221 observare,
2890 4168 3170 4214 remanent
3201 4164 3555 4234 quadraginta
3595 4167 3700 4222 duo
3725 4170 3864 4236 dies,
3902 4179 3957 4226 et

2367 4244 2423 4298 hi
2450 4247 2554 4302 duo
2593 4249 2724 4314 dies,
2755 4252 2941 4319 quinta
2978 4251 3180 4324 [Gold.,
3207 4264 3381 4324 sexta,
3405 4261 3670 4333 mendose]
3699 4263 3956 4319 videlicet

2368 4346 2421 4392 et
2447 4341 2672 4408 septima
2705 4340 2858 4406 feria,
2893 4345 2984 4413 qui
3012 4347 3498 4418 quadragenarium
3532 4369 3817 4411 numerum
3855 4374 3954 4412 ex-

683 4427 917 4482 sidcrata
947 4430 1156 4483 ratione
1181 4428 1299 4498 cur]
1329 4431 1420 4482 alii
1444 4445 1556 4492 sex,
1605 4429 1695 4480 alii
1721 4436 1947 4495 septem,
2000 4427 2095 4480 alii
2116 4435 2260 4494 Octo,
2287 4428 2344 4493 Β
2365 4432 2580 4497 cedunt,
2604 4434 2743 4502 apud
2763 4436 3024 4502 quosdam
3039 4435 3245 4508 jejunio
3263 4442 3609 4511 dedicantur;
3630 4447 3769 4515 apud
3787 4460 3958 4516 quos-

684 4518 926 4571 nomiulli
948 4532 1076 4571 vero
1109 4532 1302 4570 novem
1329 4518 1632 4571 abstineant
1664 4517 2061 4572 hebdomadas?
2095 4518 2268 4590 Argu-

684 4612 925 4656 mentum
961 4619 1151 4658 sensus
1172 4605 1344 4657 nostri
1370 4613 1476 4659 tuae
1501 4605 1856 4660 familiaritati
1903 4622 2000 4676 per
2022 4610 2120 4665 hos
2145 4612 2263 4681 api-

683 4706 776 4745 ces
809 4690 1113 4758 signiﬁcare
1149 4695 1444 4748 studemus.
1511 4691 1612 4760 Qui
1650 4696 1792 4752 enim
1843 4696 1996 4772 [Cod.
2048 4717 2144 4756 ms.
2200 4701 2262 4758 S.

683 4779 1025 4845 Emmerami,
1055 4780 1208 4848 Quod
1231 4783 1310 4836 sic
1331 4783 1644 4840 solvendum
1677 4795 1785 4852 est;
1833 4788 1926 4856 qui
1964 4791 2129 4863 enim]
2169 4807 2265 4847 sex

683 4871 1046 4929 hebdomadas
1071 4875 1417 4930 observantes
1442 4895 1500 4932 se
1520 4880 1858 4936 abstinentiae
1880 4885 2114 4948 tradunt,
2146 4885 2266 4939 sub-

685 4965 874 5021 tractis
925 4981 1020 5020 sex
1080 4966 1266 5021 diebus
1335 4970 1617 5024 dominicis
1667 4971 1723 5024 in
1773 4974 1964 5043 quibus
2016 4973 2262 5045 jejunare

684 5055 907 5110 minime
929 5055 1074 5121 licet,
1103 5057 1338 5112 decimas
1382 5059 1591 5116 dierum
1619 5063 1806 5118 dantes
1835 5064 2035 5136 [Gold.,
2077 5069 2264 5123 dantes

759 5199 781 5224 τι
825 5185 1082 5264 Epistola.
1125 5189 1268 5244 Edit.
1301 5191 1641 5264 Quercetani,
1668 5211 1789 5264 pag.
1820 5197 1974 5249 1M7.
2003 5197 2100 5250 llic
2118 5213 2262 5252 eam-

688 5259 808 5311 dem
835 5257 1230 5326 castigatiorem
1258 5263 1572 5320 exhibemus
1601 5257 1858 5318 ext-(26ml.
1901 5267 2091 5319 Salisb.
2124 5276 2177 5320 et
2200 5268 2256 5321 S.

687 5327 1198 5403 Enmicrami._flanc
1215 5333 1280 5387 de
1294 5333 1690 5403 Septuagesima
1709 5335 1984 5401 epistolam
2006 5336 2258 5403 scriptam

688 5414 808 5472 esse
832 5413 992 5472 anno
1035 5401 1135 5472 798
1185 5401 1454 5467 existimo,
1491 5401 1596 5472 quo
1639 5404 1801 5472 etiam
1828 5403 2087 5456 Alc-uinus
2112 5401 2258 5460 _huic

690 5467 864 5542 Caroli
900 5467 1440 5542 epistolze_respondit
1476 5467 1572 5542 per
1615 5471 1894 5542 epistolam
1945 5482 2257 5539 sequentem

692 5533 949 5611 (Alcuin_.,
975 5538 1104 5611 edit.
1134 5533 1317 5607 Frob.,
1342 5533 1554 5603 tomfll,
1578 5533 1776 5611 p.90).
1800 5533 2148 5611 Occasionem
2194 5547 2259 5600 de

692 5613 753 5679 ea
796 5619 851 5654 re
897 5604 1197 5673 inquirendi
1224 5604 1705 5678 prazbucrunt'ejus
1728 5604 1996 5679 discipuli,
2031 5629 2049 5661 ε
2071 5630 2256 5671 eorum

697 5672 824 5722 tunc
850 5672 1150 5741 temporum
1176 5672 1548 5738 convenientia
1573 5672 1811 5738 excitati.
1849 5672 2035 5750 {Ergo
2060 5687 2258 5755 scripta

2370 4522 2494 4576 dam
2523 4523 2578 4576 in
2601 4524 2945 4581 veneratione
2969 4526 3100 4599 [Αι.,
3127 4528 3454 4604 refectione]
3481 4544 3695 4604 propter
3718 4535 3954 4593 Ccenam

2369 4614 2702 4692 Dominicam
2717 4623 2770 4670 et
2799 4626 3044 4673 sanctum
3073 4619 3370 4678 Sabbamm
3394 4623 3670 4680 habentur.
3699 4622 3953 4691 Sexage-

2368 4708 2501 4762 sima
2546 4716 2743 4774 autem,
2797 4718 2856 4763 ut
2896 4713 3258 4781 testimamus,
3295 4727 3570 4787 propterea
3592 4717 3634 4786 {a
3660 4714 3953 4770 nonnullis

2367 4799 2702 4863 observatur,
2735 4807 2795 4853 ut
2829 4808 2881 4855 et
2919 4802 3155 4858 decimas
3177 4805 3385 4860 dierum
3423 4805 3664 4876 corporis
3682 4804 3767 4858 sui
3789 4801 3949 4874 [Al.,

2366 4889 2680 4955 corporibus
2716 4889 2861 4963 suis]
2901 4893 3251 4962 omnipotenti
3297 4897 3407 4948 Deo
3443 4898 3575 4948 dare
3613 4893 3872 4963 possint,~_
3895 4908 3948 4952 et

2364 4977 2648 5033 Dominum
2672 4989 2912 5035 nostrum
2933 4981 3115 5035 Jesum
3137 4981 3406 5035 Christum
3435 4980 3491 5030 in
3513 4981 3943 5050 quadragenario

2363 5081 2589 5120 numero
2609 5069 2967 5135 particulatim
2982 5067 3270 5134 jejunando
3293 5064 3517 5132 imitari,
3534 5075 3591 5122 et
3603 5077 3664 5124 ut
3684 5074 3938 5142 primam,

2360 5202 2464 5276 fuit
2510 5202 2612 5276 ista
2640 5201 3142 5276 epistola__tempore
3171 5199 3596 5276 beptuagesimze
3626 5206 3744 5276 ejus
3787 5214 3933 5267 anni.

2430 5270 2458 5308 ιι
2499 5268 2809 5337 Imperator.
2849 5269 2998 5324 Hanc
3018 5283 3206 5325 vocem
3239 5268 3348 5326 non
3380 5268 3582 5330 habent
3607 5268 3774 5334 codd.
3805 5298 3931 5337 mss.

2361 5337 2556 5416 S_alisb.
2585 5335 2642 5390 et
2661 5335 3291 5416 SanfEmmeramianus;
3320 5357 3427 5416 nec
3445 5354 3620 5416 exstat
3658 5351 3800 5416 apud
3819 5335 3925 5407 Col

2359 5408 2602 5491 dastum:
2648 5407 2740 5476 qui
2775 5410 2912 5491 hanc
2948 5411 3226 5491 epistolam
3269 5414 3435 5468 edidit
3474 5407 3764 5491 Constitit.
3805 5421 3929 5491 imp.

2358 5483 2490 5552 tom.
2527 5479 2612 5552 Ill,
2640 5482 2921 5552 pagtli’t'l.
2948 5479 3225 5537 Omittitur
3261 5497 3474 5552 quoque
3496 5485 3550 5538 in
3575 5487 3775 5542 Chron.
3804 5479 3912 5545 Ceh

2361 5549 2574 5623 tulensi,
2601 5551 2739 5623 apud
2765 5551 3010 5622 Pouget.,
3040 5568 3159 5622 pag.
3189 5549 3312 5618 62‘,
3333 5549 3444 5606 not.
3469 5572 3520 5609 a.
3546 5557 3614 5610 Et
3628 5559 3782 5623 bene,
3807 5576 3924 5614 nam

2362 5621 2483 5695 data
2523 5630 2611 5695 est
2637 5621 2750 5695 haec
2794 5621 3017 5693 epiStola
3046 5621 3333 5695 antequam
3379 5624 3600 5679 Carolus
3638 5621 3920 5695 imperator

2361 5690 2548 5748 fuisset
2581 5690 2900 5763 declaratus,
2933 5705 2992 5750 ut
3015 5690 3246 5761 diximus
3267 5696 3322 5750 in
3346 5704 3456 5759 not.
3482 5690 3853 5764 antecedente,
