4074 6148
138 252 142 254 Ἴ
177 192 290 252 91⁵
852 182 859 189 ’
1078 222 1082 227 .
1333 212 1345 218 -
1426 209 1434 216 -
1631 166 1765 225 ΕΡῙΕ

1865 167 2015 226 ΜΕ.
2257 179 2260 185 ’
2494 191 2506 197 '
3316 210 3319 211 ν
3344 167 3455 224 914

176 304 265 361 vel
288 303 534 375 quintam
554 298 745 361 feriam
766 306 811 349 ~a
838 263 1536 375 jejuniouvacarevaleant.
1580 278 1628 333 A
1654 277 1752 333 Se-
1775 276 1830 339 Δ
1854 280 2083 349 sapienti
2107 285 2295 354 paucis
2331 281 2595 338 utendum
2627 278 2698 333 sit
2720 275 2917 375 verbis,
2956 278 3031 375 ita
3068 282 3123 328 et
3147 289 3247 332 nos
3285 289 3449 331 versa

176 366 456 463 xagesima
492 390 687 461 quippe
727 400 900 456 usque
939 386 997 439 in
1028 390 1277 439 sanctum
1319 376 1462 433 diem
1494 372 1759 427 Resurre—
1857 373 1976 427 vice
1998 376 2187 444 paucis
2212 389 2380 447 pauca
2406 370 2801 440 rescripsimus.
2831 366 2985 432 Quod
3009 373 3193 421 autem
3219 380 3447 433 usurpa-

175 456 377 540 ctionis
408 456 700 537 Domiti—ica
729 484 854 534 octo
889 472 1240 531 hebdomadae
1267 473 1393 523 διιῐιι
1407 506 1423 532 9
1467 479 1537 519 ex
1562 459 1758 531 quibus
1858 466 1958 522 stis
1983 468 2147 524 verba
2168 471 2366 539 reginae
2391 466 2548 521 Sabae
2566 463 2636 523 ad
2658 460 3004 516 Salomonem
3024 458 3091 512 de
3107 456 3446 513 beatitudine

174 576 225 632 si
251 576 317 631 de
337 573 562 645 singulis
587 568 1013 628 hebdomadibus
1046 565 1279 637 primam
1306 567 1362 615 et
1392 556 1636 627 quintam
1677 552 1762 608 fe-
1860 570 2136 613 servorum
2160 562 2253 629 qui
2280 559 2437 615 nobis
2465 556 2724 612 assistunt
2741 594 2775 645 ,_
2800 559 2856 605 et
2892 550 3117 645 audiunt
3147 551 3313 645 verba

174 669 316 723 riam
349 636 707 732 subtraxeris,
744 672 799 720 et
822 665 1000 734 ipsum
1040 659 1184 714 diem
1228 661 1475 711 sanctum
1514 649 1759 716 Paschtze,
1860 646 2077 717 pientis:
2102 656 2317 712 nostra},
2344 649 2393 702 si
2409 648 2515 702 hoc
2536 658 2728 698 verum
2750 640 3058 731 rarescitis,
3083 640 3284 705 venite,
3305 636 3446 693 assi-

174 759 535 830 quadraginta
576 764 791 812 tantum
838 755 950 810 dies
997 756 1280 806 remanent
1316 748 1374 801 in
1410 740 1762 800 abstinentia.

173 850 504 907 Melchiades
527 864 660 904 vero
688 848 905 902 natione
925 841 1074 907 Afer,
1094 842 1180 895 vir
1195 854 1292 912 per
1308 836 1489 895 omnia
1513 831 1766 904 apostoli-

171 958 296 1007 cus,
315 941 622 996 tricesimus
644 947 863 1009 quartus
881 942 1004 1006 post
1017 940 1263 989 sanctum
1275 931 1518 993 Petrum,
1534 926 1623 983 cui
1641 939 1766 981 suc-

172 1032 348 1088 cessit
370 1032 561 1086 beatus
586 1015 857 1100 SylveSter
881 1026 951 1085 .in
983 1024 1238 1080 cathedra
1267 1019 1398 1093 [Al.,
1428 1012 1763 1086 cathedrani]

171 1121 488 1196 apostolicis
511 1118 815 1191 dignitatis;
855 1115 946 1171 hic
974 1112 1254 1171 constituit
1282 1117 1345 1165 ut
1364 1109 1512 1164 nulla
1534 1106 1763 1174 ratione,

171 1211 232 1265 in
265 1211 443 1280 prima
468 1208 550 1263 vel
578 1207 767 1278 quinta
795 1204 953 1270 feria,
975 1202 1241 1274 jejunium
1275 1202 1397 1283 quis
1425 1201 1492 1256 de
1515 1198 1763 1253 ﬁdelibus

173 1315 338 1371 agere
378 1303 730 1370 praesumeret
767 1308 816 1349 ιι.
863 1293 1002 1349 Nam
1035 1309 1133 1349 cur
1168 1293 1225 1348 in
1246 1291 1422 1362 prima
1462 1288 1598 1344 feria
1628 1284 1767 1355 jeju-

174 1392 329 1446 nium
362 1389 479 1460 ipso
513 1386 762 1444 tradente
798 1385 1041 1441 solvatur
1055 1426 1072 1451 ,
1106 1399 1217 1439 non
1251 1389 1335 1437 est
1361 1378 1659 1463 necessitas
1682 1382 1767 1431 te-

1862 736 2009 802 stite,
2023 737 2201 792 audite
2216 745 2270 792 et
2287 737 2493 807 pariter
2515 737 2571 790 in
2584 734 2814 789 Domino
2834 722 2890 785 in
2906 732 3078 801 pratis
3092 730 3446 787 vernantibus

1860 827 2124 882 varietate
2159 826 2353 883 ﬂorum
2382 826 2786 895 Scripturarum
2816 822 3179 892 jucundantes
3213 821 3448 880 delecte-

1864 935 2005 974 ΠΜ
2396 980 2733 1041 EPISTOLA
2769 980 2912 1036 xxv.

2291 1073 2359 1111 AD
2424 1068 2652 1119 QUINQUE
2710 1066 3007 1119 EPISCOPOS.

2178 1125 2256 1181 De
2299 1118 2470 1178 arau'a
2521 1122 2835 1193 septiformis
2881 1118 3113 1189 Spiritus

2390 1228 2409 1243 -
2478 1214 2656 1288 (Anno
2692 1212 2842 1284 800.)

2295 1306 2498 1370 (Mablll.
2533 1305 2717 1356 Vetera
2740 1301 3018 1364 Analecta.)

1936 1391 2161 1448 Carolus
2201 1389 2382 1444 divina
2434 1385 2806 1443 misericordia
2857 1399 2955 1440 rex
3012 1383 3346 1441 Francorum
3398 1391 3454 1443 et

175 1483 352 1539 xendo
378 1482 658 1553 replicare.
694 1480 953 1547 Quintam
977 1493 1108 1536 vero
1133 1475 1385 1533 arbitrati
1412 1487 1620 1531 sumus.
1645 1484 1770 1541 pro-
1865 1482 2338 1554 Langobardorum
2397 1496 2462 1536 ac
2525 1479 2784 1549 patricius
2834 1477 3200 1533 Romanorum
3232 1520 3246 1544 ,
3301 1477 3455 1533 niui.

171 1582 299 1645 pter
344 1587 537 1641 magna
565 1570 825 1642 mysteria
861 1586 982 1641 quae
1015 1570 1074 1624 in
1096 1584 1160 1625 ea
1191 1569 1564 1630 continentur,
1601 1564 1670 1618 ab
1702 1575 1765 1617 eo

1868 1574 2026 1632 baldo
2092 1571 2477 1646 (Coloniensi),
2526 1571 2885 1640 'Maginharto
2943 1569 3409 1641 (Rothomagcnsi)
3432 1609 3451 1637 ,

173 1633 514 1720 solutamiln
542 1633 659 1731 ipsa
678 1633 914 1729 namque
943 1667 1192 1716 sanctum
1214 1659 1452 1713 chrisma
1478 1655 1765 1711 conﬁcitur
1790 1633 1841 1697 Β
1865 1667 2043 1739 Λείηο
2069 1633 2474 1739 (ᾔει-εοωθηείχ
2498 1633 2751 1719 (ζονιιξὼο
2778 1633 3140 1733 (Eisterensi),
3167 1633 3453 1717 [lavi-melici

172 1760 242 1811 ad
263 1754 559 1810 abluendas
581 1752 750 1807 totius
768 1750 955 1805 mundi
975 1751 1168 1819 primm
1185 1747 1411 1818 originis
1431 1747 1613 1816 culpas
1629 1744 1760 1817 [Αι.,
1868 1756 2202 1831 (Tolosam),
2238 1756 2440 1813 sanctis
2465 1754 2751 1825 episcopis,
2948 1760 2959 1767 “

172 1844 571 1901 abluendam...
596 1838 846 1912 culpam]
873 1857 888 1906 ;
928 1840 983 1893 in
1014 1839 1129 1909 ipsa
1163 1838 1531 1895 reconciliatio
1563 1838 1623 1892 ﬁt
1647 1852 1765 1905 pus-

1935 1850 2151 1907 Gratias
2174 1848 2383 1920 agimus
2407 1847 2683 1902 sanctitati
2716 1852 2932 1911 vestrae,
2968 1846 3093 1915 quia
3128 1844 3196 1899 ad
3227 1843 3455 1899 faniilia-

171 1935 497 2001 nitentium;
526 1933 581 1987 in
599 1933 715 2003 ipsa
733 1932 1064 2001 Redemptor
1085 1931 1325 1986 omnium
1350 1929 1612 1986 cut-nando
1628 1926 1760 1998 [Al.,

1865 1943 1996 1999 riter
2019 1957 2052 1996 a
2074 1942 2231 1997 nobis
2267 1942 2596 2010 interrogata
2632 1937 2897 1992 familiare
2930 1938 3088 1992 nobis
3136 1950 3454 2006 responsum

172 2031 476 2100 redemptio
497 2030 741 2085 omnium
772 2025 1064 2100 οιὊιιθῐιάο]
1101 2042 1226 2082 cum
1256 2023 1533 2093 ἀίεοίρυιίε
1567 2036 1762 2092 Panem
1861 2032 1994 2087 dare
2010 2031 2292 2088 voluistis:
2322 2038 2377 2085 et
2411 2045 2531 2099 quae
2556 2028 2836 2084 cbaritatis
2862 2025 3121 2082 instinctu
3154 2035 3347 2081 vestra:
3371 2027 3457 2080 di-

170 2119 355 2190 fresit,
380 2128 434 2176 et
455 2121 679 2176 calicem
704 2119 911 2189 pariter
941 2118 1088 2175 dedit
1127 2117 1207 2172 eis
1230 2116 1260 2156 δ
1294 2117 1351 2171 in
1384 2114 1610 2183 ﬁguram
1643 2128 1764 2169 cor—
1861 2123 2082 2182 lectioni
2130 2123 2284 2177 fuere
2315 2122 2613 2192 proposita,
2659 2119 2849 2175 eadem
2885 2119 3127 2174 dictante
3168 2118 3455 2184 cliaritate,

168 2214 319 2285 poris
336 2221 392 2270 et
416 2214 692 2283 sanguinis
712 2213 818 2279 sui,
843 2212 1106 2282 nobisque
1135 2209 1481 2281 profuturum
1507 2222 1763 2278 magnum
1857 2202 2011 2274 iuxta
2043 2209 2189 2281 quod
2223 2211 2377 2266 vobis
2411 2211 2589 2265 visum
2631 2215 2733 2275 est,
2774 2214 2901 2264 sunt
2933 2209 3088 2263 nobis
3130 2209 3334 2278 absque
3370 2220 3459 2262 re-

171 2306 421 2363 exhibuit
455 2314 852 2362 sacramentum
895 2304 1146 2379 (Mutila,
1180 2320 1306 2359 xxvi
1326 2345 1341 2371 ,
1380 2303 1482 2370 26,
1509 2301 1632 2374 27).
1656 2334 1659 2337 λ
1681 2301 1760 2358 Eo
1860 2304 2185 2360 tractatione
2210 2304 2402 2359 soluta.
2434 2302 2542 2358 Sed
2582 2303 2769 2373 ipsius,
2798 2319 2917 2373 quin
2958 2320 2989 2357 a
3026 2311 3207 2358 vestra
3252 2296 3457 2357 sancti?

170 2400 425 2455 videlicet
448 2400 554 2466 die,
576 2405 700 2468 post
730 2399 902 2453 multa
930 2399 1221 2470 mysteria,
1250 2397 1395 2452 Deus
1421 2402 1476 2451 et
1501 2394 1762 2450 Dominus
1861 2400 1974 2450 tate
2004 2394 2164 2451 nobis
2201 2391 2328 2450 data
2354 2400 2457 2461 est,
2497 2394 2864 2463 responsionis
2898 2392 3032 2448 ordo
3067 2393 3353 2458 videndus,
3401 2401 3459 2448 et

170 2497 361 2546 noster
394 2487 553 2545 Jesus
586 2488 836 2544 Christus
852 2528 867 2554 ,
894 2488 1201 2543 videntibus
1239 2486 1441 2543 sanctis
1484 2483 1765 2555 discipulis
1862 2486 2005 2559 apud
2028 2493 2263 2541 vestram
2279 2485 2624 2542 dilectionem
2646 2484 2906 2540 intimiin
2926 2499 2990 2539 ea
3012 2498 3202 2540 sensus
3224 2485 3459 2540 medulla

170 2583 305 2649 suis,
331 2580 565 2653 gloriosa
596 2579 916 2635 ascensione
940 2577 1106 2634 caelos
1123 2577 1426 2647 penetravit
1441 2575 1592 2646 (Luc.
1607 2589 1759 2640 xxrv,
1860 2576 2241 2650 perquirenda,
2263 2583 2326 2631 ut
2351 2583 2408 2631 et
2430 2575 2664 2645 qualitas
2689 2582 2886 2631 nostra:
2911 2576 3351 2645 interrogationis
3371 2590 3461 2647 ap-

169 2671 261 2739 51;
301 2671 417 2725 Act.
446 2686 465 2725 ι
484 2711 499 2735 ,
533 2668 623 2741 9).
674 2669 782 2724 Sed
820 2683 891 2722 ne
924 2667 1126 2723 diutius
1158 2682 1337 2722 sermo
1369 2666 1760 2735 protrahatur;
1863 2677 2079 2743 pareat,
2107 2676 2162 2724 et
2184 2667 2377 2724 modus
2402 2675 2597 2726 vestra;
2640 2667 3009 2737 responsionis
3042 2668 3316 2738 patentius
3341 2668 3460 2723 θιυ-

170 2762 345 2817 multa
369 2768 426 2816 te
452 2760 651 2830 legisse
682 2760 750 2816 de
773 2759 876 2815 hac
898 2758 1239 2815 solemnitate
1261 2759 1317 2813 in
1342 2764 1656 2813 sanctorum
1680 2770 1770 2812 ve-
1865 2771 2064 2822 cescat.
2093 2761 2280 2817 sancti
2315 2760 2515 2815 etenim
2550 2759 2739 2815 Patres
2771 2759 2862 2829 qui
2879 2800 2894 2822 ,
2933 2767 2994 2813 ιιι
3027 2759 3239 2813 Veteris
3267 2758 3461 2813 Testa-

169 2852 496 2908 nerabilium
525 2851 951 2907 orthodoxorum
971 2848 1194 2904 Patrum
1229 2847 1385 2903 dictis
1416 2861 1526 2921 non
1558 2845 1767 2916 ignora-
1863 2858 2035 2914 memi
2082 2857 2223 2912 serie
2266 2853 2498 2925 legitur,
2540 2853 2608 2909 ab
2654 2853 2810 2909 initio
2846 2852 2958 2907 Deo
2996 2851 3272 2922 placentes
3320 2851 3460 2907 hanc

170 2958 317 2998 mus.
380 2941 787 3012 Septuagesima
841 2942 1101 3012 denique,
1148 2948 1208 2995 ut
1231 2941 1584 3004 azstimamus,
1631 2952 1764 3009 pro-
1788 2987 1840 3055 Ο
1867 2947 2135 3013 ultimam,
2180 2944 2274 3000 sed
2327 2942 2530 3000 Christi
2576 2942 2812 2998 adventu
2852 2941 3223 2998 felicissimam
3273 2942 3459 2999 saeculi

170 3040 352 3055 ‘a-_--
382 3035 442 3055 -I.
473 3034 739 3055 -I!_-SI-__-
772 3034 1085 3055 -ι.--...--ι--..
1128 3041 1185 3055 --ι
1222 3040 1269 3055 ΔΑ
1298 3032 1528 3055 ΔΑΑΞῌΑ-
1558 3032 1759 3055 ,ηιμ-.-.μ
1876 3044 2075 3055 __._‘-,__
2107 3035 2373 3055 _A-L!4-A-
2402 3049 2608 3055 _.A_.___
2644 3040 2691 3055 ,ι
2720 3034 3032 3055 __.-_!4-_.__...
3062 3032 3459 3055 _._-In2..l2-!n-a-

169 3040 358 3106 pterea
380 3035 448 3090 ab
469 3034 741 3104 aliquibus
766 3034 1103 3100 observatur,
1128 3041 1185 3088 ut
1216 3040 1272 3089 et
1292 3032 1531 3089 decimas
1554 3032 1764 3087 dierum
1788 3032 1840 3055 "
1868 3044 2083 3093 aetatem
2106 3035 2378 3107 probitate
2402 3049 2615 3090 morum
2640 3040 2695 3088 et
2718 3034 3038 3089 meritorum
3062 3032 3462 3102 multiplicitate

171 3125 285 3181 Deo
312 3124 444 3197 [Αιον
470 3124 720 3198 1)οῐῐιίῐιο]
750 3126 883 3182 dare
904 3131 1135 3196 queant;
1166 3130 1222 3180 ει
1241 3123 1419 3195 Prima
1444 3122 1531 3178 νει
1552 3123 1760 3192 quinta.
1867 3133 2281 3198 praecesserunt,
2295 3124 2471 3181 sancti
2493 3123 2729 3194 Spiritus
2748 3125 2977 3195 gratiam
2990 3124 3193 3193 absque
3215 3123 3325 3189 ulla
3349 3138 3462 3177 am-

171 3233 275 3274 nec
295 3233 404 3274 non
432 3226 485 3274 et
509 3219 738 3289 septima
764 3218 903 3275 feria
919 3217 1189 3288 jejunium
1215 3206 1427 3273 solvere
1453 3214 1658 3289 [Gold.,
1677 3215 1767 3270 ob-
1866 3220 2130 3293 biguitate
2155 3228 2211 3273 et
2224 3217 2499 3289 accepisse
2522 3226 2577 3273 et
2602 3218 2856 3273 habuisse
2881 3216 3133 3273 credendi
3159 3224 3305 3272 sunt.
3326 3214 3460 3283 Quis

170 3322 408 3375 servare,
425 3308 690 3382 mendose]
712 3309 941 3379 possint.
957 3308 1003 3362 A
1027 3309 1437 3380 Septuagesima
1450 3323 1582 3363 vero
1596 3319 1768 3376 usque
1867 3314 2013 3369 enim
2027 3327 2266 3382 unquam
2281 3311 2484 3381 placuit
2500 3311 2612 3367 Deo
2627 3326 2819 3366 carens
2840 3308 3013 3365 sancti
3028 3308 3263 3378 Spiritus
3278 3306 3421 3362 dono
3432 3306 3459 3362 ‘l

171 3400 229 3455 in
242 3398 470 3465 Pascha,
498 3415 695 3455 novem
718 3401 1067 3456 hebdomadas
1106 3410 1251 3466 sunt,
1276 3415 1398 3469 qua:
1422 3398 1628 3454 faciunt
1651 3397 1767 3454 dies
1940 3403 2064 3471 Sed,
2107 3411 2171 3459 ut
2200 3412 2394 3458 vestrm
2427 3402 2793 3472 responsionis
2825 3407 2975 3456 textu
3011 3400 3336 3464 continetur,
3367 3413 3461 3454 ea-

171 3490 454 3559 sexaginta
485 3498 719 3558 quatuor
743 3488 946 3561 [Gold.,
978 3490 1136 3562 tres],
1168 3506 1199 3545 e
1223 3489 1440 3558 quibus,
1467 3490 1513 3544 si
1545 3489 1611 3545 de
1631 3504 1766 3544 una-

172 3594 394 3650 quaque
436 3580 776 3634 hebdomada
814 3587 926 3635 tres
954 3581 1210 3649 praefatos
1247 3582 1579 3637 subtraxeris
1614 3581 1766 3649 dies,

173 3678 235 3726 ct
266 3668 581 3724 Paschalem
627 3668 1054 3724 sacratissimum
1071 3710 1085 3734 ,
1136 3670 1357 3738 triginta
1385 3686 1481 3727 sex
1524 3674 1579 3727 in
1605 3674 1767 3729 absti-

174 3761 364 3818 nentia
416 3759 536 3833 [AL
555 3800 573 3828 ,
610 3751 981 3831 abstinentiae]
1022 3771 1301 3817 remanent
1354 3765 1486 3819 dies.
1534 3764 1604 3823 Hi
1631 3781 1760 3823 vero

177 3838 497 3917 Sabbatum,
532 3850 587 3905 in
617 3864 726 3919 quo
749 3849 892 3904 Deus
915 3852 982 3905 ab
1002 3852 1250 3907 omnibus
1273 3855 1524 3922 operibus
1553 3857 1764 3925 requie-

174 3941 256 3995 vit
285 3939 436 4012 (Gen.
466 3956 527 4007 ll,
556 3938 634 4012 2),
650 3955 776 4023 gron
808 3940 982 3996 solum
1009 3943 1079 3998 ob
1100 3944 1537 4012 superstitionem
1561 3946 1769 4005 Iudaeo-

175 4048 317 4099 rum,
349 4048 451 4088 nec
473 4040 695 4103 propter
721 4034 974 4089 mandata
996 4035 1186 4108 legalia
1214 4038 1412 4093 veteris
1435 4042 1765 4112 testamenti,

1865 3494 1990 3554 dem
2021 3494 2196 3551 sancti
2223 3493 2455 3565 Spiritus
2479 3492 2617 3548 dona
2646 3491 2856 3562 singula
2879 3489 3118 3560 singulos
3143 3495 3459 3545 sanctorum

1866 3588 2145 3654 habuisse,
2192 3595 2247 3642 et
2279 3585 2337 3641 in
2369 3585 2584 3642 Christo
2623 3593 2818 3640 cuncta
2859 3582 3092 3652 pleniter
3124 3579 3475 3636 inhabitasse
3529 3570 3532 3574 λ

1867 3683 2246 3754 cognovimus,
2273 3696 2393 3751 qua:
2428 3687 2488 3735 ut
2513 3680 2668 3735 ﬁrma
2700 3678 2947 3734 veritatis
2982 3674 3193 3731 ratione
3227 3675 3458 3731 subnixa

1867 3776 2190 3844 probamus:
2212 3771 2307 3828 sed
2326 3785 2664 3841 nequaquam
2684 3770 3010 3825 arbitramur
3030 3766 3321 3836 quemlibet
3339 3781 3464 3821 san-

1868 3871 2078 3921 ctorum
2110 3864 2334 3917 Patrum
2369 3862 2527 3917 unius
2560 3859 2929 3931 singularitate
2966 3857 3095 3914 doni
3129 3856 3294 3912 fuisse
3328 3872 3462 3912 con-

1865 3961 2097 4017 tentum,
2128 3968 2250 4007 cum
2274 3953 2381 4006 hoc
2404 3950 2522 4005 ﬁeri
2545 3965 2655 4005 non
2684 3962 2843 4018 posse
2873 3949 2940 4003 de
2964 3948 3204 4019 ipsarum
3227 3950 3461 4001 vocabu-

1865 4044 1933 4103 lis
1957 4044 2255 4114 gratiarum
2277 4041 2531 4096 facillime
2553 4039 2726 4109 possit
2750 4039 2975 4094 adverti.
3005 4039 3279 4110 Sapientia
3308 4039 3457 4093 cnim
3482 4046 3485 4049 ‘

178 4140 298 4195 quae
320 4132 446 4179 sunt
470 4126 661 4181 umbra
686 4124 1013 4195 futurorum,
1039 4131 1135 4185 sed
1156 4146 1225 4185 ne
1250 4146 1374 4185 cum
1398 4130 1597 4188 JUdiBlS
1620 4149 1769 4190 scan-
1866 4147 1922 4196 et
1945 4138 2249 4194 intellectus
2283 4135 2415 4191 adeo
2453 4136 2557 4192 sibi
2592 4133 2955 4189 naturalitatis
2989 4131 3131 4190 nexu
3167 4133 3457 4203 conjuncta
3484 4132 3485 4135 “

179 4217 411 4273 dalizent
438 4218 1053 4291 [Al.,scandalizentur;
1082 4221 1763 4301 Gold.,sabbaptizentur],
1869 4240 2012 4299 sunt,
2054 4237 2115 4285 ut
2161 4245 2325 4284 unum
2371 4229 2488 4284 sine
2537 4228 2705 4283 altero
2750 4228 2898 4283 nullo
2945 4235 3105 4298 pacto
3156 4228 3457 4283 subsistere

178 4310 437 4384 jejunium
466 4314 675 4370 solvere
705 4312 1245 4386 [Gold.,observare,
1271 4319 1535 4392 mendose]
1565 4336 1766 4377 conan—
1788 4331 1844 4394 Β
1867 4328 2049 4393 queat.
2086 4318 2364 4388 Quomodo
2388 4320 2533 4374 enim
2573 4320 2714 4390 sapit
2749 4321 2842 4389 qui
2882 4336 2990 4374 non
3037 4320 3336 4392 intelligit?
3372 4318 3458 4373 vel

181 4409 291 4454 tur.
323 4401 401 4454 Ea
423 4404 689 4473 praecipue
712 4420 874 4461 causa
906 4414 988 4461 est
1005 4448 1020 4473 ,
1045 4409 1171 4477 quia
1196 4418 1605 4480 vesperascente
1646 4412 1763 4482 ipso
1868 4412 2136 4486 quomodo
2158 4420 2336 4482 potest
2358 4411 2674 4483 intelligere,
2698 4426 2857 4481 quem
2877 4420 3089 4468 constat
3105 4428 3215 4467 non
3235 4410 3462 4482 sapere?

182 4490 289 4556 die,
317 4493 568 4560 gaudium
591 4502 789 4551 sancta:
814 4495 1246 4555 Resurrectionis
1269 4516 1299 4554 a
1324 4501 1569 4557 ﬁdelibus
1593 4504 1765 4561 hono-

180 4580 332 4637 rifice
355 4582 674 4640 celebratur.
706 4586 813 4642 Sed
841 4588 967 4657 quia
993 4590 1364 4661 unusquisque
1398 4592 1452 4647 in
1479 4609 1578 4650 suo
1601 4611 1763 4652 sensu

179 4673 414 4728 abundat
438 4674 615 4746 (Rom.
644 4693 755 4744 xrv,
781 4677 857 4751 5),
887 4681 1001 4735 sive
1022 4681 1143 4747 hoc,
1184 4683 1298 4738 sive
1322 4683 1466 4741 aliud
1499 4686 1589 4753 sit,
1614 4687 1762 4743 salva

180 4762 282 4818 ﬁde
304 4771 358 4819 ct
377 4765 634 4836 religione
655 4768 791 4821 nihil
812 4768 1226 4838 praejudicamus
1275 4772 1405 4844 [Al.,
1436 4775 1760 4846 przejudica-

178 4859 352 4916 vimus
376 4879 392 4927 ;
422 4859 520 4928 aL,
543 4861 893 4931 prohibetur;
923 4864 1019 4931 aL,
1056 4866 1514 4941 praedicavimus].

251 4961 273 4988 ο
300 4951 379 5003 De
423 4952 530 5007 hoc
576 4960 790 5021 autem,
839 4956 982 5023 quod
1019 4958 1225 5012 cartula
1259 4969 1543 5029 prosecuta
1580 4971 1762 5021 vestra

180 5041 387 5107 retulit,
419 5044 562 5110 quod
583 5045 813 5112 plurima
845 5047 973 5102 hinc
998 5048 1101 5103 dici
1131 5049 1360 5118 possint,
1398 5053 1493 5108 sed
1525 5054 1763 5111 noluisse

181 5143 235 5190 te
280 5133 544 5189 excedere
567 5137 788 5193 modum
831 5140 1081 5208 cartulre,
1117 5150 1172 5198 et
1189 5144 1424 5198 maxime
1471 5147 1597 5217 quia
1637 5164 1763 5204 cum

252 5262 278 5290 ιι
323 5244 654 5319 Νηιη-ςαν...
685 5248 745 5301 In
771 5250 902 5306 Cod.
927 5271 1029 5309 ms.
1073 5256 1642 5317 San-Emmeramiano
1687 5263 1766 5319 ita

180 5320 380 5403 legitur
400 5333 441 5403 τί,
461 5316 766 5403 Namnqaur
788 5320 845 5375 in
878 5324 1048 5393 prima
1085 5325 1501 5403 feriajejimium
1543 5316 1648 5403 noti
1668 5316 1766 5400 ﬁcit

181 5385 294 5513 ἱιίξο
319 5385 560 5470 tradente
584 5385 889 5451 salvatore;
907 5410 1012 5447 non
1036 5385 1110 5450 est
1132 5385 1413 5452 necessitas
1444 5385 1769 5456 texendo're-L

183 5478 215 5514 υ
236 5476 391 5514 icari.

181 5478 393 5602 ’ᾐτίαῗᾶ
441 5528 691 5602 ﬁguram.
731 5530 864 5587 Cod.
919 5547 1023 5589 ms.
1071 5536 1130 5589 S.
1169 5536 1666 5602 Emmeramianus,
1717 5546 1773 5595 et

190 5598 516 5659 Goldastus':
560 5598 629 5655 In
657 5602 855 5678 ﬁgura.
909 5602 1033 5664 Haec
1075 5622 1186 5665 non
1233 5605 1575 5677 intelligenda
1608 5598 1771 5668 sensu

1869 4506 2143 4577 Sapientia
2169 4507 2281 4562 sive
2313 4505 2585 4562 intellectu
2607 4506 2848 4575 privatus
2872 4505 2994 4575 quis
3020 4521 3256 4578 unquam
3283 4505 3462 4561 consi-

1866 4599 1997 4654 lium
2018 4598 2104 4652 vel
2128 4598 2229 4653 sibi
2256 4597 2529 4661 habuisse,
2559 4596 2644 4650 vel
2670 4596 2776 4653 alio
2805 4596 3186 4670 [alii]'dedisse
3211 4607 3462 4669 repertus
3492 4602 3495 4605 ’

1867 4690 1991 4746 est?
2016 4687 2151 4743 Nam
2176 4688 2296 4743 luce
2320 4688 2518 4743 clarius
2544 4696 2774 4755 constat,
2817 4691 3104 4747 consilium
3130 4693 3347 4747 nonnisi
3373 4708 3462 4746 sa-

1864 4780 2126 4849 pientium
2149 4794 2286 4834 esse.
2316 4778 2703 4836 Fortitudinem
2734 4795 2882 4848 vero,
2924 4783 2971 4838 si
2995 4784 3221 4839 consilio
3252 4791 3458 4848 careat,

1864 4872 2230 4930 fortitudinem
2252 4887 2372 4928 esse
2405 4874 2701 4944 putandum
2734 4891 2843 4931 non
2867 4881 2970 4940 est,
3002 4885 3141 4929 cum'
3155 4874 3335 4929 omnia
3376 4874 3460 4927 in-

1865 4965 2106 5021 consulte
2129 4973 2278 5036 gesta
2297 4964 2486 5020 fortiva
2500 4966 2679 5035 potius
2701 4980 2863 5036 quam
2880 4964 3041 5017 fortia
3061 4964 3268 5019 soleant
3287 4965 3461 5019 nomi-

1865 5059 2003 5112 nari.
2035 5057 2328 5113 Scientiam
2360 5056 2419 5112 in
2459 5072 2730 5128 quoquam
2762 5056 2878 5110 sine
2907 5054 3173 5122 sapientia
3206 5061 3261 5108 et
3300 5054 3461 5109 intel-

1864 5148 2008 5204 lectu
2029 5148 2324 5203 consistere
2341 5161 2502 5218 posse
2519 5146 2675 5203 valde
2695 5150 2777 5198 est
2799 5139 3135 5200 incredibile.
3151 5144 3287 5210 Quid
3310 5145 3455 5196 enim

1866 5260 2237 5325 calvinistico,
2265 5260 2361 5315 sed
2396 5257 2693 5315 catholico,
2728 5249 3178 5325 unti‘qxplicantur
3211 5253 3266 5305 in
3298 5262 3462 5325 opere

1868 5314 1933 5384 D.
1969 5314 2319 5397 Arnaldi,'de
2340 5314 2713 5397 Ρέτρςιιιίωιᾳ
2748 5314 3068 5397 adeptam.
3098 5324 3141 5387 ι,
3176 5314 3463 5397 uagatis.

1955 5381 2215 5454 €532.35
2239 5381 2626 5460 αἰῖιεῖἠξἮιιιιρ
2659 5381 2993 5460 clausulam,
3037 5381 3157 5460 quis
3182 5381 3373 5460 deerat
3412 5387 3466 5439 in

1866 5448 2060 5535 Editis:
2072 5448 2388 5525 addidimus
2398 5448 2470 5535 6;
2664 5465 2765 5535 QIAS-
3021 5501 3040 5526 ,
3056 5448 3339 5535 Coldastvo,
3364 5455 3466 5507 loc.

1869 5515 2769 5612 ,i—et—D‘Acheriot
2798 5515 3007 5584 SPiCil.
3025 5515 3039 5526 ’
3062 5539 3192 5584 tom.
3224 5515 3469 5593 lV,'pag.

1869 5609 1999 5679 470.
