4074 6148
644 251 755 306 915

1539 250 1601 303 Β.
1642 245 1893 305 CAROLI
1930 243 2147 303 MAG-Ni
2183 244 2334 304 OPP.
2374 245 2553 303 PARS
2588 245 2651 301 Il.
2696 247 2943 305 SECTIO
2961 248 3010 305 Ι.

3835 258 3942 317 916

644 369 825 433 potest
848 362 1007 425 scire,
1036 360 1129 430 qui
1153 358 1289 416 nihil
1312 361 1454 415 valet
1475 360 1805 431 intelligere?
1831 359 1950 415 lam
1976 361 2149 430 pietas
2170 365 2225 414 et
2250 360 2302 423 Α
2327 361 2509 416 reticis
2533 362 2755 430 scilicet,
2792 363 2916 419 ﬁdei
2952 368 3106 420 scuto
3139 377 3203 423 ac
3228 364 3380 423 verbi
3407 364 3503 429 Dei
3530 367 3719 441 gladio
3744 387 3943 436 arma-

645 454 809 507 timor
843 452 939 509 Dei
982 467 1086 519 qua
1123 460 1239 508 arte
1270 452 1374 505 sibi
1408 452 1655 521 copulata
1692 454 1828 515 sint,
1867 452 1959 521 qui
1994 453 2229 522 seipsum

642 543 889 614 explorat
921 541 1079 597 facile
1119 543 1397 613 cognoscit
1428 560 1441 596 :
1482 544 1607 613 quia
1640 557 1801 598 nemo
1831 543 1955 613 pius
1985 551 2086 610 est,
2123 543 2230 599 nisi

642 635 735 705 qui
772 633 1037 705 iniciam
1075 634 1174 690 Dei
1211 633 1477 701 timendo,
1526 635 1582 688 in
1620 650 1678 690 se
1721 634 1967 704 peccanti
2006 633 2231 689 dimittit

636 727 913 797 plurimo.

713 817 842 872 Hac
874 823 1082 887 septem
1116 818 1289 874 sancti
1325 817 1556 887 Spiritus
1588 817 1728 873 dona
1763 818 1901 872 sicut
1930 815 1990 870 in
2025 814 2230 871 sanctis

640 907 895 965 Panibus
922 908 1088 964 fuisse
1112 909 1342 980 singula,
1370 909 1449 963 sic
1469 908 1526 962 in
1546 906 1763 962 Christo
1786 906 2019 960 adunata
2047 903 2232 960 omnia

642 1013 750 1054 non
792 1006 875 1054 est
908 1000 1126 1054 mirum.
1170 999 1310 1067 Quid
1356 999 1501 1054 enim
1548 999 1625 1054 illi
1675 1015 1742 1053 ex
1782 998 2031 1052 omnibus
2070 995 2232 1052 bonis

642 1090 829 1144 deesse
850 1091 1044 1159 potuit,
1080 1090 1172 1160 qui
1196 1091 1379 1145 omnia
1402 1091 1543 1145 bona
1568 1090 1729 1145 simul
1747 1106 1868 1146 cum
1898 1089 2058 1143 Patre
2077 1101 2231 1144 crea-

642 1178 762 1232 vit?
804 1177 1055 1248 Nunquid
1095 1195 1348 1250 magnum
1385 1189 1468 1235 est
1503 1182 1549 1236 si
1580 1182 1695 1236 haec
1731 1182 1787 1236 in
1824 1179 2042 1235 Christo
2079 1190 2234 1233 man—

642 1267 779 1325 sisse
791 1267 1057 1332 dicantur,
1081 1268 1459 1339 in',quo"omnis
1480 1270 1753 1340 plenitudo
1776 1271 2073 1325 divinitatis
2087 1272 2232 1325 inha-

643 1355 815 1410 bitare
839 1357 1217 1427 cognoscitur?
1242 1358 1494 1428 Nunquid
1515 1376 1767 1430 magnum
1798 1368 1899 1427 est,
1930 1362 1975 1416 si
1994 1376 2055 1415 ea
2079 1359 2233 1431 quasi

640 1460 740 1523 pro
772 1462 995 1507 munere
1023 1449 1264 1504 ascribas
1293 1450 1543 1517 Domino,
1575 1467 1695 1520 qua:
1734 1452 2021 1522 diligenter
2049 1458 2233 1511 consi—

642 1537 839 1592 derans
874 1537 1114 1617 invenies
1138 1540 1194 1594 in
1226 1542 1427 1597 servo?
1448 1542 1699 1612 Nunquid
1723 1544 1806 1599 his
1836 1552 2046 1600 tantum
2078 1547 2234 1603 donis

641 1637 823 1702 potest
851 1631 1134 1687 sublimari
1159 1633 1440 1702 Dominus,
1467 1636 1661 1704 quibus
1684 1652 1875 1694 carens
1899 1656 2009 1697 non
2033 1650 2116 1696 est
2139 1641 2237 1697 bo-

2330 456 2420 504 tus
2448 450 2704 506 resistere
2730 452 2929 518 studet,
2970 461 3025 508 et
3051 464 3236 513 contra
3260 458 3393 514 vitia
3435 460 3641 530 quibus
3671 479 3945 538 suggestu

2330 538 2530 597 diaboli
2560 542 2677 598 haec
2714 543 2957 603 mortalis
2991 547 3101 601 vita
3127 548 3363 619 quotidie
3397 550 3731 622 maculatur,
3782 560 3945 631 quasi

2332 640 2518 688 contra
2557 632 2760 689 inimici
2784 631 2959 703 iacula
2988 636 3323 695 fortitudinis
3357 649 3621 699 armatur.
3654 643 3804 703 Nam
3839 650 3947 721 spi-

2328 722 2496 777 ritum
2538 722 2776 779 scientia:
2824 724 3089 795 possidet,
3134 729 3379 798 quisquis
3422 731 3685 788 dominici
3726 749 3971 793 memor.

2324 813 2582 887 praecepti
2617 812 3012 884 simplicitatem
3051 817 3314 873 columbm
3339 826 3395 874 et
3430 822 3788 892 prudentiam
3832 842 3946 883 ser—

2329 903 2509 972 pentis
2530 905 2718 976 habet;
2748 906 2946 976 quique
2972 908 3111 963 inter
3133 909 3440 965 consimilia
3468 911 3806 983 dijudicans,
3843 918 3946 973 scit

2330 994 2620 1062 reprobarc
2639 996 2860 1061 malum,
2884 1004 2939 1051 et
2958 998 3152 1068 eligere
3171 998 3395 1055 bonum.
3424 1000 3580 1071 Saepe
3601 1007 3749 1060 enim
3776 1008 3946 1062 mista

2330 1084 2487 1139 bonis
2516 1086 2657 1140 maia
2696 1088 3061 1156 inveniuntur,
3088 1103 3206 1158 qua:
3241 1089 3347 1144 nisi
3386 1091 3615 1147 scientia
3643 1094 3950 1151 difficulter

2330 1175 2730 1231 discernuntur.
2775 1178 3036 1247 Spiritum
3058 1195 3184 1235 vero
3209 1180 3428 1249 pietatis
3479 1182 3557 1237 illi
3585 1184 3767 1240 inesse
3806 1185 3950 1242 dici-

2334 1280 2472 1331 mus,
2513 1268 2605 1337 qui
2629 1267 2897 1323 dominica
2923 1278 3192 1341 praecepta
3216 1286 3326 1325 non
3348 1271 3572 1339 oblitus,
3599 1274 3657 1328 in
3680 1290 3736 1330 se
3756 1275 3952 1330 delin-

2334 1359 2521 1429 quenti
2569 1358 2792 1414 dimittit
2834 1363 3081 1428 proximo
3126 1377 3141 1415 :
3187 1370 3242 1415 et
3281 1377 3391 1417 non
3428 1369 3640 1418 tantum
3681 1365 3737 1420 in
3774 1364 3948 1432 alios,

2335 1453 2430 1507 sed
2470 1452 2633 1507 etiam
2677 1450 2733 1505 in
2772 1452 3119 1521 semetipsum
3152 1452 3356 1523 justam
3396 1462 3609 1509 exercet
3638 1456 3949 1525 pietatem,

2336 1543 2458 1613 quia
2485 1543 2687 1613 probus
2721 1543 2949 1612 quisque
2969 1558 3162 1599 cavere
3190 1543 3368 1612 debet,
3395 1559 3460 1600 ne
3480 1544 3603 1599 dum
3636 1560 3740 1600 suo
3778 1546 3954 1601 debi-

2337 1636 2444 1690 tori
2468 1636 2784 1692 dimittendo
2806 1636 3005 1691 malum
3028 1637 3212 1693 existit
3232 1638 3372 1708 pius,
3401 1652 3493 1692 sua
3507 1652 3615 1692 non
3631 1637 3955 1693 tribuendo

642 1739 748 1781 nus
784 1727 1013 1780 servus?
1034 1726 1192 1782 Absit
1219 1734 1280 1782 ut
1307 1728 1393 1783 his
1418 1736 1628 1785 tantum
1665 1732 1893 1801 gloriam
1933 1730 2049 1800 ejus
2083 1732 2235 1789 dica-
2264 1729 2314 1791 B
2340 1728 2395 1782 in
2439 1730 2727 1799 semetipso
2767 1728 2966 1783 existat
3000 1728 3217 1798 impius.
3258 1727 3463 1798 Spiritu
3497 1734 3670 1782 autem
3705 1727 3958 1783 timoris

642 1827 763 1866 mus
781 1825 1229 1884 cousummatam,
1255 1817 1409 1886 Cujus
1426 1823 1880 1891 magnilicentiam
1901 1838 2061 1894 supra
2085 1840 2246 1881 omne
2348 1819 2564 1873 Domini
2602 1819 2749 1874 illum
2783 1819 3013 1874 dicimus
3037 1819 3413 1889 adimpletum,
3445 1819 3538 1891 qui
3557 1816 3803 1886 judicium
3829 1816 3952 1872 Dei

643 1905 788 1974 quod
827 1906 1026 1961 dicitur
1057 1918 1147 1962 aut
1174 1911 1514 1978 nominatur,
1567 1914 1683 1969 sive
1722 1915 1778 1968 in
1822 1915 1988 1981 caelo,
2034 1917 2148 1971 sive
2189 1917 2245 1971 in
2350 1915 2567 1979 timens,
2587 1930 2696 1969 non
2720 1902 2829 1968 tam
2854 1914 3210 1968 delectatione
3246 1913 3399 1987 regni
3436 1911 3679 1968 cmlestis
3696 1911 3837 1965 bona
3854 1908 3951 1961 ta-

645 2001 795 2050 terra
816 1997 1086 2053 credimus
1115 2000 1448 2055 sublevatam
1468 2002 1491 2055 ?
1515 2001 1700 2073 Neque
1717 2006 1862 2059 enim
1891 2021 2082 2060 sensus
2105 2021 2248 2061 com-
2346 2021 2473 2061 cere
2499 2008 2709 2071 studet,
2740 2021 2900 2075 quam
2931 2006 3123 2059 timore
3160 2006 3417 2075 gehennae
3445 2003 3589 2057 maia
3627 2007 3965 2073 perpetrare

643 2090 997 2160 prehendere,
1024 2099 1115 2145 aut
1145 2107 1323 2148 sermo
1345 2094 1543 2163 poterit
1569 2096 1859 2166 explicare,
1893 2112 2013 2166 quae
2030 2105 2084 2152 et
2107 2112 2243 2165 qua-
2347 2116 2456 2157 non
2491 2100 2651 2154 audet
2679 2116 2691 2151 :
2724 2108 2778 2151 et
2814 2097 2892 2151 sic
2928 2095 3123 2165 gaudet
3161 2095 3225 2148 de
3260 2093 3625 2162 promissione
3664 2096 3964 2162 perpetua:

646 2180 740 2247 lia,
772 2182 855 2237 vel
884 2191 1086 2252 quanta
1111 2185 1220 2240 sint
1243 2201 1366 2255 quae
1397 2184 1512 2255 ejus
1536 2187 1770 2243 debeant
1803 2190 2000 2244 ascribi
2033 2190 2239 2258 gloriae,
2346 2192 2490 2255 vitae,
2529 2199 2588 2242 ut
2617 2202 2723 2242 non
2750 2188 2926 2239 minus
2956 2186 3141 2237 timeat
3165 2183 3228 2235 de
3255 2179 3516 2249 supplicio
3544 2181 3817 2245 perennis
3835 2192 3963 2248 pm-

647 2270 739 2339 qui
765 2286 886 2329 cum
915 2272 1077 2328 Patre
1108 2282 1164 2328 et
1193 2273 1397 2343 Spiritu
1426 2284 1618 2330 sancto
1644 2278 1776 2331 vivit
1802 2287 1857 2331 et
1883 2286 2067 2346 regnat
2100 2277 2244 2332 Deus
2343 2296 2447 2344 nae,
2484 2286 2643 2346 atque
2672 2277 2776 2329 hoc
2807 2274 2995 2342 spiritu
3052 2275 3402 2339 compunctus
3430 2267 3679 2323 devertat
3707 2283 3743 2322 a
3772 2267 3962 2335 malo,

644 2361 764 2415 sine
792 2360 916 2417 ﬁne.
944 2362 1051 2418 Sed
1081 2364 1201 2420 ideo
1228 2366 1343 2420 haec
1366 2374 1422 2422 et
1448 2367 1506 2422 in
1544 2367 1796 2424 Patribus
1834 2367 2061 2437 singula,
2104 2375 2160 2421 et
2186 2368 2241 2421 in

647 2452 863 2508 Christo
887 2455 1049 2509 simul
1078 2457 1259 2511 omnia
1286 2473 1391 2512 non
1416 2458 1695 2524 miramur,
1738 2459 1860 2528 quia
1891 2460 1945 2512 in
1965 2457 2240 2527 discipulis

646 2546 763 2616 ejus
791 2564 886 2618 per
929 2550 1168 2620 singulos
1203 2552 1414 2622 singula
1451 2557 1772 2626 computari,
1804 2563 1859 2610 et
1886 2556 1940 2609 in
1976 2555 2135 2609 Petro
2160 2554 2239 2608 si-

648 2640 759 2693 mul
802 2641 983 2695 omnia
1030 2651 1255 2710 possunt
1295 2645 1547 2701 inveniri.
1599 2648 1913 2715 Quanquam
1952 2642 2136 2697 eadem
2180 2642 2239 2697 in

649 2730 865 2786 Christo
905 2732 1063 2803 longe
1101 2734 1260 2791 aliter
1293 2753 1455 2807 quam
1490 2739 1545 2792 in
1585 2739 1795 2793 caeteris
1833 2734 2034 2789 sanctis
2070 2733 2241 2789 fuisse

649 2818 918 2876 credenda
946 2821 1075 2877 sint.
1117 2824 1251 2881 Nam
1281 2838 1589 2884 sanctorum
1626 2828 1815 2895 cuique
1852 2839 1951 2895 pro
1976 2825 2241 2882 varietate

649 2908 987 2966 voluntatum
1009 2914 1205 2982 quibus
1231 2914 1494 2987 fragilitas
1516 2917 1749 2970 humana
1772 2930 1880 2970 non
1902 2923 2070 2981 caret,
2095 2931 2243 2973 nunc

648 2996 771 3068 hoc,
797 3015 943 3057 nunc
968 3001 1101 3058 illud
1122 3004 1323 3065 donum
1347 3004 1652 3061 accedendo
1684 3004 1772 3060 vel
1808 3005 2111 3061 reccdendo
2148 3014 2243 3062 aut

2341 2378 2395 2424 et
2417 2368 2583 2422 faciat
2606 2369 2823 2419 bonum.

2408 2458 2563 2513 Hunc
2606 2462 2853 2509 sanctum
2889 2450 3221 2523 scptiformis
3252 2448 3441 2521 gratiae
3475 2447 3747 2517 Spiritum
3791 2454 3856 2503 et
3900 2449 3961 2503 in

2337 2550 2587 2608 Patribus
2609 2556 2663 2605 et
2693 2549 2750 2603 in
2777 2546 3032 2617 apostolis
3057 2544 3244 2609 fuisse,
3274 2550 3330 2597 et
3353 2557 3500 2597 nunc
3522 2542 3577 2596 in
3602 2547 3811 2597 sanctae
3838 2556 3959 2595 ma-

2337 2643 2440 2699 tris
2479 2640 2738 2697 Ecclesize
2779 2639 2948 2705 ﬁlios,
2978 2638 3072 2709 qui
3107 2635 3164 2691 in
3205 2633 3423 2690 Christo
3449 2633 3689 2703 quotidie
3719 2633 3777 2687 in
3807 2648 3956 2703 aug-

2338 2742 2583 2790 mentum
2624 2731 2806 2804 populi
2837 2731 2922 2787 sui
2948 2736 3328 2794 renascuntur,
3361 2727 3542 2784 divino
3572 2738 3800 2780 munere
3828 2738 3956 2780 cre-

2341 2827 2520 2882 dimus
2544 2825 2823 2895 inspirari.
2848 2822 2910 2878 In
2935 2822 3151 2878 Christo
3177 2837 3323 2896 vero,
3352 2829 3413 2877 ut
3433 2820 3803 2892 prmdiximus,
3829 2819 3955 2873 haec

2342 2918 2471 2977 talia
2507 2932 2617 2971 non
2645 2915 2937 2981 miramur,
2990 2911 3141 2981 cujus
3170 2912 3586 2967 immensitatem
3627 2909 3816 2982 gloriae
3850 2907 3954 2963 bu-

2343 3025 2504 3066 mana
2532 3023 2686 3063 mens
2716 3023 2825 3061 non
2864 3005 3006 3058 valet
3044 3019 3327 3059 enarrare.
3362 3004 3493 3072 Quae
3535 3005 3673 3059 dona
3708 3001 3953 3073 qualiter

650 3091 861 3160 adesse,
893 3096 1194 3155 aut‘abesse
1222 3097 1599 3167 cognoscitur:
1628 3095 1849 3154 Christo
1872 3113 2021 3164 vero,
2048 3100 2145 3168 qui
2167 3107 2250 3154 est
2274 3092 2319 3158 C
2351 3106 2407 3160 in
2437 3102 2527 3158 illo
2554 3101 2681 3163 sint,
2710 3114 2816 3168 quo
2838 3096 2982 3151 nullo
3011 3095 3170 3150 modo
3194 3096 3464 3166 explicare
3490 3096 3748 3163 valemus,
3771 3098 3953 3149 restat

648 3181 746 3238 Dei
771 3183 943 3247 virtus
986 3196 1043 3243 et
1088 3188 1185 3244 Dei
1229 3189 1510 3258 sapientia,
1557 3198 1754 3247 cuncta
1794 3192 1967 3247 sancti
2011 3190 2249 3261 Spiritus

650 3273 980 3337 charismata
1000 3281 1168 3338 semel
1196 3280 1460 3338 veniendo
1479 3292 1848 3353 accesserunt,
1868 3291 1924 3339 et
1951 3282 2008 3339 in
2028 3297 2097 3338 eo
2116 3298 2253 3339 nun-

651 3382 815 3442 qllam
838 3372 1143 3431 recedenda
1170 3386 1611 3446 permanserunt.

724 3462 833 3521 53d
860 3466 992 3536 ΨιῘά
1017 3468 1135 3527 haec
1158 3467 1226 3527 de
1252 3471 1580 3539 patriarchis
1614 3480 1671 3529 et
1699 3472 1958 3541 apostolis
1984 3470 2250 3524 dicimus?

654 3569 779 3611 cum
814 3571 989 3626 neque
1016 3574 1163 3615 nunc
1198 3560 1548 3616 difﬁdendum
1578 3564 1652 3615 sit
1681 3562 1865 3629 plures
1901 3559 2142 3627 quotidie
2166 3560 2249 3612 in-

653 3654 740 3703 tra
766 3657 968 3705 sancta)
990 3650 1182 3704 matris
1201 3649 1461 3702 Ecclesiae
1483 3650 1662 3703 sinum
1694 3664 1855 3718 posse
1885 3651 2128 3719 reperiri,
2154 3650 2249 3719 qui

649 3733 737 3791 vel
774 3736 1022 3803 singulis,
1042 3736 1128 3790 vel
1162 3737 1407 3804 pluribus
1437 3740 1613 3795 sancti
1654 3740 1889 3810 Spiritus
1941 3742 2098 3797 donis
2137 3744 2247 3798 sint

650 3824 830 3881 ditati.
857 3825 1037 3885 Verax
1059 3828 1208 3884 enim
1232 3837 1318 3883 est
1344 3831 1438 3900 qui
1486 3832 1543 3886 in
1568 3847 1628 3890 se
1666 3832 2061 3889 conlidentibus
2106 3850 2247 3905 prae-

648 3915 884 3973 sentiam
910 3930 1065 3974 suam
1091 3932 1260 3988 usque
1286 3919 1355 3974 ad
1380 3923 1900 3978 consummationem
1928 3924 2107 3980 smculi
2124 3939 2250 3993 pro-

648 4009 801 4067 misit
843 4027 954 4069 non
985 4010 1309 4080 defuturam,
1351 4029 1458 4085 quo
1491 4022 1547 4071 et
1582 4017 1863 4072 nobiscum
1906 4024 1962 4070 et
1998 4016 2053 4070 in
2092 4016 2250 4072 nobis

650 4117 869 4173 semper
898 4112 1169 4171 manente,
1199 4119 1542 4177 nequaquam
1563 4116 1753 4164 sancto
1782 4107 2110 4178 septiformis
2131 4123 2253 4179 gra-

650 4194 744 4251 tiae
770 4194 977 4267 Spiritu
1000 4198 1325 4263 carebimus,
1353 4201 1445 4269 qui
1470 4211 1790 4257 cunctorum
1818 4200 2128 4271 largitorem
2157 4202 2252 4255 bo-

651 4302 852 4345 norum
880 4290 1150 4347 credendo
1184 4300 1239 4346 ct
1264 4292 1404 4346 bene
1444 4293 1691 4347 faciendo
1719 4292 2076 4360 possidemus.
2121 4290 2249 4360 Spi-

2347 3201 2410 3251 ut
2438 3192 2593 3248 nobis
2618 3205 2683 3245 ea
2704 3187 2923 3244 donanti
2944 3186 3129 3241 laudes
3154 3184 3434 3243 dicamus:

2472 3304 2683 3371 Christe,
2706 3296 2846 3371 salus
2870 3297 3058 3371 mundi,
3082 3302 3364 3371 sanctorum
3389 3297 3543 3360 gloria
3565 3308 3768 3371 perpeti,

2533 3366 2607 3413 Sit
2632 3364 2719 3413 tibi
2744 3361 2849 3410 laus
2872 3368 2924 3408 et
2947 3358 3102 3410 honor
3125 3372 3326 3423 semper
3349 3358 3411 3410 in'
3427 3371 3544 3410 arce
3568 3358 3691 3424 poli.

2608 3468 2745 3522 Item
2774 3466 2838 3523 de
2866 3466 3035 3537 gratia
3065 3464 3382 3537 septiformis
3420 3461 3669 3536 Spiritus.
3742 3454 3749 3461 “

2419 3558 2653 3629 Spiritus
2688 3558 2966 3629 sapientia:
3000 3556 3101 3613 fuit
3147 3556 3202 3610 in
3242 3557 3434 3620 Petro,
3488 3552 3703 3625 quando
3738 3550 3948 3611 relictis

2349 3654 2553 3710 retibus
2594 3658 2651 3706 et
2689 3650 2817 3705 navi
2848 3656 3064 3704 secutus
3098 3655 3180 3703 est
3210 3647 3515 3702 Dominum.
3559 3643 3823 3716 Spiritum
3858 3645 3944 3700 in-

2349 3746 2595 3803 tellectus
2623 3743 2814 3799 habuit
2840 3741 3082 3813 quando,
3115 3740 3343 3796 Domino
3372 3741 3741 3809 interrogante
3781 3752 3945 3809 quem

2350 3835 2598 3893 homines
2619 3846 2739 3890 esse
2761 3831 3003 3888 dicerent
3036 3830 3231 3886 Filium
3259 3829 3523 3897 hominis,
3554 3826 3835 3884 Christum
3857 3824 3947 3884 Fi-

2350 3929 2483 3985 lium
2510 3928 2607 3985 Dei
2640 3927 2749 3984 vivi
2776 3940 2897 3982 esse
2924 3931 2979 3979 et
3007 3923 3270 3978 intellexit
3293 3932 3348 3978 et
3376 3920 3674 3993 respondit.
3708 3920 3944 3991 Spiritus

2353 4020 2565 4078 consilii
2604 4026 2721 4074 erat
2758 4018 2815 4073 in
2844 4016 2955 4083 illo,
2998 4015 3211 4086 quando
3252 4008 3773 4085 Simoni‘pecuniam
3814 4010 3943 4067 oﬁ‘e—

2353 4111 2525 4176 renti,
2561 4110 2731 4165 sancti
2759 4107 2991 4178 Spiritus
3015 4107 3242 4178 gratiam
3271 4105 3503 4161 vendere
3530 4104 3738 4171 nolens,
3770 4102 3943 4173 ipsum

2356 4201 2633 4259 Simonem
2656 4215 2780 4257 cum
2803 4199 3030 4269 pecunia
3071 4212 3168 4253 sua
3198 4196 3251 4252 in
3278 4194 3635 4267 perditionem
3660 4196 3743 4250 ire
3760 4193 3940 4265 jussit.

2357 4296 2620 4368 Spiritum
2643 4295 2972 4352 fortitudinis
2997 4295 3209 4363 habuit,
3239 4294 3454 4365 quando
3490 4300 3742 4367 exempto
3767 4292 3942 4365 gladio

651 4378 763 4433 ritu
799 4381 1001 4439 etenim
1033 4382 1312 4450 sapientia:
1352 4382 1587 4450 regitur,
1627 4382 1718 4449 qui
1756 4381 1916 4436 ﬁdem
1952 4388 2153 4435 sanctae
2196 4387 2243 4435 et

2357 4391 2653 4447 auriculam
2688 4389 2859 4445 Maleo
2898 4388 3137 4444 abstulit.
3182 4386 3443 4459 Spiritum
3484 4385 3726 4443 scientiae
3762 4398 3942 4456 posse-

651 4467 943 4526 individua:
975 4471 1254 4525 Trinitatis
1284 4477 1393 4523 tam
1423 4469 1491 4527 ad
1535 4471 1617 4524 sui
1651 4485 1812 4539 quam
1859 4470 2088 4526 aliorum
2129 4487 2243 4542 pro-

2356 4483 2457 4551 dit,
2486 4498 2609 4539 cum
2644 4479 2856 4538 caeteris
2880 4479 3157 4553 discipulis
3188 4480 3243 4535 in
3271 4480 3395 4535 navi
3436 4476 3804 4535 dubitantibus
3839 4475 3943 4530 Do-

653 4558 857 4615 fectum
885 4559 1128 4613 ediscere
1156 4560 1345 4614 nititur
1372 4567 1431 4614 ut
1457 4574 1554 4629 per
1594 4562 1736 4617 hanc
1771 4571 1826 4617 et
1855 4564 2123 4621 haereticis
2166 4581 2251 4621 re-

651 4650 868 4714 sistere,
884 4658 939 4705 et
953 4664 1079 4705 suos
1098 4651 1273 4706 valeat
1289 4653 1631 4712 conﬁrmare.
1657 4657 1918 4729 Spiritum
1943 4660 2250 4720 intellectus

655 4748 822 4808 tenet,
850 4742 944 4812 qui
969 4742 1150 4801 divina
1177 4756 1447 4818 prmcepta
1471 4751 1712 4819 audiens,
1752 4771 1911 4825 quam
1942 4758 2249 4814 necessaria

653 4833 728 4891 sit
766 4850 950 4893 eorum
996 4838 1236 4910 cognitio
1280 4853 1442 4898 sensu
1483 4845 1662 4901 cordis
1706 4849 1954 4918 percipit,
2001 4857 2055 4902 et
2089 4848 2245 4915 juxta

654 4927 873 4986 beatum
914 4927 1196 5002 Iacobum,
1230 4951 1334 4990 non
1360 4937 1639 4995 obliuiosus
1679 4942 1891 4993 auditor
1932 4941 2122 5008 factus,
2153 4938 2248 4992 sed

657 5031 910 5092 operator
935 5032 1208 5093 strenuus,
1235 5042 1301 5082 ea
1330 5044 1449 5098 qua:
1476 5030 1739 5085 intellexit
1767 5027 2039 5092 mandata,
2072 5026 2251 5082 studet

657 5118 716 5166 ut
743 5128 775 5166 a
804 5127 863 5167 se
885 5111 1017 5169 fiant
1038 5129 1200 5185 quam
1223 5117 1567 5187 integerrime
1586 5117 1872 5171 custodita.
1903 5115 2106 5184 Spiritu
2126 5131 2252 5171 con-

659 5201 766 5257 silii
789 5203 950 5274 viget,
985 5207 1077 5275 qui
1107 5207 1165 5262 in
1195 5208 1404 5263 cunctis
1429 5221 1547 5273 quae
1573 5219 1729 5274 agere
1753 5204 2009 5274 disponit,
2044 5222 2113 5262 an
2133 5207 2249 5264 haec

659 5293 773 5352 Deo
826 5296 937 5355 sint
975 5298 1238 5368 placitura
1281 5297 1592 5368 praecogitat
1628 5314 1642 5351 :
1685 5298 1877 5354 melius
1931 5302 2249 5358 existimans

660 5385 780 5453 qua:
805 5395 860 5442 et
884 5387 1116 5457 qualiter
1139 5385 1343 5457 agenda
1370 5394 1495 5441 sunt
1528 5387 1679 5459 prius
1708 5390 1872 5444 tacite
1906 5394 2249 5449 considerare

662 5489 824 5543 quam
865 5476 1068 5547 aliquid
1096 5478 1397 5535 inconsulte
1436 5480 1716 5549 inchoare,
1749 5482 1890 5537 unde
1928 5498 2051 5540 cum
2080 5486 2255 5555 poeni-

665 5571 831 5622 tentia
862 5581 1021 5641 cogat
1047 5575 1115 5630 ab
1139 5575 1373 5647 incmpto
1401 5576 1678 5633 desistere.
1709 5577 2061 5638 Fortitudinis
2089 5582 2255 5653 spiri-

669 5666 783 5715 tum
818 5665 999 5733 habet,
1031 5670 1339 5743 quicunque
1366 5672 1581 5734 diabolo
1609 5683 1665 5734 et
1688 5675 1948 5737 membris
1972 5677 2090 5751 ejus
2107 5720 2122 5747 .
2147 5678 2257 5738 bae-

2354 4577 2560 4633 minum
2583 4588 2703 4633 esse
2726 4572 2998 4645 cognovit.
3028 4571 3262 4643 Spiritus
3290 4569 3509 4643 pietatis
3533 4582 3647 4625 cum
3667 4563 3755 4618 illo
3792 4568 3928 4625 erat,

2354 4665 2569 4738 quando
2615 4664 2899 4720 Dominum
2930 4675 3211 4733 quousque
3235 4659 3390 4715 fratri
3420 4660 3476 4715 in
3500 4672 3554 4713 se
3573 4648 3811 4725 peccauti
3835 4646 3932 4738 Adi-

2352 4736 2570 4815 mittere
2624 4754 2896 4810 debuisset
2942 4753 3309 4824 interrogavit.
3343 4750 3550 4821 Spiritu
3592 4738 3802 4800 timoris
3834 4736 3942 4793 Do-

2352 4850 2485 4904 mini
2509 4846 2698 4915 plenus
2722 4852 2858 4910 erat,
2887 4847 3102 4915 quando
3129 4845 3243 4897 viso
3279 4841 3510 4909 piscium
3544 4831 3808 4890 miraculo
3827 4845 3943 4887 con-

2357 4942 2648 4997 sternatus,
2679 4933 2746 4987 ad
2776 4933 3062 4987 Dominum
3084 4932 3296 4986 dicebat
3320 4944 3334 4979 :
3364 4925 3465 4978 Exi
3492 4939 3524 4977 a
3553 4935 3660 4989 me,
3698 4922 3937 4992 Domine,

2356 5028 2483 5100 quia
2513 5027 2676 5081 homo
2704 5030 2958 5093 peccator
2984 5037 3103 5077 sum
3143 5034 3262 5089 ego.

2980 5112 3113 5167 Item
3143 5110 3315 5165 aliter.

2426 5205 2659 5279 Spiritus
2699 5202 2977 5274 sapientiae
3010 5202 3112 5257 fuit
3139 5203 3195 5259 in
3218 5196 3463 5264 Andrea,
3505 5195 3609 5253 fuit
3636 5204 3693 5252 et
3731 5197 3787 5253 in
3823 5195 3933 5252 ﬁliis

2354 5298 2618 5364 Zebedzei,
2648 5294 2861 5373 quando
2901 5295 3151 5353 similiter
3177 5302 3239 5351 ut
3280 5293 3477 5349 Petrus
3503 5289 3708 5347 relictis
3745 5289 3930 5344 retibus

2355 5400 2410 5448 et
2427 5390 2551 5448 navi
2574 5389 2744 5447 secuti
2769 5397 2895 5447 sunt
2928 5388 3236 5447 Dominum.
3264 5382 3498 5455 Spiritus
3525 5380 3824 5438 intellectus
3841 5376 3929 5433 fuit

2356 5489 2414 5545 in
2440 5488 2667 5553 Thoma,
2697 5484 2912 5557 quando
2941 5482 3172 5555 paipatis
3195 5477 3509 5535 vulneribus
3534 5472 3830 5534 dominicis.
3854 5471 3925 5539 ip-

2360 5600 2480 5642 sum
2516 5583 2686 5637 Deum
2729 5587 2785 5636 et
2814 5579 3099 5635 Dominum
3141 5589 3297 5632 suum
3321 5579 3378 5626 et
3410 5565 3675 5661 intellexit
3690 5605 3723 5661 τ’
3747 5571 3800 5661 et
3815 5577 3922 5661 pro

2362 5678 2538 5739 fessus
2564 5681 2668 5735 est.
2704 5671 2938 5747 Spiritus
2966 5668 3177 5734 consilii
3205 5674 3323 5729 erat
3345 5663 3403 5724 in
3423 5658 3631 5725 uinctis
3671 5648 3923 5722 discin
