4074 6148
139 145 240 202 917

1587 121 1947 182 EPISTOLJE
1956 163 1973 180 .
1984 159 1992 188 l

3337 139 3440 202 918

136 260 348 332 quando
383 224 698 314 futurorum.
711 251 929 320 curiosi,
968 246 1254 306 Dominum
1283 247 1350 316 de
1383 245 1495 301 ﬁne
1531 242 1718 299 mundi
1743 241 1800 304 Δ
1822 242 1926 300 hoc
1952 247 2188 318 negotio,
2211 245 2440 321 scilicet,
2469 254 2566 308 aut
2587 259 2734 309 certe
2757 251 2940 308 statim
2967 251 3130 308 alium
3157 251 3431 310 inveniret

133 355 505 413 consulebant.
536 350 796 421 Spiritum
817 344 1152 402 fortitudinis
1174 340 1426 399 omnibus
1448 336 1726 407 discipulis
1821 337 2106 408 scientem,
2133 351 2227 398 aut
2259 343 2306 399 si
2335 342 2626 401 inﬁrmitas
2659 362 2767 403 non
2795 344 3098 415 impediret,
3143 353 3426 420 exspecta-

135 450 370 506 adfuisse
395 463 552 504 nemo
575 453 754 516 negat,
781 443 886 499 nisi
913 443 1008 512 qui
1034 456 1126 497 eos
1147 455 1248 511 pro
1277 435 1482 493 Christi
1506 431 1728 487 nomine
1826 436 1911 484 ret
1933 430 2001 486 de
2023 433 2228 490 Pascha
2255 451 2428 507 usque
2462 437 2519 491 in
2550 436 2928 503 Pentec'osten,
2970 438 3141 494 donec
3180 439 3296 511 ipse
3343 436 3424 492 di-

133 551 366 600 mortem
411 541 524 611 pati
561 538 798 594 noluisse
851 535 1159 592 conﬁrmat.
1205 530 1439 602 Spiritus
1489 522 1728 581 scientiae
1827 530 2006 577 sceret
2040 539 2104 580 ea
2129 542 2250 596 quae
2278 544 2441 600 supra
2476 528 2624 586 dicta
2662 539 2806 588 sunt.
2846 531 3002 587 Nunc
3037 539 3219 590 autem
3244 531 3422 588 denuo

137 644 256 690 erat
285 635 337 689 in
366 632 592 698 Joanne,
617 631 710 702 qui
739 639 853 685 tam
879 628 1133 684 distincte
1151 625 1227 707 de
1256 621 1538 679 divinitate
1561 625 1616 672 et
1635 618 1730 673 hu-

137 727 397 781 manitate
423 725 721 781 Salvatoris
745 724 806 778 in
830 720 1092 792 principio
1130 714 1401 791 Evangelii
1432 712 1514 769 sui
1562 711 1732 765 disse-

138 821 268 885 ruit,
311 828 364 874 et
403 836 512 874 non
546 819 724 873 minus
762 816 994 872 discrete
1035 813 1105 868 de
1141 819 1351 881 septem
1388 804 1642 863 tonitruis
1676 803 1732 858 in

136 910 482 981 Apocalypsi,
512 925 633 979 qum
662 906 882 972 silenda,
925 916 1150 973 quaeque
1189 901 1416 957 fuissent
1443 893 1730 966 loquenda,

140 1001 482 1070 conscripsit.
509 999 740 1069 Spiritus
777 995 997 1066 pietatis
1024 993 1125 1049 fuit
1150 991 1525 1076 in'Stephano,
1553 985 1646 1056 qui
1679 984 1737 1038 in

139 1094 257 1163 ipso
285 1095 480 1150 mortis
506 1092 731 1148 articulo
754 1105 854 1160 pro
867 1088 1307 1160 persecutoribus
1335 1085 1446 1141 suis
1467 1080 1732 1137 exoravit.

141 1184 376 1256 Spiritus
416 1185 629 1240 timoris
663 1182 878 1239 Domini
928 1181 1032 1237 fuit
1059 1181 1116 1236 in
1156 1181 1406 1262 omnibus
1449 1174 1736 1247 apostolis,

142 1279 266 1349 quia
309 1294 419 1336 non
457 1279 630 1334 solum
671 1279 814 1334 bona
851 1276 1150 1344 faciebant,
1173 1274 1288 1332 sed
1327 1273 1492 1331 etiam
1519 1276 1741 1344 propter

145 1386 380 1429 amorem
398 1373 496 1430 Dei
516 1371 659 1428 mala
680 1371 861 1427 facere
893 1387 1002 1428 non
1023 1370 1313 1427 audebant.

702 1480 1039 1541 EPISTOLA
1072 1484 1192 1542 xv.
1268 1469 1278 1476 '

356 1616 424 1657 AD
460 1615 802 1658 GARIBALDUM
833 1616 1164 1658 ιιεουιειιεειί
1208 1612 1523 1658 ειιιεοοιηιιι.

147 1715 224 1772 De
246 1734 376 1773 cura
399 1734 558 1786 quam
584 1716 906 1788 instruendis
942 1715 1151 1786 populis
1177 1717 1437 1788 pra’cipue
1482 1721 1602 1769 ante
1639 1710 1743 1766 ba—

451 1789 704 1857 ptismum
729 1787 969 1841 abhibere
993 1787 1175 1842 debent
1199 1796 1454 1858 pastores.

766 1878 945 1950 (Anno
988 1879 1140 1952 800.)

444 1969 536 2030 (Ex
565 1969 812 2047 Martene,
838 1971 951 2021 Vet.
979 1973 1153 2035 Script.
1176 1972 1324 2035 ampl.
1345 1969 1494 2032 Coll.)

219 2050 280 2106 ln
311 2052 532 2106 nomine
575 2052 775 2120 Patris,
804 2062 858 2108 et
881 2054 1029 2123 Filii,
1077 2063 1133 2112 et
1163 2056 1400 2126 Spiritus
1425 2055 1618 2111 sancti.
1645 2054 1750 2112 Ca-

148 2144 298 2198 rolus
325 2144 702 2200 serenissimus
733 2145 1011 2217 Augustus
1049 2163 1082 2202 a
1122 2149 1234 2204 Deo
1279 2157 1588 2215 coronatus,
1629 2165 1748 2206 ma—

149 2251 304 2304 gnus,
336 2234 613 2304 paciﬁcus,
645 2235 958 2306 immrator,
988 2239 1298 2310 gubernans
1325 2240 1631 2309 imperium,
1655 2239 1752 2309 qui

149 2333 206 2380 et
234 2342 330 2394 per
356 2326 782 2382 misericordiam
811 2329 905 2383 Dei
933 2343 1029 2384 rex
1058 2330 1392 2387 Francorum
1437 2338 1492 2385 et
1533 2332 1752 2402 Lango-

150 2416 468 2481 bardorum,
497 2416 789 2473 Garibaldo
823 2421 1074 2490 episcopo
1118 2423 1184 2494 in.
1215 2423 1444 2478 Domino
1491 2423 1743 2478 salutem.

225 2509 369 2562 Bene
388 2510 551 2578 igitur
573 2509 846 2564 recordari
866 2512 1135 2568 credimus
1167 2515 1444 2569 sanctitati
1471 2523 1597 2581 tum,
1625 2531 1754 2584 qua-

151 2598 278 2654 liter
306 2601 501 2670 saepius
528 2601 583 2654 in
607 2610 875 2658 conventu
903 2613 958 2658 et
981 2606 1210 2660 concilio
1235 2613 1421 2661 nostro
1443 2608 1752 2664 monuimus

151 2697 220 2752 de
244 2697 628 2765 praedicatione
667 2700 722 2753 in
750 2707 937 2753 sancta
983 2700 1076 2754 Dei
1106 2700 1349 2756 Ecclesia
1376 2701 1752 2770 unusquisque

151 2793 399 2842 vestrum
429 2787 725 2842 secundum
749 2797 1064 2844 sanctorum
1094 2806 1362 2846 canonum
1403 2792 1755 2848 autoritatem

151 2883 212 2931 et
249 2877 546 2946 praedicare
580 2888 634 2934 et
670 2879 865 2936 docere
903 2882 1144 2937 deberet.
1183 2882 1368 2941 Primo
1402 2885 1645 2940 omnium
1687 2885 1754 2942 de

1845 1419 2117 1490 Ieiunium
2163 1436 2264 1490 pro
2319 1424 2710 1480 necessitatibus

1765 1619 1819 1685 Β

1829 627 2110 672 monemus
2134 627 2195 674 ut
2220 635 2492 678 memores
2522 623 2658 692 sitis,
2689 627 2830 682 sicut
2869 626 3124 682 condecet
3160 625 3227 682 de
3261 625 3425 682 mini-

1832 707 1999 763 sterio
2039 713 2380 782 sacerdotali,
2425 724 2480 771 et
2517 728 2843 774 conventum
2891 720 3138 777 habeatis
3168 735 3293 778 cum
3336 733 3427 784 ve-

1834 798 1962 854 stris
1990 800 2377 874 sacerdotibus,
2409 814 2463 860 et
2482 806 2769 879 diligenter
2801 823 3018 864 omnem
3038 812 3115 872 rei
3140 810 3428 866 veritatem

1835 891 2094 961 requirite
2150 901 2205 948 et
2249 899 2554 953 examinate
2599 918 2611 952 :
2651 901 2726 955 ita
2780 907 2843 956 ut
2885 916 3019 971 opus
3066 901 3283 958 Domini
3319 915 3431 956 non

1835 990 2139 1052 praetereat,
2184 1000 2285 1042 nec
2331 987 2510 1058 aliqua
2553 990 2835 1058 requisitio
2879 991 3034 1048 vobis
3093 993 3288 1050 exinde
3333 990 3433 1060 ﬁat

1840 1082 1963 1130 ante
1985 1086 2331 1148 conspectum
2357 1087 2558 1135 sanctae
2592 1082 2911 1152 majestatis.

2391 1192 2727 1251 EPISTOLA
2752 1194 2898 1252 XVI.

2251 1321 2322 1360 AD
2353 1319 2696 1366 θλιιιωωυιι
2724 1324 3040 1369 ΕΡΙΒΟΟΡΠΙ.

2801 1426 3030 1512 aulicis,
3064 1427 3295 1485 maxime
3341 1444 3438 1502 pro

2198 1493 2360 1563 fame,
2397 1506 2535 1567 peste
2581 1507 2629 1552 et
2674 1493 2806 1553 bello
2847 1493 3116 1555 indicitur.

2463 1586 2644 1659 (Anno
2669 1588 2820 1662 800.)

2129 1679 2223 1743 (Ex
2247 1680 2491 1744 Martene,
2517 1681 2630 1733 Vet.
2656 1682 2839 1746 Script.
2856 1684 3002 1746 ampl.
3025 1684 3172 1749 Coll.)

1915 1762 1978 1820 In
2003 1763 2222 1819 nomine
2237 1764 2434 1832 Patris,
2459 1773 2514 1818 et
2539 1765 2684 1829 Filii,
2699 1773 2754 1819 et
2785 1765 3021 1837 Spiritus
3041 1769 3243 1825 sancti.
3270 1767 3442 1826 Cares

1848 1859 1936 1914 lus
1963 1859 2342 1916 serenissimus
2362 1870 2620 1930 angustus
2655 1876 2685 1915 a
2706 1861 2816 1916 Deo
2846 1873 3156 1932 coronatus,
3186 1865 3215 1906 b
3241 1865 3446 1922 Ghaer-

1848 1936 2011 2006 baldo
2027 1951 2300 2020 episcopo,
2332 1968 2456 2008 cum
2482 1952 2754 2008 universis
2787 1953 2888 2009 tibi
2912 1956 3288 2026 omnipotente
3332 1958 3447 2014 Deo

1849 2051 1905 2101 et
1930 2053 2116 2100 nostra
2139 2044 2482 2100 ordinatione
2502 2044 2809 2101 commissis
2854 2046 2910 2100 in
2936 2046 3168 2103 Domino
3195 2049 3445 2103 salutem.

1920 2136 2121 2193 Notum
2148 2137 2218 2192 sit
2241 2137 2518 2192 dilectioni
2544 2145 2739 2193 vestrae
2759 2139 2886 2204 quia
2905 2155 3005 2195 nos
3043 2157 3169 2196 cum
3204 2140 3451 2197 ﬁdelibus

1852 2231 2054 2288 nostris
2083 2238 2194 2285 tam
2219 2228 2593 2298 spiritualibus
2627 2245 2789 2302 quam
2818 2232 3172 2288 saecularibus
3209 2241 3451 2288 tractan-

1851 2332 1954 2390 tes,
1987 2339 2111 2380 cum
2142 2337 2412 2379 consensu
2433 2331 2491 2378 et
2512 2324 2630 2394 pari
2661 2324 2889 2380 consilio
2921 2323 3227 2380 invenimus
3257 2338 3418 2380 neces

1855 2415 2158 2479 sarium,et
2178 2423 2404 2485 propter
2448 2415 2716 2471 instantes
2767 2415 3031 2485 quasdam
3073 2417 3450 2484 necessitates,

1857 2525 1994 2579 quas
2021 2509 2206 2564 subter
2258 2509 2614 2580 signiﬁcaturi
2647 2525 2853 2576 sumus,
2909 2511 3014 2564 tria
3067 2510 3321 2566 triduana
3366 2509 3453 2578 je-

1852 2601 2007 2673 junia
2036 2602 2104 2657 ab
2131 2602 2384 2658 omnibus
2415 2604 2573 2659 nobis
2607 2603 2934 2674 generaliter
2957 2617 3079 2659 esse
3107 2603 3451 2669 celebranda,

1857 2701 2020 2760 atque
2045 2693 2113 2748 ab
2137 2707 2203 2748 eo
2224 2693 2280 2748 in
2308 2709 2414 2763 quo
2436 2694 2690 2760 vivimus,
2715 2711 2999 2751 movemur
3015 2703 3072 2750 et
3119 2710 3328 2761 sumus,
3361 2711 3456 2750 au-

1856 2784 2045 2840 xilium
2075 2799 2196 2841 esse
2224 2787 2596 2856 quaerendum,
2630 2803 2662 2842 a
2690 2804 2798 2858 quo
2824 2787 3086 2858 quidquid
3106 2787 3254 2857 juste
3279 2804 3343 2844 ac
3368 2803 3457 2843 ra-

1858 2877 2193 2936 tionabiliter
2234 2880 2372 2936 ﬁdes
2421 2890 2624 2948 vestra,
2672 2897 2798 2953 spes
2841 2891 3010 2949 certa,
3071 2897 3167 2938 seu
3215 2884 3456 2942 Charitas

149 2970 262 3024 ﬁde
287 2972 583 3039 catholica;
606 2982 738 3028 utet
760 2975 851 3044 qui
873 2977 1104 3045 amplius
1126 2992 1320 3047 capere
1339 2995 1448 3034 non
1469 2979 1748 3048 valuisset,
1778 2988 1827 3054 ο
1856 2969 2095 3040 Ρθΐῖεοιίι
2121 2972 2379 3041 Ροεῑυιὲὶῐ,
2408 2973 2526 3027 Sine
2567 2972 2733 3028 ἀυΜο
2768 2983 3013 3041 tempore
3059 2990 3300 3045 congruo
3347 2976 3456 3031 im-

155 3064 533 3118 tantummodo
560 3067 861 3121 orationem
878 3067 1211 3122 Dominicam
1227 3076 1284 3122 et
1309 3071 1612 3141 symbolum
1632 3072 1756 3128 ﬁdei

155 3157 457 3222 catholicae,
487 3158 625 3213 sicut
652 3161 880 3230 apostoli
907 3160 1226 3227 docuerunt,
1261 3145 1446 3220 tenere
1473 3171 1530 3218 et
1557 3180 1758 3222 memo-

156 3250 290 3305 riter
318 3251 550 3308 rccitare
591 3256 873 3323 potuisset,
908 3264 964 3310 et
1002 3263 1061 3310 ut
1090 3256 1268 3312 nullus
1295 3257 1364 3311 de
1406 3273 1566 3313 sacro
1611 3258 1758 3314 fonte

158 3342 502 3412 baptismatis
525 3344 758 3415 aliquem
787 3347 1061 3418 suscipere
1082 3356 1438 3418 praesumeret
1465 3357 1758 3420 antequam

154 3433 210 3487 in
249 3443 429 3489 vestra
469 3444 563 3489 aut
601 3438 969 3493 ministrorum
1004 3449 1310 3496 vestrorum
1365 3442 1508 3497 sacri
1548 3441 1756 3498 ordinis

153 3527 446 3594 praesentia
475 3528 776 3584 orationem
803 3530 1140 3586 Dominicam
1175 3533 1579 3619 et‘symbolum
1617 3536 1759 3592 reci-

155 3622 320 3680 taret,
349 3622 405 3668 et
431 3615 572 3669 sicut
600 3618 654 3671 in
681 3622 926 3687 proximo
953 3615 1319 3694 comperimus
1344 3639 1380 3676 I,
1398 3628 1452 3682 in
1477 3627 1564 3684 die
1587 3645 1755 3699 appa-

156 3707 374 3761 ritionis
406 3706 619 3762 Domini
643 3711 799 3764 multi
838 3712 1056 3771 fuerunt
1093 3716 1231 3785 apud
1266 3733 1365 3774 nos
1399 3719 1622 3787 inventi,
1664 3724 1757 3792 qui

155 3799 418 3852 volebant
447 3797 720 3867 suscipere
751 3800 984 3858 infantes
1001 3805 1070 3860 de
1099 3821 1256 3861 sacro
1282 3807 1428 3863 fonte
1460 3810 1754 3878 baptisma-

155 3891 248 3956 tis,
269 3906 407 3959 quos
425 3888 689 3958 jussimus
707 3892 1052 3963 singulariter
1071 3904 1125 3950 et
1145 3897 1430 3967 diligenter
1448 3902 1762 3957 examinare

155 3992 212 4038 et
247 3983 548 4052 requirere,
587 3984 634 4038 si
657 3987 958 4042 orationem
988 3989 1319 4046 Dominicam
1353 4000 1408 4046 et
1434 3995 1756 4064 symbolum,

157 4080 218 4127 ut
241 4089 404 4142 supra
425 4071 684 4141 diximus,
726 4077 930 4132 scirent
963 4087 1019 4133 et
1036 4082 1350 4138 memoriter
1383 4089 1669 4150 tenerent;
1703 4094 1760 4140 et

159 4164 342 4232 plures
367 4164 585 4220 fuerunt
618 4169 707 4236 qui
736 4169 882 4224 nulla
921 4171 1115 4226 exinde
1148 4173 1205 4226 in
1241 4174 1560 4229 memoriam
1599 4177 1762 4232 habe-

161 4257 332 4312 bant:
386 4259 583 4327 quibus
625 4263 980 4332 praecepimus
1027 4265 1323 4333 abstinere,
1367 4275 1430 4322 ut
1470 4274 1761 4338 antequam

1854 3073 2039 3134 .petrat
2063 3082 2078 3130 ;
2101 3066 2219 3134 ipso
2246 3066 2476 3122 Domino
2496 3066 2713 3122 dicente
2743 3083 2759 3120 :
2789 3067 2960 3123 Petite
2979 3078 3027 3124 et
3052 3068 3266 3124 dabitur
3292 3071 3454 3137 vobis,

1859 3159 2078 3227 quam'te
2103 3167 2150 3211 et
2174 3158 2694 3231 invenietis,pulsate
2721 3167 2772 3215 et
2811 3162 3076 3231 aperietur
3119 3161 3282 3217 vobis.
3334 3159 3458 3233 Ipsa

1862 3257 2044 3303 autem
2063 3248 2288 3319 jejunia,
2319 3251 2462 3306 sicut
2501 3251 2661 3307 nobis
2683 3253 2938 3309 omnibus
2976 3255 3152 3310 visum
3203 3262 3304 3321 est,
3357 3254 3461 3311 hac

1860 3343 2191 3400 discretione
2216 3358 2375 3414 posse
2398 3343 2537 3410 ﬁeri,
2563 3344 2796 3401 Domino
2824 3344 3109 3416 largiente,
3151 3361 3456 3418 congruen-

1861 3444 1946 3493 ter
1965 3435 2206 3506 impleta,
2232 3436 2439 3492 scilicet
2465 3443 2527 3490 ut
2553 3437 2791 3506 primum
2815 3453 2872 3490 xi
2902 3436 3094 3491 diebus
3136 3445 3260 3507 post
3299 3437 3458 3494 festi-

1860 3532 2086 3588 vitatem
2113 3531 2287 3586 sancti
2335 3530 2568 3585 Andreae
2599 3529 2912 3596 transactis,
2960 3529 3016 3585 id
3070 3535 3154 3584 cst
3203 3545 3264 3584 ιιι
3312 3529 3459 3596 ldus,

1861 3631 1916 3678 et
1942 3623 2064 3678 ldus
2086 3622 2419 3687 Decembris,
2451 3630 2508 3677 et
2529 3637 2664 3677 xvm
2689 3620 2961 3676 Kalendas
2984 3617 3228 3676 Januarii
3255 3620 3352 3676 tali
3379 3637 3464 3676 ra-

1861 3716 2008 3772 tione
2033 3717 2146 3784 ﬁat,
2173 3724 2232 3772 ut
2247 3730 2435 3773 omnes
2454 3731 2483 3770 a
2505 3715 2633 3770 vino
2659 3723 2713 3770 et
2741 3731 2906 3772 carne
2930 3715 3016 3770 his
3042 3729 3105 3770 ιιι
3132 3714 3324 3771 diebus
3337 3716 3462 3772 abs-

1865 3810 2077 3865 tineant
2093 3818 2148 3865 et
2179 3824 2351 3881 usque
2373 3811 2565 3865 horam
2591 3826 2788 3866 nonam
2805 3807 3071 3879 jejuncnt,
3091 3818 3319 3881 excepto
3339 3825 3460 3881 qua:

1865 3909 1958 3956 aut
1969 3911 2106 3957 tetas
2119 3911 2212 3956 aut
2223 3902 2513 3957 inﬁrmitas
2525 3917 2634 3956 non
2653 3902 2942 3970 permittit,
2961 3901 3052 3972 qui
3073 3909 3253 3956 tamen
3268 3915 3462 3955 secun-

1865 3993 1994 4049 dum
2024 4008 2176 4047 suam
2221 3994 2536 4063 qualitatem
2579 3992 2663 4046 vel
2711 3993 2835 4048 vita:
2881 4009 2990 4048 sua:
3045 3991 3457 4063 professionem,

1866 4092 1960 4139 aut
1983 4084 2289 4139 rationibus
2323 4083 2439 4155 [F.,
2469 4082 2831 4157 orationibus]
2885 4083 3037 4151 satis,
3082 4092 3174 4138 aut
3221 4083 3456 4140 eleemo-

1867 4177 2017 4250 synis
2043 4177 2313 4248 congruis,
2357 4177 2411 4231 id
2455 4177 2649 4246 ipsum,
2679 4175 2976 4231 secundum
3014 4177 3301 4236 consilium
3345 4192 3463 4234 ma-

1865 4270 2180 4343 gistrorum,
2199 4269 2465 4324 redimere
2487 4266 2718 4333 studeat,
2742 4267 2883 4337 quod
2902 4265 3199 4339 jejunando
3227 4267 3464 4325 etabsti-

161 4351 461 4404 oralionem
498 4360 552 4406 et
594 4355 896 4423 symbolum
940 4358 1163 4424 scirent,
1197 4367 1260 4413 fet
1291 4361 1524 4416 recitare
1555 4362 1764 4431 potuis-
1786 4376 1840 4436 ι)
1864 4361 2046 4420 nendo
2076 4361 2348 4432 complere
2374 4375 2483 4416 non
2512 4359 2677 4415 valet.
2710 4360 2854 4416 lslora
2882 4369 3063 4416 autem
3090 4377 3232 4417 nona
3270 4376 3461 4418 omnes

164 4447 303 4502 sent,
334 4454 508 4510 neque
552 4443 784 4513 aliquem
808 4447 877 4503 de
903 4465 1060 4507 sacro
1094 4451 1243 4506 fonte
1275 4453 1618 4522 baptismatis
1646 4471 1766 4512 sus.

164 4529 345 4598 cipere
390 4546 798 4600 prtesumerent.
829 4540 897 4595 Et
919 4543 1077 4597 valde
1119 4545 1503 4602 erubescentes
1545 4545 1765 4604 fuerlmt

159 4634 224 4674 ex
274 4621 377 4678 hac
417 4639 498 4691 re,
535 4634 592 4682 et
623 4631 889 4698 spondere
929 4635 1184 4692 volebant
1233 4644 1292 4692 ut
1333 4638 1382 4692 si
1439 4652 1762 4696 concessum

143 4713 235 4768 ~eis
270 4714 482 4782 fuisset,
511 4718 580 4774 ad
616 4728 828 4792 tempus
851 4725 956 4783 hoc
982 4728 1372 4799 improperium
1405 4748 1436 4786 a
1471 4746 1530 4788 se
1553 4735 1763 4803 potuis-

158 4816 276 4862 sent
309 4809 546 4865 auferre.
575 4812 634 4867 ln
668 4830 774 4883 quo
802 4816 921 4873 loco
964 4821 1329 4878 intelleximus
1369 4825 1513 4894 quod
1544 4841 1654 4881 non
1680 4826 1764 4882 eis

153 4897 255 4954 fuit
294 4903 695 4971 convenientia,
736 4915 792 4962 et
828 4909 968 4964 sicut
995 4912 1051 4966 in
1082 4914 1367 4982 capitulari
1402 4923 1589 4971 nostro
1612 4924 1763 4986 pote-

154 4993 256 5048 stis
284 4993 543 5060 reperire,
574 4996 956 5057 discretionem
985 5003 1183 5060 factam
1221 5007 1528 5076 habuimus,
1554 5017 1760 5080 quanto

160 5091 409 5153 tempore
451 5098 510 5138 se
545 5093 914 5162 unusquisque
938 5097 1209 5154 abstinere
1248 5099 1523 5157 debuisset
1559 5105 1627 5158 ab
1655 5103 1760 5159 hoc

161 5191 349 5245 opere,
385 5189 561 5245 usque
590 5179 717 5238 dum
761 5184 936 5242 bonus
975 5189 1261 5261 ﬁdejussor
1297 5207 1418 5250 esse
1456 5194 1663 5252 valeret
1701 5196 1761 5253 in

239 5344 265 5373 ει
297 5329 440 5418 Ilinc
467 5344 692 5418 apparet
735 5345 976 5418 tempore
1004 5343 1181 5418 Caroli
1211 5345 1391 5416 Magni
1427 5346 1760 5418 baptismum

163 5419 274 5478 non
321 5401 515 5478 solum"
539 5401 606 5478 in
653 5401 921 5463 Paschate
967 5421 1020 5465 ct
1063 5401 1381 5473 Pentecoste
1427 5401 1762 5478 Egilia—ifilli

161 5473 333 5554 fuisse
358 5515 372 5538 ,
400 5475 498 5530 sed
521 5476 685 5530 etiam
739 5478 793 5554 in
827 5479 1123 5554 Epiphania
1153 5501 1168 5538 :
1198 5487 1338 5554 quod
1379 5473 1764 5548 aliasidcmon;

163 5546 474 5619 stravimus
519 5561 616 5619 exh
645 5549 1024 5618 antiquissimo
1088 5546 1563 5616 Sacramentm'um
1627 5546 1765 5619 libro

163 5617 481 5709 monasterii
507 5615 848 5682 Gellonenéis
882 5621 1054 5695 ipsius
1090 5632 1332 5700 tempore
1369 5633 1520 5704 scrip
1528 5615 1600 5692 to.
1632 5615 1767 5693 me

1868 4454 2194 4527 generaliter
2221 4453 2288 4508 ad
2323 4454 2583 4510 ecclesias
2607 4453 2832 4520 vicinas,
2862 4454 2954 4510 ubi
2985 4454 3064 4511 eis
3087 4454 3457 4525 denuntiatur,

1869 4545 2062 4600 devota
2084 4553 2265 4599 mente
2293 4553 2605 4612 occurrant,
2637 4553 2690 4600 et
2719 4547 2765 4602 si
2788 4546 2922 4602 hora
2949 4547 3036 4603 vel
3069 4547 3222 4605 locus
3247 4549 3460 4623 permi-
3511 4589 3526 4623 ε

1866 4637 2020 4703 serit,
2048 4636 2230 4706 aliquo
2256 4637 2494 4708 spatioso
2536 4637 2656 4695 loco
2702 4638 2891 4694 litania
2922 4640 3242 4710 procedant,
3300 4652 3465 4714 atque
3520 4642 3541 4668 “

1864 4729 2144 4801 psallendo
2177 4729 2465 4786 ecclesiam
2485 4729 2771 4799 intrantes,
2811 4747 2934 4788 cum
2978 4735 3127 4790 omni
3175 4735 3464 4792 devotione

1865 4825 2089 4880 missam
2127 4823 2366 4880 audiant.
2406 4825 2522 4893 Qua
2548 4827 2791 4895 subacta,
2822 4830 3196 4899 unusquisque
3240 4829 3462 4886 domum

1867 4917 2076 4984 redeat,
2102 4925 2158 4973 et
2179 4918 2398 4973 statutis
2427 4919 2564 4975 cibis
2595 4922 2811 4994 corpori
2857 4920 3176 4990 satisfaciat,
3230 4936 3342 4977 non
3392 4921 3463 4976 ad

1867 5009 2224 5076 voluntatem,
2278 5011 2374 5067 sed
2419 5011 2489 5065 ad
2538 5014 2923 5070 necessitatem
2972 5024 3036 5064 ac
3085 5011 3458 5084 sobrietatem.
3519 5014 3524 5016 ⁷

1869 5101 2134 5159 Similiter
2158 5117 2372 5174 quoque
2399 5117 2680 5160 monemus
2707 5112 3171 5172 unumquemque,
3209 5113 3271 5160 ut
3315 5105 3462 5160 elee-

1868 5211 2154 5270 mosynam
2179 5195 2381 5253 faciant
2423 5197 2722 5254 secundum
2767 5188 2910 5262 quod
2958 5197 3306 5254 commodum
3344 5197 3466 5254 sub-

1869 5353 1964 5428 lib.
1996 5369 2035 5428 r_
2047 5351 2115 5428 de
2135 5353 2376 5425 antiquis
2405 5347 2662 5428 Ecclesiae
2683 5337 3173 5428 _Bi.til_n:1f1_<_=§pite
3199 5349 3255 5413 l,
3278 5352 3384 5428 art.
3417 5347 3474 5428 1.ἰ

1939 5407 1968 5466 Β
2000 5407 2106 5481 Sic
2140 5407 2596 5489 iiiiiﬁaijiusﬁcriptum
2669 5407 3071 5489 ἐξῃρειείηεηξίέ
3162 5407 3480 5489 monasterii

1867 5476 2644 5556 sancti—illiberti‘ante‘annos
2670 5476 3124 5556 .800-exaraturn
3161 5506 3179 5556 o,
3223 5483 3318 5541 am
3355 5497 3486 5539 vero

1869 5542 2530 5627 illisalia}?libitinam
2559 5549 2876 5618 episcopum
2911 5542 3312 5621 Leodien'sem.
