4074 6148
600 244 702 311 9l9

1507 254 1566 310 Β.
1608 255 1859 316 CAROLI
1899 251 2114 312 MAGNI
2151 249 2300 312 OPP.
2341 255 2520 312 PARS
2557 255 2620 313 Π.
2663 255 2905 314 SECTIO
2943 257 2988 312 I.

3785 270 3904 327 920

594 369 808 425 stantia:
833 383 946 425 suae
968 369 1298 440 permiserit,
1320 379 1378 428 et
1421 375 1620 429 mentis
1670 374 1908 440 devotio,
1949 373 2179 429 Domino
2203 380 2260 439 Α
2283 373 2463 429 omnia
2490 375 2730 434 tradant.
2745 349 2899 428 ‘sicut
2921 373 3171 430 superius
3194 374 3458 433 diximus.
3498 372 3641 438 Nam
3694 394 3752 440 et
3795 403 3905 459 per

592 462 911 531 inspirante,
935 465 1205 532 suaserit;
1254 473 1311 519 et
1349 467 1722 536 unusquisque
1741 469 2183 538 presbyterorum

593 553 816 607 missam
837 562 1036 621 cantet,
1064 563 1120 610 et
1155 555 1378 612 alterius
1405 557 1611 611 ordinis
1635 559 1867 614 clericus
1889 558 1973 613 vel
1998 572 2183 613 mona-

593 647 746 712 chus,
780 649 894 703 sive
924 649 1035 703 Deo
1077 659 1308 716 sacrata,
1356 652 1447 720 qui
1474 651 1709 721 psalmos
1740 651 1948 717 didicit,
1980 668 2010 704 L
2035 650 2180 718 psal-

593 752 743 790 mum
773 737 1025 792 similiter
1052 748 1250 795 cantet.
1298 739 1475 809 Opera
1530 750 1710 796 autem
1756 755 1821 794 ea
1863 741 1947 794 his
1991 739 2181 793 diebus

594 843 820 899 operare
846 831 1234 900 permittimus,
1269 848 1388 902 quae
1437 848 1538 888 nec
1589 833 1656 887 ad
1689 832 1971 888 ecclesiam
1997 829 2183 908 venirp

593 919 923 990 impediant,
975 938 1076 978 nec
1123 933 1247 979 ante
1296 933 1553 979 statutam
1604 926 1791 981 horam
1853 923 2182 977 manducare

593 1020 688 1066 aut
734 1013 973 1068 abiberc
1008 1025 1221 1084 cogant.
1264 1016 1382 1070 Duo
1428 1031 1642 1086 quoque
1686 1025 1882 1072 caetera
1923 1015 2181 1069 triduana

587 1103 793 1174 jejunia
820 1107 904 1162 his
937 1107 1125 1161 diebus
1157 1109 1274 1176 pari
1320 1109 1529 1163 ratione
1555 1124 1653 1177 per
1689 1107 1870 1162 omnia
1896 1113 2056 1162 erunt
2096 1119 2184 1161 ce-

591 1199 871 1264 lebranda,
905 1215 1072 1253 unum
1102 1207 1226 1267 post
1274 1199 1678 1268 Theophaniam
1706 1215 1784 1252 v11
1819 1197 1963 1264 Idus,
2027 1206 2083 1252 et
2125 1213 2182 1252 1v

590 1293 738 1358 ldus,
764 1300 818 1347 et
846 1307 885 1346 ιι
923 1291 1046 1346 ldus
1070 1291 1336 1346 Januarii.
1360 1289 1520 1347 Aliud
1546 1306 1674 1347 vero
1699 1300 1824 1361 post
1879 1291 2180 1361 Septuage-

593 1385 805 1450 simam,
841 1400 881 1437 ιι
905 1383 1029 1438 Idus
1062 1383 1364 1447 Februarii,
1387 1391 1442 1437 et
1467 1400 1536 1438 xv
1577 1383 1847 1438 Kalendas
1893 1381 2094 1448 Martii,
2130 1389 2185 1437 et

591 1489 647 1529 ιν
676 1472 946 1528 Kalendas
969 1472 1165 1526 Martii.
1196 1472 1559 1528 Necessitates
1580 1487 1710 1528 vero
1733 1487 1869 1542 quas
1895 1487 2061 1542 supra
2085 1487 2183 1528 nos

593 1566 834 1620 dicturos
859 1579 980 1624 esse
1009 1566 1362 1634 promisimus
1391 1567 1533 1620 inter
1559 1574 1804 1632 caeteras,
1836 1581 1970 1636 quas
2003 1574 2184 1621 tamen

592 1657 695 1713 hac
721 1657 838 1712 vice
874 1672 1301 1713 commemorare
1324 1659 1695 1713 necessarium
1749 1658 2022 1723 duximus,
2066 1658 2185 1712 haec

2285 463 2499 535 singula
2525 464 2857 520 monasteria
2885 463 3029 518 infra
3068 467 3323 535 parochia
3361 476 3456 525 tua
3493 470 3574 528 ita
3595 472 3795 534 facias.

2805 554 3141 612 EPISTOLA
3185 557 3347 614 XVII.

2547 666 2616 705 AD
2655 663 2903 703 PIPPINUII
2940 665 3125 705 FILIUM
3163 665 3338 706 REGE!
3378 669 3606 713 ιτΑιιΑζ.

2407 741 2486 798 De
2508 759 2636 812 pace
2665 742 2996 796 ecciesiarum
3037 741 3137 795 Dei
3174 752 3224 796 et
3255 743 3360 797 illis
3393 749 3752 810 servientium.

2885 831 3075 902 (Anno
3110 832 3234 887 801.
3264 831 3286 905 )

2751 924 2847 987 (Ex
2867 923 3040 986 Manet,
3065 923 3242 974 Concil.
3267 925 3411 989 Coll.)

2357 1006 2582 1062 Carolus
2615 1007 2994 1062 serenissimus
3021 1004 3301 1077 Augustus
3333 1024 3365 1062 a
3406 1009 3517 1066 Deo
3549 1027 3888 1086 coronatus,

2286 1113 2543 1168 magnus,
2581 1098 2840 1167 paciﬁcus
2891 1097 3205 1167 imperator,
3261 1099 3635 1162 Romanorum
3689 1113 3900 1181 guber-

2285 1207 2422 1246 nans
2450 1192 2757 1261 imperium,
2787 1206 2852 1246 ac
2881 1206 2978 1260 per
3002 1193 3434 1252 misericordiam
3462 1200 3558 1254 Dei
3586 1217 3682 1257 rex
3713 1204 3896 1259 Fran-

2286 1299 2476 1338 corum
2513 1290 2566 1337 et
2592 1282 3069 1353 Langobardorum
3091 1325 3106 1348 ,
3147 1284 3503 1345 dilectissimo
3547 1293 3657 1348 ﬁlio
3694 1304 3900 1349 nostro

2287 1373 2515 1443 Pippino
2557 1375 2791 1444 glorioso
2836 1375 2948 1445 regi
2983 1376 3367 1445 sempiternam
3415 1381 3468 1436 in
3516 1384 3741 1441 Domino
3789 1403 3894 1442 sa-

2288 1465 2456 1520 lutem
2473 1507 2481 1519 .
3228 1509 3242 1520 .

2361 1557 2615 1614 Pervenit
2632 1561 2699 1616 ad
2723 1573 2880 1614 aures
2904 1566 3122 1614 nostras
3146 1560 3278 1633 [Αι.,
3310 1556 3595 1618 clementiae
3621 1565 3898 1640 nostrae],

2289 1650 2434 1718 quod
2457 1650 2623 1719 aliqui
2651 1652 2814 1706 duces
2834 1692 2848 1717 ,
2883 1657 2938 1706 et
2963 1666 3153 1707 eorum
3172 1651 3416 1721 juniores
3435 1697 3449 1721 ,
3475 1655 3709 1710 castaldii
3733 1697 3748 1720 ,
3785 1656 3894 1711 vi-

592 1756 736 1802 sunt.
768 1748 1010 1816 Denique
1045 1757 1380 1817 compertum
1415 1749 1677 1804 habemus
1714 1762 1812 1817 per
1859 1747 2045 1802 ﬁdeles
2089 1762 2186 1802 no-
2213 1729 2263 1792 Β
2289 1742 2454 1807 carii,
2504 1744 2833 1808 centenarii,
2869 1757 2965 1797 seu
3016 1744 3210 1814 reliqui
3243 1746 3618 1803 ministeriales
3640 1787 3654 1810 τ
3695 1745 3887 1802 falco-

592 1847 758 1904 stros,
788 1840 880 1908 qui
911 1839 1070 1894 nobis
1106 1839 1173 1893 de
1233 1839 1459 1909 singulis
1514 1841 1669 1909 regni
1713 1839 1888 1896 nostri
1939 1839 2185 1910 partibus

589 1929 709 1984 haec
741 1929 1144 1992 nuntiaverunt,
1177 1928 1321 1997 quod
1351 1929 1570 1985 insolito
1604 1946 1776 1995 more,
1808 1937 1864 1984 et
1892 1929 2034 1983 ultra
2058 1943 2186 1982 con-

589 2027 804 2075 suetum
829 2019 1028 2088 ubique
1071 2027 1233 2074 terrm
1263 2020 1528 2076 sterilitas
1560 2036 1681 2077 esse
1706 2029 1761 2076 et
1786 2020 1944 2075 famis
1965 2018 2182 2088 pericu-

591 2110 703 2165 lum
731 2111 1015 2166 imminere
1041 2110 1276 2165 videtur.
1301 2111 1462 2166 Acris
1483 2113 1649 2167 etiam
1678 2113 2028 2182 intemperies
2071 2110 2185 2164 fru-

590 2201 747 2272 gibus
780 2201 936 2256 valde
979 2201 1270 2266 contraria,
1322 2204 1630 2271 pestilentia
1673 2219 1885 2274 quoque
1935 2216 2031 2271 per
2059 2201 2180 2255 loca

588 2299 645 2345 et
670 2306 928 2361 pagorum
963 2293 1202 2362 gentium
1229 2293 1375 2348 circa
1421 2311 1633 2350 marcas
1673 2302 1886 2350 nostras
1938 2280 2179 2345 sedentia

590 2380 730 2437 bella
753 2370 1027 2449 continua,
1056 2383 1226 2438 multa
1261 2394 1524 2455 praeterea
1547 2400 1666 2453 quae
1701 2392 1759 2438 et
1792 2396 1935 2436 nunc
1958 2395 2178 2435 enume-

590 2488 712 2547 rare
751 2473 970 2545 longum
1009 2483 1114 2542 est,
1152 2484 1206 2529 et
1268 2477 1425 2532 nobis
1473 2473 1900 2544 experimentum
1950 2478 2180 2541 possunt

590 2580 711 2619 esse
736 2565 1036 2630 notissima,
1065 2566 1111 2621 si
1134 2566 1421 2623 recordare
1448 2565 1717 2630 volumus,
1761 2563 1940 2634 qualia
1969 2565 2180 2619 incom-

592 2655 753 2709 moda
776 2656 1000 2726 singulis
1031 2657 1220 2712 diebus
1255 2665 1477 2728 propter
1512 2656 1708 2712 merita
1755 2665 1946 2712 nostra
1984 2657 2185 2712 sentia-

590 2761 736 2812 mus,
791 2747 1199 2819 certissimeque
1245 2749 1314 2804 ab
1371 2749 1457 2806 his
1501 2749 1871 2806 exterioribus
1936 2749 2188 2819 colligere

589 2851 896 2905 possumus,
923 2855 1023 2894 nos
1041 2856 1137 2911 per
1171 2840 1356 2896 omnia
1385 2841 1622 2898 Domino
1651 2858 1761 2898 non
1791 2841 2008 2913 placere
2049 2841 2189 2897 inte.

591 2929 850 3000 rius,.qui
885 2939 1035 2987 tanta
1069 2932 1210 2987 mala
1238 2935 1614 3004 compellimur
1643 2935 1878 2990 tolerare
1925 2935 2186 2991 exterius.

592 3020 957 3088 Quamobrem
982 3024 1187 3078 bonum
1215 3025 1375 3080 nobis
1397 3027 1620 3081 omnino
1648 3026 1884 3092 videtur,
1921 3034 1982 3080 ut
2022 3041 2190 3081 unus-

2288 1836 2426 1890 narii
2451 1877 2466 1899 ,
2512 1844 2795 1892 venatores
2817 1877 2832 1901 ,
2875 1845 2928 1890 et
2975 1839 3155 1892 caeteri
3200 1853 3298 1906 per
3351 1841 3560 1912 singula
3610 1840 3877 1894 territoria

2287 1929 2595 1984 habitantes
2634 1929 2720 1983 vel
2747 1929 3145 1996 discurrentes,
3174 1933 3601 1987 mansionatieos
3637 1941 3690 1986 et
3721 1946 3882 2000 para-

2286 2020 2482 2073 vercda
2515 2019 2783 2088 accipiant
2808 2058 2822 2082 ,
2858 2033 2965 2072 non
2994 2019 3169 2073 solum
3195 2034 3360 2086 super
3386 2021 3590 2075 liberos
3616 2019 3902 2082 homines,

2286 2111 2380 2164 sed
2404 2111 2567 2165 etiam
2593 2111 2648 2163 in
2675 2109 2932 2164 ecclesias
2961 2109 3074 2173 Dei,
3105 2111 3432 2162 monasteria
3462 2109 3714 2162 videlicet
3743 2108 3905 2162 vico-

2284 2218 2407 2257 rum
2449 2218 2512 2256 ac
2548 2202 2877 2271 puellarum,
2925 2209 2978 2253 et
3024 2198 3385 2261 xenodochia,
3428 2205 3592 2266 atque
3634 2199 3913 2254 diversas

2280 2294 2467 2362 plebes
2495 2333 2510 2356 ,
2567 2300 2619 2346 et
2665 2305 2825 2358 super
2883 2289 3116 2357 reliquos
3165 2286 3465 2341 servientes
3522 2286 3912 2344 ecclesiarum

2279 2384 2405 2448 Dei,
2440 2385 2498 2438 in
2540 2398 2726 2438 eorum
2757 2397 2922 2450 opera
2943 2422 2957 2446 ,
2990 2381 3046 2436 id
3083 2388 3198 2445 est,
3227 2379 3284 2434 in
3309 2380 3520 2443 vineis,
3552 2387 3606 2434 et
3637 2380 3898 2448 campis,

2282 2493 2377 2532 seu
2399 2475 2588 2545 pratis,
2615 2489 2716 2529 nec
2747 2489 2858 2528 non
2887 2479 2941 2527 et
2968 2473 3023 2526 in
3049 2486 3239 2526 eorum
3265 2469 3511 2524 aediﬁciis
3534 2469 3655 2523 illos
3682 2468 3904 2525 faciant

2285 2567 2525 2637 operari,
2561 2574 2614 2621 et
2647 2567 2986 2630 carnaticos,
3017 2569 3071 2616 et
3105 2562 3292 2615 vinum
3323 2567 3514 2616 contra
3540 2575 3756 2614 omnem
3789 2559 3899 2630 ju-

2285 2657 2491 2713 stitiam
2545 2657 2614 2711 ab
2664 2654 2743 2709 eis
2801 2663 3057 2711 exactare
3105 2667 3215 2707 non
3244 2657 3474 2728 ‘cessant
3502 2691 3517 2714 ,
3573 2657 3628 2704 et
3681 2649 3896 2704 multas

2287 2748 2666 2819 oppressiones
2706 2747 2984 2816 patiantur
3024 2746 3154 2816 ipsa:
3190 2743 3432 2800 ecclesia:
3467 2741 3593 2807 Dei,
3643 2740 3731 2795 vel
3764 2756 3893 2796 ser-

2289 2844 2500 2899 vientes
2525 2855 2730 2897 earum.
2765 2839 3030 2910 Ideoque,
3062 2837 3379 2894 cbarissime
3416 2835 3520 2901 ﬁli,
3552 2834 3650 2888 has
3673 2834 3894 2889 litteras

2292 2936 2361 2990 ad
2403 2943 2552 2989 tuam
2608 2931 2951 2988 dilectionem
2998 2929 3332 2994 direximus,
3370 2934 3431 2982 ut
3481 2926 3622 2982 hanc
3664 2942 3892 2981 causam

2295 3025 2582 3096 diligenter
2595 3039 2660 3078 ac
2680 3023 2976 3092 prudenter
3002 3021 3275 3089 inquirere
3298 3016 3486 3083 facias,
3514 3025 3588 3082 et,
3617 3018 3663 3072 si
3687 3018 3892 3072 veritas

593 3111 1104 3180 quisquenostrum
1131 3128 1224 3167 cor
1252 3129 1410 3170 suum
1431 3115 1720 3170 humiliare
1747 3116 1802 3170 in
1823 3115 2052 3169 veritate
2079 3123 2187 3170 stu-
2213 3101 2261 3167 C
2292 3125 2376 3174 est
2399 3117 2546 3187 quod
2569 3117 2644 3169 ita
2681 3114 2884 3168 factum
2915 3113 2984 3167 sit
3009 3152 3024 3177 ,
3063 3112 3315 3180 deinceps
3340 3110 3668 3167 omnimodis
3699 3125 3894 3164 emen-

593 3201 739 3268 deat,
764 3209 820 3257 et
844 3201 902 3256 in
925 3217 1247 3272 quocunque
1277 3205 1416 3271 loco,
1455 3207 1570 3261 sive
1613 3215 1756 3273 actu,
1787 3206 1899 3260 sive
1925 3206 2184 3276 cogitatu,

594 3310 654 3350 se
673 3296 843 3352 Deum
870 3295 1162 3356 oll'endisse
1185 3296 1622 3366 deprehenderit,
1653 3297 1966 3368 paenitendo
1993 3306 2186 3368 tergat,

592 3385 772 3442 ﬂendo
797 3385 997 3452 doleat,
1025 3395 1080 3443 et
1110 3388 1457 3457 semetipsum
1491 3389 1546 3442 in
1598 3398 1859 3458 quantum
1916 3390 2034 3458 ipso
2085 3390 2192 3444 lar-

591 3476 774 3546 giente
795 3485 974 3547 potest
1000 3478 1069 3533 ab
1109 3477 1193 3532 his
1224 3479 1380 3532 malis
1414 3479 1470 3532 in
1518 3479 1756 3534 futurum
1803 3479 2043 3534 cavendo
2089 3495 2186 3534 cu-

592 3565 816 3629 stodiat,
829 3572 885 3617 et
903 3566 1022 3620 hac
1040 3567 1198 3620 debet
1210 3581 1330 3621 esse
1344 3569 1637 3634 prtemissac
1655 3568 1916 3622 orationis
1934 3568 2184 3635 intentio,

592 3662 653 3706 ut
679 3656 1022 3720 omnipotens
1051 3656 1211 3720 Deus,
1243 3658 1338 3724 qui
1390 3671 1499 3710 non
1549 3657 1724 3711 solum
1781 3657 1948 3724 facta,
1993 3673 2187 3715 verum

592 3742 756 3796 etiam
814 3749 1107 3811 antequam
1160 3743 1294 3800 ﬁant
1338 3747 1522 3800 omnia
1572 3748 1741 3814 novit,
1791 3750 1959 3805 corda
1999 3761 2189 3807 nostra

593 3839 942 3902 compungat,
976 3841 1031 3888 et
1064 3849 1164 3890 nos
1191 3835 1296 3892 sibi
1332 3837 1603 3908 supplices
1627 3847 1788 3909 atque
1831 3837 2105 3908 subjectos
2132 3841 2188 3896 in

593 3935 724 3976 vera
747 3921 1058 3981 humilitate
1083 3924 1269 3994 faciat,
1299 3937 1354 3983 et
1378 3943 1817 4000 unumquemque
1848 3937 2095 3986 nostrum
2121 3933 2190 3988 ab

594 4013 943 4071 observantia
963 4017 1344 4076 mandatorum
1390 4034 1632 4088 suorum,
1686 4020 1911 4092 depulso
1959 4037 1991 4076 a
2035 4023 2192 4080 nobis

597 4107 748 4162 omni
771 4122 978 4179 errore,
1008 4122 1308 4180 convertat,
1347 4113 1799 4185 misereaturque,
1829 4115 1941 4170 sive
1962 4130 1995 4170 a
2033 4115 2192 4171 nobis

599 4201 744 4254 mala
774 4203 1108 4273 repellendo,
1137 4208 1250 4263 sive
1296 4207 1440 4265 bona
1491 4208 1688 4278 quibus
1744 4207 1953 4278 indigni
2005 4222 2193 4264 sumus

598 4291 908 4361 tribuendo,
937 4296 1080 4351 sicut
1103 4298 1218 4368 ipse
1242 4299 1393 4352 novit
1434 4313 1534 4352 nos
1579 4297 1840 4367 indigere,
1900 4304 1955 4350 et
1988 4297 2193 4352 tribuat

599 4392 659 4438 ut
689 4384 746 4438 in
774 4387 1034 4442 membris
1059 4388 1191 4452 suis,
1221 4386 1276 4440 id
1303 4395 1387 4440 est
1442 4387 1495 4440 in
1517 4401 1741 4455 corpore
1763 4393 1964 4440 sancta:
1998 4385 2189 4440 Eccle-

2292 3210 2422 3265 dare
2447 3215 2502 3263 et
2527 3204 2800 3274 corrigere
2826 3203 3062 3266 studeas,
3089 3208 3356 3270 quatenus
3381 3201 3437 3254 in
3471 3200 3661 3255 diebus
3685 3198 3894 3253 nostris

2291 3315 2354 3355 ac
2387 3299 2495 3354 tuis
2520 3313 2623 3368 pax
2671 3295 3019 3350 ecclesiarum
3060 3293 3192 3358 Dei,
3237 3291 3351 3347 sive
3400 3291 3615 3345 illarum
3646 3291 3893 3345 serviem-

2291 3392 2425 3445 tium
2443 3431 2458 3454 ,
2487 3391 2542 3443 in
2572 3387 2823 3443 omnibus
2864 3392 3236 3450 conservetur,
3263 3391 3318 3439 et
3341 3391 3402 3438 ut
3426 3399 3638 3440 merces
3667 3383 3889 3453 copiosa

2289 3482 2447 3536 nobis
2489 3473 2554 3536 ac
2588 3479 2684 3534 tibi
2731 3477 2928 3534 exinde
2971 3476 3176 3549 jugiter
3223 3485 3517 3534 accrescat.
3568 3477 3896 3532 Audivimus

2291 3575 2456 3631 etiam
2499 3572 2643 3642 quod
2689 3569 2938 3640 quaedam
2985 3568 3221 3638 capitula
3270 3585 3389 3638 qua:
3440 3569 3496 3622 in
3550 3567 3672 3639 lege
3722 3569 3887 3623 scribi

2285 3662 2568 3733 iussimus,
2601 3676 2699 3730 per
2723 3660 2902 3729 aliqua
2925 3659 3044 3714 loca
3069 3659 3236 3728 aliqui
3268 3675 3336 3714 ex
3371 3658 3574 3713 nostris
3599 3674 3664 3713 ac
3691 3659 3890 3715 vestris

2292 3754 2502 3817 dicant,
2539 3752 2680 3823 quod
2721 3767 2822 3806 nos
2861 3766 3205 3821 nequaquam
3237 3751 3341 3805 illis
3384 3751 3523 3806 hanc
3559 3766 3779 3806 causam
3817 3753 3886 3807 ad

2292 3843 2543 3898 notitiam
2581 3857 2678 3911 per
2711 3841 3075 3912 nosmetipsos
3112 3842 3414 3897 condictam
3457 3841 3784 3908 habeamus;
3835 3850 3888 3899 et

2294 3935 2416 3989 ideo
2441 3933 2635 3988 nolunt
2665 3932 2744 3987 eis
2773 3933 3024 3997 obedire,
3068 3948 3167 3988 nec
3205 3934 3544 3998 consentire,
3582 3949 3760 4004 neque
3787 3950 3888 4004 pro

2294 4023 2415 4093 lege
2443 4031 2651 4078 tenere.
2692 4022 2772 4076 Tu
2813 4029 2995 4077 autem
3034 4023 3177 4077 nosti
3221 4023 3491 4092 quomodo
3527 4023 3613 4079 vel
3656 4026 3886 4095 qualiter

2295 4123 2476 4170 tecum
2506 4114 2672 4170 locuti
2703 4112 2902 4168 fuimus
2927 4111 2994 4168 de
3035 4114 3166 4182 ipsis
3196 4114 3466 4183 capitulis.
3502 4114 3571 4169 Et
3611 4115 3737 4171 ideo
3785 4116 3882 4171 ad-

2295 4221 2577 4261 monemus
2611 4213 2762 4259 tuam
2803 4203 3089 4258 amabilem
3127 4203 3499 4270 dilectionem,
3529 4211 3589 4259 ut
3630 4221 3728 4274 per
3764 4204 3883 4260 uni-

2295 4312 2511 4353 versum
2535 4311 2760 4368 regnum
2784 4295 2881 4352 tibi
2906 4310 2939 4348 a
2964 4294 3075 4350 Deo
3099 4297 3447 4351 commissum
3467 4311 3533 4351 ea
3548 4303 3676 4351 nota
3699 4295 3878 4362 faciat,

2295 4398 2349 4445 et
2381 4392 2601 4446 obedire
2631 4397 2794 4459 atque
2825 4387 3049 4457 implere
3084 4389 3381 4459 pmcipiat.
3416 4387 3494 4444 De
3535 4389 3796 4458 episcopis
3826 4397 3881 4442 et

598 4478 694 4531 εἰπὲ
725 4479 1000 4533 numerari
1033 4491 1355 4542 mereamur,
1385 4491 1547 4544 quam
1575 4476 1881 4544 PaCiﬁcal‘e,
1928 4477 2186 4544 adunare,
2214 4442 2270 4507 θ
2295 4485 2668 4540 sacerdotibus
2692 4482 2916 4547 occisis,
2949 4481 3088 4536 sicut
3115 4489 3376 4537 statutum
3400 4480 3692 4544 habemus,
3724 4487 3776 4533 et
3811 4479 3880 4534 de

599 4575 652 4617 et
680 4581 889 4634 regere,
929 4576 1090 4635 atque
1112 4567 1178 4619 ab
1208 4565 1357 4620 omni
1407 4563 1553 4620 malo
1585 4574 1870 4636 protegere
1916 4566 2187 4638 dignetur,

599 4653 759 4707 nobis
783 4656 947 4708 etiam
984 4655 1041 4708 in
1073 4655 1167 4710 illa
1191 4655 1399 4711 unitate
1418 4659 1847 4726 comprehensis,
1869 4661 1961 4730 qui
1986 4669 2047 4716 ut
2069 4676 2191 4732 gra-

599 4745 733 4798 tiam
762 4744 906 4801 illius
940 4748 1239 4818 promereri
1277 4749 1582 4819 possimus,
1614 4753 1732 4808 haec
1783 4751 1990 4824 jejunia
2030 4764 2192 4826 atque

599 4836 701 4892 has
730 4839 1004 4895 orationes
1035 4840 1104 4894 ab
1129 4839 1382 4896 omnibus
1411 4843 1567 4898 vobis
1589 4845 1917 4915 generaliter
1942 4846 2059 4902 ﬁeri
2101 4848 2192 4902 de-

604 4933 898 4990 crevimus.
931 4936 1083 4990 Ilane
1108 4950 1321 5006 quoque
1339 4938 1624 5009 epistolam
1648 4942 1949 5013 relegentes
1989 4958 2188 4998 secun-

602 5025 729 5081 dum
757 5027 857 5082 tibi
885 5041 917 5082 a
943 5027 1056 5083 Deo
1107 5027 1290 5082 datam
1334 5030 1654 5100 sapientiam
1713 5048 1895 5087 coram
1938 5032 2190 5086 omnibus

602 5119 890 5189 diligenter
913 5118 1109 5190 relege,
1134 5127 1189 5175 et
1208 5119 1423 5177 tradere
1445 5121 1649 5185 facias;
1689 5123 1762 5174 ita
1793 5129 1852 5173 ut
1875 5133 2062 5174 omnes
2107 5120 2190 5173 in-

602 5210 848 5282 telligant
879 5225 980 5282 pro
1007 5227 1113 5282 qua
1140 5214 1465 5270 necessitate
1498 5212 1616 5265 haec
1673 5209 1879 5278 agenda
1926 5217 2084 5276 sunt;
2137 5218 2194 5264 et

602 5303 973 5374 unusquisque
996 5313 1238 5361 vestrum
1272 5318 1370 5373 per
1403 5301 1644 5370 singulas
1685 5299 1946 5355 ecclesias
1987 5299 2192 5370 baptis-

605 5397 772 5451 males
820 5395 1057 5468 dirigite,
1111 5406 1167 5451 et
1217 5396 1388 5450 bonos
1436 5394 1760 5462 interpretes
1803 5392 2005 5450 mittite
2029 5437 2046 5463 ,
2101 5397 2196 5465 qui

680 5554 704 5578 ιι
744 5539 882 5594 lline
914 5549 1064 5606 patet
1101 5540 1350 5596 illicitum
1397 5543 1564 5594 fuisse
1614 5535 1986 5606 Jejunantibus
2039 5543 2196 5592 extra

611 5612 820 5722 taturus
855 5609 1168 5666 refectionis
1188 5612 1374 5668 bibere
1398 5629 1412 5677 ;
1438 5611 1583 5666 unde
1605 5609 1828 5678 colliges
1855 5623 2018 5676 quam
2053 5622 2198 5689 cteco

611 5672 690 5722 IIII
737 5673 963 5722 aboram
999 5693 1199 5722 erraro,
1228 5683 1317 5722 nni
1347 5683 1610 5722 Ιίηιιίιιηιῃ
1653 5696 1758 5722 nnn
1787 5678 2037 5722 frangam
2064 5693 2198 5722 ιριιι..

611 5672 690 5724 illi
717 5672 963 5728 laborant
999 5693 1205 5747 errore,
1228 5683 1321 5750 qui
1347 5672 1613 5753 liquidum
1653 5672 1762 5737 non
1785 5672 2038 5751 frangere
2057 5677 2200 5750 ἱθὶιι-

2294 4577 2520 4648 reliquis
2547 4577 2877 4648 quibuslibet
2901 4576 3098 4630 causis.
3133 4575 3521 4630 Verumtamen
3548 4574 3611 4627 de
3649 4569 3868 4636 presby-

2294 4669 2426 4724 teris
2457 4669 2671 4724 vidctur
2696 4667 2882 4729 nobis,
2926 4672 2985 4716 ut
3023 4664 3070 4717 si
3103 4663 3241 4719 liber
3278 4673 3438 4719 natus
3462 4669 3539 4725 est
3572 4656 3862 4727 presbyter,

2279 4744 2456 4829 ‘tripla
2487 4756 2880 4822 compositione
2903 4755 3198 4810 secundum
3229 4765 3378 4811 tuam
3408 4757 3580 4826 legem
3610 4750 3702 4804 ﬁat
3724 4761 3872 4800 com-

2295 4851 2532 4919 positus;
2563 4854 2617 4900 et
2652 4846 2698 4898 si
2729 4846 2976 4914 plagatus
3005 4846 3168 4899 fuerit
3197 4887 3212 4910 ,
3249 4848 3544 4902 secundum
3573 4841 3879 4911 qualitatem

2292 4940 2572 5008 plagarum
2603 4933 2688 4988 vel
2728 4933 3020 5000 disciplinac
3066 4935 3228 5001 tripla
3267 4932 3655 4997 compositione
3696 4945 3879 4987 cnien-

2294 5030 2450 5084 detur
2497 5027 2589 5096 qui
2647 5025 2751 5079 hoc
2799 5025 3207 5092 perpetraverit.
3261 5025 3317 5076 Si
3368 5031 3549 5076 tamen
3600 5025 3880 5097 presbyter

2294 5133 2481 5174 servus
2535 5121 2693 5168 natus
2743 5111 2946 5169 fuerit,
3003 5111 3296 5166 secundum
3349 5109 3494 5166 illius
3541 5098 3874 5172 nativitatem

2294 5211 2452 5282 tripla
2491 5203 2878 5275 compositione
2919 5202 3160 5259 solvatur
3189 5206 3246 5260 in
3273 5205 3447 5275 plagis
3473 5214 3529 5261 et
3562 5207 3871 5277 disciplinis.

2296 5304 2362 5358 Et
2401 5301 2469 5356 de
2512 5297 2828 5354 diaconibus
2869 5295 3118 5352 similiter
3153 5297 3268 5353 ﬁat.
3311 5299 3407 5354 liis
3449 5299 3708 5370 expletis,
3747 5303 3874 5357 bene

2302 5392 2420 5448 vale
2444 5404 2656 5458 semper
2681 5389 2738 5444 in
2770 5386 3016 5454 Domino,
3049 5387 3126 5442 ﬁli
3157 5389 3522 5446 dilectissime.

2303 5535 2457 5591 nium
2479 5536 2697 5598 docent,
2743 5529 2977 5583 maxime
3016 5527 3063 5583 si
3109 5529 3176 5584 de
3203 5530 3328 5598 vino
3371 5536 3582 5598 agatur,
3633 5535 3724 5582 aut
3769 5527 3871 5598 alio

2303 5615 2434 5679 potu
2461 5597 2822 5679 confortativo
2851 5607 2906 5655 et
2929 5599 3218 5679 nutriente.
3259 5597 3418 5679 Certe
3432 5598 3746 5679 jejunantes
3787 5597 3868 5657 hic

2307 5669 2472 5736 etiam
2493 5677 2547 5733 in
2569 5674 2864 5735 refectione
2882 5687 2914 5728 a
2931 5671 3057 5728 vino
3079 5672 3348 5728 abstinere
3371 5669 3647 5741 jubentur.
