4074 6148
192 204 294 265 92!

685 327 712 357 α
738 314 1074 373 EPISTOLA
1096 313 1281 372 XVIII.

192 428 263 469 AD
288 423 521 468 Αιιιικωι
546 423 854 466 IAGISTRUM
884 426 952 464 ET
984 424 1052 463 Al)
1077 418 1556 465 CONGREGATIONEI
1582 418 1775 462 SANCTI

671 516 899 556 IARTINI
938 515 1283 555 HONASTERII.

786 590 974 662 (Anno
1010 592 1132 647 805.
1152 591 1173 661 )

541 682 640 744 (Ex
658 682 895 743 Froben.,
920 680 1044 743 Opp.
1069 681 1202 731 beati
1223 680 1458 745 Alcnlni.)

258 768 320 823 In
360 768 583 826 nomine
606 767 804 831 Patris,
838 773 891 819 et
927 763 1069 830 tt‘ilii,
1097 773 1151 819 et
1176 764 1410 834 Spiritus
1438 765 1633 820 sancti.
1674 764 1776 822 Ca—

190 858 338 914 rolus
360 899 376 924 ,
427 870 473 912 et
524 857 758 927 reliqua,
806 855 997 909 Albino
1052 856 1349 912 venerabili
1404 858 1666 926 magistro
1724 863 1780 911 et

188 965 341 1005 omni
379 950 778 1021 congregationi
816 947 1129 1001 monasterii
1165 948 1338 1002 sancti
1380 946 1615 1001 Martini.

263 1040 447 1096 Pridie
467 1056 629 1111 quam
656 1041 722 1094 ad
742 1046 981 1092 nostram
1008 1038 1350 1106 przescntiam
1374 1053 1405 1091 a
1430 1037 1585 1093 vobis
1609 1038 1778 1092 missa

188 1131 428 1187 venisset
467 1131 710 1200 epistola,
744 1129 921 1183 allatae
951 1129 1109 1184 nobis
1141 1139 1266 1184 sunt
1303 1129 1494 1185 litterae
1530 1146 1563 1184 a
1598 1130 1780 1185 Theo-

186 1226 336 1297 dulfo
384 1228 636 1295 episcopo
679 1225 877 1287 missaa,
927 1226 1294 1294 querimonias
1332 1228 1670 1283 continentes
1714 1229 1784 1283 de

184 1318 598 1373 inhonoratione
622 1318 900 1371 hominum
932 1333 1172 1384 suorum,
1208 1325 1262 1373 et
1290 1334 1399 1373 non
1424 1327 1535 1374 tam
1561 1320 1781 1374 illorum

185 1425 348 1479 quam
386 1410 623 1479 episcopi
667 1407 830 1478 hujus
873 1410 1139 1476 civitatis,
1183 1411 1269 1465 vel
1307 1420 1619 1480 contemptu
1660 1411 1781 1480 jus-

187 1504 353 1557 sionis
378 1503 596 1572 imperii
627 1503 832 1568 nostri;
863 1518 1024 1572 quam
1044 1503 1346 1573 jussioncm
1385 1506 1451 1559 de
1481 1505 1785 1560 redditione

188 1595 465 1663 cujusdam
493 1595 679 1650 clerici
706 1595 774 1649 de
796 1597 1040 1651 custodia
1067 1598 1237 1665 ipsius
1266 1598 1456 1666 elapsi,
1482 1608 1536 1653 et
1559 1598 1615 1651 in
1639 1598 1785 1653 basi-

1646 200 2026 260 EPISTOLzE.

1806 321 1864 380 Α
1886 334 2005 373 cam
2027 358 2042 386 ,
2084 335 2245 391 quam
2281 297 2404 376 nisi.
2422 327 2546 391 post
2586 322 2963 391 pcenitentiam
2998 324 3207 397 ingredi
3232 340 3345 383 non
3374 328 3469 383 de-

3367 210 3472 269 922

1879 411 2088 479 buerat,
2121 422 2311 470 contra
2340 413 2515 484 legem
2549 414 2848 486 ingressus,
2880 425 2937 472 et
2960 418 3152 485 adhuc,
3186 427 3248 473 nt
3271 418 3466 487 fertur,

1879 516 2131 571 perverse
2161 506 2344 559 vivere
2368 519 2476 560 non
2518 520 2758 575 cessans,
2787 514 2849 563 ut
2876 508 3076 575 dicitis,
3105 509 3245 564 sicut
3272 509 3473 565 Paulus

1880 594 2152 658 apostolus
2188 594 2460 650 Caesarem
2506 597 2830 665 appellavit,
2872 598 2967 653 sed
3003 612 3342 670 nequaquam
3360 641 3375 667 ,
3413 607 3477 657 ut

1879 679 2097 748 Paulus,
2125 684 2392 743 Caesarem
2424 689 2513 744 adi
2540 702 2673 747 urus
2694 698 2797 745 est.
2826 690 2909 746 llli
2937 693 3101 758 enim,
3140 694 3282 763 apud
3315 708 3476 763 quem

1880 782 2199 844 accusatus,
2238 788 2293 833 et
2346 797 2378 835 a
2423 798 2531 851 quo
2577 782 2854 851 judicatus
2911 792 3075 855 atque
3120 787 3179 840 in
3230 787 3477 843 custodia

1882 868 2081 921 missus
2106 874 2207 933 est,
2241 876 2295 922 et
2320 869 2386 924 de
2425 869 2581 939 cujus
2606 873 2850 927 custodia
2891 875 3094 940 evasit,
3132 876 3479 945 praecipimus

1883 965 1945 1012 ut
1974 958 2247 1024 reddatur,
2275 966 2339 1012 et'
2355 960 2445 1013 ille
2468 975 2593 1014 eum
2620 962 2689 1016 ad
2711 969 2955 1016 nostram
2985 965 3334 1030 audientiam,
3362 968 3480 1022 sive

1884 1062 2031 1112 vera,
2063 1049 2178 1102 sive
2202 1048 2339 1104 falsa
2366 1049 2656 1115 dicentem,
2690 1052 2954 1116 adducat,
2988 1055 3116 1121 quia
3142 1070 3251 1109 non
3285 1057 3439 1111 decet
3462 1096 3479 1123 ,

1884 1148 1947 1193 ut
1983 1146 2205 1208 propter
2252 1139 2414 1192 talem
2441 1140 2716 1194 hominem
2760 1148 2963 1195 nostrte
2992 1145 3183 1210 prima:
3222 1144 3483 1213 jussionis

1885 1227 1996 1281 ulla
2056 1226 2150 1281 ﬁat
2212 1227 2539 1283 immutatio.
2602 1229 2709 1284 Sed
2753 1237 2809 1284 et
2853 1230 3009 1285 valde
3048 1232 3345 1299 miramur,
3387 1244 3485 1288 cur

1888 1318 2044 1372 vobis
2085 1317 2215 1372 solis
2257 1318 2433 1372 visum
2476 1318 2548 1373 sit
2592 1327 2794 1375 nostrae
2843 1320 3187 1376 auctoritatis
3219 1321 3486 1378 sanctioni

1891 1417 1946 1463 et
1987 1410 2203 1487 decreto
2242 1414 2701 1479 eontraeundum,
2729 1429 2854 1469 cum
2890 1414 3095 1483 liquido
3130 1422 3314 1487 pateat
3338 1423 3393 1471 et
3419 1431 3487 1472 ex

1893 1482 2283 1557 consuetudine
2322 1504 2523 1570 veteri,
2552 1513 2607 1558 et
2642 1520 2711 1561 ex
2744 1482 3149 1561 constitutione—
3170 1507 3349 1578 legum
3380 1506 3489 1580 [re-

1893 1590 2047 1663 gum]
2088 1593 2301 1647 decreta
2330 1603 2478 1649 recta
2516 1593 2633 1665 [F.,
2663 1595 2805 1667 rata]
2829 1611 2949 1651 csse
2987 1597 3212 1665 debere,
3239 1612 3342 1653 nec
3368 1597 3488 1656 cni-

185 1689 290 1744 lica
341 1687 519 1743 sancti
568 1686 784 1739 Martini
845 1686 1108 1740 latitantis
1173 1689 1273 1742 sub
1328 1690 1499 1742 nostri
1550 1690 1784 1745 nominis
1816 1677 1872 1738 Β
1901 1699 2064 1753 quam
2089 1686 2412 1754 permissnm
2439 1686 2655 1742 illorum
2678 1687 2855 1742 edicta
2888 1687 2976 1741 vel
3008 1695 3208 1742 statuta
3244 1697 3490 1744 contem-

184 1780 514 1835 auctoritate
544 1778 888 1832 conscribere
912 1777 1208 1846 jussimus;
1240 1779 1394 1848 cuius
1429 1781 1592 1836 etiam
1630 1783 1786 1838 nobis

183 1869 521 1938 exemplaria
571 1868 799 1922 misistis
825 1866 941 1940 [F.,
980 1870 1199 1925 vobis...
1236 1871 1544 1944 misimus],
1582 1873 1637 1927 in
1664 1873 1784 1943 qui-

183 1962 291 2016 bus
332 1975 433 2015 nos
474 1973 815 2028 nequaquam
860 1958 1060 2028 injuste
1107 1961 1310 2032 aliquid
1356 1965 1688 2031 decrevisse,
1725 1973 1786 2020 ut

184 2052 344 2107 vobis
384 2051 561 2106 visum
600 2049 735 2116 fuit,
762 2059 1032 2120 putamus.
1065 2051 1171 2106 Sed
1218 2068 1342 2108 cum
1374 2062 1632 2124 utrasque
1673 2056 1787 2125 epi-

181 2149 382 2214 stolas,
416 2155 651 2201 vestram
696 2147 924 2213 scilicet,
951 2155 1005 2204 et
1033 2148 1332 2215 Theodulﬁ,
1362 2152 1517 2206 nobis
1544 2152 1788 2221 relegere

184 2241 535 2304 fecissemus,
573 2238 816 2307 asperior
846 2238 1019 2293 multo
1056 2240 1215 2294 nobis
1245 2249 1300 2294 et
1329 2257 1455 2296 cum
1500 2242 1784 2297 iracundia

186 2330 487 2400 composita
519 2337 733 2393 vestra,
763 2344 926 2398 quam
951 2329 1232 2385 Theodnlﬁ
1272 2332 1558 2386 videbatur
1580 2333 1786 2401 cpisto-

186 2421 274 2487 la,
321 2427 376 2473 ct
426 2420 483 2472 in
526 2419 672 2473 nullo
727 2434 855 2488 erga
905 2420 1393 2477 illum-charitatis
1439 2424 1786 2479 condimento

188 2525 472 2581 respersa;
510 2510 604 2564 sed
638 2509 819 2578 potius
853 2509 1006 2578 quasi
1038 2525 1189 2564 reum
1229 2511 1551 2578 defendens,
1584 2521 1640 2568 et
1668 2514 1789 2583 epi-

186 2616 416 2671 scopum
449 2614 761 2663 -accusans,
793 2610 848 2653 et
893 2601 995 2654 sub
1039 2600 1305 2655 velamine
1347 2603 1580 2673 quodam
1626 2604 1789 2659 celati

186 2692 428 2747 nominis
458 2692 744 2746 continens
768 2692 852 2745 vel
889 2698 1074 2761 posset
1111 2693 1196 2745 vel
1234 2693 1445 2747 admitti
1476 2696 1544 2749 ad
1568 2710 1790 2750 accusa-

186 2785 399 2840 tionem
433 2786 685 2851 deberet;
714 2800 837 2839 cum
875 2783 979 2839 hoc
1022 2784 1243 2839 omnino
1280 2792 1336 2839 et
1377 2785 1557 2840 divina
1594 2794 1647 2839 et
1684 2786 1789 2841 hu-

187 2893 355 2932 mana
393 2877 513 2949 lege
558 2877 827 2933 sancitum
875 2877 966 2943 sit,
992 2878 1021 2917 b
1059 2877 1192 2931 nulli
1226 2878 1518 2934 criminosa
1556 2879 1790 2934 alterum

187 2970 483 3025 accusandi
511 2970 626 3025 dari
654 2969 923 3024 licentiam
942 3009 958 3037 ,
990 2984 1301 3039 quanquam
1336 2987 1367 3024 a
1398 2971 1553 3026 vobis
1578 2971 1645 3027 ad
1683 2971 1789 3027 hoc

1895 1790 2047 1829 nere.
2083 1777 2149 1830 Et
2174 1777 2229 1831 in
2254 1778 2357 1833 hoc
2382 1778 2515 1833 satis
2542 1778 2733 1832 mirari
2758 1778 3100 1847 nequivimus
3117 1819 3133 1845 ,
3171 1777 3317 1849 quod
3343 1779 3492 1836 illius

1898 1866 2149 1921 scelerati
2175 1866 2407 1921 hominis
2431 1866 2697 1936 precibus,
2730 1882 2893 1936 quam
2918 1876 3118 1924 nostrae
3150 1868 3493 1926 auctoritatis

1892 1956 2231 2025 jussionihus
2276 1958 2650 2026 obtemperare
2692 1957 2982 2024 maluistis,
3028 1975 3154 2015 cum
3188 1976 3336 2015 nunc
3375 1960 3492 2015 cla-

1898 2048 2113 2103 rissime
2146 2048 2370 2117 liqueat,
2406 2064 2530 2103 cum
2553 2050 2741 2104 eodem
2767 2050 2986 2105 homine
3014 2065 3255 2107 amorem
3286 2052 3493 2108 discor-

1900 2139 2002 2194 diae
2043 2152 2109 2192 ex
2173 2138 2477 2208 irruptione
2541 2139 2822 2194 charitatis
2878 2139 2946 2194 de
2993 2141 3099 2197 hoc
3153 2142 3274 2197 loco
3319 2141 3494 2197 vetuit

1900 2226 2011 2298 [L.,
2044 2228 2232 2299 veluti]
2266 2230 2469 2299 egredi.
2506 2229 2613 2298 Ipsi
2650 2230 2848 2299 quippe
2884 2232 3113 2297 nostris,
3141 2233 3234 2301 qui
3263 2246 3495 2303 congre-

1899 2320 2046 2392 gatio
2070 2319 2231 2390 hujus
2251 2322 2569 2377 monasterii
2598 2336 2662 2377 ac
2682 2322 2824 2376 servi
2845 2322 2939 2377 Dei
2968 2322 3045 2395 [et
3068 2324 3278 2378 utinam
3304 2338 3432 2379 vere
3449 2322 3493 2397 ε]

1900 2413 2174 2479 dicimini,
2212 2412 2447 2483 qualiter
2489 2411 2604 2482 jam
2646 2414 2837 2469 crebro
2872 2415 2984 2468 vita
3021 2422 3201 2469 vestra
3239 2431 3272 2469 a
3307 2414 3497 2470 multis

1903 2504 2179 2560 diﬂ‘amata
2223 2512 2306 2560 est
2330 2546 2345 2571 ,
2394 2513 2449 2560 et
2491 2521 2601 2560 non
2640 2506 2845 2575 absque
2887 2520 2966 2560 re.
3009 2506 3316 2576 Aliquando
3340 2521 3490 2562 enim

1902 2598 2229 2664 monachos,
2258 2597 2547 2667 aliquando
2574 2598 2868 2653 canonicos
2885 2638 2901 2664 ,
2929 2598 3218 2667 aliquando
3243 2604 3498 2653 neutrum

1901 2703 1998 2744 vos
2052 2700 2173 2742 esse
2218 2689 2497 2743 dicebatis.
2544 2688 2613 2742 Et
2665 2703 2765 2743 nos
2811 2689 3141 2744 consulendo
3196 2688 3351 2743 vobis
3374 2726 3392 2754 ,
3442 2691 3501 2743 et

1903 2780 1972 2835 ad
1994 2780 2195 2834 malam
2212 2779 2413 2835 famam
2433 2781 2750 2837 abolendam
2764 2781 2791 2821 ἀ
2807 2783 3128 2853 magistrum
3152 2789 3208 2835 et
3232 2788 3498 2836 rectorem

1903 2870 2160 2926 idoneum
2185 2871 2338 2925 vobis
2367 2870 2627 2941 elegimus
2644 2911 2659 2937 ,
2689 2868 2835 2927 etde
2861 2872 3168 2943 longinquis
3203 2869 3499 2940 provinciis

1903 2958 2252 3013 invitavimus
2268 2999 2283 3025 ,
2310 2960 2401 3029 qui
2429 2966 2484 3014 et
2517 2960 2696 3015 verbis
2720 2968 2775 3014 et
2811 2960 3267 3016 admonitionibus
3292 2967 3499 3015 rectam

196 3061 450 3117 defensus
496 3068 551 3116 et
597 3068 949 3118 conservatus
992 3061 1063 3117 sit
1111 3063 1212 3117 sub
1263 3062 1487 3117 obtentu
1528 3060 1791 3132 jussionis
1821 3024 1878 3087 ο
1907 3047 2076 3104 "nam
2104 3048 2405 3115 ίηδιΐιιθΐθτ
2434 3057 2518 3114 ει»
2550 3050 2676 3120 (illia
2713 3052 2998 3123 religiosus
3022 3059 3170 3118 erat,
3196 3052 3352 3107 b01133
3376 3065 3501 3106 00“-

186 3157 427 3212 nominis
458 3156 667 3223 nostri,
696 3164 757 3210 ut
803 3156 896 3226 qui
932 3154 1048 3225 jam
1079 3164 1365 3211 accusatus
1384 3197 1399 3222 ,
1428 3162 1485 3210 et
1511 3166 1532 3194 ο
1564 3156 1620 3209 in
1661 3170 1794 3210 con-

183 3254 377 3316 spectu
402 3247 587 3317 populi
627 3246 865 3302 civitatis
896 3261 1007 3301 suae
1039 3244 1315 3314 judicatus
1355 3253 1468 3309 est,
1500 3243 1798 3299 accusandi

185 3338 367 3394 locum
392 3340 595 3394 habere
625 3337 858 3395 Caesarei
886 3337 1120 3393 nominis
1152 3335 1510 3407 appellatione
1536 3337 1756 3391 deberet
1774 3376 1793 3402 ,

184 3430 257 3485 ad
278 3430 597 3500 exemplum
622 3430 769 3484 beati
784 3428 940 3483 Pauli
959 3429 1210 3498 apostoli,
1235 3430 1327 3498 qui
1353 3428 1497 3498 apud
1519 3427 1796 3497 principes

183 3520 389 3576 Judaeaa
405 3537 439 3574 a
462 3527 622 3591 gente
646 3535 744 3574 sua
770 3526 1077 3585 accusatus,
1105 3519 1202 3574 sed
1224 3521 1466 3574 nondum
1494 3517 1793 3588 judicatus,

188 3609 467 3664 Cmsarem
511 3609 798 3676 appellavit
822 3649 837 3674 ,
871 3617 926 3663 et
976 3610 1045 3663 ab
1090 3609 1293 3662 eisdem
1347 3610 1681 3678 principibus
1724 3609 1794 3664 ad

193 3700 472 3756 Caesarem
497 3697 824 3767 judicandus
860 3699 1060 3754 missus
1099 3705 1185 3753 est
1222 3698 1359 3769 (Act.
1394 3716 1521 3765 xxv,
1552 3701 1639 3766 l0,
1679 3701 1793 3772 ll),

193 3790 344 3860 quod
368 3801 713 3856 nequaquam
748 3789 1005 3856 praesenti
1042 3789 1259 3858 negotio
1286 3791 1553 3846 convenit.
1596 3792 1801 3848 Paulus

194 3879 346 3934 enim
392 3875 671 3947 apostolus
709 3891 743 3930 a
779 3875 978 3931 Iudaeis
1018 3882 1337 3941 accusatus,
1381 3880 1476 3933 sed
1509 3894 1619 3933 non
1650 3879 1800 3947 judi-

194 3980 385 4035 catus,
424 3967 697 4024 Czesarem
735 3967 1052 4037 appellavit,
1079 3976 1134 4024 et
1173 3969 1321 4025 adire
1361 3970 1658 4038 permissus
1692 3978 1800 4025 est.

193 4061 297 4118 llic
323 4074 455 4115 vero
481 4057 701 4113 infamis
738 4057 989 4124 clericus,
1019 4068 1074 4112 et
1099 4067 1385 4115 accusatus
1411 4066 1466 4112 et
1488 4057 1763 4128 judicatus
1781 4101 1798 4127 ,

92 4166 99 4172 ‘
196 4162 252 4209 ct
278 4154 335 4209 in
371 4150 613 4210 custodia
639 4150 841 4205 missus
858 4189 874 4216 ,
901 4158 957 4205 et
982 4151 1049 4207 de
1072 4150 1318 4207 custodia
1340 4151 1555 4220 elapsus
1572 4191 1587 4217 ,
1615 4151 1801 4207 basili-

271 4319 298 4348 ιι
323 4301 585 4376 Epistolu.
605 4300 784 4376 Magni
808 4302 1089 4376 momenti,
1106 4302 1548 4376 inquit‘Baluzius
1574 4302 1802 4376 in_noti_s

201 4377 315 4431 suis
340 4371 409 4429 ad
437 4371 783 4442 Capitularia,
801 4379 935 4444 tom.
964 4373 1027 4439 ll,
1044 4388 1167 4444 pag.
1198 4372 1356 4442 1062,
1373 4380 1458 4428 est
1488 4373 1591 4427 ista
1619 4371 1800 4427 Caroli

204 4444 449 4513 epistola,
468 4457 499 4495 a
519 4457 714 4512 magno
736 4442 984 4567 principle
1006 4442 1063 4497 et
1080 4442 1288 4512 jurium
1315 4444 1606 4499 sacerdotii
1629 4451 1684 4498 et
1703 4444 1802 4498 int-

207 4514 340 4567 nerii
355 4512 683 4567 peritissimo
696 4514 914 4567 scripta.
972 4514 1022 4567 ic
1032 4514 1185 4567 vides
1196 4513 1452 4567 clericum
1465 4513 1531 4567 ab
1546 4515 1802 4567 eniscooo

205 4512 340 4585 perii
355 4512 683 4585 peritissimo
696 4512 1022 4585 scripta.Hic
1032 4514 1185 4568 vides
1196 4513 1452 4570 clericum
1465 4513 1531 4567 ab
1546 4515 1802 4585 episcopo

204 4582 304 4640 suo
325 4582 624 4653 secundum
644 4598 878 4637 canones
892 4583 1217 4651 judicatum,
1239 4590 1294 4637 et
1318 4585 1375 4639 in
1400 4582 1643 4639 custodia
1668 4600 1800 4653 pro-

201 4664 326 4726 pter
349 4669 448 4709 sua
464 4652 657 4726 merita
684 4653 974 4726 inclusum,
992 4654 1186 4724 ruptis,
1204 4662 1264 4726 ut
1289 4655 1586 4726 itadicam,
1614 4652 1803 4709 carce-

202 4723 279 4781 ris
302 4724 554 4789 vinculis,
583 4723 639 4796 in
664 4724 953 4796 ecclesiam
978 4723 1153 4780 sancti
1171 4725 1387 4780 Martini
1410 4724 1720 4796 confugisse
1742 4731 1802 4781 et

203 4798 433 4851 abusum
468 4793 757 4865 sanctitate
783 4794 923 4859 loci,
950 4804 1014 4849 ut
1035 4811 1252 4864 poenam
1278 4796 1557 4860 evaderet,
1584 4793 1709 4865 quae
1741 4796 1802 4850 in

203 4882 329 4921 eum
363 4866 571 4935 optimo
597 4863 803 4935 judicio
838 4863 1132 4919 constituta
1157 4865 1352 4920 fuerat.
1406 4868 1569 4922 Vides
1604 4863 1802 4921 deinde

203 4934 524 4999 monachos,
541 4941 602 4987 ut
618 4934 850 5004 asylisni
872 4935 1185 5004 religionem
1206 4944 1260 4990 et
1274 4937 1653 4992 auctoritatem
1666 4952 1800 4991 ven-

206 5005 467 5076 ditarcnt,
486 5004 707 5076 latebris
730 5003 881 5058 illum
896 5003 1011 5059 suis
1035 5006 1356 5071 occultasse,
1372 5005 1595 5076 ejusque
1608 5005 1799 5061 defen-

194 5075 420 5147 sionem
448 5072 524 5147 ita
545 5073 827 5147 suscipere
868 5089 1032 5130 ausos
1068 5075 1325 5132 adversus
1354 5072 1665 5147 episcopum
1683 5117 1698 5142 ,
1737 5083 1803 5130 ut

210 5143 381 5217 etiam
418 5142 471 5193 ei
511 5141 768 5217 plurimas
801 5146 1156 5201 contumelias
1196 5141 1410 5216 publice
1438 5141 1799 5217 importemnt.

195 5215 347 5294 Quae
372 5224 462 5294 res
491 5211 625 5294 adeo
643 5210 864 5294 demens
878 5221 935 5268 et
959 5217 1152 5271 stolida
1173 5210 1289 5294 visa
1301 5226 1385 5294 est
1398 5210 1801 5294 sapientissimo

200 5284 447 5358 principi
462 5286 568 5358 ,__ut
596 5294 709 5358 non
728 5284 905 5358 solum
927 5300 1112 5358 eorum
1137 5288 1420 5358 stultitiam
1456 5284 1807 5358 castigaverit

212 5350 589 5432 asperioribus
602 5351 797 5432 verbis,
815 5354 909 5407 sed
920 5355 1080 5432 etiam
1101 5357 1527 5432 clericum_illum
1550 5350 1805 5432 episcopo

214 5422 319 5479 suo
342 5422 500 5496 reddi
518 5422 774 5496 jusserit,
796 5425 1088 5496 monachos
1111 5442 1275 5496 porro
1307 5428 1377 5480 ad
1412 5441 1472 5496 se
1496 5422 1681 5480 venire
1698 5468 1713 5491 ,
1733 5422 1805 5482 ut

198 5492 489 5563 condigna
515 5489 893 5563 satisfactione
914 5489 1145 5550 inustum
1173 5497 1379 5551 crimen
1405 5495 1665 5549 eleruent.
1697 5489 1710 5549 ζ
1743 5537 1757 5549 .
1786 5537 1801 5551 .

218 5560 491 5623 Czeterum
527 5562 673 5636 quod
716 5561 805 5636 hic
836 5560 1130 5636 Ilieodulfo
1154 5565 1527 5636 Aurelianensi
1553 5565 1805 5636 episcopo

202 5636 419 5696 .accidit
439 5631 562 5694 sub
575 5633 804 5700 imperio
827 5631 1005 5695 Caroli
1026 5634 1097 5693 Μ.
1138 5637 1284 5700 idem
1314 5634 1487 5696 ferme
1514 5631 1807 5717 Hincmaro

1908 3143 2232 3199 versationis
2262 3142 2510 3212 exemplo
2552 3145 2819 3213 potuisset
2862 3144 3173 3201 informare.
3204 3142 3331 3208 Sed,
3359 3142 3500 3214 proh

1908 3234 2096 3309 dolqu
2126 3235 2386 3290 aliorsum
2413 3244 2608 3292 cuncta
2639 3252 2900 3293 conversa
2931 3246 3087 3303 sunt;
3126 3245 3182 3290 et
3203 3247 3227 3275 ο
3254 3233 3502 3291 diabolus

1906 3343 2004 3383 vos
2048 3328 2203 3397 quasi
2252 3327 2531 3384 ministros
2585 3344 2712 3384 suos
2761 3329 2831 3384 ad
2879 3327 3249 3383 seminandam
3295 3325 3502 3382 discor-
3599 3321 3608 3331 ’

1908 3418 2084 3484 diam,
2129 3418 2271 3471 inter
2307 3432 2441 3487 quos
2481 3419 2707 3473 minime
2731 3419 2985 3482 decebat,
3027 3416 3264 3481 invenit,
3293 3413 3502 3470 scilicet

1905 3510 2051 3564 inter
2082 3509 2353 3579 sapientes
2379 3517 2437 3565 et
2468 3509 2718 3566 doctores
2745 3508 3029 3572 Ecclesiae,
3058 3514 3114 3561 et
3139 3507 3234 3575 qui
3267 3519 3501 3574 peccan-

1906 3608 1990 3654 tes
2020 3600 2294 3671 corrigere
2318 3609 2374 3655 et
2400 3602 2667 3671 castigare
2692 3599 3014 3664 debuerunt,
3051 3598 3246 3668 cogitis
3270 3597 3339 3651 ad
3371 3609 3500 3665 pec-

1903 3700 2088 3747 catum
2114 3693 2330 3748 invidiae
2357 3700 2519 3762 atque
2546 3690 3217 3761 iracundize'prorumpcre.
3248 3686 3374 3751 Sed,
3400 3684 3498 3749 illi,

1907 3779 2019 3837 Deo
2052 3783 2380 3847 miserante,
2414 3796 2755 3850 nequaquam
2792 3794 3072 3835 assensum
3105 3776 3302 3832 vestris
3344 3775 3504 3830 malis

1908 3873 2347 3942 snggestionibus
2384 3871 2664 3939 praebituri
2700 3878 2845 3949 sunt.
2873 3870 2982 3925 Vos
3006 3874 3209 3932 autem,
3250 3865 3345 3935 qui
3372 3879 3504 3919 con-

1908 3971 2205 4032 temptores
2231 3970 2433 4018 nostrae
2459 3961 2718 4029 jussionis
2757 3962 3059 4027 exstitistis,
3083 3961 3198 4015 sive
3229 3956 3501 4023 canonici,

1909 4056 2026 4109 sive
2066 4054 2317 4109 monachi
2341 4053 2610 4109 vocamini
2630 4094 2644 4118 ,
2673 4054 2741 4108 ad
2764 4053 3022 4122 placitum
3046 4060 3290 4109 nostrum
3307 4091 3322 4118 ,
3343 4046 3505 4118 juxta

1910 4147 2057 4218 quod
2088 4161 2329 4217 praesens
2371 4146 2569 4201 missus
2612 4146 2797 4200 noster
2833 4146 2986 4201 vobis
3020 4145 3306 4211 indixerit,
3345 4139 3507 4197 nobis

1912 4301 2206 4358 Rhemensi
2237 4301 2643 4372 archiepiscopo
2666 4308 2855 4372 postea
2879 4302 3086 4367 evenit,
3115 4309 3177 4356 ut
3200 4302 3357 4358 docet
3379 4298 3507 4355 Flo—

1910 4372 2178 4437 doardus,
2206 4373 2300 4427 lib.
2328 4389 2389 4427 ιιι
2420 4372 2557 4427 Hist.
2589 4372 2805 4440 Rhem.,
2833 4389 2952 4444 cap.
2981 4373 3071 4438 21,
3098 4372 3193 4427 ubi
3216 4383 3506 4444 recensens

1910 4444 2168 4514 epistolas
2190 4443 2481 4527 'Hincmari
2534 4445 2613 4497 ait
2634 4448 2664 4513 τί
2690 4463 2708 4494 ι
2739 4440 2916 4500 Eboni
2964 4444 3217 4513 episcopo
3260 4440 3504 4496 ecclesia:

1907 4514 2235 4570 Rhemensns
2278 4515 2496 4569 alumno
2541 4530 2639 4584 pro
2675 4516 2909 4584 quodam
2947 4514 3116 4568 fratre
3158 4513 3227 4568 ab
3274 4511 3377 4566 hac
3414 4524 3507 4565 ec-

1909 4585 2073 4640 clesia
2120 4586 2542 4657 fugalapso_et
2587 4586 2729 4655 apud
2772 4585 2951 4655 ipsum
2983 4590 3360 4657 commorante
3381 4621 3397 4646 ,
3444 4586 3507 4635 ut

1910 4654 2234 4726 quantocius
2258 4656 2410 4709 illum
2439 4654 2682 4726 diligenti
2707 4654 2837 4710 cura
2862 4655 3143 4710 remittere
3165 4654 3453 4726 studeat.)

1980 4723 2234 4803 Baluaius
2256 4726 2411 4803 hanc
2439 4722 2721 4803 epistolam
2748 4729 2983 4803 primum
3008 4741 3074 4781 ex
3112 4725 3284 4803 veteri
3308 4722 3507 4803 Codice

1908 4811 2015 4851 ms.
2062 4797 2402 4869 bibliotheae
2449 4790 2775 4854 Colbertinae
2805 4798 2972 4852 edidit
3012 4794 3208 4869 tonis“!
3243 4790 3502 4869 Capitula

1907 4882 2032 4949 pag.
2060 4868 2185 4934 415,
2216 4882 2445 4938 eamque
2474 4869 2733 4949 scriptam
2756 4875 2912 4937 putat
2935 4881 3079 4920 anno
3105 4863 3231 4925 805,
3260 4858 3507 4913 Mabillo-

1907 4940 2033 5012 nius
2050 4954 2185 5012 vero
2222 4955 2373 5012 anno
2396 4940 2739 5012 praecedenti.
2824 5008 2833 5012 Α
2944 5006 2960 5012 _
3005 5004 3017 5012 _
3105 5002 3138 5012 ,_
3213 4999 3247 5012 ._
3293 4998 3327 5012 ..

1983 5008 2012 5047 ι)
2038 5009 2193 5082 Nulli
2225 4997 2525 5082 crimirioso.
2566 5011 2788 5082 Legitur
2821 5006 2965 5082 istud
3004 5004 3059 5058 in
3082 4998 3366 5082 Capitulis
3390 4997 3504 5052 An-

1910 5077 2194 5148 gilramni,
2240 5096 2359 5149 cap.
2389 5079 2459 5135 «l5
2496 5089 2550 5135 et
2594 5071 2717 5135 inde
2755 5080 2808 5131 in
2847 5077 2970 5131 libr.
2993 5091 3052 5149 _v_
3075 5071 3501 5149 C_apitularium,

1910 5144 2030 5216 cap.
2061 5144 2187 5205 187.
2214 5144 2350 5206 Vide
2378 5152 2541 5206 etiam
2570 5152 2691 5206 libr.
2717 5163 2810 5209 vn,
2841 5159 2961 5214 cap.
2985 5144 3298 5216 85._BAL_u_z.

1985 5213 2008 5256 δ
2036 5217 2107 5273 In
2131 5230 2407 5293 conspectu
2442 5221 2661 5293 populi,
2682 5218 2782 5293 Hic
2818 5213 2969 5272 locns
3006 5213 3161 5269 valde
3199 5213 3502 5267 illustratur

1985 5238 2008 5256 υ
2036 5238 2107 5273 ιη
2131 5238 2407 5344 εοηεόιεειιι
2442 5238 2640 5293 populi.
2682 5238 2782 5272 me
2818 5238 2829 5268 ι

1917 5302 2137 5365 ακρῳ.
2176 5290 2242 5365 57
2283 5331 2297 5354 ,
2329 5291 2513 5365 libr.‘v
2537 5287 2829 5365 Capitular.

1988 5357 2015 5397 ά
2042 5357 2375 5431 Magistrum.
2402 5357 2689 5431 Alcuinum
2720 5357 2941 5431 utique?

1996 5419 2290 5486 eDiabolus
2339 5449 2426 5485 vos
2474 5429 2626 5499 quasi
2670 5419 2938 5499 mittis—tros
2983 5423 3256 5499 suos._lvo
3300 5419 3506 5499 Carno-

1920 5502 2089 5574 tensis
2134 5502 2436 5570 episcopus,
2457 5487 2633 5574 __ép_i_st.
2681 5489 2836 5574 266ἰ
2858 5496 3083 5574 loquens
3117 5496 3183 5551 de
3216 5487 3506 5574 monachis

1918 5572 2143 5641 majoris
2166 5561 2983 5641 'monasterii'Turonensis‘fc
3028 5564 3275 5625 Monachi
3312 5561 3508 5618 daemo-

1852 5709 1856 5713 η
1922 5638 2078 5705 niaca
2114 5640 2315 5697 invidia
2353 5638 2510 5697 moti.
2545 5658 2571 5717 ι
2606 5638 2838 5708 Bmqu
2880 5643 3011 5702 ibid.
