4074 6148
601 283 702 346 927

1463 278 1523 331 B.
1562 275 1813 334 canon
1852 272 2067 330 MAGNI
2103 268 2254 330 ore.
2295 267 2473 329 PARS
2510 273 2574 329 ιι.
2619 236 2878 331 SEc'no
2901 274 2947 332 ι.

3744 275 3865 333 928

600 401 738 470 gelio
763 397 839 452 ait
877 411 892 451 :
921 393 1053 449 Cum
1080 393 1270 447 venerit
1302 387 1611 443 Paracletus
1645 388 1874 456 Spiritus
1916 387 2164 453 veritatis,
2193 389 2248 451 Δ
2269 392 2398 446 dens
2432 391 2700 461 apparuit,
2746 391 2885 445 sicut
2926 387 3289 458 apostolorum
3351 392 3616 442 testantur
3657 387 3872 465 Actus,

599 493 688 562 qui
715 508 747 543 a
772 488 934 542 Patre
953 485 1182 556 procedit
1209 483 1388 553 (Joan.
1414 480 1526 551 xv).
1551 479 1655 535 Ubi
1681 496 1838 534 suum
1859 495 1979 535 esse
2007 479 2175 548 Spiri-

599 589 712 634 tum
745 577 944 643 docuit,
973 578 1098 646 quia
1142 575 1257 643 ipse
1304 580 1388 626 est
1433 572 1651 636 veritas,
1700 578 1754 625 et
1792 570 1986 635 Patris,
2011 586 2043 624 a
2067 584 2175 639 quo

599 685 721 725 eum
745 669 877 724 dixit
899 667 1210 736 procedere.
1259 663 1413 729 Quod
1451 664 1712 732 Spiritum
1759 671 2002 718 sanctum
2029 663 2175 718 dedit

599 759 758 813 Pater
797 756 1070 827 apostolis,
1100 756 1155 809 in
1200 754 1437 822 Epistola
1485 754 1551 807 ad
1592 753 1897 807 Corinthios
1937 754 2172 808 secunda

597 850 856 918 scriptum
895 856 1008 912 est;
1039 846 1115 899 ait
1137 845 1282 900 enim
1304 846 1445 898 inter
1469 852 1663 898 canora
1694 861 1707 897 :
1733 843 1835 908 Qui
1854 853 2026 896 autem
2043 859 2174 896 con-

594 941 769 1008 ﬁrmat
796 954 888 992 nos
921 936 1180 990 vobiscum
1204 936 1259 987 in
1284 933 1509 997 Christo,
1542 942 1589 986 et
1608 934 1697 1002 qui
1719 934 1866 985 unxit
1892 949 1985 986 nos
2008 931 2171 999 Deus,

593 1039 640 1082 et
663 1031 750 1100 qui
773 1008 993 1098 signavit
1023 1043 1136 1090 nos,
1161 1034 1209 1078 et
1234 1023 1372 1076 dedit
1396 1025 1581 1092 pignus
1606 1022 1833 1093 Spiritus
1853 1025 1908 1077 in
1931 1024 2174 1078 cordibus

596 1123 785 1178 nostris
814 1120 903 1192 (ΙΙ
927 1118 1048 1172 Cor.
1080 1117 1141 1188 ι).
1173 1118 1305 1171 Item
1354 1117 1406 1168 in
1449 1116 1686 1185 Epistola
1722 1117 1790 1171 ad
1827 1117 2169 1172 Thessaloni-

593 1227 782 1267 censes
827 1210 1039 1278 prima:
1069 1207 1192 1261 Non
1247 1207 1386 1260 enim
1431 1207 1646 1270 vocavit,
1691 1206 1786 1271 ait,
1816 1223 1908 1260 nos
1934 1205 2075 1261 Deus
2119 1208 2175 1260 in

591 1305 996 1370 immunditiam,
1027 1304 1116 1358 sed
1141 1303 1198 1356 in
1218 1300 1702 1369 sanctiﬁcationem.
1729 1297 1916 1368 Itaque
1937 1298 2025 1368 qui
2064 1298 2174 1350 ha'c

591 1397 806 1467 spernit,
832 1413 936 1450 non
965 1396 1224 1448 hominem
1270 1392 1485 1462 spernit,
1521 1389 1610 1442 sed
1656 1388 1855 1453 Deum;
1879 1389 1968 1458 qui
2015 1389 2173 1442 etiam

593 1489 733 1542 dedit
758 1488 1014 1557 Spiritum
1031 1502 1183 1539 suum
1199 1493 1435 1538 sanctum
1459 1483 1515 1535 in
1540 1481 1684 1535 nobis
1709 1479 1763 1552 (I
1792 1479 1967 1533 Thess.
1987 1479 2086 1549 Iv).
2106 1480 2174 1534 Et

593 1580 736 1647 quod
763 1578 1011 1632 eumdem
1035 1575 1298 1644 Spiritum
1321 1581 1568 1628 sanctum
1612 1572 1757 1626 dedit
1804 1579 1856 1623 et
1888 1569 2077 1634 Filius,
2118 1571 2174 1624 in

592 1667 830 1736 Epistola
872 1665 1092 1720 Joannis
1138 1665 1400 1732 scriptum
1421 1668 1541 1715 est:
1591 1659 1658 1713 In
1695 1660 1791 1711 hoc
1836 1657 2175 1727 intelligimus

2273 483 2367 537 ubi
2405 482 2699 537 scribitur:
2729 481 2866 534 Dum
2909 479 3284 546 complerentur
3333 480 3442 532 dies
3485 479 3871 552 Pentecoster,

2273 582 2421 628 erant
2465 589 2638 627 omnes
2683 573 2879 642 pariter
2900 572 2954 624 in
2983 571 3159 625 eodem
3185 571 3329 636 loco;
3370 579 3419 624 et
3454 570 3625 640 factus
3667 582 3747 626 est
3776 591 3875 629 re-

2272 673 2422 734 pente
2449 664 2513 717 de
2539 662 2662 717 coelo
2687 679 2844 716 sonus
2865 671 3112 731 tanquam
3157 662 3469 716 advenientis
3502 661 3740 731 Spiritus
3773 683 3876 721 va-

2272 754 2534 820 lidissimi,
2565 764 2614 809 et
2639 754 2842 825 replevit
2869 762 3030 807 totam
3050 754 3264 807 domum
3291 753 3377 806 ubi
3419 764 3570 807 erant
3595 757 3868 813 sedentes.

2273 845 2343 900 Et
2366 855 2719 917 apparuerunt
2745 845 2848 899 illis
2876 845 3156 915 dispertita
3201 843 3393 912 lingua:
3416 853 3669 915 tanquam
3698 849 3871 917 ignis,

2273 938 2502 1008 seditque
2526 955 2686 1007 supra
2723 937 2953 1008 singulos
2975 953 3174 1003 eorum,
3202 945 3253 990 et
3301 935 3481 1006 repleti
3513 947 3634 990 sunt
3682 955 3875 995 omnes

2275 1027 2478 1099 Spiritu
2502 1040 2681 1082 sancto
2709 1027 2845 1100 (Act.
2863 1027 2947 1099 ιι).
2976 1027 3172 1084 Beatus
3193 1034 3375 1082 autem
3392 1025 3690 1096 Gregorius
3715 1029 3877 1088 hunc

2273 1120 2640 1188 supradictum
2692 1119 2817 1174 libri
2861 1117 2962 1174 Job
3006 1119 3331 1192 versiculum
3379 1135 3676 1190 exponens,
3721 1125 3878 1180 inter

2276 1219 2468 1265 caetera
2491 1212 2570 1265 sic
2595 1211 2671 1266 ait
2697 1228 2709 1264 :
2740 1209 2925 1265 Potest
2949 1217 3133 1265 autem
3174 1226 3272 1282 per
3304 1226 3367 1266 os
3411 1212 3510 1267 Dei
3546 1215 3876 1283 unigenitus

2273 1299 2440 1355 Filius
2471 1301 2776 1372 designari;
2821 1315 2919 1370 per
2954 1316 3148 1356 sonum
3193 1316 3320 1356 vero
3357 1302 3468 1357 oris
3496 1311 3673 1372 potest
3710 1304 3872 1375 ejus-

2276 1392 2396 1446 dem
2420 1392 2652 1460 Spiritus
2679 1400 2896 1447 sanctus
2938 1392 3227 1460 designari.
3257 1391 3432 1448 Sonus
3461 1394 3626 1462 igitur
3665 1397 3731 1451 de
3763 1411 3876 1453 ore

2281 1484 2492 1538 Domini
2518 1484 2778 1553 procedit,
2799 1499 2923 1538 cum
2944 1483 3422 1540 consubstantialis
3467 1482 3580 1551 ejus
3619 1485 3875 1555 Spiritus

2274 1575 2342 1628 ad
2365 1590 2463 1628 nos
2486 1589 2581 1642 per
2600 1574 2797 1628 Filium
2820 1573 3045 1628 veniens
3087 1574 3402 1628 surditatem
3436 1580 3625 1627 nostra
3667 1575 3872 1630 insen-

2276 1667 2549 1723 sibilitatis
2574 1667 2821 1736 sumpsit.
2867 1666 2946 1721 De
2987 1667 3090 1720 hac
3135 1665 3302 1734 igitur
3351 1666 3458 1733 ipsa
3486 1666 3861 1734 processione,

589 1743 836 1829 quoniam
879 1759 937 1812 in
966 1774 1025 1810 eo
1049 1755 1402 1820 manebimus,
1427 1763 1476 1808 et
1506 1755 1613 1824 ipse
1639 1753 1693 1805 in
1733 1752 1900 1815 nobis,
1925 1752 2175 1820 quoniam
2203 1743 2252 1804 Β
2277 1771 2385 1825 qua
2421 1757 2656 1826 Spiritus
2690 1765 2909 1813 sanctus
2930 1772 2962 1811 a
3001 1755 3142 1812 Filio
3161 1757 3406 1827 procedit
3429 1755 3568 1810 sicut
3611 1758 3854 1826 procedit

594 1852 658 1903 de
691 1850 894 1920 Spiritu
920 1865 1014 1903 suo
1049 1849 1190 1902 dedit
1215 1847 1360 1901 nobis
1407 1844 1424 1916 (
1443 1846 1472 1899 Ι
1494 1845 1653 1898 Ιοαη.
1699 1841 1797 1914 1v).
1827 1842 1981 1908 Quod
2015 1841 2178 1910 Spiri-

593 1950 704 1995 tum
733 1948 979 1996 sanctum
1017 1940 1205 1996 eﬂ‘udit
1252 1938 1414 1992 Pater
1437 1938 1492 1991 in
1530 1935 1820 2004 discipulos
1854 1935 1912 1988 in
1937 1933 2176 2002 Epistola

588 2035 656 2088 ad
705 2034 886 2089 Titum
937 2035 1197 2101 scriptum
1246 2029 1526 2085 est:Cum
1580 2037 1755 2082 autem
1801 2027 2086 2096 benignitas
2127 2032 2176 2078 et

587 2126 887 2180 humanitas
913 2123 1155 2194 apparuit
1180 2121 1469 2176 Salvatoris
1502 2120 1685 2185 nostri,
1720 2135 1824 2172 non
1853 2133 1915 2169 ea:
1937 2115 2174 2183 operibus

586 2217 823 2285 iustitite,
849 2231 965 2285 qua:
990 2214 1204 2283 fecimus
1236 2230 1348 2277 nos,
1393 2213 1482 2266 sed
1517 2211 1799 2266 secundum
1833 2223 1984 2260 suam
2018 2206 2172 2256 mise-

588 2306 870 2362 ricordiam
901 2306 1070 2360 salvos
1096 2322 1189 2359 nos
1217 2305 1337 2374 fecit
1359 2320 1451 2373 per
1474 2301 1738 2355 lavacrum
1763 2291 2169 2364 regenerationis

585 2408 634 2455 et
678 2399 1025 2452 renovationis
1071 2397 1299 2466 Spiritus
1343 2393 1538 2452 sancti,
1583 2401 1734 2456 quem
1763 2381 1945 2450 effudit
1974 2381 2030 2432 in
2073 2395 2168 2466 nos

587 2488 792 2546 abunde
813 2504 906 2556 per
926 2465 1392 2539 JesumChristum
1417 2475 1740 2536 Salvatorem
1770 2478 2005 2523 nostrum
2037 2465 2165 2539 (Tit.

586 2578 706 2650 ιιι).
734 2577 888 2644 Quod
931 2583 986 2630 et
1011 2575 1258 2629 eumdem
1297 2566 1556 2637 Spiritum
1594 2569 1840 2616 sanctum
1866 2558 2056 2614 ell'udit
2080 2557 2171 2612 Fi-

586 2671 710 2735 lius,
737 2669 792 2723 in
817 2665 1041 2722 Actibus
1091 2661 1344 2716 scribitur
1389 2653 1788 2725 apostolorum;
1829 2651 1984 2705 aiunt
2026 2650 2170 2709 enim

583 2758 812 2830 apostoli
838 2759 977 2812 inter
1000 2762 1195 2809 Cretera
1224 2771 1236 2804 :
1281 2749 1435 2804 Hunc
1457 2749 1636 2803 Jesum
1662 2747 1984 2802 resuscitavit
2007 2745 2168 2811 Deus,

585 2853 737 2922 cujus
785 2866 877 2903 nos
927 2864 1102 2902 omnes
1133 2852 1284 2898 testes
1323 2859 1522 2896 sumus.
1578 2841 1802 2896 Dextera
1853 2840 2015 2914 igitur
2074 2837 2172 2891 Dei

585 2942 866 3008 exaltalus,
894 2949 940 2993 et
975 2938 1316 3009 promissione
1365 2933 1593 3004 Spiritus
1620 2939 1831 3002 accepta
1857 2947 1890 2982 a
1915 2928 2079 2982 Patre
2104 2928 2175 2998 ef-

586 3035 721 3105 fudit
745 3034 883 3108 hung
917 3048 1069 3098 quem
1099 3047 1184 3084 vos
1216 3028 1396 3083 videtis
1423 3034 1470 3079 et
1503 3024 1696 3078 auditis
1730 3022 1867 3097 (Act.
1915 3019 2001 3090 ιι).
2041 3020 2173 3074 Item

587 3125 731 3194 quod
755 3138 862 3176 una
895 3122 1022 3174 sita
1044 3119 1202 3172 Patre
1228 3126 1282 3172 et
1317 3115 1455 3170 Filio
1495 3114 1729 3183 Spiritus
1765 3111 1936 3166 sancti
1983 3109 2172 3164 ell‘usio

2197 3069 2246 3131 C

2277 1864 2307 1901 a
2357 1848 2532 1913 Patre,
2583 1852 2774 1905 beatus
2811 1849 3139 1904 Athanasius
3165 1850 3218 1902 in
3246 1850 3382 1904 libro
3431 1865 3594 1918 quem
3644 1849 3850 1918 scripsit

2275 1949 2466 1993 contra
2491 1941 2681 1995 Arium
2709 1941 2849 1996 inter
2875 1949 3073 1995 caetera
3100 1941 3179 1995 sic
3204 1941 3282 1994 ait
3307 1958 3319 1992 :
3343 1940 3457 2008 Ego
3486 1941 3650 1996 credo
3673 1939 3860 1992 Filium

2274 2031 2330 2084 in
2353 2030 2531 2097 Patre,
2553 2041 2607 2086 et
2631 2031 2845 2100 Patrem
2868 2039 2924 2084 in
2958 2031 3094 2085 Filio
3119 2048 3132 2083 :
3166 2029 3424 2098 Spiritum
3453 2045 3676 2100 quoque
3716 2043 3874 2099 para-

2275 2121 2482 2186 clitum,
2509 2123 2599 2191 qui
2631 2121 2871 2190 procedit
2892 2135 2922 2173 a
2951 2119 3130 2183 Patre,
3159 2126 3212 2172 et
3242 2119 3362 2171 Filii
3400 2134 3524 2171 esse
3573 2128 3630 2173 et
3669 2118 3879 2185 Patris,

2272 2213 2398 2280 quia
2425 2221 2478 2266 et
2502 2229 2533 2266 a
2559 2213 2693 2266 Filio
2726 2211 2995 2278 procedit;
3018 2209 3157 2262 sicut
3181 2211 3236 2258 in
3276 2206 3568 2271 Evangelia
3596 2209 3884 2274 scriptum

2272 2310 2354 2355 est
2391 2303 2532 2370 quod
2556 2317 2652 2370 per
2683 2297 3098 2354 insuﬂlationem
3125 2310 3279 2350 suam
3301 2295 3508 2349 dederit
3537 2295 3597 2350 in
3621 2296 3880 2363 discipu—

2267 2392 2335 2448 lis
2372 2393 2484 2447 suis
2523 2391 2782 2460 Spiritum
2820 2398 3088 2456 sanctum,
3117 2391 3300 2446 dicens
3349 2407 3362 2444 :
3414 2389 3649 2458 Accipite
3696 2388 3879 2458 Spiri-

2267 2493 2378 2537 tum
2400 2492 2656 2549 sanctum,
2682 2498 2905 2553 quorum
2928 2481 3234 2534 remiseritis
3261 2489 3472 2549 peccata
3488 2519 3506 2544 ,
3537 2478 3878 2531 remittentur

2269 2560 2348 2627 eis'
2397 2573 2577 2646 (Joan.
2610 2569 2736 2643 xx‘),
2771 2578 2827 2626 et
2855 2568 3329 2639 caetera.Cyrillus
3377 2581 3595 2636 quoque
3646 2569 3712 2620 de
3761 2567 3872 2621 hac

2271 2666 2390 2737 ipsa
2426 2662 2664 2732 Spiritus
2695 2660 2870 2716 sancti
2916 2659 3266 2729 processione
3320 2664 3506 2712 contra
3556 2654 3870 2710 Nestorium

2272 2758 2417 2812 inter
2460 2761 2656 2809 caetera
2681 2751 2760 2807 sic
2789 2751 2866 2805 ait
2895 2768 2907 2803 :
2938 2748 3196 2816 Quamvis
3233 2749 3376 2808 enim
3398 2749 3452 2802 in
3501 2762 3599 2801 sua
3627 2747 3698 2800 sit
3739 2746 3872 2800 sub-

2275 2848 2474 2902 stantia
2499 2845 2753 2915 Spiritus,
2788 2849 2843 2896 et
2878 2839 2994 2909 ejus
3034 2840 3362 2909 intelligatur
3408 2839 3461 2893 in
3491 2852 3722 2907 persona
3746 2851 3870 2906 pro-

2274 2939 2497 3008 prietas,
2524 2937 2683 3007 juxta
2729 2935 2785 2989 id
2819 2932 2963 3003 quod
2990 2932 3222 3001 Spiritus
3277 2938 3378 2997 est,
3429 2936 3483 2985 et
3518 2945 3626 2984 non
3674 2927 3866 2994 Filius,

2279 3039 2517 3083 attamen
2539 3029 2749 3082 alienus
2775 3041 2884 3080 non
2916 3031 2999 3077 est
3020 3023 3088 3077 ab
3111 3022 3236 3087 illo;
3273 3037 3398 3075 nam
3429 3022 3662 3092 Spiritus
3687 3021 3870 3092 appel-

2277 3123 2419 3176 latus
2443 3128 2526 3174 est
2551 3117 2814 3180 veritatis,
2843 3123 2898 3169 et
2940 3114 3141 3168 veritas
3179 3112 3428 3168 Christus
3478 3121 3583 3168 est.
3630 3113 3780 3168 Unde
3810 3120 3868 3167 et

586 3215 734 3270 Joele
765 3219 998 3268 testante
1024 3211 1338 3274 didicimus;
1374 3207 1448 3260 ait
1474 3205 1618 3258 enim
1667 3218 1768 3257 vox
1803 3199 1978 3256 Patris
2015 3196 2175 3251 simul
2276 3215 2345 3267 ab
2369 3213 2474 3266 ίειο
2500 3208 2748 3264 similiter
2772 3205 2910 3260 sicut
2936 3211 2991 3258 ει
3015 3220 3046 3257 a
3071 3204 3182 3259 Deo
3233 3203 3395 3259 Ρίιιιιρ
3431 3205 3700 3274 procedit.
3745 3204 3871 3259 Am.

588 3317 643 3365 ει
694 3307 818 3363 Filii
856 3324 869 3359 ε
907 3304 1197 3374 E/rundam
1248 3303 1311 3355 άε
1367 3299 1569 3368 simil“
1612 3313 1725 3350 πιεο
1775 3307 1942 3362 3"?"
1967 3303 2172 3344 ονηηετη
2277 3306 2492 3360 brosius
2525 3302 2667 3356 inter
2692 3305 2887 3353 caetera
2930 3297 2996 3350 de
3031 3295 3239 3364 Spiritu
3282 3305 3472 3352 sancto
3497 3297 3578 3353 sic
3602 3298 3719 3352 ait:
3749 3296 3865 3352 Non

588 3413 818 3462 carnem,
862 3402 910 3450 et
942 3393 1318 3464 prophetabunt
1362 3388 1460 3457 ﬁlii
1506 3388 1681 3452 vestri,
1715 3394 1761 3438 et
1792 3382 1918 3451 ﬁlice
1949 3392 2131 3434 vestra:
2155 3393 2176 3432 :

2278 3395 2422 3451 enim
2470 3393 2624 3461 quasi
2673 3406 2740 3444 ex
2767 3389 2885 3442 loco
2935 3388 3169 3442 mittitur
3212 3388 3468 3457 Spiritus,
3496 3398 3590 3444 aut
3620 3392 3775 3460 quasi
3800 3406 3868 3446 ex

587 3507 732 3544 senes
756 3480 907 3543 vestri
930 3487 1134 3540 somnia
1155 3482 1506 3543 somniabunt,
1531 3488 1578 3532 et
1588 3479 1804 3547 juvenes
1827 3473 1978 3528 vestri
2018 3471 2175 3524 visio-

589 3597 676 3632 nes
704 3578 978 3639 videbunt;
1010 3575 1099 3628 sed
1127 3584 1175 3626 et
1199 3588 1353 3640 super
1374 3585 1546 3622 servos
1575 3583 1733 3628 meos,
1763 3573 1811 3614 et
1837 3577 1992 3629 super
2014 3557 2176 3611 ancil-

589 3668 668 3718 las
693 3682 831 3716 meas
863 3666 918 3714 in
961 3663 1140 3714 diebus
1171 3661 1275 3711 illis
1315 3655 1582 3723 eﬁ‘undam
1612 3655 1675 3705 de
1707 3652 1910 3720 Spiritu
1958 3667 2093 3714 meo,
2123 3656 2174 3703 et

589 3755 722 3808 dabo
753 3749 994 3821 prodigia
1023 3750 1077 3800 in
1103 3747 1226 3801 cwlo
1257 3753 1306 3799 et
1334 3745 1390 3797 in
1415 3752 1553 3795 terra
1580 3741 1738 3814 (Joel.
1758 3740 1841 3810 ιι).
1865 3740 2018 3806 Quod
2047 3739 2175 3808 Spi-

590 3847 727 3900 ritus
769 3847 992 3898 sanctus
1015 3854 1078 3895 os
1118 3839 1188 3894 sit
1227 3836 1401 3892 Patris
1426 3835 1482 3889 in
1506 3834 1711 3904 psalmo
1757 3834 2036 3903 trigesimo
2091 3848 2189 3903 se-_

592 3936 766 3994 eundo
806 3933 1045 4002 legitur:
1088 3929 1252 3985 Verbo
1290 3927 1503 3982 Domini
1553 3925 1663 3980 eali
1700 3925 1894 3993 ﬁrmati
1941 3931 2083 3990 sunt,
2126 3932 2175 3977 et

595 4030 798 4100 Spiritu
843 4026 950 4080 oris
981 4025 1096 4096 ejus
1125 4022 1292 4076 omnis
1317 4019 1479 4074 virtus
1527 4034 1703 4072 eorum
1754 4015 1924 4088 (Psal.
1953 4012 2172 4084 xxxm).

594 4125 661 4180 Et
707 4124 850 4194 quod
901 4137 964 4177 os
1007 4123 1078 4176 sit
1117 4120 1281 4184 Filii,
1324 4118 1395 4177 in,
1424 4116 1561 4171 Isaia
1621 4116 1879 4184 scriptum
1913 4117 2052 4176 'est;
2104 4111 2178 4164 ait

593 4217 739 4270 enim
775 4217 914 4271 idem
928 4213 1190 4283 propheta
1214 4212 1280 4266 de
1303 4210 1440 4264 Filio
1466 4227 1481 4264 :
1516 4207 1776 4262 Percutiet
1805 4217 2001 4260 terram
2032 4205 2177 4274 virga

596 4309 702 4361 oris
732 4307 834 4370 sui,
882 4315 930 4359 et
965 4305 1167 4374 Spiritu
1210 4302 1468 4355 labiorum
1500 4316 1714 4353 suorum
1757 4298 2032 4365 interﬁciet
2080 4296 2178 4348 im-

2275 3486 2393 3540 loco
2417 3481 2677 3552 procedit,
2705 3480 2920 3549 quando
2945 3479 3190 3548 procedit
3223 3495 3291 3534 ex
3316 3479 3474 3534 Filio.
3505 3479 3868 3552 Hieronymus

2276 3593 2489 3648 quoque
2539 3575 2606 3630 de
2645 3574 2746 3628 hac
2780 3574 2897 3642 ipsa
2925 3572 3162 3640 Spiritus
3210 3574 3382 3628 sancti
3419 3575 3768 3642 processione
3812 3573 3869 3627 in

2277 3663 2516 3735 Symboli
2546 3662 2883 3732 expositione
2931 3661 3074 3714 inter
3115 3668 3314 3716 caetera
3360 3661 3439 3717 sic
3481 3662 3603 3715 ait:
3635 3661 3868 3731 Spiritus

2275 3755 2368 3824 qui
2403 3770 2434 3807 a
2459 3752 2622 3808 Patre
2647 3761 2702 3807 et
2740 3751 2878 3806 Filio
2899 3751 3164 3820 procedit,
3196 3750 3342 3805 Patri
3370 3749 3617 3821 Filioque
3642 3761 3866 3808 coaeter-

2275 3861 2378 3901 nus
2403 3853 2457 3900 et
2479 3860 2578 3914 per
2601 3844 2783 3899 omnia
2814 3843 3105 3912 coaequalis
3127 3849 3229 3898 est.
3268 3841 3393 3897 Haec
3435 3851 3518 3898 est
3563 3852 3751 3898 sancta
3779 3843 3868 3899 tri-

2275 3937 2438 4002 nitas,
2470 3937 2524 3991 id
2551 3945 2651 4002 est,
2695 3935 2891 4001 Pater,
2931 3943 2985 3989 et
3016 3934 3205 3998 Filius,
3252 3941 3306 3988 et
3350 3925 3585 4003 Spiritus
3626 3944 3860 4002 sanctus,

2281 4045 2390 4084 una
2415 4036 2500 4083 est
2539 4028 2713 4084 dcitas
2758 4035 2810 4082 et
2839 4027 3100 4096 potentia,
3130 4040 3236 4079 una
3282 4032 3336 4080 et
3383 4027 3638 4092 essentia,
3683 4027 3737 4081 id
3763 4035 3859 4092 est,

2278 4122 2438 4177 Pater
2459 4122 2551 4191 qui
2575 4121 2778 4189 genuit,
2800 4119 3075 4187 Filiusque
3100 4117 3332 4185 genitus,
3389 4123 3444 4171 et
3475 4116 3713 4184 Spiritus
3739 4133 3858 4172 san-

2279 4222 2399 4268 ctus
2422 4213 2514 4282 qui
2532 4229 2598 4267 ex
2647 4211 2808 4264 Patre
2848 4209 3092 4277 Filioque
3135 4207 3399 4276 procedit.
3426 4206 3552 4262 Habc
3599 4209 3702 4262 tria
3732 4222 3861 4261 linus

2280 4304 2424 4360 Deus
2457 4312 2558 4359 est.
2576 4303 2911 4372 Augustinus
2932 4315 3148 4370 quoque
3184 4301 3241 4355 in
3267 4301 3601 4370 expositione
3624 4301 3746 4357 ﬁdei
3784 4317 3862 4356 ca-

596 4399 739 4468 pium
772 4394 925 4467 (Isai.
960 4394 1061 4465 ιιι).
1099 4394 1198 4447 Cui
1225 4393 1503 4446 sententia:
1543 4390 1874 4444 concordans
1899 4387 2097 4441 Paulus
2123 4387 2177 4440 in
2203 4423 2256 4484 υ
2280 4396 2494 4450 tholicm
2547 4395 2688 4448 inter
2732 4400 2932 4448 caetera
2977 4394 3057 4448 sic
3075 4393 3152 4447 ait
3179 4410 3192 4446 :
3223 4391 3281 4452 In
3328 4393 3417 4447 illa
3459 4393 3626 4461 igitur
3683 4401 3857 4448 sancta

598 4487 836 4556 Epistola
880 4485 947 4538 ad
974 4483 1480 4538 Thessalonicenses
1507 4482 1583 4535 ait
1620 4500 1631 4534 :
1665 4482 1733 4534 Et
1779 4490 1902 4534 tunc
1937 4480 2181 4534 revelabi-

600 4577 794 4629 turille
815 4576 1046 4644 iniquus,
1081 4584 1230 4643 quem
1261 4571 1515 4626 Dominus
1555 4571 1707 4626 Jesus
1748 4572 2022 4642 interﬁciet
2056 4571 2179 4642 Spi-

601 4663 705 4720 ritu
735 4666 839 4718 oris
889 4667 1000 4731 sui,
1046 4673 1093 4718 et
1126 4664 1353 4718 destruet
1399 4664 1747 4720 illustratione
1795 4665 2042 4720 adventus
2099 4663 2182 4717 sui

603 4755 665 4828 (I
695 4754 872 4808 Thess.
897 4755 982 4826 ιι).
1033 4754 1186 4821 Quod
1215 4755 1449 4824 Spiritus
1495 4772 1526 4810 a
1566 4755 1727 4812 Patre
1750 4757 2024 4826 procedat,
2071 4755 2184 4822 ipse

603 4849 861 4904 Dominus
889 4853 1119 4902 testatur
1146 4847 1328 4902 dicens
1354 4865 1365 4899 ε
1401 4845 1630 4918 Spiritus
1645 4847 1732 4918 qui
1754 4863 1786 4898 a
1814 4846 1976 4899 Patre
2003 4860 2182 4913 proce-

604 4925 703 5006 dit,
748 4937 835 4992 ille
881 4955 960 4992 me
1001 4938 1310 5008 clariﬁcabit
1358 4938 1537 5010 (Joan.
1576 4936 1701 5008 xv);
1732 4943 1786 4990 et
1811 4943 2003 4988 canora
2055 4930 2181 4983 talia

605 5035 755 5102 plura
785 5034 840 5086 in
877 5034 1180 5102 Evangeliis
1213 5034 1556 5089 inveniuntur
1597 5027 1921 5084 testimonia.
1957 5024 2184 5091 thuod

607 5128 748 5181 idem
785 5126 1018 5194 Spiritus
1046 5128 1303 5197 procedat
1325 5143 1356 5178 a
1389 5125 1544 5188 Filio,
1581 5123 1715 5175 liber
1750 5118 1850 5173 Job
1873 5132 1968 5172 ore
1999 5116 2184 5170 Domi-

609 5217 729 5271 nico
764 5224 1007 5271 sacratus
1056 5218 1209 5270 testis
1258 5222 1358 5275 cst,
1387 5212 1477 5264 ubi
1526 5211 1638 5261 hmc
1665 5209 1806 5261 inter
1827 5214 2021 5261 uetera
2065 5205 2181 5260 ait:

612 5308 679 5360 Et
708 5309 882 5363 audite
910 5308 1229 5362 auditionem
1255 5305 1310 5354 in
1341 5311 1539 5354 terrore
1570 5300 1705 5352 vocis
1751 5300 1885 5368 ejus,
1923 5312 1971 5353 et
1999 5273 2194 5353 sonum.

612 5397 675 5451 de
703 5417 788 5452 ore
816 5400 957 5452 illius
998 5394 1357 5466 procedentem
1406 5390 1526 5461 (Job
1577 5387 1804 5458 xxxvii).
1830 5388 1943 5443 Hoc
1988 5390 2042 5443 in
2067 5389 2186 5442 loco

613 5503 675 5540 os
723 5488 896 5542 Patris
940 5485 1108 5540 Filius
1154 5493 1236 5540 cst
1290 5483 1684 5553 intelligendus.
1740 5480 1916 5535 Sonus
1949 5495 2077 5534 vero
2123 5479 2190 5534 de

616 5592 711 5628 ore
761 5579 902 5631 illius
942 5579 1240 5649 procedens
1279 5577 1514 5647 Spiritus
1561 5582 1812 5639 sanctus,
1860 5573 1952 5643 qui
1995 5589 2025 5628 a
2051 5570 2189 5626 Filio

620 5668 917 5734 procedens
939 5686 1060 5724 cum
1074 5667 1254 5726 sonitu
1278 5687 1439 5742 super
1458 5669 1726 5742 apostolos
1749 5669 1806 5728 in
1829 5669 1952 5742 igne
1973 5667 2194 5726 descen-

2285 4489 2551 4542 Trinitate
2571 4501 2710 4541 unus
2741 4493 2824 4540 est
2848 4486 3024 4551 Pater,
3053 4487 3145 4556 qui
3171 4485 3318 4541 solus
3357 4486 3423 4541 de
3447 4501 3505 4540 se
3532 4486 3648 4556 ipso
3678 4501 3854 4540 essen-

2287 4580 2488 4634 tialiter
2514 4595 2681 4634 unum
2713 4579 2898 4648 genuit
2922 4578 3149 4645 Filium;
3189 4586 3242 4634 et
3285 4595 3424 4635 unus
3468 4578 3644 4640 Filius,
3675 4578 3761 4645 qui
3787 4577 3850 4629 de

2287 4685 2396 4724 uno
2419 4669 2579 4724 Patre
2609 4669 2756 4724 solus
2777 4676 2860 4723 est
2881 4669 3238 4722 essentialiter
3267 4676 3456 4734 natus;
3484 4675 3533 4721 et
3559 4679 3689 4726 unus
3726 4663 3840 4730 Spl-

2288 4761 2445 4825 ritus,
2489 4761 2580 4826 qui
2613 4759 2758 4811 solus
2787 4757 3147 4812 essentialiter
3181 4759 3246 4812 de
3269 4759 3431 4816 Patre
3477 4757 3717 4824 Filioque
3739 4769 3854 4823 pro-

2290 4851 2450 4905 cedit.
2496 4849 2626 4900 ltcm
2673 4849 2788 4913 ipse
2824 4847 3082 4900 adversus
3131 4847 3853 4902 Maximinummtereticum:

2287 4937 2494 5004 Quaeris
2531 4951 2560 4989 a
2582 4950 2686 4998 me,
2715 4935 2760 4987 si
2783 4935 2849 4988 de
2888 4936 3189 4989 substantia
3231 4935 3408 4989 Patris
3443 4944 3524 4987 est
3560 4935 3761 4999 Filius;
3804 4936 3861 4991 de

2287 5027 2586 5081 substantia
2630 5023 2805 5077 Patris
2847 5031 2928 5077 est
2963 5025 3124 5078 etiam
3177 5025 3410 5091 Spiritus
3457 5029 3711 5090 sanctus;
3771 5043 3861 5083 cur

2289 5132 2428 5171 unus
2464 5115 2649 5176 Filius,
2683 5120 2737 5165 ct
2762 5113 2900 5167 alius
2943 5129 3050 5166 non
3096 5113 3166 5166 sit
3207 5110 3414 5167 Filius?
3465 5111 3605 5168 Ecce
3644 5131 3856 5186 respon»

2291 5209 2410 5269 deo,
2444 5205 2558 5259 sive
2601 5191 2814 5270 capias;
2837 5203 2949 5257 sive
2976 5219 3082 5258 non
3111 5202 3309 5270 capias.
3361 5204 3437 5259 De
3462 5203 3624 5260 Patre
3665 5216 3744 5261 est
3781 5207 3855 5263 Fi‘

2287 5299 2423 5362 lius;
2451 5296 2518 5350 de
2541 5294 2701 5348 Patre
2723 5302 2806 5348 est
2831 5295 3064 5364 Spiritus
3109 5305 3347 5361 sanctus,
3382 5298 3476 5352 sed
3520 5297 3608 5351 ille
3655 5299 3853 5366 genitus

2289 5393 2390 5449 est,
2422 5385 2524 5440 iste
2577 5385 2899 5454 procedens;
2935 5385 3056 5441 ideo
3103 5385 3192 5438 ille
3239 5385 3409 5441 Filius
3457 5394 3538 5442 est
3581 5386 3753 5444 Patris
3793 5389 3852 5445 de

2289 5496 2396 5550 quo
2422 5487 2505 5535 est
2535 5480 2764 5547 genitus,
2794 5479 2895 5532 iste
2919 5487 3098 5533 autem
3131 5463 3372 5547 Spiritus.
3389 5481 3690 5550 utriusque,
3727 5498 3848 5551 quo-

2293 5573 2437 5628 niam
2470 5572 2537 5627 de
2580 5571 2809 5641 utroque
2831 5571 3107 5642 procedit.
3161 5570 3227 5624 Et
3256 5581 3376 5640 post
3398 5571 3682 5646 paululum
3703 5571 3845 5641 ipse:

2291 5664 2590 5728 Antimum
2613 5667 2698 5720 est
2729 5675 2857 5733 ergo
2903 5661 3136 5734 Spiritus
3174 5660 3510 5732 procedendo
3556 5661 3622 5718 de
3673 5659 3847 5719 Ambo-
