4026 6156
233 289 344 348 929

1672 273 2060 335 ΕΡΙΒΤΟιΛΕ.

3403 285 3506 342 950

238 402 359 459 bus.
373 398 507 455 Item
533 397 648 468 ipse
671 394 726 451 in
753 393 892 451 libro
919 393 987 451 de
1015 391 1276 450 Trinitate
1299 389 1443 446 inter
1472 394 1667 444 caetera
1690 394 1803 441 ait:
1834 390 1891 451 Α
1913 388 2074 456 rium,
2099 390 2168 447 ad
2199 406 2298 447 nos
2333 375 2470 448 cum.
2493 372 2676 448 verbis
2709 399 2769 448 et
2801 391 3086 449 litteris....
3131 403 3241 449 tuae
3271 393 3504 464 benigne

235 490 372 548 Cum
393 506 490 560 per
513 489 912 556 Scripturarum
939 493 1247 541 sanctarum
1281 480 1588 536 testimonia
1609 479 1816 533 docuis-

233 594 371 644 sem,
404 579 472 634 de
518 586 750 646 utroque
781 571 1081 646 procedere
1125 572 1384 643 Spiritum
1415 577 1660 625 sanctum
1691 586 1705 621 :
1755 567 1813 622 Si

234 684 380 738 ergo,
422 669 661 738 inquam,
690 674 745 722 et
775 667 841 721 de
861 667 1040 731 Patre,
1067 672 1121 719 et
1145 664 1211 717 de
1229 661 1364 716 Filio
1385 657 1817 732 proceditZSpiri-

235 767 322 814 tus
370 765 609 822 sanctus,
666 771 765 809 cur
817 755 985 809 Filius
1034 752 1216 807 dixit:
1254 751 1332 805 De
1376 749 1538 802 Patre
1583 747 1815 818 procedit

233 852 416 924 (Joan.
445 850 583 921 vn)?
607 850 715 905 Cur
742 855 920 918 putas,
951 846 1054 901 nisi
1097 843 1546 916 quemadmodum
1573 841 1710 896 solet
1744 839 1813 894 ad

231 959 359 1002 cum
385 941 594 998 referre
614 950 669 997 et
687 942 828 1010 quod
851 941 1018 1008 ipsius
1040 946 1142 1006 est,
1168 938 1236 993 de
1259 953 1365 1007 quo
1392 937 1505 1006 ipse
1520 936 1636 989 est?
1663 934 1818 989 Unde

229 1032 366 1090 illud
392 1039 476 1087 est
496 1033 638 1100 quod
665 1033 738 1084 ait
763 1049 775 1083 :
801 1029 923 1084 Mea
943 1029 1181 1083 doctrina
1204 1045 1309 1082 non
1329 1036 1402 1081 est
1430 1044 1563 1091 mea,
1588 1025 1676 1079 sed
1702 1025 1816 1094 ejus

226 1126 322 1196 qui
347 1126 489 1178 misit
513 1141 613 1177 me.
645 1123 702 1177 Si
726 1122 892 1191 igitur
915 1122 1005 1176 hic
1043 1121 1362 1190 intelligitur
1403 1118 1517 1187 ejus
1549 1116 1812 1181 doctrina,

229 1231 392 1286 quam
421 1222 603 1268 tamen
628 1213 765 1266 dixit
794 1228 903 1267 non
930 1229 1050 1268 esse
1071 1227 1246 1278 suam,
1280 1210 1374 1266 sed
1395 1209 1589 1272 Patris,
1616 1213 1817 1276 quanto

228 1305 402 1375 magis
425 1303 534 1359 illic
566 1303 945 1373 intelligendus
974 1311 1058 1358 est
1079 1312 1134 1358 et
1155 1305 1221 1359 de
1251 1304 1368 1373 ipso
1387 1301 1680 1372 procedere
1701 1298 1820 1367 Spi-

229 1396 366 1451 ritus
386 1401 604 1450 sanctus
622 1395 718 1450 ubi
742 1394 821 1448 sic
847 1394 922 1447 ait
950 1411 964 1447 :
1003 1393 1084 1447 De
1112 1394 1276 1447 Patre
1314 1393 1568 1457 procedit,
1606 1397 1668 1444 ut
1708 1405 1818 1443 non

229 1487 451 1551 diceret,
497 1484 566 1541 de
603 1500 692 1540 me
732 1499 844 1540 non
884 1485 1165 1554 procedit?
1196 1483 1245 1538 A
1294 1499 1402 1554 quo
1447 1489 1630 1536 autem
1655 1479 1820 1535 habet

226 1575 398 1631 Filius
420 1582 482 1630 ut
508 1576 580 1630 sit
603 1575 778 1640 Deus;
804 1575 851 1629 si
877 1573 1082 1646 [Forte,
1115 1572 1222 1645 est]
1247 1574 1392 1629 enim
1417 1573 1486 1628 de
1507 1572 1619 1626 Deo
1652 1571 1816 1636 Deus,

225 1667 296 1722 ab
323 1666 415 1722 illo
445 1666 612 1721 habet
637 1667 844 1734 utique,
879 1673 940 1718 ut
982 1665 1146 1719 etiam
1173 1666 1242 1719 de
1280 1665 1373 1719 illo
1414 1664 1673 1732 procedat
1704 1662 1820 1730 Spi-

1897 488 2081 566 atque
2100 483 2393 538 honoriﬁce
2414 484 2766 554 suscepimus.
2793 483 2860 538 Et
2885 483 3132 553 quamvis
3157 484 3224 539 ad
3247 500 3348 539 nos
3373 485 3504 540 mis-

1915 584 2011 629 sus
2031 588 2139 628 non
2162 572 2367 636 fuisset,
2398 574 2565 628 veluti
2607 576 2674 630 ad
2709 589 2809 628 nos
2845 574 3068 628 missum
3107 574 3347 628 adhibita
3385 573 3506 629 dili-

1915 661 2063 728 genti
2089 676 2216 714 cura
2239 670 2294 715 et
2330 663 2654 726 audivimus,
2693 671 2896 716 etcum
2935 678 3000 717 eo
3033 663 3100 717 de
3123 663 3229 725 his,
3265 678 3385 731 qua:
3408 665 3504 718 de-

1914 746 2060 813 tulit,
2088 751 2214 818 quia
2237 752 2556 819 prudentem
2577 753 3075 817 animadvertimus,
3091 753 3505 808 collocutionem

1916 839 2223 894 habuimus.
2251 840 2361 895 Nec
2393 842 2684 905 immerito,
2721 857 2844 895 cum
2879 849 3032 896 tanta
3070 849 3213 896 esset
3247 858 3356 896 non
3382 850 3504 898 tan-

1915 935 2034 982 ttnn
2060 928 2115 983 in
2151 928 2349 984 litteris
2379 947 2514 999 quas
2548 931 2749 995 attulit,
2778 934 2870 986 sed
2901 934 3063 986 etiam
3084 934 3139 986 in
3159 935 3356 998 verbis,
3385 949 3505 1003 qua:

1917 1033 1986 1074 ex
2011 1033 2106 1074 ore
2134 1017 2279 1073 illius
2314 1021 2514 1075 nostris
2551 1021 2772 1075 auribus
2810 1022 3184 1088 insonuerunt,
3213 1033 3410 1092 optata}
3439 1041 3505 1081 ac

1913 1125 2129 1181 semper
2165 1114 2411 1180 optandae
2445 1112 2599 1182 pacis
2632 1113 2806 1180 copia,
2848 1120 2908 1166 ut
2947 1114 3102 1168 valde
3127 1116 3289 1184 nobis,
3314 1124 3368 1170 et
3389 1117 3506 1185 qui-

1914 1204 2234 1272 buscunque
2284 1203 2454 1258 Deum
2514 1204 2821 1257 amantibus
2884 1203 3254 1272 hujuscemodi
3307 1205 3504 1274 legatio

1914 1295 2130 1365 placere
2147 1295 2444 1365 potuisset;
2474 1311 2594 1364 quae
2617 1295 2803 1363 utique
2826 1302 2980 1349 tanto
3006 1294 3106 1349 fuit
3134 1296 3415 1349 charitatis
3440 1312 3506 1352 ac

1913 1383 2064 1453 pacis
2080 1383 2204 1437 favo
2227 1399 2496 1454 respersa,
2529 1390 2591 1437 ut
2623 1384 2678 1437 in
2719 1383 2900 1452 palato
2926 1385 3104 1440 cordis
3137 1384 3395 1455 cujusque
3436 1385 3504 1439 ﬁ-

1917 1475 2050 1531 delis
2086 1490 2273 1530 veram
2306 1483 2529 1544 possent
2577 1489 2766 1543 sapere
2805 1474 3164 1540 dulcedinem,
3215 1483 3505 1545 possetque

1913 1564 2145 1635 iudicari
2182 1567 2397 1635 penitus
2440 1565 2716 1635 insipiens,
2756 1565 2852 1619 'cui
2882 1566 3008 1620 talia
3042 1567 3290 1621 videntur
3314 1567 3503 1636 insipi-

1918 1657 2006 1711 da.
2036 1655 2262 1725 Propter
2284 1656 2447 1724 quod,
2476 1663 2764 1724 postquam
2801 1656 2951 1709 illum
2976 1657 3031 1710 in
3062 1657 3195 1712 ﬁnes
3220 1659 3370 1726 regni
3409 1676 3504 1715 no-

225 1756 366 1811 ritus
389 1761 644 1818 sanctus;
674 1769 738 1808 ac
755 1769 854 1822 per
891 1753 997 1807 hoc
1043 1753 1278 1821 Spiritus
1323 1761 1542 1808 sanctus
1575 1760 1636 1807 ut
1657 1752 1818 1806 etiam
1844 1743 1896 1808 Β
1922 1746 2022 1800 Stl‘i
2059 1745 2371 1815 pervenisse
2395 1745 2789 1832 Comperimus.
2834 1745 3001 1800 νθιιιιί
3045 1748 3257 1815 Ρηεδείί
3290 1749 3505 1816 optimm

226 1845 295 1900 de
329 1844 421 1899 illo
450 1843 708 1911 procedat
743 1842 884 1898 sicut
910 1841 1156 1911 procedit
1181 1842 1247 1897 de
1269 1841 1452 1907 Patre,
1485 1843 1553 1897 ab
1577 1842 1695 1911 ipso
1720 1842 1819 1895 ha—
1919 1852 1984 1892 ac
2007 1837 2118 1891 Deo
2137 1836 2482 1905 complacidze
2509 1835 2792 1903 legationis
2823 1835 2958 1905 ejus,
2984 1845 3286 1906 temperare
3317 1840 3507 1908 ncqui-

224 1934 322 1988 bet
348 1932 527 1986 Patre.
552 1931 683 1986 Item
709 1931 825 2001 ipse
864 1931 1099 2001 Spiritus
1149 1941 1388 1988 sanctus.
1426 1933 1660 2002 Spiritus
1691 1948 1820 1988 vero
1919 1931 2116 1993 vimus,
2156 1936 2454 1997 opportune
2488 1943 2612 1982 eum
2650 1929 2718 1982 ad
2753 1936 2993 1983 nostram
3035 1931 3375 1998 praesentiam
3411 1946 3507 1987 ve-

229 2029 455 2078 sanctus
490 2023 724 2077 nondum
752 2023 818 2077 de
859 2022 1020 2077 Patre
1050 2021 1293 2093 procedit
1334 2025 1389 2077 in
1413 2023 1630 2089 Filium,
1656 2031 1709 2080 et
1755 2025 1822 2079 de

226 2113 370 2169 Filio
392 2114 634 2184 procedit
667 2115 734 2169 ad
763 2115 1205 2170 sanctiﬁcandam
1227 2123 1554 2179 creaturam,
1601 2115 1697 2169 sed
1743 2116 1820 2170 si-

223 2205 339 2258 mul
367 2204 430 2258 de
471 2211 698 2273 utroque
744 2206 1029 2274 procedit;
1057 2206 1321 2275 quamvis
1352 2207 1456 2261 hoc
1497 2205 1638 2260 Filio
1660 2205 1820 2261 Pater

223 2296 451 2362 dederit,
475 2304 536 2350 ut
557 2297 1008 2366 quemadmodum
1057 2298 1126 2352 de
1174 2312 1252 2363 se,
1282 2299 1356 2352 ita
1394 2313 1611 2368 quoque
1636 2299 1702 2353 de
1727 2298 1818 2353 illo

221 2387 502 2456 procedat.
529 2385 656 2440 Hmc
677 2401 708 2438 a
732 2387 888 2441 nobis
927 2379 1140 2441 summo
1188 2385 1489 2456 opitulante
1536 2386 1730 2456 opiﬁce
1751 2388 1818 2442 de

223 2476 462 2546 Spiritus
511 2476 681 2530 sancti
729 2476 1076 2545 processione
1140 2475 1458 2545 multiplicia
1501 2484 1815 2532 sanctarum

223 2568 632 2638 Scripturarum
673 2574 960 2637 aggregata
999 2575 1126 2621 sunt
1148 2569 1475 2634 testimonia,
1501 2575 1562 2622 ut
1603 2569 1815 2623 divino-

222 2671 345 2715 rum
376 2658 639 2713 librorum
665 2655 949 2712 sententiis
981 2655 1181 2721 victus,
1209 2656 1614 2726 multorumque
1632 2658 1816 2712 ortho-

223 2749 490 2804 doxorum
533 2747 680 2801 nube
730 2746 952 2803 testium
977 2759 1199 2814 pressus
1243 2744 1459 2800 veritati
1485 2761 1593 2802 non
1638 2746 1816 2801 valeat

222 2839 483 2894 resistere
503 2837 788 2902 inimicus;
835 2835 932 2893 sed
972 2835 1154 2904 potius
1202 2837 1484 2892 sententiis
1536 2836 1815 2894 catholicis

221 2930 590 3012 veridicisque
615 2944 809 2985 suasus
839 2929 1186 2994 testimoniis,
1231 2937 1534 2985 revertatur
1557 2933 1626 2986 ad
1650 2930 1810 2986 tutis-

222 3024 423 3078 simum
459 3022 703 3078 ecclesiae
734 3022 933 3090 sinum,
956 3031 1018 3077 ut
1040 3023 1244 3092 pariter
1263 3024 1528 3080 catholico
1551 3025 1811 3082 educatus

1918 2021 2039 2077 nire
2060 2019 2308 2084 fecimus,
2338 2020 2573 2074 maxime
2600 2027 2782 2074 tamen
2808 2023 2951 2089 quod
2979 2022 3044 2086 is,
3078 2023 3145 2077 ad
3167 2037 3328 2090 quem
3354 2023 3504 2078 illum

1918 2111 2146 2165 missum
2173 2125 2292 2165 esse
2328 2111 2624 2173 constabat,
2661 2110 2888 2166 dilectus
2922 2110 3066 2165 ﬁlius
3095 2123 3280 2168 noster
3310 2113 3336 2152 ἀ
3381 2114 3507 2185 Pip-

1915 2201 2077 2272 pinus
2101 2217 2197 2256 rex
2224 2201 2339 2272 jam
2370 2203 2533 2257 rebus
2565 2203 2814 2256 humanis
2855 2210 3178 2269 excesserat,
3207 2220 3383 2273 neque
3405 2221 3506 2261 nos

1916 2291 2067 2346 illum
2095 2307 2219 2346 cum
2253 2290 2453 2347 infecto
2491 2293 2706 2361 negotio
2746 2299 2915 2359 tanto,
2944 2295 3012 2348 ad
3045 2295 3187 2362 quod
3219 2296 3506 2364 perﬁcien-

1917 2383 2044 2437 dum
2069 2383 2307 2438 directus
2329 2389 2466 2449 erat,
2491 2397 2722 2437 vacuum
2747 2384 2943 2438 reverti
2965 2386 3076 2454 pati
3103 2387 3396 2455 potuimus.

1985 2473 2054 2527 Et
2099 2488 2208 2528 non
2256 2473 2429 2528 solum
2478 2480 2698 2543 propter
2738 2475 2874 2539 hoc,
2915 2477 3009 2530 sed
3044 2477 3207 2530 etiam
3249 2477 3394 2546 quod
3437 2493 3505 2533 ex

1916 2574 2188 2635 tempore,
2231 2580 2338 2635 quo
2377 2567 2553 2636 primo
2587 2567 2800 2636 imperii
2837 2568 2917 2621 tui
2950 2584 3090 2623 anno
3131 2581 3154 2608 ο
3192 2569 3506 2625 Michaclem

1915 2657 2390 2727 metropolitanum
2434 2666 2489 2714 et
2528 2659 2818 2728 populum,
2857 2661 3132 2717 assiduum
3180 2661 3398 2734 [Pouq.,
3452 2671 3508 2718 et

1913 2751 2136 2807 Petrum
2160 2751 2473 2824 Assiduum]
2518 2754 2788 2818 abbatem,
2817 2753 3186 2823 Calistumque
3214 2755 3508 2823 gloriosum

1912 2843 2260 2898 cantidatum
2303 2844 2371 2898 ad
2417 2844 2849 2899 constituendam
2886 2846 3168 2899 nobiscum
3211 2860 3401 2914 pacem
3453 2853 3508 2900 ct

1913 2934 2227 2991 fmderanda
2260 2944 2424 3006 atque
2448 2937 2732 2992 adunanda
2773 2937 2888 2991 hazc
2915 2938 3020 2992 duo
3046 2936 3102 2990 in
3142 2935 3342 2990 Christi
3373 2938 3505 2990 cha-

1913 3025 2096 3093 ritate,
2125 3027 2365 3097 longaava
2395 3036 2488 3082 tua
2523 3027 2674 3082 misit
2708 3027 2956 3094 dilectio,
3007 3027 3173 3082 veluti
3204 3028 3259 3082 in
3291 3027 3507 3096 specula

221 3114 278 3170 in
311 3116 541 3183 gremio,
568 3116 892 3186 quandoque
947 3122 1210 3170 aeternum
1235 3132 1360 3173 cum
1383 3117 1509 3172 ﬁliis
1535 3126 1808 3175 mereatur
1834 3101 1882 3166 (ἶ
1909 3121 2073 3189 positi
2112 3120 2270 3189 longa
2307 3119 2508 3176 luimus
2544 3121 2946 3189 exspectatione
2983 3121 3248 3190 suspensi,
3282 3127 3509 3191 praesto-

223 3204 467 3276 accipere
489 3219 738 3276 regnum.

726 3331 756 3360 δ
806 3315 1144 3373 EPISTOLA
1182 3317 1304 3371 XX.

450 3408 480 3449 ι’
516 3424 585 3463 an
623 3423 964 3464 Nicnrnonun
1002 3423 1114 3462 utr.
1154 3422 1576 3463 cous'rm'rmor.

223 3494 488 3553 Gaudium
512 3513 666 3568 suum
685 3497 950 3568 signiﬁcat
978 3497 1042 3551 de
1070 3498 1260 3550 iterata
1291 3496 1547 3568 legatione
1570 3515 1664 3568 pro
1690 3515 1813 3554 con-

423 3567 684 3622 stituenda
704 3584 834 3638 pace
854 3568 992 3620 inter
1013 3576 1291 3636 utrumque
1321 3567 1617 3637 imperium.

825 3659 1005 3732 (Anno
1041 3659 1197 3730 310.)-

581 3747 678 3811 (Ex
697 3747 912 3801 Froben.
938 3749 1065 3813 Opp.
1084 3750 1218 3801 beati
1240 3751 1477 3813 Alcuini.;

301 3853 439 3909 Cum
472 3851 531 3908 in
568 3854 715 3907 omni
751 3855 1000 3908 humanae
1031 3853 1260 3908 actionis
1300 3853 1456 3907 initio
1489 3853 1701 3909 Domini
1739 3853 1811 3910 sit

225 3943 493 3999 auxilium
525 3942 901 4007 invocandum,
951 3944 1185 3998 maxime
1233 3943 1288 3996 in
1328 3943 1450 4007 hoc,
1486 3945 1628 4011 quod
1649 3947 1811 3999 modo

222 4035 371 4089 inter
395 4049 518 4098 nos,
559 4033 671 4088 Deo
695 4033 980 4099 mediante,
1020 4035 1216 4102 agitur,
1254 4033 1489 4102 negotio,
1515 4033 1725 4086 Domini
1759 4041 1813 4087 et

225 4125 525 4182 Salvatoris
546 4126 720 4182 nostri
747 4124 874 4181 Jesu
900 4126 1097 4181 Christi
1121 4127 1269 4181 omni
1295 4125 1454 4180 modo
1479 4132 1604 4179 sunt
1629 4125 1814 4194 implo-
1858 4199 1862 4204 .

223 4223 395 4277 randa
430 4221 712 4290 sulfragia,
753 4221 926 4290 utqui
951 4221 1169 4275 nomine
1204 4221 1349 4275 illius
1382 4219 1576 4288 signati
1603 4233 1809 4284 sumus,

224 4320 284 4366 et
317 4313 373 4364 in
411 4312 810 4381 dispensatione
843 4311 1108 4380 passionis
1143 4309 1258 4380 ejus
1286 4311 1354 4365 ab
1378 4318 1581 4365 aeterno
1622 4311 1814 4364 mortis

222 4403 464 4476 periculo
482 4419 583 4458 nos
603 4405 912 4472 redemptos
938 4418 1056 4458 esse
1075 4402 1409 4458 conﬁdimus.
1441 4418 1504 4457 ea
1550 4418 1669 4470 quae
1695 4403 1812 4472 ipso

221 4492 527 4559 inspirante
551 4493 886 4558 inchoamus,
918 4493 986 4547 ad
1019 4494 1307 4547 honestum
1345 4499 1400 4546 et
1424 4492 1612 4548 utilem
1637 4493 1815 4563 perfe-

223 4581 428 4639 ctionis
455 4581 746 4637 terminum
781 4585 1078 4651 perducere
1102 4597 1426 4638 mereamur.
1459 4584 1519 4638 In
1543 4582 1696 4652 cujus
1720 4602 1814 4641 no-

224 4673 375 4728 mine
404 4681 570 4745 atque
607 4672 812 4727 honore
848 4673 1084 4742 legatum
1121 4673 1475 4728 fraternitatis
1501 4682 1626 4740 tuae,
1654 4691 1813 4744 quem

225 4765 294 4818 ad
330 4765 488 4819 bonae
521 4764 915 4820 recordationis
942 4765 1116 4820 ﬁlium
1152 4773 1396 4820 nostrum
1426 4764 1710 4835 Pippinum
1734 4783 1818 4822 re-

225 4866 345 4921 gem
390 4855 640 4922 misistis,
675 4865 698 4894 ο
746 4855 1023 4913 Arsatium
1071 4857 1278 4913 scilicet
1317 4859 1610 4928 glonosum
1637 4869 1817 4929 spata-

298 5000 324 5026 ιι
368 4988 630 5059 Epistola.
677 4989 808 5064 ﬂmc
837 4992 1065 5062 epistola
1102 4995 1246 5048 inter
1278 4990 1640 5064 {Alcuinianas
1675 4997 1817 5064 apud

220 5055 628 5126 Quercetanum
671 5061 768 5114 111
807 5055 912 5126 est,
950 5064 1092 5131 apud
1128 5055 1401 5119 Canisium
1435 5078 1598 5129 nona,
1628 5055 1812 5130 missa,

221 5133 390 5210 prout
404 5135 721 5210 contextus
749 5131 950 5210 habet,
979 5133 1052 5210 ad
1068 5131 1374 5210 tPippinum
1401 5135 1584 5210 itali?
1634 5150 1819 5210 regem

223 5202 350 5277 ipso
366 5202 695 5277 annoquois
712 5202 896 5277 vivere
914 5202 1099 5277 desiit,
1118 5219 1307 5277 nempe
1322 5219 1372 5277 a.
1394 5204 1531 5277 819.
1540 5202 1818 5260 Immerito

223 5265 400 5332 igitur
438 5264 684 5332 epistolis
717 5266 931 5323 Alcuini
966 5271 1057 5324 diu
1088 5264 1217 5327 ante
1242 5264 1490 5329 'del‘uncti
1519 5274 1743 5329 inserta.

226 5330 275 5414 .'
301 5335 332 5417 ιζ
360 5331 445 5417 Aid
472 5330 860 5417 Nicephorum:
885 5337 1257 5417 Logothetam,
1280 5345 1371 5417 qui
1402 5358 1548 5417 anno
1571 5344 1818 5417 802,4de-

226 5402 373 5473 iecta
397 5402 558 5457 [rene
577 5402 955 5481 imperatrice,
967 5402 1254 5481 imperium
1271 5402 1821 5481 Constantinopolita-

230 5471 364 5549 hum
404 5471 717 5549 occupavit.
761 5472 870 5542 (Ex
913 5471 1338 5549 Clurohographia
1371 5471 1737 5549 Theophanis,
1774 5495 1822 5540 et

233 5541 376 5608 aliis,
399 5541 555 5618 apud
578 5541 832 5618 Pagium,
853 5543 924 5618 ad
948 5542 1002 5592 It.
1025 5559 1098 5618 an,
1124 5541 1276 5618 nam.
1310 5547 1390 5618 2.)

309 5623 333 5650 ε
374 5610 679 5666 Arsatium.
697 5612 988 5680 Arsasium
1006 5647 1021 5672 ,
1060 5610 1381 5680 Arsaphiuni
1425 5625 1621 5672 vocant
1657 5634 1821 5679 anna-

235 5678 375 5738 listae
401 5682 548 5740 illius
571 5684 858 5754 temporis,
884 5679 957 5738 ad
979 5692 1175 5736 annum
1196 5678 1333 5742 ⁷811.

1913 3211 2086 3267 lantes
2125 3219 2238 3268 slve
2278 3229 2376 3282 per
2407 3215 2663 3283 legatum,
2694 3216 2808 3270 sive
2832 3230 2930 3285 per
2956 3216 3259 3286 epistolam,
3291 3218 3506 3285 quando

1914 3303 2232 3358 meritorum
2255 3306 2473 3375 scriptis
2500 3289 2701 3362 nostris
2725 3308 2980 3362 amabilia
3014 3306 3374 3362 fraternitatis
3399 3315 3506 3363 tua:

1913 3407 2173 3461 responsa
2208 3397 2557 3466 susciperem.
2591 3396 2836 3466 Jamque,
2878 3406 2940 3451 ut
2974 3413 3033 3452 se
3067 3399 3230 3453 habet
3256 3398 3506 3454 humanae

1911 3483 2112 3538 mentis
2151 3484 2458 3550 inﬁrmitas,
2488 3502 2654 3556 prope
2687 3488 2989 3556 desperatio
3024 3489 3174 3543 cordi
3200 3494 3388 3543 nostro
3423 3488 3505 3542 in-

1913 3574 2146 3642 cipicbat
2175 3577 2397 3631 oboriri.
2442 3577 2548 3633 Sed
2571 3580 2799 3635 ﬁdentes
2824 3580 3174 3640 sperabamus
3208 3581 3263 3635 in
3290 3596 3375 3646 eo,
3412 3581 3504 3650 qui

1912 3678 2188 3733 nunquam
2228 3667 2427 3722 deserit
2473 3678 2752 3736 sperantes
2789 3671 2844 3724 in
2883 3685 2973 3738 se,
3022 3671 3165 3740 quod
3202 3672 3501 3727 secundum

1907 3753 2230 3824 Apostolum
2279 3759 2432 3814 labor
2464 3765 2676 3832 noster}
2713 3763 2768 3816 in
2806 3762 2922 3832 ipso
2964 3779 3168 3820 vacuus
3214 3772 3269 3820 et
3325 3765 3507 3820 inanis

1913 3861 2032 3901 esse
2069 3864 2176 3904 non
2215 3851 2454 3914 deberet,
2483 3865 2547 3906 ac
2583 3854 2906 3910 desiderium
2950 3865 3216 3922 nostrum,
3246 3859 3412 3926 quod,
3443 3864 3506 3912 ut

1913 3938 2253 4015 conﬁdimus,
2307 3940 2476 4008 ipsius
2510 3941 2862 4010 inspiratione
2903 3947 3253 4013 concipimus,
3309 3961 3504 4000 secun-

1915 4025 2044 4079 dum
2071 4027 2287 4081 divitias
2313 4029 2699 4086 misericordia:
2725 4047 2836 4085 sua:
2865 4034 3154 4098 complere,
3181 4043 3236 4087 et
3269 4035 3506 4101 quando-

1915 4131 2128 4184 cunque
2164 4118 2233 4170 ad
2259 4116 2508 4172 effectum
2533 4122 2830 4186 perducere
2857 4123 3094 4176 deberet.

1987 4210 2191 4265 Idcirco
2221 4209 2404 4263 audito
2428 4211 2659 4265 adventu
2694 4213 2978 4268 memorati
3006 4213 3165 4282 legati
3202 4214 3506 4270 dilectionis

1916 4313 2043 4368 tuae,
2086 4301 2288 4356 Arsatii
2334 4301 2554 4371 gloriosi
2587 4305 2828 4374 spatarii,
2854 4321 3182 4376 magnopere
3218 4307 3388 4380 gavisi
3414 4325 3508 4363 su-

1915 4415 2056 4466 mus,
2099 4398 2449 4464 conﬁdentes,
2480 4415 2579 4454 nos
2617 4402 2682 4456 de
2716 4403 2879 4458 rebus
2914 4403 3135 4459 incertis
3163 4405 3230 4460 ad
3261 4411 3504 4474 optatam

1919 4496 2298 4552 certitudinem
2333 4503 2709 4563 perventuros,
2751 4503 2806 4550 et
2844 4496 2910 4550 de
2950 4494 3036 4549 his
3069 4510 3189 4564 quae
3232 4496 3506 4566 praedictis

1914 4589 2096 4644 missis
2132 4588 2240 4642 tuis
2264 4589 2331 4642 ad
2356 4595 2409 4641 te
2446 4587 2734 4643 deferenda
2773 4589 3018 4643 dedimus
3051 4603 3367 4659 responsum
3388 4604 3509 4646 esse

1916 4688 2247 4748 recepturos.
2286 4679 2352 4732 Et
2378 4694 2566 4734 revera
2593 4681 2669 4734 ita
2689 4679 2891 4735 factum
2913 4687 3014 4736 est.
3055 4682 3334 4739 Sensimus
3362 4685 3505 4738 enim

1918 4785 1984 4825 ex
2004 4777 2157 4838 parte
2182 4784 2323 4833 mea,
2349 4769 2492 4837 quod
2521 4771 2957 4828 desiderabamus
2994 4775 3062 4829 ad
3088 4776 3501 4845 completionem

1917 4869 2165 4916 votorum
2197 4868 2527 4928 nostrorum,
2556 4862 2722 4918 divini
2746 4863 2987 4921 favorem
3011 4867 3195 4920 auxilii
3222 4874 3276 4920 et
3301 4866 3356 4918 in
3391 4881 3508 4920 ver-

1988 4995 2016 5035 (ί
2048 4995 2304 5067 Pippinus
2359 5013 2451 5050 rex
2497 4998 2616 5067 jam
2641 5036 2649 5043 .
2677 4999 2828 5053 rebus
2886 5000 3128 5052 humanis
3190 5009 3497 5052 excesserat.

1917 5067 2074 5120 Anno
2099 5066 2204 5122 810
2229 5083 2326 5121 vui
2357 5067 2481 5122 ldus
2501 5066 2648 5134 Julii,
2675 5075 2736 5122 ut
2762 5067 3044 5122 annalistae
3065 5068 3408 5123 concorditer
3424 5075 3504 5123 te-

1920 5144 2150 5192 stantur.

1995 5217 2018 5244 θ
2046 5205 2374 5275 Michaelem.
2415 5207 2588 5263 Aliter
2614 5208 2835 5263 nomina
2878 5207 3175 5275 legatorum
3221 5216 3504 5264 recensent

1920 5274 2156 5331 Annales
2182 5275 2395 5342 Tiliani,
2421 5278 2729 5340 Loiseliani,
2759 5274 3048 5331 Mettenses
3067 5284 3123 5330 et
3161 5277 3270 5329 alii.
3306 5295 3324 5326 ι
3355 5277 3502 5330 Missi

1921 5353 2064 5408 sunt,
2107 5344 2375 5413 inquiunt,
2416 5347 2639 5402 Michael
2677 5347 2976 5414 episcopus.
3019 5345 3210 5398 Petrus
3245 5347 3408 5399 abbas
3447 5353 3502 5399 et

1923 5415 2157 5472 Calistus
2186 5416 2544 5472 candidatus..
2560 5439 2577 5469 ι
2603 5413 2891 5469 Mettenses
2915 5430 3042 5469 vero
3061 5427 3343 5480 perperam
3369 5413 3504 5470 duos

1923 5485 2130 5542 faciunt
2152 5483 2412 5539 Calistum
2449 5496 2502 5541 et
2528 5485 2903 5542 Candidatum.
2933 5483 3164 5538 Calistus
3206 5481 3346 5534 enim
3373 5497 3505 5537 can-

1925 5558 2138 5612 didatus
2175 5555 2477 5623 appellatur
2505 5558 2576 5609 ob
2609 5552 2968 5623 dignitatem,
2989 5565 3148 5623 quam
3171 5551 3410 5623 gerebat,
3437 5554 3505 5623 de

1924 5642 2030 5696 qua
2057 5619 2447 5696 plura—videas,
2477 5625 2522 5679 si
2561 5622 2729 5685 lubet,
2757 5622 2900 5686 apud
2940 5619 3233 5687 Canisium,
3273 5619 3330 5673 in
3361 5621 3505 5677 notis

1926 5691 1995 5752 ad
2017 5691 2155 5751 hanc
2176 5691 2479 5764 epistolam.
