4074 6148
686 384 1020 448 snsrout
1049 394 1075 427 ι
1092 366 1275 441 xm;

519 500 589 544 ιι)
612 466 955 543 consumar
979 486 1447 535 ARCEXEPISCOM

799 572 977 646 (Anno
1006 569 1103 625 8H
1117 568 1156 640 .)
1348 642 1363 651 _

623 664 721 732 (Ex
750 662 928 715 Habiti.
952 660 1177 712 Analect.
1202 656 1343 718 Yet.)

119 790 165 804 κ·
258 758 321 814 In
338 754 563 812 nomine
583 750 785 815 Patris,
815 756 870 803 et
892 745 1032 811 Filii,
1051 749 1107 799 et
1132 742 1364 813 Spiritus
1388 736 1583 794 sancti.
1610 735 1777 792 Caro-

188 848 275 907 lus
303 845 687 906 serenissimus
708 840 979 910 Augustus
1002 851 1037 891 a
1064 836 1295 891 Domino
1317 836 1625 895 coronatus,
1660 842 1779 883 ma—

188 958 352 1016 gnus,
379 938 642 1012 paciﬁcus
664 936 972 1004 imperator,
1001 930 1305 1000 gubernans
1350 923 1634 1016 imperium
1658 920 1778 1016 qui-

192 1013 341 1099 dem,
357 1037 414 1085 et
437 1024 803 1085 misericordia
813 1021 920 1077 ~Dei
939 1035 1037 1076 rex
1051 1018 1384 1075 Francorum
1408 1023 1463 1072 et
1474 1013 1780 1084 Longobar-

192 1123 412 1189 dorum,
438 1119 715 1177 0dilberto
737 1110 1162 1183 archiepiscopo,
1190 1109 1247 1163 in
1272 1107 1503 1163 Domino
1527 1104 1775 1159 salutem.

268 1210 477 1283 Saepius
509 1215 711 1275 tecum,
756 1204 867 1261 imo
908 1212 963 1259 et
1001 1218 1126 1258 cum
1152 1199 1363 1256 caeteris
1392 1196 1611 1266 collegis
1648 1193 1776 1259 tuis,

189 1302 462 1359 familiare
481 1298 811 1367 colloquium
838 1294 905 1349 de
929 1293 1165 1348 utilitate
1187 1296 1393 1345 sancta:
1412 1287 1508 1342 Dei
1525 1283 1781 1340 Ecclesia:

190 1396 392 1452 habere
415 1392 792 1455 voluissemus,
835 1388 882 1442 si
920 1386 1125 1455 absque
1157 1381 1405 1438 molestia
1433 1376 1703 1448 corporali
1727 1375 1782 1432 id

140 1550 149 1555 δ
191 1484 405 1543 efﬁcere
432 1482 722 1554 potuisses.
761 1478 871 1534 Sed
904 1478 1151 1548 quamvis
1175 1474 1525 1532 sanctitatem
1553 1478 1705 1525 tuam
1726 1467 1782 1522 in

191 1575 388 1634 divinis
412 1575 577 1629 rebus
601 1576 721 1626 tota
752 1568 1052 1623 intentione
1068 1566 1294 1637 vigilare
1312 1580 1423 1620 non
1447 1564 1780 1635 ignoremus,

189 1667 442 1724 omittere
478 1672 663 1718 tamen
696 1676 807 1717 non
836 1673 1140 1730 possumus,
1178 1660 1308 1728 quin
1347 1664 1497 1711 tuam
1537 1652 1781 1710 devotio—

1514 224 1537 232 “
1638 250 2022 325 uersuum.

1791 378 1846 439 Α
1871 392 2025 444 mus,
2053 378 2306 436 nuntiare
2354 384 2566 450 satage;
2595 383 2651 436 et
2695 375 2743 435 si
2787 375 2867 435 Ita
2890 380 3079 436 teneas
3101 386 3155 436 et
3177 379 3461 451 pmdices,

3360 256 3465 325 95³4

1876 479 1969 526 aut
1995 472 2039 529 si
2066 472 2121 527 in
2145 473 2250 530 hoc
2269 475 2414 545 quod
2435 475 2698 543 praedicas
2723 480 2780 529 te
2795 473 2974 544 ipsum
2999 474 3291 532 custodias.
3318 473 3466 533 Bene

1875 564 2014 632 vale,
2043 570 2102 622 et
2119 582 2217 622 ora
2244 582 2347 638 pro
2369 566 2546 621 nobis.

2385 676 2724 736 EPISTOLA
2759 676 2951 733 XXIII.

1875 786 1946 831 an
2005 785 2357 828 numnum
2415 767 2828 847 [ενιωλιωυιι]
2882 782 3341 828 amensamens
3393 784 3465 826 er

2480 854 2852 896 CEOLVULFUM.

2147 932 2269 989 Illis
2301 932 2556 1005 quosdam
2585 929 2789 987 exsules
2823 932 3155 988 commendat

2240 1024 2336 1086 (Ex
2360 1025 2545 1085 Minue,
2570 1023 2734 1085 Opera
2755 1020 3105 1088 diplomatica.)

1948 1116 2174 1176 Carolus
2201 1119 2376 1187 gratia
2395 1117 2492 1171 Dei
2518 1131 2617 1171 rex
2643 1113 2982 1171 Francorum
3007 1123 3062 1171 et
3083 1114 3468 1188 Langobardo-

1880 1225 2003 1266 rum
2047 1224 2112 1264 ac
2152 1207 2415 1279 patricius
2442 1191 2832 1270 Romanorum,
2868 1205 3154 1261 Athilardo
3201 1207 3469 1278 archiepi-

1881 1316 2044 1372 scopo
2083 1295 2509 1373 [Cantuariensi]
2536 1304 2592 1353 et
2624 1292 2904 1353 Ceolvulfo
2947 1298 3266 1369 coepiscopo
3300 1297 3463 1365 illius,

1881 1401 2100 1450 aeternae
2113 1389 2474 1470 beatitudinis
2512 1386 2762 1443 salutem.

1953 1484 2272 1539 Nullatenus
2304 1490 2541 1537 vestram
2564 1489 2727 1536 terrae
2753 1479 3206 1552 longinquitatem
3231 1478 3314 1535 vel
3337 1492 3466 1551 pro--

1885 1574 2070 1632 cellosi
2099 1573 2265 1628 maris
2291 1570 2630 1626 latitudinem
2656 1569 2936 1625 foederatae
2983 1569 3039 1623 in
3084 1567 3299 1625 Christo
3334 1567 3471 1625 ami-
3536 1579 3549 1590 ‘

1885 1662 2026 1724 cilia:
2062 1663 2187 1734 jura
2230 1663 2569 1733 disrumpere
2616 1659 2701 1715 fas
2745 1660 3092 1715 arbitramur.
3132 1658 3238 1716 Sed
3269 1666 3472 1732 quanto

188 1775 319 1816 nem
353 1762 542 1814 εωῢῐο
580 1754 844 1809 imitante
880 1751 1086 1821 Spiritu
1118 1750 1320 1806 Ποείτίε
1353 1748 1596 1818 apicibus
1628 1760 1780 1803 θοω-
1807 1735 1860 1800 Β
1883 1758 2125 1831 longiore
2147 1757 2319 1828 spatio
2347 1755 2583 1811 humana
2629 1752 2888 1809 dividitur
2912 1751 3272 1818 conversatio,
3320 1758 3472 1808 tanto

186 1850 479 1924 pellamus,
516 1852 679 1917 atque
721 1858 1180 1909 commoneamus,
1223 1849 1285 1896 ut
1316 1842 1491 1913 magis
1523 1855 1588 1896 ae
1613 1840 1786 1912 magis

190 1942 255 2000 in
280 1947 467 1997 sancta
499 1939 599 1994 Dei
632 1937 875 1994 Ecclesia
910 1938 1149 1993 studiose
1184 1951 1249 1993 ac
1275 1936 1520 2007 vigilanti
1549 1950 1679 1992 cura
1716 1935 1788 1990 la-

192 2035 407 2103 borare.
427 2033 645 2087 studeas
683 2031 739 2086 in
783 2031 1166 2102 praedicatione
1208 2039 1394 2086 sancta
1443 2038 1499 2085 et
1544 2031 1787 2086 doctrina

192 2124 423 2181 salutari
447 2141 462 2177 :
490 2130 761 2193 quatenus
782 2138 882 2193 per
903 2128 1055 2178 tuam
1082 2121 1484 2179 devotissimam
1511 2120 1789 2177 solertiam

190 2215 418 2270 verbum
450 2214 577 2268 vitae
616 2220 836 2268 aeterna:
867 2218 1078 2268 crescat
1111 2219 1166 2267 et
1204 2217 1406 2280 currat,
1444 2219 1499 2269 et
1530 2212 1791 2283 multipli-

192 2314 347 2363 cetur
379 2318 639 2361 numerus
674 2305 858 2374 populi
900 2304 1197 2361 Christiani
1233 2305 1291 2359 in
1331 2305 1544 2360 Iaudem
1579 2310 1636 2359 et
1672 2304 1789 2375 glo-

195 2399 337 2454 riam
377 2396 674 2452 Salvatoris
717 2398 892 2452 uestri
941 2397 1058 2452 Dei.
1107 2397 1283 2453 Nosse
1326 2397 1511 2466 itaque
1554 2412 1654 2467 per
1696 2404 1797 2452 tua

197 2491 402 2560 scripta
434 2495 527 2544 aut
558 2502 655 2558 per
690 2489 924 2557 teipsun‘.
955 2489 1222 2555 volumus,
1276 2474 1509 2559 qualiter
1544 2488 1615 2544 et‘
1644 2495 1703 2543 tu
1737 2495 1792 2544 et

195 2580 525 2652 ωσι-ειεξιηεί
555 2580 633 2635 tui
663 2581 904 2636 doceatis
929 2589 985 2636 et
1018 2566 1309 2637 instmatis
1341 2584 1655 2638 sacerdotes
1693 2583 1795 2637 Dei

197 2683 255 2733 et
273 2675 485 2747 plebem
502 2674 656 2729 vobis
680 2675 1027 2729 commissam
1049 2674 1114 2730 de
1134 2674 1401 2744 baptismo
1428 2684 1788 2743 sacramento,

198 2765 254 2822 Id
281 2773 367 2821 est
398 2780 497 2821 cur
526 2763 706 2836 primo
744 2762 929 2817 infans
959 2764 1377 2818 catechumenos
1408 2763 1673 2832 efﬁcitur,
1707 2765 1794 2821 vel

199 2856 336 2927 quid
377 2855 463 2910 sit
485 2854 907 2910 catechumenus
936 2871 948 2907 :
979 2854 1171 2909 deinde
1201 2869 1302 2924 per
1333 2854 1579 2909 ordinem
1614 2857 1799 2910 omnia

201 2962 327 3018 quae
360 2953 613 3017 aguntur.
642 2946 720 3000 De
754 2945 1043 3011 scrutinio,
1079 2946 1212 3014 quid
1236 2945 1309 3000 sit
1344 2947 1685 3001 scrutinium.
1717 2947 1795 3003 De

198 3039 485 3108 Symbolo,
502 3052 627 3107 quin
637 3037 709 3092 sit
724 3036 842 3106 ejus
853 3037 1229 3105 interpretatio
1239 3038 1535 3093 secundum
1549 3037 1790 3094 Latinos.

196 3099 642 3194 De"credulitate,
670 3099 941 3198 quomodo
965 3099 1290 3185 credendum
1316 3129 1387 3183 sit
1418 3128 1479 3184 in
1502 3130 1793 3186 Dominum
1819 3099 1868 3162 c

197 3218 415 3277 Patrem
443 3218 897 3289 omnipotentem,
915 3218 1049 3273 etin
1069 3216 1256 3274 Iesum
1281 3218 1559 3275 Christum
1590 3221 1789 3277 Filium

199 3310 337 3382 ejus,
364 3310 787 3381 etin‘Spiritum
810 3319 1091 3376 sanctum;
1115 3320 1362 3368 sanetam
1384 3312 1685 3368 Ecclesiam
1702 3328 1797 3369 ca—

200 3404 477 3469 tholicam,
512 3410 572 3457 et
600 3410 800 3458 caetera
843 3414 964 3472 quae
997 3410 1297 3473 sequuntur
1322 3403 1377 3457 in
1406 3404 1595 3459 eodem
1633 3404 1797 3477 Sym-

199 3494 345 3553 bolo.
371 3496 449 3551 De
472 3495 945 3551 abrenuntiatione
968 3494 1182 3552 Satanae
1198 3503 1257 3552 et
1278 3496 1531 3553 omnibus
1544 3498 1799 3569 operibus

204 3584 325 3657 ejus
348 3596 403 3643 et
429 3590 662 3659 pompis.
699 3586 847 3655 Quid
866 3588 938 3644 sit
961 3589 1382 3655 abrenuntiatis,
1407 3598 1465 3646 et
1488 3605 1611 3661 qua
1632 3606 1798 3662 opera

208 3680 335 3751 eius
352 3681 545 3736 diaboli
569 3688 624 3736 et
648 3695 879 3751 pompae.
917 3679 1030 3735 Cur
1056 3678 1362 3736 insufﬂatur
1385 3689 1443 3738 et
1464 3698 1562 3738 cur
1585 3684 1799 3741 exorci-

207 3781 390 3829 zatur.
417 3771 525 3827 Cur
548 3773 968 3828 catechumenus
1003 3773 1200 3843 accipit
1237 3773 1427 3830 salem.
1464 3775 1642 3841 Quare
1675 3786 1800 3833 tan-

209 3874 413 3940 cantur
444 3882 623 3934 nares,
657 3876 847 3937 pectus
885 3876 1121 3938 uagam
1141 3869 1264 3924 oleo
1291 3887 1314 3936 ;
1336 3887 1437 3926 cur
1466 3873 1698 3941 scapulae
1725 3873 1800 3927 si-

203 3966 464 4032 gnantur,
511 3965 566 4011 et
607 3972 771 4024 quare
810 3966 1001 4019 nectus
1033 3966 1089 4014 et
1120 3959 1352 4029 scapuke
1383 3960 1651 4014 lavantur.
1689 3961 1802 4017 Cur

202 4049 344 4105 albis
376 4048 622 4104 indmtur
655 4049 1022 4116 vestimentis;
1064 4064 1161 4104 cur
1198 4063 1355 4104 sacro
1392 4049 1683 4105 chrismate
1707 4065 1799 4106 ca-

202 4148 299 4212 put
324 4138 680 4210 perungitur;
708 4146 765 4194 et
799 4138 1031 4210 mystico
1067 4138 1266 4209 tegitur
1305 4137 1589 4203 velamine,
1620 4146 1677 4194 et
1702 4155 1801 4195 cur

204 4248 435 4304 corpore
487 4239 545 4288 et
599 4231 863 4303 sanguine
911 4232 1185 4287 dominico
1241 4231 1610 4287 conﬁrmatur.
1672 4230 1801 4289 Haec

201 4323 388 4380 omnia
414 4321 603 4379 subtili
630 4322 884 4395 indagine
914 4337 1011 4394 per
1048 4323 1249 4394 scripta
1287 4322 1464 4389 nobis,
1495 4323 1636 4380 sicut
1668 4325 1802 4381 dixi-

275 4472 310 4503 ι
342 4460 473 4539 Haec
508 4462 733 4539 epistola
767 4462 1070 4539 Οᾴίηιιτειιῑο⁸
1092 4462 1477 4539 M_ediolanensr
1531 4466 1801 4539 archiepi—
1820 4456 1879 4521 D
1905 4465 2155 4536 superius
2184 4451 2592 4539 Ιαιιςιεριιωλέυρ

205 4544 377 4606 scopo
404 4532 785 4606 inscripta_,_ex
819 4535 1072 4591 Mettensi
1112 4534 1308 4590 Codice
1352 4543 1506 4590 eruta
1548 4553 1645 4606 per
1681 4532 1802 4596 reli-

204 4602 626 4678 giosumjirum
653 4602 926 4678 Placidum
953 4606 1342 4678 Beuvillonium
1369 4602 1802 4678 congregationis

202 4674 1051 4749 sancti_Yitoni,_exemplumest
1076 4676 1389 4749 litterarum,
1402 4674 1801 4749 encyclicarum

203 4758 337 4819 quas
362 4744 593 4819 carebis
619 4744 845 4819 Magnus
870 4747 1137 4804 universis
1161 4748 1427 4819 episcopis
1450 4744 1678 4819 iniperio
1704 4768 1802 4808 suo

204 4814 460 4885 subjectis
487 4814 800 4890 direxitfut
824 4819 956 4890 quid
980 4820 1046 4874 de
1068 4814 1583 4890 baptismo—ejusque
1608 4821 1803 4880 ritibus

204 4902 269 4943 ac
300 4888 648 4960 caeremoniis
677 4888 962 4960 sentirent,
994 4904 1178 4960 eorum
1216 4889 1432 4960 scriptis
1466 4888 1669 4947 certior
1693 4894 1806 4949 efﬁ-

205 4966 441 5032 ceretur.
456 4957 714 5032 ﬂincest
734 4961 881 5032 quod
904 4958 1127 5032 Magnus
1147 4957 1422 5032 Senonum
1444 4963 1806 5032 archiepisco-

205 5043 317 5108 pus
335 5028 424 5108 bis
456 5027 657 5108 litteris
690 5027 952 5108 pulsatus,
981 5027 1804 5108 Theodulfumﬁurelianénsem

207 5098 516 5169 antistitem
562 5098 778 5169 impulit
821 5103 890 5156 ad
935 5102 1276 5156 scribendum
1312 5102 1506 5158 librum
1532 5104 1597 5157 de
1623 5105 1804 5162 ordine

211 5163 666 5259 gffﬁﬁﬁh‘ﬂf'é
704 5170 907 5259 {sine
940 5171 1275 5259 uenam.
1295 5173 1471 5259 siem
1494 5173 1688 5259 Maso
1714 5178 1808 5259 ds-

212 5232 931 5321 Qicavit.‘l32§demrspec_tat_
948 5240 1169 5321 Alcuini.
1195 5244 1423 5321 epistola
1458 5260 1550 5302 seu

211 5302 569 5387 Ctercrnoniis
598 5302 851 5387 baptismi
892 5310 1083 5365 Carolo
1120 5302 1509 5387 gloriosissimo
1543 5326 1597 5373 et
1632 5302 1808 5377 cruel;

213 5374 521 5450 lentissimo
539 5373 787 5450 Augusto
807 5373 1166 5449 nuncupatus,
1191 5381 1342 5450 cujus
1361 5384 1465 5438 hoc
1488 5373 1800 5447 exordium:

220 5463 240 5499 ι
275 5445 506 5520 Domine
542 5447 618 5502 mi
636 5445 1103 5505 'Cbristianiss'ime
1138 5445 1451 5520 imp-Erator,
1483 5457 1707 5514 misistis
1738 5445 1807 5518 ad

137 5548 141 5559 ι
218 5517 495 5573 servulum
534 5524 777 5575 vestrum
822 5517 1531 5587 inquiSitiones—sccundum
1575 5517 1807 5587 vestram

218 5589 655 5646 miscricordiam
699 5592 764 5646 (le
799 5605 954 5647 sacro
979 5590 1297 5656 baptismate
1337 5606 1436 5659 per
1459 5595 1705 5654 ordinem
1726 5601 1808 5659 in.

220 5663 586 5736 terrogantes,
604 5680 651 5736 ρὰ
679 5669 783 5727 etc,
820 5677 962 5736 quae
988 5659 1228 5736 apprime
1251 5662 1533 5736 superiori
1567 5669 1806 5736 epistolae

223 5728 576 5805 respondent.
598 5728 925 5793 Simundus
948 5732 1005 5793 in
1034 5728 1177 5789 notis
1202 5732 1268 5789 ad
1299 5728 1573 5793 T’beodulﬁ
1598 5728 1802 5801 librum

1884 1850 2199 1924 probatiore
2225 1848 2331 1903 ﬁde
2364 1846 2582 1918 pietatis
2606 1852 2827 1915 pactum
2850 1843 3058 1900 servari
3085 1843 3321 1912 debebit,
3344 1844 3471 1915 quia

1887 1957 2031 2013 saepe
2074 1942 2129 1997 in
2155 1939 2440 2011 praesentia
2467 1938 2632 1992 timor
2679 1936 2761 1991 vel
2807 1935 3183 1991 erubescentia
3228 1936 3285 1991 in
3332 1934 3475 1992 facie

1887 2035 2039 2091 foras
2056 2032 2293 2089 ostendit
2321 2030 2464 2102 quod
2488 2030 2650 2085 homo
2674 2029 2821 2085 intus
2845 2029 2903 2084 in
2930 2028 3091 2084 corde
3116 2044 3225 2084 non
3247 2028 3468 2086 retinet.

1887 2128 2058 2199 Igitur
2095 2133 2285 2182 sancta
2321 2124 2456 2181 ﬁdes
2492 2125 2545 2178 in
2583 2122 2829 2178 absentia
2873 2121 3158 2179 laudabilis
3190 2129 3387 2189 exstat,
3417 2128 3477 2180 et

1888 2220 1945 2275 in
1992 2218 2283 2292 praesentia
2330 2214 2654 2272 venerabilis
2685 2214 2952 2270 consistit.
3005 2214 3158 2271 Unde
3187 2221 3243 2270 et
3274 2215 3331 2270 in
3356 2211 3475 2284 ejus

1890 2303 2106 2375 ﬁducia,
2126 2324 2289 2379 quam
2313 2308 2403 2379 pia
2428 2306 2557 2363 olim
2584 2305 2910 2361 allocutione
2938 2311 3235 2376 praesentes
3266 2303 3475 2377 pepigi-

1889 2417 2032 2467 mos,
2058 2402 2159 2455 hos
2182 2400 2413 2455 miseros
2442 2398 2634 2469 patriae
2666 2413 2778 2452 suae
2802 2397 3019 2453 exsules
3043 2405 3241 2453 vestra:
3273 2396 3477 2452 direxi-

1891 2506 2012 2546 mus
2034 2490 2242 2559 pietati,
2278 2489 2632 2559 deprecantes
2665 2495 2726 2541 ut
2768 2500 2869 2557 pro
2902 2488 2981 2543 eis
3026 2485 3363 2542 intercedere
3388 2484 3475 2542 di-

1892 2581 2135 2652 gnemini
2157 2579 2305 2649 apud
2327 2578 2554 2632 fratrem
2590 2593 2777 2631 meum
2819 2578 3199 2633 charissimam
3225 2577 3478 2636 Oﬁ‘anum

1893 2687 2099 2743 regem,
2122 2678 2389 2742 quatenus
2415 2667 2642 2739 paciﬁce
2669 2677 2726 2723 et
2757 2668 2960 2740 absque
3001 2668 3227 2738 alicujus
3268 2668 3482 2737 injusti-

1894 2764 1986 2819 tiae
2003 2762 2353 2834 oppressione
2372 2762 2429 2816 in
2449 2775 2547 2815 sua
2562 2759 2723 2815 liceat
2742 2774 3064 2817 conversam
3080 2762 3277 2831 patria,
3295 2769 3351 2817 et
3372 2762 3484 2817 cuii

1894 2854 2029 2909 libet
2049 2854 2343 2910 deservire.
2366 2853 2505 2907 Nam
2529 2852 2778 2908 dominus
2813 2852 3030 2908 illorum
3066 2852 3481 2923 Umbrinsgstan

1897 2949 2038 3005 diem
2073 2949 2250 3014 obiit;
2295 2947 2408 3017 qui,
2456 2952 2516 3000 ut
2575 2944 2731 3000 nobis
2774 2944 2950 2999 visum
2996 2943 3126 3009 fuit,
3162 2943 3337 2999 ﬁdelis
3381 2960 3483 3001 suo

1898 3039 2089 3095 fuisset
2108 3039 2346 3107 domino,
2370 3039 2418 3094 si
2444 3038 2503 3095 in
2519 3038 2699 3107 patria
2719 3036 2959 3093 licuisset
2976 3050 3343 3108 perseverare.
3374 3037 3482 3093 Sed

1900 3139 1962 3189 ut
1982 3132 2175 3188 mortis
2201 3130 2457 3186 evaderet
2474 3128 2794 3201 periculum,
2811 3135 2874 3183 ut
2897 3128 3076 3183 dicere
3098 3128 3325 3194 solebat,
3347 3128 3485 3198 fugit

1902 3223 1971 3278 ad
1993 3238 2113 3289 nos,
2141 3235 2355 3291 semper
2379 3226 2604 3290 paratus
2634 3235 2692 3275 se
2718 3221 2786 3275 ab
2818 3218 2969 3274 omni
2991 3233 3224 3291 purgare
3253 3219 3486 3276 inﬁdeli-

1900 3321 2034 3369 tate.
2092 3312 2263 3380 Quem
2297 3318 2523 3383 propter
2558 3310 3076 3378 reconciliationem,
3115 3325 3227 3366 non
3260 3320 3487 3383 propter

1900 3405 2239 3473 inimicitias,
2266 3405 2658 3477 aliquantisper
2693 3405 3019 3461 retiuuimus
3066 3405 3208 3476 apud
3240 3403 3487 3463 multis

1899 3514 2034 3556 vero
2057 3498 2453 3555 contribtdibus
2476 3498 2590 3554 suis
2612 3497 2663 3553 si
2681 3511 2873 3568 pacem
2894 3496 3105 3568 precari
3127 3496 3372 3562 valeatis,
3400 3510 3487 3553 re-

1899 3603 2159 3650 maneant
2191 3595 2250 3649 in
2281 3594 2458 3665 patria
2506 3611 2520 3647 :
2569 3592 2659 3648 sin
2693 3604 2823 3648 vero
2860 3591 3047 3648 durius
3074 3591 3142 3647 de
3184 3590 3295 3648 illis
3318 3588 3488 3647 frater

1901 3701 2059 3743 meus
2076 3685 2425 3756 respondeat,
2456 3683 2578 3740 illos
2597 3683 2669 3741 ad
2695 3699 2797 3741 nos
2832 3683 3097 3740 remittite
3129 3683 3349 3741 inmens.
3377 3682 3489 3739 Me-

1900 3775 2008 3831 lius
2039 3783 2124 3832 ost
2147 3774 2504 3845 peregrinari,
2535 3788 2699 3842 quam
2737 3775 2918 3844 perire
2946 3792 2960 3829 :
2989 3776 3049 3829 in
3076 3775 3252 3830 aliena
3283 3773 3489 3830 servire

1899 3867 2100 3938 patria,
2133 3881 2296 3933 quam
2319 3866 2375 3919 in
2404 3878 2500 3918 sua
2520 3863 2679 3917 mori.
2703 3863 2926 3920 Conﬁdo
2947 3866 3012 3920 de
3028 3867 3272 3922 bonitate
3303 3864 3488 3922 fratris

1903 3959 2034 4023 mei,
2050 3958 2098 4012 si
2114 3956 2313 4011 obnixe
2330 3970 2432 4023 pro
2454 3954 2567 4009 illis
2588 3954 2961 4020 intercedatis,
2975 3964 3037 4009 ut
3055 3957 3288 4026 benigne
3317 3957 3489 4012 susci-

1901 4050 2019 4121 piat
2044 4064 2140 4104 eos
2158 4064 2258 4117 pro
2280 4054 2467 4101 nostro
2490 4060 2695 4109 amore,
2716 4044 2805 4099 vel
2824 4045 2996 4114 magis
3016 4060 3115 4114 pro
3133 4046 3336 4100 Christi
3358 4046 3488 4100 cha-

1904 4141 2085 4207 ritate,
2122 4139 2215 4210 qui
2239 4136 2377 4192 dixit
2407 4155 2421 4190 :
2454 4135 2734 4201 Dimittite,
2757 4143 2808 4189 et
2832 4134 3125 4189 dimittetur
3162 4134 3303 4188 vobis
3331 4133 3483 4206 (Luc.

1902 4250 1981 4300 vi,
2003 4232 2117 4306 '57).
2134 4228 2571 4288 lntercedentenr
2582 4243 2683 4300 pro
2700 4227 2861 4284 nobis
2874 4233 3113 4282 vestram
3140 4227 3488 4283 sanctitatem

1905 4328 2086 4385 divina
2117 4326 2290 4385 uictas
2321 4323 2652 4380 incolumem
2680 4322 2950 4378 custodiat
2976 4322 3033 4377 in
3059 4329 3345 4377 atomum.

2621 4458 2965 4529 potissimum
2990 4458 3256 4524 observat,
3299 4474 3487 4529 unum,

1903 4530 1990 4596 εί
2003 4546 2238 4608 quatuor
2275 4532 2438 4602 huius
2458 4530 2591 4608 libri
2621 4530 3037 4608 exemplaribus,
3065 4545 3187 4601 qua:
3216 4531 3273 4608 in
3295 4546 3490 4589 manus

1901 4602 2072 4680 ipsius
2096 4612 2375 4680 venerant,
2402 4604 2507 4680 tria
2530 4617 2651 4658 esse
2672 4602 2881 4680 quoad
2903 4602 3154 4680 Magnum
3176 4605 3488 4680 episcopum

1900 4673 2129 4737 missum
2154 4678 2383 4733 doceant
2419 4674 2636 4738 librum,
2679 4673 3035 4742 Virdnnense,
3077 4673 3400 4731 Divienensc
3436 4684 3492 4732 et

1902 4752 2221 4809 Vaticanum
2248 4766 2261 4801 :
2290 4755 2346 4802 at
2367 4754 2621 4817 quartum
2646 4744 2972 4801 Ccrbeiesse
2996 4761 3096 4817 pro
3122 4746 3317 4815 Magno
3335 4746 3492 4802 Joan-

1902 4838 2028 4879 nem
2049 4822 2271 4885 habere,
2295 4819 2390 4873 sed
2416 4818 2688 4882 mendose,
2718 4818 2796 4873 uti
2820 4819 3089 4887 opinatur.
3122 4818 3321 4872 Verum
3355 4833 3492 4886 pace

1902 4892 2093 4963 optimi
2115 4891 2218 4963 viri
2240 4889 2494 4963 existimo
2521 4888 3178 4963 nullumessemendum.
3208 4887 3343 4943 Nam
3366 4905 3491 4963 cum

1902 4957 2129 5034 epistola
2159 4961 2336 5017 Caroli
2363 4957 2631 5034 universis
2655 4960 2845 5034 Gallias
2871 4958 3138 5034 episcopis
3173 4961 3487 5034 transmissa

1904 5028 2084 5099 ﬁerit,
2111 5049 2220 5089 non
2253 5033 2455 5086 mirum
2493 5033 2540 5086 si
2576 5047 2644 5086 ex
2666 5033 2835 5101 variis
2859 5030 2981 5101 ejus
3004 5028 3286 5101 exemplis,
3322 5046 3492 5087 unum

1904 5098 2099 5175 Magno
2129 5103 2447 5163 Senonensi,
2489 5103 2719 5175 alterum
2747 5098 2940 5157 Joauni
2964 5098 3270 5175 Arelatensi
3309 5103 3491 5159 archi-

1905 5172 2173 5249 cp'scopis
2191 5175 2450 5249 inscripta
2474 5174 2602 5249 sint.
2622 5172 2864 5249 Alterum
2893 5178 2992 5234 est,
3020 5172 3216 5249 librum
3243 5175 3308 5249 de
3325 5189 3492 5249 sacro

1904 5242 2236 5317 Περῑίεῶβώ
2258 5246 2327 5300 ad
2344 5242 2615 5317 Carohun,
2644 5244 2737 5314 qui
2757 5242 2894 5317 liber
2913 5250 3092 5317 exstat
3110 5244 3252 5296 inter
3275 5242 3491 5317 Alcuini

1906 5310 2099 5390 Opera,
2135 5316 2273 5373 falsa
2300 5316 2630 5386 conjectura,
2661 5310 2807 5383 quod
2832 5311 2988 5364 titulo
3018 5310 3492 5390 carere_t,Al_cui_no

1905 5380 2201 5458 ascriptum
2247 5380 2435 5449 fuisse,
2482 5402 2605 5440 cum
2631 5380 2820 5458 auctor
2856 5394 3045 5458 revera
3084 5381 3156 5458 sit
3185 5380 3492 5458 Amalarius

1906 5451 2191 5534 episcopus
2228 5459 2569 5534 Trevirensis
2586 5496 2626 5534 ,__
2655 5453 2845 5534 inquit
2871 5453 3212 5534 Sil-mundus,
3250 5451 3492 5534 qu‘odex

1905 5520 2412 5592 codice-Petaviano
2438 5542 2495 5580 se
2520 5520 2772 5580 didicisse
2797 5525 2893 5579 ait.
2921 5524 3081 5578 Ccrtc
3105 5537 3225 5591 qua:
3251 5520 3352 5574 sub
3374 5522 3493 5592 ejus

1906 5608 2029 5664 libri
2068 5604 2229 5660 ﬁnem
2273 5604 2539 5668 leguntur,
2592 5598 2842 5667 episcopo
2882 5603 3051 5665 recte,
3090 5608 3199 5651 non
3227 5604 3359 5648 vero
3391 5598 3491 5652 Al-

1908 5680 2090 5745 cuino,
2115 5672 2461 5735 conveniunt.
