4026 6156
1666 116 1667 119 ‘
1696 120 1782 138 ..μω
1812 123 1818 129 ο
1842 118 1865 135 ’γι

563 240 669 305 πε

1060 360 1089 390 ι
1103 339 1437 402 EPISTOLA
1462 338 1651 395 XXIV.

814 460 882 500 AD
919 454 1201 498 FULRADUI
1238 450 1486 492 ABBATEM
1522 442 1893 488 ALTAﬂENSEII.

1434 225 1500 281 B.
1536 218 1788 280 cauom
1825 213 2226 291 memora
2265 212 2448 285 rans
2480 213 2548 271 u.
2588 212 2831 272 sacrm
2868 213 2910 269 ι.

2157 331 2230 395 ⁸Δ
2252 333 2309 382 et
2330 327 2612 397 pharetras
2636 321 3021 403 cumisagittis,
3050 327 3106 378 et
3138 322 3197 378 in
3232 319 3405 378 carris
3443 319 3648 378 vestris
3679 328 3861 381 utan-

2248 416 2370 473 silia
2410 415 2607 470 diversi
2648 414 2882 485 generis,
2912 413 2968 468 id
2995 419 3095 480 est,
3122 410 3402 475 cuniadas,
3428 418 3487 464 et
3513 408 3859 482 dolaturias,

580 537 659 592 tu;
687 535 931 608 pragcipir
954 541 1016 608 ui
1050 546 1167 608 gum
1198 526 1496 608 ﬂaminibus
1532 523 1656 577 bene
1692 520 1913 608 armatis
1940 519 1999 573 in
2029 497 2142 572 ιοόο
2245 514 2504 608 taratros,
2531 506 2725 571 ascias,
2765 502 3041 569 fossorios,
3082 502 3233 574 palas
3268 499 3499 602 ferreas,
3545 509 3622 608 ei"
3645 509 3864 561 cetera

842 595 932 672 qui
962 601 1156 655 dicitur
1189 595 1489 665 Starasfurt
1523 598 1845 663 compareat.

925 699 1021 763 (Ex
1044 699 1230 761 Mirm,
1254 696 1418 760 Opera
1443 692 1788 758 diplomatica.)

638 787 879 852 Carolus,
906 782 1285 840 serenissimus
1304 779 1599 850 Augustus,
1629 792 1663 830 a
1690 776 1801 831 Deo
1830 768 2144 840 coronatus,

569 894 810 950 magnus,
825 875 1104 948 paciﬁcus,
1117 874 1432 942 imperator,
1447 869 1709 950 quietper
1720 864 2148 921 misericordiam

570 945 773 1026 Deivrex
783 945 1119 1024 Francorum
1131 972 1187 1019 et
1196 945 1671 1031 Langobardorum
1679 957 1929 1025 ,Fulrado
1940 956 2143 1012 abbati.

614 1059 839 1117 .Notum
884 1057 957 1114 sit
994 1056 1094 1111 tibi
1137 1053 1263 1124 quia
1301 1052 1558 1132 placitum
1603 1056 1849 1105 nostrum
1898 1046 2151 1117 generale

571 1166 712 1209 anno
752 1147 1007 1221 praesenti
1041 1145 1350 1202 condictum
1384 1143 1647 1197 habemus
1685 1140 1824 1195 infra
1857 1136 2152 1194 Saxoniam

573 1244 630 1298 in
663 1228 910 1298 orientali
938 1245 1095 1308 parte
1125 1249 1286 1304 super
1310 1232 1533 1288 ﬂuvium
1566 1231 1707 1286 Rota
1733 1231 1787 1284 in
1816 1229 1935 1285 loco
1961 1229 2054 1299 qui
2073 1228 2154 1283 di-

573 1334 715 1390 citur
741 1327 1069 1387 Starasfurt.
1093 1325 1433 1396 Quapropter
1460 1323 1804 1393 praecipimus
1826 1321 1921 1376 tibi
1949 1328 2009 1375 ut
2035 1319 2151 1390 ple-

574 1423 718 1479 niter
749 1435 874 1476 cum
902 1417 1213 1475 hominibus
1239 1417 1377 1470 bene
1402 1413 1627 1468 armatis
1655 1427 1720 1467 ac
1745 1410 2061 1481 praeparatis
2083 1408 2152 1464 ad

573 1500 890 1582 praedictum
931 1508 1111 1562 locum
1142 1504 1328 1560 venire
1365 1502 1563 1557 debeas
1602 1516 1682 1555 xu
1721 1497 1978 1553 Kal..Jul.
2008 1496 2155 1567 quod

575 1612 659 1658 est
690 1609 896 1672 septem
922 1598 1112 1654 diebus
1152 1602 1279 1651 ante
1315 1596 1538 1649 missam
1580 1592 1756 1649 sancti
1788 1588 2010 1646 Joannis
2050 1588 2153 1643 Ba-

2246 597 2521 664 utensilia,
2549 612 2670 667 quae
2698 596 2756 651 in
2791 596 3004 653 hostem
3043 601 3171 661 sunt
3213 590 3543 647 necessaria.
3575 590 3863 654 Utensilia

2251 702 2380 747 vero
2404 690 2651 745 ciborum
2672 687 2730 742 in
2754 685 2931 743 carris
2951 685 3020 741 de
3047 684 3141 739 illo
3161 682 3379 754 placito,
3409 689 3470 736 in
3506 680 3760 739 futurum
3785 686 3864 740 ad

2249 789 2362 837 tres
2379 794 2613 845 menses,
2642 793 2794 835 arma
2809 784 2865 833 et
2884 776 3209 833 vestimenta
3225 774 3292 829 ad
3309 772 3593 843 dimidium
3619 788 3856 835 annum.
3880 846 3883 847 ν

2250 871 2319 928 Et
2340 872 2445 928 hoc
2470 871 2703 926 omnino
2729 867 3075 941 praacipimus
3102 873 3164 921 ut
3205 866 3498 921 observare
3524 862 3760 930 faciatis,
3790 853 3881 920 ιη’

2254 980 2380 1021 cum
2406 965 2550 1020 bona
2594 976 2729 1033 pace
2775 960 3016 1032 pergatis
3053 958 3122 1013 ad
3154 957 3334 1017 locum
3373 956 3718 1027 pratdictum.
3751 973 3862 1027 per

2253 1069 2631 1127 quamcunque
2659 1061 2871 1125 partem
2894 1050 3049 1123 regni
3081 1050 3255 1105 nostri
3291 1048 3503 1104 itineris
3531 1050 3704 1104 vestri
3730 1064 3861 1105 rec-

2253 1148 2426 1205 titudo
2447 1162 2545 1203 vos
2570 1146 2651 1201 ire
2677 1144 2885 1209 fecerit,
2916 1144 3028 1209 hoc
3051 1132 3157 1207 est,
3196 1146 3258 1195 ut
3293 1148 3498 1211 przeter
3535 1141 3767 1197 herbam
3799 1150 3861 1197 et

2254 1238 2400 1310 ligna
2428 1245 2485 1293 et
2509 1251 2708 1307 aquam
2749 1234 2884 1291 nihil
2909 1233 2975 1290 de
3005 1231 3216 1289 caeteris
3251 1232 3417 1286 rebus
3452 1238 3674 1303 tangere
3704 1247 3862 1301 pra-9.

2256 1321 2505 1395 sumalis,
2542 1336 2598 1384 et
2645 1324 3067 1394 uniuscujusque
3100 1322 3272 1377 vestri
3310 1322 3563 1378 homines
3587 1337 3693 1376 una
3716 1337 3853 1377 cum

2257 1422 2428 1478 carris
2456 1427 2509 1475 et
2529 1418 2834 1476 caballariis
2861 1417 2975 1473 suis
2997 1410 3223 1479 vada'nt,
3254 1420 3310 1468 et
3349 1427 3561 1482 semper
3602 1428 3727 1468 cum
3768 1411 3856 1466 eis

2257 1511 2369 1567 sint
2395 1524 2567 1580 usque
2588 1510 2658 1565 ad
2684 1509 2864 1564 locum
2893 1505 3237 1577 praedictum,
3279 1503 3505 1573 qualiter
3530 1498 3858 1573 [quatenus]

2258 1603 2505 1657 absentia
2531 1599 2745 1656 Domini
2771 1598 2950 1653 locum
2975 1613 3083 1663 non
3113 1597 3204 1652 det
3234 1594 3534 1652 nominibus
3557 1592 3675 1662 ejus
3697 1593 3855 1646 mala

572 1696 770 1767 Ριίειίε·
800 1693 880 1748 lla
906 1706 1036 1746 νθτο
1071 1695 1407 1760 Praeparat“
1440 1700 1562 1741 cum
1598 1683 1911 1740 hominibus
1938 1681 2048 1736 ῐυίε
2087 1680 2155 1736 ad
2182 1709 2232 1772 Β
2259 1691 2513 1749 faciendi.
2550 1691 2697 1746 Bona
2722 1704 2852 1745 vero
2894 1697 3006 1755 tua,
3052 1703 3172 1756 qua:
3203 1686 3271 1741 ad
3312 1685 3565 1756 placitum
3592 1691 3854 1737 nostrum

573 1785 890 1855 praedictum
936 1781 1115 1837 locum
1160 1779 1362 1844 venies,
1410 1784 1471 1833 ut
1515 1778 1658 1843 inde,
1697 1776 1751 1831 in
1780 1789 2158 1846 quamcunque

574 1882 787 1946 partem
817 1879 997 1928 nostra
1032 1869 1197 1927 fuerit
1215 1868 1408 1939 jussio,
1430 1866 1797 1923 exercitaliter
1837 1866 1919 1921 ire
1958 1866 2156 1937 possis,

577 1966 633 2021 id
653 1972 755 2031 est,
783 1978 908 2019 cum
930 1962 1098 2018 armis
1131 1969 1295 2029 atque
1325 1948 1663 2023 utensilibus,
1699 1972 1800 2013 nec
1833 1972 1941 2012 non
1970 1964 2024 2011 et
2051 1969 2157 2010 cae-

578 2066 696 2112 tero
730 2057 1091 2111 instrumento
1114 2050 1330 2116 bellico,
1360 2050 1417 2103 in
1449 2048 1774 2104 victualibus
1793 2054 1848 2101 et
1868 2045 2160 2101 vestimen—

581 2149 650 2204 tis
674 2188 689 2214 ,
738 2149 813 2201 ita
858 2153 921 2200 ut
988 2143 1358 2213 unusquisque
1429 2141 1749 2197 cabellarius
1805 2139 2001 2195 habeat
2042 2128 2164 2190 scu-

582 2245 696 2295 tum
726 2246 781 2295 et
804 2237 1044 2292 lanceam
1079 2244 1133 2292 et
1161 2234 1411 2305 spatham
1446 2241 1502 2288 et
1542 2232 1943 2307 semispatham,
1977 2241 2164 2281 arcum

2261 1779 2419 1836 nobis
2443 1782 2775 1848 prtescntare
2795 1777 2978 1841 debes,
3000 1778 3157 1831 nobis
3176 1789 3365 1829 mense
3377 1772 3515 1828 Maio
3538 1771 3853 1827 transmitte

2264 1870 2334 1925 ad
2357 1869 2537 1925 locum
2573 1867 2880 1936 ubicunque
2916 1875 3047 1921 tunc
3088 1864 3354 1919 fuerimus
3383 1878 3399 1917 :
3433 1863 3480 1918 si
3512 1861 3852 1917 forterccti-

2264 1958 2396 2014 tudo
2429 1958 2642 2014 itineris
2668 1957 2745 2011 tui
2776 1958 2851 2011 ita
2889 1970 2947 2011 se
2969 1963 3265 2024 comparet,
3300 1962 3361 2008 ut
3381 1953 3539 2009 nobis
3575 1966 3676 2022 per
3699 1958 3755 2004 te
3776 1950 3863 2017 ip-

2264 2065 2386 2106 sum
2441 2051 2497 2104 in
2543 2048 2876 2120 profectione
2926 2054 3019 2101 tua
3059 2060 3119 2100 ea
3160 2056 3494 2114 prtesentare
3523 2043 3726 2112 possis,
3756 2042 3866 2096 hoc

2264 2140 2440 2211 magis
2460 2146 2729 2210 optamus.
2769 2137 2904 2192 Vide
2929 2134 2995 2188 'ut
3022 2135 3224 2189 nullam
3250 2131 3869 2201 negligentiamexindc

2265 2230 2489 2293 habeas,
2525 2227 2791 2295 siquidem
2814 2225 3044 2295 gratiam
3069 2229 3313 2276 nostram
3336 2220 3472 2276 velis
3496 2221 3720 2275 habere.

655 2386 682 2414 α
704 2372 882 2449 Hanc_
904 2369 1703 2449 epistoiamediditBei-nardus
1719 2367 1918 2449 Delius
1960 2374 2096 2421 tom.
2147 2364 2194 2421 ν
2226 2361 2427 2419 Anecd.
2492 2368 2643 2437 part.
2670 2376 2708 2425 ι,
2734 2371 2860 2449 pag.
2904 2355 2993 2423 75,
3040 2369 3110 2410 ex
3157 2354 3347 2410 codice
3390 2353 3677 2410 Altahensi
3719 2354 3863 2411 cura

504 2472 512 2479 ε
589 2440 886 2527 Hermanni
914 2439 1123 2499 abbatis
1166 2441 1311 2498 circa
1337 2456 1426 2497 an.
1461 2439 1599 2494 1260
1625 2439 1846 2509 scripto.

590 2574 3863 2608 MM

1072 2691 1777 2774 APPENDIX'AD
1830 2684 2396 2769 EPISTOLAS
2454 2685 2541 2762 B.
2599 2680 2970 2761 CABOLI
3031 2681 3443 2774 MAGNI,‘

1944 2836 2458 2864 _———_

1359 2930 1403 2984 Ι.
1536 2972 1541 2975 .

978 3041 1072 3097 AD
1106 3036 1440 3095 CAROLUM
1476 3033 1773 3092 MAGNUM

856 3169 1139 3212 ODILBERTI
1176 3166 1573 3210 ABCBIEPISCOPI
1612 3164 1913 3206 BESPONSIO.

1026 3244 1121 3306 [Ex
1143 3243 1323 3294 hiabill.
1354 3243 1470 3293 γει.
1495 3241 1745 3303 Analect.)

663 3333 889 3389 Domino
923 3328 1383 3384 Christianissimo
1427 3333 1481 3380 et
1516 3341 1549 3379 a
1581 3327 1693 3382 Deo
1730 3332 2048 3381 conservato
2072 3325 2174 3381 Ca-

593 3403 732 3468 rolo,
759 3399 1112 3456 invictissime
1131 3405 1291 3468 atque
1309 3396 1557 3466 piissimo
1578 3396 1910 3468 imperatori,
1928 3396 2176 3468 _(_)dilber-

594 3480 684 3528 tus
709 3465 897 3526 servus
925 3465 1218 3525 servorum
1235 3467 1350 3531 Dei,
1381 3474 1581 3520 sancta:
1605 3473 1801 3519 vestrae
1825 3465 2175 3518 Mediolanen—

594 3542 672 3597 sis
700 3541 957 3595 Ecclesia:
985 3536 1422 3603 archiepiscopus
1460 3541 1514 3587 et
1539 3542 1723 3588 orator
1751 3541 1946 3595 vester,
1987 3546 2175 3598 peren-

597 3625 721 3663 nem
748 3610 802 3660 in
829 3607 1047 3662 Christo
1073 3604 1300 3655 Domino
1325 3603 1572 3655 salutem.
1848 3606 1855 3611 ‘

666 3676 836 3742 Igitur
858 3679 1135 3742 immensae
1160 3670 1540 3742 omnipotentis
1565 3669 1660 3722 Dei
1684 3671 1856 3742 nostri
1879 3671 2179 3742 misericor-

600 3738 718 3800 ὥθ’
758 3743 874 3796 sine
917 3738 1320 3795 intermissione
1360 3738 1609 3809 omnibus
1660 3739 1814 3809 nobis
1861 3741 2179 3809 peragendae

599 3820 727 3871 sunt
741 3811 946 3883 gratiae,
967 3823 1193 3883 quaa‘vos
1207 3809 1263 3883 in
1274 3815 1386 3883 tam
1401 3808 1841 3883 sublimissimam
1862 3808 2180 3883 dignitatem

600 3878 888 3961 collocavit
910 3878 1125 3961 imperii
1153 3895 1166 3930 :
1198 3878 1463 3961 simulque
1484 3878 2031 3961 provolutis‘genibus
2072 3894 2182 3961 oin-

599 3969 700 4010 nes
737 3951 979 4023 ejusdem
1013 3948 1389 4023 Bedemptoris
1436 3948 1608 4003 nostri
1639 3948 2022 4023 supplicamus
2070 3951 2181 4006 cle-

599 4018 877 4088 mentiam,
902 4028 964 4077 ut
984 4019 1152 4075 vitam
1184 4027 1419 4074 vestram
1447 4026 1608 4088 atque
1636 4018 2062 4090 incolumitatem
2084 4036 2181 4090 per

601 4095 895 4151 multorum
924 4104 1187 4147 annorum
1213 4090 1481 4161 curricula
1510 4091 1578 4145 ad
1608 4088 1907 4161 profectum
1942 4088 2181 4148 omnium

602 4165 951 4221 ecclesiarum
978 4161 1094 4227 Dei,
1119 4161 1234 4216 sive
1262 4167 1317 4215 et
1349 4159 1584 4230 ﬁdelium
1615 4160 1936 4230 populorum
1966 4164 2118 4219 vobis
2149 4178 2183 4217 a

603 4235 714 4290 Deo
730 4222 1139 4301 commissorum
1161 4245 1480 4286 conservare
1494 4222 1761 4299 dignetur,
1786 4234 1912 4301 quia
1934 4234 1987 4286 in
2002 4243 2183 4289 vestra

2192 2927 2221 2955 =“
2280 2924 2364 2979 vel
2411 2929 2607 2978 caetera
2658 2935 2778 2990 qua:
2814 2928 3145 2991 sequuntur,
3173 2920 3421 2976 exhibuit
3444 2920 3545 2976 sibi
3571 2904 3862 2991 gloriosam

2199 2997 2248 3061 ο
2276 2993 2573 3048 Ecclesiam
2606 3005 2713 3045 non
2741 2990 3027 3061 habentem
3049 2991 3315 3044 maculam
3340 2998 3435 3045 aut
3458 3005 3675 3059 rugam:
3705 2991 3860 3058 cujus

2274 3062 2499 3117 abluens
2523 3130 2529 3131 γ
2557 3060 2762 3131 peccati
2809 3059 3139 3131 contagium,
3166 3061 3405 3127 pretioso
3452 3063 3713 3131 sanguine
3759 3076 3859 3115 suo

2271 3130 2626 3198 redemptioni
2640 3135 2838 3183 nostra:
2860 3128 3106 3200 tribuens
3128 3137 3485 3195 sacramenta,
3508 3128 3862 3200 et‘peraetum

2270 3197 2589 3271 mysterium
2604 3206 2727 3271 post
2748 3197 3120 3271 ascensionem
3140 3214 3433 3271 suam,-qua
3452 3202 3520 3254 ad
3534 3197 3759 3271 Patrem,
3776 3215 3863 3271 as:

2273 3266 2475 3340 cendit‘,
2491 3266 2783 3340 apostolica
2805 3266 3093 3340 traditione
3109 3283 3213 3340 nos
3235 3266 3541 3335 confirmat,
3558 3286 3722 3340 quam
3734 3270 3859 3324 ﬁdei

2272 3335 2941 3410 integritatem__universis
2977 3338 3227 3410 gentibus
3273 3341 3499 3408 apostoli
3528 3335 3859 3410 praedicave-

2274 3416 2418 3471 runt,
2454 3415 2513 3460 ut
2536 3406 2698 3459 nullis
2725 3413 3008 3478 ventorum
3032 3406 3247 3478 flatibus
3270 3406 3325 3463 et
3352 3406 3550 3465 ictibus
3574 3411 3863 3478 adversati:-

2274 3478 2412 3532 tium
2438 3483 2830 3549 conquassetur
2843 3476 3084 3530 Ecclesia
3105 3477 3326 3549 Christi,
3346 3481 3440 3534 sed
3466 3481 3519 3533 in
3546 3474 3675 3535 vero
3703 3474 3864 3549 atque

2273 3553 2535 3620 perpetuo
2560 3545 2871 3620 fundamine
2903 3548 3269 3620 permanendo
3293 3551 3637 3620 constabilita
3664 3545 3865 3620 persis-

2276 3616 2498 3690 tat._§ic
2523 3623 2578 3690 et
2600 3631 2700 3671 nos
2723 3616 3027 3690 confirmati
3065 3626 3376 3673 sanctorum
3433 3616 3684 3675 Patrum’
3706 3619 3863 3690 spiri-

2277 3687 2514 3768 tuaiibus
2531 3686 2925 3768 instrumentis
2934 3727 2964 3768 _,_
3006 3696 3062 3768 et
3097 3686 3865 3768 girroboraiininviolata'iide

2277 3764 2335 3810 et
2377 3756 2600 3829 illibata,
2635 3757 2701 3810 de
2742 3756 3064 3829 credulitate
3102 3758 3280 3813 Patris
3303 3767 3359 3812 et
3383 3759 3505 3813 Filii
3539 3770 3595 3814 et
3632 3759 3864 3829 Spiritus

2280 3827 2456 3898 sancti
2496 3834 2700 3898 rectam
2733 3826 2893 3898 fidem
2924 3827 3193 3882 credimus
3217 3835 3381 3898 atque
3404 3826 3673 3885 tenemus.

2353 3895 2460 3951 Sed
2508 3895 2637 3969 quid
2693 3896 2942 3969 religioso
2976 3899 3249 3969 convenit
3293 3895 3551 3969 principi,
3599 3910 3662 3954 ut
3704 3914 3864 3969 super

2280 3980 2477 4047 omnes
2482 3966 2682 4047 polleat
2701 3967 2975 4047 adversos,
2995 3967 3103 4047 pisi
3127 3966 3200 4047 de_
3218 3966 3376 4047 bonis
3388 3970 3461 4024 sit
3476 3966 3700 4047 semper
3721 3966 3870 4047 solli-

2283 4037 2425 4091 citus
2463 4035 2693 4108 libenter
2728 4037 3017 4108 operibus?
3060 4037 3202 4105 quod
3238 4046 3420 4093 vestra
3450 4035 3656 4094 sincera
3695 4039 3872 4108 pietas

2283 4121 2495 4191 sumine
2512 4106 2853 4191 amplectitur
2875 4107 3069 4173 studio,
3089 4115 3151 4160 ut
3176 4122 3351 4191 neque
3376 4110 3430 4163 in
3453 4106 3872 4191 qualibet’parte

2284 4176 2527 4245 Ecclesia
2570 4176 2665 4229 Dei
2706 4176 2989 4247 vulnerum
3038 4176 3279 4233 maculis“
3320 4176 3551 4247 torpeat,
3592 4187 3686 4234 aut
3717 4176 3773 4233 in
3804 4192 3870 4233 ea

2286 4247 2466 4302 sanies
2501 4246 2817 4319 ignorantiae
2841 4247 3137 4319 crescendo
3171 4246 3439 4319 ebulliat”:
3468 4251 3567 4319 sed
3588 4248 3733 4319 quod
3757 4263 3868 4319 may

603 4300 1646 4393 Et“ﬂ‘l‘!!iii§f..ii‘.‘t‘ﬁ{‘lﬂlsifff
1661 4300 1980 4393 -STPL‘.‘_'_'£'._
1994 4305 2183 4393 siesse
2208 4331 2264 4393 ι)
2286 4300 2375 4387 ss
2389 4300 2600 4393 ίγέειῖίε
2640 4300 2980 4393 felicissimis“
3008 4300 3733 4393 ξειὶίῑξοιῖίῐίιῖέπέτῖίόιῖιῖπῖ
3757 4300 3871 4373 Ri

607 4370 982 4442 cognoscimus
992 4376 1153 4442 atque
1165 4376 1429 4442 tenemus,
1445 4370 1537 4442 qui
1554 4383 1649 4423 vos
1660 4370 2073 4427 sollicitudinem
2088 4376 2183 4429 ha-

605 4436 799 4499 bentes
831 4436 1142 4510 orthodon
1183 4436 1309 4510 iidei
1332 4436 1505 4510 magis
1533 4452 1643 4505 prae
1676 4443 1885 4496 caeteris
1910 4443 2178 4510 omnibus,

609 4512 703 4580 qui
754 4516 886 4580 ante
930 4522 1027 4563 vos
1073 4505 1365 4580 Christiani
1419 4508 1770 4580 imperatores
1818 4511 1873 4565 in
1931 4505 2183 4572 universo

609 4575 812 4635 mundo
853 4576 1079 4648 fuerunt
1137 4575 1418 4648 devotione
1476 4579 1674 4648 quique
1722 4586 1777 4634 et
1832 4582 2011 4639 divino
2068 4585 2184 4642 zelo

612 4647 896 4724 commoti,
930 4646 984 4701 id
1015 4652 1099 4724 est
1136 4644 1552 4724 genstantin_us,
1586 4644 1936 4724 ’Theodosius
1981 4654 2180 4724 Major,

613 4717 931 4787 Martianus,
953 4723 1009 4771 et
1029 4713 1382 4771 Justinianus.
1416 4717 1483 4772 Hi
1509 4734 1715 4787 omnes,
1740 4730 1800 4777 ut
1820 4713 2182 4780 Christianum

612 4787 867 4870 populum
888 4786 956 4842 ab
980 4786 1125 4870 omni
1153 4787 1352 4869 erroris
1384 4790 1592 4870 macula
1622 4791 1910 4870 liberarent
1931 4796 2187 4870 divinitus

612 4856 880 4928 inspirati,
913 4872 1034 4930 quae
1077 4856 1288 4930 Domini
1336 4860 1642 4917 sacerdotes
1686 4864 2050 4930 difﬁniebant,
2098 4865 2188 4917 illa

615 4927 825 4986 tantum
856 4927 1169 5010 principalis
1206 4931 1902 5010 auctoritas-confirmabat:
1950 4927 2190 4999 Quorum

615 4999 1027 5082 yos‘meritiset
1049 4999 1275 5054 scientia
1305 5002 1691 5082 praecellentes,
1736 5004 1905 5057 David
1944 5011 2191 5082 sanctum

617 5071 908 5140 imitantes,
933 5070 1113 5140 quise
1136 5086 1234 5139 pro
1257 5073 1439 5140 populi
1465 5073 1636 5126 salute
1670 5074 1724 5125 in
1750 5079 1878 5140 typo
1905 5074 2076 5127 nostri
2101 5088 2194 5126 ex-

617 5137 1227 5219 ltibuit__Redemptoris,
1258 5137 1429 5219 :cujus
1452 5157 1548 5195 vos
1587 5137 1840 5196 strenuus
1881 5142 2056 5219 cultor
2083 5154 2195 5219 pro

619 5208 935 5267 credulitate
961 5218 1119 5265 rectae
1156 5210 1281 5265 ﬁdei
1323 5208 1500 5263 divino
1532 5224 1714 5263 amore
1748 5213 1958 5265 accensi
1986 5213 2051 5267 de
2083 5208 2192 5267 Do-

619 5282 768 5353 mino
790 5286 975 5335 nostro
999 5278 1127 5333 Jesu
1151 5279 1365 5353 Christo
1396 5278 1492 5353 D_ei
1523 5278 1907 5353 omnipotentis
1936 5281 2073 5338 Filio
2097 5298 2193 5353 per

622 5351 802 5423 omnia
830 5358 885 5404 et
910 5364 1069 5423 super
1107 5348 1332 5423 omnia,
1351 5347 1443 5417 qui
1471 5362 1594 5402 cum
1626 5347 1696 5423 sit
1734 5350 1984 5423 splendor
2011 5347 2195 5423 gloriae

624 5427 679 5473 et
726 5420 901 5487 imago
947 5416 1258 5489 substantiae
1287 5416 1403 5487 ejus
1450 5426 1505 5471 et
1550 5416 1929 5489 candor’lucis
1956 5416 2191 5489 aat'ernze,

625 5496 845 5566 propter
883 5488 1103 5566 nimiam
1149 5488 1467 5566 charitatem
1495 5505 1600 5559 qua
1623 5487 1810 5566 dilexit
1856 5508 1975 5561 nos,
2000 5487 2195 5566 semet?

628 5557 803 5640 ipsum
828 5557 1140 5633 exinanivit,
1178 5568 1230 5615 et
1264 5559 1419 5632 juxta
1447 5557 1798 5633 apostolicam
1820 5557 2197 5625 austeritatem

2287 4384 2452 4443 corda
2492 4400 2718 4460 accensa
2756 4384 2824 4439 ad
2862 4384 3280 4443 sollicitudinem
3326 4389 3630 4460 evigilando
3666 4404 3790 4447 vera
3816 4396 3873 4460 et

2286 4465 2456 4529 recta
2476 4455 2731 4529 custodia
2756 4465 3121 4525 perseverent,
3162 4467 3217 4512 et
3252 4474 3348 4514 vos
3383 4455 3483 4529 pro
3524 4460 3663 4514 tanti
3708 4459 3871 4529 vestri

2289 4526 2492 4597 laboris
2513 4527 2808 4597 certamine
2831 4535 3034 4582 aeterna
3061 4529 3284 4597 praemia
3312 4545 3346 4589 a
3367 4526 3595 4585 Domino
3615 4528 3870 4594 consequi

2290 4596 2535 4651 valeatis.
2569 4596 2675 4651 Sed
2704 4612 2773 4651 ne
2808 4597 3042 4666 aliquem
3069 4607 3316 4653 nostrum
3349 4600 3729 4660 existimemus,
3773 4597 3865 4666 qui

2289 4667 2470 4722 verbis
2492 4665 2668 4739 eloqui
2690 4674 2850 4739 atque
2871 4665 3197 4739 cogitatione
3220 4684 3411 4739 capere
3430 4667 3615 4739 possit,
3634 4673 3694 4718 ut
3714 4665 3867 4733 putet

2293 4751 2352 4790 se
2381 4736 2562 4817 omnia
2593 4735 2849 4817 mysteria
2879 4735 3119 4817 coelestia
3150 4735 3356 4817 liquido
3379 4735 3760 4816 comprehensa
3790 4741 3872 4789 te-

2287 4820 2447 4876 nere.
2488 4804 2854 4876 Suscipientes
2900 4821 3019 4876 nos
3048 4804 3231 4876 itaque
3274 4804 3558 4876 epistolam
3606 4820 3639 4859 a
3677 4804 3871 4876 pietate

2288 4875 2456 4929 vestri
2486 4874 2696 4943 imperii
2736 4875 2892 4928 nobis
2922 4874 3192 4939 emissam,
3223 4874 3328 4942 qua
3342 4879 3594 4943 perlecta
3616 4874 3870 4943 _redolen-

2291 4943 2425 4996 tiam
2467 4940 2733 5012 sensimus
2770 4944 3004 4997 nectaris
3048 4940 3365 5012 suavissimi
3392 4942 3561 5012 nimio
3604 4940 3869 5012 fragrante

2293 5012 2476 5075 odore,
2502 5011 2844 5080 multimodas
2870 5013 2978 5080 Deo
3001 5018 3188 5080 nostro
3209 5007 3410 5076 gratias
3434 5006 3769 5080 reibrente's,‘
3784 5006 3865 5080 qui

2294 5032 2476 5075 000113,
2502 5032 2844 5065 multimouas
2870 5032 2978 5064 U60
3004 5032 3188 5063 uusu'u
3209 5032 3410 5076 gratius
3434 5032 3757 5080 retexentes,
3818 5032 3865 5067 ω

2294 5080 2352 5134 in
2380 5080 2542 5132 corda
2568 5077 2747 5131 v'estra
2784 5079 3047 5147 inspirare
3083 5075 3330 5147 dignatus
3355 5085 3439 5131 est
3471 5093 3572 5147 pro
3610 5090 3755 5137 statu
3777 5032 3866 5138 lge-

2296 5148 2476 5203 clesiae
2516 5162 2627 5199 sua:
2676 5162 2689 5196 :
2730 5146 2873 5218 quod
2923 5160 2954 5197 a
2994 5145 3277 5198 clementia
3314 5145 3493 5203 vestra
3540 5148 3864 5218 communiti,

2295 5218 2561 5291 rationem
2582 5228 2724 5267 verte
2740 5214 2883 5278 fidei,
2910 5222 2975 5291 c_t_
2988 5227 3211 5283 quaeque
3233 5229 3331 5285 per
3366 5220 3611 5291 ordinem
3636 5214 3865 5291 gerimus

2297 5293 2458 5362 atque
2479 5286 2768 5362 docemus,
2792 5300 2838 5362 a_
2854 5285 3010 5362 nobis
3036 5300 3359 5362 cognoscere
3369 5285 3668 5362 debeatis:
3693 5292 3865 5362 Itaque

2298 5354 2506 5438 ets_i_ad
2541 5354 2596 5437 id
2629 5356 2773 5423 quod
2805 5354 3102 5438 dominatio
3142 5364 3320 5413 vestra
3360 5358 3566 5438 ﬂagitat
3603 5354 3808 5430 plenius
3835 5375 3864 5421 a

2297 5427 2454 5481 nobis
2494 5427 2624 5496 ipsis
2660 5427 2944 5497 nequimus
2966 5440 3237 5503 respousa
3271 5427 3517 5500 proponi,
3547 5427 3759 5500 oportet
3792 5441 3863 5503 ta.

2298 5511 2423 5582 men
2448 5504 2509 5581 ut
2531 5504 2736 5568 quanto
2757 5499 3107 5582 pauperiores
3140 5515 3239 5582 nos
3269 5499 3642 5582 cognoscimus
3677 5516 3790 5557 esse
3815 5502 3862 5581 in

2298 5570 2498 5628 nostris
2532 5570 2803 5642 responsis
2820 5610 2836 5639 ,
2864 5576 3015 5629 tanto
3063 5570 3234 5642 magis
3268 5570 3325 5627 in
3349 5570 3643 5643 Scripturis
3674 5570 3861 5628 sanctis
