4026 6156
620 295 725 353 975

1474 291 1536 347 Β.
1576 290 1825 347 CAROLI
1864 290 2078 348 MAGNI
2115 290 2264 347 OPP.
2305 290 2483 347 PARS
2518 290 2581 346 ll.
2625 290 2866 349 bECTIO
2900 291 2967 348 II.

3772 294 3878 350 9'76

619 402 820 479 phanio
848 400 1175 479 diaconosic
1200 398 1480 479 lequitur_:
1511 419 1531 451 ι
1557 401 1701 455 Dixit
1718 403 1887 479 enim,
1914 402 2203 479 imaginem
2230 404 2282 465 Α
2307 403 2581 479 ipsiusque
2599 404 2809 458 oblatos
2836 401 3124 479 maiestati,
3143 403 3208 456 ab
3230 415 3324 479 eos
3338 400 3537 479 missos
3565 401 3631 457 ad
3651 400 3876 479 ﬂadria-

618 470 717 558 par
736 487 934 558 nomen
950 470 1381 558 signiﬁcationis,
1405 470 1472 524 ad
1499 486 1685 551 prima:
1712 471 1900 558 forma:
1917 470 2199 558 honorem,

620 538 801 607 idest,
833 542 901 596 ad
931 538 1103 597 sancti
1157 538 1396 609 incujus
1440 538 1659 595 nomine
1701 540 2081 609 prtetitulatur,
2118 538 2204 595 ve-

621 614 958 670 nerationem
1004 608 1414 679 possededuci,
1458 610 1603 678 quod
1643 608 1761 665 ﬁeri
1802 625 1980 679 posse,
2037 611 2204 666 nullis

619 682 850 739 rationis
873 677 1087 736 indiciis
1109 677 1448 734 evidentibus
1475 677 1655 749 potest
1683 677 1985 749 approbari.
2026 699 2047 732 ι

692 754 745 807 8.
772 750 961 804 Nonne
989 749 1035 803 is
1059 757 1247 805 auctor
1289 763 1353 803 ea
1406 748 1525 817 quas
1548 748 1679 803 olim
1702 764 1734 802 a
1758 748 1990 804 Nicaanis
2015 757 2070 804 et
2098 749 2207 804 Ro-

620 821 796 876 manis
837 837 856 870 ‹
894 826 1018 873 ante
1051 827 1363 874 sanctorum
1389 818 1648 888 imagines
1681 819 2076 873 concinnantur
2116 820 2203 873 ln-

619 889 872 959 minaria,
899 897 955 941 et
1000 888 1284 959 adolentur
1315 888 1688 959 thymiamata,
1728 889 2053 959 inpalamet
2077 904 2206 943 ver-

618 960 706 1015 bis
731 957 948 1027 quidem
974 957 1337 1013 acerbissimis
1365 957 1703 1012 insectatur?
1747 957 1936 1011 Nonne
1984 959 2051 1013 iis
2102 959 2205 1013 hoc

621 1029 843 1093 nomine
872 1048 890 1078 ι
933 1027 1210 1081 vesaniam
1266 1027 1659 1081 rationabiliter
1709 1027 2142 1082 subsannandam
2178 1046 2197 1079 ι

621 1097 914 1167 exprobrat
930 1096 963 1167 ‘l
984 1096 1191 1167 Nonne,
1208 1110 1376 1167 quem
1418 1095 1657 1163 damnat,
1701 1094 1858 1164 hujus
1904 1099 2206 1152 veneratio-

622 1164 709 1223 nis
734 1167 902 1220 ritum
924 1164 1303 1237 sicgdescribit,
1327 1175 1389 1237 ut
1412 1167 1662 1220 eumdem
1686 1180 1807 1237 esse
1818 1181 1954 1237 ﬁcum
1980 1181 2068 1237 eo
2090 1183 2207 1237 rap-

620 1244 830 1306 pareat,
845 1235 947 1306 qui
976 1235 1044 1289 ab
1072 1234 1395 1306 adversariis
1424 1236 1756 1306 usurpatur?
1789 1236 1923 1289 Nam
1961 1236 2029 1290 de
2067 1234 2204 1290 dua-

620 1303 743 1359 rum
770 1305 1115 1375 pulchrarum
1168 1303 1488 1375 feminarum
1542 1303 1865 1375 imaginibus
1915 1307 2089 1375 verba,
2119 1306 2203 1360 fa-

622 1374 791 1441 ciens,
824 1389 1050 1443 quarum
1072 1389 1177 1427 una
1208 1374 1389 1428 Maria:
1410 1375 1499 1440 sit,
1531 1374 1701 1429 altera
1724 1375 1984 1439 Veneris;
2020 1394 2038 1425 ‹
2074 1374 2201 1440 Ista,

622 1445 817 1514 inquit,
848 1445 939 1512 qui
980 1444 1489 1514 superscriptionem
1535 1443 1652 1514 Dei,
1680 1444 1969 1499 Cenitricis
2012 1444 2196 1511 habet,

620 1512 868 1586 erigitur,
897 1512 1210 1586 honoratur,
1238 1512 1532 1586 osculatur.
1570 1532 1589 1565 ι
1626 1513 1757 1580 Quae
1785 1528 2100 1586 nemohnon
2122 1514 2203 1567 vi-

621 1581 731 1650 det',
767 1583 944 1651 inquit
970 1581 1220 1646 Dallteus,
1249 1581 1436 1636 eadem
1461 1583 1552 1636 illa
1577 1598 1696 1637 esse
1719 1599 1837 1651 quae
1863 1583 2022 1638 hodie
2045 1582 2200 1638 fiunt.

650 1686 657 1692 -
689 1654 744 1709 9.
773 1653 976 1722 Eodem
1007 1651 1242 1722 pertinet
1288 1651 1433 1722 qugd
1477 1652 1575 1722 ille
1609 1653 1799 1707 scribit
1831 1653 1924 1705 lib.
1965 1670 2038 1717 iv,
2079 1669 2198 1722 cap.

618 1723 709 1778 21.
744 1721 930 1805 Refert
953 1719 1098 1803 enim
1123 1735 1189 1775 eo
1209 1720 1330 1776 loco
1353 1719 1414 1774 B.
1445 1721 1718 1803 Virginem
1773 1723 1921 1845 ringi
1965 1719 2199 1791 solitarii,
2233 1746 2282 1808 Β

619 1792 774 1845 aselli
803 1799 1101 1845 gestamine
1120 1798 1352 1845 vectam.
1374 1806 1600 1845 onerum
1648 1808 1704 1845 in
1732 1808 1768 1845 u
1791 1807 1877 1845 nis
1917 1791 2198 1845 ferentem.

619 1792 774 1849 aselli
803 1791 1101 1862 gestamine
1120 1798 1352 1862 vec_tam,
1374 1806 1600 1862 puerum
1648 1792 1704 1846 in
1732 1791 1887 1862 ulnis
1917 1791 2198 1860 ferentem,

619 1859 1043 1933 Joseph'prtevio
1072 1861 1128 1914 in
1172 1859 1469 1931 Egyptum
1514 1861 1951 1933 descendentem.
1976 1863 2091 1933 WEx
2146 1879 2212 1918 ea

620 1930 799 1987 autem
845 1930 1064 2003 pictura
1105 1930 1526 2003 argumentatur
1578 1946 1593 1983 :
1642 1930 1702 1984 Si
1750 1931 1929 2003 imago
1972 1932 2211 2003 Virginis

622 1999 895 2057 adoranda
932 2001 1021 2065 sit,
1055 1999 1383 2054 adorandam
1409 2000 1594 2054 itidem
1621 2015 1739 2055 esse
1764 1999 2055 2055 animantis
2074 1999 2213 2057 ima-

620 2072 822 2150 ginem,
846 2070 988 2150 quod
1031 2069 1179 2150 nullo
1204 2077 1359 2150 pacto
1396 2085 1582 2150 earum
1608 2072 1663 2124 in
1690 2070 1966 2150 adoranda
2000 2071 2211 2150 direm-

619 2139 880 2213 ptioafieri
907 2140 1077 2211 possit
1109 2152 1124 2192 :
1155 2160 1174 2193 ‹
1211 2139 1319 2193 Aut
1351 2139 1633 2213 utriusque
1663 2140 1906 2213 adoratio
1931 2148 2013 2194 est
2061 2155 2211 2209 sper-

622 2209 818 2275 nenda,
847 2209 939 2264 aut
957 2218 1198 2277 utraeque
1227 2219 1353 2263 sunt
1399 2209 1702 2264 adorandae.
1746 2228 1765 2260 ι
1792 2209 1934 2278 Ergo
1959 2225 2080 2263 cum
2105 2212 2210 2265 hoc

621 2282 694 2336 sit
738 2279 1205 2346 absurdissimum,
1235 2279 1367 2349 illud
1393 2280 1700 2349 ponendum
1740 2285 1919 2349 atque
1944 2278 2208 2333 confiten-

623 2352 752 2406 dum
775 2366 893 2405 esse
928 2349 1221 2405 concludit.
1252 2348 1372 2403 Jam
1395 2347 1521 2417 quis
1555 2365 1665 2404 non
1699 2347 1968 2415 intelligit,
2007 2362 2071 2401 ea
2119 2364 2208 2403 ra-

623 2421 972 2476 tiocinatione
1007 2420 1300 2486 quamlibet
1342 2420 1637 2486 imaginum
1695 2417 2083 2482 adorationem,
2109 2434 2207 2472 seu

624 2491 948 2554 absolutam,
981 2504 1074 2542 seu
1110 2489 1410 2553 relativam,
1461 2504 1557 2544 seu
1583 2487 1815 2550 latriam,
1844 2502 1939 2541 seu
1976 2486 2204 2553 duliam,

623 2561 846 2614 omnino
869 2557 1218 2626 funditusque
1241 2558 1501 2625 subverti,
1536 2574 1659 2614 cum
1706 2557 1935 2610 istorum
1963 2557 2205 2611 cultunm

624 2630 827 2694 nullus,
852 2629 1197 2697 quantumvis
1231 2628 1476 2697 exiguus,
1508 2627 1798 2683 animantis
1820 2626 2045 2697 imagini
2070 2642 2205 2682 con-

625 2698 838 2769 veniat?
868 2695 889 2769 i_
914 2695 1057 2769 Cum
1084 2711 1235 2769 ergo,
1264 2695 1457 2766 inquit,
1502 2700 1673 2753 altera
1702 2697 1771 2769 ab
1796 2695 1997 2769 altera,
2020 2697 2205 2769 dirimi

623 2768 742 2824 sine
763 2766 986 2823 dissidio
1012 2766 1262 2835 nequeat,
1291 2777 1347 2823 et
1372 2777 1631 2837 utraeque,
1657 2783 1725 2823 ne
1748 2766 1890 2822 forte
1913 2767 2206 2822 animantis

623 2838 802 2908 imago
831 2838 1100 2903 adoretur,
1117 2838 1329 2893 adorari
1355 2855 1461 2893 non
1484 2840 1734 2903 debeant,
1760 2843 1930 2891 restat
1954 2846 2014 2891 ut
2044 2847 2207 2891 utrae—

623 2923 728 2978 que
766 2908 1095 2978 adorationis
1140 2908 1343 2963 honore
1387 2916 1609 2963 careant
1635 2922 1650 2978 ξ
1676 2915 1733 2961 et
1749 2916 2205 2978 ornamentorum

622 2976 962 3035 solummodo
984 2978 1038 3032 in
1062 2979 1319 3041 basilicis,
1344 2986 1437 3032 aut
1472 2978 1526 3031 in
1548 2977 1879 3045 quibuslth
1912 2976 2048 3031 locis
2084 2977 2205 3031 loca

624 3056 945 3141 teneantuet
974 3049 1358 3118 aspicientibus
1378 3062 1558 3102 rerum
1584 3055 1860 3117 gestarum
1885 3047 2202 3101 memoriam
2232 3077 2281 3141 ο

658 3118 916 3173 rtebeant.
941 3136 960 3168 ο

618 3134 1099 3250 ἲδῃιξᾷξῖετεδ,
1125 3187 1371 3243 Νίοωῐιοε
1387 3186 1577 3242 Patres
1598 3184 1972 3257 imprudentiae
1991 3193 2058 3257 et_
2071 3200 2204 3254 pra:-

622 3256 945 3328 sumptionis
969 3258 1151 3328 arguit
1184 3258 1279 3328 lib.
1312 3273 1394 3328 in,
1427 3273 1546 3326 cap.
1606 3255 1692 3323 ll,
1733 3256 1877 3327 quod
1919 3255 2206 3328 anathema

620 3326 857 3383 dixerint
884 3327 1048 3383 totius
1087 3327 1269 3381 mundi
1316 3327 1592 3393 Ecclesiis,
1624 3335 1910 3395 antequam
1945 3341 1976 3378 a
2022 3326 2206 3395 singu-

619 3398 795 3451 larum
817 3397 1215 3467 provinciarum
1257 3397 1537 3467 Ecclesiis,
1562 3396 2037 3467 missaglegatione,
2070 3395 2206 3467 seri-

621 3463 839 3537 ptisqué
866 3467 1109 3537 epistolis
1138 3466 1399 3537 sciscitati
1425 3474 1625 3537 essent,
1664 3483 1683 3514 ι
1718 3463 1912 3537 Utrum
1939 3463 2203 3537 imagines

623 3532 860 3599 adorari,
892 3532 984 3588 aut
1030 3551 1138 3588 non
1182 3534 1400 3588 adorari
1445 3534 1721 3587 deberent.
1756 3551 1777 3583 ι
1827 3532 1964 3584 Illud
2013 3544 2203 3585 eorum

623 3603 910 3656 anathema
940 3621 959 3651 ι
998 3602 1464 3655 clementissimum
1511 3620 1529 3651 ι
1560 3609 1752 3665 vocat;
1806 3599 2008 3667 aitque,
2040 3617 2058 3650 ι
2092 3599 2203 3654 Το-

623 3669 904 3723 lerabilius
928 3683 1048 3723 esse
1076 3670 1144 3722 ab
1169 3669 1287 3721 istis
1313 3669 1605 3733 exsecrari,
1632 3684 1794 3735 quam
1815 3682 1938 3721 eum
1985 3668 2092 3721 illis
2114 3684 2203 3724 res

621 3739 925 3794 insensatas
950 3747 1138 3792 contra
1166 3736 1469 3806 divinarum
1517 3736 2204 3806 Scripturarumginstituta

622 3807 868 3862 adorare.
901 3825 921 3858 ι
964 3808 1057 3860 llis
1083 3808 1263 3874 itaque
1301 3805 1528 3873 aliisque
1562 3804 1656 3860 dei
1682 3806 1877 3870 causis,
1904 3804 2203 3863 _Nicaanam

622 3876 1074 3948 hanchsynodum
1120 3877 1364 3948 longeret
1389 3876 1530 3948 ultra
1563 3890 1734 3948 quam
1762 3876 1881 3948 adici
1909 3884 2106 3948 potest,
2131 3876 2201 3948 ab

622 3947 716 4003 illa
729 3944 949 4021 distare
972 3947 1048 4021 ait
1082 3944 1360 4021 quas—olim
1395 3944 1666 4021 in_eade_tn
1693 3946 1827 4021 urbe
1869 3954 2057 4021 contra
2084 3946 2201 4021 Arii

618 4016 901 4088 perﬁdiam
924 4014 1115 4088 habita
1134 4014 1310 4070 fuerat
1335 4031 1349 4069 :
1378 4034 1397 4066 ε
1438 4014 1575 4088 Cum
1604 4016 1716 4088 illa,
1771 4016 1964 4084 inquit,
2004 4014 2201 4088 Eccle-

620 4086 758 4142 Siam
781 4087 1101 4142 catholicam
1130 4088 1198 4141 ab
1218 4101 1402 4141 errore
1420 4086 1659 4151 reducat,
1698 4087 1801 4139 ista
1845 4100 1876 4139 e
1926 4087 2201 4141 contrario

620 4157 678 4211 in
707 4171 950 4212 errorem
975 4157 1194 4213 inducat
1218 4174 1233 4223 ;
1264 4156 1357 4211 illa
1386 4170 1418 4210 a
1450 4156 1909 4225 periculosissimo
1927 4154 2043 4209 Arii
2066 4170 2201 4209 nau-

620 4225 795 4297 fragio
819 4227 1219 4297 eam_depellat,
1248 4227 1352 4282 ista
1379 4224 1501 4297 eam
1530 4226 1586 4281 in
1616 4227 2010 4297 adorandarum
2064 4224 2199 4279 ima-

620 4294 804 4418 ginum
828 4294 1162 4366 naufragium
1183 4305 1425 4352 coactam
1447 4296 1685 4365 impellat
1707 4313 1721 4359 ;
1749 4296 1842 4348 illa
1858 4294 2058 4348 Filium
2079 4310 2201 4349 esse

666 4365 770 4418 atri
817 4367 1327 4418 consubstantialem
1379 4374 1435 4418 et
1494 4375 1819 4418 comternum
1889 4364 2193 4418 nerdoceat.

666 4365 770 4418 atri
817 4364 1327 4421 consubstantialem
1379 4374 1435 4420 et
1494 4364 1819 4421 comternum
1889 4364 2193 4431 perdoceat,

2305 471 2435 527 tium
2457 473 2757 544 Romanum
2779 471 3088 542 pontificem
3111 487 3208 543 per
3221 471 3597 544 Angilltertum
3618 473 3883 544 abbatem,

2303 551 2364 597 ut
2391 557 2483 597 eos
2513 541 2810 606 refelleret’;
2839 544 2934 599 sed
2972 559 3081 598 non
3112 541 3200 596 ita
3229 557 3286 596 se
3317 541 3406 596 res
3434 542 3617 595 habet.
3648 541 3883 602 Fuerunt

2302 612 2450 667 enim
2480 612 2535 665 hi
2562 611 2686 666 libri
2716 613 2798 667 vel
2825 628 2856 667 a
2881 612 3074 668 Carolo
3103 612 3293 681 Magno
3318 611 3423 672 vel,
3456 627 3520 665 eo
3545 609 3796 680 jubente,
3823 618 3886 673 ab

2304 682 2430 751 alio,
2462 681 2611 751 regio
2635 681 2751 750 ejus
2779 683 2996 739 nomine
3020 682 3303 751 compositi
3328 696 3392 735 ac
3420 681 3645 751 vulgati.

2373 750 2433 821 id
2475 765 2605 821 vero
2662 753 2920 821 probatur
2982 769 3049 808 ex
3100 750 3266 807 totius
3319 751 3496 821 operis
3526 750 3885 820 praefatione.

2312 837 2332 871 ε
2364 820 2626 891 Quoniam
2645 820 2671 887 ,’
2693 821 2897 890 inquit,
2928 823 2982 877 in
3012 822 3269 877 Ecclesia:
3293 820 3414 875 sinu
3441 822 3595 891 regni
3622 823 3887 891 guberna-

2304 890 2436 961 cula
2474 890 2704 961 Domino
2732 893 3002 947 tribuente
3042 891 3413 961 suscepimus,
3440 890 3669 946 necesse
3707 903 3791 947 est
3832 903 3889 950 ut

2305 959 2361 1013 in
2391 956 2506 1029 ejus
2531 957 2870 1027 defensione,
2898 970 2950 1017 et
2988 962 3057 1017 ob
3085 956 3642 1029 ejus'exaltationem,
3673 961 3889 1020 Christo

2306 1028 2619 1103 auxiliante,
2644 1037 2755 1085 toto
2768 1032 2977 1103 Aannisu
3003 1028 3291 1103 certemus.
3306 1028 3507 1103 i_Mox_:
3531 1048 3550 1080 ‹
3570 1028 3725 1095 Quod
3739 1048 3886 1103 Opus,

2306 1098 2511 1166 inquit,
2544 1101 2782 1168 aggressi
2809 1116 3027 1167 sumus,
3058 1116 3177 1155 cum
3208 1099 3517 1154 cohibentia
3548 1098 3888 1159 sacerdotum

2306 1167 2363 1221 in
2391 1181 2559 1242 regno
2587 1167 2628 1221 a7
2647 1168 2757 1224 Deo
2801 1171 2956 1225 nobis
2994 1184 3284 1242 concesso,
3314 1170 3598 1242 catholicis
3638 1174 3890 1242 gregibus

2343 1237 2651 1310 raelatorum
2673 1278 2688 1303 ,
2719 1254 2845 1310 non
2893 1240 3214 1310 arrogantiae
3251 1238 3541 1310 supercilio
3566 1280 3581 1303 ,
3632 1237 3889 1299 sed'zelo

2353 1306 2401 1383 ei
2429 1313 2485 1359 et
2516 1306 2762 1361 veritatis
2791 1310 2990 1383 studio.
3024 1306 3143 1363 ἱΕι
3165 1306 3331 1383 librii
3358 1323 3479 1383 cap.
3504 1320 3683 1376 sexto,
3716 1330 3736 1362 ‹
3767 1312 3893 1383 Pip-

2304 1375 2493 1448 pinum
2515 1391 2701 1448 regem
2716 1378 3036 1434 veneranda;
3061 1378 3336 1448 memoriae
3361 1375 3656 1448 genitorem
3671 1375 3851 1436 'suum‘
3872 1404 3889 1433 ι

2307 1445 2596 1517 τψρειιιιρς⁷
2619 1446 2775 1517 cujus
2811 1464 3015 1517 suaque
3043 1464 3172 1503 cura
3209 1445 3457 1502 effectum
3498 1449 3592 1512 ait,
3634 1460 3694 1504 ut
3728 1450 3895 1505 Calli-

2308 1528 2458 1594 eanae
2482 1516 2709 1594 aliaeque
2737 1516 3045 1573 Occidentis
3074 1518 3332 1594 Ecclesia:
3356 1557 3372 1584 ,
3405 1518 3461 1572 in
3506 1519 3773 1588 psallendi
3810 1538 3897 1576 or-

2309 1583 2435 1637 dine
2467 1599 2589 1639 cum
2620 1583 2865 1641 Romana
2896 1588 3307 1644 concordarent.

2382 1651 2652 1734 Secundo,
2682 1656 2742 1734 id_
2757 1659 3021 1734 probatur
3056 1657 3640 1734 e§_ep_istolaasynodali
3669 1660 3897 1734 concilii

2309 1720 2644 1779 Parisiensis
2664 1720 2777 1780 sub'
2793 1727 3065 1783 Ludovico
3089 1720 3268 1783 Pio'in
3298 1720 3484 1782 eadem
3514 1741 3670 1782 causa
3694 1728 3898 1792 habiti,

2314 1792 2383 1868 a_d
2396 1792 2724 1849 Ludovicum
2743 1804 2798 1849 et
2811 1794 3134 1868 Lotharium
3148 1798 3520 1868 imperatores,
3537 1798 3676 1852 data.
3698 1816 3715 1848 ‹
3733 1798 3810 1851 Ea
3819 1816 3901 1851 m-

2314 1862 2439 1916 dem
2466 1879 2628 1933 porro
2657 1869 2921 1935 synodum
2944 1906 2959 1931 ,
2991 1867 3165 1935 inquit
3186 1907 3201 1933 ,
3223 1862 3354 1921 'cum
3382 1874 3587 1922 sancta:
3625 1868 3904 1922 memoriae

2312 1935 2536 2006 genitor
2551 1943 2732 2006 vester
2757 1951 2951 2006 coram,
2976 1951 3035 1991 se
3064 1938 3280 2004 suisque
3316 1936 3517 2006 perlegi
3547 1935 3760 1991 fecisset
3785 1976 3802 2001 ,
3846 1945 3901 1989 et

2312 2002 2497 2075 multis
2524 2004 2579 2057 in
2609 2005 2744 2059 locis
2767 2045 2782 2070 ,
2816 2014 2875 2058 ut
2903 2005 3121 2075 dignum
3150 2002 3266 2059 erat
3289 2002 3769 2075 {reprehendisset
3795 2046 3812 2071 ,
3848 2013 3905 2059 et

2312 2072 2560 2139 quaedam
2589 2075 2842 2143 capitula,
2874 2072 2994 2143 qua}
3018 2074 3419 2141 reprehensioni
3448 2077 3728 2142 patebant,
3761 2091 3904 2142 pra:-

2311 2148 2578 2211 notasset,
2630 2157 2800 2210 eaque
2851 2159 2947 2210 per
2992 2143 3671 2211 Ang'ilbertum_abbatem
3721 2144 3908 2198 eidem

2310 2206 2583 2264 Hadriano
2616 2206 2767 2278 papa:
2794 2206 3104 2273 direxisset,
3127 2218 3184 2262 ut
3212 2206 3583 2278 illiusjudicio
3612 2220 3667 2262 et
3705 2224 3913 2267 aucto-

2307 2278 2479 2357 ritate.
2513 2274 2910 2357 corrigerentur
2933 2293 2947 2330 :
2969 2278 3082 2346 ipse
3130 2292 3319 2357 rnrsus
3353 2274 3729 2357 favendojllis
3750 2318 3766 2343 ,
3808 2282 3915 2348 qui

2307 2346 2423 2416 ejus
2465 2346 2726 2402 instinctu
2764 2356 2872 2399 tam
2921 2346 3292 2415 superstitiosa
3333 2354 3551 2413 tamque
3595 2346 3913 2416 incongrua

2306 2415 2615 2486 testimonia
2646 2424 2943 2486 memorato
2967 2416 3117 2484 operi
3142 2416 3518 2486 inseruerant,
3550 2432 3648 2486 per
3678 2415 3911 2486 singula

2306 2484 2540 2555 capitula
2585 2486 2643 2541 in
2685 2485 2903 2540 illorum
2949 2485 3353 2555 excusationem
3400 2484 3730 2552 respondere
3779 2484 3913 2555 Quae

2305 2553 2493 2619 voluit,
2524 2570 2634 2609 non
2660 2564 2843 2610 tamen
2870 2569 2990 2622 quae
3010 2554 3211 2619 decuit,
3251 2560 3476 2608 conatus
3505 2562 3606 2606 est.
3642 2573 3660 2604 ι

2384 2623 2590 2694 Tertio,
2616 2624 2878 2694 probatur
2901 2638 2969 2677 ex
2994 2623 3252 2677 Hadriani
3280 2623 3300 2676 l
3326 2623 3676 2690 responsione
3702 2624 3770 2678 ad
3802 2624 3913 2679 Ca~

2306 2692 2483 2748 rolum
2512 2692 2763 2763 Magnum
2800 2694 3004 2758 missa,
3035 2707 3140 2761 qua
3186 2694 3361 2762 primo
3406 2701 3637 2763 testatus
3692 2704 3910 2763 quanto

2309 2778 2438 2844 cum,
2462 2762 2644 2817 amore
2670 2763 3045 2844 Angilbertum
3066 2763 3314 2844 abbatem
3334 2762 3679 2844 suscepisset,
3706 2764 3906 2819 addit:

2314 2850 2334 2884 ι
2364 2832 2509 2887 Inter
2546 2848 2667 2902 quze
2701 2832 2869 2887 edidit
2913 2833 3067 2903 nobis
3108 2832 3401 2903 capitulare
3458 2832 3912 2903 adversusﬂsyn-

2308 2903 2489 2968 odum,
2506 2900 2628 2972 qua:
2681 2918 2742 2957 ro
2762 2917 3038 2957 sacrarum
3053 2900 3343 2970 imaginum
3357 2900 3628 2956 erectione
3652 2902 3703 2955 in
3714 2900 3906 2959 Nicaea

2309 2981 2430 3025 acta
2468 2981 2570 3025 est.
2602 2919 2791 3025 .Prum
2836 2986 2934 3025 per
2980 2971 3395 3025 unumquodque
3437 2971 3723 3025 canitulum
3811 2989 3905 3025 re-

2309 2981 2430 3026 acta
2468 2971 2570 3027 est.
2602 2971 2791 3027 iTum
2836 2986 2934 3041 per
2980 2971 3395 3041 unumquodque
3437 2971 3723 3040 capitulum
3811 2989 3905 3026 re-

2309 3056 2568 3109 sponsum
2596 3042 2823 3095 reddere
2839 3039 3185 3109 aggreditur.
3209 3039 3348 3094 Sunt
3378 3039 3555 3094 autem
3585 3041 3697 3109 ipsa
3727 3040 3905 3097 Caro—

2310 3109 2407 3178 lini
2438 3110 2630 3178 operis,
2646 3108 2905 3177 capitula,
2928 3117 3134 3178 mutato
3160 3108 3419 3163 duntaxat
3445 3108 3651 3163 ordine.

2381 3177 2603 3250 Quarto,
2621 3177 2944 3250 Hincmarus
2973 3177 3293 3250 Rhemensis
3322 3180 3779 3250 archiepiscopus,
3802 3181 3903 3236 lib.

2308 3257 2496 3322 contra
2526 3248 2869 3322 liincmarum
2909 3246 3340 3322 Landunensem,
3369 3246 3721 3322 cap._20,ﬂile
3766 3266 3907 3322 syp.

2308 3319 2411 3373 odo
2437 3317 2664 3386 septima
2680 3316 2906 3386 loquens
2934 3331 2966 3369 a
2993 3316 3466 3374 Francofordiens‘i
3488 3321 3716 3373 concilio
3738 3316 3907 3375 τιιὶᾱί-

2308 3396 2461 3450 cata,
2498 3384 2627 3439 haec
2669 3384 2977 3456 subjungit:
3009 3404 3027 3436 ι
3057 3387 3133 3456 De
3182 3386 3336 3456 cujus
3379 3390 3738 3444 destructione
3787 3406 3901 3445 non

2307 3456 2577 3526 modicum
2621 3455 2871 3526 volumen
2897 3495 2911 3521 ,
2945 3455 3169 3523 quodin
3214 3455 3415 3526 palatio
3456 3458 3901 3515 adolescentulus

2306 3523 2411 3593 legi
2427 3564 2442 3588 ,
2465 3524 2533 3577 ab
2559 3522 2748 3599 eodem
2773 3522 3098 3599 imperatore
3120 3522 3635 3599 (nimirumaCarolo)
3665 3528 3900 3599 Romam

2305 3601 2389 3666 est
2413 3607 2508 3662 per
2536 3594 2795 3666 quosdam
2814 3594 3102 3666 episcopos
3128 3594 3374 3661 missum,
3403 3597 3458 3651 in
3485 3594 3639 3666 cujus
3662 3598 3900 3653 volumi—

2304 3662 2391 3716 nis
2423 3670 2615 3739 quarto
2642 3662 2781 3739 libro
2812 3662 2930 3739 hinc
2958 3662 3049 3739 dé_
3052 3667 3382 3739 universalis
3422 3662 3655 3739 nomine
3692 3669 3899 3739 scripta

2308 3739 2515 3805 sunt.__:_
2542 3732 2718 3805 Atque
2746 3733 2850 3805 hoc
2875 3733 2993 3789 loco
3026 3735 3353 3805 Hincmarus
3380 3738 3700 3805 vigesimum
3739 3732 3897 3792 oc'tao

2306 3802 2594 3884 vum_l_ihri
2614 3804 3283 3884 quartiucaputﬂdescribit,
3312 3802 3475 3884 piahn'e
3504 3807 3645 3884 idem
3675 3822 3799 3862 cum
3828 3825 3897 3864 eo

2306 3871 2449 3941 quod
2475 3871 2669 3941 legitur
2696 3873 2750 3925 in
2780 3871 2930 3928 libris
2967 3873 3228 3928 Carolinis
3254 3892 3283 3928 a
3311 3871 3352 3927 T
3358 3875 3449 3929 ilio
3478 3876 3659 3930 editis.

2376 3940 2611 4012 Quinto,
2649 3942 2978 4012 exemplaria
3016 3959 3146 3997 mss.
3182 3944 3498 3999 Vaticanum
3542 3954 3597 3998 et
3623 3944 3894 4001 Tilianum

2305 4007 2491 4081 Caroli
2502 4026 2719 4081 nomen
2744 4007 3053 4081 prieferunt.
3085 4015 3347 4068 Postremi
3378 4015 3522 4069 hunc
3556 4014 3719 4067 fuisse
3758 4017 3896 4069 titu-

2304 4079 2622 4163 lum_Tili-ns
2666 4079 2780 4163 ipse
2820 4081 3127 4163 Meldensis.
3150 4084 3432 4163 episcopus
3465 4084 3736 4163 prodidit;
3769 4086 3893 4163 ¢_ln

2303 4151 2521 4204 nomine
2544 4150 2759 4205 Domini
2783 4159 2838 4204 et
2867 4152 3161 4206 Salvatoris
3182 4150 3358 4208 nostri
3384 4150 3511 4209 Jesu
3539 4154 3772 4219 Christi,
3806 4156 3895 4208 in-

2304 4220 2434 4294 cipit
2451 4219 2960 4294 opus_illus_trissimi
2971 4229 3028 4294 et
3045 4223 3481 4294 excellentissimi
3505 4240 3599 4280 seu
3624 4224 3895 4294 spectabi-

2301 4288 2370 4363 lis
2414 4288 2766 4363 viri,_Carol_i,
2792 4298 2935 4363 nutu
2966 4292 3059 4346 Dei
3106 4294 3249 4363 regis
3275 4294 3626 4361 Francorum,
3654 4288 3887 4361 "Gallias,

2302 4357 2647 4435 Germaniam
2665 4400 2695 4435 ,_
2711 4358 3057 4435 Italiamque,
3085 4357 3197 4417 sive
3238 4365 3426 4435 harum
3469 4357 3730 4420 finitimas
3765 4357 3891 4435 pro-1

621 4434 727 4489 ista
753 4449 841 4488 res
888 4434 1189 4516 insensatas
1206 4436 1452 4516 adorare
1475 4441 1812 4516 percenseat,
1822 4421 1944 4513 Oet'e.
2001 4432 2061 4484 ιιι
2103 4421 2196 4487 illa
2226 4421 2281 4483 D
2304 4428 2528 4509 vincias,
2547 4421 2772 4516 Domino
2800 4421 3094 4516 opitulante
3123 4433 3378 4516 regentis,
3408 4446 3600 4516 centra
3622 4421 3887 4516 synodum

622 4509 977 4573 exsecrentur
999 4518 1184 4557 eorum
1206 4503 1581 4573 blasphemiae,
1597 4505 1709 4570 qui,
1734 4503 1928 4573 Filium
1952 4515 2201 4573 coessen-

623 4570 807 4623 tialem
834 4568 982 4621 Patri
1015 4585 1113 4624 nec
1155 4568 1400 4635 credunt,
1430 4586 1532 4625 nec
1557 4568 1832 4633 fatentur;
1865 4571 1918 4624 in
1967 4572 2070 4624 ista
2099 4572 2199 4627 ab-

625 4637 913 4711 ominetur,
944 4652 1131 4711 eorum
1158 4640 1384 4708 puritas,
1402 4641 1514 4708 qui,
1541 4650 1718 4710 spreta
1744 4641 2077 4711 picturarum
2106 4644 2201 4697 ad-

625 4705 891 4768 oratione,
917 4707 1018 4760 soli
1036 4707 1146 4762 Deo
1159 4705 1229 4762 se
1251 4705 1547 4764 servituros
1568 4705 1790 4765 strenua
1818 4720 1997 4765 mente
2018 4719 2073 4766 et
2100 4713 2196 4766 de-

624 4785 753 4851 voto
770 4785 991 4851 pectore
1018 4780 1357 4846 profitentur.
1393 4797 1412 4830 ι
1458 4779 1537 4833 Ex
1580 4782 1773 4849 quibus
1825 4782 2031 4851 colligit
2074 4783 2197 4835 Dal-

623 4845 777 4920 iteus,
810 4861 925 4918 cap.
951 4845 1236 4920 _5,’novam
1265 4856 1377 4902 tum
1406 4845 1662 4920 temporis
1692 4852 1831 4920 apud
1856 4845 2197 4908 Christianos

621 4915 793 4991 fuisse
819 4915 1147 4987 opinionem,
1171 4931 1331 4986 quam
1356 4934 1499 4991 nunc
1510 4915 1594 4991 de
1638 4915 1931 4991 imaginum
1975 4937 2198 4976 venera-

621 4986 773 5062 tione
790 4986 1033 5062 tuemur,
1058 5002 1284 5056 eamque
1325 4989 1618 5045 catholicos
1666 4986 2193 5062 tumgimpugnasse,

622 5055 766 5109 sicut
789 5055 950 5131 hedie
978 5055 1339 5125 protestantes
1385 5069 1729 5131 oppugnant;
1783 5055 2038 5117 Caroluin
2093 5055 2198 5115 Mal

622 5139 837 5199 gnum,_
838 5125 1077 5199 inquam,
1101 5136 1378 5199 totumque
1418 5125 1555 5185 ἰήιε(
1573 5125 1876 5189 Germaniae
1925 5148 1990 5187 ac
2033 5130 2198 5187 Galli-

623 5209 773 5250 cana:
796 5195 1050 5252 Ecclesia:
1072 5195 1295 5253 clerum.

622 5303 653 5376 δ
688 5304 1124 5384 I_I_.——Re_spo_nsio_
1142 5310 1353 5384 illorum
1384 5312 1704 5382 confutatur,
1734 5314 1821 5384 qui
1842 5312 2001 5368 libros
2030 5310 2197 5367 Caro-

693 5375 828 5451 lina:
849 5375 1074 5451 qiiéujus
1105 5380 1333 5435 hwretict'
1361 5375 1494 5451 opus
1510 5398 1620 5451 ease
1643 5375 1922 5451 scripsere;
1951 5392 1999 5435 et
2022 5392 2196 5435 osten-

693 5445 838 5500 ditur
859 5445 1071 5500 illorum
1096 5459 1359 5503 auctorem
1386 5445 1494 5503 esse
1519 5445 1766 5504 Carotuni
1793 5445 2063 5519 Magnum.

694 5533 828 5604 Cum
854 5535 1015 5592 Surio
1038 5576 1053 5603 ,
1079 5546 1135 5592 et
1159 5539 1482 5595 Bellarmino
1504 5578 1520 5604 ,
1549 5539 1670 5594 aliis
1712 5541 1986 5595 nonnullis
2019 5540 2196 5597 visum

630 5607 721 5684 esi
727 5602 901 5684 libros
919 5602 1204 5684 Cat-Olinos
1232 5602 1638 5684 religiosiSSimo
1666 5608 1974 5684 imperatori
2000 5625 2195 5681 perpe-

634 5678 746 5717 ram
796 5678 1077 5739 ascriptos,
1100 5683 1156 5729 et
1189 5692 1221 5731 a
1269 5678 1451 5732 nescio
1492 5694 1597 5747 quo
1644 5678 1874 5750 scriptos
1917 5678 2194 5753 haeretica,

2304 4513 2424 4572 quze
2450 4499 2517 4572 _in
2547 4499 2790 4572 partibus
2828 4499 3050 4556 Graecia:
3086 4499 3211 4572 pro'
3230 4504 3519 4558 adorandis
3562 4499 3890 4572 imaginibus

2303 4568 2500 4642 atolide
2541 4569 2655 4642 sive
2696 4579 3010 4642 arroganter
3053 4568 3200 4642 gesta
3242 4580 3344 4639 est.
3378 4592 3396 4623 ι
3428 4574 3614 4639 Itaque
3642 4568 3891 4642 Carolus

2294 4636 2526 4709 Magnus
2550 4639 2706 4709 istius
2726 4636 2903 4709 operis
2925 4636 3112 4695 auctor
3134 4653 3236 4709 est,
3258 4636 3348 4697 aut
3368 4650 3512 4709 certe
3527 4636 3609 4691 ’eo
3629 4639 3888 4709 jubente,

2303 4707 2506 4778 abalio
2544 4724 2608 4761 ex
2637 4707 3009 4778 ejus’persona
3048 4720 3103 4765 et
3132 4707 3343 4767 nomine
3378 4708 3503 4762 illud
3534 4715 3618 4762 est
3645 4708 3885 4763 editum.

2372 4777 2614 4842 Quatuor
2647 4777 2826 4848 tamen
2856 4781 3035 4848 operis
3076 4781 3311 4838 Carolini
3344 4780 3511 4835 libros
3552 4778 3620 4833 ad
3658 4778 3896 4834 Hadria-

2302 4861 2432 4925 num
2482 4847 2791 4925 pontificem
2831 4865 2869 4925 ‘a
2893 4847 3095 4908 Carolo
3133 4851 3324 4921 Magno
3370 4865 3469 4921 per
3508 4848 3887 4925 Augilbertum

2301 4918 2497 4990 missos
2539 4932 2645 4972 non
2689 4918 2957 4985 existimo,
2999 4918 3305 4990 quanquam
3352 4918 3597 4976 asserere
3637 4919 3889 4990 videatur

2300 4982 2638 5058 _Hincr_narus,
2672 4990 2765 5042 sed
2787 4982 3305 5058 capitum-duntaxat
3334 4991 3588 5044 lemmata
3614 4989 3729 5044 sive
3751 4990 3882 5043 titu-

2300 5053 2399 5111 los.
2440 5055 2641 5131 Primo,
2665 5058 2789 5126 quia
2819 5053 2920 5116 nec
2956 5061 3306 5131 argumentis,
3338 5074 3441 5113 nec
3470 5060 3734 5116 conviciis
3764 5072 3881 5130 quae

2300 5131 2413 5179 toto
2445 5128 2793 5201 continentur
2821 5144 3003 5199 opere,
3024 5128 3285 5201 'pontifeit
3316 5131 3630 5201 respondet,
3660 5128 3881 5201 respon-

2298 5209 2458 5249 surus
2477 5196 2676 5269 utique
2700 5198 2745 5254 si
2782 5196 3028 5269 legisset;
3047 5196 3153 5257 "sed
3179 5196 3472 5267 unicuique
3497 5199 3659 5254 titulo
3682 5196 3878 5268 simpli-

2298 5279 2431 5339 cem
2443 5264 2560 5333 ejus
2585 5264 2733 5339 quod,
2761 5264 3145 5337 reprehensum
3181 5285 3245 5325 ac
3272 5264 3635 5339 improbatum
3666 5277 3769 5329 est,
3787 5264 3882 5322 ’ὁθ-

2262 5359 2272 5366 ~
2295 5332 2853 5410 fensionem'subjicit'.
2880 5339 3146 5407 Secundo,
3174 5340 3298 5410 quia
3325 5332 3426 5395 nec
3465 5341 3534 5393 ad
3557 5339 3880 5410 singulaca-

2294 5403 2466 5471 pitum
2515 5403 2765 5462 lemmata
2819 5403 3139 5478 respondet,
3181 5403 3283 5465 nec
3323 5425 3418 5476 eo,
3476 5423 3585 5478 quo
3630 5403 3686 5463 in
3729 5406 3879 5463 libris

2296 5484 2527 5549 quatuor
2548 5478 2822 5549 proposita
2854 5477 3009 5544 sunt,
3042 5480 3249 5535 ordine.
3278 5479 3480 5545 Tertio,
3496 5477 3633 5549 quia
3660 5477 3884 5533 Hadria-

2294 5559 2418 5619 nus,
2448 5546 2502 5619 in
2533 5547 2805 5619 Apologia:
2828 5562 2945 5617 cap.
2980 5549 3239 5619 vigesimo
3279 5551 3502 5619 quinto,
3523 5546 3880 5619 'postremum

2295 5608 2598 5687 capitulum
2611 5633 2691 5687 ex
2706 5608 2909 5674 'misso.
2931 5618 2997 5672 ad
3025 5608 3083 5673 5e
3119 5608 3401 5687 capitulari
3440 5608 3627 5687 refert,
3676 5618 3735 5672 iu
3772 5630 3881 5686 quo

2296 5683 2804 5743 Francofordienses
2836 5688 3091 5757 pmsules
3122 5683 3199 5745 ita
3225 5689 3559 5760 loquuntur:
3588 5683 3623 5742 ί
3645 5688 3719 5746 Ut
3741 5683 3882 5762 sciat
