4026 6156
211 271 305 327 981

1193 255 1375 314 LIBRI
1409 251 1750 312 CAROLINl.
1793 283 1862 295 -
1897 241 2430 313 PROLEGOMENA.

3371 252 3471 309 989

215 387 398 443 Codici
434 382 859 453 Evangeliorum,
882 377 1026 453 vasis
1071 375 1243 431 sacris
1292 375 1507 453 deberi,
1555 374 1779 453 in_pro-
1805 381 1857 436 Α
1886 392 1905 423 ί
1940 369 2070 453 Non
2078 374 2388 453 mirandum
2417 379 2535 453 est,
2549 373 2738 442 inquit,
2773 372 2818 453 si
2843 371 3185 453 faltanturjn
3207 371 3466 453 minimis,

215 472 396 523 gressu
433 443 605 523 operis
648 451 910 523 agnoscit,
950 449 1192 516 hancque
1231 445 1506 514 religionis
1554 443 1775 508 cultum,

214 519 262 580 id
290 534 402 589 est,
437 519 482 577 θ’
503 519 761 591 religione
797 522 1151 591 imperatum,
1209 532 1401 591 vocare
1443 530 1782 591 nonmgrava-

212 606 360 650 retur
379 585 398 656 ζ
437 609 558 648 cum
601 585 719 646 rem
756 585 928 661 ipsam
972 590 1074 642 hoc
1119 586 1379 641 vocabulo
1426 585 1779 654 signiﬁcatam

211 666 474 719 admittat.

279 737 343 788 Et
389 733 549 786 infra.
589 751 608 782 ‹
657 733 798 786 Ecce
840 737 1128 785 cernuntur
1178 728 1361 795 plures
1405 733 1550 779 stare
1594 723 1779 793 imagi-

209 820 322 858 nes.
346 844 358 856 .
381 844 392 856 .
417 843 430 856 .
453 843 465 855 .
495 805 548 856 in
579 804 775 870 quibus
798 801 1026 868 quidem,
1057 805 1314 870 quantum
1347 796 1398 849 in
1429 796 1537 870 illis
1581 803 1683 870 est,
1727 801 1781 848 et

208 874 458 942 imaginis
490 865 913 942 similitudo,_ret
958 868 1341 942 super-scriptio
1398 865 1629 918 nominis
1677 879 1780 942 una

206 953 293 998 est
316 935 508 996 :Vverbi
554 944 719 1008 gratia
750 950 800 992 et
846 935 1038 1007 imago'
1066 935 1242 1008 l’auli’
1269 944 1465 1008 esttet
1496 935 1783 1008 superscrif

210 1016 326 1082 ptio
357 1031 369 1065 :
407 1004 630 1065 Saucius
665 1009 874 1062 Paulus.
921 1004 1333 1082 sciscitandunr
1362 1006 1428 1082 ab
1472 1007 1551 1058 eis
1582 1013 1662 1064 est
1693 1004 1779 1072 qui

210 1076 364 1137 tanto
398 1097 581 1135 errore
611 1083 867 1142 laborant,
901 1087 959 1131 ut
989 1093 1079 1131 eas
1101 1094 1198 1147 pro
1223 1076 1447 1130 arbitrio
1471 1091 1586 1137 suo,
1614 1083 1666 1127 et.
1692 1091 1780 1127 vc-

211 1156 448 1215 ritatem,
479 1159 530 1204 et
553 1158 782 1212 sanctas,
816 1157 870 1202 et
899 1163 1073 1212 veras,
1121 1157 1175 1201 et
1203 1163 1308 1200 non
1355 1147 1552 1216 potius,
1595 1161 1783 1198 secun-

207 1225 334 1275 dum
380 1221 758 1275 venerabilium
813 1219 1029 1271 Patrum
1079 1217 1441 1281 traditionem,
1472 1224 1782 1269 sanctorum

206 1293 465 1358 imagines
493 1292 692 1353 dicunt,
721 1305 839 1356 quae
862 1289 1070 1343 cunctis
1101 1300 1405 1356 comparata
1431 1287 1670 1340 sanctior
1701 1286 1782 1338 vel

205 1367 396 1424 verior,
421 1378 538 1427 qua:
567 1360 806 1412 omnium
854 1359 1193 1413 sanctissima
1223 1365 1314 1410 aut
1344 1358 1623 1411 verissima
1668 1371 1785 1410 esse

204 1432 466 1483 credenda
495 1440 598 1494 est,
629 1445 763 1497 quas
786 1430 911 1484 dum
935 1445 1027 1484 eos
1057 1427 1291 1496 mquales
1338 1428 1516 1481 dicere
1546 1442 1644 1494 pro
1673 1440 1785 1478 ma-

206 1501 454 1553 teriarum
485 1509 539 1554 et
563 1499 1006 1568 magnitudinum,
1040 1499 1122 1551 vel
1169 1514 1392 1568 operum
1424 1497 1784 1568 discretione,

207 1571 338 1623 ratio
367 1586 472 1624 non
493 1566 815 1639 permiserit,
845 1591 853 1617 ς
879 1569 1175 1637 tquasdam
1205 1566 1529 1636 quilmsdmn
1558 1566 1790 1639 sanctio-

205 1657 309 1702 rcs,
351 1650 403 1695 ct
454 1635 715 1708 quasdam
763 1635 1134 1691 sanctissimas
1178 1635 1332 1690 fateri
1378 1635 1783 1708 compescuerit,

1882 444 1970 512 qui
2002 443 2258 499 falluntur
2278 444 2332 496 in
2358 443 2605 511 magnis:
2647 459 2748 498 nec
2793 442 2847 496 in
2893 442 3212 512 eoainplius
3253 442 3468 496 illorum

1881 510 2033 567 error
2061 514 2406 570 admirandus
2441 510 2545 575 est,
2581 514 2723 582 quod
2750 513 2868 566 ideo
2896 527 2953 567 se
2968 510 3164 579 justos,
3195 513 3322 580 quia
3337 512 3470 566 ima-

1880 584 2030 651 gines
2049 587 2294 648 adorant,
2321 597 2439 637 esse
2453 584 2774 653 gloriantur,
2801 599 2900 637 nos
2925 593 3105 636 autem
3127 583 3216 650 qui
3238 597 3332 637 eas
3367 583 3471 653 ad-

1881 668 2036 706 orare
2053 651 2474 716 contemnimus,
2484 664 2801 722 peccatores
2814 653 3112 708 fateantur:
3129 668 3250 707 cum
3274 654 3342 706 ob
3361 651 3472 706 illa-

1881 738 1999 793 rum
2025 738 2263 777 amorem
2303 731 2355 778 et
2397 724 2802 793 Scripturarum
2834 724 3131 778 divinarum
3172 723 3468 792 puritatem

1881 789 2081 846 violare
2110 802 2387 854 conentur,
2418 804 2471 847 et
2495 789 2835 862 potissimum
2863 809 2971 849 sua:
2991 795 3114 848 ﬁdei
3136 789 3472 847 emolumen-

1882 871 1993 916 tum
2033 862 2085 914 in
2116 864 2201 916 his
2227 879 2347 916 esse
2376 866 2736 928 arbitrentur;
2778 873 2833 917 et
2863 880 2954 918 eos
2989 866 3079 932 qui
3108 865 3305 932 spretis
3362 863 3467 928 his,

1883 933 1990 985 sive
2017 934 2228 986 (ueteris
2284 933 2655 999 hujuscemodi
2698 935 3046 997 vanitatibus,
3102 935 3200 987 soli
3228 934 3334 988 Deo
3359 949 3474 987 ser-

1883 1003 2049 1064 viunt,
2090 1018 2321 1071 eumque
2350 1005 2586 1058 colentes
2609 1004 2856 1065 adorant,
2889 1005 3346 1056 anathematizare
3371 1005 3473 1056 ob-

1884 1073 2076 1126 stinata
2107 1083 2285 1127 mente
2321 1075 2583 1126 nituntur.
2621 1092 2639 1124 ›
2687 1074 2763 1124 i-Zx
2811 1074 3085 1139 (etprivoeo
3137 1074 3471 1127 adorationis

1884 1144 2142 1196 vocabulo
2171 1143 2400 1196 Nieamis
2424 1142 2676 1195 Pati-ibus
2707 1143 2964 1195 invidiam
3003 1142 3151 1203 facit,
3204 1149 3256 1194 et
3298 1142 3472 1195 dicam

1885 1215 2072 1266 scribit
2099 1213 2319 1274 erroris,
2355 1213 2506 1279 quasi
2532 1213 2901 1266 adorationem
2927 1221 2979 1265 et
3026 1212 3340 1266 servitutem
3375 1212 3475 1264 soli

1885 1284 1993 1338 Deo
2016 1285 2251 1337 debitam
2276 1298 2398 1336 cum
2423 1282 2749 1349 imaginibus
2762 1283 2945 1350 partiti
2969 1282 3106 1344 sint;
3136 1282 3286 1349 quasi
3309 1282 3474 1350 potis-

1887 1356 2078 1408 simum
2106 1354 2224 1408 ﬁdei
2265 1369 2376 1407 sua:
2399 1354 2820 1408 emolumentum
2854 1353 2909 1405 in
2949 1353 3034 1407 his
3056 1352 3468 1415 constituerint;

1888 1425 2040 1493 quasi
2070 1424 2388 1478 Christianae
2411 1422 2636 1490 justitize
2665 1424 2991 1494 praecipuam
3027 1431 3239 1492 partem
3288 1422 3342 1475 in
3381 1422 3475 1476 ad-

1888 1496 2130 1548 oratione.
2158 1495 2453 1564 imaginum
2491 1493 2723 1563 positam
2748 1495 2854 1548 sint
2875 1493 3142 1548 arbitrati.

1961 1566 2177 1632 Quinto,
2206 1565 2351 1619 idem
2374 1565 2646 1634 colligitur
2669 1581 2735 1620 ex
2769 1580 2887 1634 cap.
2910 1566 3119 1619 decimo
3143 1564 3304 1618 tertio
3333 1563 3475 1633 ejus-

1892 1635 2013 1689 dem
2047 1637 2187 1689 libri.
2235 1655 2253 1687 ι
2290 1635 2464 1700 Unde,
2495 1637 2686 1704 inquit,
2729 1637 2866 1689 sicut
2895 1637 2946 1688 in
2982 1636 3210 1698 caeteris,
3236 1635 3310 1687 ita
3337 1644 3389 1688 et
3417 1635 3472 1687 in

206 1711 448 1778 proﬁteri
472 1705 894 1776 _coinpelluntur
941 1709 1232 1762 secundum
1279 1708 1522 1760 veritatis
1567 1707 1785 1775 inlaga-
1818 1716 1861 1773 Β
1895 1707 1996 1778 hoc
2019 1705 2260 1778 exemplo
2289 1707 2520 1778 assertio
2541 1707 2905 1769 frustrabitur,
2941 1707 3031 1778 qui
3053 1713 3474 1778 suumerrorem

211 1783 402 1833 ll‘lcolll
455 1782 756 1843 rationein,
814 1795 915 1832 nec
955 1779 1200 1831 veritatis
1243 1794 1467 1847 capaces
1521 1794 1615 1830 nec
1663 1793 1785 1830 san—

205 1859 323 1903 ctas
348 1851 453 1903 diei
483 1851 696 1902 debere.
737 1869 754 1900 ›
794 1849 1021 1901 Putabat
1065 1849 1324 1918 imagines
1373 1860 1584 1902 sanctas
1612 1859 1664 1902 et
1711 1865 1792 1901 ve-

206 1935 297 1972 ras
339 1935 369 1971 a
412 1919 614 1973 Graecis
663 1920 916 1988 appellari
966 1929 1184 1988 propter
1238 1919 1506 1971 internam
1558 1919 1790 1988 aliquam

207 1991 551 2042 sanctitatem
571 2031 583 2051 ,
631 1990 787 2056 idque
810 2005 970 2042 unum
999 1991 1272 2057 impugnat
1300 2007 1310 2040 :
1343 2006 1443 2040 non
1472 1998 1644 2042 autem
1672 2005 1784 2042 san-

211 2067 328 2112 ctas
349 2060 454 2111 dici
476 2060 738 2128 improbat
764 2061 830 2112 ob
862 2069 1162 2128 l‘t‘fpt't‘illln
1187 2060 1249 2110 ad
1288 2069 1523 2128 sanctos.
1551 2060 1614 2112 lit
1639 2060 1679 2111 si
1708 2075 1796 2112 ne-

209 2144 315 2199 que
336 2130 434 2183 hac
457 2125 660 2183 ratione
684 2137 896 2184 sanctas
914 2125 1025 2183 vult
1049 2125 1332 2199 appellari,
1354 2131 1468 2183 solo
1492 2130 1555 2183 de
1581 2131 1794 2184 nomine

205 2197 399 2266 litigat.

281 2270 545 2332 Secundo,
575 2269 711 2322 idem
755 2270 1026 2338 colligitur
1054 2285 1118 2322 ex
1143 2269 1316 2337 capite
1349 2269 1559 2322 decimo
1604 2278 1793 2321 octavo

205 2338 445 2405 ejusdem
479 2341 617 2391 libri.
655 2359 670 2387 ι
702 2341 815 2394 Jan:
857 2356 1004 2403 vero,
1035 2341 1226 2408 inquit,
1256 2340 1378 2406 quia
1412 2356 1467 2392 se
1496 2340 1790 2404 imaginum

209 2409 545 2476 inspectione
568 2411 847 2463 salvandos
873 2413 1114 2475 credunt,
1167 2411 1305 2463 sicut
1334 2411 1594 2478 serptmlis
1623 2410 1796 2477 inspe-

209 2480 390 2531 ctione
432 2479 755 2532 Israeliticus
800 2481 1025 2548 populus
1069 2497 1098 2532 a
1146 2482 1470 2547 serpentium
1522 2480 1793 2533 llltll‘rllJ‘iiS

207 2549 525 2612 satiabatur,
551 2551 719 2617 siqua
754 2549 884 2603 forte,
928 2552 1005 2602 eis
1054 2551 1290 2616 corporis
1331 2550 1673 2603 inelenientla
1712 2567 1796 2602 ac-

207 2619 455 2681 cesserit,
489 2628 769 2671 recurrant
819 2621 884 2672 ad
929 2620 1210 2687 imagines,
1258 2635 1452 2685 easque
1509 2620 1791 2687 aspiciant,

209 2698 479 2754 quatenus
527 2690 656 2742 dum
705 2690 918 2742 illarum
973 2690 1302 2757 inspertiOne
1350 2689 1568 2742 minime
1623 2690 1794 2743 sanati

209 2759 434 2816 fuerint.
461 2767 797 2811 revertantur
839 2760 900 2811 ad
932 2760 1246 2822 Dominum,
1272 2765 1323 2810 et
1367 2771 1461 2826 per
1489 2768 1794 2812 sanctorum

209 2827 632 2880 ii'ttercessiones
656 2830 723 2879 ab
749 2844 810 2880 eo
832 2831 1116 2882 sanitatem
1142 2845 1195 2880 se.
1219 2839 1531 2897 aeti'epturos
1557 2829 1792 2896 credant,

214 2899 511 2970 quitqtius
552 2900 795 2951 sanitatis
820 2909 870 2952 et
902 2901 1024 2951 vitm
1054 2908 1134 2970 est
1177 2908 1437 2970 auctor.)
1474 2899 1632 2952 Falso
1681 2916 1797 2970 sup-

210 2967 364 3038 ponit
389 2968 653 3020 Nicaénam
679 2970 936 3036 synmlutn
961 2969 1206 3022 docuisse
1230 2985 1375 3037 spem
1399 2969 1450 3022 in
1477 2967 1795 3038 imaginiluis

1895 1777 1947 1830 in
1975 1777 2285 1830 adoratione
2331 1776 2622 1846 imaginum
2660 1777 2949 1829 enitentem
2979 1777 3032 1829 in
3071 1788 3134 1828 eo
3164 1775 3474 1846 fulcireAco—

1895 1856 2108 1910 nentur,
2139 1846 2278 1914 quod
2295 1844 2551 1900 Silvester
2575 1848 2827 1900 Romana:
2843 1846 3095 1900 Ecclesia:
3115 1844 3310 1914 praesul
3335 1844 3446 1899 Con
3462 1875 3475 1884 -

1896 1919 2132 1972 stantin
2183 1916 2494 1986 imperatori
2533 1918 2892 1986 apostolorum
2933 1916 3192 1986 imagines
3221 1915 3476 1986 detulisse

1893 1989 2109 2057 legitur.
2181 1987 2378 2042 Detulit.
2423 2002 2549 2056 ergo
2566 1985 2669 2041 eas
2697 1987 2774 2040 illi
2811 1987 2878 2040 ad
2925 1985 3232 2050 videndum,
3266 2000 3372 2057 non
3392 1985 3476 2057 _ad

1895 2055 2254 2112 adorandum:
2283 2055 2625 2119 detuliﬁnon
2654 2065 2710 2110 ut
2740 2057 2983 2120 adorare,
3009 2071 3168 2125 quem
3194 2071 3223 2109 a
3248 2055 3476 2110 simula-

1895 2145 2111 2182 crorum
2150 2129 2292 2181 cultu
2334 2129 2670 2189 abstrahere,
2709 2136 2763 2182 et
2792 2128 2857 2180 ad
2880 2128 3044 2182 solius
3070 2127 3163 2180 Dei
3205 2127 3477 2180 adoratio-

1893 2216 2015 2253 nem
2042 2199 2326 2253 convolare
2353 2199 2689 2258 hortabatur,
2712 2199 3090 2266 compelleret:
3127 2198 3220 2251 sed
3242 2206 3300 2250 ut
3335 2196 3477 2249 idem

1894 2270 2200 2336 imperator,
2234 2285 2368 2336 quios
2406 2271 2458 2322 in
2501 2269 2702 2322 somnis
2747 2269 2966 2332 viderat,
2999 2283 3185 2322 eorum
3212 2269 3392 2321 vultus
3424 2266 3479 2319 in

1893 2341 2115 2409 picturae
2145 2340 2281 2393 fucis
2305 2348 2671 2408 cognosceret.
2718 2340 2930 2402 Detulit,
2971 2355 3078 2392 non
3107 2347 3166 2391 ut,
3205 2338 3271 2390 ab
3312 2336 3481 2409 idolo-

1896 2427 2013 2463 rum
2052 2412 2262 2463 cultura
2296 2410 2608 2477 fugientem,
2643 2412 2934 2476 imaginum
2964 2410 3262 2464 adorationi
3288 2408 3483 2461 cedere

1897 2481 2229 2542 inim-litaret,
2255 2489 2308 2533 et
2334 2483 2399 2533 ab
2440 2482 2621 2535 hostili
2669 2481 2844 2550 gladio
2898 2482 3205 2544 liberatum,
3237 2477 3482 2532 intestini

1896 2551 2040 2603 ensis
2075 2551 2250 2616 rigore
2285 2551 2596 2618 perimeret,
2636 2549 2726 2604 sed
2763 2561 2821 2604 ut
2861 2565 2956 2620 per
2980 2567 3066 2606 res
3111 2558 3267 2604 notas
3299 2549 3366 2601 ad
3393 2562 3484 2620 res

1897 2621 2173 2690 ignoratas
2195 2620 2308 2686 ejus
2336 2632 2568 2675 mentem
2591 2618 2924 2675 extolleret.»
2958 2621 3108 2676 Illam
3158 2634 3349 2674 rursus
3391 2618 3486 2690 ad:

1897 2687 2198 2763 oi'atiot'iem
2236 2692 2494 2745 duntaxat
2527 2695 2850 2760 imaginibus
2883 2693 3172 2763 ahjudicat,
3224 2706 3354 2763 qua;
3381 2687 3485 2763 _s0_li

1897 2761 2005 2815 Deo
2030 2761 2208 2815 debita
2232 2770 2333 2823 est,
2363 2772 2416 2814 et
2438 2759 2842 2830 quamgentilcs
2869 2759 3316 2817 ad'simulacra’et
3342 2759 3485 2813 idola

1899 2833 2241 2886 transtulere.
2287 2831 2390 2884 Sed
2417 2834 2812 2886 venerationem
2841 2834 3111 2886 inferioris
3137 2833 3351 2899 gradus,
3371 2831 3487 2883 sive

1898 2903 2267 2956 :ulm'ationem
2299 2904 2641 2956 honorariam
2690 2903 2981 2970 imaginum
3015 2901 3372 2955 Constantino
3396 2899 3486 2970 ju-

1896 2973 2025 3024 bere
2051 2973 2286 3041 potuisse
2323 2983 2565 3026 sanctum
2600 2969 2916 3026 Silvestrum
2965 2973 3185 3032 fatetur,
3237 2969 3485 3041 quamvis

208 3035 604 3124 cullofﬁamlmu,
627 3035 859 3124 divinam
887 3040 1121 3118 aliquam
1146 3035 1382 3091 vim—illis
1412 3035 1605 3124 inesse,
1633 3048 1684 3092 et
1709 3040 1797 3092 l;c-
1823 3049 1867 3117 ρ
1901 3042 2028 3096 illud
2051 3035 2365 3124 'cxcinplpnt
2401 3044 2452 3096 in
2473 3044 2907 3112 consequentiam
2932 3044 3074 3098 trahi
3105 3035 3484 3124 non.do.berlet,

206 3109 400 3160 neticia
426 3123 584 3175 posse
601 3109 666 3158 ab
686 3109 810 3175 ipsis
827 3109 1122 3177 exspectari
1144 3117 1229 3160 aut
1250 3110 1445 3172 rogari.
1463 3110 1644 3162 Solam
1670 3126 1797 3178 ergo

208 3178 579 3230 adorationem
611 3194 730 3243 quze
771 3178 982 3245 objecto
1021 3180 1131 3246 spei
1182 3189 1378 3232 nostrae
1424 3188 1478 3232 et.
1531 3183 1797 3233 bonorum

208 3249 446 3300 omnium
468 3249 674 3300 auctori
702 3249 962 3311 defertur,
995 3247 1196 3301 scilicet
1228 3251 1428 3302 cultum
1461 3250 1802 3312 latriar,ima—

209 3318 419 3383 ginibus
441 3326 749 3371 sanctorum
781 3320 1134 3372 exhibendam
1181 3330 1357 3387 negat.
1385 3321 1649 3373 (laterum
1684 3321 1796 3374 vult

208 3401 301 3454 per
327 3396 638 3441 sanctorum
671 3390 1087 3459 intercessiones
1111 3390 1391 3444 sanitatem
1417 3405 1446 3442 a
1478 3391 1584 3442 Deo
1612 3407 1795 3459 exspe-

212 3459 344 3510 ctari
368 3474 430 3513 ac
455 3461 630 3526 rogari
659 3478 670 3511 :
702 3461 745 3512 si
777 3461 828 3513 in
852 3460 997 3512 omni
1027 3458 1161 3522 loco,
1195 3469 1246 3513 et
1272 3461 1501 3513 maxime
1542 3461 1592 3514 in
1621 3458 1794 3516 eccle-

210 3529 305 3580 siis
333 3544 453 3595 qua:
480 3531 801 3596 imaginibus
829 3539 1035 3585 ornata:
1072 3541 1246 3594 erant,
1274 3547 1369 3585 cur
1390 3548 1494 3584 non
1520 3533 1678 3585 etiam
1714 3547 1796 3586 co—

213 3610 330 3667 ram
356 3599 711 3667 imaginibus?

291 3665 494 3740 Tertio,
513 3669 647 3720 idem
671 3669 1010 3736 eolligiturex
1029 3685 1145 3739 cap.
1166 3670 1422 3739 vigesimo
1438 3681 1627 3740 quarto
1654 3672 1795 3739 ejus-

215 3739 336 3810 dem
371 3738 511 3797 libri.
565 3757 576 3786 ι
610 3740 709 3790 Sed
736 3756 829 3794 nec
860 3741 1006 3802 illud,
1037 3738 1654 3810 inquit,quodsciiptum
1679 3738 1790 3806 est;

223 3807 610 3881 Vultunrtuuin
626 3810 1032 3881 deprecabuntur
1048 3807 1221 3864 (mines
1242 3807 1420 3864 divites
1443 3807 1602 3881 plebis
1623 3812 1790 3879 (Paul.

214 3895 367 3940 XLIV,
400 3878 505 3948 15),
547 3879 613 3934 de.
642 3880 868 3946 quodam
897 3881 1202 3935 manufaeto
1231 3883 1374 3933 vultu
1396 3878 1794 3948 intelligendum

212 3957 325 4003 est:
359 3950 657 4016 prmsertim
685 3964 803 4002 cum
829 3951 1116 4004 manufacti
1139 3952 1314 4004 vultus
1337 3951 1454 4003 ideo
1478 3967 1580 4002 non
1611 3952 1799 4016 deprc-

211 4021 372 4074 candi
401 4019 527 4080 sint,
570 4020 693 4087 quia
724 4033 823 4072 nec
853 4022 1105 4075 exaudire
1127 4029 1346 4090 queunt.
1374 4020 1542 4073 Oumc
1561 4020 1800 4086 quodde-

209 4099 484 4159 prccatur,
515 4090 636 4144 ideo
661 4091 974 4157 deprecatur
997 4102 1054 4145 ut
1079 4092 1356 4145 exaudiat:
1395 4098 1445 4141 et
1469 4103 1625 4142 omne
1657 4091 1798 4155 quod

209 4161 446 4222 exaudit,
485 4161 798 4214 irrationale
812 4176 927 4216 esse
952 4178 1058 4215 non
1080 4163 1265 4217 debet:
1296 4176 1453 4214 omne
1479 4159 1641 4226 igitur
1658 4161 1799 4226 quod

210 4232 879 4308 deprecatur,_irratiomile
905 4247 1022 4308 esse
1043 4249 1149 4286 non
1170 4233 1353 4308 debet:
1383 4230 1521 4299 quod
1548 4230 1797 4308 si_t‘._epre-

209 4299 319 4356 cari
349 4317 460 4354 non
488 4304 663 4366 debet,
699 4304 865 4356 multo
895 4304 1073 4356 minus
1124 4299 1354 4366 ado'rari,
1393 4315 1513 4355 cum
1555 4299 1801 4353 videlicet

211 4373 462 4425 adoratio
514 4374 878 4441 deprccationi
915 4374 1168 4427 emineat.
1240 4371 1372 4425 Nam
1426 4371 1468 4423 si
1504 4370 1799 4425 manufacti

210 4443 399 4493 vultus
424 4443 742 4511 deprecandi
766 4452 819 4498 et
866 4444 1121 4497 adorandi
1155 4453 1298 4507 sunt,
1339 4451 1400 4496 ut
1425 4441 1497 4495 illi
1533 4441 1796 4510 garriunt,

213 4525 441 4584 necesse
466 4520 548 4584 est
574 4521 632 4565 ut
659 4513 1008 4584 deprecantes
1053 4515 1308 4568 exaudire
1349 4523 1402 4567 et
1433 4511 1800 4584 ador-antibus

210 4579 399 4653 favere
419 4579 810 4653 credanturfet
832 4586 876 4638 si
899 4587 1248 4653 deprecantes
1277 4582 1548 4644 exaudire,
1574 4583 1801 4653 adoran-

209 4651 470 4719 tibusque
511 4652 687 4708 favere
735 4651 1050 4718 creduntur,
1096 4667 1312 4707 necesse
1336 4659 1417 4705 est
1467 4658 1524 4703 ut
1572 4652 1679 4703 vita
1723 4654 1802 4705 eis

210 4736 469 4793 sensuum
493 4739 662 4793 capax
688 4727 866 4780 inesse
891 4725 1161 4779 credatur.
1211 4723 1324 4776 Non
1351 4733 1528 4793 autem
1556 4723 1693 4774 inest
1724 4724 1803 4777 eis

210 4792 318 4844 vita
376 4792 632 4864 sensuum
681 4813 890 4864 capax:
935 4810 1043 4848 non
1084 4795 1278 4863 igitur,
1316 4799 1372 4845 ut
1414 4792 1489 4864 illi
1520 4794 1800 4864 garriunt,

214 4863 474 4915 adorandi
501 4866 582 4918 vel
607 4863 934 4932 deprecandi
966 4873 1110 4920 sunt.
1138 4883 1156 4914 ι
1193 4864 1386 4916 Errare
1407 4863 1529 4915 facti
1563 4863 1804 4931 septima:

213 4932 410 5003 synodi
447 4932 698 4986 Patribus
721 4937 927 4996 tribuit,
974 4935 1118 5003 quod
1152 4934 1474 5001 imaginibus
1499 4934 1804 5000 supplicau—

219 5000 352 5050 (lum
378 5003 643 5055 senserint
686 5021 748 5058 ac.
785 5000 1144 5058 decreverint.
1209 5000 1589 5056 Adorationem
1625 5005 1805 5072 itaque

220 5081 551 5142 supremam,
603 5082 694 5142 aut
728 5075 928 5127 multum
969 5084 1116 5128 certe
1141 5073 1446 5142 religiosum
1477 5074 1800 5134 absolutum,

221 5135 668 5224 qlialein'sanctis
695 5144 1031 5208 exhibemus,
1063 5151 1221 5224 negat
1241 5135 1806 5224 imaginibussancto-

222 5220 350 5281 rum
383 5204 749 5281 deferendum,
789 5229 890 5265 non
924 5204 1321 5267 venerationem
1353 5204 1470 5281 qua:
1513 5213 1670 5268 rebus
1717 5230 1806 5270 sa-

222 5276 337 5351 cris
363 5282 584 5351 propter
609 5278 754 5351 aliud
781 5283 1089 5346 exhibetur;
1131 5298 1194 5335 ex
1217 5297 1279 5351 ca
1326 5276 1553 5351 uanique.
1580 5302 1686 5339 non
1725 5300 1810 5339 se-

225 5345 556 5423 quitur-illas
584 5349 781 5423 rogari.
857 5351 932 5404 lta
961 5345 1094 5405 crux
1115 5347 1344 5414 Domini,
1396 5359 1448 5404 ct
1470 5345 1586 5417 ejus
1616 5356 1804 5423 ﬁgura,

226 5389 239 5397 ι
267 5389 406 5398 ιιι-ν.-
439 5389 556 5398 ..-ι-υ
585 5389 642 5399 ιν
683 5389 781 5401 una.
857 5389 932 5404 ινιι
962 5389 1094 5405 unua
1118 5389 1322 5405 υυιιιιυι
1397 5389 1448 5404 νυ
1475 5389 1498 5405 ι,
1529 5389 1586 5406 ua
1617 5389 1648 5407 ιι
1671 5389 1783 5409 ὐΙιΙ

225 5389 410 5491 ςιὶοάθι
426 5389 865 5486 Evangefiorum,
890 5436 1220 5491 vasasacra,
1235 5389 1538 5491 sanctorum
1555 5389 1806 5491 reliquiae:

227 5486 344 5539 loca
372 5497 581 5553 sancta,
610 5491 958 5541 venerz‘itione
985 5490 1140 5555 digna
1173 5489 1429 5540 librorum
1442 5486 1809 5547 Carolinorum

229 5568 422 5610 auctor
445 5559 720 5632 agnoscit;
752 5561 949 5627 quibus
976 5565 1152 5610 tamen
1183 5573 1286 5608 non
1320 5557 1664 5626 supplicatur,
1689 5565 1810 5632 quia

227 5644 334 5682 nec
353 5629 613 5682 exaudire
641 5639 864 5698 queunt.

301 5699 532 5766 Quarto;
549 5691 692 5756 idem
705 5701 978 5774 colligitur
991 5711 1057 5752 ex
1070 5694 1190 5751 libri
1207 5691 1420 5754 secundi
1436 5714 1550 5770 cap.
1569 5702 1808 5772 septimo.

1903 3116 2110 3168 etiamsi
2152 3110 2419 3179 jussisset,
2470 3114 2593 3182 quia
2625 3110 2810 3168 recens
2848 3129 3109 3169 converso
3147 3111 3376 3182 principi
3401 3110 3487 3164 lac

1900 3185 2289 3251 prcpinandum
2321 3194 2456 3242 erat.
2507 3186 2828 3240 Christianis
2846 3197 3022 3240 autem
3049 3187 3103 3239 in
3127 3184 3228 3237 ﬁde
3259 3182 3488 3235 ﬁrmatis

1901 3255 2004 3324 cibi
2029 3254 2310 3310 solidiores
2346 3256 2672 3324 porrigendi,
2721 3258 3011 3310 secundum
3043 3253 3286 3324 Apostoli
3329 3268 3490 3324 regu-

1901 3323 2027 3376 lam.
2077 3343 2093 3375 ς
2132 3325 2239 3378 llas
2269 3323 2448 3395 igitur.
2475 3326 2669 3393 inquit,
2700 3328 2749 3379 ei
2796 3329 2900 3380 etsi
2951 3326 3177 3395 adorare
3210 3323 3485 3392 jussisset,

1902 3410 2020 3447 cum
2075 3404 2252 3449 talum
2295 3394 2404 3451 non
2427 3395 2667 3462 jusserit,
2718 3397 2838 3451 ideo
2886 3397 3128 3450 fortassis
3153 3394 3384 3462 iuberet,
3427 3403 3490 3448 ut

1900 3481 2020 3518 eum
2063 3467 2152 3534 qui
2195 3467 2486 3536 visibilium
2515 3467 2690 3520 cultor
2710 3477 2847 3530 erat,
2877 3481 2975 3535 per
3007 3465 3237 3520 visibilia
3266 3463 3330 3518 ad
3355 3465 3490 3536 invi—

1899 3532 2432 3604 siiiilia'provocarct,
2484 3552 2587 3590 non
2616 3545 2672 3590 ut
2697 3553 2794 3592 nos
2819 3532 3265 3592 déinvisibilibus
3304 3535 3372 3589 ad
3405 3532 3489 3587 vi-

1899 3607 2072 3660 sibilia
2103 3617 2396 3664 revocaret.
2468 3608 2576 3663 Nec
2616 3609 2735 3663 ideo
2759 3611 2930 3670 nobis,
2977 3609 3068 3677 qui
3093 3607 3155 3661 ad
3180 3605 3486 3676 percipien—

1901 3677 2024 3731 dum
2076 3677 2520 3750 solidnmciluun
2571 3681 2712 3734 vires
2751 3684 3076 3750 accepimus,
3133 3677 3204 3750 ad
3255 3677 3484 3730 lacteam

1899 3763 2076 3801 escam
2118 3746 2429 3802 laetentium
2457 3765 2606 3803 more
2651 3746 2931 3804 infantium
2963 3748 3293 3804 redeundum
3319 3753 3482 3809 esset,

1900 3818 1944 3870 si
1970 3815 2041 3868 illi
2069 3816 2152 3868 cui
2171 3817 2392 3870 necdum
2417 3832 2513 3883 per
2543 3821 2661 3872 ﬁdei
2680 3823 3092 3873 teneritudinem
3116 3820 3318 3873 solidus
3331 3818 3488 3870 cibus

1898 3886 2166 3952 impertiri
2191 3894 2420 3952 poterat,
2474 3887 2589 3940 sine
2612 3889 2731 3939 dolo
2765 3891 2845 3942 lac
2885 3891 3368 3955 concupiscendum
3393 3885 3490 3936 da—

1901 3966 2052 4006 retur
2088 3955 2275 4020 inquo
2305 3966 2595 4008 cresceret.
2637 3977 2652 4006 ι
2716 3956 2784 4009 At
2823 3959 2868 4010 si
2919 3958 3288 4008 adorationem
3319 3955 3490 4005 hono-

1901 4022 2100 4075 rat-iam
2133 4023 2447 4091 imaginum,
2472 4025 2583 4076 sive
2623 4025 2834 4077 illarum
2871 4025 3274 4078 venerationem
3304 4036 3487 4088 respe-

1902 4093 2120 4155 ctivam,
2154 4102 2373 4160 propter
2415 4101 2721 4147 sanctorum
2750 4095 3104 4147 reverentiam
3141 4101 3196 4148 et
3225 4105 3485 4154 amorem,

1901 4162 2142 4232 illicitum
2178 4172 2229 4216 ct
2253 4163 2431 4216 divina
2454 4164 2569 4232 lege
2594 4163 2811 4218 vetitam
2839 4164 3200 4216 cxistimasset
3226 4161 3486 4232 librorum

1904 4231 2276 4285 (larolinorum
2291 4241 2497 4298 auctor,
2512 4231 2635 4287 non
2653 4233 2876 4287 dixisset
2892 4232 3211 4287 Silvestrum
3225 4231 3492 4285 Constan-

1907 4304 2032 4373 tino
2073 4302 2296 4356 lacteam
2327 4319 2505 4359 escam
2533 4305 2856 4372 porrexisse,
2903 4303 2949 4357 si
2989 4304 3089 4373 ipsi
3121 4302 3220 4358 SS.
3250 4301 3414 4373 Petri
3436 4309 3491 4355 et

1908 4372 2057 4426 Pauli
2111 4373 2414 4444 adorandas
2437 4371 2697 4444 imagines
2729 4371 3130 4444 proposuisset,
3183 4371 3278 4430 sed
3307 4372 3491 4443 potius

1906 4459 2086 4499 escam
2107 4442 2408 4500 lethiferam
2435 4455 2490 4500 et
2519 4442 2785 4500 venenum
2816 4442 3151 4515 propinasse.

1978 4515 2162 4577 Sexto,
2181 4529 2245 4570 ex
2262 4530 2378 4583 cap.
2397 4516 2656 4582 vigesimo
2672 4514 2844 4585 primo
2863 4514 3102 4584 ejusdem
3117 4515 3260 4571 libri.
3273 4534 3290 4566 ε
3313 4514 3487 4582 Unde,

1904 4586 2098 4654 inquit,
2131 4587 2426 4656 cavendum
2466 4587 2572 4641 illis
2597 4597 2697 4651 est,
2736 4597 2789 4642 et
2839 4589 3013 4642 modis
3040 4588 3289 4643 omnibus
3321 4587 3490 4656 perti-

1905 4655 2268 4739 mes-centium,
2300 4672 2367 4711 ne
2397 4657 2521 4739 dum
2544 4658 2855 4739 imaginum
2894 4659 3095 4739 cultum
3121 4667 3176 4713 et
3222 4655 3491 4739 adoratio-

1905 4740 2026 4778 nem
2059 4726 2380 4808 Christiana:
2406 4727 2648 4808 religioni
2687 4726 2928 4808 ingerere
2949 4731 3225 4808 nituntur,
3255 4728 3492 4808 singula-

1905 4809 2018 4848 rem
2049 4795 2205 4850 unius
2254 4797 2348 4851 Dei
2395 4795 2597 4852 cultum
2633 4806 2690 4851 ct
2719 4795 3084 4854 adorationem
3116 4795 3364 4853 frustrari
3408 4798 3490 4849 vi-

1908 4865 2133 4940 deantur
2165 4905 2177 4918 .
2209 4905 2221 4919 .
2256 4907 2269 4920 .
2309 4867 2436 4940 .7Ac
2469 4884 2567 4936 per
2613 4869 2715 4923 hoc
2760 4871 2804 4924 si
2851 4871 3126 4940 religionis
3167 4865 3489 4940 (.hristiapa;

1907 4950 2024 5021 arx,
2063 4937 2175 4991 sive
2203 4934 2500 5021 munimen,
2529 4947 2582 4993 et
2611 4940 2899 5021 gloriosum
2937 4934 3161 5021 insigne,
3201 4935 3362 5016 upius
3389 4934 3488 5015 Dei

1909 5006 2083 5078 cultus
2111 5016 2166 5078 et
2195 5008 2436 5062 adoratio
2462 5003 2575 5073 est;
2613 5003 2730 5064 imo
2777 5010 2898 5078 quia
2931 5003 3213 5072 estfhanc
3235 5003 3489 5078 imagini-

1906 5076 2024 5146 bus,
2045 5077 2127 5130 vel
2149 5078 2472 5145 quibuslibet
2490 5081 2650 5133 rebus
2676 5076 2948 5140 exhibere,
2967 5086 3152 5132 contra
3175 5076 3488 5146 religionem

1908 5145 2269 5201 Christianam
2304 5158 2406 5212 est,
2458 5159 2512 5203 et
2549 5149 2591 5203 si
2621 5149 2719 5203 has
2746 5163 2852 5202 non
2888 5148 3112 5200 adorare
3144 5161 3239 5201 seu
3285 5146 3486 5207 colere,

1910 5227 2096 5271 contra
2127 5218 2437 5286 religionem
2471 5218 2830 5274 Christianam
2868 5223 2970 5280 est,
3005 5223 3075 5286 ut
3105 5215 3182 5268 illi
3223 5216 3484 5286 delirant;

1910 5287 2081 5341 solum
2127 5284 2294 5342 Deum
2329 5290 2576 5352 adorare,
2604 5301 2697 5343 seu
2738 5286 2941 5348 colere,
2970 5284 3191 5353 ejusque
3227 5285 3398 5338 cultus
3435 5288 3491 5333 et

1912 5358 2240 5414 adorationis
2287 5375 2465 5413 arcem
2515 5356 2840 5426 singularem
2882 5370 3001 5410 esse
3051 5355 3244 5426 fateri,
3301 5359 3487 5426 contra

1912 5429 2222 5498 religionem
2248 5420 2942 5498 Christianam'erit._So_lus
2967 5426 3129 5498 igitur
3156 5424 3297 5478 Deus
3309 5420 3488 5498 colen-

1910 5491 2039 5564 dus,
2057 5499 2202 5555 solus
2223 5499 2542 5556 adorandus,
2567 5496 2714 5550 solus
2735 5491 3112 5564 gloriﬁcandus
3133 5502 3232 5546 est.
3260 5513 3277 5564 ξ
3307 5491 3488 5564 Solam

1911 5562 2299 5630 adorationem,
2333 5583 2451 5636 qua:
2494 5562 2784 5636 gloriosum
2814 5566 3032 5636 insigne
3068 5565 3225 5618 unius
3264 5562 3489 5636 Deiest,

1912 5641 2258 5706 imaginibus,
2288 5633 2368 5687 vel
2401 5633 2519 5689 aliis
2558 5637 2718 5688 rebus
2743 5633 3018 5706 exhibere,
3064 5641 3249 5688 contra
3276 5633 3486 5700 religio-

1912 5705 2048 5768 nem"
2063 5707 2422 5764 Christianam
2458 5722 2578 5762 esse
2619 5705 2928 5760 contendit:
2972 5723 3077 5764 non
3117 5717 3244 5761 vero
3271 5717 3484 5758 venera-
