4026 6156
565 223 666 280 985

1486 228 1549 281 Β.
1589 225 1841 285 canon
1876 227 2092 285 MAGNI
2128 228 2279 288 ore.
2318 208 2498 287 pias
2532 230 2596 287 ii.
2635 231 2877 288 SECTIO
2912 230 2976 287 ii.

3701 236 3837 293 984

562 336 763 413 nuncin
800 330 1412 413 quamvis___relig_iosam.
1458 332 1735 413 Siquidem
1774 338 2130 413 sanctis‘cum
2152 346 2209 407 Α
2232 341 2479 413 ecclesia,
2503 349 2559 396 et
2586 342 2767 412 legat:
2805 343 3086 397 Dominum
3109 342 3277 398 Deum
3296 351 3444 398 tuum
3468 343 3745 413 adomnis,
3771 358 3839 405 et

558 401 771 477 Cliristo
820 402 1165 477 regnantibus
1193 401 1351 477 'banc
1378 401 1590 477 asserit
1624 407 1844 477 ibidem.
1888 425 1908 458 ‹
1965 407 2130 477 Cujus

562 471 720 525 etiam
742 473 958 544 sanctis,
975 471 1167 543 inquit,
1180 472 1293 542 qui,
1323 474 1648 544 triumphato
1674 476 1907 544 diabolo,
1922 471 2131 534 cum'eo

558 550 803 611 regnant,
832 542 944 596 sive
969 542 1095 611 quia
1119 544 1345 599 viriliter
1379 542 1722 600 certaverunt
1747 556 1808 601 ut
1832 542 1899 602 ad
1920 564 2020 604 nos
2043 549 2129 602 in-

559 611 785 687 columis
813 612 1066 687 Ecclesia:
1106 621 1280 687 status
1310 617 1635 687 perveniret,
1660 617 1788 687 _sive
1827 622 1953 687 quia
1985 634 2131 674 eam-

556 681 681 755 dem
709 682 1005 739 Ecclesiain
1030 683 1258 738 assiduis
1283 681 1555 755 suffragiis
1577 695 1632 740 et
1656 681 2131 743 intercessionibus

557 751 812 821 adjuvare
836 761 1147 818 noscuntur,
1177 751 1782 811 veneratio'exbibenda
1806 766 1906 811 est.
1942 776 1963 808 ι
1995 756 2132 811 lina-

556 822 768 896 ginibus
788 824 1002 890 quidem
1026 838 1214 892 parem
1242 839 1307 881 ac
1340 826 1542 880 sanctis
1571 826 1702 896 ipsis
1738 828 2132 882 venerationem

555 892 912 962 exhibendam
964 903 1152 962 negat,
1200 910 1415 950 omnem
1444 892 1647 950 cultum
1674 905 1728 949 et
1765 897 2134 951 adorationem

553 961 793 1036 ipsarum
823 961 1059 1036 excludit
1103 966 1423 1030 absolutam,
1468 980 1571 1036 qua
1616 966 1886 1036 nimirum!
1914 976 2135 1036 propter

554 1033 760 1101 seipsas
801 1032 1064 1096 colantur,
1105 1048 1212 1087 non
1263 1044 1442 1088 autem
1485 1032 1789 1089 relativam.
1842 1032 1954 1090 Nec
1989 1032 2135 1091 aliud

555 1102 862 1174 signiﬁcant
890 1105 1005 1174 haec
1051 1104 1214 1174 verba
1247 1118 1262 1157 :
1292 1121 1321 1174 Δι
1372 1103 1638 1174 Imagines
1680 1119 1809 1158 vero
1853 1107 2001 1159 omni
2051 1107 2135 1161 sui

554 1172 765 1225 cultura
786 1180 840 1223 et
864 1172 1426 1246 adorationeseclusa,
1452 1172 1633 1227 utrum
1669 1175 1728 1228 in
1756 1175 1994 1231 basilicis
2010 1191 2137 1246 pro-

552 1248 673 1314 pter
724 1243 1036 1314 memoriam
1085 1256 1267 1314 rerum
1316 1251 1616 1314 gestarum,
1663 1253 1718 1298 et
1760 1243 2136 1301 ornamentum

554 1311 683 1374 sint,
714 1324 782 1362 an
811 1311 977 1363 etiam
1005 1326 1113 1366 non
1142 1312 1268 1378 sint,
1320 1311 1525 1367 nullum
1570 1314 1694 1369 ﬁdei
1740 1315 2020 1370 catholicae
2058 1317 2139 1370 af-

551 1378 699 1453 ferre
742 1388 994 1453 poterunt
1043 1382 1431 1451 praejudicium.
1454 1402 1474 1435 ι
1515 1382 1670 1449 Quod
1719 1385 1765 1439 si
1806 1387 2138 1453 pertinacius

554 1451 678 1520 quis
739 1452 1025 1522 contendat
1071 1453 1424 1521 respectivam
1473 1467 1687 1522 quoque
1735 1451 2138 1511 venerationem

555 1529 830 1595 auctorem
856 1520 1025 1586 illum,
1054 1534 1110 1576 et
1130 1520 1439 1595 Gallicanos
1458 1520 1862 1593 Germanosque
1881 1528 2139 1595 praesules

554 1591 878 1666 imaginibus
926 1600 1237 1646 sanctorum
1280 1592 1618 1666 abjudicasse
1641 1633 1657 1659 ,
1706 1591 1949 1666 dicemus
1993 1598 2138 1666 ipsos

553 1677 663 1714 non
699 1663 1042 1731 impugnasse
1084 1663 1483 1717 venerationem
1529 1664 1676 1717 illam
1719 1673 1778 1718 ut
1807 1663 2049 1719 illicitam
2084 1676 2140 1721 et

556 1732 734 1784 divina
762 1733 878 1800 lege
914 1746 981 1785 ex
1011 1747 1129 1804 sese
1153 1734 1509 1801 prohibitam,
1542 1735 1637 1804 sed
1680 1742 1739 1788 ut
1780 1736 2140 1804 periculosam

552 1812 773 1871 propter
800 1808 1039 1875 abusum
1057 1803 1446 1875 imperitorum.
1478 1802 1628 1869 Quod
1652 1802 1809 1873 plane
1832 1806 2140 1875 significant

555 1875 672 1925 haec
700 1874 902 1925 verba:
948 1889 968 1922 ι
1001 1872 1310 1926 Cavendum
1338 1873 1444 1928 illis
1480 1882 1564 1928 est
1603 1882 1659 1928 et
1698 1876 1871 1928 modis
1887 1872 2140 1932 omnibus

526 1942 1062 2010 pertimescendum,
1092 1957 1159 1996 ne
1203 1944 1327 1997 dum
1366 1944 1659 2012 imaginum
1710 1945 1914 1999 cultum
1959 1957 2015 2000 et
2047 1948 2141 2001 ad-

555 2016 856 2084 orationem
870 2012 1191 2084 Christiana:
1204 2013 1448 2084 religioni
1474 2014 1718 2083 ingerere
1740 2015 2006 2080 nituntur,
2036 2018 2142 2071 sin-

556 2082 796 2206 gutiarem
838 2082 996 2137 unius
1022 2081 1119 2138 Dei
1145 2081 1350 2140 cultum
1392 2091 1449 2138 et
1489 2081 1859 2140 adorationem
1885 2086 2141 2142 frustrari

557 2168 610 2205 vi
650 2162 859 2205 eantur.
897 2172 916 2205 ι

557 2162 859 2205 vnleantur.
897 2172 916 2205 ι

629 2224 888 2296 Septimo,
915 2224 1055 2279 idem
1082 2223 1352 2296 colligitur
1376 2239 1443 2279 ex
1467 2240 1585 2295 cap.
1602 2225 1809 2282 decimo
1837 2235 1989 2282 sexto
2014 2228 2141 2281 libri

560 2294 720 2346 tertii.
765 2312 784 2344 ι
826 2294 982 2359 Nam,
1027 2294 1229 2363 inquit,
1268 2297 1397 2349 dum
1434 2294 1565 2349 nihil
1591 2311 1687 2351 nos
1717 2298 1773 2349 in
1818 2298 2141 2367 imaginibus

555 2378 875 2432 spernamus
887 2372 1084 2443 printer
1099 2367 1704 2443 adorationem,quippe
1719 2369 1810 2435 qui
1828 2368 1882 2420 iu
1902 2368 2142 2443 basilicis

558 2443 867 2507 sanctorum
900 2438 1179 2507 imagines,
1210 2451 1318 2489 non
1340 2442 1408 2488 ad
1438 2438 1790 2501 adorandum,
1822 2439 1916 2492 sed
1930 2441 2008 2493 ad
2030 2454 2141 2493 nie-

558 2505 789 2577 nioriam
834 2505 1030 2560 rerum
1062 2515 1354 2577 gestarum,
1402 2512 1456 2558 et
1501 2515 1836 2560 venustatem
1873 2509 2142 2577 parietum

560 2570 763 2644 habere
790 2570 1175 2644 permittimus,
1217 2576 1292 2629 illi
1327 2590 1454 2629 vero
1485 2590 1621 2644 pene
1643 2593 1858 2632 omnem
1873 2570 1996 2633 suae
2024 2592 2143 2633 cre-

559 2642 971 2716 dulitatisrspem
1001 2645 1057 2697 in
1097 2646 1420 2716 imaginibus
1440 2642 1721 2712 collocent,
1760 2656 1927 2702 restat
1953 2657 2012 2702 ut
2042 2663 2142 2703 nos

557 2722 777 2769 sanctos
811 2715 867 2767 in
893 2730 1080 2787 eorum
1103 2715 1419 2784 corporibus
1448 2716 1531 2771 vel
1556 2718 1736 2786 potius
1760 2718 2003 2787 reliquiis
2026 2733 2144 2773 eor-

555 2797 774 2853 porum,
811 2800 905 2857 seu
931 2786 1095 2840 etiam
1122 2787 1456 2857 vestimentis
1492 2802 1838 2854 veneremur,
1857 2786 2015 2857 juxta
2042 2804 2142 2842 an-

561 2857 830 2928 tiquorum
864 2854 1091 2928 Patrum
1124 2856 1495 2928 traditionem,
1540 2858 1615 2911 illi
1652 2874 1780 2916 vero
1820 2854 2057 2928 parietes
2089 2865 2146 2912 et

558 2926 786 3001 tabulas
808 2927 1113 3001 adorantes,
1146 2927 1199 2981 in
1224 2942 1289 2982 eo
1318 2942 1375 2982 se
1404 2930 1737 3001 arbitrentur
1768 2926 2022 3001 magnum
2048 2928 2145 3001 lia-

556 2994 688 3070 !)C'e
715 2997 840 3070 ﬁdei
873 2998 1313 3070 emolumentum,
1345 3012 1410 3052 eo
1440 3000 1583 3068 quod
1606 2994 1991 3070 Operibus'sint
2016 3000 2144 3054 sub-

553 3064 683 3140 jecti
721 3068 1010 3140 pictorum.
1058 3088 1078 3120 ι
1126 3069 1286 3123 illam
1329 3064 1588 3123 duntaxat
1629 3064 1919 3140 imaginum
1952 3070 2146 3140 adora-

556 3136 760 3210 tionein
800 3139 1094 3210 impugnat,
1134 3154 1252 3210 qua
1294 3154 1432 3208 pene
1458 3140 1635 3195 omnis
1663 3136 1785 3210 spes
1811 3139 2145 3210 credulitatis

559 3206 618 3261 in
649 3207 756 3261 illis
785 3203 1099 3264 collocatur.
1126 3203 1253 3265 Haec
1284 3203 1466 3265 autem
1510 3219 1595 3266 est
1640 3203 1883 3265 adoratio
1926 3209 2140 3276 latriae;

562 3286 656 3351 aut
683 3286 831 3334 certe
869 3280 1142 3335 veneratio
1190 3280 1296 3335 illis
1335 3289 1554 3350 propter
1596 3298 1656 3337 se
1699 3282 1844 3351 ipsas
1879 3280 2141 3347 exhibita,

561 3346 716 3416 cujus
742 3351 983 3419 periculo
1008 3353 1135 3419 quia
1182 3346 1813 3422 imperiti—exponuntur,
1865 3354 1991 3407 dum
2036 3346 2146 3406 illis

562 3422 851 3492 adoranda:
876 3430 1248 3492 proponuntur
1275 3423 1555 3491 imagines,
1585 3433 1768 3477 censet
1795 3423 1999 3478 cultum
2029 3436 2147 3492 om-

563 3505 689 3562 nem
723 3491 862 3562 ipsis
878 3491 1290 3562 abrogandum;
1332 3507 1441 3545 non
1479 3493 1621 3560 quod
1647 3508 1744 3561 per
1769 3506 1828 3546 se
1866 3494 1938 3545 sit
1961 3491 2147 3562 probi-7

562 3560 710 3617 bitus
737 3577 800 3615 ac
834 3560 1073 3627 illicitus,
1113 3563 1241 3631 quia
1281 3563 1469 3615 doctos
1515 3560 1733 3614 innoxie
1775 3576 1871 3614 eas
1899 3561 2146 3631 venerari

565 3631 810 3699 agnoscit
834 3639 888 3684 et
912 3632 1101 3686 colere'
1126 3633 1272 3685 cultu
1308 3630 1627 3699 respectivo,
1673 3631 1768 3685 sed
1792 3630 1937 3700 quod
1965 3630 2151 3700 rudio—

565 3702 717 3754 ribus
746 3709 800 3752 et
838 3700 1104 3766 imperitis
1146 3701 1347 3770 eri-oris
1392 3701 1604 3754 occasio
1634 3699 1911 3770 disciplina
1957 3699 2146 3768 huius-

566 3770 711 3823 modi
733 3782 854 3823 esse
872 3770 1062 3837 possit,
1088 3769 1180 3839 qui
1202 3769 1405 3823 cultum
1428 3769 1785 3839 respectivum
1806 3772 1875 3827 ab
1902 3772 2148 3826 absoluto

566 3853 675 3919 non
706 3840 782 3893 ita
806 3840 1031 3919 subtiles
1065 3847 1189 3919 sunt
1216 3848 1274 3892 ut
1301 3840 1667 3919 distinguantr
1688 3859 1707 3892 ι
1743 3839 1880 3919 l‘iam
1909 3843 2034 3919 etsi,
2063 3842 2148 3919 in:

567 3909 766 3982 quit,ra
790 3910 963 3965 doctis
996 3912 1296 3980 quibusque
1336 3909 1497 3965 vitari
1525 3912 1697 3980 possit
1747 3912 1851 3967 hoc
1888 3915 2030 3982 quod
2069 3912 2147 3965 illi

568 3981 625 4035 in
648 3981 950 4053 aderandis
977 3982 1300 4051 imaginibus
1320 3991 1596 4049 exercent,
1624 3984 1717 4053 qui
1744 3981 2012 4053 videlicet,
2039 3997 2149 4038 non

567 4052 697 4121 quid
742 4055 867 4117 sint,
913 4056 1004 4109 sed
1042 4055 1173 4123 quid
1219 4053 1465 4119 innuant,
1510 4052 1876 4120 venerantur;
1919 4052 2149 4108 indoctis

568 4132 751 4194 tamen
795 4125 1095 4194 quibusque
1154 4124 1466 4180 scandalum
1519 4135 1779 4193 generant
1801 4163 1818 4189 ,
1870 4124 1962 4192 qui
2015 4123 2152 4178 nihil

568 4193 716 4248 aliud
747 4193 932 4261 inhis,
970 4193 1169 4265 praeter
1202 4196 1257 4249 id
1297 4196 1444 4264 quod
1482 4196 1700 4259 vident,
1734 4202 2059 4249 venerantur
2094 4202 2152 4250 et

568 4268 819 4319 adorant.
870 4285 886 4316 ο

643 4333 862 4404 Octavo,
892 4334 948 4388 id
984 4335 1254 4404 colligitur
1278 4349 1345 4389 ex
1360 4333 1536 4404 capite
1556 4331 1780 4404 decimo
1803 4334 2032 4401 septimo
2058 4335 2151 4389 ubi

573 4403 829 4471 expendit
871 4402 1190 4457 sententiain
1231 4402 1572 4474 Constantini
1615 4402 1942 4474 constantiae
1989 4404 2151 4474 Cypri

570 4474 826 4542 episcopi.
858 4491 876 4523 ι
918 4475 1089 4539 Quam
1112 4472 1529 4543 precipitaiiter,
1548 4472 1739 4540 inquit,
1771 4484 1846 4537 et,
1878 4481 1935 4525 ut
1964 4472 2046 4526 ita
2066 4472 2150 4527 di-

572 4541 768 4605 xerim,
816 4541 1147 4609 insipienter,
1197 4541 1578 4613 Constantinus
1619 4543 1947 4597 Constantite
1989 4543 2153 4613 Cypri

573 4613 886 4681 episcopus,
935 4613 1142 4665 caeteris
1180 4611 1658 4677 consentientibus,
1693 4627 1750 4667 se
1777 4611 2153 4681 suscepturum

573 4691 629 4735 et
672 4682 1047 4754 amplexurum
1077 4681 1486 4754 honorabiliter
1539 4682 1800 4754 imagines
1835 4684 2054 4748 dixerit,
2099 4693 2156 4739 et

575 4750 857 4822 servitium
881 4753 1233 4817 adorationis,
1257 4754 1401 4822 quod
1428 4750 1874 4809 consubstantiaﬁ
1899 4761 1954 4806 et
1983 4754 2155 4808 viviﬁ-

576 4820 766 4875 eatrici
792 4821 1041 4875 Trinitati
1074 4820 1316 4890 debetur,
1342 4823 1422 4879 eis
1444 4839 1502 4879 se
1528 4825 1861 4879 redditurum
1882 4824 2150 4891 garrierit,

576 4908 683 4947 non
710 4901 793 4946 est
818 4894 1107 4963 plurimum
1134 4904 1317 4949 nostra
1343 4894 1702 4964 disputatione
1726 4890 2152 4964 discutiendum:

576 4961 836 5039 quoniam
859 4964 1128 5039 omnibus,
1156 4965 1249 5034 qui
1279 4967 1381 5021 hoc
1415 4961 1498 5039 vel
1528 4964 1749 5039 legunt,
1780 4961 1865 5014 vel
1909 4961 2151 5039 audiunt,

576 5034 780 5101 liquido
808 5044 955 5101 patet
1002 5035 1153 5089 illum
1172 5031 1311 5090 _non
1348 5033 1545 5089 modici
1583 5031 1783 5085 erroris
1812 5031 2157 5096 voraginibus

578 5100 931 5175 immersam;
964 5106 1166 5175 quippe
1200 5107 1294 5173 qui
1341 5104 1620 5169 servitium
1648 5100 1748 5175 soli
1780 5100 1890 5175 Deo
1915 5100 2158 5175 debitum

579 5175 825 5229 Creatori
855 5168 1118 5230 exhibere
1136 5191 1194 5230 se
1217 5168 1420 5229 fatetur
1447 5168 1729 5241 Creaturis,
1755 5177 1813 5241 et
1843 5168 1985 5241 dum
2010 5172 2158 5241 cupit

578 5248 761 5300 favere
788 5244 1033 5313 picturis,
1064 5246 1358 5298 reluctatur
1395 5239 1601 5313 cunctis
1625 5239 1811 5313 sacris
1837 5237 2153 5309 Scripturis.

580 5317 713 5383 Quis
758 5309 888 5386 ergo
914 5330 1149 5386 unquam
1194 5313 1312 5386 sani
1341 5309 1725 5386 capitis_talein
1769 5312 2157 5386 absurditatem

584 5380 666 5441 v'el
686 5380 899 5449 dixerit,
927 5380 1230 5437 vel—dicenti
1255 5380 1603 5445 consenserit,
1631 5388 1689 5434 ut
1707 5381 1763 5436 in
1785 5389 1936 5436 tanto
1954 5381 2159 5438 honore

580 5457 843 5510 habeatur
866 5454 1199 5524 picturarum
1231 5454 1490 5524 varietas,
1514 5463 1721 5524 quanto,
1750 5461 1954 5524 sancta,
1988 5452 2159 5524 vivifi-

582 5526 755 5579 catrix
789 5532 844 5577 et
867 5521 1127 5577 ’omniuiu
1171 5533 1405 5578 creatrix
1454 5523 1731 5579 Trinitas?
1768 5523 1837 5576 Et
1868 5521 1973 5574 tale
2005 5522 2159 5574 exhi-

581 5597 774 5665 bentur
815 5594 1093 5648 servitium
1135 5594 1376 5665 picturae,
1411 5594 1569 5664 quale
1612 5593 1894 5665 exhibetur
1931 5591 2158 5665 Domino

584 5660 751 5714 totius
772 5665 1073 5719 creatume?
1211 5702 1227 5721 .
1260 5702 1275 5720 .
1310 5703 1326 5720 .
1366 5660 1486 5721 Stét
1516 5679 1747 5734 namque
1782 5662 2066 5734 episcopus
2101 5660 2158 5720 in

2167 3040 2218 3103 (Ξ

2234 411 2314 464 illi
2338 411 2436 464 soli
2457 411 2676 479 senvies’;
2698 421 2754 466 et
2777 427 2903 468 mox
2922 421 2982 467 ut
3008 415 3063 467 in
3088 422 3353 469 conventu
3381 414 3598 478 sederit,
3630 411 3795 473 dicat
3813 433 3837 474 :

2240 499 2260 531 ι
2305 480 2550 551 Suscipio
2579 492 2635 537 et
2659 484 2952 554 amplector
2980 484 3362 539 honorabiliter
3397 493 3616 539 sanctas
3638 495 3697 539 et
3726 503 3844 545 ve-

2241 568 2260 602 i
2295 556 2560 627 nerandas
2603 553 2977 627 imagiiies,_et
3011 553 3115 627 illis
3144 555 3838 627 servitium_adorationis,

2240 639 2261 673 ι
2304 623 2447 689 quod
2492 624 2933 678 consubstaiitiali
2967 632 3020 678 et
3050 625 3382 679 viviﬁcatrici
3428 623 3685 680 Trinitati
3723 623 3841 685 de;

2240 692 2469 762 ibetur,
2490 692 2768 760 impendo;
2802 714 2821 745 ι
2855 695 3037 762 sicque
3061 709 3120 749 se
3142 695 3197 748 in
3219 693 3412 748 divinis
3438 696 3621 749 verbis
3646 697 3841 753 insta-

2234 760 2417 825 bilem,
2442 776 2508 833 se
2529 765 2672 816 aliud
2693 778 2787 818 ore
2811 760 3169 833 proﬁtentem,
3216 764 3359 819 aliud
3387 766 3553 819 corde
3579 768 3831 823 creden-

2235 838 2363 895 tem,
2404 831 2547 904 aliud
2573 834 2766 904 divinis
2798 831 3007 904 paginis
3055 834 3337 903 legentem,
3374 833 3518 888 aliud
3566 836 3622 889 in
3660 846 3837 894 antro

2234 901 2469 969 pectoris
2504 903 2587 955 sui
2618 901 2892 974 tenentem
2914 912 2967 958 et
2993 901 3187 958 divinis
3229 905 3408 958 verbis
3433 905 3831 974 Aobnitentem,

2237 980 2291 1023 et
2315 986 2439 1024 suas
2461 987 2632 1044 nugas
2654 973 2946 1028 Dominicis
2988 973 3269 1044 praeceptis
3307 972 3686 1042 prmferentem
3728 972 3837 1032 de;

2237 1050 2519 1094 monstret.
2546 1062 2573 1113 p
2604 1042 2807 1096 Ansam
2844 1042 3006 1099 dabat
3037 1044 3125 1097 illa
3159 1044 3497 1098 Constantini
3526 1048 3833 1113 sententia,

2238 1125 2398 1183 quam
2420 1111 2596 1165 νειείο
2619 1123 2862 1168 actorum
2889 1114 3129 1183 septima:
3150 1114 3339 1183 synodi
3364 1113 3543 1168 minus
3564 1111 3837 1172 accurata

2239 1181 2509 1256 durinrem
2548 1183 2890 1256 reddiderat,
2927 1181 3064 1256 ipsi
3093 1181 3358 1256 tribuendi
3395 1185 3616 1249 erroris,
3658 1202 3836 1256 quem

2237 1252 2426 1327 verbis
2448 1259 2602 1327 tenus
2626 1254 2897 1327 exprimit,
2923 1254 3030 1308 imo
3055 1255 3229 1324 ipsum
3267 1253 3323 1327 in
3354 1252 3837 1327 totam__syn6dum

2239 1320 2574 1386 refundendi,
2614 1320 2733 1391 qua:
2780 1323 2928 1377 illum
2967 1320 3094 1378 non'
3120 1324 3475 1378 emendasset.
3512 1320 3837 1381 Hadrianus

2238 1391 2457 1464 papain
2484 1394 2710 1464 epistola
2749 1394 3079 1463 apologetica
3125 1409 3224 1462 pro
3262 1393 3407 1447 cultu
3434 1396 3721 1464 imaginum
3748 1396 3836 1450 ad

2240 1460 2490 1533 Carolum
2517 1460 2804 1532 Magnum,
2849 1479 2967 1533 cap.
3015 1468 3066 1529 9,
3118 1460 3453 1518 Constantini
3495 1460 3833 1519 sententiam

2240 1530 2440 1584 bonum
2478 1531 2532 1585 in
2559 1530 2779 1605 sensum
2802 1530 2967 1605 trahit
2994 1534 3078 1587 liis
3104 1535 3280 1588 verbis
3305 1550 3318 1586 :
3366 1551 3385 1584 ‹
3424 1535 3498 1588 Ex
3518 1551 3680 1605 prava
3732 1551 3836 1589 re-

2239 1608 2513 1656 vertentes
2558 1603 2771 1668 haeresi,
2822 1604 2950 1658 totis
2998 1605 3206 1659 nisibus
3248 1618 3435 1658 eorum
3481 1603 3836 1659 téntaverunt

2243 1680 2442 1743 sancta:
2488 1673 2767 1727 catholicae
2796 1682 2851 1727 et
2887 1674 3190 1743 apostolica:
3238 1675 3293 1727 in
3339 1674 3576 1743 ipsorum
3610 1674 3833 1729 confes-

2245 1741 2398 1795 sione
2426 1744 2741 1797 satisfacere
2781 1741 3075 1809 Ecclésim;
3115 1754 3170 1798 et
3207 1744 3325 1798 ideo
3359 1741 3521 1799 talem
3556 1745 3832 1798 adoratio-

2244 1812 2636 1884 nemnconfessi
2684 1822 2811 1867 sunt
2850 1829 2950 1883 pro
2996 1814 3163 1869 sacris
3210 1814 3533 1884 imaginibus
3575 1815 3832 1877 credere,

2244 1881 2418 1951 qualis
2450 1882 2504 1935 in
2529 1881 3066 1955 deﬁnitione—synodi
3102 1881 3391 1955 constituta
3426 1892 3511 1955 est
3546 1885 3689 1939 inter
3720 1898 3839 1955 ca:-

2245 1959 2382 2026 tera_._
2421 1971 2439 2004 »
2481 1957 2597 2026 Qun
2630 1953 3008 2026 loaniczenie
3046 1971 3083 2010 ii
3130 1954 3319 2026 synodi
3360 1954 3737 2026 deﬁnitionem
3770 1954 3840 2005 in

2243 2022 2480 2076 medium
2507 2023 2683 2078 affert.
2720 2024 2999 2093 Signiﬁcat
3033 2022 3334 2079 Hadrianus
3357 2024 3491 2078 istos
3518 2025 3839 2093 episcopos,

2244 2093 2338 2161 qui
2362 2092 2808 2148 iconoclastaruni
2840 2096 3085 2149 hairesiiu
3115 2092 3410 2161 ejurabant,
3440 2102 3501 2145 ut
3518 2092 3737 2147 Omnem
3760 2106 3846 2146 ex

2246 2162 2577 2217 audientium
2633 2165 2826 2217 animis
2875 2163 3231 2231 suspicionem
3266 2163 3656 2229 abstergerent,
3691 2161 3846 2231 neul-

2246 2240 2381 2298 tum,
2414 2249 2572 2302 quem
2612 2232 2930 2302 imaginibus
2955 2227 3291 2302 tribuendum
3325 2227 3608 2302 putabant,
3647 2227 3845 2302 efﬁca-

2243 2303 2395 2356 cibus
2430 2299 2599 2370 —atque
2629 2299 2945 2371 eniphaticis
2979 2299 3156 2371 verbis
3193 2299 3565 2371 expressisse;
3608 2300 3706 2371 sed
3742 2300 3844 2353 ita

2242 2380 2420 2425 tamen
2474 2368 2529 2424 ui
2572 2368 2758 2424 eorum
2794 2370 3059 2423 sententia
3108 2370 3178 2422 sit
3221 2368 3289 2423 ex
3318 2369 3506 2436 ipsius,
3535 2369 3622 2429 cui
3658 2368 3846 2421 inter-

2242 2449 2416 2507 erant,
2442 2440 2629 2510 synodi
2667 2439 2976 2493 deﬁnitione
3005 2439 3427 2510 interpretanda.
3467 2437 3653 2507 Neque
3691 2439 3846 2510 adeo

2242 2512 2388 2566 illam
2436 2508 2778 2565 Constantini
2820 2510 3059 2578 episcopi
3090 2508 3447 2578 sententiam,_
3482 2509 3846 2576 quantumvis

2243 2584 2452 2645 duram,
2493 2580 2668 2634 fraudi
2698 2594 2819 2635 esse
2844 2575 3042 2633 debere
3068 2579 3317 2644 concilio,
3365 2575 3519 2645 cujus
3562 2578 3711 2631 clara
3744 2586 3843 2633 est

2243 2660 2298 2705 et
2331 2651 2631 2704 indubitata
2665 2650 2931 2704 sententia
2963 2649 3103 2701 infra
3124 2648 3339 2703 latriam
3364 2662 3486 2703 esse
3512 2662 3639 2702 eum
3665 2649 3842 2701 bono-

2243 2736 2359 2776 rem
2390 2720 2484 2789 qui
2510 2720 2839 2790 imaginibus
2854 2718 3121 2790 defertur.

2279 2828 2288 2839 ι
2313 2793 2385 2845 Αι
2408 2786 2674 2845 libroruin
2689 2788 3064 2844 Carolinorum
3088 2796 3279 2843 auctor
3303 2802 3407 2841 non
3422 2786 3496 2841 ita
3520 2787 3621 2842 fuit
3642 2802 3842 2856 aequus

2245 2863 2301 2917 in
2332 2862 2592 2933 synodum
2605 2861 2878 2933 Nicaanain
2900 2874 2961 2925 ii,
2988 2860 3081 2914 sed
3105 2874 3173 2914 ex
3196 2857 3446 2933 opiniune
3458 2866 3839 2933 praiconcepta

2247 2927 2512 2998 scribens,
2546 2932 2649 3001 ipsi
2674 2930 2867 2984 tribuit
2887 2944 3128 3001 errorem
3143 2927 3313 3001 quem
3336 2927 3738 3001 Constantinus
3753 2931 3839 2981 vi-

2248 3005 2473 3059 debatur
2498 2997 2846 3070 expressisse,
2870 3008 2924 3053 et
2951 2999 3317 3054 deﬁnitionem
3339 3000 3529 3070 synodi
3551 3001 3623 3070 ad
3637 2997 3841 3070 facien-

2248 3075 2377 3128 dum
2414 3067 2596 3127 fucum
2631 3071 3008 3127 concinnatam
3046 3070 3141 3134 ait,
3188 3076 3244 3124 et
3284 3070 3353 3123 ad
3369 3067 3841 3124 dissimulandum

2245 3158 2506 3205 errorem,
2539 3156 2698 3211 quem
2724 3141 2901 3211 minus
2948 3138 3174 3211 callidus
3197 3139 3506 3211 prndidcrat
3521 3138 3841 3211 anstanti-y

2236 3230 2368 3269 nus.
2412 3208 2804 3267 Existimabam
2832 3210 2994 3279 igitur
3007 3209 3230 3280 Carolus
3242 3209 3466 3280 Magnus
3486 3220 3552 3280 er
3565 3208 3836 3264 Gallicani

2246 3284 2610 3352 Germanique
2660 3278 2934 3352 priesules,
2983 3287 3151 3352 totam
3197 3278 3471 3352 Syno‘dum
3515 3278 3834 3352 Grecorum

2247 3357 2482 3410 sensisse
2505 3349 2973 3420 iiiiaginesieodem
2997 3349 3144 3404 cultu
3166 3351 3467 3404 adorandas
3489 3350 3583 3419 qui
3603 3351 3837 3404 sanctis-

2247 3425 2397 3480 simae
2420 3419 2668 3477 Trinitati
2690 3419 2958 3490 defertur;
3007 3420 3419 3474 Constantinum
3448 3421 3760 3490 episcopum
3779 3420 3838 3476 id

2248 3508 2430 3550 coram
2451 3489 2718 3558 frequenti
2748 3491 2953 3559 synodo
2965 3490 3287 3558 professum,
3319 3489 3707 3559 reprehensum
3719 3506 3828 3545 non

2248 3565 2443 3627 fuisse;
2492 3560 2857 3614 deﬁnitionem
2888 3559 3134 3614 eumdem
3156 3575 3413 3624 errorem,
3464 3561 3833 3616 distinctioni-

2248 3636 2349 3690 bus
2384 3633 2452 3685 ad
2475 3629 2783 3703 faciendum
2813 3629 2997 3703 fucuin
3026 3630 3543 3703 idoneispalliatum,
3587 3632 3836 3703 plebibus

2247 3705 2513 3774 ingerere.
2550 3700 2688 3774 llinc
2700 3699 2925 3774 Carolus
2939 3699 3177 3774 Magnus,
3204 3711 3327 3769 post
3346 3699 3832 3774 laudatansuperius

2246 3770 2430 3837 verba,
2484 3772 2550 3827 de
2569 3770 2909 3826 Constantini
2938 3770 3203 3825 sententia
3228 3772 3441 3830 subdit:
3488 3790 3506 3822 ι
3538 3770 3675 3825 Nam
3708 3787 3830 3826 cum

2248 3845 2350 3924 sibi
2371 3843 2591 3924 suisque
2609 3842 2975 3923 .dignoscatur
2999 3842 3055 3895 in
3083 3856 3454 3924 sua-perversa
3493 3842 3833 3924 professione

2249 3916 2459 3993 obesse,
2497 3911 2653 3993 nobis
2673 3928 2715 3993 e.
2733 3912 3003 3993 contrario
3028 3911 3121 3981 qui
3142 3912 3368 3993 illorum.
3381 3911 3540 3993 nugis
3554 3914 3725 3993 reniti
3740 3929 3832 3967 cu-

2247 3985 2443 4055 pimus,
2477 3983 2810 4054 dignoscitur
2838 3984 3123 4055 prodesse;
3169 3998 3291 4055 cum
3322 3982 3568 4055 videlicet
3587 3997 3823 4055 errorem

2250 4052 2452 4125 detegit
2464 4052 2814 4132 _i_nlaustuin_,_
2841 4068 3001 4122 quem
3013 4052 3105 4132 _illi
3144 4053 3396 4132 videntur
3419 4053 3656 4123 plebibus
3675 4052 3823 4132 inge-

2251 4122 2689 4194 rere'palliatum.
2752 4124 2919 4177 Aiunt
2940 4123 3124 4194 enim:
3164 4141 3183 4173 ‹
3214 4122 3331 4178 Νοιι
3367 4122 3650 4194 adoramus
3683 4122 3825 4194 ima-

2258 4216 2276 4249 ι
2308 4192 2461 4267 giiies
2499 4204 2557 4250 ut
2580 4197 2769 4260 Deum,
2806 4210 2906 4267 nec
2929 4193 3033 4267 illis
3056 4195 3223 4267 divini
3246 4194 3469 4267 servitii
3509 4192 3714 4267 cultum
3740 4192 3828 4245 ini-

2259 4287 2277 4318 ‹
2309 4263 2613 4336 pendimus,
2663 4267 2758 4320 sed
2788 4265 2915 4319 dum
2944 4264 3065 4319 illas
3092 4265 3383 4334 aspicimus
3419 4273 3492 4336 et
3521 4263 3828 4336 adoramus,

2260 4356 2278 4389 ι
2310 4334 2402 4392 illo
2434 4337 2629 4390 mentis
2644 4344 2843 4389 nostra:
2861 4348 3086 4389 acumen
3110 4336 3410 4405 deﬁgimus,
3444 4334 3535 4389 ubi
3561 4348 3681 4405 eos,
3705 4347 3829 4402 quo-

2180 4387 2230 4448 1)
2263 4387 2281 4461 ᾇ
2312 4387 2760 4470 immensi;
2807 4387 2928 4458 esse
2954 4387 3429 4475 nonnisi-anus.
3453 4387 3505 4456 ἵ
3544 4402 3617 4457 Ai
3646 4387 3828 4475 contra

2255 4480 2357 4533 iste
2380 4476 2594 4530 illorum
2627 4479 2882 4545 detegens
2897 4473 3156 4542 errorem,
3180 4481 3234 4529 et
3256 4490 3408 4545 suam
3437 4475 3681 4545 pandens
3712 4473 3830 4545 abs-

2255 4562 2358 4618 que
2380 4540 2925 4618 ullapbunibratione
2936 4540 3337 4618 cogitationem,
3363 4540 3562 4618 fatetur
3572 4558 3650 4606 se,
3673 4540 3827 4618 quale

2255 4609 2456 4673 sancta:
2485 4616 2755 4679 Trinitati,
2788 4615 2890 4669 tale
2914 4609 3292 4671 illis'exhibere
3324 4613 3613 4674 servitium,
3638 4609 3820 4679 talem-

2225 4704 2360 4758 .que
2380 4676 2780 4758 adorationeni;
2810 4687 2993 4752 sicque
3026 4686 3429 4758 absurditatem,
3456 4693 3617 4758 quam
3629 4676 3818 4758 nilli‘in-

2258 4755 2465 4813 {rursus
2501 4756 2733 4810 renitent
2758 4755 3004 4818 latenter,
3052 4756 3189 4810 hanc
3216 4756 3319 4810 iste
3347 4756 3516 4824 egerit
3553 4755 3821 4824 patenter.

2257 4828 2365 4882 Nec
2378 4828 2544 4899 latere
2556 4837 2877 4899 quemquam
2891 4817 3068 4899 potest
3084 4826 3296 4880 illorum
3311 4817 3540 4899 ignavia,
3554 4817 3678 4899 cum
3691 4817 3826 4899 hanc

2254 4900 2460 4968 pandat
2484 4894 2705 4968 hujusce
2735 4892 3083 4968 professionis
3098 4892 3383 4968 sententia.
3419 4912 3436 4944 ι
3480 4892 3653 4968 Quam
3666 4892 3827 4968 igitur

2257 4961 2626 5022 adorationein
2652 4961 2942 5041 imaginum
2964 4965 3245 5041 impugnat
3274 4965 3538 5019 librorum
3561 4961 3826 5041 Carolin-

2258 5052 2377 5091 rum
2396 5044 2601 5098 auctor,
2628 5049 2692 5087 ea
2715 5033 3153 5105 latriieAadoratio
3174 5043 3275 5101 est,
3306 5049 3469 5105 quam
3488 5033 3734 5086 sanxisse
3752 5044 3827 5082 ar-

2256 5107 2566 5179 bitrabatur
2586 5120 2641 5173 sy
2651 5104 2858 5179 nodum
2875 5101 3205 5179 Graecorum.
3271 5175 3284 5179 Δ
3323 5101 3343 5105 “
3356 5174 3368 5179 _
3560 5177 3565 5179 _
3727 5167 3740 5179 ν

2329 5175 2499 5249 Nono,
2512 5175 2656 5249 idem
2687 5174 2958 5249 colligitur
2975 5190 3041 5228 ex
3057 5174 3466 5249 capitedecimo
3483 5177 3677 5227 octavo
3694 5174 3828 5249 ejus-

2257 5245 2379 5320 dem
2405 5245 2545 5320 libri.
2568 5262 2586 5295 ι
2609 5244 2743 5320 Cum
2759 5260 2913 5320 ergo,
2945 5244 3140 5320 inquit,
3163 5246 3251 5320 isti
3281 5258 3418 5313 pene
3444 5244 3828 5320 omnemauxi-

2258 5316 2316 5370 lii
2362 5316 2445 5370 sui
2473 5329 2621 5385 spem
2661 5314 2716 5369 in
2756 5311 3365 5391 imaginibus_dcﬁgaiit,
3399 5328 3525 5391 non.
3549 5311 3828 5391 mediocri-

2259 5395 2341 5440 ter
2379 5402 2409 5439 a
2444 5381 2629 5439 sancta
2662 5393 2717 5440 et
2742 5381 3028 5438 universali
3052 5381 3377 5439 dissentiunt
3399 5381 3665 5445 Ecclesia,
3713 5393 3827 5447 qua:

2260 5471 2409 5524 spem
2440 5456 2624 5509 auxilii
2651 5454 2733 5509 sui
2753 5469 2859 5508 non
2886 5453 2939 5505 in
2962 5453 3185 5524 pictura:
3204 5454 3361 5519 fucis,
3390 5468 3497 5524 non
3523 5452 3580 5505 in
3594 5448 3826 5504 manufa-

2259 5522 2361 5583 clis
2389 5526 2652 5581 artiﬁcum
2681 5525 2949 5593 operibus,
2982 5523 3074 5577 sed
3104 5524 3156 5577 in
3180 5525 3289 5579 Deo
3318 5522 3559 5593 omnium
3585 5529 3827 5574 creatore

2260 5598 2461 5668 deﬁgit.
2494 5616 2513 5648 ι
2546 5597 2679 5649 Eam
2693 5592 3270 5668 impugnatimaginum
3285 5592 3677 5668 adorationem,
3711 5604 3828 5668 qum

2211 5735 2220 5745 .
2260 5658 2575 5738 argumento
2584 5670 2666 5722 est
2688 5658 2838 5732 spem
2850 5658 2994 5731 pene
3012 5658 3227 5721 omnem
3249 5661 3303 5719 in
3315 5665 3539 5735 picturae
3561 5659 3701 5716 fucis
3720 5658 3825 5715 col-
