4026 6156
174 278 289 354 983

1168 289 1346 346 LIBRI
1383 287 1725 345 CAROLlNl.
1751 316 1825 330 —-
1856 286 2398 349 PROLEGOMENA.

3336 301 3438 358 986

175 408 373 464 locari.
415 405 485 460 At
506 421 568 461 ex
594 403 936 476 veneratione
960 402 1226 473 religiosa,
1259 418 1379 471 qua:
1400 401 1561 455 rebus
1584 399 1750 476 sacris
1775 401 1832 461 Α
1853 404 1960 476 tur.
1991 418 2012 476 ξ
2037 401 2203 476 Ludit
2222 405 2277 458 in
2302 403 2600 476 :eguivoeo,
2630 406 2781 476 quasi
2805 404 3156 464 intrinsecam
3186 412 3443 466 sanctita-

175 477 529 546 tmpenditur,
565 474 739 544 colligi
766 489 873 546 no_n
900 469 1099 546 potest,
1141 485 1238 524 nos
1268 469 1419 546 spem
1447 485 1661 546 omnem
1692 469 1749 522 in

173 539 295 602 tuis
320 539 600 608 colloca—re,
651 539 940 598 secundum
970 542 1110 596 illius
1133 542 1369 594 auctoris
1410 539 1751 602 sententiam,

172 636 279 686 qui
306 624 358 669 et
379 616 617 683 reliquiis
637 620 947 686 sanctorum
972 620 1025 665 et
1045 611 1225 686 ﬁgurm
1239 610 1531 686 Dominicte
1556 608 1753 686 erncis,

172 679 236 741 et
267 686 434 741 codici
460 679 888 753 Evangeliorum,
915 690 968 753 et
984 681 1120 735 vasis
1154 680 1323 753 sacris
1346 679 1758 753 hujusmodive—

172 756 519 813 nerationem
541 748 762 817 asserit;
800 766 906 805 non
934 751 1205 820 impugnat
1226 750 1387 818 igitur
1416 748 1756 803 honorariam

172 826 480 893 imaginum
513 823 901 893 adorationem,
925 835 1018 893 seu
1050 821 1470 893 venerationem:

252 886 523 974 Imagines
533 893 748 974 quidem
761 891 904 945 cruci
923 891 1068 974 Domi
1074 891 1229 971 nica},
1254 889 1423 944 sacris
1444 886 1752 974 Codicibus,

171 958 417 1018 sacratis
448 958 613 1027 vasis,
665 971 966 1016 sanctorum
990 960 1251 1029 reliquiis,
1291 968 1346 1013 et
1378 958 1548 1029 multo
1580 958 1757 1029 minus

172 1032 393 1087 sanctis
435 1032 583 1101 ipsis,
616 1030 1021 1101 :equiparandas
1054 1027 1239 1101 Vnégat,
1267 1028 1476 1101 _sy‘nodi
1516 1027 1758 1101 septimae

173 1096 622 1170 comparationes
644 1096 872 1154 elevans.
919 1098 1024 1152 Sed
1050 1100 1104 1170 in
1130 1096 1361 1168 religiosi
1376 1097 1549 1170 cultus
1567 1096 1758 1170 ordine

172 1165 331 1224 infra
364 1170 534 1225 latria:
559 1170 917 1224 adorationem
961 1169 1093 1223 varii
1120 1165 1253 1223 sunt
1268 1169 1495 1237 gradus:
1534 1165 1635 1219 alia
1664 1180 1761 1234 per

173 1255 306 1294 sese
326 1240 588 1303 coluntur,
614 1248 667 1293 et
692 1239 936 1292 absoluto
965 1237 1046 1307 (ut
1068 1238 1281 1307 vocant)
1298 1306 1305 1307 ί
1325 1239 1546 1299 honore,
1597 1250 1758 1307 quam

170 1310 402 1378 proprio
427 1317 662 1363 meretur
692 1306 1028 1371 excellentia,
1056 1316 1117 1361 ut
1161 1306 1331 1376 angeli
1371 1315 1424 1360 et
1456 1306 1625 1378 sancti
1663 1306 1761 1358 ho-

172 1377 375 1432 mines.
437 1379 553 1432 Al.a
580 1388 798 1447 propter
824 1378 969 1432 aliud
994 1378 1061 1432 ad
1103 1379 1243 1446 quod
1268 1378 1507 1432 ordinem
1539 1377 1756 1447 habent,

173 1449 531 1510 honorantur,
574 1444 631 1501 ut
661 1444 901 1515 reliquiae
927 1444 1256 1511 sanctorum,
1298 1462 1429 1501 crux
1459 1444 1753 1506 Dominica,

173 1525 235 1571 et
257 1516 370 1584 ejus
390 1517 592 1587 ligurzn,
639 1516 818 1572 Codex
842 1516 1132 1585 Scriptura:
1180 1532 1369 1581 sacrm,
1403 1531 1530 1569 vasa
1581 1528 1756 1577 sacra,

171 1587 397 1657 templa,
438 1586 729 1657 imagines.
804 1587 870 1640 Et
908 1587 961 1640 in
989 1589 1090 1657 isto
1114 1602 1309 1657 genere
1354 1586 1527 1657 cultus
1578 1598 1761 1657 respe-

174 1654 311 1709 ctivi
351 1656 535 1725 plures
567 1654 709 1709 'sunt
751 1657 965 1724 gradus.
1031 1654 1458 1725 Quamvisiergo
1500 1654 1761 1723 imagines

1854 475 1964 523 tem
1989 470 2314 539 imaginibus
2334 470 2507 530 Graeci
2535 470 2849 531 tribuerent.

1927 539 2280 620 Duodecimo,
2305 544 2356 620 id
2385 545 2738 620 conﬁrmatur
2758 560 2979 620 exrap.
3002 547 3260 615 vigesimo
3287 552 3446 620 septi-

1852 610 2215 699 ninzniinde
2228 613 2481 699 nimirum
2514 616 2802 699 cnlligitur,
2835 610 3027 699 inquit;
3060 610 3309 699 quodnilli
3345 610 3445 690 qui

1855 689 1992 759 pene
2010 693 2224 734 omnem
2251 681 2374 734 ﬁdei
2402 700 2511 759 sum
2551 681 2862 759 firmitatem
2908 681 2964 759 in
3002 681 3326 757 imaginibus
3351 681 3447 759 po-

1856 754 2009 827 nunt,
2049 763 2341 827 earumque
2367 754 2734 808 adorationem
2762 756 2909 827 inter
2928 754 3190 810 honorum
3223 754 3445 827 operum

1856 822 2212 890 instnumenta
2247 835 2601 877 annumerare
2645 840 2752 877 non
2799 825 3140 890 erubescunt,
3188 822 3447 885 et'modo

1855 884 2134 965 pulchras,
2182 890 2553 965 modo_l.'(edas‘
2590 894 2816 965 adorant
2861 884 3138 965 imagines,
3189 884 3446 965 quodam-

1856 955 2017 1037 modo
2048 954 2316 1037 faliantur.
2350 958 2485 1013 Nam
2504 961 2556 1037 _s_i
2584 963 2836 1037 qnzciibet
2885 954 3059 1037 imago
3085 954 3292 1037 quanto
3329 968 3449 1037 pul-

1858 1024 2040 1104 chrior
2060 1032 2161 1088 est,
2193 1033 2343 1081 tanto
2378 1024 2805 1104 amplius—habet
2823 1024 3129 1104 sanctitatis
3152 1024 3450 1102 atquc-vir-

1860 1098 2010 1166 tutis,
2037 1108 2263 1166 necesse
2284 1104 2367 1149 est
2400 1105 2461 1150 ut
2505 1113 2569 1151 ea
2610 1114 2729 1166 qum
2779 1098 2972 1152 fmdior
3009 1110 3111 1166 est,
3145 1098 3321 1155 minus
3348 1106 3448 1158 ha-

1856 1163 1980 1238 beat
1998 1165 2300 1238 sanctitatis
2325 1174 2486 1233 atque
2500 1163 2716 1221 virtutis
2734 1185 2753 1238 :_
2772 1175 2825 1220 et
2842 1168 2886 1238 si
2906 1183 2968 1222 ea
2987 1163 3107 1237 quae
3129 1170 3323 1224 fmdior
3342 1181 3445 1238 est,

1859 1233 2037 1307 minus
2063 1234 2503 1307 habet,__necesse
2528 1244 2610 1307 est
2636 1244 2694 1289 ut
2732 1233 3029 1291 ftedissima
3064 1239 3316 1307 quaslibet
3353 1233 3447 1296 aut

1858 1302 2111 1377 nihilaut
2136 1303 2407 1377 modicum
2453 1305 2649 1377 habeat
2680 1322 2692 1357 :
2720 1313 2774 1359 et
2820 1307 2865 1358 si
2918 1322 2981 1377 ea
3029 1302 3150 1375 qua:
3176 1309 3452 1377 pulchrior

1864 1379 1971 1455 est,_
1991 1372 2111 1452 ideo
2135 1373 2394 1455 attentius
2434 1374 2806 1455 adoratur,‘_eo
2832 1376 2973 1455 quod
3000 1372 3451 1455 causa'pulchri-

1860 1439 2082 1507 tudinis,
2110 1443 2341 1511 amplius
2370 1444 2531 1497 habet
2568 1444 2801 1509 virtutis,
2831 1439 2943 1511 fam
2975 1461 3081 1499 non
3111 1439 3227 1514 ejus
3249 1448 3452 1503 sancti-

1863 1520 2036 1591 tasex
2066 1515 2298 1580 quadam
2347 1513 2626 1583 religione,
2659 1515 2754 1570 sed
2789 1529 2855 1569 ex
2906 1515 3128 1571 artiﬁcis
3144 1513 3296 1571 venit
3324 1532 3450 1588 ope-

1862 1588 2091 1635 ratione.
2126 1602 2143 1632 ι

1937 1651 2003 1703 Et
2019 1651 2167 1725 _infra
2195 1669 2238 1725 gi
2262 1649 2546 1704 Falluntur
2571 1666 2714 1725 _vere,
2746 1658 2799 1707 et
2824 1654 3018 1725 merito
3041 1653 3318 1721 falluntur,
3334 1655 3447 1725 qui,

174 1720 499 1798 sanctérum
546 1741 656 1798 non
680 1720 829 1798 tarro
856 1726 963 1798 sint
1006 1720 1211 1780 honore
1236 1720 1528 1779 adiciendae
1561 1720 1760 1792 quanto
1791 1738 1838 1798 Β
1864 1734 1987 1798 cum
2019 1720 2160 1775 Deus
2189 1722 2412 1798 Creator
2440 1721 2681 1774 omnium
2703 1736 2760 1775 se
2789 1722 2968 1798 solum
2992 1725 3204 1798 adorari
3226 1720 3453 1782 censue-

173 1810 319 1849 crux
347 1795 638 1865 Dominicai
674 1802 730 1846 et
758 1792 889 1865 ejus;
923 1795 1123 1865 figurae,
1166 1802 1368 1863 quanto
1410 1810 1539 1848 vasa
1587 1809 1758 1856 sacra,

174 1872 390 1934 quanto
412 1863 820 1933 Evangeliorum
854 1862 1053 1926 Codex,
1093 1871 1294 1933 quanto
1336 1873 1641 1918 sanctorum
1680 1877 1764 1916 re-

174 1934 389 2002 liquiae,
412 1934 532 1987 etid
554 1934 742 2001 probet
761 1934 1021 1987 librorum
1036 1934 1412 1989 Carolinorum
1435 1941 1639 1997 auctor,
1656 1948 1763 1986 non

179 2013 374 2127 timent
400 2004 524 2059 inde
546 2003 784 2072 sequitur
809 2004 952 2073 quod
972 2006 1374 2059 venerationem
1395 2019 1608 2058 omnem
1634 2004 1765 2073 ipsis

180 2088 217 2125 a
264 2082 433 2127 rotzet.

180 2082 433 2141 abroget.

256 2143 493 2214 Decimo,
512 2141 965 2214 Aidem__colligitur
1018 2159 1083 2199 ex
1121 2146 1296 2214 capite
1339 2144 1548 2200 decimo
1575 2151 1765 2197 octavo

175 2210 543 2284 libriiquarti.
587 2231 605 2261 ι
635 2211 755 2284 Hoc
808 2210 972 2267 etiam
1021 2210 1307 2284 exemplo,
1358 2215 1575 2283 inquit,
1631 2215 1765 2267 adeo

176 2281 454 2336 cernimus
487 2281 779 2351 imaginum
814 2297 969 2336 usum
1004 2281 1320 2350 inolescere,
1351 2295 1408 2337 ut
1433 2281 1570 2352 _quze
1613 2285 1765 2351 prius

176 2352 251 2404 ob
266 2358 642 2405 ornamentum
665 2352 1026 2417 basilicarum,
1044 2363 1096 2407 et
1111 2356 1427 2409 memoriam
1440 2358 1595 2408 erant
1616 2367 1763 2406 com-

220 2421 449 2489 aginatae
476 2436 656 2492 rerum
682 2431 951 2490 gestarum
968 2465 981 2487 ,
1015 2424 1345 2480 inolescente
1372 2422 1629 2492 paulatim
1662 2436 1760 2492 ne-

202 2492 323 2544 ario
352 2506 450 2544 usu
476 2530 490 2554 ,
524 2490 656 2564 adeo
686 2507 824 2548 nunc
852 2512 882 2548 a
911 2494 1190 2548 catholicis
1241 2490 1547 2564 quibusque
1587 2490 1763 2545 extol-

176 2558 384 2632 lantur,
411 2570 468 2614 ut
492 2558 811 2632 adorentur,
834 2564 1018 2630 eisque
1049 2558 1351 2630 luminaria,
1383 2558 1758 2632 thymiamata,

176 2629 456 2698 primitiae,
474 2629 559 2682 vel
579 2631 822 2699 quaedam
852 2629 1164 2686 munuscula
1190 2629 1503 2696 offerantur,
1530 2640 1584 2686 et
1616 2632 1761 2699 quod

178 2699 412 2771 nequius
447 2708 530 2753 est
556 2701 635 2770 (ut
666 2699 720 2771 in
751 2700 974 2757 Grmcite
998 2703 1241 2769 partibus
1288 2703 1486 2755 factum
1514 2700 1759 2771 legimus)

180 2770 474 2838 pontiﬁces
516 2769 608 2837 qui
643 2769 814 2825 solum
864 2773 1032 2825 Deum
1084 2773 1433 2833 adorandum,
1488 2769 1763 2839 solumque

179 2839 492 2903 colendum,
518 2840 700 2909 illique
726 2842 824 2896 soli
850 2842 1189 2896 serviendum
1226 2841 1520 2910 pmedieare
1565 2841 1762 2894 debue-

181 2915 315 2978 rant
339 2949 354 2973 ,
387 2917 443 2962 et
472 2910 573 2978 ipsi
607 2909 687 2964 eis
721 2927 779 2967 se
807 2912 1103 2967 servituros
1128 2909 1425 2976 fateantur,
1451 2924 1649 2977 easque
1676 2925 1765 2963 co-

180 2976 305 3049 lant
352 2986 405 3033 et
442 2976 684 3045 adorent,
730 2990 783 3035 et
832 2998 1017 3036 earum
1058 2989 1455 3049 contemptores
1495 2976 1764 3047 soliusque

180 3047 281 3141 Hei
331 3050 569 3141 cultores
583 3066 874 3141 Lverosque
902 3047 1368 3141 .adoratnresa—ob
1412 3064 1762 3141 ‘e‘arum‘con-
1788 3081 1833 3141 ρ

176 3124 467 3189 te_mptum,
500 3128 553 3172 et
583 3120 862 3176 haereticos
893 3120 1152 3189 judicent,
1204 3129 1259 3175 et
1305 3120 1762 3174 anathematizare

177 3186 452 3259 aﬂ'ectent.
514 3188 631 3244 Uno
668 3186 907 3259 namque
938 3199 991 3243 et
1026 3206 1159 3258 pene
1185 3192 1300 3259 pari
1330 3192 1489 3244 modo
1538 3191 1765 3259 adorau-

180 3257 375 3313 dorum
402 3265 458 3314 et
486 3257 833 3315 colendorum
861 3257 1269 3315 simulacrorum
1296 3301 1310 3323 ,
1340 3261 1426 3313 vel
1452 3259 1630 3328 potius
1659 3257 1766 3312 da:-

181 3343 423 3398 monum,
458 3337 512 3384 et
537 3328 841 3385 Gentilibus
865 3331 1225 3398 nequissimus
1252 3346 1381 3384 usus
1420 3329 1639 3384 inolevit
1665 3368 1679 3391 ,
1712 3335 1767 3381 et

181 3397 467 3470 catholicis
520 3400 836 3470 (quodnon
886 3397 1001 3455 sine
1038 3400 1268 3470 quodam
1315 3399 1476 3453 animi
1532 3413 1765 3470 mimrore

181 3468 583 3539 prosequimur)
636 3468 1374 3539 adorandarum'imaginum
1428 3468 1764 3538 incptissima

181 3539 519 3593 consuetudo
563 3538 859 3605 accrescit;
912 3547 966 3594 et
996 3555 1083 3594 res
1133 3538 1213 3594 ad
1254 3540 1395 3594 aliud
1422 3539 1665 3603 conditae,
1697 3538 1765 3593 ad

184 3606 346 3678 aliud
361 3608 609 3678 videntur
630 3619 920 3678 usurpatae.
965 3610 1082 3665 Non
1129 3609 1270 3664 enim
1300 3625 1399 3664 nos
1426 3610 1685 3677 imagines
1707 3609 1764 3663 in

183 3674 433 3728 basilicis
451 3678 653 3750 positas
674 3674 811 3733 idola
833 3695 1222 3750 nuncupamus,
1240 3681 1333 3734 sed
1364 3694 1430 3733 ne
1461 3674 1600 3733 idola
1624 3695 1762 3733 nun-

186 3753 494 3825 cupentur,
535 3747 759 3803 adorare
802 3766 891 3805 eas
941 3747 1231 3825 et‘icolere
1261 3750 1445 3818 eisque
1483 3750 1762 3804 servitium

183 3816 506 3936 impendere
535 3832 858 3883 recusamus,
891 3820 1143 3888 quoniam
1181 3816 1492 3889 plerumque
1522 3836 1625 3873 non
1654 3834 1760 3883 res,

184 3898 250 3936 se
335 3899 495 3936 causa
528 3887 605 3936 rei
636 3903 733 3936 nm
760 3890 961 3936 scelere
992 3898 1269 3936 rnnntatnr
1299 3905 1313 3936 ε
1344 3891 1467 3936 dum
1516 3889 1760 3936 νίιίυιῐρρι

184 3887 300 3958 sed
335 3899 497 3958 causa
508 3887 606 3958 rei
635 3903 733 3957 pro
760 3887 961 3943 scelere
992 3887 1269 3958 reputatur
1299 3905 1313 3943 :
1344 3887 1467 3944 dum
1516 3889 1764 3943 videlicet

186 3952 379 4019 multa,
411 3956 603 4024 quibus
622 3952 757 4013 bene
778 3968 955 4028 potest
982 3952 1067 4013 uti'
1084 4000 1097 4024 ,
1131 3959 1269 4013 male
1294 3974 1391 4013 usa
1428 3960 1483 4011 in
1504 3958 1763 4026 ﬂagitium

185 4033 618 4098 convertuntur;
648 4030 833 4098 sicque
856 4046 959 4082 una
989 4031 1280 4098 eademque
1306 4044 1393 4082 res
1432 4029 1567 4098 bene
1610 4034 1764 4079 uten-

180 4094 329 4148 tibus
371 4112 495 4168 non
524 4094 608 4152 est
660 4094 822 4154 causa
872 4099 1066 4168 piaculi
1095 4142 1109 4166 ,
1141 4094 1359 4153 et'male
1386 4097 1659 4152 utentibus
1682 4103 1765 4149 est

182 4179 349 4219 causa
382 4167 630 4235 periculi.
687 4168 926 4223 Sollicite
972 4185 1098 4238 ergo
1149 4168 1554 4237 praecavendum
1581 4171 1681 4238 est,
1711 4172 1765 4218 et

182 4249 395 4289 summa
433 4238 697 4293 industria
758 4235 1200 4308 procurandum,
1252 4253 1319 4292 ne
1366 4240 1491 4292 dum
1546 4235 1764 4308 quidam

182 4313 496 4378 nostrorum
536 4305 799 4378 quasdam
838 4324 923 4363 res
941 4350 954 4372 ,
981 4308 1119 4362 ultra
1148 4309 1461 4378 quamiordo
1482 4305 1759 4378 exposcit,

181 4375 483 4431 sublimare
530 4375 783 4433 a'ﬂ'ectant
812 4420 827 4445 ,
884 4375 1234 4433 vetustissimi
1272 4377 1415 4433 illius
1462 4385 1516 4431 et
1553 4375 1761 4431 ’cariosi

182 4447 391 4499 erroris
428 4448 649 4502 redivivi
699 4423 827 4503 illis,
852 4450 1061 4504 cineres
1089 4447 1482 4512 convalescant,
1514 4455 1569 4501 et
1594 4447 1764 4501 victo-
1794 4423 1842 4484 Ῐ)

189 4513 330 4588 riarn
360 4518 600 4588 quamiin
627 4533 815 4587 campo
839 4520 1017 4588 adepti
1045 4526 1170 4588 sunt
1195 4558 1208 4579 ,
1235 4518 1375 4588 intra
1396 4517 1544 4571 urbis
1565 4516 1761 4571 mmnia

185 4583 440 4658 perdant.
481 4587 641 4658 iNon
679 4583 786 4642 tam
829 4583 996 4658 igitur
1029 4586 1229 4658 cultum
1256 4587 1570 4658 _imaginum
1614 4587 1764 4639 dam-

185 4660 322 4729 nant
343 4653 567 4713 Carolus
610 4657 831 4729 Magnus
852 4653 930 4714 vet
956 4656 1217 4729 Gallicani
1245 4653 1767 4729 Germaniqueprze-

182 4723 361 4786 sules,
392 4741 553 4798 quam
600 4744 666 4782 ex
698 4723 853 4783 cultu
900 4726 1343 4798 superstitionem
1372 4723 1761 4798 reformidant;

184 4809 345 4848 usum
374 4797 661 4864 prohibere
699 4795 1299 4854 videntur—honoraritis
1328 4795 1623 4866 imaginum
1673 4796 1768 4866 ad-

184 4866 471 4933 orationis,
511 4870 826 4923 ne‘abusus
880 4869 1085 4923 oriatur
1109 4908 1122 4930 ,
1165 4867 1289 4920 dum
1323 4865 1561 4920 Ecclesia
1602 4865 1768 4919 variis

183 4937 624 5004 contentionibus
652 4939 1067 4994 distrahebatur.
1100 4936 1257 4991 Cultu
1292 4936 1581 5004 imaginum
1607 4950 1770 5004 quos-

188 5002 321 5080 dam
374 5005 521 5080 _hene
579 5006 665 5080 _u_ti
722 5023 879 5080 posse
934 5007 1172 5080 fatentur
1194 5047 1208 5070 ,
1266 5002 1524 5080 plurimns
1575 5002 1765 5080 abuti2

188 5073 422 5139 proinde
446 5074 540 5143 fab
578 5075 669 5129 illo
709 5073 1081 5133 abstinendum
1103 5117 1118 5143 ,
1155 5073 1282 5131 cum
1315 5075 1528 5131 occasio
1572 5073 1770 5143 piaculi

190 5142 494 5195 resecanda
529 5143 619 5197 sit.

270 5207 745 5286 yndecimojdem
770 5215 1033 5286 colligitur
1046 5232 1111 5271 ex
1132 5212 1573 5285 capite'vigesimo
1596 5220 1768 5268 sexto.

193 5298 215 5331 ί
254 5279 427 5349 Unde,
453 5283 649 5353 inquit,
678 5299 871 5356 magna
895 5279 965 5341 cx
999 5294 1152 5356 parte
1195 5279 1397 5356 errare'
1418 5299 1509 5339 eos
1534 5292 1769 5356 constat,

191 5367 318 5405 cum
344 5365 436 5408 eas
462 5362 678 5411 sanctas
697 5353 814 5411 esse
829 5353 1094 5421 asserunt,
1109 5364 1164 5410 et
1183 5355 1236 5407 iu
1254 5355 1386 5408 locis
1397 5353 1774 5409 contaminatis

189 5426 507 5481 statuendas
528 5441 650 5482 esse
670 5428 983 5482 decernunt.
1010 5423 1246 5479 Patescit
1270 5437 1499 5488 namque
1519 5424 1777 5490 quodam-

193 5494 352 5550 modo
375 5497 432 5550 in
457 5498 562 5554 hoc
580 5513 766 5552 eorum
786 5510 1036 5557 censura,
1059 5493 1151 5561 qui
1168 5506 1259 5543 eas
1280 5491 1333 5542 in
1358 5490 1477 5553 viis,
1501 5505 1596 5544 seu
1618 5492 1671 5561 in
1692 5508 1778 5545 ur-

193 5563 726 5639 biumvicorumque
753 5566 949 5639 plateis
978 5561 1114 5639 Aponi
1138 5565 1482 5639 percensent,
1500 5560 1643 5639 quod
1662 5561 1777 5617 haec

192 5636 485 5690 sanctitate
498 5628 737 5696 careant,
758 5628 917 5705 sicuti
939 5636 994 5705 et
1012 5634 1216 5705 carent,
1229 5641 1349 5705 cum
1372 5628 1574 5705 scilicet
1591 5628 1635 5681 si
1656 5644 1778 5684 san-

195 5714 299 5766 cta:
318 5719 442 5763 esse
466 5705 840 5768 crederentur,
872 5701 929 5756 in
948 5698 1083 5754 locis
1107 5696 1305 5752 sanctis
1332 5696 1457 5767 poni
1500 5712 1781 5758 censor-en.

1866 1790 1971 1859 rit,
1995 1804 2082 1843 res
2122 1791 2379 1859 quasdam
2415 1805 2576 1844 sensu
2620 1800 2866 1847 carentes
2904 1791 3131 1849 adorare
3154 1794 3399 1848 nituntur
3429 1812 3445 1849 :

1864 1866 1919 1913 et
1944 1858 2071 1932 dum
2105 1858 2295 1932 putant
2316 1875 2374 1916 se
2417 1860 2471 1913 in
2499 1860 2785 1932 aderandis
2815 1862 3137 1932 imaginibus
3162 1864 3451 1932 quamdam

1865 1930 2066 1983 sanctis
2095 1931 2349 1985 exhibere
2388 1930 2819 1996 venerationem,
2868 1930 2967 1986 soli
3017 1930 3211 1987 divinae
3262 1935 3453 1988 adora-

1864 1999 1999 2052 tioni
2030 2001 2313 2121 quamdam
2360 2008 2650 2069 prorogant
2679 2002 3133 2057 communionem.
3173 2004 3307 2068 Quia
3356 2003 3453 2121 igi-

1865 2077 1953 2121 tur
1984 2084 2043 2121 so
2068 2085 2131 2121 us
2163 2070 2302 2121 Deus
2322 2071 2643 2121 adorandus.
2686 2079 2950 2121 martyres
2996 2087 3143 2121 vero.
3175 2073 3260 2121 vel
3290 2074 3379 2121 (mi
3403 2073 3453 2121 i-

1865 2018 1999 2052 uom
2066 2018 2313 2053 uamuam
2360 2018 2650 2069 prorogant
2679 2018 3133 2057 communionem.
3173 2018 3307 2068 quia
3356 2020 3373 2055 1
3411 2020 3453 2057 ι-

1865 2077 1953 2142 tur
1984 2018 2302 2142 soqusDeus
2322 2071 2643 2142 adorandus,
2686 2079 2950 2142 martyres
2996 2087 3143 2138 vero,
3175 2073 3261 2125 vel
3290 2018 3453 2142 quifi-

1862 2139 1957 2210 bet
1979 2140 2169 2205 sancti,
2202 2139 2491 2210 venerandi
2520 2142 2700 2208 potius
2729 2139 2839 2194 sint
2884 2156 3045 2210 quam
3084 2139 3362 2208 adorandi,
3395 2149 3453 2196 et

1864 2207 1917 2261 in
1946 2208 2048 2264 hoc
2073 2224 2237 2278 opere
2258 2208 2372 2278 jam
2397 2207 2632 2265 diximus
2674 2218 2726 2265 et
2755 2207 2954 2280 egregii
2984 2213 3218 2266 doctoris
3259 2211 3453 2266 Hiero-

1863 2280 2011 2350 nymi
2046 2280 2382 2350 documentis
2430 2281 2791 2350 roborandum
2839 2290 2963 2335 est:
3005 2282 3096 2350 qui
3143 2284 3269 2337 dum
3323 2297 3454 2336 con-

1865 2349 2318 2421 traVigilantium
2346 2351 2633 2418 quemdam
2662 2349 2992 2415 haeretieum,
3024 2349 3127 2420 qui
3152 2358 3454 2421 martyrum

1861 2417 2114 2486 reliquias
2137 2417 2476 2488 nequaquam
2506 2421 2717 2474 dicebat
2746 2436 2863 2475 esse
2906 2417 3255 2486 venerandas,
3295 2417 3455 2475 'scri-

1862 2487 2043 2551 heret,
2076 2489 2217 2541 inter
2239 2497 2433 2543 cmtera
2458 2489 2534 2543 ait
2563 2508 2575 2543 :
2616 2508 2636 2539 ‹
2674 2488 2804 2556 Quis
2825 2505 3079 2559 unquam,
3136 2506 3169 2546 ο
3200 2492 3453 2559 insanum

1864 2558 2053 2630 caput!
2080 2566 2344 2627 martyres
2371 2559 2649 2613 adoravit?
2684 2578 2703 2610 ι
2742 2559 2799 2613 Si
2827 2557 2954 2630 ergo
2981 2561 3272 2630 secundum
3303 2557 3452 2630 ejus-

1864 2624 1987 2680 dem
2008 2624 2351 2699 sententiam,
2384 2637 2650 2699 martyres
2672 2644 2780 2683 non
2810 2624 3120 2695 adorantur,
3146 2628 3317 2684 multo
3331 2624 3452 2684 ini—

1864 2710 1969 2765 nus
2015 2712 2199 2751 eorum
2248 2697 2587 2765 imagines‘a
2622 2699 2865 2754 ﬁdelibus
2905 2701 3189 2754 adoranda:
3223 2705 3367 2753 sunt.
3425 2716 3448 2751 ι

1866 2763 1994 2838 Solo
2024 2767 2215 2838 itaque
2231 2763 2568 2838 adorationis
2595 2769 2853 2838 vocabulo
2892 2768 3152 2824 Gallicani
3196 2767 3456 2838 praesules

1865 2843 1918 2888 et
1943 2834 2167 2890 Carolus
2198 2836 2421 2903 Magnus
2463 2836 2896 2903 otl‘endehantur;
2930 2834 3329 2893 veneratio—nem
3366 2851 3456 2892 re-

1865 2904 2111 2976 ligiosam
2171 2906 2495 2973 imaginibus
2570 2907 2802 2961 delatam
2871 2923 2980 2962 non
3047 2908 3454 2976 impugnabant,

1866 2978 2110 3043 quamvis
2141 2991 2203 3031 ea
2227 2976 2537 3046 inferiorem
2566 2992 2684 3032 esse
2726 2976 2925 3031 vellent
2971 2992 3089 3045 qua:
3122 2975 3456 3046 martyribus

1864 3052 1918 3099 et
1948 3062 2135 3100 eorum
2171 3045 2411 3114 reliquiis
2448 3047 2750 3111 exhibetur,
2798 3048 2906 3100 imo
2953 3061 3017 3101 ea
3065 3060 3171 3114 qua
3205 3058 3332 3099 vasa
3350 3057 3451 3114 sa-

1865 3116 2122 3171 cerdotali
2173 3113 2579 3171 consecratione
2623 3116 2973 3172 sanctiﬁcata.
3020 3113 3233 3169 Modum
3287 3113 3457 3184 igitur

1865 3184 2113 3255 loquendi
2136 3188 2316 3257 potius
2342 3188 2694 3257 repudiabant
2732 3202 2893 3256 quam
2939 3200 3053 3240 rem
3082 3186 3273 3255 ipsam,
3312 3182 3455 3257 unde

1865 3270 1965 3326 nec
1999 3254 2215 3312 sanctas
2246 3256 2353 3311 dici
2403 3254 2670 3326 imagines
2711 3254 3072 3326 patiebantur,
3100 3257 3215 3326 sed
3277 3254 3451 3326 solum

1865 3325 2125 3395 imagines
2155 3335 2484 3384 sanctorum.
2525 3323 2581 3379 Ἀ
2630 3323 2832 3382 Graecis
2886 3327 2941 3380 in
2990 3325 3150 3381 modo
3197 3323 3453 3393 loquendi

1867 3396 2267 3462 dissentiebant,
2322 3398 2376 3450 in
2409 3414 2468 3453 re
2501 3412 2608 3451 non
2638 3396 2713 3450 ita
2765 3414 2778 3450 :
2824 3404 3058 3451 mentem
3103 3404 3288 3449 eorum
3342 3406 3454 3447 non

1865 3468 2325 3537 assequebantur:
2371 3466 2825 3537 superstitionem,
2888 3476 2947 3537 ut
2989 3466 3270 3537 putabant,
3325 3477 3453 3517 cum

1864 3534 2155 3607 imaginum
2188 3534 2801 3607 religiosa—veneratione
2831 3534 3197 3604 coniunctam,
3224 3534 3453 3587 damna-

1862 3605 2012 3672 bant,
2045 3623 2151 3659 non
2184 3605 2352 3675 ipsam
2400 3608 2798 3663 venerationem
2845 3621 2944 3676 per
2988 3621 3048 3661 se
3100 3610 3449 3676 spectatam:

1864 3676 2067 3729 cultum
2096 3677 2419 3743 absolutum,
2452 3694 2558 3748 quo
2585 3693 2671 3732 res
2699 3675 2919 3747 propter
2943 3692 3001 3732 se
3031 3675 3310 3748 coluntur;
3341 3688 3456 3748 no_n

1863 3747 2243 3815 respectivum,
2278 3765 2384 3816 quo
2432 3743 2653 3818 propter
2686 3743 2829 3802 aliud
2860 3748 3212 3818 honorantur.
3263 3743 3456 3818 Sanci-

1865 3822 1979 3869 tum
2008 3831 2137 3870 vero
2166 3815 2596 3888 egistimantcs‘a
2623 3818 2827 3888 synodo
2848 3818 3082 3882 Nicmna,
3111 3823 3173 3870 ut
3191 3815 3456 3888 imagines

1862 3900 1960 3952 per
1984 3900 2104 3939 sese
2132 3886 2454 3950 colerentur,
2487 3896 2543 3941 et
2586 3883 2850 3953 quatenus
2899 3888 3161 3941 artefacta
3207 3883 3454 3953 quzedam

1862 3966 2006 4023 sunt,
2041 3962 2094 4008 et
2117 3970 2302 4007 earum
2332 3957 2411 4009 sic
2445 3952 2805 4023 spectatarum
2835 3956 3209 4023 adorationem
3238 3967 3268 4004 a
3298 3952 3448 4023 Gras-

1864 4024 1941 4076 cis
1968 4021 2315 4089 frequentari,
2354 4021 2552 4090 passim
2581 4022 2710 4075 illud
2745 4022 3031 4090 inculcant,
3070 4021 3213 4088 quod
3254 4035 3343 4090 res
3368 4021 3454 4070 in-

1863 4086 2091 4145 sensatae
2122 4090 2331 4145 adorari
2354 4086 2465 4145 non
2497 4090 2748 4145 debeant.
2781 4089 2936 4143 Falsa
2968 4090 3055 4141 illa
3087 4086 3456 4155 suppositione

1862 4160 2054 4214 nititur
2084 4160 2264 4229 inepta
2296 4161 2677 4229 consequentia
2699 4173 2860 4229 quani
2892 4159 3094 4211 ducunt
3126 4171 3192 4209 ex
3226 4168 3455 4229 venera-

1864 4231 2009 4284 tione
2035 4222 2283 4300 imaginis
2321 4231 2378 4283 B.
2414 4222 2701 4300 Virginem»
2716 4222 2889 4300 asello
2937 4222 3453 4300 cum__puero_J_esu

1864 4307 2129 4369 gestatam
2145 4292 2610 4368 reprtrsentan'tis,
2641 4295 2966 4369 adorandain
2991 4292 3196 4369 scilicet
3225 4292 3456 4362 efﬁgiem

1865 4366 2105 4441 pecudis,
2137 4370 2181 4424 si
2214 4366 2323 4441 tota
2348 4371 2641 4424 honoretur
2671 4369 2868 4441 imago,
2904 4366 2961 4420 Id
2987 4366 3131 4421 enim
3157 4379 3343 4441 verum
3369 4379 3457 4419 es-

1866 4436 1968 4507 set,
1999 4442 2045 4495 si
2074 4440 2293 4509 imagini
2316 4447 2534 4509 propter
2578 4454 2636 4494 se
2669 4447 2723 4493 et
2764 4437 2973 4509 ratione
3002 4436 3242 4509 materiae
3283 4449 3348 4489 ac
3370 4450 3457 4489 co-

1868 4513 2042 4567 lorum
2065 4507 2464 4580 impenderetur
2493 4509 2797 4580 veneratio;
2831 4508 2925 4561 sed
2948 4521 3069 4580 cum
3102 4507 3311 4580 ratione
3336 4519 3457 4580 pro:

1871 4582 2060 4651 totypi,
2088 4574 2296 4636 scilicet
2323 4581 2382 4651 Β.
2411 4579 2646 4649 Virginis
2671 4579 2906 4651 colatur,
2929 4577 3152 4646 ejusque
3180 4577 3356 4651 honor:
3387 4574 3454 4628 ad

1868 4653 1928 4706 Β.
1953 4645 2234 4722 Virginem
2272 4645 2559 4722 referatur,
2593 4656 2719 4722 tota
2754 4663 2861 4722 no_n
2894 4645 3211 4713 honoratur,
3235 4645 3457 4722 _nedum

1869 4716 2086 4776 animal:
2112 4721 2323 4775 Falsam
2350 4719 2766 4789 suppositionem
2789 4718 2948 4789 allata
2968 4734 3033 4773 ex
3056 4731 3175 4789 cap.
3196 4716 3456 4789 vigesimo

1867 4792 2042 4861 primo
2097 4790 2220 4844 libri
2265 4786 2649 4861 quarti—verba
2692 4786 2942 4861 produnt.
2968 4858 2977 4861 _
3005 4806 3035 4861 (_
3061 4786 3196 4842 Cum
3239 4786 3367 4856 ergo
3402 4786 3456 4839 in

1870 4858 2109 4931 quolibet
2136 4858 2328 4914 horum
2364 4859 2541 4930 imago
2586 4866 2785 4931 sanctae
2834 4858 3068 4927 Virginis
3096 4872 3323 4931 puerum
3354 4862 3458 4931 rte-

1872 4924 2024 4995 nens,
2060 4930 2298 4999 pecualis
2342 4924 2632 4984 animantis
2682 4936 2833 4998 tergo
2882 4924 3127 4999 suscepta
3179 4924 3451 4999 adoratur,

1872 4991 2114 5074 nunquid
2138 5001 2440 5074 nonipsius
2470 4999 2756 5074 animantis
2769 4991 2908 5074 ’συξη
2953 5010 3017 5074 ea
3041 4991 3235 5074 imago
3266 4991 3458 5074 adora-

1873 5080 1980 5137 tur,
2002 5064 2153 5125 nullo
2185 5064 2325 5126 enim
2350 5078 2509 5139 pacto
2550 5071 2603 5122 in
2635 5064 2905 5139 adorando
2958 5064 3240 5139 ntriusque
3267 5064 3461 5129 imagi-

1876 5133 1977 5205 nis,
2011 5141 2247 5216 Yirginis
2288 5133 2552 5216 videlicet,
2581 5139 2718 5216 sive
2730 5134 3040 5216 animantis,
3081 5133 3330 5216 quaedam
3358 5146 3460 5202 po-

1874 5219 1980 5284 test
2010 5210 2129 5264 ﬁeri
2154 5210 2479 5284 diremptioi
2502 5210 2803 5284 prtesertini
2832 5218 2953 5256 cum
3002 5210 3163 5284 unius
3196 5210 3304 5284 sint
3347 5216 3461 5284 ma:

1874 5281 2044 5345 terim,
2088 5295 2303 5349 unoque
2327 5276 2568 5334 _artiﬁcis
2630 5276 2843 5349 ingenio
2906 5276 3310 5349 compaginatae,
3362 5278 3459 5349 aut

1874 5342 2157 5418 utriusque
2186 5342 2427 5405 adoratio
2464 5356 2546 5403 est
2572 5342 2892 5414 spernenda,
2924 5344 3017 5394 aut
3047 5348 3287 5408 utraeque
3329 5344 3459 5394 sum

1877 5418 2191 5490 adorandae:
2221 5439 2241 5472 ι
2475 5484 2490 5490 _
2621 5481 2638 5490 _
2760 5477 2772 5490 ο

1949 5488 2264 5560 Respondeo
2293 5481 2644 5560 secundo,_ad_
2670 5478 2929 5560 majorem
2970 5492 3157 5560 eorum
3202 5493 3330 5560 qua}.
3352 5478 3459 5560 hoc

1876 5563 1933 5619 in
1987 5549 2324 5630 paragrapho
2370 5555 2482 5630 jam
2541 5552 2792 5630 dixinms,
2839 5549 3269 5630 illustrationem,
3316 5549 3458 5630 inter

1878 5617 2181 5689 Gallicanos
2216 5617 2494 5697 'praes'nles
2541 5628 2595 5697 et
2629 5618 2863 5697 _Grtecos
2896 5617 3458 5697 quaestioncrn‘potius

1878 5687 2048 5758 tuisse
2068 5700 2136 5756 de
2159 5687 2318 5756 mo'do
2345 5691 2675 5750 adorationis
2694 5704 2857 5760 quam
2880 5687 2948 5747 de
2979 5703 3040 5745 re
3069 5688 3202 5757 ipsa.
3222 5687 3334 5745 Hoc
3350 5696 3452 5755 est,
