4026 6156
661 295 767 358 98⁸1

1553 293 1614 346 Β.
1654 287 1905 347 CAROLI
1940 286 2153 361 MAGNI
2190 285 2339 343 OPP.
2379 287 2557 344 PARS
2595 289 2659 345 II.
2703 288 2942 347 SECTIO
2977 291 3040 346 II.

3798 294 3892 354 988

660 411 988 470 venerandas
1014 407 1271 477 imagines
1297 406 1602 461 fatebantur
1635 415 1688 459 ct
1729 405 1864 460 Galli
1908 404 2099 477 nostri,
2141 402 2234 456 sed
2260 408 2311 465 Α
2335 403 2604 477 contraire
2630 419 2706 467 sc,
2737 406 2980 472 quisquis
3022 418 3112 458 eas
3148 404 3360 474 frangit,
3390 404 3472 457 vel
3499 404 3710 471 adorat,
3746 414 3897 468 ιιιοιιίε

657 500 766 540 non
796 498 860 536 eo
904 482 1060 535 modo
1111 473 1267 546 quem
1301 487 1551 531 sanxerat
1608 477 1822 532 Nicauia
1872 473 2125 546 synodus,
2182 479 2235 526 et

655 570 816 623 quem
867 551 1036 606 Gncci
1071 545 1515 624 frequiisntabant,_
1535 549 1738 624 scilicet
1768 545 2227 624 ingeniculationc,

655 616 939 678 inflexione
980 620 1185 688 capitis,
1219 619 1434 681 osculis,
1479 618 1933 688 thymiamatibus,
1963 616 2234 688 luminari-

654 693 755 748 bus
779 707 956 746 coram
982 685 1240 743 accensis.
1269 685 1582 756 Quanquam
1608 688 1748 740 enim
1776 688 1887 739 hac
1903 689 2050 752 signa
2075 685 2234 756 hono-

656 765 731 815 ris
754 762 1033 815 arbitraria
1058 775 1301 832 essenon
1340 754 1625 832 neseiri‘ént,
1651 767 1723 832 Aet
1768 757 1845 832 vel
1867 771 2008 832 “cum
2029 754 2234 832 .adora-

656 833 798 885 tione
823 832 1007 893 latrize,
1044 831 1122 883 vel
1159 845 1279 881 cum
1322 831 1466 881 cultu
1488 899 1494 901 Α
1517 830 1760 895 religioso
1789 824 2071 901 inferioris
2095 824 2234 901 ordi-

653 903 758 971 _nis,
792 901 873 954 vel
898 901 1056 971 etiam
1083 916 1376 971 criminere
1397 899 1536 971 civili
1568 897 1906 971 vctu-ratione
1948 897 2228 971 conjungi-2

654 961 930 1038 Dcutuque
969 969 1178 1021 adorari
1216 970 1267 1020 in
1297 969 1482 1036 spiritu
1526 977 1576 1021 et
1602 968 1841 1038 veritate,
1888 972 1938 1015 et
1983 979 2086 1038 non
2124 961 2231 1038 coli

654 1041 754 1093 nisi
799 1031 981 1092 amore
1012 1054 1171 1104 super
1215 1031 1409 1098 omnia,
1445 1039 1496 1090 in
1538 1053 1643 1104 quo
1674 1037 1842 1102 posita
1880 1040 1960 1085 est
1988 1032 2086 1084 soli
2124 1031 2232 1104 Deo

654 1109 828 1161 debita
852 1100 1118 1179 servitus:
1153 1108 1275 1173 quia
1317 1115 1496 1179 tamen
1535 1100 1586 1179 lii
1613 1100 1746 1179 ritus
1789 1105 1841 1156 in
1880 1110 2116 1179 externo
2141 1100 2231 1179 [lci

653 1179 798 1231 cultu
824 1170 1240 1239 :ulhibenturfet
1263 1176 1527 1244 pnecipuc
1553 1177 1604 1227 in
1645 1176 1920 1227 incruento
1947 1170 2226 1244 sacrificio,

653 1246 912 1300 timebant
947 1262 1012 1298 ne
1055 1241 1543 1312 fierent'impei'itis
1585 1245 1782 1296 erroris
1827 1243 2057 1304 occasio,
2087 1241 2150 1312 _si
2181 1243 2231 1291 in

652 1315 944 1381 imaginum
981 1331 1191 1383 quoque.
1213 1310 1552 1368 veneratione
1576 1313 2062 1383 frequentarentur.
2086 1310 2230 1383 Ipsos

652 1379 829 1436 autem
861 1379 1516 1441 maxime'comnum-bat,
1565 1379 1703 1451 quod
1749 1382 1956 1435 Nicrena
1996 1379 2231 1451 synodus

653 1456 991 1507 anathemate
1027 1456 1316 1521 perculisse
1339 1450 1608 1505 videretur
1633 1468 1722 1506 eos
1746 1453 1834 1518 qui
1859 1452 1925 1503 ah
1949 1452 2048 1521 hac
2069 1450 2232 1502 disci-

649 1524 793 1591 plina
844 1520 1212 1577 abhorrerent.
1267 1541 1284 1571 ‹
1337 1523 1391 1574 Si
1424 1523 1562 1589 quis,
1597 1523 1787 1588 inquit,
1820 1520 2076 1585 imagines
2121 1533 2230 1591 non

651 1588 961 1644 salutaverit
1020 1593 1072 1643 in
1140 1592 1353 1646 nomine
1403 1588 1606 1645 Domini
1655 1601 1708 1644 et
1749 1599 2053 1644 sanctorum
2092 1588 2225 1656 ejus,

649 1663 930 1714 anathema
957 1661 1044 1714 sit.
1080 1682 1096 1712 ι
1129 1662 1239 1720 Vel,
1268 1661 1556 1714 secundum
1583 1662 1856 1728 antiquam
1879 1659 2182 1711 versionem
2211 1676 2223 1710 :

655 1752 671 1779 ε
708 1730 762 1783 Si
797 1733 916 1798 quis
938 1748 1043 1784 non
1076 1733 1348 1784 osculatur
1372 1733 1482 1786 has.
1521 1739 1773 1798 tanquam
1799 1730 1848 1782 in
1876 1728 2094 1798 nomich
2132 1728 2230 1780 Do-

647 1801 778 1854 mini
805 1797 854 1853 ct.
879 1811 1182 1854 sanctorum
1220 1800 1333 1867 ejus
1377 1800 1560 1862 factas,
1589 1797 1870 1852 anathema
1914 1797 2002 1850 sit.
2038 1818 2054 1846 )
2083 1797 2228 1865 Ipsos

649 1873 1018 1923 commovebat
1041 1870 1258 1938 pariter,
1287 1869 1427 1937 quod
1455 1870 1779 1936 Epiphanius
1819 1868 2094 1938 diaconus,
2139 1884 2228 1920 ac-

649 1939 792 1992 tione
824 1942 873 2003 ti,
907 1939 1189 2006 plaudente
1231 1941 1450 2007 synodo,
1477 1948 1715 1992 vocasset
1759 1954 1850 1990 eos
1891 1937 2222 2007 seritiprat'os,

647 2010 736 2076 qui
761 2005 1046 2062 dicebant:
1090 2029 1106 2059 ι
1148 2005 1459 2077 Inmginales
1500 2009 1844 2062 formationes
1889 2005 2129 2060 sufficere
2171 2007 2226 2077 in

646 2075 1208 2133 commemorationem
1237 2075 1440 2133 tantum
1482 2079 1686 2140 haberi,
1727 2086 1780 2130 et
1821 2093 1926 2130 non
1967 2075 2223 2129 etiamad

647 2148 1041 2202 salutationem.
1083 2172 1098 2200 ›
1133 2151 1277 2203 Licet
1306 2158 1482 2204 autem
1518 2150 1629 2202 hzce
1653 2147 1929 2215 disciplina
1971 2145 2158 2198 fuisset
2193 2160 2224 2198 a

645 2216 894 2289 Ball-ibus
926 2219 1150 2272 Nil-mine
1183 2221 1369 2289 synodi
1397 2218 1463 2271 ad
1487 2235 1678 2272 novam
1706 2217 1952 2272 ha'resim
1979 2231 2227 2289 coercen-

649 2285 770 2340 dam
795 2292 1130 2343 sanctissime
1162 2284 1469 2352 constituta,
1503 2289 1757 2343 Gallicani
1793 2295 1969 2340 tamen
2003 2284 2224 2338 Genna-

647 2361 808 2429 nique
830 2360 1081 2427 episcopi,
1116 2363 1202 2429 qui
1247 2360 1448 2429 synodo
1481 2375 1586 2410 non
1629 2357 2001 2429 interfuerant,
2041 2371 2138 2409 nec
2161 2371 2222 2406 ea

646 2426 712 2480 de
745 2445 802 2480 re
833 2426 1038 2482 fuerant
1069 2426 1162 2497 per
1185 2426 1391 2483 litteras
1436 2429 1682 2491 consulti,
1716 2444 1816 2497 non
1862 2427 2222 2497 putabantica

647 2512 704 2549 se
730 2501 947 2562 astringi
973 2496 1149 2567 posse,
1177 2508 1229 2552 et
1251 2515 1485 2567 placet-ps
1520 2499 1648 2567 ipsis
1689 2496 1967 2548 videbatur
2003 2496 2221 2567 anathe-

648 2583 752 2626 ma,
779 2569 919 2634 quod
946 2565 995 2620 in
1032 2587 1122 2622 eos
1149 2565 1359 2621 extr—andi
1394 2565 1497 2621 nou
1525 2565 1758 2627 deberet,
1798 2582 2022 2634 quorum
2048 2565 2224 2617 Eccle-

626 2634 724 2686 .sia
747 2637 880 2690 alios
902 2654 1078 2690 mores
1103 2640 1346 2703 habebat,
1373 2640 1638 2706 aliamque
1673 2637 2008 2704 disciplinam
2041 2654 2052 2686 :
2085 2634 2222 2706 Galli

645 2706 788 2756 enim
841 2717 894 2760 et
947 2709 1214 2772 Germani,
1268 2710 1493 2762 duorum
1539 2705 1885 2760 conciliorum
1940 2705 2222 2760 contrariis

641 2772 1040 2831 definitionibus
1077 2780 1293 2840 turbati,
1329 2781 1452 2832 hinc
1485 2777 2089 2844 Constantinopolitanae
2119 2777 2225 2828 ico-

641 2847 1046 2918 nomachorum,
1097 2865 1214 2918 qua:
1267 2849 1524 2915 imagines
1567 2864 1631 2902 ex
1675 2849 1914 2918 ecclesiis
1958 2845 2217 2918 ejecerat;

641 2913 783 2986 illinc,
840 2917 1081 2979 Nicaeum,
1113 2913 1246 2986 ἶιιιίιξ
1297 2913 1425 2986 ipsis
1469 2920 1809 2974 honorariam
1853 2917 2220 2969 adorationem

635 2983 967 3049 decreverat,
1020 2996 1072 3040 et
1127 2983 1473 3052 salutat—iiuna,
1521 2989 1980 3058 thymiamruillus,
2036 2999 2221 3058 cerco-

638 3070 755 3107 rum
777 3059 1110 3121 aceensione,
1144 3061 1279 3113 hanc
1309 3056 1597 3126 significari
1624 3060 1704 3112 vel
1735 3057 1986 3122 jusserat,
2027 3056 2108 3109 vel
2133 3070 2220 3126 ap-

2337 475 2587 528 omnibus
2612 483 2981 541 recognoscat.
3025 494 3043 527 ι

2409 545 2473 597 Et
2499 560 2615 613 cap.
2649 555 2683 596 t:
2701 546 2923 606 igesimo
2945 546 3135 612 primo,
3153 553 3439 611 utramque
3455 543 3771 601 Graecorum
3795 566 3898 613 syn-

2335 617 2495 688 odum
2515 657 2528 678 ,
2565 612 2815 688 "primam
2863 617 3379 688 contra‘imagines
3405 612 3894 688 Constantinopoli,

2336 686 2558 756 alteram
2590 700 2688 753 pro
2725 686 3040 749 imaginibus
3065 685 3254 756 Nicaaaé,
3296 685 3531 756 habitam
3576 685 3896 756 comparans,

2336 756 2451 808 Inec
2494 755 2690 807 habet:
2733 775 2749 804 ε
2805 756 2879 808 Illi
2917 772 3006 810 eas
3053 753 3426 809 convellendas
3473 763 3635 823 atque.
3680 753 3899 814 contem;

2337 825 2540 877 nendas
2563 843 2679 878 esse.
2700 835 3022 879 censuerunt
3045 827 3110 878 ah
3142 825 3380 877 Ecclesia
3423 837 3684 893 perpetua
3716 832 3900 884 abdira.

2337 895 2480 947 tione
2505 913 2516 946 :
2555 896 2639 948 isti
2669 913 2758 949 cas
2790 913 2894 949 non
2924 897 3092 949 solum
3125 895 3416 957 habendas,
3444 901 3796 954 vcrumetiam
3825 919 3901 955 ve-

2335 967 2600 1018 neran'las
2631 966 2843 1019 student
2867 967 3087 1034 supplici
3120 966 3449 1018 adoratione.
3489 965 3569 1018 Illi
3618 984 3716 1021 eas
3773 987 3901 1023 man-

2335 1036 2581 1106 cipavere
2623 1038 3007 1106 crepitantibus
3049 1036 3257 1104 ignibus
3284 1053 3294 1086 :
3325 1036 3408 1087 isti
3442 1036 3713 1092 honorant
3743 1041 3899 1094 odori-

2335 1103 2462 1156 feris
2479 1103 2931 1174 thymianiatilms.
2951 1107 3025 1158 Illi
3045 1103 3134 1158 eas
3147 1106 3471 1171 effugiebant
3487 1108 3649 1160 etiam
3669 1125 3897 1164 cernere:

2336 1173 2422 1226 isti
2449 1173 2552 1228 non
2578 1184 2790 1229 cessant
2823 1177 3090 1244 amplecti.
3141 1176 3215 1228 Illi
3264 1175 3494 1228 effodere
3534 1177 3600 1228 ad
3633 1195 3901 1233 ornamen-

2334 1252 2447 1297 tum
2484 1247 2722 1300 ecclesize
2753 1247 2986 1314 antiquis
3022 1247 3339 1300 constitutas
3371 1246 3422 1297 in
3450 1247 3747 1313 parietibus
3775 1269 3787 1302 :
3824 1252 3900 1303 Isti

2336 1331 2503 1382 nuper
2542 1317 2784 1369 conditas
2831 1318 3024 1370 oblatis
3072 1317 3398 1384 perlustrant
3440 1316 3805 1372 luminaribns.
3835 1323 3902 1373 Illi

2334 1399 2425 1436 eas
2455 1388 2738 1439 studebant
2767 1401 2989 1455 prorsus
3019 1386 3312 1439 abominari
3343 1403 3354 1437 :
3395 1385 3485 1438 Isti
3517 1391 3760 1442 sanciunt
3795 1407 3902 1443 om-

2331 1455 2460 1506 nino
2491 1458 2739 1510 osculari.
2780 1459 2854 1510 Illi
2881 1457 3404 1510 anathematizabant
3445 1457 3742 1512 habentes:
3775 1462 3853 1513 isti
3878 1476 3901 1512 e

2333 1527 2603 1578 contrario
2636 1542 2740 1579 non
2773 1527 3078 1581 adorantes.
3117 1525 3246 1590 Qua-2
3272 1525 3376 1578 duo
3413 1527 3548 1579 mala
3579 1545 3698 1584 cum
3753 1531 3902 1582 alter-

2332 1601 2514 1646 utrum
2543 1597 2642 1648 sibi
2667 1598 2933 1650 contraria
2967 1598 3096 1657 sint,
3131 1605 3183 1649 et
3204 1611 3234 1649 a
3255 1605 3400 1650 recto
3427 1599 3635 1652 tramite
3658 1609 3864 1653 remota
3887 1638 3900 1662 ,

2333 1672 2504 1736 restat
2547 1667 2700 1720 nobis
2725 1675 2782 1719 ut
2824 1667 2963 1719 viam
2999 1667 3217 1736 regiam,
3265 1665 3553 1719 secundum
3599 1668 3903 1736 Apostolum

2332 1733 2660 1805 gradientes,
2687 1753 2859 1805 neque
2901 1737 2964 1789 ad
2993 1733 3286 1800 desteram,
3315 1752 3491 1804 neque
3532 1739 3595 1790 ad
3637 1733 3902 1791 sinistram

2330 1803 2661 1873 declinemus
2689 1825 2698 1858 :
2736 1803 2792 1860 ut
2831 1823 2928 1859 nec
2969 1824 3090 1860 cum
3141 1808 3241 1858 illis
3267 1803 3487 1873 prorsus
3519 1808 3796 1861 abolendas
3820 1808 3902 1858 di-

2322 1871 2648 1940 judicemus,
2700 1891 2800 1930 nec
2849 1894 2970 1931 cum
3014 1879 3128 1930 istis
3178 1871 3473 1930 adorandas
3515 1877 3898 1932 decernamus:

2329 1942 2422 1998 sed
2459 1946 2630 1998 solum
2659 1947 2822 2000 Deum
2848 1947 3148 2012 adorantes,
3195 1954 3247 1999 et
3275 1945 3386 2011 ejus
3414 1956 3630 2000 sanctos
3654 1963 3901 2000 veneran-

2331 2021 2442 2086 tcs,
2483 2016 2772 2070 secundum
2818 2019 3088 2086 antiquam
3143 2016 3356 2068 Patrum
3399 2024 3452 2068 et
3493 2018 3899 2071 ecclesiasticam

2328 2085 2692 2151 traditionem,
2728 2103 2818 2141 cas
2854 2089 2904 2140 in
2934 2085 3176 2148 ecclesia,
3217 2087 3266 2139 in
3308 2097 3644 2149 ornamenta,
3691 2096 3747 2140 et
3797 2101 3901 2140 me-

2329 2155 2553 2208 moriam
2587 2173 2762 2209 rerum
2803 2166 3088 2225 gestarum,
3123 2159 3165 2208 si
3210 2156 3351 2215 libet,
3374 2155 3698 2225 habeamus.
3743 2177 3762 2206 ι
3807 2157 3905 2209 Ve-

2328 2227 2591 2278 nerandas
2621 2222 2874 2290 imagines
2911 2225 3166 2277 Gallicani
3199 2222 3448 2290 pnesules
3475 2223 3906 2286 arbitrabantur,

2327 2295 2418 2344 scd
2449 2311 2552 2346 non
2584 2294 2687 2346 alio
2727 2289 2881 2346 modo
2913 2308 3066 2359 quam
3115 2291 3202 2356 qui
3232 2291 3296 2341 ab
3323 2289 3543 2356 antiquo
3570 2291 3910 2355 obtinuerat,

2325 2370 2376 2413 et
2409 2379 2437 2412 a
2465 2372 2647 2414 sancto
2675 2361 2930 2426 Gregorio
2963 2361 3146 2427 Magno
3192 2361 3515 2427 approbatus
3541 2370 3624 2412 est
3647 2359 3711 2412 ad
3745 2362 3909 2413 Sere-

2324 2447 2451 2484 num
2492 2432 2794 2498 episcopum
2844 2431 3224 2483 Massiliensem
3272 2431 3564 2491 scribente,
3596 2438 3654 2482 ut
3698 2432 3906 2484 scilicet

2327 2501 2378 2552 in
2430 2501 2670 2553 ecclesiis
2719 2501 3010 2553 honorifice
3062 2499 3493 2552 collocarentur:
3535 2501 3902 2554 cxtensionem

2322 2585 2447 2622 vero
2478 2569 2778 2638 lmjusmodi
2806 2570 3045 2632 honoris,
3094 2586 3186 2622 seu
3235 2569 3596 2622 accessionem
3628 2586 3654 2621 a
3690 2570 3899 2623 Nic:ena

2324 2656 2361 2692 ιι
2391 2641 2591 2709 synodo
2618 2639 2835 2702 factam,
2867 2648 2920 2694 et
2946 2655 3010 2693 cx
3037 2639 3244 2692 Gra-cia
3273 2646 3468 2702 ortam,
3497 2647 3556 2691 ut
3584 2640 3792 2694 scilicet
3819 2658 3897 2693 sa-

2325 2710 2702 2774 lutationibus,
2754 2712 2971 2774 osculis,
3024 2709 3481 2778 thymiamatibus,
3531 2709 3894 2774 luminaribus,

2325 2781 2716 2849 significaretur
2747 2781 2980 2849 ipsarum
3032 2780 3320 2842 veneratio,
3355 2794 3458 2831 non
3508 2794 3763 2848 recepere
3805 2782 3894 2834 nisi

2324 2860 2446 2919 post
2489 2851 2685 2904 multos
2718 2867 2906 2906 annos.
2939 2851 3047 2904 Nec
3078 2852 3292 2912 mirum,
3324 2865 3443 2902 cum
3477 2849 3750 2904 Nicaenam
3779 2867 3895 2915 syn-

2326 2921 2489 2973 odum
2519 2938 2554 2974 ιι
2583 2936 2681 2988 pro
2708 2922 3039 2976 mcumcnica
3068 2937 3170 2974 non
3211 2920 3489 2983 haberent,
3525 2919 3617 2990 sed
3645 2936 3763 2972 eam
3790 2935 3893 2990 spe-

2323 3001 2532 3046 ctarent
2559 3003 2614 3044 ut.
2644 2994 2903 3061 synodum
2935 2991 3255 3046 nationalem
3282 2990 3540 3044 duntaxat
3565 2988 3889 3054 Grrecoruiu,

2325 3071 2383 3115 ut
2415 3061 2638 3115 inferius
2668 3063 2986 3115 videbimus.

637 3117 1236 3207 prolniverat,mediani
1265 3117 1400 3207 viain
1444 3133 1671 3207 elegere,
1717 3117 1886 3181 donec
1931 3117 2017 3179 lux
2049 3117 2294 3207 majora
2395 3131 2627 3185 Tandem
2679 3131 2992 3207 incredibile
3045 3138 3126 3184 est
3175 3130 3480 3207 Gallicanos
3525 3130 3822 3201 episcopos,
3866 3146 3891 3184 e

639 3198 886 3268 tenebras
913 3197 1182 3252 discussit.
1220 3200 1479 3268 Imagines
1531 3196 1734 3254 scilicet
1777 3214 1948 3265 neque
1985 3196 2217 3268 confrinf

636 3267 854 3338 gelidas,
883 3285 1054 3337 neque
1075 3265 1373 3323 adorandas
1403 3270 1541 3338 apud
1576 3288 1632 3325 se
1676 3269 2086 3338 constituerunt,
2135 3265 2218 3338 V431

634 3337 811 3403 potius
835 3339 901 3390 ab
927 3341 1146 3408 antiquo
1169 3337 1539 3405 constitutum,
1585 3350 1636 3395 et
1670 3359 1698 3393 a
1743 3348 1927 3392 sancto
1959 3337 2218 3406 Gregorio

635 3421 828 3471 magno
856 3411 1227 3465 confit-unitum
1259 3413 1617 3466 Ecelcsiarum
1651 3427 1865 3465 suarum
1901 3423 2101 3462 morem
2136 3423 2220 3462 rc-

636 3476 861 3550 tfiuuere.
888 3479 941 3531 Id
967 3491 1108 3546 patet
1133 3499 1197 3536 ex
1224 3498 1342 3550 cap.
1375 3484 1629 3548 vigesimo
1669 3481 1825 3532 lm'liu
1853 3479 1972 3550 miri
1998 3478 2215 3550 ειξυιιιιάί

636 3543 890 3619 Qarolini.
918 3568 933 3596 ‹
967 3543 1225 3617 Imagines
1248 3543 1392 3617 sane,
1429 3543 1624 3619 inquit,
1652 3565 1876 3618 quarum
1923 3547 2221 3619 insolentis-

636 3615 785 3684 sima;
830 3615 1152 3673 adorationis
1206 3615 1754 3675 amorConstantino
1796 3623 1850 3669 et
1900 3617 2057 3668 matri
2104 3616 2220 3684 ejus

636 3682 820 3747 Ircn:e,
862 3701 1065 3741 necnon
1113 3699 1165 3742 ct
1207 3690 1426 3744 Tarasio
1477 3687 2065 3755 ('Zonstantinopolitane
2107 3682 2220 3756 epi-

637 3767 815 3830 scopo,
848 3757 1156 3830 exercende
1200 3760 1386 3828 synodi
1429 3779 1590 3816 causa
1620 3761 1840 3820 exstitit,
1869 3776 1896 3812 a
1923 3758 1981 3811 Β.
2015 3757 2219 3826 Grego-

638 3823 718 3896 rio
741 3823 994 3880 Romana:
1017 3829 1162 3882 urbis
1185 3823 1421 3885 antistite
1462 3842 1513 3885 et
1535 3830 1742 3885 adorari
1786 3823 2148 3896 prohiberith
2165 3837 2219 3882 et

638 3889 829 3966 frangi.
857 3906 957 3950 etc.
1002 3919 1019 3949 ι
1049 3900 1113 3952 Et
1138 3903 1415 3956 rcCensitis
1455 3904 1622 3957 sancti
1658 3889 1899 3966 Gregorii
1943 3901 2120 3954 verbis
2163 3902 2216 3953 in

637 3965 861 4032 cpistola
885 3968 950 4021 ad
976 3970 1256 4035 Serenum,
1285 3974 1355 4026 ita
1380 3975 1651 4028 concludit
1677 3993 1687 4025 :
1721 3993 1735 4020 ε
1765 3973 1900 4025 lit-ce
1928 3987 2032 4040 quo
2056 3972 2218 4038 magi-

637 4041 820 4115 sterio,
851 4057 1021 4115 quove
1051 4042 1370 4098 documento
1394 4044 1678 4100 venerandi
1704 4042 1969 4110 pontificis
1991 4041 2209 4115 imbuti,

638 4113 894 4177 imagines
920 4113 971 4165 in
994 4115 1231 4168 ecclesiis
1257 4118 1452 4170 habere
1475 4134 1579 4170 non
1602 4115 1894 4174 rcnuimus,
1913 4113 2004 4166 sed
2027 4127 2214 4166 carum

639 4177 999 4236 adulationem
1057 4200 1274 4252 prorsus
1337 4187 1647 4242 abdicamus
1693 4204 1703 4238 ;
1758 4182 1912 4252 cujus
1959 4183 2215 4238 institutis

2325 3217 2544 3271 quorum
2575 3211 2712 3255 cmtu
2738 3201 3015 3255 duodecim
3045 3217 3212 3253 sacrre
3243 3200 3534 3271 Scriptura}
3559 3208 3612 3254 et.
3641 3200 3888 3254 canonum

2325 3270 2634 3341 peritissimi
2665 3272 2934 3341 Stephano
2966 3279 3156 3338 quarto
3190 3270 3429 3339 pontifici
3460 3272 3701 3323 maximo
3729 3272 3777 3324 iu
3807 3273 3890 3321 llo-

2327 3340 2481 3394 inana
2533 3341 2735 3410 synodo
2786 3340 3112 3405 assidentes,
3169 3341 3573 3393 venerationem
3629 3357 3886 3395 sacrarum

2326 3412 2615 3478 imaginum
2644 3419 2950 3474 sanxerant,
2982 3429 3010 3464 a
3062 3410 3347 3464 traditione
3392 3411 3464 3463 ita
3512 3413 3810 3476 aberrasse,
3841 3421 3887 3462 nt

2323 3496 2505 3552 carum
2562 3480 2763 3552 cultum
2811 3495 3022 3552 omnem
3075 3479 3376 3552 rejiccrcut.
3425 3482 3496 3533 De
3548 3496 3654 3549 qua
3705 3481 3886 3552 synodo

2325 3547 2666 3603 Hadrianus!
2705 3547 3351 3621 in‘dcl‘ensione‘synodi
3403 3566 3475 3603 vn
3531 3547 3594 3603 ad
3653 3547 3883 3606 Carolina

2325 3621 2589 3686 Magnum,
2621 3636 2736 3689 cap.
2765 3619 2824 3673 5:
2849 3639 2866 3670 ι
2898 3619 3264 3675 Pra‘deeess‘or
3286 3629 3467 3675 noster
3497 3631 3702 3676 sanctze
3729 3638 3884 3675 recor-

2324 3689 2552 3764 dationis
2581 3690 2808 3764 domnus
2837 3691 3135 3764 Stephanus
3163 3708 3315 3762 papa,
3345 3707 3465 3764 cum
3491 3693 3756 3764 episcopis
3781 3708 3883 3760 par-

2323 3761 2455 3814 tium
2500 3759 2760 3822 Francia‘,
2810 3770 2967 3830 atque
3019 3759 3180 3815 ItaliaE
3228 3759 3538 3831 praesidens
3573 3764 3626 3815 in
3679 3759 3881 3816 basilica

2325 3831 2637 3894 Salvatoris,
2662 3834 3000 3898 pra‘cessoriS
3030 3835 3109 3886 sui
3132 3833 3433 3885 venerabile
3462 3833 3748 3886 concilium
3774 3848 3882 3885 con-

2324 3902 2542 3956 firmans
2573 3912 2730 3972 atque
2757 3903 3099 3971 amplectens,
3130 3919 3232 3956 una
3261 3919 3379 3956 cum
3409 3904 3659 3956 omnibus
3688 3905 3878 3972 episco-

2322 3973 2403 4040 pis
2432 3971 2857 4040 pra-silentibus,
2889 3982 3190 4029 sanctorum
3216 3975 3430 4027 Patrum
3461 3971 3777 4026 testimoniis
3798 3973 3880 4023 ad-

2323 4043 2554 4106 bzerens,
2608 4042 2830 4095 adora‘ire
2881 4055 3038 4112 atque
3094 4045 3333 4098 venerari
3399 4059 3576 4098 sacras
3632 4044 3879 4110 imagines

2322 4120 2643 4166 statuerunt.
2686 4133 2702 4162 ι
2737 4112 2878 4167 Idem
2919 4124 3143 4171 testatur
3179 4116 3492 4170 Anastasius
3533 4113 3877 4168 Bibliotheca-

2321 4185 2433 4240 rius
2457 4185 2512 4240 in
2544 4183 2658 4239 \‘ita
2690 4183 2942 4254 Stephani
2971 4186 3039 4243 IV
