4026 6156
156 404 266 468 “illi

807 399 987 464 LIBRI
1021 393 1362 461 CAROLINI.
1400 427 1470 442 -—
1505 397 1724 457 CAPIT.
1765 398 1853 456 DE
1889 399 2080 459 IMAG.
2119 431 2188 446 --
2221 400 2614 460 PREFATIO.

1815 145 1832 176 δ

3249 395 3387 460 1002

155 533 476 587 ιάνθνεειηιω
511 529 836 596 potestatum
873 521 1149 578 obsidione
1181 517 1463 581 fatiscere,
1494 513 1588 592 sed
1616 513 1707 568 illo
1731 515 1787 574 Α
1810 513 1865 568 in
1907 516 2028 572 sinu
2057 519 2209 589 regni
2240 519 2604 589 gubernacula
2641 516 2866 572 Domino
2901 516 3168 574 tribuente
3208 533 3392 577 suscen

151 635 238 690 pro
262 632 324 673 ea
350 625 405 672 et
438 615 672 670 maxime
697 614 753 668 in
781 626 846 666 ea
882 617 1168 682 pugnante,
1199 607 1289 678 qui
1313 606 1521 676 positus
1546 612 1628 659 est
1655 605 1711 659 in

137 725 204 763 ea
225 722 424 772 murus,
453 706 666 761 dicente
693 702 990 772 propheta:
1021 696 1156 752 Urbs
1177 696 1500 768 fortitudinis
1525 703 1712 748 nostra:

147 799 383 862 salvator,
412 804 635 867 ponetur
671 795 730 846 in
761 809 822 845 ea
844 805 1050 855 murus,
1083 798 1130 843 et
1168 785 1508 851 antemurale,
1535 793 1583 839 et
1622 782 1713 855 qui

145 907 292 961 super
320 889 436 959 ejus
462 902 643 941 muros
669 882 928 939 constituit
967 880 1226 946 custodes,
1254 878 1343 949 qui
1386 885 1492 931 tota
1532 877 1616 930 die
1665 883 1715 930 et

144 989 250 1034 tota
269 987 418 1032 nocte
438 978 494 1030 in
516 985 812 1047 perpetuum
840 987 944 1026 non
971 971 1211 1025 tacebunt
1241 967 1373 1040 (Isa.
1397 965 1544 1038 xxvr)
1574 984 1587 1020 :
1622 967 1716 1022 ad-

145 1066 398 1122 versariis
463 1064 750 1126 resistens,
804 1068 858 1114 et
919 1058 1276 1115 tumultiferas
1325 1056 1720 1127 inquietudines

144 1157 358 1220 tolerat,
382 1164 437 1210 et
465 1155 530 1210 ad
557 1169 693 1207 vene
724 1151 847 1206 fidei
889 1150 1281 1206 confessionem
1313 1148 1720 1204 convolantibus

143 1248 198 1300 in
229 1247 435 1317 gremio
467 1244 748 1313 susceptis,
775 1249 831 1296 et
862 1241 1036 1297 eidem
1081 1240 1403 1296 confessioni
1452 1238 1722 1295 obstinata

141 1345 320 1391 mente
346 1335 731 1391 reluctantibus
759 1336 1042 1401 abdicatis,
1069 1335 1379 1390 inconvulsa
1407 1341 1463 1389 et
1499 1334 1724 1388 inteme-

143 1437 258 1481 rata
284 1435 611 1496 perseverat,
641 1435 697 1482 et
719 1442 844 1482 cum
880 1428 1049 1483 David
1091 1441 1287 1483 canere
1329 1441 1438 1482 non
1494 1431 1674 1480 cessat
1705 1439 1721 1479 :

146 1516 294 1586 Saepe
330 1525 752 1587 expugnaverunt
777 1533 858 1570 me
890 1535 922 1571 a
954 1516 1224 1587 juventute
1251 1532 1388 1581 mea,
1412 1514 1553 1568 dicat
1587 1528 1728 1567 nunc

148 1605 336 1673 Israel,
363 1623 498 1677 ωερε
525 1615 948 1677 expugnaverunt
987 1623 1070 1661 me
1100 1624 1133 1660 a
1169 1607 1444 1676 juventute
1492 1620 1626 1667 mea,
1655 1609 1731 1656 et-

143 1695 279 1748 enim
307 1703 715 1764 non,potuerunt
738 1695 867 1748 mihi
913 1693 1085 1764 (Psat.
1123 1692 1308 1763 cxxxx)
1339 1706 1356 1746 :
1385 1707 1504 1761 qua:
1559 1691 1731 1746 inces-

1781 647 1783 650 ‹
1811 605 2009 674 pimus,
2037 623 2257 664 necesse
2285 616 2369 664 est
2407 617 2468 664 ut
2496 609 2551 664 in
2585 606 2701 675 ejus
2733 606 3036 664 defensione
3069 616 3124 664 et
3162 609 3232 664 ob
3275 620 3391 679 ejus

1787 697 2210 764 exaltationem,
2253 699 2467 756 Christo
2495 699 2807 767 auxiliante,
2843 708 2956 754 toto
2993 700 3184 755 annisu
3214 709 3392 757 certe-

1813 802 1950 851 mus,
1975 796 2036 842 ut
2070 789 2138 844 ab
2173 804 2238 844 eo
2273 789 2400 845 boni
2440 789 2583 845 servi
2620 796 2675 843 et
2711 788 2883 844 fidelis
2916 790 3135 845 nomine
3187 790 3397 848 censeri

1814 880 2106 936 valeamus.
2133 879 2286 947 Quod
2322 884 2538 951 quidem
2567 897 2673 937 non
2708 883 2879 938 solum
2919 886 3091 951 nobis,
3117 887 3310 956 quibus
3339 890 3396 944 in

1815 972 1973 1043 hujus
1996 974 2178 1028 szeculi
2204 974 2516 1044 procellosis
2541 973 2790 1030 ﬂuctibus
2835 977 2903 1030 ad
2928 979 3219 1044 regendum
3246 996 3396 1036 com-

1817 1065 1980 1120 missa
2013 1072 2112 1126 est,
2143 1065 2237 1118 sed
2265 1065 2429 1119 etiam
2454 1064 2662 1119 cunctis
2689 1067 2757 1120 ab
2789 1063 2906 1133 ejus
2952 1069 3209 1123 uberibus
3268 1083 3402 1123 enn-

1821 1153 1961 1208 tritis
1983 1152 2211 1207 sollicite
2238 1153 2631 1207 observandum
2653 1161 2736 1207 est
2762 1171 2775 1206 :
2804 1154 2879 1208 ita
2906 1162 3084 1209 tamen
3115 1165 3174 1210 ut
3199 1159 3266 1212 ab
3288 1158 3403 1225 ejus

1821 1243 2036 1306 unione,
2058 1243 2150 1312 qui
2177 1241 2296 1312 ejus
2326 1243 2628 1296 membrum
2667 1257 2786 1299 esse
2825 1244 3143 1312 dinoscitur,
3167 1247 3401 1302 nullate-

1822 1347 1924 1388 nus
1951 1332 2223 1388 abscedat.
2257 1331 2522 1398 Quoniam
2547 1331 2638 1401 qui
2672 1346 2794 1386 cum
2817 1348 2881 1387 ea
2906 1349 3011 1388 non
3034 1343 3133 1402 est,
3149 1338 3402 1392 adversus

1824 1437 1943 1477 eam
1958 1429 2070 1477 est:
2091 1431 2147 1477 et
2159 1421 2248 1491 qui
2265 1437 2387 1476 cum
2412 1435 2476 1476 ea
2490 1436 2596 1477 non
2625 1421 2844 1491 colligit,
2860 1433 3079 1494 spargit.
3097 1425 3262 1494 Hujus
3275 1443 3406 1497 ergo

1826 1511 2079 1567 reicausa
2099 1511 2245 1580 loqui
2263 1509 2558 1580 compellit,
2575 1512 2716 1580 quod
2731 1527 2836 1566 non
2856 1513 2971 1567 sine
2985 1514 3215 1583 quodam
3239 1517 3406 1571 animi

1828 1615 2060 1657 maerore
2098 1600 2506 1671 prosequimur,
2545 1601 2740 1669 quippe
2789 1602 2881 1670 qui
2917 1618 3040 1657 cum
3087 1605 3406 1660 inﬁrmanti-

1827 1689 1932 1746 bus
1943 1688 2225 1754 infirmari,
2250 1695 2306 1743 et
2323 1702 2446 1742 cum
2469 1688 2959 1746 scandalizantibus
2984 1693 3089 1760 uri,
3114 1695 3407 1764 apostolico

145 1793 332 1838 santer
356 1798 455 1853 per
479 1789 665 1850 partes
693 1782 851 1836 trime
877 1781 1138 1836 orationis
1174 1779 1492 1852 mysterium
1532 1787 1732 1834 sancta:
1760 1822 1807 1854 Δ.
1829 1781 2186 1852 perdocemur
2207 1780 2471 1850 exemplo.
2494 1779 2846 1837 lnﬂammavit
2874 1784 3036 1854 igitur
3055 1794 3290 1842 ventosae
3315 1803 3408 1842 ar-

143 1848 434 1927 Trinitatis
459 1848 699 1941 exponit,
722 1872 847 1927 dum
874 1878 929 1925 et
960 1872 1124 1926 verba
1161 1848 1258 1926 sua
1293 1869 1513 1925 auribus
1540 1871 1732 1926 divina:
1759 1848 1809 1913 Β
1830 1848 2095 1941 rogantis:
2142 1869 2324 1926 inflata
2360 1848 2584 1929 ambitio
2600 1912 2615 1939 ,
2640 1880 2694 1928 et
2720 1887 2872 1930 vanae
2895 1848 3078 1932 laudis
3107 1878 3412 1934 insolentis-

140 1962 452 2031 maiestatis
497 1961 857 2032 percipienda,
889 1962 943 2016 id
984 1970 1067 2016 est
1111 1961 1373 2031 psallendi
1421 1959 1726 2029 melodiam,

138 2070 314 2125 quam
341 2055 456 2108 sine
483 2054 878 2110 intermissione
900 2053 1131 2119 exhibet,
1169 2053 1519 2123 deprecatur;
1552 2062 1607 2110 et
1631 2046 1736 2109 cla?

141 2161 361 2200 morem
390 2145 814 2216 intelligendum,
845 2145 896 2200 id
924 2151 1008 2199 est
1029 2144 1210 2200 cordis
1235 2143 1612 2215 all‘ectum,qui
1632 2161 1740 2200 non

140 2237 375 2290 auribus
396 2234 720 2299 carnalibus,
752 2235 845 2289 sed
870 2233 1234 2290 ineﬂ'abilibus
1262 2234 1456 2290 divinae
1485 2233 1740 2302 majesta-

139 2327 216 2380 tis
273 2324 545 2379 auditibus
599 2323 917 2378 mirabiliter
969 2324 1264 2393 excipitur,
1314 2323 1507 2379 devota
1557 2331 1740 2380 mente

137 2425 372 2481 exorat,
399 2424 454 2469 et
508 2415 765 2470 orationis
811 2430 922 2470 sua:
973 2429 1161 2470 vocem
1217 2415 1602 2471 intendendam
1645 2430 1740 2470 ex-

137 2509 350 2578 poscit,
373 2516 433 2562 ut
457 2505 661 2562 scilicet
685 2504 917 2561 declaret
937 2507 1077 2563 hanc
1100 2521 1222 2562 esse
1263 2507 1562 2562 orationem
1615 2520 1740 2576 per-

137 2598 356 2653 fectam
380 2611 543 2666 quam
573 2594 768 2649 mentis
794 2594 1015 2650 affectus
1043 2596 1282 2650 ardentis
1310 2594 1625 2650 inﬂammat.
1670 2595 1741 2650 Et

117 2698 466 2759 quanquam
510 2687 908 2755 metaphoricos
941 2686 1160 2741 mutatis
1198 2687 1378 2741 verbis
1418 2700 1608 2742 sensus
1651 2701 1743 2742 no-

133 2789 301 2836 stros
327 2778 649 2844 immisceat,
676 2777 912 2832 divinam
944 2784 1123 2833 tamen
1147 2785 1397 2833 naturam
1437 2777 1608 2833 credit
1634 2793 1744 2834 non

131 2869 408 2939 partibus
455 2865 820 2921 membrorum
862 2866 1210 2922 discernenda
1265 2867 1601 2933 discernere,
1651 2867 1746 2922 sed

133 2972 262 3013 una
302 2956 507 3010 virtute
547 2961 742 3009 cuncta
787 2969 1065 3024 peragere,
1097 2955 1188 3024 qui
1232 2971 1295 3012 ea
1347 2971 1467 3028 quae
1515 2970 1546 3010 a
1589 2955 1744 3012 nobis

128 3046 418 3102 videntur
440 3043 607 3108 audit,
639 3052 694 3100 et
742 3060 858 3114 qu:e
907 3045 1260 3115 cogitavimus
1304 3047 1418 3102 sive
1459 3046 1742 3117 cogitaturi

131 3155 366 3204 sumus,
396 3138 542 3193 intro
577 3137 792 3207 inspicit
820 3155 833 3192 :
866 3152 966 3192 nec
990 3137 1278 3207 quidquam
1322 3137 1439 3207 ejus
1485 3137 1741 3194 ineffabili

1768 3189 1816 3253 C

1835 1962 2004 2016 simus
2031 1962 2316 2032 appetitus,
2354 1963 2614 2032 quosdam
2643 1963 2984 2021 orientalium
3025 1969 3256 2038 partium
3300 1985 3410 2025 non

1835 2051 2009 2107 solum
2035 2068 2218 2122 reges,
2247 2055 2343 2109 sed
2389 2054 2554 2110 etiam
2590 2057 2912 2124 sacerdotes,
2940 2059 3072 2114 adeo
3107 2069 3168 2115 ut
3195 2070 3415 2131 postpo-

1836 2142 1941 2198 sita
1967 2157 2098 2198 sana
2126 2143 2412 2213 sobriaque
2437 2144 2708 2212 doctrina,
2735 2154 2789 2202 et
2811 2148 3257 2218 parvipendentes
3280 2151 3416 2206 illud

1810 2231 2216 2300 apostolicum,
2243 2231 2302 2288 Si
2329 2233 2444 2302 quis
2473 2233 2893 2304 euangelizaverit
2917 2238 3056 2293 vobis
3074 2278 3090 2305 ,
3123 2250 3311 2309 prazter
3356 2240 3416 2294 id

1836 2321 1975 2392 quod
2003 2319 2413 2392 euangelizatum
2446 2330 2542 2386 est,
2570 2323 2663 2376 etsi
2687 2325 2900 2395 angelus
2927 2326 3012 2394 sit,
3048 2328 3322 2382 anathema
3347 2330 3417 2382 sit

1812 2409 2051 2481 ,(Galat.
2089 2410 2172 2482 ι),
2203 2419 2258 2465 et
2305 2411 2759 2479 transgredientes
2809 2421 2995 2470 contra
3045 2417 3414 2486 propheticam

1840 2500 2231 2555 institutionem
2251 2500 2512 2555 terminos
2548 2500 2830 2571 majorum,
2852 2518 2950 2573 per
2977 2504 3204 2562 infames
3227 2515 3282 2561 et
3305 2508 3419 2564 ine-

1840 2590 2116 2661 ptissimas
2130 2592 2364 2663 synodos
2383 2591 2638 2648 Ecclesiae
2659 2593 2860 2651 inferre
2875 2606 3140 2654 conentur
3163 2600 3305 2668 quod
3320 2615 3420 2655 nec

1843 2679 2094 2737 Salvator
2134 2697 2236 2737 nec
2272 2684 2501 2752 apostoli
2541 2684 2787 2743 intulisse
2822 2697 3149 2757 noscuntur;
3188 2699 3242 2746 et
3291 2692 3422 2747 dum

1843 2771 2137 2827 sublimare
2175 2781 2439 2828 conantur
2476 2789 2587 2830 sute
2636 2775 2811 2831 laudis
2845 2777 3137 2850 fastigium,
3166 2796 3422 2852 magnum

1845 2861 2182 2919 accumulent
2210 2863 2324 2918 suis
2346 2863 2628 2921 animabus
2647 2863 2970 2935 deliquium;
3018 2868 3250 2937 dumque
3297 2885 3421 2924 suo-

1843 2967 1964 3007 rum
2009 2959 2280 3024 gestorum
2319 2952 2563 3008 ordinem
2604 2953 2790 3008 volunt
2838 2954 3094 3009 mandare
3149 2956 3424 3012 memoriae

1840 3044 2190 3116 posteritatis,
2218 3043 2522 3100 discindunt
2559 3043 2831 3100 vinculum
2876 3044 3256 3102 ecclesiasticae
3302 3047 3423 3100 uni-

1842 3136 1990 3190 tatis.
2016 3147 2042 3176 ι
2066 3135 2228 3192 Gesta
2257 3150 2386 3192 sane
2418 3143 2502 3192 est
2537 3143 2664 3192 ante
2702 3137 2800 3192 bos
2837 3150 3006 3192 annos
3056 3137 3112 3192 in
3158 3137 3424 3209 Bithynite

129 3230 342 3286 lumini
377 3236 559 3300 potest
584 3227 841 3284 abscondi
869 3245 883 3282 :
916 3229 1137 3284 auribus
1161 3229 1356 3285 etenim
1386 3231 1550 3286 verba
1577 3230 1747 3300 perei-
1768 3227 1818 3254 “
1846 3228 2093 3299 partibus
2115 3229 2358 3299 qundam
2389 3230 2629 3300 synodus
2661 3237 2770 3284 tam
2807 3229 3034 3286 incautae
3075 3235 3292 3299 tamque
3338 3230 3422 3284 in-

133 3336 299 3391 pere,
328 3320 623 3376 clamorem
663 3319 983 3390 intelligere,
1006 3320 1126 3377 voci
1156 3320 1416 3376 orationis
1447 3321 1744 3388 intendere,

133 3428 469 3483 quanquam
500 3413 695 3468 iterate
749 3412 852 3468 sub
910 3412 1176 3468 varietate
1210 3413 1517 3476 verborum,
1545 3413 1642 3481 per
1692 3409 1747 3466 id

131 3503 449 3560 locutionis
470 3517 640 3574 genus
663 3501 806 3573 quod
834 3516 864 3555 a
897 3501 1205 3574 rhetoribus
1227 3499 1491 3557 metabole
1528 3501 1743 3567 dicitur,

125 3594 552 3664 proferantur:
589 3593 732 3648 trina
761 3603 941 3648 tamen
995 3593 1246 3662 repetitio
1291 3608 1457 3647 unum
1499 3593 1747 3662 idemque

125 3682 459 3754 signiﬁcat,
485 3697 605 3750 quae
639 3681 799 3736 etiam
819 3683 874 3737 in
897 3683 1236 3739 invocatione
1264 3683 1406 3754 regis
1433 3691 1488 3738 et
1512 3683 1606 3738 Dei
1635 3685 1748 3739 sive

125 3772 408 3837 Domini,
435 3771 562 3828 dum
584 3771 870 3827 dicit.-Rea:
892 3790 1035 3828 meus
1061 3783 1110 3828 et
1139 3772 1278 3828 Deus
1304 3789 1468 3840 meus,
1500 3775 1748 3844 quoniam

125 3867 208 3921 ad
246 3875 306 3920 te
341 3864 528 3928 orabo,
553 3862 768 3919 Domine
789 3863 958 3936 (Psal.
980 3880 1014 3920 v
1033 3875 1088 3920 et
1106 3863 1295 3936 vam)
1321 3882 1334 3919 :
1359 3873 1472 3920 tres
1491 3879 1750 3934 personas

66 3940 73 3950 ’
118 3965 186 4014 et
216 3969 416 4011 unam
450 3955 802 4010 substantiam
831 3956 885 4010 in
911 3956 1197 4012 Divinitate
1225 3971 1282 4010 se
1317 3955 1538 4011 credere
1576 3962 1630 4008 et
1671 3953 1752 4007 fa-

117 4049 249 4104 teri
307 4047 673 4111 demonstrat,
702 4062 821 4102 cum
866 4047 1030 4102 trium
1080 4046 1359 4104 nominum
1403 4041 1748 4106 invocationi,

119 4157 250 4196 non
314 4137 576 4208 pluralia,
614 4138 709 4194 sed
757 4139 1043 4210 singularia
1099 4138 1262 4192 verba
1315 4132 1603 4188 interserit.
1655 4132 1753 4187 Est

119 4231 296 4286 enim
329 4238 526 4285 sancta
550 4239 744 4297 mater,
769 4239 853 4287 est
875 4230 1234 4294 immaculata,
1257 4234 1339 4283 est
1370 4224 1646 4297 praeclara,
1669 4233 1754 4282 est

116 4324 498 4393 incorrupta,
522 4331 606 4379 est
625 4333 681 4380 et
706 4323 952 4391 fecunda,
975 4341 1095 4396 quae
1125 4331 1182 4380 et
1207 4321 1570 4393 virginitatem
1597 4319 1754 4374 amit-

115 4425 261 4471 tere
322 4414 539 4480 nescit,
585 4425 638 4470 et
687 4416 826 4472 filios
878 4431 1134 4488 generare
1185 4430 1292 4470 non
1339 4413 1535 4470 desinit
1571 4428 1586 4467 :
1633 4427 1753 4483 quae

110 4515 376 4580 quanto
417 4506 643 4575 amplius
669 4509 853 4565 mundi
900 4507 1316 4565 adversitatibus
1359 4505 1568 4571 feritur,
1600 4513 1752 4563 tanto

111 4595 512 4654 auctioribus
527 4597 638 4653 sive
656 4599 888 4658 excellen
898 4601 1125 4657 tioribus
1145 4598 1438 4654 virtutibus
1459 4596 1712 4652 dilatatur
1732 4612 1750 4652 :

111 4701 176 4747 et
213 4695 456 4760 quanto
479 4687 600 4760 plus
621 4692 904 4761 premitur,
931 4700 1082 4748 tanto
1106 4690 1268 4746 altius
1291 4687 1576 4755 exaltatur,
1594 4701 1757 4758 quam

107 4787 430 4857 propheta
450 4800 548 4854 per
561 4786 870 4858 ethopmian
885 4786 995 4841 Deo
1010 4785 1090 4841 sic
1105 4781 1395 4841 introducit
1415 4783 1752 4853 loquentem:

108 4875 274 4929 Cum
311 4873 621 4929 invocarem
654 4884 722 4941 te,
759 4874 1023 4930 exaudiui
1057 4891 1158 4943 me,
1194 4873 1333 4928 Deus
1360 4872 1583 4943 justitia:
1607 4885 1754 4936 mea,

99 4966 167 5019 in
197 4958 582 5017 tribulatione
619 4963 856 5018 ditatasti
885 4979 966 5018 me
991 4963 1162 5035 (Psal.
1192 4962 1289 5036 1v).
1319 4961 1483 5032 Cujus
1507 4963 1761 5033 quoniam

193 5109 230 5138 ιι
268 5089 463 5167 Gesta
486 5107 612 5167 sane
632 5104 706 5149 est
725 5107 847 5152 ante
870 5098 965 5152 hos
987 5114 1152 5153 annos
1174 5099 1230 5152 in
1247 5097 1507 5166 Bithynia:
1526 5097 1762 5167 partibus

92 5161 313 5240 guard
319 5174 424 5212 am
447 5161 696 5246 synodus,
718 5174 825 5246 etc.
847 5168 958 5221 Aut
980 5171 1306 5246 ἆγισξρρὶζιιρ
1349 5161 1442 5222 ιιύι
1459 5161 1764 5246 ῥλλαρτὰνιι

93 5191 424 5240 quwuum
447 5191 696 5228 09mm”,
718 5191 825 5222 6w.
847 5191 958 5221 nus
980 5191 1306 5246 ανιστοριςιι,
1349 5191 1442 5222 aut
1481 5191 1514 5223 α
1589 5191 1761 5242 prava

93 5232 846 5316 guupoxsuftuiie.'§tenim
873 5253 981 5316 non
1008 5239 1061 5292 in
1083 5238 1361 5316 Bithynia,
1383 5237 1478 5292 sed
1494 5191 1761 5316 C‘oanstan-

94 5297 404 5381 iiPOZpodi
449 5298 505 5352 in
541 5299 743 5368 palatio
773 5304 982 5381 liierize
1023 5297 1314 5381 celebrata?
1339 5297 1461 5381 haec
1505 5309 1760 5381 synodus.

94 5375 253 5433 Nisi
298 5374 366 5425 si
406 5384 565 5444 error
593 5374 1068 5444 cognatinominis
1110 5376 1362 5431 librarios
1409 5374 1636 5444 decepit,
1678 5391 1766 5431 re-

98 5440 638 5513 scribendumqtle
657 5441 755 5513 psit,
769 5441 990 5513 Hier-iw,
1014 5459 1114 5513 pro
1137 5444 1422 5513 Bithyniae,
1441 5440 1722 5513 hoc—modo
1748 5462 1763 5499 :

94 5521 171 5572 in
206 5509 462 5583 Hieriae
487 5508 699 5583 palatio
735 5512 981 5583 quadam
1006 5508 1126 5582 ign.
1153 5508 1309 5576 Quod
1335 5511 1468 5564 mihi
1493 5511 1553 5566 fit
1581 5514 1768 5567 admo-

101 5587 275 5641 dum
309 5579 653 5635 verisimile.

1847 3319 2094 3374 discreta:
2125 3320 2486 3389 procacitatis,
2511 3328 2572 3375 ut
2604 3320 2863 3392 imagines
2889 3321 2945 3375 in
2971 3320 3302 3376 ornamentis
3336 3335 3426 3376 ec-

1847 3410 2025 3467 clesia:
2053 3420 2107 3467 et
2134 3413 2392 3468 memoria
2421 3426 2602 3466 rerum
2628 3418 2897 3482 gestarum
2923 3411 2991 3466 ab
3017 3411 3252 3480 antiquis
3275 3412 3423 3480 posi-

1847 3509 1930 3558 tas
1955 3501 2170 3558 incauta
2191 3503 2466 3559 abolerent
2489 3501 2823 3558 abdicatione
2848 3516 2864 3555 :
2888 3502 3135 3572 quodque
3162 3494 3424 3558 Dominus

1834 3585 1913 3648 de
1938 3593 2096 3649 idolis
2122 3594 2396 3664 praecepit,
2415 3595 2519 3650 hoc
2538 3593 2614 3649 illi
2635 3593 2701 3650 de
2727 3593 2935 3649 cunctis
2955 3593 3276 3665 imaginibus
3297 3609 3421 3664 per-

1845 3691 2153 3755 petrarent;
2186 3687 2485 3742 nescientes
2522 3686 2809 3758 imaginem
2830 3684 2964 3748 iesse
3005 3701 3191 3756 genus,
3220 3684 3424 3741 idolum

1846 3791 1976 3832 vero
2003 3778 2238 3848 speciem
2274 3796 2288 3832 :
2333 3785 2389 3833 et
2416 3779 2650 3848 speciem
2683 3778 2750 3831 ad
2783 3793 2970 3848 genus,
2997 3793 3166 3846 genus
3203 3779 3272 3833 ad
3298 3793 3423 3846 spe-

1848 3867 1985 3922 ciem
2014 3867 2205 3923 referri
2226 3883 2338 3924 non
2363 3883 2540 3938 posse.
2567 3867 2702 3921 Nam
2731 3881 2853 3920 cum
2872 3881 3010 3935 pene
3034 3882 3192 3921 omne
3220 3867 3422 3921 idolum

1848 3956 2025 4026 imago
2075 3958 2182 4022 sit,
2225 3973 2331 4011 non
2379 3956 2554 4011 omnis
2591 3957 2768 4024 imago
2817 3954 3036 4008 idolum.
3085 3955 3320 4007 Alterius
3368 3961 3426 4008 et

1849 4045 2006 4116 longe
2027 4045 2248 4100 alterius
2268 4045 2594 4100 definitionis
2617 4053 2701 4100 est
2720 4044 2939 4108 idolum,
2961 4043 3184 4098 alterius
3205 4043 3380 4113 imago
3405 4062 3419 4096 :

1850 4149 1974 4190 cum
1999 4132 2247 4188 videlicet
2270 4133 2385 4188 ista:
2407 4135 2475 4189 ad
2501 4138 2875 4188 ornamentum
2901 4129 2988 4184 vel
3012 4131 3081 4186 ad
3117 4144 3204 4186 res
3245 4139 3424 4202 gestas

1850 4225 2224 4282 monstrandas
2245 4224 2396 4290 ﬁant,
2421 4224 2551 4280 illud
2570 4230 2748 4278 autem
2783 4235 3056 4290 nunquam
3085 4222 3188 4277 nisi
3214 4230 3282 4278 ad
3317 4223 3423 4277 mi-

1851 4330 2094 4372 serorum
2125 4315 2333 4372 animas
2356 4316 2616 4387 sacrilego
2650 4315 2757 4370 ritu
2785 4322 2840 4369 et
2868 4327 3006 4368 vana
3043 4315 3424 4385 superstitione

1852 4405 2166 4462 inliciendas
2187 4419 2204 4459 :
2228 4414 2282 4460 et
2309 4405 2486 4477 imago
2509 4407 2576 4461 ad
2602 4404 2824 4474 aliquid,
2847 4403 3046 4458 idolum
3081 4405 3149 4460 ad
3188 4404 3424 4476 seipsum

1853 4494 2083 4552 dicatur.
2116 4494 2216 4562 Qui
2241 4497 2496 4552 nimirum
2525 4504 2688 4552 tantae
2723 4493 2980 4552 caecitatis
3011 4496 3240 4568 caligine
3274 4498 3427 4553 obte—

1854 4586 2062 4640 nebrati
2085 4584 2318 4652 fuerunt,
2347 4594 2407 4640 ut
2444 4585 2653 4640 cunctis
2677 4586 2767 4655 qui
2795 4601 2889 4641 eas
2915 4586 3114 4642 habere
3154 4587 3209 4641 in
3257 4587 3428 4644 eccle-

1855 4674 1951 4729 siis
1976 4676 2336 4730 noscebantur
2372 4675 2458 4730 vel
2483 4675 2714 4730 habituri
2750 4683 2904 4731 erant
2938 4676 3426 4743 anathematizatis,

1856 4767 1999 4823 inter
2024 4773 2246 4822 cancros
2273 4781 2485 4822 errores
2519 4767 2622 4824 hoc
2657 4768 2820 4824 etiam
2868 4768 2967 4823 suo
3009 4769 3180 4826 errori
3227 4769 3431 4824 insere-

1857 4863 1979 4912 rent
2009 4856 2039 4897 b
2075 4858 2216 4928 quod
2248 4872 2344 4913 rex
2379 4872 2564 4914 eorum
2607 4857 2990 4914 Constantinus
3023 4874 3116 4914 eos
3151 4858 3220 4912 ab
3275 4856 3432 4911 idolis

1859 4949 2140 5008 liberasset
2166 4969 2180 5007 :
2215 4959 2270 5006 et
2298 4951 2350 5006 ei
2385 4951 2477 5023 qui
2509 4951 2798 5008 exsultavit
2824 4958 2884 5006 ut
2907 4951 3058 5020 gigas
3095 4947 3165 5002 ad
3207 4961 3430 5002 curren-

1861 5088 2013 5160 cujus
2030 5091 2208 5168 edicto
2231 5089 2697 5168 Copstantinopoli
2707 5089 2940 5168 synodus
2973 5085 3085 5168 illa.
3101 5087 3197 5144 fuit
3234 5101 3431 5168 convo-

1862 5156 2002 5223 cata,
2028 5163 2084 5216 in
2109 5160 2260 5228 cujus
2289 5161 2395 5215 fine
2427 5162 2568 5217 inter
2582 5156 2997 5216 acclamationes
3009 5156 3275 5228 solemnes
3303 5156 3432 5222 legi-
3461 5173 3466 5178 ·

1862 5237 2001 5308 tur_:
2289 5229 2644 5308 idololatrian:
2690 5247 2778 5308 vos
2821 5227 3153 5308 obscurastis.
3193 5224 3274 5308 _Ad
3307 5239 3432 5308 quae

1863 5301 2027 5355 verba
2066 5301 2120 5355 in
2152 5299 2290 5354 actis
2324 5298 2526 5356 Nicaeni
2560 5299 2771 5356 concilii
2816 5313 2852 5350 ιι
2884 5301 3279 5351 commentatur
3306 5292 3434 5359 Epi-

1864 5369 2096 5442 phanius
2129 5387 2142 5423 :
2184 5388 2202 5420 σ
2222 5369 2295 5442 Si
2320 5384 2449 5442 vero
2475 5370 2556 5441 (ut
2581 5368 2682 5436 ipsi
2709 5364 2880 5436 aiunt)
2904 5363 3434 5442 conventu§_episeo-

1866 5433 2058 5511 porum
2077 5447 2132 5495 et
2151 5441 2318 5496 robur
2355 5433 2754 5511 imperatorum
2761 5433 2869 5511 nos
2887 5435 2962 5511 ab
2972 5433 3136 5511 idolis
3162 5433 3429 5511 liberavit,

1869 5502 2034 5579 genus
2055 5512 2350 5566 humanum
2384 5525 2414 5563 a
2431 5502 2664 5579 'ver_i_tate
2686 5502 3220 5579 fallitur.‘Nam_cum
3247 5502 3314 5556 ab
3348 5514 3435 5579 er-

1780 5627 1794 5642 ,
1871 5573 1994 5634 rore
2027 5580 2291 5636 idolorum
2323 5579 2478 5633 Jesus
2505 5575 2749 5630 Christus
2780 5573 3036 5629 Dominus
3079 5573 3433 5642 Deusrnoster

201 5656 241 5694 ιι
288 5649 476 5716 Quod
504 5666 598 5704 rea:
620 5667 803 5706 eorum
819 5651 1198 5706 Constantinus
1215 5661 1299 5701 eos
1313 5647 1374 5700 ab
1388 5649 1540 5704 idolis
1560 5641 1812 5707 liberas-ﬂ
1869 5664 1970 5704 nos
1999 5650 2263 5715 liberavit,
2304 5645 2850 5716 quomodopoterunt
2883 5643 3100 5716 gloriari
3139 5650 3193 5698 et
3224 5641 3434 5716 jactare

99 5735 230 5781 set.
275 5710 738 5798 (fave-blagnum
784 5722 1052 5798 intelligas
1086 5732 1214 5798 eum
1246 5718 1348 5798 Aqui
1379 5720 1774 5798 primus__impe-
1807 5791 1819 5798 ν
1872 5734 1912 5798 ε
1957 5734 2020 5773 se
2074 5710 2615 5798 idipsum'factum'f
2644 5715 2690 5772 Ο
2745 5710 2986 5798 insanam
3025 5710 3428 5798 j‘actantiam

101 5804 433 5856 ratorum
457 5787 600 5844 idola
621 5790 872 5860 ejuravit,
889 5787 982 5849 sed
992 5787 1406 5848 Constantinum
1425 5787 1772 5867 Caballinum,

436 5880 714 5945 Ps'rnon.
762 5885 1046 5950 XCVIII.

1873 5788 2045 5858 Quem
2082 5780 2258 5844 locum
2294 5785 2512 5844 indubie
2548 5786 2617 5844 ob
2651 5786 2835 5844 oculos
2880 5780 3066 5842 habuit
3106 5792 3162 5840 et
3200 5780 3436 5856 respexit

3000 5878 3080 5940 32
