4026 6156
646 302 787 362 1003

1483 298 1543 359 Β.
1582 302 1834 363 CAROLI
1873 300 2087 363 MAGNI
2124 304 2275 364 OPP.
2315 306 2493 365 PARS
2528 308 2591 365 ll.
2635 306 2876 367 SECTIO
2914 309 2980 365 Ῑῐ.

3772 320 3795 375 i
3806 320 3904 378 00}

640 422 768 477 (iam
797 418 961 484 viam,
989 418 1055 474 de
1078 432 1185 489 quo
1218 414 1419 475 dictum
1442 425 1550 486 est,
1577 417 1715 475 Ecce
1741 422 1860 477 vicit
1885 421 1964 475 leo
1990 422 2055 475 de
2083 421 2219 476 tribu
2243 424 2296 485 Α
2320 431 2443 478 tans
2482 438 2541 480 se
2580 424 2774 481 medici
2811 440 3003 495 parere
3038 422 3226 492 dictis,
3253 440 3362 482 non
3412 418 3586 483 solum
3646 429 3761 486 vini
3818 437 3907 494 sed

642 510 807 580 Iuda,
842 508 998 565 radix
1020 509 1191 565 David
1214 509 1399 582 (Apoc.
1425 507 1512 581 v),
1552 519 1608 565 et
1640 511 1991 581 triumphanti
2036 513 2221 569 mundi

642 603 815 677 spolia
849 618 1033 660 secum
1078 602 1390 673 reportavit,
1423 602 1664 659 victoriae
1712 604 1922 659 titulum
1965 605 2223 675 derogare

618 686 939 768 cupientes,
966 693 1081 765 regi
1101 708 1201 749 suo
1229 694 1579 750 adnecterent
1605 707 1620 747 :
1646 708 1769 748 cum
1805 709 1912 750 non
1941 693 2006 748 de
2032 706 2223 747 eorum

644 803 786 858 rege,
814 785 911 843 sed
956 785 1025 843 de
1074 798 1203 841 vero
1251 784 1644 854 triumphatore
1701 783 1918 839 Christo
1962 785 2224 852 propheta

640 876 987 949 praedixerit:
1012 875 1150 931 Ecce
1176 874 1432 930 Dominus
1466 875 1707 930 ascendet
1727 890 1881 946 super
1914 874 2097 928 nubem
2146 874 2222 929 lc-

640 987 775 1037 rem,
800 979 848 1025 et
884 968 1206 1041 ingredietur
1241 968 1554 1041 Egyptum,
1577 977 1625 1022 et
1671 967 2123 1022 commovebuntur
2155 967 2228 1022 si-

622 1052 883 1118 mulacra
905 1061 1123 1133 ngypti
1155 1078 1189 1115 α
1215 1062 1351 1131 facie
1373 1061 1488 1131 ejus
1529 1060 1664 1132 (Isa.
1698 1060 1836 1131 xxx).
1883 1059 2089 1115 Nubem
2148 1061 2226 1115 le-

642 1169 786 1219 vem,
826 1168 1023 1223 corpus
1069 1150 1319 1207 videlicet
1370 1152 1696 1216 humanum,
1723 1151 1865 1220 quod
1910 1165 1978 1205 ex
2023 1151 2229 1221 virgine

644 1251 1012 1313 assumpserat
1054 1240 1198 1297 nulla
1218 1241 1467 1297 humana:
1488 1241 1882 1296 commistionis
1907 1238 2065 1295 sorde
2093 1254 2229 1310 pree-

623 1347 927 1417 gravatum
953 1357 968 1394 :
992 1337 1287 1410 Egyptum
1313 1340 1573 1393 mundum
1591 1336 1776 1391 volens
1799 1334 2024 1406 intelligi
2047 1352 2061 1388 :
2086 1334 2231 1404 quod

643 1438 701 1488 et
727 1444 825 1503 per
846 1429 1136 1491 Jeremiam
1156 1443 1293 1499 pene
1314 1427 1507 1483 iisdem
1532 1427 1713 1482 verbis
1741 1438 1799 1482 se
1827 1425 2028 1481 dudum
2061 1423 2232 1480 factu-

645 1540 767 1580 rum
809 1537 929 1579 esse
961 1522 1301 1592 promiserat,
1333 1519 1516 1574 dicens
1541 1535 1557 1572 :
1587 1518 1898 1589 Dide
1923 1516 2229 1582 simulacra,

643 1624 693 1672 et
736 1630 937 1670 cessare
981 1612 1177 1683 facim
1218 1609 1363 1665 idola
1396 1609 1464 1664 de
1519 1608 1777 1679 Memphis
1830 1607 2046 1678 (Ezech.
2073 1605 2226 1676 xxx).

644 1716 672 1746 ει
701 1703 865 1761 Gesta
886 1710 1147 1775 praeterea
1173 1708 1257 1757 est
1278 1698 1448 1756 ferme
1476 1707 1604 1754 ante
1634 1698 1925 1753 triennium
1967 1703 2022 1751 et
2054 1695 2230 1750 altera

2314 514 2499 585 etiam
2530 515 2751 571 laticum
2806 515 2915 570 sibi
2967 515 3251 570 interdieat
3299 515 3581 573 humorem
3603 558 3620 585 ,
3671 521 3811 577 adeo
3856 535 3906 580 ut

2318 607 2413 677 qui
2447 607 2646 661 dudum
2676 596 2962 677 languebat
2984 604 3153 662 nimio
3177 607 3289 662 vini
3321 607 3517 663 haustu
3538 608 3903 681 madefactus,

2318 697 2468 752 omni
2502 696 2603 753 sibi
2641 698 2847 768 liquore
2873 698 3181 765 interdicto,
3208 697 3459 769 langueat
3492 698 3582 753 siti
3606 698 3905 758 arefactus:

2322 798 2667 852 cumtamen,
2708 794 2763 842 et
2790 788 2835 842 si
2876 789 3087 843 diversa
3135 788 3207 843 sit
3244 802 3406 844 causa
3436 786 3735 858 languoris,
3773 806 3911 846 unus

2322 888 2506 934 tamen
2530 880 2600 934 sit
2625 879 2848 934 ea‘ectus
2878 870 3134 935 desidiosi
3169 877 3393 934 erroris.
3460 877 3674 934 Interea
3695 870 3817 935 cum
3860 882 3911 936 in

2324 981 2517 1026 neutra
2528 979 2683 1040 parte
2702 985 2877 1040 neque
2895 970 2987 1026 isti
3002 986 3177 1043 neque
3198 974 3275 1029 illi
3290 978 3665 1048 temperantia:
3692 986 3910 1034 tenean-

2326 1067 2418 1115 tur
2436 1062 2678 1128 habenis,
2694 1062 2788 1116 sed
2808 1062 3338 1135 utriqueiprtecipites
3351 1081 3449 1137 per
3462 1068 3688 1139 abrupta
3702 1069 3910 1125 discur-

2327 1156 2468 1217 rant,
2499 1159 2554 1207 et
2577 1152 2778 1222 dispari
2819 1166 2979 1209 cursu
3028 1153 3289 1223 ferantur,
3342 1173 3451 1214 uno
3476 1167 3656 1215 tamen
3681 1177 3912 1217 occursu

2326 1259 2539 1314 sponsae
2558 1245 2768 1300 Christi
2812 1244 3086 1316 Ecclesiae,
3134 1250 3220 1305 cui
3267 1250 3381 1320 ipse
3434 1240 3564 1307 dicit
3596 1252 3651 1307 in
3676 1252 3913 1309 Canticis

2328 1335 2689 1401 canticorum,
2726 1335 2858 1390 Tota
2882 1339 3116 1409 speciosa
3139 1356 3212 1406 es,
3266 1342 3437 1396 amica
3459 1359 3594 1409 mea,
3628 1352 3673 1398 et
3698 1343 3913 1398 macula

2330 1440 2435 1481 non
2472 1436 2546 1482 est
2572 1430 2628 1482 in
2654 1438 2702 1482 te
2735 1427 2914 1500 (Cant.
2962 1429 3043 1501 ιι),
3084 1431 3354 1487 maculam
3396 1431 3601 1490 inferre
3623 1443 3908 1499 conantur,

2326 1518 2457 1573 dum
2493 1520 2647 1574 etilli
2673 1520 2882 1576 eibene
2912 1521 3100 1577 habita
3131 1522 3385 1593 abjicere,
3426 1533 3482 1580 et
3505 1524 3593 1580 isti
3634 1526 3772 1583 bene
3815 1525 3914 1582 ba-

2324 1608 2460 1665 bitis
2489 1611 2630 1667 male
2655 1612 3017 1681 utisuadent;
3060 1614 3188 1671 dum
3227 1616 3434 1673 scilicet
3471 1625 3523 1673 et
3567 1616 3643 1673 illi
3673 1619 3724 1675 ei
3742 1635 3915 1675 orna-

2332 1706 2515 1755 menta
2538 1699 2752 1758 auferre
2768 1703 3005 1770 student,
3034 1706 3189 1761 etisti
3218 1721 3338 1762 eam
3360 1717 3669 1766 ornamenta
3680 1710 3918 1765 adorare

630 1796 881 1870 synodus
908 1794 1013 1850 illis
1041 1794 1098 1848 in
1123 1792 1383 1864 partibus,
1405 1790 1473 1845 ab
1500 1800 1689 1845 eorum
1724 1788 1818 1858 qui
1848 1787 2088 1858 priorem
2113 1799 2228 1856 εει·
2255 1775 2306 1837 Β
2326 1802 2679 1862 pemovent;
2743 1810 2862 1864 qua:
2909 1796 3016 1851 duo
3045 1798 3206 1867 mala,
3251 1807 3311 1853 ut
3353 1799 3563 1869 praefati
3603 1816 3809 1868 sumus,
3852 1801 3920 1856 de

630 1896 830 1953 serant
857 1884 1279 1948 successoribus,
1302 1882 1387 1937 vel
1417 1896 1451 1936 a
1492 1881 1769 1951 plerisque
1810 1877 1905 1949 qui
1950 1877 2008 1933 in
2050 1878 2232 1949 priore

643 1982 813 2039 fuisse
850 1984 1181 2036 narrantur:
1212 1989 1333 2046 quae
1380 1983 1561 2030 tamen
1606 1984 1915 2042 quanquam
1971 1984 2002 2024 a
2050 1970 2233 2039 priore

644 2074 808 2130 distet
834 2081 979 2137 voto,
1004 2084 1111 2126 non
1135 2076 1317 2124 tamen
1337 2066 1502 2123 distat
1518 2076 1734 2130 errore;
1780 2072 1837 2118 et
1859 2062 1905 2117 si
1930 2061 2115 2131 dispar
2146 2069 2234 2116 est

638 2168 882 2239 negotio,
907 2171 993 2220 est
1012 2171 1191 2218 tamen
1217 2173 1440 2229 compar
1459 2156 1691 2229 ﬂagitio;
1731 2163 1788 2210 et
1809 2168 1933 2211 cum
1962 2153 2034 2207 sit
2053 2159 2233 2222 poste-

644 2259 761 2316 rior
786 2266 1044 2327 tempore,
1071 2267 1181 2308 non
1215 2258 1398 2307 tamen
1421 2257 1505 2305 est
1528 2246 1800 2319 posterior
1834 2242 2080 2300 crimine.
2120 2241 2233 2298 Nec

644 2348 917 2405 immerito
954 2347 1011 2401 in
1055 2343 1216 2400 unius
1261 2339 1466 2398 baratri
1514 2351 1790 2395 cmucsnm
1838 2334 2034 2399 lacum,
2063 2346 2235 2402 quan-

643 2455 811 2512 quam
833 2452 931 2509 per
969 2436 1182 2493 diversa
1207 2431 1499 2495 ﬂuitantes,
1522 2426 1792 2485 conﬂuere
1813 2424 2083 2489 videntur,
2112 2436 2233 2493 qua

644 2536 717 2592 ab
751 2533 912 2589 unius
949 2528 1226 2600 iactantia
1260 2535 1319 2583 et
1348 2539 1502 2582 vanat
1529 2524 1704 2580 laudis
1739 2523 1886 2579 fonte
1922 2520 2234 2578 scaturiisse

645 2625 961 2681 creduntur.
987 2618 1117 2676 Hrec
1147 2618 1312 2684 enim,
1334 2614 1785 2672 anathematizata
1829 2621 1887 2669 et
1927 2614 2233 2669 abominata

646 2732 776 2774 cum
802 2716 915 2772 suis
939 2713 1248 2771 auctoribus
1268 2711 1473 2783 priore,
1500 2708 1782 2781 imagines,
1803 2721 1937 2778 quas
1962 2706 2111 2778 prior
2134 2718 2234 2761 nec

639 2811 812 2868 etiam
836 2822 1060 2866 eernere
1081 2807 1421 2878 perimeret,
1447 2804 1675 2860 adorare
1692 2800 1998 2872 compellit;
2028 2807 2083 2854 et
2109 2798 2234 2855 ubi-

644 2916 862 2972 cunque
898 2902 1013 2956 sive
1052 2899 1109 2954 in
1131 2896 1328 2954 divine
1353 2892 1651 2965 Scriptura:
1678 2892 1830 2956 locis,
1855 2891 1968 2946 sive
2009 2890 2064 2944 in
2108 2900 2233 2943 san-

638 3002 856 3051 ctorum
882 2991 1105 3047 Patrum
1142 2985 1571 3051 “co'mmentariis,
1597 2990 1974 3056 quamcunque
2019 2994 2236 3051 repere-

640 3094 775 3143 runt
805 3084 1104 3155 imaginum
1127 3082 1458 3137 mentionem
1483 3082 1612 3148 erga
1636 3088 1747 3133 sum
1770 3074 2063 3132 voluntatis
2092 3072 2236 3127 arbi-

644 3176 814 3233 trium
838 3183 1056 3231 vertunt
1071 3174 1131 3229 in
1156 3172 1544 3229 adorationum.
1586 3168 1701 3226 Nec
1730 3167 1957 3224 minoris
1990 3164 2237 3222 absurdi-

646 3271 778 3328 tatis
804 3269 966 3340 spiris
1007 3267 1063 3323 hi
1102 3273 1495 3322 connectuntur
1539 3263 1596 3319 in
1638 3258 1838 3319 habere
1886 3268 1941 3317 et
1987 3257 2234 3325 adorare,

645 3376 814 3436 quam
839 3361 919 3419 illi
941 3360 1168 3418 cennexi
1198 3365 1324 3416 sunt
1348 3358 1406 3413 in
1438 3357 1672 3427 imagine
1700 3362 1756 3412 et
1795 3350 1960 3419 idolo,
1988 3366 2112 3409 cum
2156 3351 2237 3406 illi

648 3454 938 3527 imaginem
972 3460 1029 3509 et
1064 3450 1286 3518 idolum,
1325 3449 1415 3505 isti
1460 3448 1663 3504 habere
1694 3454 1749 3502 et
1786 3445 2010 3501 adorare
2030 3485 2043 3510 ,
2069 3450 2237 3497 unum

647 3558 774 3604 esse
800 3550 1089 3617 putarunt,
1115 3544 1236 3615 quae
1270 3550 1457 3598 tamen
1490 3554 1521 3595 a
1552 3555 1611 3595 se
1654 3538 1886 3594 invicem
1936 3537 2154 3599 distant,
2183 3542 2239 3588 et

652 3638 966 3693 diversitate
984 3635 1062 3689 rei
1084 3642 1140 3690 et
1158 3635 1415 3689 societate
1430 3628 1833 3702 praedicamenti
1856 3643 1872 3682 :
1898 3627 2093 3698 quippe
2113 3642 2235 3682 cum

652 3736 820 3783 unum
848 3725 1066 3780 illorum
1095 3724 1166 3779 sit
1206 3723 1440 3785 habitus,
1473 3722 1701 3777 alterum
1748 3732 1924 3791 agere.
1979 3716 2113 3772 Nam
2144 3717 2235 3773 illa

653 3815 756 3870 etsi
784 3828 976 3882 magna
1001 3812 1198 3869 distent
1212 3810 1530 3877 diferentia,
1545 3810 1737 3866 saltem
1762 3809 1815 3863 in
1838 3822 1902 3863 eo
1916 3806 2232 3877 junguntur,

653 3905 796 3976 quod
815 3918 979 3960 unum
1011 3903 1236 3974 species,
1263 3902 1489 3957 alterum
1513 3914 1680 3973 genus
1702 3906 1820 3954 est:
1846 3900 1967 3954 lucc
1991 3911 2122 3952 vero
2134 3910 2236 3952 nec

651 4006 868 4068 genere,
898 4008 996 4051 nec
1038 3994 1232 4065 specie,
1254 4007 1358 4048 nec
1404 3992 1511 4046 ulla
1561 3988 1926 4060 hujuscemodi
1980 3986 2237 4042 societate

651 4090 754 4145 sibi
780 4089 1069 4152 eohtcrent,
1082 4102 1207 4143 tuan
1226 4092 1281 4141 et
1300 4084 1517 4140 adorari
1537 4084 1744 4152 possint
1765 4089 1885 4151 quae
1906 4092 2013 4136 non
2039 4079 2238 4135 haben—

654 4187 761 4244 tur,
784 4187 841 4234 et
883 4177 1072 4233 haberi
1112 4186 1234 4247 quae
1275 4189 1384 4231 non
1421 4173 1730 4228 adorantur.
1772 4171 1970 4239 Sicque
2020 4170 2237 4237 rejectis

655 4269 1037 4324 moderaminis
1064 4267 1401 4327 retinaculis,
1433 4272 1488 4318 et
1518 4263 1759 4333 neglecto
1789 4262 1931 4331 quod
1977 4264 2043 4317 ab
2092 4262 2235 4316 antis

655 4361 778 4429 quis
806 4375 912 4414 non
952 4361 1243 4427 incongrue
1284 4356 1488 4409 dictum
1521 4362 1603 4407 est
1637 4355 1924 4421 proverbio
1951 4372 1962 4406 :
1997 4352 2078 4406 Nc
2107 4354 2233 4423 quid

2324 1881 2605 1952 iactantiae
2654 1885 2802 1941 fonte
2854 1886 3202 1957 pullularunt.
3267 1890 3514 1962 Dumque
3576 1891 3759 1948 volunt
3814 1891 3918 1946 hu-

2332 1991 2522 2032 manos
2562 1978 2794 2047 favores,
2834 1989 2890 2035 et
2936 1981 3117 2037 vocari
3172 1982 3240 2038 ab
3290 1982 3599 2040 hominibus
3637 1983 3838 2051 Rabbi,
3871 1992 3921 2038 et

2332 2082 2461 2123 suas
2499 2069 2686 2126 laudes
2735 2071 2847 2126 suis
2888 2072 3130 2142 apicibus
3156 2072 3459 2155 praeﬁgunt,
3501 2088 3604 2130 nec
3637 2076 3925 2131 attendunt

2332 2160 2476 2231 quod
2498 2176 2597 2232 per
2621 2162 2905 2232 quemdam
2950 2163 3243 2232 sapientem
3289 2162 3521 2219 dicitur:
3578 2164 3835 2222 Laudent
3881 2174 3924 2220 te

2334 2251 2447 2317 alii,
2503 2262 2551 2307 et
2577 2269 2680 2305 non
2718 2269 2775 2306 os
2819 2262 2985 2314 tuam,
3024 2261 3320 2316 extraneas,
3367 2262 3547 2306 etnon
3606 2252 3802 2323 lingua
3835 2265 3931 2311 tua

2331 2344 2512 2415 (Prov.
2536 2343 2739 2413 xxv"):
2778 2342 2987 2397 relictis
3010 2342 3313 2413 priscorum
3346 2342 3569 2398 Patrum
3599 2343 3931 2404 traditioni-

2331 2440 2450 2506 bus,
2486 2438 2577 2509 qui
2602 2436 2864 2508 imagines
2890 2452 2999 2493 non
3035 2436 3212 2493 colere
3248 2443 3565 2505 sanxerunt,
3606 2436 3702 2491 sed
3737 2437 3803 2492 in
3838 2454 3933 2495 or-

2331 2539 2584 2589 namento
2603 2529 2956 2585 ecclesiarum
2984 2522 3189 2585 habere
3208 2528 3474 2594 siverunt,
3505 2542 3677 2584 novas
3700 2529 3929 2587 etinso-

2330 2625 2458 2680 litas
2478 2623 2737 2679 Ecclesia:
2762 2621 3012 2677 nituntur
3033 2619 3235 2676 inferre
3250 2619 3685 2687 constitutiones,
3723 2623 3926 2692 quibus

2333 2717 2385 2774 ei
2405 2712 2672 2774 maculam
2698 2716 2878 2787 potius
2908 2730 3069 2785 quam
3090 2713 3339 2769 decorem
3364 2713 3657 2769 ascribant.
3711 2706 3856 2769 Nam
3881 2714 3926 2772 si

2335 2810 2503 2865 novas
2536 2807 2945 2864 constitutiones
2979 2805 3233 2861 Ecclesiae
3258 2803 3504 2875 ingerere
3524 2801 3792 2871 iactantia
3814 2811 3923 2870 est,

2338 2902 2570 2958 schisma
2601 2909 2685 2956 est
2704 2918 2717 2953 :
2742 2896 2885 2969 quod
2899 2907 3077 2953 tamen
3099 2897 3155 2953 in
3180 2895 3417 2952 Ecclesia
3441 2894 3566 2969 ﬁeri.
3593 2909 3703 2950 non
3726 2894 3919 2951 debet:

2337 2991 2549 3062 quodsi
2577 2991 2810 3046 schisma
2834 2997 2936 3054 est,
2963 2987 3173 3042 macula
3196 2990 3299 3053 est,
3338 3001 3458 3056 quae
3478 2985 3532 3040 in
3559 2984 3771 3056 Sponsa
3800 3000 3923 3042 esse

2262 3116 2310 3182 α
2337 3091 2582 3153 negatur.
2641 3079 2699 3134 Si
2726 3080 2886 3150 igitur
2926 3093 3092 3133 novas
3117 3076 3529 3133 constitutiones
3556 3075 3817 3132 Ecclesia:
3841 3076 3920 3131 in-

2338 3190 2525 3248 gerere
2542 3171 2803 3242 jactantia
2826 3179 2929 3237 est,
2959 3170 3168 3226 macula
3190 3168 3377 3238 procul
3408 3169 3571 3225 dubio
3592 3177 3697 3235 est,
3722 3184 3844 3238 qua:
3867 3169 3919 3223 in

2339 3282 2533 3340 Sponsa
2550 3278 2669 3319 esse
2691 3269 2938 3334 negatur.
3027 3260 3179 3319 Unde
3216 3262 3376 3317 datur
3403 3260 3626 3329 intelligi
3655 3275 3765 3315 non
3797 3276 3917 3316 eum

2337 3376 2456 3416 esse
2493 3358 2726 3414 amicum
2750 3356 2952 3428 sponsi,
2979 3355 3071 3425 qui
3106 3355 3242 3410 adeo
3262 3370 3374 3411 sum
3393 3355 3568 3411 laudis
3593 3356 3709 3411 vult
3735 3370 3918 3411 cumu-

2335 3450 2450 3506 lare
2477 3464 2754 3514 cacumen,
2778 3455 2837 3504 ut
2858 3462 2955 3519 per
2977 3463 3223 3504 errorum
3244 3456 3400 3504 notas
3425 3464 3533 3505 non
3553 3458 3808 3505 vereatur
3834 3464 3916 3504 ec-

2336 3538 2700 3595 clesiasticum
2726 3537 3035 3594 obtundere“
3048 3554 3305 3604 acumen;
3331 3554 3396 3594 ac
3422 3554 3520 3609 per
3546 3540 3652 3596 hoc
3679 3540 3724 3594 si
3760 3554 3916 3610 spon-

2336 3645 2453 3685 sam
2480 3622 2692 3684 macula
2728 3642 2835 3683 non
2874 3628 3046 3693 decet,
3081 3642 3203 3683 eam
3233 3628 3285 3683 ei
3337 3628 3518 3684 nullus
3542 3630 3729 3685 conari
3760 3628 3916 3685 debet

2332 3718 2667 3789 imprimere:
2710 3732 2871 3788 quam
2894 3717 2938 3771 si
2970 3717 3150 3773 nullus
3177 3717 3363 3773 conari
3393 3718 3554 3774 debet
3610 3720 3918 3789 imprimere

2336 3811 2429 3881 qui
2466 3815 2711 3875 conatur,
2749 3821 2947 3878 sponso
2976 3796 3228 3878 injuriam
3250 3806 3399 3862 facit.
3465 3807 3523 3863 Si
3560 3809 3724 3879 igitur
3756 3824 3915 3879 spon-

2336 3916 2452 3957 sam
2478 3897 2687 3954 macula
2723 3913 2831 3953 non
2855 3898 3027 3963 decet,
3058 3905 3114 3952 et
3145 3912 3334 3952 revera
3363 3912 3471 3953 non
3500 3899 3674 3965 decet,
3691 3900 3785 3969 qui
3830 3915 3915 3954 co-

2338 4001 2498 4047 natur
2518 3990 2847 4061 imprimere,
2877 3978 3073 4058 sponso
3099 3986 3354 4067 injuriam
3375 3987 3525 4045 facit.
3558 3987 3665 4044 Nos
3687 3990 3918 4060 denique

2336 4082 2684 4155 propheticis,
2715 4080 3037 4153 evangelicis
3063 4090 3118 4136 et
3151 4081 3462 4151 apostolicis
3482 4079 3773 4148 Scripturis
3786 4096 3916 4136 con-

2340 4176 2473 4230 tenti
2501 4183 2555 4230 et
2578 4182 2887 4230 sanctorum
2910 4160 3330 4228 orthodoxorum
3356 4171 3590 4237 Patrum,
3626 4171 3723 4241 qui
3746 4171 3917 4226 nulla-

2338 4275 2495 4322 tenus
2534 4267 2587 4322 in
2615 4268 2726 4322 suis
2760 4264 3100 4334 dogmatibus
3130 4266 3199 4320 ab
3247 4280 3311 4321 eo
3349 4265 3441 4335 qui
3468 4273 3551 4320 est
3593 4265 3698 4331 uia,
3732 4265 3913 4320 vetitas

2337 4367 2383 4411 et
2402 4360 2524 4426 vita,
2552 4354 2853 4425 deviarunt,
2878 4358 3139 4412 institutis
3165 4358 3374 4441 imbuti,
3409 4366 3464 4413 et
3484 4366 3700 4414 sanctas
3719 4366 3772 4413 et
3802 4357 3913 4412 uni-

657 4449 832 4512 ηἱηιὶδ.
856 4444 1242 4501 mediocritatis
1272 4442 1406 4495 “me
1447 4441 1784 4502 transmisso,
1811 4456 1909 4509 P6?
1936 4442 2085 4495 ἀρνία
2117 4456 2238 4512 gra-
2262 4461 2314 4522 ι)
2338 4450 2573 4505 versales
2598 4465 2691 4504 sex
2715 4450 2965 4521 synodos,
3005 4465 3125 4519 qua:
3146 4465 3244 4519 pro
3266 4449 3429 4505 variis
3448 4450 3809 4505 b-ccrescorum
3836 4448 3913 4500 in-

659 4537 876 4590 diuntur
898 4547 913 4586 :
939 4531 1104 4587 veluti
1142 4530 1189 4585 si
1218 4531 1342 4599 quis
1379 4528 1589 4583 cuidam
1636 4527 1973 4598 multiloquio
2022 4535 2236 4589 vacanti

663 4629 1137 4691 temperamentum
1185 4622 1237 4674 in
1280 4620 1549 4690 loquendo
1586 4621 1823 4677 indicere
1850 4637 2063 4690 curans,
2088 4626 2178 4681 ille
2206 4643 2237 4682 e

658 4712 930 4769 contrario
956 4712 1088 4766 adeo
1113 4710 1326 4765 silentio
1361 4710 1590 4775 studeat,
1634 4717 1696 4765 ut
1732 4719 1909 4767 mutus
1953 4711 2231 4781 ciliciatur,

653 4808 713 4857 et
735 4801 822 4855 cui
852 4800 1085 4855 dedecus
1114 4800 1391 4868 ingerebat
1417 4799 1721 4856 inordinata
1747 4800 2063 4871 loquacitas,
2081 4804 2238 4858 dede-

655 4910 755 4950 cus
781 4891 1130 4948 nihilominus
1154 4891 1368 4961 ingerat
1394 4891 1661 4947 desidiosa
1684 4893 2165 4948 taciturnitasAu‘t
2190 4895 2236 4950 si

655 4985 778 5055 quis
804 4982 1045 5040 medicus
1058 4989 1409 5053 metantem
1436 4984 1763 5039 temulentite
1786 4992 1996 5054 arguat,
2020 4982 2112 5040 ille
2143 4998 2239 5054 pu-

646 5156 880 5229 _Carolu3
912 5154 1152 5228 Magnus.
1177 5150 1332 5229 Apud
1354 5148 1731 5229 Theophanem
1766 5158 1821 5213 in
1857 5159 1997 5214 Hist.
2029 5158 2231 5216 Misce].

659 5228 1185 5300 legunturepiscopi,
1210 5228 1360 5285 tiuita
1384 5231 1589 5300 synodo
1618 5248 1637 5279 ‹
1668 5230 1925 5300 populum
1949 5245 2141 5284 manus
2177 5231 2234 5285 in

658 5297 827 5355 altum
862 5297 1048 5354 tollere
1078 5297 1357 5367 iubentes,
1396 5297 1577 5355 laetum
1615 5297 1900 5366 strepitum
1940 5300 2229 5366 excitasse,

660 5377 824 5439 atque
857 5368 986 5424 illud
1010 5341 1327 5437 protulisse:
1342 5341 1713 5425 hciﬁﬁtws
1728 5341 1923 5439 filum-nlo
1941 5341 2234 5437 :quanud't:

660 5437 875 5509 quidem
911 5453 1075 5507 opera
1118 5447 1227 5506 tua,
1268 5456 1301 5494 ο
1328 5440 1652 5508 imperator,
1693 5437 1849 5492 idolis
1884 5439 2096 5493 liberati
2144 5454 2247 5503 su-.

666 5525 947 5631 mlIIIS-Gesta
968 5586 1223 5646 prwterea
1247 5588 1319 5631 est
1347 5577 1506 5646 ferme
1533 5586 1652 5631 ante
1682 5576 1963 5631 triennium
1995 5586 2042 5630 et
2067 5576 2235 5633 altera

664 5645 891 5718 synodus
936 5644 1055 5718 illis.
1082 5646 1137 5698 in
1174 5644 1531 5718 ρανῇιιζχςξιθἑ
1562 5647 1756 5718 Nicaea:
1788 5646 1843 5700 in
1882 5646 2128 5718 Bithynia
2166 5649 2245 5704 ab.

667 5710 990 5772 imperatore
1017 5710 1367 5767 Constantino
1391 5716 1475 5769 Vll
1504 5716 1976 5786 Porphyrogeueto
1998 5710 2054 5774 et
2077 5719 2233 5775 lrena

2338 4539 2712 4597 festationibus
2737 4557 2767 4595 a
2789 4541 2989 4596 sanctis
3009 4549 3062 4611 et
3078 4540 3471 4596 venerabilibus
3482 4539 3732 4594 Patribus
3750 4548 3913 4609 gesta:

2336 4642 2479 4698 sunt,
2510 4634 2881 4702 suscipientes,
2915 4646 3101 4689 omnes
3123 4632 3387 4687 novitates
3416 4645 3619 4693 vocum,
3651 4637 3707 4681 et
3734 4628 3920 4682 stulti-

2334 4724 2525 4793 loquas
2573 4725 2980 4779 adiuventiones
3025 4724 3330 4793 abjicimus:
3372 4729 3425 4776 et
3460 4733 3564 4773 non
3591 4717 3769 4772 solum
3796 4731 3919 4773 non

2337 4813 2675 4882 suscipimus,
2725 4828 2910 4868 verum
2952 4815 3118 4871 etiam
3143 4827 3396 4886 tanquam
3426 4816 3785 4881 purgamenta
3818 4808 3920 4863 de-

2337 4903 2609 4974 spicimus,
2666 4905 2804 4959 sicut
2850 4914 2904 4960 et
2953 4920 3072 4961 eam
3104 4922 3239 4977 qua:
3269 4913 3486 4977 propter
3515 4899 3913 4958 adorandarum

2335 4996 2630 5065 imaginum
2675 4997 3191 5067 impudentissimam
3227 4997 3574 5053 traditionem
3619 4994 3677 5048 in
3731 4992 3910 5064 Bithy-

2334 5176 2524 5235 matre,
2552 5180 2641 5223 an.
2680 5167 2883 5227 Christi
2918 5170 3040 5237 787,
3076 5173 3265 5229 indict.
3301 5170 3387 5227 lO.
3422 5168 3627 5240 Falsus“
3652 5182 3781 5240 ergo
3811 5166 3908 5240 iste

2335 5253 2623 5304 uenturus,
2662 5256 2787 5313 eum
2831 5242 2946 5298 haec
2987 5235 3222 5313 synodus
3265 5240 3517 5298 Francol‘.
3565 5235 3787 5295 Nicmita
3822 5235 3904 5290 illa

2336 5317 2465 5381 toto
2497 5312 2775 5381 septennio
2812 5312 3079 5381 posterior
3119 5314 3188 5370 sit
3222 5328 3236 5368 :
3273 5321 3365 5367 aut
3412 5320 3563 5381 certe
3606 5314 3900 5381 corruptus.

2334 5379 2472 5447 Quid
2513 5376 2829 5453 si'legamus'
2862 5393 3022 5436 tante
3054 5385 3376 5494 septennia»:
3403 5388 3453 5435 et
3476 5379 3647 5436 altera
3682 5376 3903 5455 synodus

2341 5451 2597 5494 Ritlznm’m
2633 5455 2686 5494 in
2712 5452 2958 5494 nnrtilmx,
2990 5459 3073 5494 nlo
3171 5452 3288 5494 num
3312 5462 3472 5494 nnnin
3497 5448 3668 5494 nmini
3692 5446 3903 5494 habellli

2335 5446 2601 5523 Bithynia:
2633 5446 2686 5506 i'n
2712 5452 2965 5523 partibus,
2990 5446 3130 5523 etc?
3171 5452 3472 5523 Quopacto
3497 5448 3669 5522 probe
3689 5446 3907 5523 habebit

2334 5519 2484 5577 locus
2521 5522 2678 5593 Vulgo
2714 5519 2853 5593 male
2892 5536 3073 5589 sanus,
3108 5519 3329 5578 Nicacni'
3349 5519 3515 5593 hujus
3547 5519 3765 5593 concilii
3791 5523 3907 5571 acta

2334 5600 2551 5664 exstant
2597 5588 2705 5647 tom
2751 5591 3006 5664 ιιι-ρους.
3051 5594 3289 5664 general.
3334 5588 3470 5651 Vide
3495 5590 3663 5657 infra,
3708 5588 3805 5644 lib.
3836 5599 3906 5652 tv,

2334 5674 2454 5731 cap.
2485 5662 2552 5717 15
2588 5671 2643 5716 et
2674 5676 2792 5731 cap.
2816 5658 2905 5714 24.
