4026 6156
211 294 340 352 ιυυὸ

1017 288 1192 347 LIBRI
1223 281 1570 344 CAROLINI.
1601 317 1674 327 —
1705 283 1925 344 CAPIT.
1969 289 2058 346 DE
2094 289 2282 349 IMAG.
2324 313 2395 333 —-—
2423 277 2563 348 ‘Ltn:
2600 293 2639 348 ι.

1869 157 1884 186 ι

3332 298 3467 359 1006

208 407 309 461 nim
336 405 575 474 partibus
608 411 757 475 gesta
782 413 884 469 est,
939 402 1221 474 synodum.
1295 398 1463 468 Cujus
1496 400 1778 468 scriptura:
1803 406 1852 465 Α
1881 404 2113 458 secunda
2128 403 2307 474 priore
2326 408 2600 459 destructa
2616 406 2919 477 computari
2941 407 3157 479 debeat,
3174 412 3469 482 insequere

209 506 382 553 textus
407 497 707 566 eloquentia
731 510 1002 566 sensuque
1021 511 1213 550 carens
1240 493 1308 550 ad
1329 507 1429 547 nos
1457 506 1627 560 usque
1647 505 1774 560 per-

209 587 368 639 venit.
409 587 602 641 Contra
639 587 790 656 cujus
828 600 1041 640 errores
1077 587 1194 638 ideo
1243 583 1478 639 scribere
1515 581 1775 652 compulsi

207 694 405 744 sumus,
452 691 510 735 ut
555 681 730 736 sicubi
764 669 923 734 forte
969 687 1058 733 aut
1087 693 1279 734 manus
1313 678 1629 752 tenentium,
1687 682 1780 728 aut

205 787 358 826 aures
393 774 727 827 audientium
767 774 1044 842 inquinare
1088 773 1392 835 tentaverit,
1434 769 1606 824 nostri
1655 768 1778 839 styli

205 862 504 918 divinarum
521 863 922 934 Scripturarum
934 863 1253 917 auctoritate
1272 862 1462 917 armati
1481 861 1782 915 invectione

201 953 430 1022 pellatur
464 973 476 1007 :
524 963 581 1010 et
626 957 871 1019 inertem,
909 955 991 1008 vel
1017 956 1197 1022 potius
1228 957 1489 1010 inermem
1519 952 1783 1008 Orientali

203 1043 267 1097 de
291 1054 448 1112 parte
469 1046 768 1099 venientem
797 1046 1003 1099 hostem
1024 1044 1259 1100 Occidua
1278 1045 1330 1098 in
1357 1051 1507 1113 parte
1534 1057 1633 1112 per
1658 1054 1779 1106 nos,

141 1151 144 1154 ι
203 1131 414 1189 favente
451 1134 577 1200 Deo,
627 1135 784 1188 allata
814 1143 1126 1189 sanctorum
1153 1134 1375 1188 Patrum
1414 1131 1679 1187 sententia
1707 1129 1785 1183 fe-

200 1223 324 1276 riat.
352 1235 376 1265 ιι
417 1224 565 1291 Quod
588 1240 720 1294 opus
765 1226 1002 1296 aggressi
1051 1241 1236 1279 sumus
1273 1239 1395 1279 cum
1439 1221 1785 1277 conhibentia

199 1315 537 1370 Sacerdotum
563 1316 617 1369 in
637 1330 804 1385 regno
821 1332 850 1370 a
877 1317 985 1370 Deo
1034 1317 1188 1372 nobis
1216 1329 1472 1370 concesso
1501 1313 1784 1368 catholicis

198 1405 448 1477 gregibus
475 1407 842 1475 prmlatorum,
870 1424 975 1462 non
997 1409 1322 1476 arrogantiae
1350 1405 1659 1478 supercilio,
1690 1404 1786 1458 scd

198 1495 310 1549 zelo
333 1497 428 1551 Dei
454 1507 507 1551 et
527 1497 776 1552 veritatis
797 1501 1002 1554 studio:
1045 1499 1302 1570 quoniam
1342 1499 1483 1553 sicut
1515 1497 1679 1566 justis
1733 1503 1789 1550 et

196 1578 434 1643 honestis
469 1591 631 1644 rebus
665 1591 932 1646 lllhiBI‘Cl‘C
962 1601 1228 1658 sanctum,
1268 1593 1343 1644 ita
1383 1591 1639 1644 nimirum
1667 1604 1789 1658 pes-

197 1679 344 1732 simis
367 1689 421 1733 et
443 1680 762 1734 inordinatis
788 1683 950 1736 rebus
973 1683 1211 1736 animum
1225 1681 1633 1736 accommodare
1659 1694 1784 1749 pec-

1882 497 2043 559 tibus,
2059 513 2178 551 cum
2197 514 2284 553 res
2298 499 2556 567 exegerit,
2577 499 2905 568 diligentius,
2925 513 3200 559 annuente
3218 505 3463 571 Domino,

1881 588 2289 655 disputabimus,
2332 605 2451 658 qum
2499 591 2704 645 scilicet
2732 593 2874 647 haud
2910 608 3066 649 secus
3110 609 3205 649 sex
3250 597 3469 666 synodis

1881 679 2271 745 aaquiparandte
2291 688 2611 749 sunt,quam
2635 683 3025 738 Rubenitarum
3053 693 3107 739 et
3121 684 3464 751 Gaditarum,

1882 777 1935 822 et
1962 769 2197 826 dimidiae
2220 774 2395 826 tribus
2419 773 2663 828 Manasse
2699 775 2872 831 altare
2902 777 3061 832 altari
3089 778 3233 846 quod
3254 794 3352 847 per
3391 781 3468 834 le-

1883 859 2190 928 gislatorein
2227 862 2456 915 Domino
2482 863 2708 930 jubentc
2750 868 3027 920 conditum
3074 877 3176 932 est,
3227 870 3465 938 aequipa-

1884 949 1993 1002 rari
2034 950 2206 1018 potuit
2243 968 2254 1002 :
2293 951 2444 1020 cujus
2501 963 2749 1008 auctores
2783 956 3061 1010 lsraelitici
3097 957 3258 1026 gladii
3320 959 3470 1015 furor

1885 1046 2138 1104 vastaret,
2171 1041 2276 1094 nisi
2304 1041 2576 1098 fraternas
2612 1043 2724 1097 iras
2760 1047 2977 1113 supplex
3009 1048 3277 1101 confessio
3309 1051 3468 1104 mista

1884 1130 2134 1199 precibus
2177 1133 2516 1199 praeveniret.
2586 1132 2695 1186 Nos
2744 1135 2973 1204 denique
3017 1137 3170 1189 isaiae
3219 1138 3472 1194 vaticinio

1887 1222 2048 1287 docti,
2092 1221 2186 1292 qui
2204 1221 2353 1288 dicit,
2388 1221 2515 1275 Ila'c
2541 1225 2645 1288 via,
2681 1224 3031 1290 ambulatejn
3068 1243 3150 1292 ea,
3185 1242 3288 1280 non
3312 1228 3473 1281 decli-

1887 1303 2079 1367 nabitis
2113 1314 2176 1367 ab
2202 1330 2284 1378 ea,
2311 1329 2472 1385 neque
2499 1315 2566 1367 ad
2597 1315 2864 1369 dexteram
2904 1333 3064 1387 neque
3095 1319 3164 1371 ad
3205 1320 3473 1374 sinistram

1890 1403 2022 1475 (lsa.
2045 1405 2209 1475 xxx);
2250 1405 2563 1461 et‘doct—oris
2597 1407 2840 1476 gentium
2873 1409 3248 1478 praedicationi
3283 1413 3472 1469 admo-

1889 1496 2008 1561 niti,
2049 1497 2142 1566 qui
2171 1511 2271 1553 nos
2295 1499 2437 1551 viam
2463 1499 2666 1569 regiam
2697 1507 2884 1555 tenere
2907 1501 3140 1557 instituit
3167 1544 3183 1570 ,
3214 1504 3477 1578 imagines

1891 1588 1945 1642 in
1975 1591 2309 1644 ornamentis
2338 1590 2691 1645 ecclesiarum
2721 1599 2777 1645 et
2800 1593 3061 1648 memoria
3090 1608 3269 1650 rerum
3299 1605 3476 1667 gesta—

1892 1696 2010 1734 rum
2042 1683 2321 1746 habentes,
2354 1691 2408 1736 et
2433 1681 2608 1735 solum
2634 1682 2801 1734 Deum
2827 1683 3115 1739 adorantes
3140 1695 3193 1739 et
3223 1685 3339 1754 ejus
3351 1701 3476 1742 san-

195 1781 321 1824 care
348 1779 452 1825 est.
521 1770 674 1824 Unde
708 1780 762 1824 ct
795 1772 966 1825 David
1005 1772 1146 1840 quod
1187 1771 1476 1826 societates
1522 1769 1782 1824 malomm
1816 1764 1863 1826 Β
1890 1772 1992 1826 etis
2016 1781 2371 1841 opportunam
2401 1773 2804 1826 venerationem
2850 1773 3183 1839 exhibentes,
3217 1790 3319 1829 nec
3351 1792 3475 1830 cum

195 1859 416 1932 fugerit,
459 1862 569 1917 Deo
598 1863 753 1931 quasi
781 1879 975 1933 purum
999 1863 1327 1919 sacrificium
1359 1863 1534 1929 offert,
1559 1879 1679 1918 cum
1707 1863 1787 1918 di-

196 1954 271 2007 cit
296 1972 307 2005 :
338 1952 473 2007 Odia
504 1955 661 2008 habui
692 1959 1109 2026 congregationes
1137 1957 1557 2028 malignantium,
1592 1967 1640 2010 et
1671 1974 1785 2011 cum

194 2043 372 2111 impiis
396 2059 498 2098 non
524 2046 706 2099 sedebo
736 2045 909 2115 (Psat.
945 2046 1112 2119 xxvu).
1149 2048 1216 2102 Et
1237 2047 1496 2118 Josaphat
1529 2064 1626 2103 rex
1649 2047 1786 2103 Iuda

194 2143 260 2185 eo
313 2135 455 2202 quod
493 2134 799 2191 Israeliticae
855 2140 1030 2208 gentis
1085 2143 1325 2209 pessimo
1376 2141 1486 2212 regi
1535 2141 1787 2194 amicitiis

187 2222 408 2292 junctus
447 2228 537 2292 sit,
598 2243 628 2281 a
659 2228 888 2284 Domino
925 2242 1169 2301 arguitur
1218 2249 1315 2302 per
1358 2234 1676 2304 prophetam
1701 2233 1786 2304 (II

192 2312 322 2369 Par.
353 2320 487 2390 xix).
544 2319 676 2376 Cum
703 2322 868 2392 igitur
901 2324 1250 2392 praefatorum
1285 2325 1512 2380 duarum
1551 2329 1787 2397 synodo-

192 2421 316 2460 rum
355 2410 664 2466 conditores
699 2428 796 2468 nec
823 2413 965 2469 illius
1017 2417 1302 2486 impcritim
1341 2431 1647 2474 sermonem
1685 2420 1787 2474 ha-

190 2500 358 2555 beant
381 2517 486 2570 qua
523 2516 582 2557 se
609 2503 895 2572 Apostolus
923 2508 1232 2577 imperitum
1259 2512 1389 2567 dicit
1413 2527 1663 2568 sermone
1691 2513 1788 2568 sed

189 2603 303 2644 non
332 2591 580 2657 scientia,
609 2607 708 2648 nec
733 2594 878 2649 illius
899 2597 1216 2666 eloquentia:
1233 2614 1353 2654 cum
1375 2601 1603 2670 spiritali
1622 2617 1788 2656 sensu

190 2681 447 2749 nitorem,
489 2684 556 2739 de
579 2699 686 2754 quo
708 2699 1017 2755 expersona
1039 2700 1350 2745 sanctorum
1375 2692 1785 2760 praedicatorum

189 2770 246 2827 in
279 2772 521 2830 Canticis
552 2777 890 2834 canticorum
915 2779 1170 2836 Ecclesia:
1210 2784 1426 2850 dicitur,
1478 2784 1788 2841 Murenutas

190 2879 388 2918 aureas
419 2867 674 2935 faciemus
728 2871 821 2923 tibi
853 2873 1217 2927 rermiculatas
1254 2886 1468 2945 argento
1499 2875 1678 2948 (Cant.
1712 2878 1784 2947 t):

189 2955 395 3009 mirum
425 2959 670 3014 ducimus
695 2975 793 3016 cur
812 2969 977 3017 tanta:
997 2965 1255 3020 vanitatis
1283 2975 1446 3021 vento
1473 2966 1639 3021 inﬂati
1656 2968 1783 3033 sint,

183 3051 249 3099 tit
272 3061 368 3102 eas
401 3061 508 3104 non
533 3051 703 3106 solum
741 3055 949 3125 agitare
985 3059 1447 3127 prazsumpserint,
1481 3058 1575 3114 sed
1621 3061 1786 3115 etiam

1892 1865 1998 1919 iliis
2025 1863 2341 1934 frangimus,
2381 1880 2481 1919 nec
2517 1879 2638 1918 cum
2693 1865 2816 1918 istis
2844 1868 3152 1933 adoramus,
3192 1869 3285 1922 sed
3331 1867 3477 1922 illius

1891 1957 2239 2024 ineptissimte
2273 1955 2463 2026 synodi
2488 1956 2832 2026 scripturam,
2877 1971 2997 2026 qua:
3049 1974 3154 2018 non
3175 1959 3355 2013 solum
3383 1959 3474 2013 illa

1890 2047 2161 2101 locutione
2181 2058 2331 2101 caret
2357 2063 2460 2115 qua
2485 2061 2651 2115 parva
2679 2047 2964 2112 submisse,
3000 2049 3290 2104 mediocria
3331 2058 3473 2104 tem-

1887 2145 2094 2206 perate,
2133 2151 2322 2207 magna
2348 2136 2626 2207 granditer
2655 2135 3021 2206 proferuntur,
3071 2137 3353 2208 sedetiam
3377 2152 3476 2207 pc-

1889 2228 2087 2283 destris
2120 2229 2386 2282 sermonis
2413 2228 2632 2283 modum
2668 2226 2912 2297 negligit,
2951 2228 3269 2292 abnuentes,
3319 2227 3478 2282 insti-

1888 2319 2082 2373 tutoris
2107 2319 2300 2381 nostri,
2357 2317 2624 2372 sermonis
2652 2317 2904 2371 videlicet
2923 2315 3208 2383 Dominici,
3249 2317 3478 2372 nitimur

1888 2413 2007 2467 fieri
2040 2425 2428 2481 usquequaque
2467 2423 2747 2479 sequaces.
2803 2409 3072 2476 Quoniam
3100 2409 3265 2480 igitur
3301 2417 3357 2464 et
3380 2425 3477 2480 pa-

1889 2513 2033 2558 trum
2057 2503 2634 2559 anathematizantium
2653 2502 2814 2568 ﬁlios,
2838 2511 2897 2556 et
2922 2503 3156 2557 ﬁliorum
3169 2503 3480 2558 anathema-

1890 2596 2176 2651 tizantium
2190 2604 2392 2665 patres,
2408 2595 2613 2650 mistim
2635 2595 2692 2648 in
2707 2592 2931 2665 praefata
2957 2595 3161 2664 synodo
3189 2594 3443 2650 hebetudi
3469 2624 3479 2634 -

1889 2688 1975 2742 nis
2017 2687 2362 2742 continentur
2386 2685 2684 2751 discursus,
2725 2685 2943 2740 mistam
2977 2685 3262 2754 utriusque
3295 2699 3479 2756 reprc-

1889 2783 2205 2838 hensionem
2244 2787 2444 2844 noster,
2491 2779 2704 2834 favente
2746 2779 2993 2844 Domino,
3032 2778 3242 2849 digeret
3275 2778 3477 2850 stylus,

1888 2875 2024 2929 nihil
2048 2871 2594 2937 indiscussum,nih_il
2639 2871 2924 2934 intactum,
2957 2870 3099 2924 nihil
3141 2871 3344 2924 silentii
3385 2886 3482 2925 ca-

1888 2965 2069 3019 vernis
2111 2963 2424 3017 abstrusum
2472 2960 2830 3032 prateriens:
2871 2960 2977 3014 nisi
3017 2959 3162 3015 forte
3201 2960 3345 3030 (ιιιοά
3384 2969 3481 3015 aut

1888 3055 2173 3132 dillicultas
2237 3053 2530 3109 inordinati
2593 3054 2860 3109 sermonis
2930 3061 3119 3109 nostro
3175 3053 3480 3111 intellectui

187 3143 281 3194 'sex
310 3144 713 3201 venerabilibus
745 3150 966 3217 synodis
1014 3147 1370 3207 adnumerare
1415 3154 1594 3208 conati
1641 3154 1781 3209 sint:
1809 3150 1859 3216 C
1891 3148 2169 3220 impertire
2224 3147 2535 3218 negaverit,
2593 3155 2686 3200 aut
2731 3145 2954 3216 puerilis
3008 3145 3139 3201 dicti
3195 3146 3477 3215 ineptiam,

189 3247 415 3302 quarum
449 3247 642 3293 neutra
665 3241 935 3309 quomodo
965 3253 1072 3298 non
1089 3244 1316 3313 septima
1339 3254 1463 3314 post
1483 3245 1779 3313 Nicaenam,

190 3326 279 3380 sed
311 3337 404 3383 aut
434 3331 617 3396 tertia,
655 3334 837 3403 priore
864 3343 1079 3390 servata
1100 3345 1225 3392 post
1246 3336 1665 3403 Ariminensem,
1693 3345 1785 3392 aut

259 3475 286 3503 α
319 3465 476 3541 Quae
513 3484 645 3537 apus
676 3474 907 3541 aggressi
933 3490 1113 3528 sumus
1141 3491 1258 3528 cum
1284 3475 1578 3530 cohibentia
1607 3493 1784 3531 sacer-

185 3532 1112 3617 dotum.Emendavi,icon/iibegztia,
1136 3547 1278 3614 quod
1302 3561 1494 3600 nomen
1522 3555 1603 3600 cst
1624 3545 1781 3615 hujus

189 3605 310 3688 iovi.
340 3605 469 3686 .Lib.
499 3624 582 3688 in,
608 3625 723 3678 cap.
743 3613 813 3688 _-l‘l_
843 3631 854 3665 :
893 3633 910 3663 ‹
932 3613 1058 3688 ‘Nec
1093 3605 1355 3686 synodum
1382 3619 1450 3672 ob
1478 3605 1780 3673 adorandas

185 3672 459 3759 imagines
487 3679 612 3759 sine
643 3672 979 3759 coitliibentia
1007 3672 1360 3759 plurimarum
1393 3672 1782 3744 catholicarum

186 3757 244 3797 et
278 3745 392 3800 Deo
431 3746 665 3803 ﬁdelium
702 3745 1062 3810 Ecclesiaruin
1099 3758 1456 3815 nniversalem
1499 3759 1782 3816 nominare

185 3827 470 3899 curarent.
509 3841 526 3870 ι
570 3820 720 3886 Quod
748 3823 840 3880 lib.
875 3844 948 3890 iv,
981 3843 1100 3899 cap.
1133 3827 1223 3894 25,
1253 3831 1324 3884 ita
1363 3831 1776 3898 interpretatur:

193 3904 213 3934 ‹
269 3887 373 3968 Qui
421 3890 623 3968 absque
664 3887 1106 3966 consacerdotu‘m
1157 3887 1255 3968 per
1304 3887 1546 3955 diversas
1596 3901 1782 3954 mundi

183 3966 379 4034 partes
430 3964 842 4034 constitutorum
891 3964 1177 4034 consensu,
1224 3983 1327 4025 etc.
1366 3992 1383 4023 ›
1442 3971 1640 4023 Balbus
1693 3969 1782 4023 Ja-

184 4032 412 4086 nuensis
458 4032 734 4089 Catholico
784 4051 798 4090 :
850 4032 1175 4095 Conhibeoi
1228 4041 1390 4094 habeo
1442 4039 1784 4107 componitur

184 4111 305 4180 C_l_lttl
346 4120 482 4168 con,
527 4107 816 4180 e_t__retinct
846 4127 906 4171 η,
947 4125 1064 4180 (ιυευ
1100 4111 1345 4178 aufertur
1385 4112 1439 4164 in
1475 4110 1686 4162 cohibeo
1729 4120 1784 4165 et

183 4170 384 4228 dicitur
443 4176 738 4244 conhibere,
787 4181 840 4235 id
885 4170 996 4248 est,
1041 4175 1228 4238 oculos
1273 4182 1542 4245 claudere,
1575 4188 1628 4234 0t
1661 4183 1787 4251 (ιιιὶει

193 4318 712 4349 —-——_—_

1884 3243 2188 3299 reverentia
2223 3243 2530 3307 cohibente,
2565 3249 2756 3297 noster
2792 3253 2971 3296 sermo
3001 3241 3255 3310 persequi
3290 3239 3483 3308 despe-

1887 3336 2050 3390 xerit.

1888 3473 2092 3529 clausio
2130 3474 2413 3529 oculorum
2466 3472 2642 3542 signat
2686 3486 2998 3536 assensum,
3041 3473 3162 3526 ideo
3205 3472 3481 3530 conhibcrc

1886 3546 2105 3614 ponitur
2143 3561 2240 3616 pro
2276 3544 2547 3616 assgrtire,
2569 3542 2829 3616 _dbcdirc;
2877 3550 2950 3616 et_
2965 3551 3098 3616 tunc
3126 3542 3249 3616 inde
3285 3543 3482 3616 dicitur

1887 3613 2252 3671 conliibcutia.
2287 3635 2304 3667 )
2369 3614 2620 3683 Et'paulo
2647 3624 2769 3682 post
2798 3631 2812 3668 :
2849 3632 2867 3662 ‹
2909 3613 3285 3676 Conh’ibentia,
3320 3614 3370 3668 id
3399 3622 3484 3668 est

1885 3701 2175 3750 assensus,
2225 3687 2368 3740 idem
2397 3694 2459 3739 et
2500 3685 2875 3741 convenientia
2914 3693 2969 3739 et
3006 3685 3336 3739 collibentia.
3377 3685 3478 3740 Ut:

1883 3758 1976 3818 Ille
2018 3761 2133 3813 sine
2175 3757 2481 3812 cohibentia
2532 3757 2616 3811 vel
2658 3757 3001 3811 conniventia
3043 3756 3125 3810 vel
3171 3756 3482 3810 collibentia

1887 3829 2117 3884 fratrum
2144 3829 2388 3889 recessit,
2417 3829 2469 3880 id
2492 3837 2576 3882 est
2597 3828 2711 3881 sine
2733 3843 2978 3881 assensu.
3015 3848 3031 3878 ι
3082 3825 3260 3880 lnnuit
3294 3832 3483 3896 aperte

1885 3902 2153 3954 lvariatum
2191 3899 2246 3951 in
2278 3897 2436 3963 hujus
2477 3897 2714 3950 nominis
2758 3899 3048 3962 scriptura.
3102 3895 3214 3961 Ego
3236 3895 3385 3964 puto.
3427 3904 3483 3947 ct

1887 3985 2075 4022 verum
2102 3977 2205 4030 est,
2231 3973 2540 4032 corruptam
2574 3967 2711 4017 hanc
2735 3979 2921 4017 vocem
2958 3980 2982 4015 a
3014 3965 3261 4016 barbaris
3295 3973 3344 4017 et
3379 3964 3480 4014 im-

1927 4040 2080 4092 eritis
2101 4031 2507 4103 monachisjam
2531 4033 2709 4088 Caroli
2736 4033 2916 4103 Magni
2942 4046 3077 4103 aevo,
3108 4047 3184 4103 ex
3209 4047 3291 4096 ea,
3317 4031 3552 4103 quam"

1927 4055 2080 4092 eritis
2101 4055 2507 4103 IIIOIlilClllSJulll
2531 4055 2709 4088 baton
2736 4055 2913 4100 magni
2942 4055 3077 4096 auvu,
3108 4055 3172 4085 cx
3209 4055 3291 4096 cu,
3317 4055 3481 4098 quam

1885 4055 2082 4164 taline
2113 4105 2418 4176 exprimere
2451 4101 3094 4176 debebant,_co_llubentia,
3143 4100 3257 4153 sive
3299 4099 3484 4153 conlu-

1897 4181 2092 4235 bentia.
2133 4169 2332 4231 Facilis
2381 4176 2560 4244 lapsus
2597 4175 2652 4226 in
2684 4172 2943 4227 atiinit-atc
2969 4169 3298 4224 litterarum.

725 4321 3480 4353 Μ

1461 4445 1762 4528 LIBER
1802 4446 2221 4526 PRIMUS.

707 4707 936 4766 CAPUT
974 4707 1266 4768 PRIMUM.

179 4816 255 4875 De
283 4819 522 4896 eo__quod
550 4818 936 4896 Constantinus
969 4833 1016 4878 et
1070 4823 1299 4880 Ifrvrena
1344 4841 1400 4879 ιη
1437 4826 1543 4878 suis
1575 4826 1783 4896 scriptis

321 4889 529 4953 dicunt,
555 4889 660 4945 Per
693 4908 820 4947 cum
847 4894 942 4962 qui
965 4905 1259 4966 conregnat
1286 4896 1439 4950 nobis
1475 4896 1633 4950 Deus.

233 4980 586 5048 -Plerumquc
607 4983 847 5039 humana
881 4984 1147 5054 fragilitas
1186 5003 1297 5042 suae
1331 4987 1784 5058 impossibilitatis

179 5077 370 5124 metas
393 5073 619 5154 excedit,
676 5084 732 5129 et
761 5085 969 5147 quanto
991 5094 1048 5134 se
1079 5081 1216 5134 ultra
1240 5095 1400 5150 quam
1424 5081 1581 5136 debet
1610 5081 1784 5136 extol-

182 5162 269 5224 lit,
303 5168 460 5214 tanto
480 5162 546 5216 ab
568 5179 631 5219 eo
652 5169 745 5238 qui
770 5168 827 5222 in
860 5168 984 5226 altis
1012 5173 1238 5238 habitat,
1284 5177 1336 5228 et
1362 5171 1586 5230 humilia
1613 5174 1784 5243 respi-

181 5253 258 5308 cit
285 5251 340 5304 in
371 5252 512 5306 cmlo
538 5262 590 5306 et
625 5257 680 5309 in
711 5266 880 5323 terra,
918 5264 1147 5318 recedit:
1190 5265 1494 5334 quantoque
1542 5269 1608 5320 ad
1659 5277 1786 5320 eum

181 5345 279 5416 qui
317 5345 571 5400 excelsus
593 5362 756 5418 super
786 5364 975 5406 omnes
996 5364 1183 5424 gentes
1207 5363 1286 5408 est
1312 5395 1326 5417 ,
1364 5370 1461 5423 per
1487 5357 1789 5411 sublimita-

183 5439 296 5494 tem
330 5441 780 5510 appropinquare
803 5451 1028 5496 conatur
1050 5485 1064 5509 ,
1100 5453 1254 5497 tanto
1277 5445 1344 5498 ab
1380 5459 1443 5498 eo
1468 5459 1786 5514 propensnus

179 5531 495 5604 elongatur.
541 5529 675 5601 Quae
697 5535 742 5590 si
771 5533 990 5588 modum
1012 5525 1121 5588 Sua:
1141 5535 1458 5590 conditionis
1487 5551 1595 5591 non
1620 5540 1789 5608 negli-

181 5641 295 5703 gat,
330 5637 389 5687 et
403 5635 684 5704 superiora
707 5641 900 5704 petere
925 5631 1124 5692 nitens,
1140 5627 1205 5682 ad
1223 5630 1505 5687 humiliora
1531 5647 1587 5687 se
1603 5635 1788 5689 devota

184 5734 371 5782 mente
401 5727 712 5797 submittat,
750 5725 957 5798 poterit
979 5738 1036 5781 se
1076 5721 1376 5781 inclinando
1419 5742 1483 5784 co
1531 5742 1786 5785 conscen-

1813 4719 1866 4779 D
1890 4716 2018 4770 dere
2045 4730 2075 4768 a
2105 4731 2210 4784 quo
2237 4727 2294 4769 se
2321 4714 2607 4771 exaltando
2650 4715 2976 4794 noscebatur
3023 4715 3382 4773 descendere:
3422 4723 3484 4774 et

1888 4816 2091 4875 quanto
2114 4821 2170 4862 se
2194 4806 2746 4875 prostraverithumo,
2771 4805 3285 4876 tantoﬁatproxima
3315 4807 3473 4862 coelo.

1888 4900 2024 4958 Cum
2050 4914 2179 4970 ergo
2207 4907 2452 4955 nostrum
2479 4914 2597 4954 esse
2619 4907 2831 4955 tantum
2871 4899 3030 4953 distet
3057 4913 3086 4950 a
3113 4899 3206 4951 Dei
3243 4911 3382 4958 esse,
3422 4903 3481 4950 et

1850 4995 1856 5002 '
1888 4995 2131 5045 nostrum
2162 4991 2343 5046 vivere
2389 4991 2457 5046 ab
2493 4989 2609 5060 ejus
2630 4990 2830 5053 vivere,
2882 4999 2936 5042 et
2976 4994 3222 5039 nostmm
3254 4999 3482 5054 regnare

1889 5085 1956 5138 ab
1980 5083 2097 5151 ejus
2115 5099 2362 5153 regnare,
2396 5083 2620 5138 dolenda
2645 5083 2824 5152 potius
2856 5091 3018 5147 quam
3052 5076 3366 5131 admiranda
3394 5084 3479 5130 est

1887 5177 2103 5230 illorum
2128 5176 2378 5231 vecordia
2395 5177 2506 5245 qui,
2532 5178 2674 5229 inter
2695 5179 2888 5229 cetera
2915 5183 3032 5239 qua:
3067 5171 3169 5225 sibi
3187 5171 3484 5225 indiscrete

1891 5275 2176 5336 usurpant,
2207 5266 2376 5322 Deum
2405 5268 2506 5323 sibi
2540 5271 2871 5335 conregnare
2891 5262 3063 5315 etiam
3089 5261 3293 5314 dicunt.
3333 5260 3481 5314 Illius

1892 5359 2037 5413 enim
2086 5372 2225 5426 esse,
2263 5369 2382 5413 esse
2417 5365 2626 5411 tantum
2683 5353 2862 5409 novit:
2915 5351 3082 5405 fuisse
3133 5351 3210 5403 vel
3239 5349 3481 5405 futurum

1892 5461 2033 5515 esse,
2062 5463 2170 5504 non
2194 5451 2360 5505 novit.
2413 5446 2707 5501 Nonhabet
2731 5443 2872 5498 enim
2901 5450 3115 5512 partem
3135 5440 3480 5508 aeternitatis,

1896 5557 2059 5612 quam
2082 5557 2180 5597 nos
2205 5549 2416 5611 tempus
2438 5537 2684 5602 dicimus,
2712 5544 2766 5590 et
2791 5535 2843 5589 in
2862 5543 3126 5606 praesens,
3145 5531 3484 5604 praeteritum

1894 5644 1949 5690 et
1980 5634 2220 5689 futurum
2252 5629 2558 5689 dividimus,
2599 5629 2695 5684 sed
2725 5626 2894 5683 totius
2917 5625 3243 5682 adﬂnitatis
3287 5623 3344 5678 in
3367 5637 3484 5678 sum

1889 5729 2139 5784 essentne
2155 5719 2696 5781 incommutabilitate
2717 5717 3085 5786 integritatem
3109 5720 3334 5782 habens,
3365 5727 3484 5773 esse
