4026 6156
603 273 744 346 1007

1505 276 1565 332 B.
1601 276 1852 335 cauom
1885 275 2100 333 MAGNl
2122 257 2286 331 'op‘r.
2326 257 2505 335 psus
2537 278 2600 336 ιι.
2644 278 2886 338 sacrm
2921 279 2986 338 ιι.

3729 274 3873 338 4008

600 402 812 449 tantum
837 392 887 446 ei
909 399 1009 446 est.
1044 389 1196 446 Unde
1224 398 1277 446 et
1297 401 1484 446 sancto
1512 392 1681 464 Moysi
1713 395 1848 450 dixit
1881 410 1895 449 :
1930 394 2042 466 Ego
2068 412 2184 450 sum
2211 399 2260 456 Α
2286 396 2406 451 liter
2435 397 2594 451 simul
2616 406 2758 462 sunt,
2783 397 2991 452 nullum
3018 403 3200 452 tamen
3225 409 3413 452 eorum
3443 404 3641 466 prmest
3662 396 3822 454 alteri
3856 417 3870 455 :

598 491 689 558 qui
713 505 848 552 sunt,
880 497 952 552 et,
980 488 1083 554 Qui
1108 499 1204 552 est,
1233 489 1372 542 misit
1395 506 1476 542 me
1496 489 1565 542 ad
1580 507 1666 543 vos
1695 489 1892 561 (Exod.
1923 492 2032 560 ιιι).
2075 490 2184 545 No-

600 589 770 633 strum
801 589 979 634 autem
1004 596 1141 643 esse,
1172 581 1366 648 quibus
1401 581 1675 648 praeterita
1707 581 1759 634 in
1790 581 2181 644 recordatione,

598 673 883 741 praesentia
918 673 970 726 in
998 672 1212 735 intuitu,
1258 673 1435 725 l'utura
1485 673 1537 725 in
1565 672 1986 740 exspectatione,
2042 671 2185 725 illius

597 765 846 818 essentia:
898 773 1265 834 comparatum
1304 780 1410 818 non
1431 778 1550 819 esse
1578 773 1680 818 est.
1733 764 1925 819 Vivere
1951 777 2184 831 namque

595 851 730 920 ejus,
761 869 859 908 nec
883 854 1114 916 initium,
1158 871 1258 909 nec
1283 856 1462 921 ﬁnem,
1503 869 1601 910 nec
1623 855 2037 910 mutabilitatem
2075 853 2185 908 ullo

595 945 754 999 modo
783 945 964 999 sentit.
1040 945 1191 1000 Unde
1225 954 1279 1000 et
1322 947 1375 1000 in
1417 947 1694 1015 prepbctis
1713 946 2005 1001 scribitur:
2058 943 2181 999 Vivo

592 1051 706 1105 ego,
734 1035 860 1088 dicit
882 1035 1137 1087 Dominus
1169 1034 1304 1104 (Isa.
1328 1036 1497 1106 XLIX),
1524 1043 1578 1088 et
1601 1034 1819 1103 quidam
1845 1044 2178 1099 sanctorum,

599 1143 619 1176 ‹
648 1125 792 1179 Vivit
812 1126 1088 1190 Dominus,
1121 1127 1300 1180 dicere
1329 1127 1444 1181 ausi
1473 1135 1617 1193 sunt,
1665 1127 1720 1180 id
1756 1135 1857 1194 est,
1905 1129 1995 1195 qui
2037 1127 2091 1180 in
2119 1142 2181 1180 ca

590 1219 702 1270 vita
726 1217 856 1270 vivit
881 1233 1040 1286 quam
1087 1233 1185 1271 nec
1223 1218 1437 1272 initium
1467 1218 1640 1288 cepit,
1694 1231 1795 1272 nec
1846 1217 2182 1272 mutabilitas

591 1316 789 1368 movet,
833 1322 932 1362 nec
964 1309 1086 1362 ﬁnis
1122 1308 1413 1376 intercipit.
1455 1328 1472 1359 )
1517 1307 1771 1362 Nostrum
1796 1316 1975 1362 autem
1995 1309 2180 1362 vivere

591 1410 772 1455 ortum
795 1410 848 1455 et
893 1417 1144 1457 occasum
1185 1411 1238 1456 et
1283 1401 1696 1456 mutabilitatem
1733 1402 1963 1470 patitur;
2007 1415 2180 1470 quan-

592 1511 752 1566 quam
779 1496 958 1552 anima
976 1495 1295 1549 immortalis
1327 1495 1414 1557 sit,
1443 1502 1622 1549 tamen
1651 1494 1930 1548 mutabilis
1958 1509 2078 1549 esse
2103 1493 2183 1548 di-

589 1588 900 1658 gnoscitur:
933 1602 1053 1655 qua:
1087 1586 1421 1641 mutabilitas
1455 1586 1502 1640 ei
1531 1587 1852 1657 plerumque
1880 1603 1978 1657 pro
2006 1595 2182 1640 morte

589 1679 899 1734 ascribitur.
963 1677 1116 1733 Unde
1141 1685 1196 1731 et
1241 1677 1417 1748 primo
1467 1678 1673 1732 homini
1713 1679 1914 1733 dictum
1946 1686 2048 1741 est,
2108 1675 2175 1730 In

2290 495 2348 541 ut
2373 487 2521 542 verbi
2546 489 2720 558 gratia
2752 488 3003 558 simplum
3024 495 3078 543 et
3105 487 3325 558 duplum
3348 502 3613 557 ponamus
3648 501 3878 544 necesse

2289 578 2447 632 simul
2472 594 2590 634 esse
2640 580 2957 634 naturaliter
2995 597 3007 631 :
3053 580 3146 634 sed
3187 593 3362 648 neque
3393 578 3611 648 duplum
3644 575 3777 632 facit
3822 585 3882 632 ut

2288 669 2534 740 simplum
2567 671 2658 736 sit,
2693 684 2867 741 neque
2895 671 3150 742 simplum
3172 671 3333 725 eﬁicit
3366 670 3617 740 duplum;
3655 669 3753 723 sed
3777 684 3880 724 nec
3917 681 3934 716 τ

2287 762 2580 816 secundum
2617 763 2761 816 hunc
2782 763 2995 817 modum
3027 763 3185 816 nobis
3207 761 3367 816 simul
3398 774 3626 832 regnare
3655 759 3762 814 dici
3784 775 3882 830 po-
3930 742 3940 757 ’

2287 859 2411 917 test,
2452 869 2573 908 cum
2624 863 2705 908 tot
2745 855 3016 910 distantiis
3055 861 3251 908 natura
3277 852 3394 922 ejus
3438 861 3640 908 nostrae
3671 860 3880 907 natura:

2283 946 2433 1015 prior
2456 947 2544 1011 sit,
2587 954 2770 1017 totque
2816 947 2988 1002 modis
3044 947 3278 1002 creatrix
3326 953 3561 1002 creatam
3586 945 3876 1015 przecedat.

2284 1034 2512 1100 Genere,
2553 1039 2764 1106 quoties
2811 1054 2877 1093 ex
2921 1039 3110 1093 eodem
3157 1053 3355 1109 genere
3395 1037 3676 1092 manantia
3720 1037 3881 1092 simul

2283 1125 2532 1182 videntur
2575 1143 2694 1184 esse
2750 1139 2963 1193 natura,
2999 1129 3093 1184 sed
3146 1129 3327 1198 specie
3362 1127 3770 1196 discernuntur,
3821 1137 3882 1184 ut

2281 1226 2364 1273 est
2401 1219 2618 1274 animal.
2711 1220 2848 1275 Nam
2887 1229 2943 1275 et
2987 1220 3240 1292 pedestre
3277 1229 3332 1275 et
3378 1219 3618 1289 aquatile
3676 1221 3878 1276 animal

2283 1309 2496 1374 dicitur,
2522 1311 2616 1365 sed
2627 1311 2806 1380 specie
2829 1311 3184 1366 discernitur:
3212 1311 3529 1380 nullumque
3547 1310 3706 1366 alteri
3730 1311 3874 1366 aliud

2280 1398 2433 1468 prius
2463 1408 2566 1465 est,
2607 1403 2702 1456 sed
2742 1403 2902 1456 simul
2939 1405 3123 1459 omnia
3179 1405 3247 1459 ab
3282 1403 3524 1468 animali,
3576 1404 3632 1459 id
3667 1411 3766 1469 est,
3805 1405 3878 1459 ab

2281 1505 2388 1545 uno
2409 1505 2605 1560 genere
2633 1485 2751 1548 orta
2790 1502 3108 1550 noscuntur.
3172 1495 3276 1563 Qui
3311 1497 3508 1551 tertius
3531 1497 3743 1563 modus,
3766 1512 3877 1552 non

2281 1581 2461 1637 minus
2513 1599 2672 1653 quam
2727 1586 3099 1654 przeccdentes
3146 1588 3282 1652 duo,
3336 1603 3462 1644 eum
3507 1588 3661 1644 nobis
3714 1589 3881 1644 simul

2284 1688 2510 1744 regnare
2568 1677 2867 1732 reluctatur
2900 1720 2915 1745 ,
2981 1695 3107 1734 cum
3163 1680 3471 1736 nullatenus
3527 1688 3716 1736 natura
3770 1695 3881 1735 no-

586 1787 894 1841 quacunque
918 1770 1003 1822 die
1031 1769 1315 1824 comederis
1338 1786 1402 1823 ea:
1425 1785 1506 1835 eo,
1537 1780 1700 1823 morte
1749 1771 1989 1824 morieris
2015 1767 2170 1839 (Gen.
2203 1749 2255 1814 Β
2279 1773 2393 1819 stra
2430 1775 2484 1820 et
2519 1766 2636 1834 ejus
2685 1771 2918 1838 quadam
2979 1772 3293 1828 substantia:
3342 1773 3550 1826 unitate
3592 1771 3882 1840 conjuncta

586 1877 624 1926 1,
663 1863 741 1932 2).
819 1862 932 1917 Non
982 1862 1125 1930 quod
1165 1860 1350 1913 statim
1391 1867 1451 1912 ut
1477 1868 1808 1928 praeceptum
1841 1857 2056 1925 Domini
2099 1865 2182 1914 est

588 1961 977 2021 transgressus,
1015 1950 1198 2005 carnis
1223 1950 1293 2004 sit
1316 1958 1493 2004 morte
1515 1951 1795 2013 multatus,
1834 1949 1929 2003 sed
1959 1950 2086 2018 quia
2110 1951 2179 2004 ab

587 2056 650 2096 ea
671 2043 958 2098 sanctitate
989 2042 1045 2096 in
1075 2056 1181 2112 qua
1202 2040 1313 2095 Deo
1347 2040 1624 2111 proximus
1647 2041 1845 2105 stabat,
1884 2056 1981 2110 per
2010 2041 2178 2094 animi

585 2134 1005 2188 mutabilitatem
1027 2134 1098 2188 sit
1117 2133 1274 2204 longe
1287 2131 1582 2203 digressus.
1627 2131 1797 2188 Porro
1819 2131 1940 2200 ejus
1950 2148 2178 2204 regnare

585 2240 616 2277 a
656 2233 841 2278 nostro
870 2238 1119 2294 regnare,
1153 2237 1260 2277 non
1295 2223 1474 2278 minus
1503 2238 1666 2293 quam
1706 2221 1824 2291 ejus
1851 2238 1971 2278 esse
2000 2239 2032 2278 a
2076 2241 2174 2279 no-

585 2324 701 2369 stro
720 2330 858 2381 esse,
888 2323 942 2368 et
960 2313 1077 2382 ejus
1091 2313 1318 2368 viverea
1338 2321 1526 2368 nostro
1552 2313 1734 2368 vivere
1759 2313 1948 2368 distat:
1979 2314 2177 2383 quippe

545 2398 556 2403 ”
585 2405 736 2474 cujus
761 2407 996 2461 essentia
1039 2405 1181 2460 sicut
1209 2420 1422 2474 semper
1449 2405 1639 2459 habuit
1660 2419 1780 2459 esse
1804 2415 1858 2459 et
1880 2406 2081 2469 vivere,
2101 2403 2175 2459 ita

583 2498 746 2551 etiam
772 2507 826 2552 et
853 2512 1097 2567 regnare.
1169 2496 1425 2550 Nostrum
1469 2497 1615 2551 enim
1651 2513 1880 2568 regnare
1928 2515 1958 2552 a
1987 2505 2175 2554 nostro

584 2602 706 2642 esse
741 2596 798 2642 et
820 2588 1002 2642 vivere
1026 2588 1370 2656 praeceditur,
1411 2604 1442 2643 a
1471 2599 1658 2645 nostro
1684 2591 1909 2647 interire
1931 2591 2174 2648 succedi-

583 2688 712 2734 tur:
743 2695 863 2750 qua:
890 2682 1018 2735 dum
1040 2681 1115 2735 ita
1133 2696 1192 2735 se
1221 2681 1477 2747 habeant,
1501 2697 1710 2753 magna:
1737 2686 2174 2756 praesumptionis

580 2780 668 2829 est
702 2774 870 2828 Deum
914 2773 1015 2827 sibi
1043 2772 1348 2842 quempiam
1399 2773 1579 2829 dicere
1623 2790 1954 2848 conregnare
1991 2792 2006 2830 :
2048 2791 2172 2831 cum

579 2866 685 2922 hoc
730 2881 831 2921 nec
864 2866 1034 2922 David
1078 2867 1257 2922 dicere
1287 2883 1450 2924 ausus
1503 2879 1606 2936 est,
1659 2870 1725 2924 de
1770 2886 1876 2940 quo
1911 2871 2172 2926 Dominus

578 2958 734 3025 dixit,
766 2957 949 3014 Inueni
976 2959 1145 3013 virum
1163 2960 1451 3014 secundum
1478 2978 1568 3015 cor
1591 2979 1782 3029 meum,
1820 2973 1874 3020 et
1899 2964 2049 3029 illud,
2078 2963 2173 3018 1n-

575 3049 691 3102 veni
715 3048 885 3103 David
911 3066 1116 3104 servum
1139 3067 1310 3105 meum
1339 3068 1357 3105 :
1388 3051 1500 3106 oleo
1534 3064 1715 3109 sancto
1742 3071 1854 3108 meo
1879 3054 2023 3110 lirtivi
2047 3072 2165 3108 eum

578 3139 754 3211 (Psal.
793 3140 1049 3212 Lxxxu);
1105 3156 1206 3197 nec
1237 3141 1490 3199 Salomon
1525 3146 1613 3200 cui
1649 3163 1680 3201 a
1708 3147 1936 3201 Domino
1961 3147 2165 3200 dictum

575 3220 680 3295 est,
713 3227 986 3300 Sapientia
1006 3239 1055 3285 et
1077 3232 1296 3286 scientia
1323 3233 1462 3289 data:
1481 3245 1600 3289 sunt
1627 3237 1740 3302 tibi,
1763 3235 1970 3290 divitias
1992 3246 2167 3290 autent

575 3331 623 3376 et
649 3322 997 3376 substantiam
1028 3330 1077 3376 et
1103 3321 1326 3391 gloriam
1367 3325 1502 3379 dabo
1523 3327 1639 3393 tibi,
1685 3328 1760 3380 ita
1793 3337 1848 3380 ut
1899 3326 2073 3381 nullus
2112 3329 2168 3382 in

575 3413 781 3482 regibus
825 3429 916 3466 nec
961 3421 1081 3466 ante
1109 3422 1158 3466 te
1184 3430 1275 3468 nec
1309 3423 1422 3484 post
1448 3425 1497 3470 te
1523 3416 1678 3486 fuerit
1721 3417 1910 3473 similis
1954 3419 2032 3472 tui
2078 3418 2166 3488 (II

577 3501 708 3559 Par.
745 3502 818 3575 1);
853 3503 944 3573 qui
971 3503 1037 3558 de
1057 3518 1115 3558 sc
1143 3519 1356 3574 quoque
1399 3505 1513 3574 ipse
1541 3505 1780 3576 loquitur
1811 3507 2162 3571 conﬁdenter,

573 3593 717 3648 Deus
743 3594 920 3648 docuit
946 3610 1025 3648 me
1059 3594 1391 3664 sapientiam,
1438 3606 1486 3650 et
1520 3596 1838 3651 intellectum
1859 3606 2164 3652 sanctorum

576 3684 790 3752 cognovi
817 3682 998 3754 (Prov.
1048 3683 1199 3755 xxx).
1238 3683 1346 3741 Nec
1369 3687 1656 3757 quisquam
1681 3689 1748 3743 de
1784 3690 2023 3759 regibus,
2064 3705 2164 3745 nec

579 3775 754 3831 dehis
789 3789 926 3844 quos
954 3776 1268 3832 meritorum
1301 3781 1658 3851 praerogativa
1684 3779 1947 3845 sulfultos,
1978 3794 2078 3835 nec
2099 3782 2167 3838 de

574 3867 659 3923 his
678 3882 814 3937 quos
835 3868 1085 3937 superbia
1108 3884 1235 3925 usos
1252 3868 1417 3926 fuisse
1444 3871 1723 3941 Scriptura
1749 3881 2162 3938 commemorat,

573 3961 682 4017 tale
710 3962 838 4031 quid
869 3962 1066 4031 legitur
1085 3963 1304 4019 dixisse.
1357 3965 1569 4020 lnterca
1599 3983 1695 4020 con
1724 3966 1929 4038 syllaba
1957 3967 2012 4021 in
2035 3981 2165 4022 con-

571 4056 835 4126 ponendis
871 4057 1054 4110 verbis
1099 4058 1396 4112 secundum
1429 4074 1524 4116 eos
1569 4061 1662 4130 qui
1692 4061 1969 4116 litteraria:
1997 4062 2165 4117 soler-

573 4150 703 4204 tiam
729 4149 1023 4220 disciplina:
1049 4165 1156 4205 non
1187 4153 1451 4217 nesciunt,
1493 4169 1629 4223 pene
1660 4155 1794 4209 nihil
1827 4155 1972 4210 aliud
2001 4171 2164 4225 quam

573 4240 728 4293 simul
756 4241 1024 4311 signiﬁcat
1056 4257 1070 4294 :
1114 4249 1172 4295 ut
1197 4250 1296 4307 est,
1339 4243 1693 4316 Congregetur
1734 4248 1902 4300 omnis
1925 4245 2165 4300 Ecclesia

575 4331 744 4384 Israel
786 4331 971 4401 (Leuit.
1003 4333 1156 4404 vm);
1203 4342 1297 4400 et,
1342 4338 1613 4390 conveniat
1667 4338 1736 4390 ad
1789 4338 1926 4390 diem
1975 4337 2164 4405 festum

574 4422 737 4494 (Dan.
762 4423 865 4495 ιιι),
895 4425 947 4480 id
969 4433 1072 4492 est,
1103 4426 1262 4480 simul
1294 4427 1348 4480 in
1372 4444 1587 4499 gregem
1618 4429 1967 4498 glomerctur,
2003 4427 2165 4483 simul

571 4518 782 4584 veniat;
825 4526 879 4571 et
904 4518 1224 4586 Apostolus:
1271 4517 1332 4573 Si
1361 4529 1536 4573 tamen
1565 4521 1946 4588 compatiamur
1968 4559 1983 4585 ,
2029 4530 2084 4573 ut
2115 4530 2163 4574 ct

572 4607 728 4660 simul
755 4607 1107 4676 glori/iccmur
1155 4609 1334 4681 (Rom.
1364 4610 1507 4678 vm),
1555 4608 1608 4662 id
1636 4615 1738 4673 est,
1795 4608 2166 4678 congloriﬁce—

576 4714 730 4761 mur;
759 4704 814 4749 et
834 4697 984 4763 illud,
1023 4697 1194 4768 Super
1229 4699 1376 4752 vitrei
1430 4698 1718 4767 marginem
1750 4699 1909 4768 fontis
1952 4708 2165 4772 uterque

571 4786 820 4850 consedit,
856 4787 910 4840 id
939 4795 1042 4853 est,
1070 4789 1231 4842 simul
1285 4787 1450 4841 sedit:
1484 4795 1536 4841 et
1566 4805 1834 4845 consessor
1870 4792 2066 4847 dicitur
2090 4793 2164 4848 si-

571 4879 680 4933 mul
712 4878 928 4933 sedens.
1011 4878 1184 4934 Simul
1235 4892 1469 4946 namque
1494 4880 1740 4948 quaedam
1761 4882 1914 4950 juxta
1935 4901 2028 4940 eos
2070 4889 2162 4956 qui

569 4969 934 5040 sagacissima:
958 4968 1149 5036 logica:
1177 4981 1376 5020 arcana
1408 4978 1739 5036 scrutantur,
1792 4974 1966 5028 tribus
1988 4978 2162 5032 modis

569 5061 826 5114 dicuntur
861 5073 876 5108 :
919 5066 1181 5124 tempore,
1228 5064 1421 5113 natura
1456 5069 1510 5114 et
1545 5074 1759 5130 genere.
1794 5062 2077 5134 Tempore,
2103 5077 2162 5122 ut

569 5153 646 5207 ait
669 5152 859 5204 beatus
882 5145 1235 5215 Augustinus,
1275 5163 1397 5204 cum
1442 5152 1693 5222 quaelibet
1733 5155 1891 5210 simul
1925 5157 2162 5215 existunt

567 5259 676 5300 uno
705 5250 946 5310 tempore
969 5238 1053 5294 vel
1082 5252 1359 5311 apparent,
1399 5247 1475 5300 ita
1500 5255 1561 5301 ut
1583 5257 1832 5304 neutrum
1859 5251 1926 5305 de
1953 5252 2161 5310 duobus

565 5339 651 5393 vel
680 5336 833 5408 prius
868 5333 960 5400 sit,
991 5334 1077 5390 vel
1107 5334 1337 5391 alterum
1382 5350 1762 5411 consequatur,
1803 5346 1899 5399 scd
1947 5347 2160 5419 utrique

567 5440 717 5485 ortus
747 5429 996 5486 videatur
1024 5443 1146 5484 esse
1170 5433 1503 5500 communis;
1535 5440 1831 5492 secundum
1855 5451 2014 5506 quem
2045 5455 2160 5492 mo-

567 5521 697 5576 dum
720 5522 878 5578 nobis
900 5521 1062 5578 simul
1079 5521 1304 5578 minimc
1317 5541 1545 5596 regnare
1561 5526 1818 5582 dicendus
1833 5535 1934 5590 est,
1963 5529 2162 5598 quippe

569 5625 692 5662 cum
730 5613 822 5665 ille
864 5613 938 5667 sit
983 5615 1362 5684 sempiternus,
1402 5632 1502 5672 nos
1533 5618 1876 5687 temporales,
1914 5618 2005 5672 ille
2044 5620 2161 5677 sine

571 5694 745 5764 initio,
775 5716 875 5763 nos
895 5719 1020 5760 cum
1051 5706 1226 5763 initio.
1259 5707 1482 5776 Natura,
1511 5726 1635 5768 cum
1662 5712 1907 5783 quaedam
1936 5722 2157 5773 natura—
2192 5731 2215 5769 ﬁ:

2190 4467 2247 4531 D

2226 5611 2314 5668 et
2391 5611 2481 5668 ille
2551 5611 2706 5666 nobis
2787 5626 3115 5667 convescens
3187 5613 3363 5667 dictus
3447 5619 3553 5677 est,

2284 1857 2652 1928 dignoscatur,
2681 1869 2735 1915 et
2772 1862 3002 1931 quadam
3033 1863 3211 1934 specie
3233 1862 3601 1931 discernatur;
3634 1864 3722 1934 qui
3747 1863 3881 1918 dum

2282 1961 2378 2016 per
2424 1953 2723 2018 potentiam
2774 1952 3071 2008 divinitatis
3133 1952 3332 2023 ubique
3381 1953 3470 2018 sit,
3527 1960 3711 2008 tamen
3762 1967 3881 2005 non

2283 2042 2444 2098 alicui
2473 2057 2805 2116 conregnare
2845 2045 2949 2101 dici
2985 2054 3130 2102 recte
3174 2053 3375 2116 potest.
3423 2045 3588 2100 Aliud
3616 2052 3702 2100 est
3730 2042 3885 2099 enim

2280 2137 2483 2208 ubique
2528 2154 2668 2204 esse,
2713 2138 2859 2194 aliud
2892 2154 3011 2194 cum
3039 2153 3312 2209 quoquam
3343 2136 3502 2191 simul
3535 2151 3698 2201 esse;
3731 2133 3888 2188 aliud

2280 2228 2626 2286 ineﬁabiliter
2670 2245 2913 2300 regnare,
2971 2228 3115 2282 aliud
3195 2227 3444 2294 cuiquam
3507 2239 3885 2294 conregnare.

2279 2319 2620 2389 Conregnarc
2658 2320 2820 2388 igitur
2846 2326 2900 2372 et
2925 2316 3216 2371 consedere
3245 2321 3299 2369 et
3326 2311 3558 2383 plurima
3599 2311 3886 2381 hujusce-

2277 2409 2420 2465 modi
2446 2411 2492 2464 si
2518 2409 2760 2464 absolute
2777 2406 3144 2478 proferantur,
3173 2419 3277 2460 nec
3299 2403 3585 2476 quisquam
3607 2402 3886 2471 cuiquam

2275 2502 2564 2558 consedere
2606 2500 2688 2555 vel
2738 2512 3071 2570 conregnare
3110 2497 3343 2563 dicatur,
3383 2494 3547 2550 simul
3599 2493 3738 2548 duos
3788 2491 3890 2548 vel

2272 2586 2453 2666 plures
2501 2607 2834 2663 conregnare
2880 2591 2966 2646 vel
3004 2589 3302 2646 consedere
3336 2587 3603 2657 designat.
3649 2584 3709 2641 Si
3744 2600 3888 2640 vero

2273 2689 2395 2758 quis
2419 2689 2672 2758 cuiquam
2710 2699 3044 2756 conregnare
3062 2683 3156 2739 .vel
3200 2681 3492 2738 consedere
3518 2679 3747 2746 dicatur,
3804 2679 3890 2733 εἰς

2273 2780 2495 2852 gniﬁcat
2513 2795 2635 2835 eum
2664 2778 2969 2849 praecedere
2996 2775 3086 2831 cui
3117 2781 3478 2846 conregnatur
3498 2771 3584 2826 vel
3613 2770 3889 2826 consede-

2274 2881 2400 2927 tur:
2427 2872 2575 2928 illum
2600 2885 2731 2926 vero
2782 2868 2898 2939 ejus
2923 2867 3248 2940 participem
3284 2864 3402 2919 ﬁeri
3448 2862 3542 2933 qui
3573 2868 3883 2930 conregnat

2271 2974 2328 3022 ct
2374 2966 2658 3031 consedct,
2712 2963 2926 3020 dicente
2952 2961 3094 3018 Vase
3121 2957 3405 3014 electionis
3432 2955 3604 3010 Paulo
3631 2969 3646 3008 :
3679 2953 3884 3008 Conse-

2271 3059 2405 3130 pulti
2426 3060 2547 3112 estis
2574 3057 2782 3110 Christo
2819 3054 2998 3127 (Rom.
3038 3051 3172 3122 vt);
3212 3059 3267 3106 et
3299 3050 3528 3106 iterum:
3558 3044 3619 3102 Si
3653 3059 3882 3099 consur.

2273 3150 2480 3204 vexistis
2524 3146 2753 3208 Christo,
2805 3162 2921 3214 qua:
2979 3157 3189 3197 sursum
3229 3149 3351 3194 sunt
3379 3135 3875 3210 quwrite!(Coloss.

2275 3243 2382 3314 ιιι).
2468 3239 2618 3295 Unde
2691 3238 2851 3292 datur
2928 3233 3158 3302 intelligi
3228 3246 3351 3286 eum
3413 3227 3717 3300 prmcederc
3770 3223 3874 3294 qui

2272 3331 2529 3402 sepelitur
2593 3337 2647 3383 et
2693 3327 2883 3396 surgit,
2934 3339 3027 3380 cos
3082 3338 3211 3378 vero
3281 3321 3615 3392 participare
3672 3317 3723 3372 ei
3773 3317 3873 3372 cui

2271 3421 2713 3490 consepeliuntur
2789 3427 2845 3472 et
2923 3421 3278 3485 consurgunt.
3362 3410 3478 3466 Nisi
3539 3409 3685 3464 enim
3750 3405 3870 3462 Re-

2269 3516 2518 3584 demptor
2547 3510 2769 3566 humani
2791 3510 3004 3581 generis
3051 3523 3152 3579 pro
3186 3505 3342 3562 nobis
3396 3503 3637 3574 sepultus
3666 3501 3868 3556 fuisset

2269 3614 2323 3662 et
2373 3603 2778 3667 resurrexisset,
2817 3615 2916 3656 nos
2958 3599 3008 3652 ei
3036 3595 3357 3666 consepeliri
3393 3602 3446 3648 ct
3470 3605 3870 3662 conresurgcre

2270 3698 2491 3754 minime
2513 3704 2843 3767 poteramus.
2872 3693 2990 3760 Quo
3016 3691 3339 3745 documento
3364 3686 3657 3754 colligitur,
3684 3700 3714 3737 a
3739 3698 3868 3737 cau-

2270 3789 2374 3847 tela
2413 3795 2680 3842 remotum
2721 3799 2840 3840 esse
2887 3783 3056 3836 Deum
3078 3779 3234 3834 nobis
3273 3777 3451 3833 dicere
3489 3787 3858 3846 conregnare:

2269 3883 2357 3954 qui
2388 3898 2494 3936 non
2545 3879 2699 3935 nobis
2729 3879 2782 3933 in
2813 3875 3087 3945 regnando
3112 3871 3417 3944 participat,
3451 3870 3546 3926 sed
3571 3871 3708 3926 sicut
3735 3884 3863 3924 om-

2269 3975 2417 4030 nium
2439 3980 2628 4029 auctor
2651 3977 2751 4033 est,
2787 3969 2862 4022 ita
2884 3981 3070 4023 omnes
3093 3965 3148 4019 in
3172 3977 3312 4029 esse,
3332 3961 3516 4017 vivere
3547 3970 3602 4016 et
3633 3975 3862 4030 regnare

2266 4065 2544 4136 prmccdit.
2608 4061 2761 4128 Quod
2813 4060 2858 4113 si
2910 4057 3048 4112 forte
3104 4055 3474 4111 contentiosus
3526 4052 3643 4122 quis
3691 4050 3861 4120 hujus

2269 4159 2420 4212 verbi
2465 4164 2707 4210 astruere
2737 4157 2952 4206 tentans
2991 4162 3252 4211 errorem,
3291 4161 3356 4202 ea
3401 4160 3515 4216 quae
3555 4141 3858 4198 secundum

2271 4247 2501 4302 formam
2539 4244 2680 4300 servi
2707 4243 2775 4297 de
2820 4241 3095 4311 unigenito
3139 4239 3236 4292 Dei
3280 4237 3419 4292 Filio
3445 4237 3585 4292 dicta
3612 4242 3742 4288 sunt
3801 4235 3856 4288 in

2269 4337 2640 4393 testimonium
2679 4333 2876 4397 trahat,
2909 4331 3118 4386 dicens:
3149 4328 3260 4384 Cur
3296 4344 3406 4382 non
3432 4335 3725 4397 conregnct
3754 4339 3852 4380 no-

2268 4429 2354 4484 bis
2389 4430 2495 4493 cui,
2528 4427 2822 4482 secundum
2846 4423 3180 4494 Apostolum,
3231 4419 3613 4491 compatimur,
3667 4431 3857 4473 consc-

2269 4520 2516 4587 pclimur,
2579 4514 3040 4578 conviviﬁcamur,
3090 4509 3501 4578 consurgimus?
3541 4507 3696 4576 cujus
3729 4521 3853 4577 pro-

2266 4607 2540 4663 missionis
2589 4606 2898 4662 cohreredes
2935 4613 2990 4658 et
3037 4599 3450 4672 concorporalcs
3499 4608 3554 4654 et
3597 4613 3850 4668 compar-

2265 4699 2455 4768 ticipes
2485 4714 2671 4754 sumus
2710 4698 2764 4751 in
2803 4697 2990 4752 eodem
3033 4693 3161 4750 Jcsu
3205 4692 3418 4748 Christo
3458 4703 3559 4758 per
3599 4688 3850 4756 Evange-

2265 4791 2418 4852 lium,
2468 4791 2522 4842 in
2554 4804 2662 4858 quo
2695 4788 2836 4841 Deus
2887 4786 3210 4841 coexcitavit
3254 4797 3347 4838 nos
3391 4777 3656 4847 simulque
3712 4775 3846 4832 fecit

2265 4879 2453 4933 sedere
2483 4878 2536 4930 in
2563 4875 2909 4941 cmlestibus;
2958 4876 3024 4930 de
3073 4892 3181 4944 quo
3215 4881 3270 4930 et
3302 4868 3628 4940 evangelista
3673 4866 3844 4922 dicit:

2265 4968 2582 5023 Convescens
2612 4967 2837 5022 elevatus
2859 4968 2952 5025 (est
2981 4967 3118 5039 (Act.
3159 4966 3199 5039 ι)
3225 4985 3240 5033 ;
3271 4973 3325 5022 ει
3370 4965 3564 5018 iterum
3590 4978 3604 5014 :
3635 4958 3724 5014 Illi
3754 4976 3848 5039 αμ-

2263 5069 2363 5115 tent
2389 5059 2607 5130 profecti
2633 5034 3044 5129 prwdicaverunt
3070 5034 3258 5129 ubique
3284 5057 3511 5111 Domino
3538 5034 3846 5125 cooperante

2264 5151 2458 5222 (Marc.
2505 5150 2990 5224 xv1):pcrpendat,
3038 5153 3279 5206 abstersa
3333 5149 3608 5205 nebulosa:
3651 5145 3846 5200 mentis

2263 5240 2509 5310 caligine,
2560 5258 2668 5296 non
2706 5243 2807 5297 hoc
2836 5257 2903 5296 ex
2933 5257 3029 5296 sua
3077 5241 3379 5306 divinitate,
3430 5240 3524 5295 sed
3559 5255 3626 5295 ex
3663 5247 3846 5294 nostra

2261 5333 2598 5388 humanitate
2641 5350 2760 5389 esse
2789 5335 2842 5388 in
2873 5351 2979 5405 quo
3007 5349 3107 5390 nos
3131 5335 3182 5389 ei
3219 5335 3600 5405 compatimur,
3652 5347 3844 5388 consc-

2259 5423 2508 5495 pelimur,
2554 5425 3014 5480 conviviﬁcamnr.
3055 5426 3206 5482 Sicut
3245 5428 3390 5482 enim
3430 5427 3563 5496 pati,
3607 5420 3842 5496 sepeliri,

2259 5520 2425 5587 vesci,
2492 5519 2548 5574 in
2594 5535 2700 5590 quo
2745 5535 2844 5575 nos
2906 5520 2957 5574 ei
3010 5522 3426 5590 consepelimur,
3458 5519 3844 5589 compatimur,

3629 5608 3850 5679 proprie

2259 5703 2558 5764 humanum
2585 5709 2667 5756 cst
2692 5717 2707 5754 :
2751 5702 2827 5756 ita
2855 5713 2909 5758 et
2936 5717 3163 5773 regnare
3192 5704 3412 5775 proprie
3457 5702 3704 5760 divinum
3739 5707 3848 5778 est,
