4026 6156
213 401 353 460 1009

1024 395 1204 453 LIBRI
1239 391 1583 451 CAROLINI.
1613 421 1686 434 -—
1711 388 1932 448 CAPIT.
1973 389 2065 448 DE
2098 388 2290 448 IMAG.
2332 418 2403 431 -—
2441 391 2572 448 LIB.
2614 391 2658 447 Ι.

3350 392 3486 450 1010

211 515 493 578 Psalmista
535 518 846 581 attestante,
876 509 974 582 qui
1006 511 1085 566 ait
1107 528 1122 564 :
1146 508 1452 564 Exaltatum
1490 514 1567 560 est
1602 518 1789 560 nomen
1811 506 1867 567 Δ
1892 501 2059 569 Quasi
2104 505 2210 557 ovis
2259 503 2330 558 ad
2368 503 2632 558 uictimam
2671 502 2862 557 ductus
2896 509 2972 557 est
3015 502 3152 575 (Isa.
3200 503 3362 577 nm);
3405 504 3493 561 vel

208 608 325 679 ejus
366 604 525 661 solius
572 603 748 677 (Psal.
780 602 1045 674 cxnvm);
1095 607 1150 656 et
1194 600 1425 654 iterum:
1451 595 1665 650 Domini
1712 601 1789 647 est

209 714 422 770 regnum
441 706 491 752 et
514 699 623 769 ipse
641 696 1005 753 dominabitur
1026 694 1165 764 genti
1187 692 1360 764 (Psal.
1385 690 1486 763 xu)
1510 707 1526 755 ;
1551 697 1606 744 et
1624 688 1785 752 idem,

208 788 446 861 Regnum
486 798 655 855 tuum,
684 787 928 852 Domine,
960 800 1176 855 regnum
1198 783 1431 839 omnium
1451 779 1784 842 saeculorum,

204 887 255 933 et
304 879 597 934 dominatio
642 887 737 932 tua
778 878 834 931 in
873 875 1013 930 omni
1067 873 1400 945 generatione
1449 880 1499 925 et
1547 866 1791 941 progenie

203 968 381 1042 (Psal.
406 966 590 1039 cxnv).
618 968 861 1023 Dicimur
880 964 1025 1021 enim
1050 971 1107 1020 et
1131 979 1232 1020 nos
1256 976 1503 1035 regnare,
1535 959 1631 1014 sed
1660 957 1790 1012 abu-

202 1059 344 1126 sive,
388 1074 497 1115 non
523 1059 755 1129 proprie.
787 1055 923 1112 Nam
955 1069 1205 1126 regnare,
1234 1050 1593 1108 immortalem
1617 1055 1674 1103 et
1698 1060 1792 1101 ve-

202 1166 391 1207 racem
434 1165 571 1217 esse,
604 1150 682 1205 illi
712 1154 798 1205 est
819 1146 1107 1212 naturale;
1138 1145 1349 1202 caeteris
1379 1157 1509 1198 vero
1535 1141 1629 1212 qui
1673 1140 1792 1195 hmo

201 1250 607 1314 consequuntur
659 1240 805 1297 illius
851 1240 1142 1312 largitione
1195 1245 1279 1294 est
1323 1236 1643 1292 attributum
1696 1231 1792 1302 qui

198 1349 326 1390 vere
352 1342 564 1406 regnat,
610 1334 760 1389 solus
782 1332 1109 1389 immortalis
1137 1340 1195 1389 et
1233 1346 1397 1387 verax
1426 1336 1528 1397 est,
1565 1327 1793 1383 doctore

199 1428 440 1501 gentium
477 1428 830 1498 praedicante,
859 1428 952 1498 qui
977 1428 1055 1481 ait
1079 1443 1094 1480 :
1122 1425 1221 1480 Est
1258 1425 1398 1480 enim
1440 1421 1583 1478 Deus
1607 1435 1788 1486 verax,

200 1519 367 1574 omnis
405 1530 579 1574 autem
617 1520 772 1573 homo
800 1518 1031 1574 mendax
1054 1515 1233 1587 (Rom.
1285 1515 1413 1581 In);
1459 1528 1514 1570 et
1562 1525 1787 1567 rursus:

202 1609 303 1677 Qui
339 1611 483 1667 solus
528 1610 680 1665 habet
723 1608 1169 1665 immortalitatem
1219 1606 1273 1679 (Ι
1326 1604 1463 1660 Tim.
1506 1603 1637 1675 ut);
1685 1616 1794 1657 non

198 1719 324 1775 quo,
365 1711 427 1758 ut
459 1702 537 1757 ait
564 1704 758 1759 beatus
789 1701 1175 1771 Hieronymus,
1206 1710 1263 1755 et
1283 1699 1459 1768 angeli
1495 1706 1550 1753 et
1585 1705 1794 1753 cmteraa

197 1795 496 1852 rationales
547 1801 813 1849 creatura:
874 1792 1338 1848 immortalitatem
1388 1806 1499 1847 non
1559 1790 1793 1846 habeant

1890 600 2037 646 certe
2079 592 2377 649 secundum
2415 591 2717 662 spiritalem
2747 606 2989 658 sensum,
3026 608 3135 663 quo
3180 593 3345 650 modo
3389 608 3491 649 ne-

1887 693 2160 751 quaquam
2197 682 2254 737 in
2303 696 2468 737 carne
2490 682 2667 737 sancti
2688 681 2799 737 sint
2833 697 2961 738 cum
2986 684 3175 738 vivant
3199 684 3255 738 in
3304 698 3490 751 carne,

1890 778 1946 825 et
1967 772 2201 827 habeant
2254 774 2721 829 conversationem
2756 774 2815 829 in
2854 776 3180 834 coelestibus
3218 791 3343 832 cum
3373 791 3492 849 gra-

1889 860 2109 916 diantur
2147 862 2205 916 in
2225 861 2409 930 "terra,
2443 879 2572 921 caro
2602 879 2724 920 esse
2765 864 3109 933 desistentes,
3132 867 3231 922 toti
3274 874 3495 924 vertanc

1889 961 1977 1008 tur
2031 952 2089 1007 in
2134 953 2387 1022 spiritum
2412 978 2428 1010 ;
2456 956 2533 1011 ita
2559 970 2653 1010 eos
2683 956 2739 1010 in
2763 956 3074 1013 caelestibus
3119 959 3309 1015 sedere
3362 974 3492 1016 eum

1890 1042 2129 1099 Christo.
2175 1043 2421 1115 Regnum
2457 1045 2658 1115 quippe
2691 1047 2788 1100 Dei
2820 1047 2962 1102 intra
3011 1064 3111 1104 nos
3151 1056 3252 1113 est,
3291 1056 3348 1105 et
3394 1049 3493 1107 ubi

1890 1132 2056 1189 fuerit
2080 1134 2369 1191 thesaurus
2418 1144 2635 1200 noster,
2678 1135 2753 1191 ibi
2801 1136 2907 1191 erit
2952 1144 3008 1193 et
3059 1153 3155 1193 cor
3196 1146 3441 1193 nostrum
3469 1156 3505 1206 ;-

1890 1222 2143 1293 ﬁrmique
2171 1231 2227 1279 et
2256 1224 2478 1279 stabiles
2504 1224 2756 1281 sedemus
2777 1240 2902 1280 cum
2928 1225 3168 1293 Christo,
3202 1227 3485 1297 sapientia,

1891 1317 2075 1381 verbo,
2124 1314 2359 1384 justitia,
2397 1316 2649 1371 veritate.
2708 1314 3082 1371 Praedicabant
3132 1326 3310 1372 autem
3357 1335 3485 1389 apo-

1891 1406 2010 1462 stoli
2029 1406 2255 1461 Domino
2287 1415 2596 1478 cooperante
2618 1405 2815 1477 (Marc.
2856 1405 2994 1480 xvr),
3035 1406 3091 1462 id
3126 1415 3230 1475 est,
3259 1407 3328 1464 ad
3347 1410 3491 1467 bona

1893 1510 2058 1566 opera
2093 1495 2397 1551 exercenda
2431 1496 2513 1551 eis
2549 1494 2938 1551 adminiculum
2962 1497 3274 1566 prtebente:
3318 1506 3373 1553 et
3402 1497 3489 1554 id-

1893 1587 2041 1645 circo
2088 1594 2294 1643 tantam
2332 1586 2444 1641 vim
2483 1586 2700 1641 illorum
2748 1586 2995 1657 operatio
3052 1588 3263 1655 habuit,
3301 1596 3365 1645 ut
3419 1590 3492 1645 ad

1893 1692 2086 1733 eorum
2131 1676 2577 1747 praedicationem
2624 1684 2705 1732 tot
2756 1676 2927 1730 millia
2969 1677 3249 1735 hominum
3300 1681 3488 1737 crede-

1896 1780 2038 1838 rent,
2078 1781 2133 1828 et
2159 1780 2369 1827 natura:
2406 1772 2614 1828 viribus
2648 1768 2839 1826 fractis
2865 1778 2921 1826 et
2946 1773 3147 1828 mortui
3189 1773 3379 1841 vitam,
3427 1782 3489 1830 et

195 1896 253 1943 et
275 1884 525 1940 veritatis
554 1883 665 1938 sint
689 1890 977 1948 amatores,
1009 1882 1105 1938 sed
1138 1898 1247 1953 quo
1283 1883 1374 1939 ille
1399 1883 1544 1939 solus
1571 1890 1789 1937 natura-

1893 1865 2024 1921 caeci
2060 1865 2264 1929 oculos,
2310 1872 2366 1920 et
2388 1863 2539 1920 surdi
2585 1878 2745 1918 aures
2773 1864 3101 1933 acciperent.
3149 1864 3486 1938 Cooperatur

196 1977 325 2032 liter
380 1974 453 2030 sit
492 1983 549 2029 et
583 1974 904 2030 immortalis
946 1982 1002 2030 et
1052 1990 1237 2042 verax,
1289 1975 1471 2031 caeteri
1516 1988 1644 2031 vero
1688 1975 1790 2029 im-

199 2064 588 2121 mortalitatem
610 2073 666 2120 et
700 2065 987 2121 veritatem
1016 2079 1085 2120 ex
1106 2065 1395 2136 largitione
1418 2065 1562 2121 illius
1599 2079 1788 2122 conse-

197 2167 453 2229 quantur,
480 2164 536 2213 et
556 2156 702 2212 aliud
722 2158 795 2213 sit
828 2158 1033 2214 habere
1054 2173 1153 2229 per
1190 2168 1381 2226 semet,
1413 2158 1558 2215 aliud
1598 2160 1653 2214 in
1695 2175 1792 2229 po-

198 2258 394 2308 testate
415 2249 666 2306 donantis
690 2263 813 2305 esse
836 2248 982 2320 quod
1003 2250 1228 2306 habeas.
1259 2250 1318 2306 Si
1352 2266 1482 2322 ergo
1508 2259 1656 2307 recte
1685 2251 1792 2306 diei

196 2357 482 2413 possumus
512 2341 625 2397 Deo
653 2342 916 2398 commori
943 2350 999 2397 et
1033 2343 1293 2414 compati,
1339 2344 1432 2413 qui
1464 2343 1791 2399 immortalis

197 2441 254 2489 et
280 2431 626 2503 impassibilis
651 2443 755 2498 est,
789 2432 864 2487 ita
891 2440 948 2488 et
977 2442 1127 2489 recte
1164 2433 1271 2490 dici
1313 2441 1492 2504 potest
1516 2435 1660 2490 Deus
1690 2450 1790 2490 no—

197 2524 285 2581 bis
331 2536 679 2593 conregnare.
723 2522 792 2577 Et
830 2523 877 2579 si
904 2523 1040 2580 illud
1090 2524 1380 2581 manifesta
1422 2526 1634 2582 ratione
1678 2525 1789 2581 dici

198 2614 587 2683 contemnitur,
622 2621 678 2668 et
711 2613 857 2669 istud
890 2613 1143 2684 prudenti
1166 2615 1511 2687 indagatione
1538 2616 1789 2686 repudia—

198 2715 307 2762 tur.
372 2704 747 2776 Compatimur
812 2702 959 2759 enim
1012 2702 1232 2761 Christo
1290 2705 1503 2774 quando
1561 2705 1617 2759 in
1672 2703 1790 2774 ejus

198 2815 388 2857 amore
426 2800 521 2870 qui
566 2813 669 2871 pro
714 2797 873 2855 nobis
907 2798 1085 2853 crucis
1150 2798 1457 2869 passionem
1505 2811 1791 2868 perpessus

198 2898 305 2957 est,
333 2904 553 2946 carnem
587 2897 832 2946 nostram
866 2890 1256 2959 eruciﬁgimus,
1302 2890 1358 2946 id
1387 2897 1489 2956 est,
1536 2890 1791 2945 mundum

197 2998 324 3039 eum
389 2982 533 3039 vitiis
577 2991 633 3038 et
683 2982 1156 3053 concupiscentiis,
1184 2992 1241 3038 et
1276 2983 1539 3039 morimur
1572 2984 1790 3050 mundo,

194 3080 251 3129 et
286 3071 678 3128 eommorimur
702 3070 938 3136 Christo,
977 3080 1033 3128 et
1065 3073 1145 3127 sic
1167 3088 1405 3139 carnem,
1450 3073 1504 3128 id
1547 3082 1630 3129 est
1673 3089 1794 3130 cor-

100 3160 116 3167 ”
194 3180 311 3236 pus,
354 3163 745 3234 eruciﬁgimus,
792 3172 852 3219 ut
889 3163 1154 3221 desideria
1182 3163 1300 3234 ejus
1325 3165 1615 3222 calcemus.
1646 3166 1789 3223 Con-

197 3256 390 3327 sepulti
447 3255 590 3312 enim
642 3270 833 3312 sumus
882 3270 1007 3311 cum
1049 3255 1144 3311 illo
1208 3271 1306 3327 per
1363 3258 1694 3327 baptismum
1731 3258 1786 3311 in

197 3356 446 3413 mortem,
488 3355 549 3402 ut
592 3346 1053 3417 quemadmodum
1108 3346 1709 3404 Christus-resurrexit
1757 3363 1789 3402 a

198 3440 426 3497 mortuis
458 3453 555 3510 per
592 3439 851 3495 virtutem
876 3438 1076 3504 Patris,
1117 3439 1193 3493 ita
1234 3447 1290 3493 et
1319 3453 1417 3494 nos
1446 3439 1502 3493 in
1549 3439 1789 3494 novitate

198 3533 317 3590 vitae
345 3531 725 3587 ambulemus:
754 3540 811 3586 et
847 3531 929 3586 sic
968 3529 1229 3601 baptizati
1255 3530 1553 3600 consepulti
1601 3545 1789 3586 sumus

199 3621 270 3688 ei,
294 3628 364 3675 ut
387 3621 456 3676 de
473 3629 665 3676 caetero
688 3621 831 3676 hanc
856 3620 1027 3675 vitam
1077 3636 1387 3690 sequamur,
1425 3621 1483 3676 in
1512 3637 1618 3693 qua
1638 3621 1791 3677 Chri-

201 3720 321 3768 stus
352 3713 670 3768 resurrexit.
695 3713 1028 3783 Baptismum
1050 3714 1463 3770 resurrectionis
1483 3715 1682 3786 pignus
1705 3722 1791 3771 est

200 3813 255 3860 et
295 3806 504 3875 imago,
550 3813 611 3859 ut
648 3803 761 3874 jam
810 3805 866 3860 in
900 3805 1190 3876 praeceptis
1236 3805 1437 3862 Christi
1483 3814 1786 3872 manentes,

201 3898 269 3952 ad
300 3894 584 3967 praeterita
633 3896 807 3952 denuo
849 3911 958 3952 non
1005 3896 1366 3953 revolvamur.
1424 3896 1788 3952 Conviviﬁca-

202 4002 323 4042 mur
358 3994 539 4043 autem
570 3994 625 4043 et
665 3987 1036 4057 consurgimus
1072 3987 1144 4055 ei,
1180 3987 1228 4042 si
1258 3986 1598 4043 similitudini
1646 4000 1793 4040 mor-

200 4079 267 4136 tis
299 4078 426 4150 ejus
456 4093 644 4135 sumus
692 4079 1057 4149 complantati,
1096 4077 1152 4133 id
1193 4086 1293 4143 est,
1344 4078 1389 4132 si
1420 4077 1477 4131 in
1525 4076 1793 4145 baptismo

197 4172 382 4228 omnia
434 4171 566 4226 vitia
610 4171 942 4242 deponentes
988 4172 1044 4226 in
1074 4187 1274 4227 novam
1322 4170 1489 4225 vitam
1544 4168 1793 4224 translati

197 4262 260 4319 de
291 4270 497 4319 caetero
541 4277 659 4319 non
694 4277 1002 4333 peccemus.
1048 4261 1359 4319 Similitudo
1404 4260 1549 4315 enim
1602 4261 1795 4317 mortis

196 4354 436 4410 similem
468 4354 749 4424 praestavit
800 4354 1276 4410 resurrectionem.
1342 4352 1665 4408 Cohmredes
1702 4368 1796 4407 au-

198 4452 307 4501 tem
359 4450 415 4499 et
458 4444 873 4516 comparticipes
905 4444 1023 4514 ejus
1061 4460 1268 4510 sumus,
1313 4459 1423 4499 non
1448 4458 1559 4514 quo
1614 4443 1795 4513 aliqua

202 4534 352 4589 inter
387 4547 486 4589 nos
507 4535 776 4603 possessio
820 4535 1108 4601 dividatur,
1151 4534 1247 4589 sed
1275 4549 1381 4603 quo
1416 4534 1532 4603 ipse
1563 4533 1634 4588 sit
1681 4533 1786 4587 Do—

198 4624 385 4680 minus
432 4624 717 4682 hzereditas
759 4634 946 4682 nostra
984 4634 1144 4696 atque
1187 4623 1479 4695 possessio.
1529 4622 1787 4678 Dominus

196 4722 402 4793 quippe,
432 4719 524 4786 ait,
544 4720 799 4778 hwredita
821 4728 1017 4776 svestra
1042 4727 1117 4774 est
1140 4717 1318 4791 (Deut.
1341 4714 1532 4789 xvm);
1559 4723 1614 4771 et
1632 4715 1782 4781 alibi,

200 4811 457 4867 Dominus
503 4830 628 4883 pars
670 4830 792 4867 mea
833 4820 883 4866 et
938 4811 1217 4867 hwreditas
1270 4825 1389 4863 mea
1456 4806 1629 4881 (Psal.
1683 4824 1783 4877 xv;

201 4899 372 4955 Eccli.
410 4901 560 4973 ην).
613 4900 1041 4971 Concorporales
1090 4901 1256 4966 enim,
1314 4899 1442 4970 quia
1476 4914 1789 4971 quanquam

205 4989 448 5045 diversas
486 4992 721 5048 habeant
748 4994 950 5063 gratias
997 4995 1054 5049 hi
1083 4995 1175 5065 qui
1204 4995 1259 5050 in
1289 4992 1503 5050 Christo
1548 4994 1791 5052 credide-

206 5085 358 5142 runt,
381 5078 437 5131 in
460 5095 567 5137 uno
594 5091 777 5140 tamen
800 5094 927 5140 sunt
946 5086 1199 5143 Ecclesiae
1212 5102 1439 5158 corpore
1462 5088 1790 5161 conglobati.

209 5167 389 5224 Simul
424 5183 551 5239 ergo
575 5181 792 5231 sanctos
821 5175 951 5233 fecit
976 5178 1162 5233 sedere
1195 5194 1318 5233 cum
1348 5179 1563 5237 Christo
1593 5181 1650 5235 in
1684 5195 1795 5237 coe-

206 5258 438 5317 lestibus
482 5278 590 5319 non
632 5281 741 5336 quo
786 5270 837 5323 ei
881 5271 1052 5326 sancti
1095 5273 1420 5330 consedeant
1454 5276 1692 5345 quandiu
1739 5277 1795 5332 in

208 5350 316 5407 hoc
363 5352 566 5409 mundo
592 5363 719 5410 sunt
764 5364 821 5411 et
847 5360 1256 5430 peregrinantur
1301 5362 1369 5416 ab
1397 5377 1480 5428 eo,
1522 5365 1617 5420 sed
1663 5380 1789 5434 quo,

203 5440 358 5512 juxta
396 5443 611 5514 praefati
634 5447 874 5504 doctoris
899 5451 1240 5517 sententiam,
1269 5466 1388 5506 mos
1418 5453 1520 5508 iste
1541 5455 1612 5508 sit
1649 5455 1798 5511 Seri-

209 5541 495 5605 pturarum
549 5545 612 5594 ut
667 5538 945 5595 interdum
994 5537 1173 5593 futura
1232 5550 1473 5611 tempore
1522 5546 1798 5611 praeterito

213 5625 554 5685 declinentur
616 5647 719 5703 per
775 5634 996 5688 schema
1053 5631 1196 5699 quod
1249 5632 1441 5688 dicitur
1492 5635 1795 5706 prolepsis:

214 5717 363 5775 verbi
389 5736 556 5788 causa
579 5726 649 5782 de
673 5741 839 5783 cruce
857 5721 1076 5779 Domini
1102 5738 1115 5773 :
1141 5719 1408 5779 Foderunt
1438 5742 1625 5781 manus
1656 5744 1796 5784 meas

214 5815 268 5872 α
310 5813 465 5881 pedes
509 5815 689 5890 (Ρδαι.
746 5816 929 5889 nu);
982 5820 1040 5874 et
1080 5812 1208 5874 alibi
1254 5815 1318 5877 de
1344 5818 1593 5888 Ρόβείοηθ
1633 5820 1794 5895 eius;

1813 4580 1868 4644 D

1892 1960 2038 2014 enim
2086 1959 2345 2013 Dominus
2393 1957 2646 2013 omnibus
2669 1958 2893 2024 sanctis,
2931 1958 3227 2014 secundum
3263 1960 3489 2031 Aposto'

1893 2050 2030 2115 lum,
2061 2049 2156 2119 qui
2190 2049 2340 2116 dicit,
2372 2047 2573 2103 Factus
2621 2066 2738 2104 sum
2773 2051 3011 2104 minister
3054 2051 3343 2106 secundum
3390 2051 3486 2106 ἀοι

1892 2158 2020 2196 num
2063 2141 2282 2211 gratiae,
2323 2157 2441 2211 qua:
2470 2140 2598 2195 data
2643 2151 2717 2195 est
2759 2141 2890 2195 mihi
2927 2141 3088 2213 juxta
3134 2143 3489 2213 operationem

1891 2232 2099 2287 virtutis
2121 2231 2236 2301 ejus
2264 2229 2490 2302 (Coloss.
2519 2231 2581 2304 1).
2606 2232 2990 2289 Peccatoribus
3016 2241 3196 2290 autem
3218 2235 3275 2288 in
3311 2248 3486 2303 quan-

1890 2330 2009 2378 tum
2044 2331 2479 2393 peccantneque
2506 2325 2790 2393 cooperari
2814 2340 2992 2395 neque
3022 2342 3353 2397 conregnare
3374 2327 3484 2381 ullo

1891 2412 2054 2468 modo
2073 2413 2377 2468 credendus
2404 2422 2509 2468 est.
2548 2413 2606 2468 Si
2630 2430 2760 2484 ergo
2793 2424 2847 2471 et
2880 2417 3011 2473 illud
3037 2418 3181 2489 quod
3193 2418 3489 2489 Apostolus

1890 2505 2042 2569 dicit,
2074 2504 2136 2560 Si
2156 2507 2561 2562 sustinuerimus
2583 2517 2631 2562 et
2653 2510 3085 2581 conregnabimus
3126 2510 3212 2584 (II
3238 2511 3376 2568 Tim.
3397 2512 3486 2585 ιι),

1891 2602 2048 2665 putat
2096 2595 2200 2651 sibi
2235 2596 2453 2667 aliquod
2489 2599 2875 2656 adminiculum
2924 2602 2980 2657 in
3036 2604 3139 2660 hac
3173 2611 3326 2674 parte
3351 2619 3491 2674 prte-

1894 2690 2064 2750 stare,
2101 2685 2302 2741 sentiat
2327 2687 2433 2743 hoc
2458 2690 2527 2745 ab
2548 2704 2614 2746 eo
2635 2692 2782 2762 quod
2802 2691 2894 2748 ille
2919 2693 3068 2760 dicit,
3102 2694 3373 2767 tripertita
3404 2710 3491 2749 ra-

1894 2776 2044 2833 tione
2096 2776 2317 2843 distare,
2364 2779 2423 2835 id
2471 2789 2575 2847 est,
2627 2797 2878 2852 persona,
2938 2794 3201 2857 tempore,
3252 2787 3488 2843 merito:

1892 2885 2145 2941 persona,
2171 2870 2299 2940 quia
2325 2886 2433 2927 non
2478 2872 2569 2928 ille
2611 2877 2831 2942 sanctis,
2863 2876 2960 2931 sed
2989 2877 3065 2932 illi
3094 2880 3269 2933 sancti
3298 2894 3493 2935 conre—

1896 2961 2115 3032 gnaturi
2161 2962 2456 3030 dicuntur;
2504 2972 2767 3035 tempore,
2821 2968 2945 3036 quia
2976 2984 3086 3023 non
3131 2984 3494 3039 eonregnasse

1896 3070 1997 3110 nec
2032 3069 2389 3126 conregnare,
2421 3056 2518 3112 sed
2547 3060 2927 3129 conregnaturi
2953 3061 3236 3127 dicuntur;
3270 3062 3487 3130 merito,

1896 3150 2024 3220 quia
2046 3164 2154 3204 non
2180 3150 2424 3220 quilibet,
2450 3151 2546 3206 sed
2566 3152 2902 3208 solummodo
2924 3154 3098 3209 sancti
3119 3154 3171 3209 ei
3197 3171 3494 3227 conregna-

1889 3240 2043 3296 hunt.
2077 3237 2170 3294 Ait
2196 3241 2343 3296 enim
2373 3259 2385 3295 :
2418 3241 2481 3297 Si
2522 3245 2946 3312 sustinuerimus,
2974 3256 3025 3300 et
3055 3248 3490 3318 conregnabimus

1893 3330 2106 3404 (Ibid.),
2137 3332 2192 3388 id
2219 3342 2322 3400 est,
2359 3334 2404 3389 si
2442 3334 2496 3388 in
2539 3335 2645 3389 hoc
2689 3337 2885 3391 smculo
2937 3337 3375 3404 sustinuerimus,
3429 3340 3490 3394 in

1892 3424 2079 3481 futuro
2096 3427 2550 3499 eonregnabimus
2577 3446 2589 3480 :
2622 3429 2709 3484 vel
2734 3438 2879 3484 certe
2902 3439 3025 3500 post
3050 3430 3332 3499 judicium,
3365 3447 3494 3487 cum

1890 3514 2008 3586 jam
2043 3531 2169 3573 eum
2194 3534 2303 3574 non
2327 3534 2426 3589 per
2464 3520 2743 3590 speculum
2781 3528 2835 3576 et
2873 3522 2929 3575 in
2957 3523 3246 3595 enigmate,
3280 3524 3375 3580 sed
3399 3524 3489 3579 fa-

1893 3610 1977 3664 cie
2028 3610 2097 3665 ad
2130 3608 2327 3667 faciem
2374 3613 2778 3669 contuebimur.
2827 3613 2965 3670 Nam
2996 3616 3043 3671 si
3081 3616 3259 3673 adhuc
3303 3617 3361 3671 in
3384 3618 3492 3675 hoc

1893 3703 2095 3759 mundo
2124 3719 2332 3772 sumus,
2357 3706 2534 3762 adhuc
2557 3709 2928 3777 sustinemus;
2957 3710 3004 3765 si
3038 3710 3216 3767 adhuc
3254 3713 3491 3769 sustine—

1892 3813 2034 3864 mus,
2075 3799 2304 3854 necdum
2349 3815 2765 3871 conregnamus.
2801 3800 2861 3856 Si
2886 3803 3055 3874 igitur
3083 3806 3259 3861 adhuc
3285 3806 3342 3860 in
3384 3807 3491 3862 hoc

1894 3889 2096 3945 mundo
2146 3906 2353 3956 sumus,
2407 3894 2637 3947 necdum
2698 3909 3115 3964 conregnamus.
3172 3898 3376 3953 Deinde
3440 3900 3492 3953 si

1895 3964 2292 4049 conregnamus
2329 3980 2399 4046 ei,
2428 3980 2538 4049 jam
2570 3982 2719 4035 venit
2762 3983 2907 4049 quod
2957 3983 3256 4052 perfectum
3291 3994 3409 4049 est;
3443 3988 3493 4041 si

1890 4066 2006 4136 jam
2048 4069 2195 4121 venit
2240 4070 2385 4137 quod
2411 4069 2716 4140 perfectum
2743 4079 2844 4137 est,
2888 4071 3004 4140 jam
3043 4083 3360 4128 evacuatum
3406 4087 3493 4132 est

1898 4160 2042 4231 quod
2074 4175 2142 4214 ex
2168 4168 2323 4230 parte
2353 4170 2457 4217 est.
2508 4161 2628 4218 Non
2665 4170 2848 4217 autem
2887 4172 3206 4219 evacuatum
3235 4171 3489 4236 estquod

1897 4269 1964 4309 ex
1992 4262 2147 4323 parte
2173 4261 2276 4318 est,
2334 4270 2443 4309 non
2493 4255 2658 4326 igitur
2694 4271 3091 4328 conregnamus
3140 4258 3210 4312 ei.
3255 4257 3312 4313 Si
3360 4274 3491 4330 ergo

1898 4349 2071 4405 sancti
2101 4347 2342 4419 quandiu
2384 4350 2442 4403 in
2468 4351 2573 4405 hoc
2620 4349 2823 4406 mundo
2860 4359 2985 4406 sunt
3010 4368 3119 4407 non
3158 4364 3494 4422 conregnant

1898 4443 1970 4510 ei,
2004 4441 2178 4497 multo
2207 4440 2390 4497 minus
2416 4442 2506 4497 ille
2535 4451 2833 4513 conregnat
2856 4442 2956 4509 eis,
2986 4444 3139 4514 cujus
3163 4455 3245 4500 est
3266 4462 3492 4517 regnum

1896 4543 1953 4590 et
1989 4535 2295 4616 imperium,
2349 4543 2405 4590 et
2448 4533 2602 4605 cujus
2655 4536 2808 4607 regni
2846 4552 2954 4592 non
2994 4537 3099 4592 erit
3144 4536 3387 4594 finiszet-
3442 4538 3493 4594 si

1896 4632 2097 4688 sanctis
2164 4647 2272 4687 non
2347 4639 2662 4703 conregnat,
2715 4633 2861 4689 nullo
2910 4637 3070 4690 mede
3112 4636 3491 4707 peccatoribus

1896 4739 2228 4794 conregnare
2276 4724 2537 4781 dicendus
2584 4733 2687 4781 est.
2741 4726 2966 4795 Quando
3004 4737 3183 4784 autem
3213 4732 3383 4787 sancti
3437 4730 3491 4786 ei

1898 4815 2325 4885 conregnabunt,
2355 4817 2600 4887 apostolo
2636 4814 2844 4875 Joanne
2880 4820 3126 4887 docente,
3158 4823 3487 4878 didicimus:

1897 4909 1973 4964 ait
2019 4909 2161 4963 enim
2189 4927 2201 4962 :
2234 4908 2561 4976 Charissimi,
2588 4912 2820 4967 nondum
2839 4915 3078 4985 apparuit
3100 4914 3240 4984 quod
3260 4915 3491 4978 erimus;

1897 5000 2092 5055 scimus
2136 5001 2385 5072 quoniam
2433 5018 2551 5055 cum
2588 5004 2890 5074 apparuerit
2928 5001 3127 5056 similes
3168 5003 3217 5054 ei
3267 5003 3483 5068 erimus,

1897 5093 2147 5164 quoniam
2179 5092 2462 5147 videbimus
2508 5109 2628 5146 eum
2675 5093 2829 5147 sicuti
2857 5100 2933 5145 est
2976 5090 3034 5160 (Ι
3061 5090 3221 5145 Joan.
3271 5091 3358 5163 ill)
3383 5109 3398 5159 ;
3428 5099 3490 5154 ut

1902 5185 2029 5239 dum
2066 5184 2375 5252 apparuerit
2424 5185 2568 5253 quod
2612 5185 2835 5247 erimus,
2863 5182 2919 5236 id
2943 5190 3027 5237 est
3068 5181 3400 5239 immortales
3431 5192 3490 5239 et

1902 5273 2144 5345 gloriosi,
2178 5273 2231 5326 in
2247 5289 2355 5342 quo
2384 5274 2588 5329 similes
2613 5274 2662 5328 ei
2693 5272 2913 5329 erimus.
2957 5270 3173 5326 Similes
3198 5274 3349 5337 dixit,
3375 5290 3488 5329 nou

1903 5364 2156 5436 mquales.
2199 5364 2416 5420 Similes
2449 5365 2695 5419 videlicet
2721 5379 2828 5419 non
2857 5363 2914 5416 in
2948 5363 3193 5432 corporis
3235 5365 3487 5419 similitu-

1904 5458 2047 5521 dine,
2089 5457 2183 5511 sed
2205 5456 2262 5511 in
2301 5456 2556 5512 interiore
2582 5456 2818 5523 homine,
2850 5454 3061 5511 dicente
3099 5456 3259 5512 beato
3295 5457 3485 5526 Augu-

1902 5552 2045 5607 stino
2075 5550 2129 5604 in
2167 5550 2394 5619 epistola
2436 5549 2502 5601 ad
2537 5547 2774 5603 Italicam
2811 5549 3078 5619 virginem
3130 5568 3143 5605 :
3179 5569 3199 5601 ι
3228 5550 3362 5618 Quis
3399 5567 3488 5608 au-

1902 5650 2013 5696 tem
2055 5640 2493 5696 dementissimus
2519 5640 2716 5696 dixerit
2751 5657 2978 5713 corpore
3007 5659 3107 5700 nos
3155 5644 3240 5701 vel
3269 5660 3389 5703 esse
3402 5647 3489 5703 vel

1836 5802 1843 5807 D
1900 5732 2110 5789 laturos
2141 5746 2260 5787 esse
2294 5731 2497 5788 similes
2536 5734 2688 5790 Deo?
2712 5735 2767 5789 in
2792 5735 3049 5795 interiore
3076 5738 3242 5809 igitur
3270 5741 3489 5797 homine

1900 5824 2006 5893 ista
2051 5822 2346 5886 similitudo
2395 5831 2498 5883 est.
2541 5846 2561 5883 ›
2609 5825 2923 5903 Videbimus
2968 5846 3098 5905 ergo
3149 5848 3275 5897 eum
3322 5831 3486 5893 sicuti
