4026 6156
573 381 693 437 1011

1434 382 1495 432 Β.
1535 377 1784 434 CAROLI
1822 375 2037 431 MAGNI
2072 371 2222 428 OPP.
2264 373 2441 428 PARS
2479 375 2539 428 11.
2584 375 2822 434 SECTIO
2856 379 2919 433 Π.

3667 379 3820 449 tote

565 505 665 558 est,
690 506 810 555 eum
827 456 1119 548 secundum
1144 506 1295 545 suam
1318 490 1757 561 pollicitationem
1785 485 2131 558 diligentibus
2154 484 2210 543 Δ
2232 486 2367 538 viam
2407 484 2670 551 justoram
2708 485 2879 555 (Psal.
2930 486 2992 557 ι),
3044 496 3231 544 auctor
3265 489 3454 549 mortis
3497 491 3819 557 centrarius

563 600 624 642 se
659 583 1083 639 manifestaverit
1115 582 1349 650 seipsum
1408 581 1525 636 sine
1568 580 1674 636 ﬁne
1712 581 1974 636 existente
2013 597 2027 631 :
2080 579 2134 632 in

564 693 675 747 quo
708 677 877 731 Deum
922 674 1222 729 videbimus
1262 672 1486 737 inﬁnite,
1524 672 1854 729 celebrantes
1890 674 2133 742 perpetui

564 769 774 826 sabbati
808 766 1215 829 solemnitatem,
1272 764 1482 819 dicente
1510 763 1666 819 nobis
1707 763 1933 818 Domino
1978 756 1994 815 ὲ
2032 760 2135 815 γα-

564 870 678 916 cate
704 870 753 915 et
775 860 938 915 videte
955 859 1203 929 quoniam
1231 873 1324 928 ego
1343 853 1459 911 sum
1480 855 1737 910 Dominus
1760 853 1935 926 (Psal.
1959 854 2129 926 XLVI),

564 967 684 1022 quae
707 950 1018 1006 omnia‘non
1041 956 1201 1003 antea
1229 946 1641 1016 complebantur
1669 947 1724 1000 in
1752 945 1972 1008 sanctis,
2000 945 2126 1012 nisi,

559 1042 715 1112 juxta
741 1039 1074 1110 Apostolum,
1102 1053 1226 1093 cum
1242 1036 1487 1099 mortale
1508 1036 1612 1092 hoc
1635 1035 1873 1091 induerit
1913 1036 2134 1093 immer-

569 1132 850 1195 talitatem,
887 1138 946 1184 et
979 1126 1328 1197 eorruptibile
1368 1127 1473 1182 hoc
1493 1126 1737 1181 vestierit
1780 1127 2137 1197 incorruptio-

568 1240 713 1281 nem.
747 1222 882 1281 Nam
907 1225 954 1279 si
991 1238 1382 1293 cenregnamus
1431 1221 1501 1288 ei,
1529 1220 1643 1290 jam
1695 1222 1943 1291 apparuit
1994 1221 2138 1291 quod

569 1319 808 1382 erimus;
841 1318 884 1373 si
920 1316 1033 1386 jam
1055 1315 1301 1386 apparuit
1328 1313 1470 1382 quod
1504 1313 1722 1379 erimus,
1770 1310 1885 1381 jam
1932 1313 2136 1369 similes

568 1412 626 1466 ei
665 1425 891 1474 sumus;
921 1408 966 1463 si
1009 1408 1124 1478 jam
1167 1404 1367 1461 similes
1403 1403 1454 1459 ei
1490 1418 1697 1468 sumus,
1732 1400 1847 1471 jam
1894 1402 2139 1458 videmus

570 1513 695 1554 eum
726 1498 879 1553 sicuti
914 1503 1033 1552 est:
1066 1509 1173 1549 non
1196 1500 1375 1548 autem
1398 1492 1643 1547 videmus
1690 1506 1812 1546 eum
1849 1491 2006 1548 sicuti
2032 1499 2134 1558 est,

571 1592 805 1648 nondum
828 1588 993 1658 igitur
1021 1599 1415 1655 conregnamus
1438 1584 1509 1639 ei.
1552 1582 1761 1655 Regnat
1790 1599 1917 1654 ergo
1950 1583 2040 1639 ille
2084 1583 2139 1638 in

570 1680 746 1744 nobis,
771 1693 878 1735 non
904 1683 1195 1746 conregnat
1221 1673 1377 1730 nobis
1399 1688 1414 1727 :
1442 1680 1633 1744 regnat
1651 1672 1920 1739 videlicet,
1951 1686 2142 1729 secun-

571 1769 703 1824 dum
744 1767 891 1823 beati
945 1764 1228 1835 Augustini
1273 1765 1614 1829 sententiam,
1664 1764 1720 1819 in
1776 1764 2135 1827 credentibus,

2238 584 2339 641 est,
2388 576 2455 630 de
2488 592 2594 646 quo
2632 574 2988 647 subjungitur,
3040 576 3110 631 Et
3155 579 3255 631 iter
3294 579 3573 648 impiorum
3620 580 3818 648 peribit

2239 662 2451 736 (lbid.).
2502 664 2634 719 Nam
2672 665 2715 719 si
2756 681 2786 719 a
2834 666 3062 721 veritate
3111 674 3465 735 recesserunt,
3524 668 3821 725 mendacio

2237 755 2596 816 adhaeserunt,
2646 754 2927 810 mendaces
2969 755 3148 811 eﬁ’ecti
3182 764 3324 811 sunt.
3365 756 3423 812 Si
3456 757 3620 826 igitur
3652 774 3685 812 a
3718 774 3822 813 ve-

2240 846 2401 900 ritate
2450 854 2806 912 recesserunt,
2850 847 3137 903 mendaces
3177 848 3351 903 etlecti
3379 857 3523 905 sunt.
3556 849 3697 919 Ergo
3725 866 3813 907 se-

2239 934 2471 989 cundum
2522 935 3045 991 deneminativerum
3094 937 3355 1007 regulam,
3408 944 3469 992 ut
3509 953 3540 992 a
3586 940 3826 995 veritate

2239 1038 2423 1093 verax,
2471 1041 2502 1079 a
2540 1025 2749 1094 justitia
2785 1026 2999 1095 justus,
3047 1042 3079 1081 a
3132 1028 3333 1098 pietate
3378 1028 3537 1099 pius,
3586 1044 3617 1082 a
3665 1029 3826 1084 boni-

2240 1121 2353 1168 tate
2415 1115 2623 1180 bonus,
2694 1117 2775 1170 ita
2824 1130 2856 1169 e
2914 1118 3187 1173 contrario
3238 1132 3270 1171 a
3318 1117 3599 1173 mendacio
3656 1134 3821 1174 men-

2242 1208 2347 1262 dax
2388 1208 2601 1262 dicitur.
2642 1208 2778 1263 Nam
2816 1224 2939 1264 cum
2977 1210 3261 1265 mendaces
3293 1210 3586 1265 veritatem
3622 1211 3823 1267 docere

2242 1306 2332 1352 aut
2358 1297 2448 1351 vix
2476 1306 2568 1353 aut
2602 1313 2877 1367 nunquam
2924 1300 3153 1370 possint,
3205 1298 3505 1355 mirandum
3547 1309 3626 1356 est
3668 1301 3822 1355 unde

2242 1388 2299 1442 bi
2342 1395 2450 1442 tam
2500 1403 2719 1444 veraces
2763 1397 2983 1458 tamque
3018 1388 3261 1444 veritatis
3304 1396 3600 1445 sectatores
3638 1389 3823 1445 eﬂecti

2244 1477 2391 1532 sint:
2421 1480 2510 1548 qui
2564 1478 2823 1534 videlicet
2879 1478 3177 1534 secundum
3217 1494 3371 1534 suam
3421 1480 3723 1549 opinionem
3784 1495 3825 1534 a

2243 1567 2592 1631 mendacibus
2642 1567 2788 1623 docti
2812 1574 2865 1622 et
2898 1568 3067 1637 geniti
3103 1575 3246 1623 sunt.
3277 1568 3394 1623 Non
3431 1583 3555 1638 ergo
3583 1570 3823 1638 gratiam

2243 1656 2340 1711 Dei
2367 1657 2423 1711 in
2450 1670 2515 1712 ea
2540 1658 2768 1711 veritate
2815 1665 3078 1727 quaerunt,
3134 1660 3202 1713 de
3241 1673 3347 1728 qua
3384 1660 3476 1728 pia
3503 1659 3706 1714 Veritas
3754 1666 3823 1713 et

2245 1761 2373 1802 vera
2419 1747 2597 1802 Pietas
2638 1747 2813 1801 dixit:
2844 1746 2905 1803 Si
2954 1749 3338 1819 permanseritis
3376 1749 3432 1802 in
3474 1747 3623 1802 verbo
3666 1764 3818 1811 tneo,

572 1856 700 1925 quia
734 1869 905 1924 usque
938 1856 1011 1909 ad
1033 1831 1252 1909 crucem
1285 1860 1341 1908 et
1378 1859 1607 1908 mortem
1661 1851 1966 1908 inﬁrmatus
2015 1860 2138 1907 est;
2170 1831 2221 1894 Ι
2248 1842 2565 1911 cognoscetis
2611 1842 2892 1906 veritatem,
2936 1852 2987 1895 et
3026 1842 3211 1895 veritas
3252 1840 3489 1895 liberabit
3512 1857 3599 1895 eos
3634 1839 3821 1913 (Joan.

572 1946 674 2001 hoc
692 1951 873 2000 autem
892 1943 1052 1998 modo
1071 1940 1241 1996 Filius
1257 1941 1472 2020 proprie
1497 1952 1685 2014 regnat
1730 1943 1784 1997 in
1806 1940 1909 1995 ﬁde
1926 1944 2148 1999 creden-

572 2031 744 2098 tium;
775 2047 882 2088 non
907 2033 1050 2087 enim
1070 2031 1231 2087 Pater
1256 2032 1362 2087 dici
1386 2039 1478 2086 aut
1502 2031 1649 2087 credi
1671 2038 1847 2101 potest
1865 2029 1951 2082 vel
1970 2029 2148 2083 incar-

574 2131 755 2189 natus,
783 2123 868 2178 vel
891 2122 1181 2191 judicatus,
1207 2124 1292 2179 vel
1317 2125 1639 2191 cruciﬁxus;
1669 2137 1767 2194 per
1791 2122 2023 2191 speciem
2051 2135 2147 2173 au-

575 2221 705 2281 leﬂl,
739 2229 843 2284 qna
870 2217 1091 2286 aequalis
1116 2225 1197 2272 est
1222 2216 1389 2282 Patri,
1429 2222 1616 2287 regnat
1645 2216 1701 2269 in
1727 2210 2143 2281 contemplanti-

572 2305 676 2361 bus
721 2306 1023 2375 veritatem,
1075 2323 1184 2367 non
1205 2316 1498 2379 cenregnat
1538 2308 1715 2373 nobis,
1763 2307 1889 2375 quia
1939 2304 2145 2360 scilicet

570 2409 680 2453 non
713 2398 1002 2468 participat
1040 2399 1196 2455 nobis
1221 2400 1278 2453 in
1307 2413 1493 2469 regno.
1538 2397 1713 2465 Ipsius
1753 2397 1896 2451 enim
1924 2395 2147 2464 proprie

572 2497 799 2555 regnum
840 2494 943 2553 est,
975 2488 1117 2543 sicut
1150 2488 1398 2559 superius
1434 2487 1841 2557 disputavimus.
1896 2485 2143 2541 Nondum

572 2574 718 2630 enim
761 2591 1147 2647 eoaregnamus
1173 2578 1223 2633 ei
1244 2578 1480 2648 quandiu
1507 2577 1665 2647 hujus
1696 2578 2036 2633 mortalitatis
2056 2585 2146 2632 tu-

572 2663 696 2719 nica
736 2664 915 2728 induti.
950 2682 1153 2733 sumus,
1199 2670 1341 2739 quod
1359 2678 1487 2724 tunc
1523 2683 1623 2724 nos
1658 2670 1894 2728 facturos
1914 2684 2032 2724 esse
2046 2683 2147 2738 per

571 2752 692 2823 ejus
710 2755 1129 2821 misericordiam
1142 2776 1438 2830 speramus,
1459 2779 1579 2818 cum
1592 2764 1882 2820 secundum
1907 2748 2145 2819 contem-

571 2844 863 2914 plationem
876 2852 1365 2929 supernzeveritatir
1382 2853 1450 2908 ad
1480 2853 1823 2910 obtinendam
1855 2852 2141 2910 beatitudi-

570 2951 697 3001 nem
719 2938 866 2995 nullo
876 2948 1023 2998 metu
1034 2942 1218 3010 animi,
1235 2943 1377 2998 nulla
1402 2953 1555 3015 parte
1576 2946 1820 3018 corporis
1836 2948 2137 3010 resistente,

572 3028 788 3093 nemine
858 3039 1076 3093 amante
1119 3036 1392 3105 propriam
1442 3045 1783 3106 potestatem,
1851 3039 1955 3094 erit
2001 3038 2143 3092 Deus

573 3120 753 3175 omnia
793 3120 848 3175 in
873 3124 1145 3181 omnibus.

1195 3284 1418 3343 CAPUT
1456 3286 1517 3342 ll.

576 3394 654 3459 De
680 3412 740 3451 eo
766 3396 906 3468 quod
935 3394 1302 3453 Constantinus
1350 3407 1399 3453 et
1442 3397 1669 3453 Hterena
1716 3398 1771 3453 in
1815 3395 2032 3468 epistola
2077 3396 2146 3468 ad

647 3464 987 3550 venerabilem
1028 3468 1573 3550 paparrtﬂapostolicazh
1586 3469 1723 3525 tedis
1746 3464 2049 3550 ΑςιξὶαηιιηξΔ
2066 3464 2148 3550 di-

650 3537 1164 3609 recta‘scripserunt,
1196 3537 1367 3609 Elegit
1402 3554 1501 3594 nos
1538 3538 1678 3595 Deus
1712 3538 1804 3609 qui
1833 3538 1890 3593 in
1919 3537 2147 3590 veritate

649 3605 940 3673 quaerimus
962 3607 1184 3674 gloriam
1207 3605 1341 3674 ejus.

653 3726 962 3782 Secundum
1008 3730 1263 3786 Veritatis
1310 3735 1647 3801 sententiam,
1691 3734 2148 3805 quiasemetipso

583 3815 839 3886 loquitur,
887 3818 1109 3887 gloriam
1154 3822 1422 3893 propriam
1449 3826 1657 3895 quaerit.
1705 3825 1875 3892 Quam
1927 3840 2151 3895 prorsus

582 3906 641 3961 bi
661 3904 751 3976 qui
786 3907 838 3961 in
865 3910 1146 3965 aderandis
1187 3913 1505 3984 imaginibus
1544 3921 1880 3979 exarserunt,
1912 3914 2043 3970 adeo
2072 3913 2150 3968 vi-

584 4000 778 4054 dentur
804 4015 1043 4071 quaerere
1066 4013 1118 4059 et
1146 4006 1411 4076 amplecti,
1443 4018 1467 4045 ιι
1508 4016 1565 4063 ut
1594 4006 2000 4078 prodecessores
2027 4020 2152 4060 suos

583 4091 666 4144 vel
688 4102 938 4173 parentes
961 4111 1082 4151 cum
1102 4097 1311 4151 actibus
1330 4112 1516 4152 eorum
1536 4113 1643 4153 non
1665 4106 1952 4156 vereantur
1971 4112 2154 4167 asper-

585 4188 723 4242 nari.
755 4174 1029 4261 Despectis
1074 4192 1220 4247 enim
1265 4193 1373 4248 illis
1407 4202 1569 4264 atque
1597 4194 1811 4267 spretis,
1850 4190 2060 4261 jactant
2096 4205 2156 4247 se

586 4280 642 4335 in
681 4283 904 4337 veritate
942 4284 1166 4354 gloriam
1208 4284 1305 4345 Dei
1330 4298 1592 4355 quaerere,
1632 4300 1767 4355 quos
1800 4284 1987 4354 utique
2008 4290 2155 4339 recte

586 4382 847 4441 spernunt
910 4376 955 4429 si
1027 4377 1095 4429 ab
1162 4389 1226 4431 ea
1296 4375 1534 4429 Veritate
1602 4390 1722 4446 qua:
1783 4376 1917 4431 dixit
1970 4391 1985 4429 :
2038 4375 2154 4444 Ege

2247 1930 2389 2002 vm).
2415 1929 2521 1985 Sed
2541 1930 2596 1984 in
2618 1930 2939 2000 imaginibus
2963 1929 3228 1985 artiﬁcum
3257 1930 3522 1987 industria
3552 1929 3822 1996 formatis,

2247 2034 2369 2089 quae
2393 2028 2727 2091 spectatores
2755 2034 2879 2075 suos
2903 2020 3217 2090 plerumque
3234 2021 3304 2074 ob
3333 2035 3514 2075 rerum
3540 2028 3829 2090 gestarum

2247 2110 2568 2166 memoriam
2620 2108 2878 2165 inducunt
2919 2107 2975 2161 in
3022 2107 3444 2169 admirationem,
3498 2108 3833 2163 aderatores

2245 2212 2374 2254 vero
2396 2212 2608 2268 semper
2648 2197 2703 2251 in
2746 2208 3000 2251 errorem.
3042 2192 3157 2248 Non
3200 2192 3338 2245 enim
3382 2190 3667 2246 mediocris
3722 2206 3827 2249 est

2246 2303 2401 2345 error
2425 2274 2549 2343 cum
2570 2282 2712 2339 aliud
2749 2283 3001 2339 adoretur
3038 2279 3308 2349 religionis
3347 2278 3514 2345 cultu,
3566 2295 3733 2350 quam
3765 2282 3824 2335 is

2245 2381 2338 2451 qui
2371 2379 2523 2440 dixit,
2554 2374 2832 2430 Dominum
2872 2372 3039 2427 Deum
3072 2380 3219 2426 tuum
3247 2371 3492 2426 adorabis
3529 2371 3684 2427 etilli
3709 2373 3825 2428 soli

2242 2471 2425 2527 servies
2452 2468 2683 2539 (Denter.
2732 2465 2830 2536 v1).
2875 2464 3090 2520 Veritas
3131 2477 3346 2531 semper
3390 2462 3713 2518 intemerata
3758 2472 3824 2519 et

2242 2561 2496 2618 inviolata
2525 2572 2880 2629 perseverans
2916 2556 3079 2610 unius
3107 2555 3250 2611 modi
3279 2562 3382 2610 est.
3412 2554 3535 2609 istae
3564 2568 3697 2611 vero
3714 2570 3822 2626 pro

2240 2654 2515 2709 voluntate
2549 2648 2775 2718 artiﬁcis
2808 2648 2963 2717 plura
3004 2660 3064 2703 se
3093 2647 3459 2702 demonstrant
3495 2660 3655 2716 agere
3689 2661 3819 2701 cum
3910 2666 3925 2675 ι

2243 2741 2374 2800 nihil
2411 2748 2590 2814 agant.
2631 2738 2769 2797 Nam
2813 2754 2937 2795 cum
2965 2738 3218 2793 videntur
3256 2738 3500 2792 homines
3533 2751 3653 2795 esse
3691 2751 3820 2791 cum

2241 2850 2355 2893 non
2382 2835 2510 2900 sint,
2540 2847 2782 2903 pugnare
2809 2845 2935 2886 cum
2961 2844 3070 2885 non
3093 2836 3350 2899 pugnent,
3380 2828 3524 2897 loqui
3552 2841 3677 2882 cum
3708 2843 3822 2883 non

2244 2926 2552 2996 loquantur,
2594 2923 2782 2981 audire
2820 2937 2944 2979 cum
2984 2937 3094 2978 non
3134 2920 3374 2986 audiant,
3422 2934 3643 2975 cernere
3694 2932 3819 2974 cum

2245 3032 2352 3073 non
2377 3021 2619 3079 cernant,
2648 3014 2869 3069 innuere
2904 3026 3027 3067 cum
3052 3026 3158 3067 non
3184 3011 3425 3075 innuant,
3452 3010 3670 3081 palpare
3694 3024 3822 3064 cum

2244 3125 2353 3166 non
2400 3107 2652 3178 palpent,
2698 3113 2828 3170 ete.,
2888 3102 3257 3173 hujuscemodi
3310 3110 3521 3158 constat
3563 3101 3821 3170 ﬁgmenta

2172 3178 2225 3243 εἴ
2250 3195 2519 3253 artiﬁcum
2558 3208 2696 3259 esse,
2739 3206 2846 3249 non
2892 3205 3011 3247 eam
3059 3191 3344 3246 veritatem
3386 3190 3455 3246 de
3481 3205 3587 3260 qua
3617 3190 3822 3247 dictum

2249 3294 2363 3349 est,
2404 3283 2474 3337 Et
2508 3282 2692 3336 veritas
2737 3279 2973 3334 liberabit
3013 3295 3100 3335 vos
3139 3276 3321 3350 (Joan.
3362 3280 3505 3350 vui).
3554 3278 3826 3348 imagines

2248 3387 2482 3442 namque
2508 3385 2602 3426 eas
2626 3370 2742 3425 sine
2779 3384 2940 3425 sensu
2976 3377 3032 3424 et
3068 3370 3276 3425 ratione
3323 3385 3445 3426 esse
3486 3383 3676 3426 verum
3718 3376 3823 3435 est,

2248 3462 2494 3525 homines
2537 3467 2717 3515 autem
2753 3473 2848 3515 eas
2875 3473 2995 3522 esse
3016 3457 3213 3517 falsum
3236 3468 3349 3525 est;
3380 3475 3517 3530 quas
3543 3467 3602 3516 et
3630 3460 3677 3515 si
3701 3461 3823 3529 quis

2249 3555 2545 3613 secundum
2563 3553 2961 3623 tequivocorum
2980 3552 3242 3609 rationem
3262 3552 3508 3608 homines
3534 3552 3641 3609 dici
3664 3568 3824 3623 posse

2250 3646 2500 3707 afﬁrmet,
2536 3651 2618 3709 ut,
2649 3642 2981 3712 Augustinus
3022 3640 3123 3696 fuit
3168 3657 3410 3699 summus
3451 3643 3820 3714 philosophus,

2250 3745 2324 3802 et,
2372 3734 2702 3805 Augustinus
2744 3730 2999 3803 legendus
3042 3740 3147 3798 est,
3177 3740 3249 3795 et,
3282 3731 3617 3802 Augustinus
3649 3734 3823 3802 pictus

2252 3827 2306 3881 in
2335 3825 2563 3883 ecclesia
2590 3830 2716 3892 stat,
2743 3830 2816 3889 et,
2848 3821 3178 3892 Augustinus
3197 3821 3289 3878 illo
3313 3821 3432 3879 loco
3453 3822 3693 3892 sepultus
3717 3832 3821 3889 est,

2252 3916 2643 3975 animadvertat
2684 3916 2801 3971 haec
2844 3914 3023 3969 omnia
3069 3928 3380 3984 quanquam
3411 3915 3482 3970 ab
3510 3930 3619 3970 uno
3652 3913 3818 3976 fonte,

2252 4007 2308 4065 id
2349 4015 2433 4062 est
2459 4004 2776 4075 Augustino,
2811 4003 3192 4074 processerint,
3239 4003 3384 4059 hunc
3437 4004 3604 4061 solum
3648 4001 3817 4058 fuisse

2254 4114 2442 4155 verum
2484 4096 2861 4167 Augustinum,
2892 4094 2959 4151 de
2979 4110 3084 4165 quo
3112 4094 3315 4151 dictum
3342 4102 3430 4151 est
3456 4108 3679 4149 summus
3703 4093 3819 4163 phi-

2248 4188 2517 4260 losophus,
2546 4196 2743 4243 caetera
2766 4199 2894 4242 vero
2915 4183 3059 4240 aliud
3086 4198 3207 4240 esse
3237 4182 3496 4249 codicem,
3524 4182 3669 4239 aliud
3690 4180 3824 4236 ima-

2256 4278 2455 4350 ginem,
2492 4278 2637 4339 aliud
2661 4292 2855 4347 corpus
2879 4275 3163 4347 sepultum.
3186 4274 3331 4330 Inter
3348 4274 3621 4331 hominem
3647 4281 3824 4330 autem

2254 4373 2461 4442 pictum
2495 4378 2551 4425 et
2590 4384 2803 4433 verum,
2851 4369 2955 4425 hoc
2995 4366 3362 4439 principaliter
3410 4365 3637 4423 interest
3684 4364 3824 4435 quod

587 4480 705 4519 sum
746 4466 862 4530 via,
931 4467 1141 4531 veritas,
1186 4473 1234 4518 et
1297 4465 1402 4518 vita
1469 4463 1649 4535 (Joan.
1704 4468 1839 4538 xiv),
1890 4467 2232 4538 ullatenus“
2258 4479 2397 4527 unus
2444 4461 2657 4517 illorum
2701 4469 2787 4515 est
2830 4473 3011 4525 verus,
3049 4458 3184 4514 alter
3229 4454 3415 4522 falsus,
3466 4468 3569 4515 nec
3616 4468 3826 4523 uspiam

589 4552 934 4607 deviaverunt
961 4567 976 4605 :
1006 4553 1096 4621 qui
1132 4552 1252 4607 ideo
1284 4554 1366 4606 via
1392 4515 1587 4608 dicitur
1626 4555 1751 4625 quia
1780 4515 1877 4627 per
1907 4557 2153 4610 incarna-
2177 4515 2239 4576 Β
2258 4553 2365 4609 nisi
2406 4551 2462 4613 iu
2508 4548 2741 4605 nominis
2787 4548 3042 4605 societate
3076 4545 3388 4617 junguntur.
3418 4542 3554 4600 Nam
3580 4557 3706 4598 cum
3737 4541 3821 4595 hic

589 4641 790 4696 tionem
826 4640 982 4696 bonis
1015 4643 1219 4713 praebet
1249 4644 1456 4700 vivendi
1483 4646 1803 4717 exemplum.
1831 4647 2038 4701 Dicitur
2070 4654 2155 4701 et—

589 4730 735 4787 enim
760 4731 947 4785 oeritas
986 4730 1234 4789 Christus
1276 4743 1496 4808 propter
1513 4736 1772 4806 judicium
1804 4737 1946 4808 quod
1972 4739 2029 4792 in
2063 4753 2156 4793 ve-

589 4823 750 4880 ritate
779 4832 1014 4892 exercet,
1054 4827 1166 4882 sive
1198 4827 1345 4898 quod
1376 4830 1432 4883 in
1456 4844 1522 4884 eo
1548 4829 1756 4885 falsitas
1796 4829 1904 4882 ulla
1946 4831 2161 4898 penitus

588 4915 822 4972 inveniri
874 4932 982 4972 non
1029 4919 1221 4990 possit.
1289 4919 1407 4974 Vita
1456 4927 1675 4988 prepter
1721 4917 1970 4970 deitatem
1997 4957 2011 4982 ,
2064 4932 2162 4986 per

591 5018 753 5074 quam
777 5013 860 5061 est
877 5006 1002 5061 vitae
1027 5008 1179 5079 origo
1201 5016 1363 5077 atque
1389 5007 1440 5061 ei
1465 5008 1645 5060 omnia
1665 5005 1851 5058 vivunt
1877 5018 1891 5055 :
1914 5010 1995 5058 est
2016 5005 2158 5060 enim

591 5103 741 5150 recte
768 5096 1153 5153 ambulantium
1189 5099 1277 5155 via
1303 5100 1371 5152 ad
1394 5096 1560 5149 vitam
1587 5095 1787 5149 ducens
1807 5103 2097 5161 mtcrnam;
2129 5113 2161 5151 a

591 5201 699 5256 qua
738 5186 826 5240 via
853 5198 951 5242 nos
990 5188 1205 5245 deviare
1234 5187 1493 5259 prepheta
1528 5186 1802 5241 dissuadet
1841 5202 1963 5241 cum
1990 5187 2158 5243 dicit:

591 5277 967 5349 Apprebendite
1006 5279 1337 5349 disciplinam
1373 5294 1436 5333 ne
1467 5277 1674 5348 quando
1703 5278 1962 5333 irascatur
1984 5278 2165 5334 Denti-

593 5383 691 5422 ηαδ
734 5376 782 5421 et
825 5369 1047 5437 pereatis
1091 5386 1124 5421 a
1162 5369 1244 5422 via
1281 5368 1431 5438 justo
1467 5366 1638 5440 (Psal.
1687 5367 1770 5440 ιι).
1818 5369 1916 5424 Cui
1948 5370 2064 5433 viae,
2098 5370 2165 5426 de

594 5475 701 5529 qua
747 5462 888 5517 idem
935 5472 1153 5520 sanctus
1206 5466 1354 5534 dicit,
1413 5465 1671 5532 Quoniam
1726 5468 1862 5521 novit
1910 5466 2163 5520 Dominus

668 5622 693 5687 ’ξ
719 5609 1202 5687 ξ-Ρνράεοεερονξο
1234 5632 1357 5671 suos
1383 5618 1458 5671 vel
1482 5627 1757 5687 parentes.
1789 5617 1883 5687 Ita
1901 5616 2164 5687 perpetim

599 5675 657 5753 in
681 5674 952 5753 lii‘siibris,
981 5685 1069 5753 qui
1095 5685 1251 5753 vulgo
1272 5674 1689 5753 prwdeccssores.
1739 5674 2167 5752 Similiter-leges

602 5740 705 5793 hoc
732 5740 847 5803 un,
868 5740 1061 5810 capre,
1084 5740 1288 5815 2033';
1321 5753 1415 5806 lib.
1450 5740 1509 5817 η’,
1538 5769 1654 5823 cap.
1679 5755 1748 5809 ea
1763 5765 1817 5811 et
1837 5756 1897 5810 δι
1922 5773 1936 5822 ,
1964 5740 2162 5825 tibi»,

2259 4661 2420 4702 verus
2446 4644 2535 4713 sit,
2565 4643 2658 4715 qui
2682 4642 2785 4699 hac
2819 4640 3130 4697 deﬁnitione
3162 4637 3369 4695 deﬁniri
3386 4642 3560 4704 potat
3582 4639 3640 4687 ut
3662 4629 3811 4684 dica-

2261 4747 2369 4805 tur,
2399 4733 2663 4811 animalis,
2698 4732 2991 4797 rationalis,
3034 4731 3298 4795 mortalis,
3340 4727 3479 4782 risus
3520 4734 3819 4790 sensusque

2260 4841 2448 4896 capax,
2489 4821 2795 4885 necessario
2840 4819 2931 4876 ille
2972 4820 3142 4877 falsus
3182 4819 3463 4881 habendus
3494 4823 3578 4872 est
3604 4814 3694 4884 qui
3726 4813 3822 4869 bo-

2259 4933 2381 4979 rum
2414 4914 2547 4973 nihil
2596 4914 2879 4980 babetzet,
2909 4913 2955 4969 si
2999 4913 3089 4969 ille
3129 4914 3220 4983 qui
3271 4913 3339 4969 iis
3382 4910 3633 4967 omnibus
3681 4915 3826 4964 caret

2260 5010 2427 5067 falsus
2463 5022 2570 5069 non
2613 5014 2715 5072 est,
2756 5020 2858 5062 nec
2902 5004 2990 5062 ille
3035 5021 3199 5062 verus
3230 5006 3437 5075 estqui
3470 5004 3539 5058 iis
3580 5001 3828 5059 omnibus

2260 5086 2460 5174 regulis
2496 5100 2752 5171 subiacet.
2799 5099 2940 5157 Ecce
2974 5106 3269 5159 cernuntur
3294 5098 3480 5168 plures
3513 5104 3662 5152 stare
3702 5095 3828 5149 ima-

2262 5194 2433 5265 gines,
2467 5206 2696 5262 quarum
2730 5191 2975 5261 quedam
3011 5196 3137 5245 sunt
3172 5188 3412 5247 colorum
3449 5187 3592 5244 fucis
3620 5200 3824 5256 compa-

2265 5285 2458 5356 ginatae
2479 5321 2494 5348 ,
2539 5282 2785 5352 quaedam
2836 5295 2969 5335 auro
3014 5288 3305 5351 argentove
3356 5277 3635 5343 conﬂatm,
3686 5291 3822 5346 quae-

2263 5375 2386 5430 dam
2430 5373 2484 5427 in
2524 5372 2666 5442 ligno
2698 5370 2962 5427 caelatoris
2997 5368 3249 5439 scalper
3278 5368 3541 5440 ﬁgtn'atte,
3583 5367 3822 5437 quaedam

2262 5466 2319 5521 in
2345 5477 2612 5521 marmore
2641 5462 2840 5525 incisas,
2873 5459 3115 5529 quadam
3144 5460 3200 5516 in
3228 5475 3395 5533 gypso
3431 5459 3516 5514 vel
3549 5468 3690 5516 testa
3716 5457 3823 5513 for-

2264 5632 2383 5696 cap.
2419 5617 2470 5679 6,
2507 5614 2697 5696 ίῳ,ιὸ
2721 5622 2791 5696 ει
2939 5612 3141 5684 Opinor
3175 5616 3244 5673 ad
3282 5632 3401 5671 eam
3444 5615 3676 5673 formam
3727 5628 3827 5684 qua

2257 5682 2656 5756 juriscensultis
2706 5682 2957 5738 dicuntur
2978 5682 2999 5750 ,⁷
3030 5701 3283 5755 proavus,
3316 5697 3665 5761 prepatruus,
3706 5682 3828 5758 pro-

2264 5753 2569 5819 auunculus,
2595 5760 2698 5807 etc.
2732 5818 2735 5819 ν
