4026 6156
145 323 335 384 1013

1017 325 1194 384 LIBRI
1229 325 1570 384 amoma.
1594 355 1678 378 .-
1715 321 1935 386 CAPIT.
1979 327 2067 392 nn
2101 329 2290 386 nnc.
2322 357 2394 369 -
2417 325 2550 382 LIB.
2590 326 2632 398 ι.

141 448 387 508 matre,
415 440 468 496 in
490 428 682 510 quibus
701 441 916 510 quidem
939 449 1202 510 quantum
1227 441 1284 494 in
1305 439 1411 494 illis
1437 447 1542 503 est,
1557 446 1611 495 et
1634 440 1769 494 ima-
1792 441 1851 501 Δ
1873 445 2113 509 tempore
2139 443 2283 498 dicta
2311 438 2598 511 sufﬁciant,
2648 453 2750 496 nec
2787 441 2856 496 ad
2899 441 3002 500 alia
3045 445 3461 516 properantibus

143 529 332 600 ginis
393 531 702 598 similitudo,
739 539 795 586 et
831 530 1216 601 superscriptio
1257 528 1490 584 nominis
1520 543 1629 582 una
1653 535 1770 583 est:

144 622 343 675 vorbi
397 624 569 692 gratia
613 629 668 677 et
713 623 892 690 imago
940 620 1088 675 Pauli
1137 627 1238 683 est,
1285 625 1340 674 et
1373 618 1774 688 superscriptio,

142 722 412 768 sanctus
455 714 679 770 Paulus.
727 713 1117 770 Sciscitandum
1160 711 1228 766 ab
1275 712 1353 766 eis
1390 719 1474 766 est
1510 711 1600 780 qui
1626 719 1778 768 tanto

143 815 389 858 errore
412 804 684 868 laborant,
710 811 771 857 ut
801 817 893 857 eas
919 815 1016 872 pro
1047 799 1274 854 arbitrio
1295 815 1394 856 suo
1418 809 1474 856 et
1494 798 1776 854 veritatem

140 897 216 944 et
266 901 516 948 sanctas
559 900 616 948 et
648 907 823 956 veras,
862 898 916 946 et
946 904 1054 945 non
1077 889 1256 959 potius
1290 889 1582 946 secundum
1607 886 1772 958 Iveue-

142 983 461 1040 rabilium
507 985 726 1038 Patrum
777 982 1116 1038 traditionem
1163 989 1472 1040 sanctorum
1518 980 1780 1051 imagines

141 1075 412 1143 dicunt,
446 1092 565 1146 quae
593 1077 797 1132 cunctis
833 1084 1147 1145 comparata
1190 1076 1426 1130 sanctior
1457 1075 1544 1130 vel
1575 1076 1776 1142 verior,

142 1181 306 1235 quae
369 1169 609 1222 omnium
658 1167 1000 1222 sanctissima
1047 1175 1142 1224 aut
1188 1168 1470 1222 verissima
1509 1181 1626 1222 esse
1662 1180 1782 1222 cre-

145 1255 372 1310 denda
416 1266 520 1322 est,
565 1271 698 1325 quas
743 1257 872 1311 dum
899 1270 994 1312 eos
1019 1256 1253 1326 aequales
1279 1257 1458 1314 dicere
1479 1272 1578 1327 pro
1602 1265 1778 1312 mate-

151 1347 403 1402 riarum
452 1356 505 1402 et
551 1348 979 1419 magnitudinum
1036 1348 1122 1402 vel
1177 1362 1400 1417 operum
1456 1349 1782 1405 discretione

151 1439 328 1494 ratio
355 1453 468 1514 non
486 1439 812 1508 permiserit,
837 1447 892 1495 et
919 1439 1175 1508 quasdam
1205 1440 1527 1508 quibusdam
1547 1440 1783 1495 sanctio—

153 1546 290 1596 res,
346 1538 409 1585 et
447 1531 804 1601 quarumdam
832 1533 1204 1588 sanctissimas
1245 1533 1405 1588 fateri
1439 1546 1785 1603 compescue—

155 1620 265 1685 rit,
319 1620 576 1690 profiteri
615 1620 1009 1690 compelluntur
1033 1624 1328 1680 secundum
1359 1622 1606 1676 veritatis
1635 1621 1784 1676 inda-

153 1712 461 1782 gatricem
487 1709 772 1775 rationem,
801 1725 902 1764 nec
928 1711 1172 1765 veritatis
1199 1724 1423 1780 capaces
1448 1726 1545 1765 nec
1568 1717 1782 1764 sanctas

1879 530 1994 585 haec
2014 533 2294 590 obstaculo
2318 533 2446 594 sint.

2494 641 2721 699 CAPUT
2758 644 2843 699 Ill.

1875 732 1955 788 De
1979 749 2040 788 eo
2061 735 2200 803 quod
2226 734 2605 806 Constantinus
2629 743 2677 788 et
2703 734 2938 790 erena
2973 744 3118 806 gesta
3151 735 3228 796 uel
3268 736 3462 805 scripta

2320 821 2420 858 sua
2448 803 2647 860 divalia
2690 803 3011 875 nuncupant.

1943 893 2145 950 Priscae
2177 895 2494 965 gentilitatis
2517 895 2792 950 obsoletus
2819 911 2974 952 error
2999 895 3202 953 Christi
3226 897 3458 954 adventu

1876 983 2122 1057 repulsus
2169 983 2436 1053 quoddam
2475 984 2716 1039 cernitur
2759 985 2816 1038 in
2861 985 2947 1039 his
2986 983 3265 1054 reliquisse
3300 984 3463 1040 vesti-

1879 1072 2046 1143 gium,
2100 1071 2192 1141 qui
2241 1085 2300 1126 se
2345 1071 2470 1127 fidei
2504 1079 2558 1130 et
2587 1072 2865 1142 religionis
2899 1071 3221 1128 Christiana:
3251 1073 3460 1141 iactant

1878 1166 2116 1220 retinere
2160 1162 2455 1234 fastigium,
2493 1165 2585 1233 qui
2616 1172 2670 1218 et
2705 1163 2848 1218 intra
2877 1163 3175 1220 Ecclesiam
3209 1179 3374 1219 novas
3410 1173 3463 1219 ct

1879 1255 2090 1326 ineptas
2117 1253 2532 1310 constitutiones
2559 1253 2817 1315 audacter
2848 1260 3084 1307 statuere
3108 1251 3381 1319 affectant,
3409 1261 3462 1307 et

1880 1360 1940 1402 se
1970 1346 2113 1401 divos
2147 1360 2355 1416 suaque
2400 1352 2552 1417 gesta
2594 1343 2790 1399 divalia
2834 1343 3109 1416 gentiliter
3152 1358 3464 1413 nuncupare

1880 1451 1989 1494 non
2034 1436 2346 1493 formidant.
2385 1435 2534 1492 Unde
2573 1434 2635 1490 fit
2668 1442 2727 1490 ut
2761 1435 2902 1506 quod
2933 1433 3249 1507 protoplasti
3271 1450 3464 1506 perpe-

1881 1533 2094 1582 travere
2132 1525 2380 1598 ﬂorigera
2419 1527 2472 1580 in
2517 1524 2643 1580 sede
2689 1525 2867 1580 virosa
2918 1525 3186 1596 serpentis
3232 1525 3464 1597 promis-

1880 1618 2032 1674 sione
2058 1618 2239 1683 illecti,
2274 1619 2376 1674 hoc
2413 1617 2502 1672 isti
2536 1624 2847 1687 perpetrent
2875 1615 2931 1669 in
2969 1616 3211 1671 Ecclesia
3255 1616 3461 1686 antiqui

1883 1710 2056 1765 hostis
2078 1707 2263 1764 fraude
2291 1707 2501 1778 decepti
2528 1724 2540 1759 :
2571 1721 2693 1760 cum
2716 1706 2964 1761 videlicet
2980 1714 3036 1761 et
3060 1707 3150 1761 isti
3168 1722 3266 1776 per
3284 1707 3463 1762 inanis

151 1801 291 1866 dici
315 1801 558 1857 debere:
584 1799 839 1868 quoniam
865 1798 1084 1869 quidem
1116 1809 1170 1854 et
1198 1801 1370 1870 pretio
1394 1807 1518 1854 sunt
1542 1799 1780 1870 inaequa-
1811 1791 1860 1854 B
1885 1787 2071 1869 gloria:
2111 1797 2485 1854 celsitudinem
2513 1811 2572 1851 se
2597 1796 2742 1850 divos
2770 1797 3049 1852 nominare
3074 1812 3181 1853 non
3212 1806 3459 1862 renuant,

153 1892 281 1957 les,
341 1907 455 1960 quo
505 1890 719 1946 sibimet
758 1905 857 1960 per
891 1891 1308 1960 comparationis
1351 1891 1550 1960 gradus
1595 1889 1785 1959 prmfe-

158 1989 419 2046 runtur,
464 1987 519 2038 et
559 1981 860 2037 sanctitatis
903 1989 959 2036 et
1002 1981 1248 2036 veritatis
1291 1982 1489 2036 merito
1530 1982 1779 2051 aequales,

159 2086 295 2141 qua
367 2086 556 2127 omnes
611 2071 832 2127 omnino
886 2078 1092 2126 carent.
1155 2070 1306 2126 Sicut
1363 2073 1505 2127 enim
1549 2073 1785 2142 pretiosa

164 2165 380 2234 imago
423 2162 796 2232 pretiosiorem
827 2171 883 2218 et
911 2163 1359 2233 pretiosissimam
1409 2165 1666 2230 admittit,
1712 2165 1785 2220 ita

163 2263 389 2312 sancta
421 2263 477 2310 et
499 2269 627 2308 vera
653 2255 978 2310 sanctiorem
1013 2263 1067 2309 et
1105 2254 1454 2318 veraciorem,
1507 2257 1786 2310 sanctissi-

163 2360 346 2400 mam
391 2355 448 2401 et
480 2345 884 2400 veracissimam
927 2354 1108 2415 posset
1153 2345 1457 2410 admittere,
1504 2345 1550 2400 si
1599 2355 1781 2401 tamen

164 2443 347 2493 esset
375 2434 637 2505 positivus
667 2434 865 2506 gradus
893 2450 924 2487 a
950 2451 1057 2504 quo
1084 2435 1480 2504 comparativus
1508 2443 1562 2490 et
1592 2450 1782 2504 super-

168 2527 398 2581 lativus
423 2525 663 2580 valerent
700 2538 995 2594 emergere.
1041 2523 1190 2589 Esto,
1227 2525 1366 2578 inest
1393 2525 1616 2594 depicta:
1645 2526 1782 2580 ima-

168 2617 304 2688 gini
334 2615 600 2672 sanctitas
625 2632 638 2667 :
667 2614 761 2670 ubi
801 2621 1089 2682 antequam
1115 2612 1266 2668 fieret
1295 2612 1427 2667 fuit?
1457 2629 1525 2667 an
1556 2615 1609 2668 in
1633 2614 1780 2684 ligno

172 2707 345 2778 quod
369 2721 438 2762 ex
463 2706 598 2761 silva
630 2707 697 2760 ad
729 2719 863 2760 usus
889 2704 1135 2767 sumitur,
1162 2703 1314 2772 cujus
1344 2705 1618 2759 residuum
1647 2705 1783 2775 igni-

171 2800 295 2854 bus
330 2796 708 2867 mancipatur?
737 2809 806 2848 an
836 2794 892 2848 in
921 2794 1188 2849 coloribus
1223 2794 1314 2863 qui
1342 2795 1662 2863 plerumque
1696 2809 1782 2850 re-

173 2888 296 2943 bus
351 2885 581 2956 impuris
626 2885 1018 2940 conﬁciuntur?
1067 2900 1135 2938 an
1163 2885 1217 2938 in
1247 2899 1372 2938 cera
1405 2899 1525 2953 qua:
1554 2893 1608 2938 et
1637 2883 1782 2939 colo-

173 2992 314 3032 rum
342 2984 399 3032 et
435 2975 672 3031 sordium
713 2989 883 3045 capax
907 2974 1024 3029 est?
1051 2973 1106 3028 Si
1139 2975 1193 3028 in
1227 2974 1395 3045 ligno,
1421 2990 1518 3029 cur
1550 2974 1605 3028 id
1638 2973 1782 3044 quod

173 3080 386 3124 secure
429 3063 768 3130 retundente,
821 3064 966 3118 ascia
1012 3064 1369 3129 remordente,
1418 3065 1641 3118 runcina
1692 3078 1778 3118 ra-

176 3158 352 3216 dente
404 3156 768 3219 abstrahitur,
820 3169 950 3224 rogo
1011 3163 1404 3225 consumptum,
1461 3156 1517 3210 in
1566 3155 1778 3212 favillas

178 3247 494 3312 redactum,
536 3253 629 3299 aut
653 3244 720 3299 de
747 3244 1016 3299 coloribus
1040 3260 1204 3301 manu
1234 3245 1457 3300 artificis
1481 3247 1537 3299 in
1565 3247 1778 3302 diversa

181 3338 483 3408 dilapsum,
513 3344 607 3390 aut
629 3337 695 3392 de
720 3349 846 3390 cera
872 3335 1038 3396 nimio
1059 3335 1236 3390 calore
1261 3336 1402 3406 ignis
1428 3337 1778 3406 liquefactum

179 3428 450 3498 guttatim
490 3425 809 3480 destitutum
839 3425 997 3494 perit,
1037 3439 1160 3481 cum
1195 3426 1454 3480 sanctitas
1477 3427 1654 3494 perire
1683 3442 1779 3482 ne-

184 3517 365 3570 sciat?
406 3515 515 3567 Aut
544 3515 591 3567 si
630 3515 684 3568 in
715 3515 802 3568 his
838 3528 957 3582 quae
1001 3515 1243 3568 exsecuti
1287 3530 1472 3570 sumus
1518 3518 1778 3571 sanctitas

186 3616 306 3656 non
335 3610 447 3664 est,
471 3610 525 3655 et
551 3615 734 3654 revera
767 3617 870 3656 non
893 3610 997 3668 est,
1025 3604 1370 3671 qumrendum
1394 3606 1534 3659 unde
1561 3607 1612 3660 ei
1635 3615 1776 3676 post-

187 3707 362 3761 quam
393 3706 463 3745 ex
485 3690 724 3759 pluribus
745 3693 983 3746 materiis
1003 3694 1375 3762 compaginata
1395 3705 1494 3760 est,
1517 3699 1770 3762 accedat;

187 3798 314 3853 quae
339 3783 474 3838 dum
499 3795 671 3850 neque
690 3796 784 3851 per
805 3798 995 3837 manus
1023 3783 1437 3853 impositionem,
1471 3801 1646 3856 neque
1674 3803 1775 3858 per

187 3873 442 3944 aliquam
469 3872 776 3927 canonicam
804 3874 1264 3930 consecrationem
1286 3876 1336 3930 ei
1363 3878 1618 3931 accedere
1633 3878 1777 3952 inv;-

183 3963 402 4029 niatur,
427 3977 530 4017 nec
550 3963 723 4018 inesse
742 3964 1002 4018 credenda
1015 3972 1117 4019 est.
1142 3964 1272 4031 Quae
1297 3965 1343 4018 si
1363 3966 1582 4029 inesset,
1600 3966 1774 4034 quaeri

182 4062 404 4125 poterat
439 4061 624 4108 utrum
653 4068 714 4108 ea
745 4061 1009 4108 vetustate
1037 4055 1316 4109 fatiscente
1340 4068 1538 4108 cumea
1556 4053 1773 4109 fatisce-

184 4152 287 4208 ret,
306 4159 383 4198 an
408 4143 476 4197 ad
498 4141 658 4197 aliam
675 4158 796 4212 quae
813 4156 882 4197 ex
913 4142 1232 4198 rudimentis
1244 4141 1602 4196 conﬁceretur
1624 4150 1771 4197 tran-

184 4233 352 4288 siret?
401 4231 538 4288 Nam
575 4233 621 4288 si
659 4233 709 4288 ei
738 4233 960 4300 inesset,
986 4233 1200 4288 aliunde
1221 4232 1465 4298 veniret;
1486 4233 1535 4288 si
1561 4232 1773 4290 aliunde

185 4326 425 4389 veniret,
481 4324 554 4377 ad
602 4325 762 4378 aliam
797 4325 1074 4379 transiret.
1129 4323 1246 4379 Non
1282 4331 1462 4378 autem
1505 4325 1573 4379 ad
1611 4323 1772 4379 aliam

190 4416 416 4478 transit,
442 4430 546 4468 non
576 4416 736 4484 igitur
762 4417 811 4472 ei
841 4415 1018 4471 inesse
1057 4416 1322 4470 credenda
1359 4422 1461 4470 est.
1491 4414 1622 4482 Quae
1647 4416 1773 4471 dum

1886 1900 1942 1947 et
1967 1905 2064 1962 per
2095 1889 2335 1945 avaritia:
2363 1889 2733 1959 rapacitatem,
2781 1904 2880 1960 per
2904 1904 3065 1959 quam
3108 1904 3259 1945 vana:
3289 1890 3464 1946 laudis

1886 1981 2101 2037 culmen
2129 1981 2280 2035 adire
2314 1987 2542 2044 tentant,
2582 1979 2836 2035 Ecclesiae
2881 1996 3080 2035 novum
3128 1981 3343 2051 aliquod
3381 1982 3464 2037 in-

1884 2071 2028 2136 ferre
2071 2072 2417 2128 contendant.
2467 2069 2784 2141 Quicunque
2833 2085 2964 2142 ergo
3016 2071 3124 2126 alta
3174 2074 3459 2143 plusquam

1883 2162 2017 2219 ordo
2051 2161 2294 2232 exposcit
2328 2163 2560 2232 appetit,
2607 2171 2662 2216 et
2705 2161 3130 2218 extraordinarie
3173 2163 3295 2235 plus
3345 2178 3465 2220 esse

1884 2250 2027 2320 cupit
2059 2266 2219 2320 quam
2251 2257 2350 2315 est,
2384 2252 2452 2305 ab
2486 2266 2552 2305 eo
2591 2251 2683 2320 qui
2726 2251 2950 2306 humilia
2994 2252 3214 2323 respicit
3257 2260 3312 2309 et
3355 2254 3464 2310 alta

1882 2353 1916 2392 a
1943 2338 2098 2412 longe
2123 2339 2403 2412 cognoscit
2436 2337 2693 2406 dejectus,
2722 2341 2900 2395 minus
2932 2341 3122 2411 incipit
3151 2357 3271 2398 esse
3299 2357 3464 2413 quam

1882 2435 1986 2482 est.
2011 2426 2165 2494 Quod
2189 2428 2404 2483 illorum
2427 2429 2671 2498 exemplo
2695 2431 2982 2502 approbari
3008 2441 3206 2503 potest,
3237 2448 3464 2504 quorum

1885 2516 2014 2571 dum
2044 2517 2180 2571 alter
2209 2518 2391 2572 sedem
2439 2533 2594 2572 suam
2633 2519 2700 2574 ab
2737 2520 2988 2588 aquilone
3032 2537 3233 2592 ponere
3291 2525 3464 2594 dispo-

1883 2623 2040 2674 nens,
2072 2608 2312 2677 angelico
2343 2609 2547 2664 honore
2571 2618 2625 2664 et
2659 2613 2932 2669 consortio
2959 2614 3203 2684 privatus
3227 2618 3466 2675 tenebris

1883 2698 2129 2768 caliginis
2147 2697 2306 2767 hujus
2327 2707 2411 2754 est
2439 2701 2752 2771 deputatus;
2779 2703 2916 2760 alter
2937 2705 3250 2764 inobediens
3272 2708 3466 2767 divinis

1880 2791 2168 2861 praeceptis
2205 2799 2259 2846 et
2287 2807 2407 2847 esse
2445 2794 2666 2864 cupiens
2700 2796 2840 2850 sicut
2865 2797 3026 2862 Deus,
3056 2800 3465 2858 deliciosissima

1880 2881 2010 2938 sede
2044 2881 2248 2951 eiectus
2271 2883 2677 2946 immortalitate
2708 2888 2904 2950 amissa
2930 2887 2996 2943 ad
3024 2888 3182 2958 hujus
3226 2893 3465 2946 mortali-

1881 2973 2012 3028 tatis
2041 2973 2256 3032 labores
2278 2982 2332 3030 et
2359 2991 2628 3033 aerumnas
2663 2985 2748 3038 est
2784 2977 3102 3034 destinatus.
3151 2979 3389 3048 Quorum
3418 2983 3464 3042 si

1880 3064 2087 3121 vitandi
2122 3074 2248 3121 sunt
2277 3081 2455 3134 casus,
2480 3067 2717 3140 fugiendi
2753 3077 2878 3126 sunt
2915 3078 3106 3138 actus;
3138 3071 3186 3128 si
3225 3071 3463 3144 fugiendi

1803 3139 1851 3200 C
1884 3164 2012 3210 sunt
2062 3163 2235 3222 actus,
2289 3139 2612 3213 humilitatis
2654 3152 3058 3230 amplectendus
3102 3170 3186 3218 est
3220 3139 3372 3220 usus.
3405 3163 3464 3220 Si

1880 3243 2045 3314 igitur
2089 3247 2298 3302 vitandi
2345 3256 2472 3303 sunt
2501 3264 2679 3317 casus,
2710 3251 3031 3309 humilitatis
3061 3255 3464 3326 amplectendus
3491 3297 3494 3300 .

1879 3343 1964 3391 est
1997 3352 2146 3404 usus,
2193 3354 2291 3410 per
2334 3356 2494 3409 quem
2535 3358 2658 3397 cum
2697 3346 2909 3401 caeteris
2942 3347 3209 3403 bonorum
3236 3363 3463 3418 operum

1879 3424 2252 3484 instrumentis
2278 3437 2334 3484 et
2355 3431 2407 3484 di
2425 3444 2713 3500 possumus
2729 3433 2866 3498 ﬁeri,
2884 3436 3023 3491 sicut
3042 3437 3130 3491 ille
3151 3437 3240 3492 cui
3259 3436 3464 3494 dictum

1876 3527 1980 3584 est,
2010 3519 2148 3574 Ecce
2171 3523 2415 3577 constitui
2438 3532 2489 3576 te
2511 3522 2670 3578 deum
2696 3524 2994 3582 Pharaonis
3021 3528 3218 3599 (Exod.
3257 3529 3382 3602 VII),
3407 3537 3464 3585 et

1875 3608 1973 3662 ﬁlii
2009 3610 2124 3674 Dei,
2159 3611 2312 3680 juxta
2335 3613 2468 3669 illud
2488 3614 2632 3685 quod
2655 3617 2917 3688 scriptum
2943 3626 3045 3685 est,
3076 3619 3340 3692 Quotquot
3365 3642 3474 3683 au»

1876 3706 1979 3752 tem
2002 3712 2300 3770 receperunt
2321 3720 2458 3768 eum,
2475 3704 2619 3762 dedit
2635 3707 2709 3762 eia
2732 3718 3039 3777 potestatem
3059 3711 3199 3780 ﬁlios
3219 3712 3319 3768 Dei
3343 3716 3464 3784 ﬁeri

1876 3785 1957 3840 his
1997 3790 2086 3857 qui
2135 3791 2350 3846 credunt
2381 3793 2437 3846 in
2464 3797 2670 3850 nomine
2694 3798 2808 3865 ejus
2847 3798 3029 3868 (Joan.
3065 3802 3128 3872 I).
3169 3804 3302 3859 Nam
3336 3821 3462 3862 cum

1875 3879 2237 3933 essentialiter
2296 3881 2438 3936 Deus
2489 3885 2699 3940 dicatur
2745 3898 2958 3943 creator
3003 3894 3264 3956 omnium,
3306 3894 3462 3960 juxta

1876 3965 2027 4030 illud,
2059 3967 2319 4030 Quoniam
2347 3972 2486 4026 Deus
2513 3989 2732 4042 magnus
2759 3976 3009 4033 Dominus
3044 3989 3091 4034 et
3115 3996 3208 4034 rea:
3233 3998 3458 4049 magnus

1873 4069 2032 4121 super
2077 4069 2280 4109 omnem
2323 4066 2519 4111 terram
2559 4059 2730 4128 (Psal.
2769 4061 2912 4131 xcv),
2957 4073 3040 4118 est
3079 4065 3217 4119 alius
3262 4070 3457 4126 modus

1874 4161 1984 4218 quo
2027 4145 2248 4201 abusive
2284 4147 2340 4202 di
2385 4157 2440 4206 et
2481 4163 2689 4220 superae
2731 4158 3024 4219 potestates
3051 4163 3105 4207 et
3131 4155 3376 4212 homines
3401 4161 3462 4216 di

1875 4245 2158 4304 vocantur,
2188 4238 2401 4296 dicente
2428 4238 2706 4310 Apostolo,
2734 4241 2871 4296 Etsi
2894 4242 2996 4296 sint
3020 4245 3110 4314 qui
3135 4244 3379 4302 dicantur
3400 4248 3466 4304 di-

1872 4332 1980 4387 σίνε
1999 4332 2058 4386 in
2080 4329 2226 4398 caelo,
2256 4332 2360 4390 sive
2385 4331 2444 4388 in
2467 4340 2625 4399 terra,
2657 4334 2802 4388 nobis
2841 4343 3013 4390 tamen
3049 4352 3183 4390 unus
3211 4346 3285 4390 est
3313 4338 3458 4396 Deus

1876 4425 2039 4481 Pater
2064 4424 2117 4497 (Ι
2141 4424 2262 4480 Cor.
2309 4425 2464 4498 Vill);
2495 4434 2550 4480 et
2594 4424 2896 4492 Psalmista,
2924 4426 3038 4497 Ego
3064 4428 3175 4483 dixi
3197 4446 3215 4482 :
3239 4429 3309 4485 Di
3334 4434 3457 4488 estis

190 4503 266 4557 ita
289 4519 350 4560 se
377 4504 630 4570 habeant,
661 4507 904 4575 quisquis
926 4521 1018 4560 eas
1047 4507 1328 4560 veritatem
1358 4506 1508 4570 dicit,
1534 4515 1587 4560 et
1611 4507 1664 4560 in
1691 4506 1771 4561 eis
1798 4479 1852 4541 D
1875 4515 2052 4586 (Ρεαι.
2068 4479 2314 4588 \LXXXII);
2335 4479 2740 4586 tertionamque
2753 4518 2912 4572 modo
2927 4479 3220 4578 secundum
3235 4522 3458 4578 sacrile.

191 4609 249 4649 se
287 4595 522 4667 gloriam
562 4596 656 4651 Dei
706 4611 952 4666 qurerere
993 4598 1206 4661 asserit,
1257 4596 1413 4666 longe
1461 4613 1493 4650 a
1543 4599 1774 4653 veritate

189 4685 460 4742 discessit.
507 4686 625 4742 Non
661 4695 843 4743 autem
866 4689 920 4742 in
946 4687 1270 4758 imaginibus
1297 4687 1621 4743 manufactis
1655 4689 1768 4758 glo-

188 4774 324 4829 riam
358 4777 456 4830 Dei
491 4777 661 4831 David
706 4786 952 4834 senserat
994 4794 1117 4832 cum
1149 4779 1382 4843 dicebat,
1415 4777 1586 4848 Super
1620 4780 1771 4835 calor

193 4865 363 4931 gloria
384 4869 498 4933 eius
525 4868 697 4937 (Psal.
727 4869 904 4940 cxm),
938 4884 1111 4938 neque
1135 4871 1371 4926 cmlestis
1390 4870 1481 4925 ille
1502 4872 1772 4927 exercitus

199 4965 321 5004 cum
350 4956 609 5020 psallebat
636 4972 650 5010 :
685 4958 868 5012 Gloria
917 4961 971 5013 in
997 4960 1207 5014 excelsis
1239 4960 1347 5014 Deo
1392 4960 1542 5029 (Luc.
1568 4963 1651 5030 II),
1679 4961 1772 5018 sed

199 5057 375 5110 neque
419 5046 474 5098 in
517 5051 822 5106 vastissima
851 5066 1034 5106 eremo
1075 5053 1269 5124 populo
1306 5054 1400 5108 Dei
1445 5055 1499 5110 iu
1541 5056 1771 5124 quadam

199 5133 438 5204 imagine
473 5139 640 5207 gloria
688 5144 901 5197 Domini
926 5147 1211 5212 apparebat
1245 5159 1366 5200 cum
1391 5146 1624 5202 dicitur:
1663 5147 1772 5215 Αρ-

199 5227 378 5291 paruit
399 5224 568 5296 gloria
587 5229 800 5285 Domini
818 5232 1013 5300 (Ezod.
1035 5249 1131 5298 xv;
1157 5234 1317 5288 Leuit.
1347 5251 1434 5302 Ix;
1470 5237 1636 5293 Num.
1660 5254 1767 5302 Iuv,

197 5326 306 5379 XVI,
351 5316 486 5386 xx);
530 5324 586 5370 et
609 5317 739 5373 illud
767 5335 781 5372 :
812 5318 1026 5388 Operuit
1056 5323 1444 5378 tabernaculum
1469 5327 1634 5396 gloria
1665 5328 1773 5382 Do-

199 5405 325 5458 mini
365 5407 565 5478 (Exod.
591 5408 704 5480 XL).
737 5409 903 5463 Multa
929 5411 1070 5463 enim
1111 5419 1299 5466 contra
1348 5413 1504 5480 hujus
1552 5418 1769 5485 capituli

202 5510 308 5549 non
359 5499 630 5556 mediocre
673 5500 1090 5563 deliramentum
1138 5502 1426 5555 secundum
1467 5515 1771 5564 sanctarum

203 5584 604 5659 Scripturarum
658 5589 1044 5646 auctoritatem
1091 5596 1144 5641 et
1192 5591 1475 5645 secundum
1530 5596 1769 5654 veritatis

193 5675 598 5750 lndagationcm
636 5686 744 5741 dici
774 5687 1069 5754 poterant:
1097 5678 1190 5734 sed
1237 5680 1350 5738 haec
1393 5684 1628 5741 breviter
1673 5705 1772 5760 pro

1875 4621 1998 4676 gam
2020 4607 2454 4675 superstitionem
2476 4606 2636 4664 aeriae
2662 4615 2953 4677 potestates
2978 4610 3030 4670 di
3055 4621 3453 4683 nuncupantur,

1869 4689 2024 4766 juxta
2074 4695 2224 4761 illud,
2278 4695 2539 4762 Quoniam
2589 4714 2764 4753 omnes
2808 4699 2863 4752 di
2909 4702 3138 4770 gentium
3191 4702 3456 4759 dazmonia

1876 4785 2050 4856 (Psal.
2089 4787 2258 4858 xch).
2289 4786 2422 4844 Nam
2449 4788 2626 4859 primo
2667 4791 2826 4846 modo
2862 4790 3044 4848 nullus
3092 4796 3455 4850 essentialiter

1873 4876 2022 4932 Deus
2046 4877 2151 4932 dici
2184 4886 2379 4947 potest,
2418 4879 2522 4935 nisi
2549 4879 2641 4935 ille
2667 4882 2759 4950 qui
2797 4889 2881 4936 est
2906 4882 3208 4947 ineﬁ'ahilis,
3244 4885 3450 4939 incom-

1871 4967 2164 5032 mutabilis,
2185 4969 2568 5038 sempiternus,
2586 4972 2942 5039 omnipotens,
2966 4971 3058 5040 qui
3073 4979 3156 5024 est
3178 4986 3460 5032 summum.

1873 5057 2094 5139 bonum,
2123 5058 2412 5126 singularis
2435 5075 2590 5130 apex,
2630 5060 2802 5114 trinus
2836 5058 2888 5111 in
2915 5059 3182 5126 personis,
3219 5076 3360 5118 unus
3393 5061 3450 5116 in

1873 5157 2086 5212 natura,
2125 5149 2215 5217 qui
2241 5157 2324 5204 est
2347 5164 2508 5218 super
2539 5149 2718 5206 omnia
2749 5148 2890 5206 Deus
2927 5147 3239 5206 benedictus
3266 5152 3321 5205 in
3348 5166 3447 5207 sa:-

1875 5239 2014 5294 cula.
2058 5237 2307 5294 Secundo
2336 5239 2494 5296 modo
2531 5247 2586 5292 et
2631 5233 2804 5306 angeli
2851 5243 2907 5290 et
2950 5236 3195 5293 homines
3242 5241 3296 5293 di
3341 5239 3447 5294 dici

1873 5339 2133 5401 possunt:
2162 5332 2230 5386 ad
2277 5332 2419 5400 quod
2466 5328 2739 5399 dignitatis
2788 5341 2982 5382 nomen
3027 5343 3134 5382 non
3182 5328 3288 5382 nisi
3336 5329 3447 5383 Deo

1873 5423 2189 5487 obediendo,
2223 5431 2280 5477 et
2302 5419 2657 5474 humilitatem
2685 5417 3074 5486 amplectendo,
3102 5425 3157 5472 et
3186 5430 3447 5486 arrogan-

1874 5514 2004 5568 tiam
2045 5511 2360 5582 spernendo,
2411 5514 2465 5562 et
2493 5507 2541 5561 ei
2565 5521 2662 5574 per
2707 5507 2905 5560 bonum
2953 5523 3086 5579 opus
3132 5507 3445 5562 illhiBl‘ClldO

1873 5605 2200 5674 pervenitur.
2251 5599 2462 5652 Tertius
2514 5597 2700 5650 modus
2747 5596 2928 5665 plures
2980 5600 3141 5655 habet
3195 5597 3402 5666 species

1873 5711 1998 5750 nam
2037 5702 2091 5747 et
2128 5688 2387 5746 daemonia
2414 5687 2466 5744 di
2498 5703 2530 5741 a
2560 5687 2826 5760 gentibus,
2860 5698 2916 5746 et
2946 5690 3124 5747 sidera
3153 5690 3268 5745 sive
3293 5687 3447 5754 plura

3321 330 3461 389 1014
3537 387 3540 392 .
