2013 3078
282 186 353 215 1015

723 185 755 214 Β,
774 186 901 217 CAROLI
920 184 1028 216 MAG-NI
1047 185 1124 217 OPP.
1144 186 1234 216 PARS
1250 186 1282 214 li.
1302 184 1424 216 SECTlO
1442 184 1475 213 li.

1851 182 1923 212 1016

283 244 319 273 de
332 242 465 272 creaturis
478 243 572 271 mundi
592 242 619 271 di
637 242 803 278 putabantur
814 248 843 273 et
855 244 1014 273 dicebantur
1025 253 1034 278 ;
1049 249 1077 273 et
1087 246 1116 278 Α
1127 245 1268 281 gentilium
1278 244 1391 272 deorum
1397 230 1577 276 mendacium,
1585 248 1714 278 spernere
1720 241 1851 270 debemus
1860 250 1925 278 gen-

281 288 483 319 mundanarum
498 289 679 324 quarumdam
693 289 793 317 artium
808 289 972 323 inventores,
991 294 1019 318 et
1032 298 1079 317 ur-

283 335 361 364 bium
385 335 547 367 conditores,
564 334 607 362 vel
624 340 730 369 sceptra
746 334 897 369 imperialia
921 335 1078 368 retinentes,

281 385 345 417 post
365 385 481 408 mortem
493 379 521 407 in
535 380 600 407 deos
613 380 794 408 credebantur
809 379 961 413 transferri,
984 384 1012 407 et
1023 380 1079 408 divi

281 428 460 460 vocabantur,
476 431 504 455 et
516 427 660 455 simulacra
680 427 787 455 illorum
803 427 831 455 di
844 427 1078 462 nuncupabantur.

282 471 348 506 Quae
368 472 478 500 nomina
502 477 647 507 aspernato
660 480 726 500 vero
741 473 805 505 Deo,
819 477 973 509 contempta
992 473 1080 500 humi-

280 517 368 551 litate,
393 518 541 545 daemonica
562 518 606 545 vel
629 519 747 546 humana
770 518 822 546 sibi
835 518 991 554 arrogantia
1001 526 1081 546 usur-

280 563 375 599 pavit:
389 571 449 598 quae
472 564 509 590 ita
531 563 703 592 Christianus
723 563 814 592 odisse
835 565 924 597 debet,
940 565 1011 593 sicut
1024 565 1082 593 odit

281 613 422 640 auctorem
436 618 442 636 :
455 609 578 644 quisquis
588 609 662 637 enim
673 614 813 638 auctorem
823 610 957 638 mendacii
967 610 1078 646 sprevit:

280 655 454 683 mendacium
468 663 597 691 spernere
607 656 702 690 debet;
719 660 747 684 et
760 657 805 692 qui
822 657 991 684 mendacium
1005 665 1080 693 sper-

280 702 332 735 nit,
349 702 464 730 mendax
478 710 586 738 quoque
601 711 701 731 nomen
716 711 846 739 spernere
859 704 947 732 debet.
964 703 1016 737 Qui
1031 704 1080 739 igi-

282 753 329 776 tur
342 752 480 776 auctorem
496 748 629 776 mendacii
649 749 760 784 sprevit,
784 749 899 777 mendax
914 757 1021 784 quoque
1032 757 1080 778 no-

280 803 345 823 men
360 802 489 831 spernere
506 795 587 823 debet
599 804 605 822 :
619 799 715 823 auctor
729 798 819 822 autem
833 795 966 823 mendacii
982 795 1026 823 ille
1039 799 1080 823 est

281 842 316 869 de
327 849 381 876 quo
394 841 497 868 dictum
508 845 559 873 est,
571 840 609 867 Ab
621 841 697 867 initio
712 841 826 867 mendas:
837 840 888 875 fuit
898 845 921 868 et
933 841 961 868 in
974 841 1079 868 veritate

279 897 335 916 non
352 888 421 915 stetit
438 887 529 923 (Joan.
554 887 627 922 vut).
653 886 766 914 Mendax
791 894 890 914 nomen
913 885 998 914 divale
1025 893 1079 913 non

280 936 420 964 immerito
432 940 483 967 est,
498 935 570 970 quod
580 938 739 970 peccatores
751 941 801 969 pro
814 933 870 961 suis
882 933 988 960 meritis
1000 937 1080 961 atter-

280 982 325 1010 nis
340 981 480 1017 suppliciis
495 980 662 1015 mancipatos
681 979 849 1007 divinitatem
872 982 995 1006 astruere
1014 978 1079 1005 uitia

280 1032 328 1056 tur
351 1035 412 1055 esse
436 1027 558 1062 adeptos.
580 1026 609 1053 Si
624 1033 689 1061 ergo
703 1024 782 1060 hujus
803 1025 920 1052 nominis
944 1028 1080 1052 amatores

280 1073 334 1101 hoc
351 1073 385 1100 ad
399 1071 566 1099 divinitatem
588 1070 699 1098 minime
717 1070 855 1105 pertinere
874 1069 1003 1101 fatentur,
1030 1077 1079 1096 au-

283 1118 361 1146 diant
385 1118 458 1153 ipsos
472 1117 584 1153 gentiles
599 1117 646 1152 qui
668 1117 721 1144 hoc
742 1116 852 1144 nomine
873 1115 1035 1143 familiarius
1052 1116 1080 1143 in

283 1165 342 1193 suis
355 1164 451 1192 litteris
462 1164 617 1196 utebantur,
632 1168 660 1191 et
673 1163 745 1190 divos
761 1170 811 1198 pro
833 1162 882 1194 dis,
907 1166 936 1189 et
950 1162 1012 1189 deos
1031 1169 1080 1197 pro

283 1209 353 1238 divis
377 1217 447 1245 pene
468 1208 656 1237 indiﬂ'erenter
674 1215 777 1243 ponere
798 1207 971 1236 consuevisse
985 1214 993 1235 :
1007 1207 1080 1237 divos

282 1261 334 1291 pro
347 1255 400 1288 dis,
417 1259 447 1283 ut
460 1259 503 1282 est
515 1254 582 1282 illud
595 1253 647 1288 (Ex
659 1251 801 1288 Virgilio):

380 1328 387 1336 .
401 1329 408 1336 .
422 1328 428 1335 .
442 1328 449 1336 .
462 1329 468 1335 .
480 1309 520 1336 'l‘n
531 1310 574 1335 das
587 1308 667 1341 epulis
679 1309 825 1335 accumbere
835 1309 918 1335 divum
930 1317 937 1338 ;

282 1358 312 1382 et
323 1353 422 1382 iterum
431 1374 439 1387 ,

379 1419 385 1425 .
401 1418 408 1425 .
422 1419 429 1426 .
443 1419 449 1425 .
461 1418 466 1424 .
481 1400 541 1430 Qus
552 1400 609 1424 sunt
619 1404 650 1424 ea
661 1399 759 1424 numina
770 1398 853 1424 divum

376 1431 500 1462 Flsgitat,

280 1471 310 1500 id
326 1476 377 1504 est,
395 1472 517 1499 deorum.
530 1471 599 1500 Deos
612 1476 703 1499 autem
712 1478 764 1506 pro
781 1471 860 1505 divis,
874 1474 906 1500 ut
918 1476 960 1500 est
976 1471 1051 1506 illud,

360 1519 398 1550 An
411 1518 479 1543 Deus
489 1519 603 1543 immensi
616 1518 701 1544 venias
712 1519 795 1550 maris,
809 1524 838 1544 ac
850 1521 891 1544 tua
901 1522 983 1545 nauta:

364 1549 466 1575 Numina
482 1550 533 1574 sola
545 1550 636 1575 colant.

280 1590 430 1619 Octaviano
443 1589 516 1617 enim
541 1590 643 1618 dictum
667 1595 719 1624 est,
743 1598 823 1625 quem
838 1594 900 1626 post
912 1594 1028 1619 mortem
1051 1591 1079 1618 in

280 1636 374 1663 divum
386 1636 527 1663 transferri
540 1637 680 1671 putabant.
705 1636 799 1664 Cesset
812 1636 904 1672 igitur,
917 1640 1005 1664 cesset
1018 1635 1079 1664 falsi

281 1681 400 1710 nominis
423 1680 544 1713 ambitio,
572 1681 736 1709 destituatur
748 1682 852 1717 antiqui
874 1682 975 1710 erroris
997 1682 1080 1710 vesti-

280 1728 363 1764 gium,
382 1727 500 1755 faccscat
512 1735 591 1755 caecae
602 1729 803 1763 superstitionis
817 1729 988 1762 vocabulum,
1001 1729 1080 1758 abdi-

281 1777 359 1801 cetur
378 1773 501 1808 procacis
510 1773 628 1801 nominis
648 1774 833 1809 supercilium,
851 1775 994 1810 peliatura
1013 1775 1080 1802 ﬁde-

281 1818 353 1846 libus
376 1819 405 1845 in
428 1819 505 1846 divos
531 1819 780 1847 transferendorum
805 1821 947 1848 hominum
980 1820 1081 1855 gentile

281 1864 464 1892 mendacium.
479 1863 539 1891 Jam
555 1865 655 1893 veritas
668 1866 701 1893 de
716 1869 788 1893 terra
802 1870 922 1899 ortaest,
932 1866 990 1900 jam
1003 1869 1081 1893 ortus

269 1914 326 1947 cst
339 1910 463 1937 ﬁdelibus
480 1910 519 1938 sol
530 1910 655 1945 justitiae,
664 1910 720 1946 jam
731 1912 779 1947 qui
794 1913 905 1940 sedebat
920 1912 1081 1939 intenebris

282 1956 352 1984 vidit
377 1955 464 1983 lucem
483 1964 623 1992 magnam,
637 1956 695 1992 jam
710 1957 897 1986 habitantibus
920 1957 949 1984 in
970 1956 1081 1992 regione

281 2004 387 2031 umbra:
401 2003 497 2031 mortis
516 2003 563 2031 lux
584 2007 644 2031 orta
660 2007 712 2032 est.
743 2004 840 2032 Omnia
862 2003 941 2036 falsa,
967 2003 1082 2031 veritate

281 2050 418 2083 veniente,
432 2055 538 2078 cassata
551 2054 623 2078 sunt.
637 2051 705 2078 Nam
718 2050 741 2078 si
755 2050 884 2079 falsorum
892 2050 1006 2079 deorum
1017 2057 1082 2085 gen-

282 2094 339 2122 tilis
351 2095 443 2130 opinio
456 2095 523 2123 falsa
537 2100 589 2128 est,
604 2100 667 2130 post
690 2099 807 2123 mortem
830 2096 859 2123 in
875 2096 952 2124 divos
967 2095 1083 2123 transfe-

282 2142 430 2168 rendorum
444 2141 585 2169 hominum
597 2141 689 2170 fabula
702 2142 772 2170 falsa
785 2146 838 2170 est.
856 2142 892 2169 At
904 2143 928 2170 si
939 2146 1002 2177 post
1011 2149 1082 2172 mor.

282 2189 340 2212 tem
352 2185 380 2212 in
395 2186 471 2213 divos
487 2186 738 2216 transferendorum
751 2188 891 2216 hominum
901 2187 993 2215 fabula
1014 2187 1083 2214 falsa

282 2235 334 2264 est,
354 2231 448 2259 divalis
466 2233 584 2260 nominis
595 2234 761 2269 nuncupatio
779 2241 850 2260 vana
869 2237 921 2260 est.
945 2232 974 2259 Si
998 2232 1083 2267 igitur

281 2277 412 2305 falsorum
437 2279 550 2306 deorum
573 2280 681 2314 gentilis
705 2279 796 2314 opinio
822 2278 891 2306 falsa
907 2281 959 2310 est,
988 2278 1081 2305 divalis

283 2330 391 2356 quoquc
404 2324 521 2351 nominis
544 2325 688 2360 appellatio
714 2332 784 2351 vana
797 2328 849 2351 est.
875 2323 990 2358 Liquida
1015 2330 1080 2358 ergo

281 2370 358 2402 patet
377 2374 435 2393 rem
461 2367 557 2395 falsam
580 2368 678 2397 falsum
699 2376 798 2397 nomen
825 2368 935 2401 habere,
962 2371 989 2395 et
1010 2367 1080 2397 falso

282 2413 393 2440 nomine
413 2420 460 2441 eos
483 2414 529 2448 qui
552 2416 675 2443 veritatis
693 2414 818 2449 discipuli
841 2418 904 2442 sunt
929 2415 1080 2449 nuncupari

282 2466 336 2486 non
353 2459 461 2487 debere.
488 2459 556 2487 Nam
577 2460 629 2487 etsi
647 2459 694 2494 qui
710 2459 780 2486 forte
799 2459 925 2487 catholici
938 2459 1079 2488 defunctos

282 2511 405 2539 quosque
421 2505 487 2532 diva:
501 2505 635 2531 memoria:
647 2503 818 2539 nuncupasse
829 2504 935 2539 uspiam
946 2504 1081 2539 reperian-

282 2553 336 2579 tur,
354 2549 528 2577 manii‘estum
540 2554 583 2575 est
595 2556 641 2576 eos
655 2557 734 2577 usum
754 2549 839 2579 fuisse
851 2554 959 2579 secutos
970 2550 1078 2586 gentili-

282 2593 358 2625 tatis,
383 2593 453 2621 sicut
474 2593 584 2635 nomina
607 2594 712 2622 dierum
735 2600 763 2624 et
785 2596 921 2624 mensium
938 2596 1079 2633 gentilium

281 2639 450 2668 vanitatibus
470 2639 629 2676 plerumque
643 2641 825 2670 nominantur.
852 2641 905 2670 Sed
917 2643 976 2670 haec
988 2647 1015 2670 et
1035 2643 1078 2671 his

283 2685 381 2714 similia
396 2686 518 2715 Romana
532 2687 622 2722 potius
645 2689 757 2717 ambitio
770 2696 852 2724 quam
871 2689 1018 2724 apostolica
1033 2689 1080 2717 ad-

284 2730 358 2758 misit
369 2732 488 2761 traditio.
497 2733 552 2761 Nos
563 2734 679 2770 denique
692 2735 737 2770 qui
750 2740 778 2762 et
788 2734 910 2762 veritatis
922 2738 1079 2767 sectatores,

286 2779 314 2801 ct
333 2778 366 2805 ab
380 2779 438 2813 ipsa
452 2780 565 2807 veritate
580 2781 714 2814 redempti
727 2789 832 2810 sumus.
845 2780 915 2808 sicut
930 2781 1081 2815 sprevimus

1131 289 1190 317 tilia
1203 289 1343 322 vocabula,
1354 288 1483 324 Apostoio
1493 288 1605 317 docente
1614 288 1661 323 qui
1671 287 1718 320 ait,
1735 286 1800 320 ρυω
1812 288 1926 316 societas

1131 337 1198 364 lucis
1210 337 1245 364 ad
1256 335 1374 364 tenebras
1382 336 1394 363 Ρ
1402 344 1461 372 qua
1471 340 1559 363 autem
1569 335 1702 362 conventio
1713 333 1811 362 Christi
1826 335 1862 362 ad
1873 334 1926 363 Be-

1131 381 1179 409 lial
1196 381 1240 417 (II
1256 381 1317 410 Cor.
1329 381 1387 417 vi)?
1407 381 1431 409 Α
1451 388 1504 416 qua
1521 379 1701 409 conventione
1718 379 1777 415 ipso
1789 384 1927 409 annuente

1130 427 1289 460 liberemur,
1311 427 1357 462 qui
1378 434 1437 460 nos,
1453 431 1562 462 ereptos
1582 426 1617 454 de
1640 426 1761 454 tenebris
1784 429 1813 453 et
1830 426 1928 455 umbra

1132 474 1237 507 mortis,
1254 474 1391 502 transtulit
1403 474 1432 502 in
1450 481 1562 509 regnum
1575 473 1637 501 Filii
1649 473 1802 501 dilectionis
1817 481 1883 505 suae,
1900 474 1928 502 in

1132 527 1186 554 quo
1200 519 1332 548 habemus
1346 519 1560 555 redemptionem
1579 520 1605 547 in
1620 519 1811 548 remissionem
1832 528 1928 555 pecca-

1133 570 1233 594 torum.

1441 611 1555 641 CAPUT
1574 613 1619 641 Ν.

1133 660 1171 688 De
1187 669 1217 688 eo
1227 660 1297 695 quod
1324 659 1511 687 Constantinus
1533 664 1558 687 et
1572 659 1688 687 Harena
1711 660 1740 686 in
1758 660 1865 695 epistola
1876 669 1928 688 sua

1167 694 1308 723 venerabili
1318 703 1393 730 papw
1413 695 1531 722 Adriano
1553 695 1626 722 urbis
1638 695 1729 722 Romo:
1746 696 1903 731 scripserunt
1918 704 1927 723 :

1168 731 1306 766 Rogamus
1313 734 1387 757 tuam
1400 731 1591 765 paternitatem
1605 734 1632 758 et
1642 730 1760 759 maxime
1771 731 1842 759 Deus
1851 735 1929 766 rogat

1168 765 1221 800 qui
1232 765 1335 793 nullum
1346 766 1484 793 hominem
1502 766 1559 793 vult
1573 766 1673 801 perire.

1168 811 1219 845 Qui
1238 812 1323 839 Deum
1338 812 1390 840 sibi
1403 820 1563 847 conregnare
1572 812 1735 847 procaciter,
1750 817 1776 840 et
1786 820 1834 840 sua
1849 817 1928 848 gesta

1132 857 1230 884 divalia
1244 858 1359 892 superbe
1372 861 1400 885 ct
1410 857 1547 893 gentiliter
1560 857 1651 886 dicere
1666 859 1757 891 audet,
1777 858 1930 886 indubitan-

1132 907 1174 930 ter
1181 907 1207 931 et
1217 903 1313 935 Deum,
1321 902 1397 937 cujus
1402 906 1444 931 est
1453 911 1565 939 regnum
1572 907 1598 930 et
1608 904 1760 939 imperium,
1774 904 1930 939 quempiam

1094 943 1118 974 Β
1131 957 1224 984 rogare
1239 949 1330 977 dicere
1344 949 1453 977 audebit
1468 956 1475 976 :
1488 953 1518 976 ut
1540 950 1604 977 dum
1627 950 1677 977 sibi
1691 951 1863 978 temerariam
1875 950 1930 977 cel—

1132 995 1280 1022 situdinem
1295 999 1434 1031 prorogat,
1448 995 1546 1023 divina:
1559 995 1709 1029 maiestatis
1725 996 1840 1031 imperio
1851 996 1932 1031 quid-

1132 1038 1194 1066 dam
1208 1039 1339 1075 derogare
1351 1040 1504 1067 contendat.
1529 1039 1585 1067 Nec
1599 1040 1752 1067 mirandum
1766 1045 1809 1067 est
1821 1048 1872 1067 cur
1880 1048 1933 1069 sua

1131 1089 1279 1120 praesumat
1292 1086 1424 1119 attollere,
1440 1093 1501 1113 cum
1521 1085 1612 1113 divina
1625 1086 1714 1112 verbis
1726 1086 1845 1113 indoctis
1857 1087 1936 1113 nita—

1132 1134 1179 1159 tur
1189 1131 1356 1158 submittere.
1376 1131 1447 1157 Deus
1467 1129 1538 1157 enim
1557 1129 1715 1164 imperando
1729 1128 1817 1157 lucem
1832 1131 1939 1157 condi—

1131 1179 1204 1207 disse
1214 1178 1320 1213 legitur,
1328 1181 1355 1205 et
1366 1184 1450 1212 aquas
1460 1176 1493 1204 ab
1505 1176 1584 1211 aquis
1595 1175 1767 1209 discrevisse,
1776 1180 1805 1203 et
1811 1176 1938 1204 limitem

1131 1224 1183 1258 his,
1192 1232 1226 1251 ne
1233 1223 1319 1251 denuo
1328 1221 1405 1250 confu
1410 1222 1566 1254 nderentur,
1579 1221 1781 1249 ﬁrmamentum
1793 1222 1936 1257 posuisse,

1068 1282 1090 1297 ,ι
1130 1274 1157 1299 et
1168 1275 1267 1297 terram
1278 1269 1433 1305 multigenis
1443 1267 1593 1296 seminibus
1606 1268 1775 1300 fecundaSsc,
1790 1272 1818 1296 et
1830 1269 1937 1298 coelum

1130 1315 1298 1352 splendiﬂuis
1304 1316 1425 1343 siderum
1437 1314 1587 1350 fulgoribus
1596 1323 1768 1351 perornasse,
1782 1322 1795 1336 «ι
1807 1319 1834 1343 et
1844 1324 1935 1355 aquas

1131 1364 1298 1396 natatilibus,
1314 1370 1377 1391 aera
1388 1362 1543 1390 volatilibus
1554 1362 1741 1398 complevissc,
1753 1366 1781 1390 et
1792 1363 1935 1392 hominem

1131 1410 1190 1438 sive
1207 1409 1330 1437 omnium
1342 1415 1433 1436 rerum
1448 1408 1615 1436 creationem
1625 1411 1748 1443 patrasse
1764 1415 1771 1435 :
1784 1412 1812 1436 et
1827 1409 1872 1436 isti
1890 1410 1934 1437 di-

1131 1459 1206 1489 cunt,
1221 1465 1230 1482 ‹
1242 1456 1381 1491 Rogamus
1392 1459 1467 1482 tuam
1474 1455 1676 1490 paternitatem,
1692 1459 1719 1482 et
1729 1455 1846 1483 maxime
1859 1455 1932 1484 Deus

1132 1506 1218 1537 rogat,
1238 1502 1285 1537 qui
1300 1501 1404 1529 nullum
1418 1501 1557 1529 hominem
1567 1501 1625 1528 vult
1638 1501 1737 1536 perire.
1757 1511 1767 1527 ι
1787 1501 1826 1529 De
1839 1501 1931 1538 Moyse

1131 1546 1231 1582 legitur
1258 1554 1291 1574 eo
1319 1547 1390 1582 quod
1414 1546 1504 1581 fecerit
1528 1546 1598 1581 quod
1629 1546 1760 1573 Dominus
1787 1547 1931 1583 imperaret

1133 1591 1232 1628 (Exod.
1247 1591 1309 1626 xL);
1324 1595 1352 1618 et
1377 1591 1448 1618 idem
1464 1590 1578 1618 scribit:
1595 1590 1636 1617 Ad
1661 1590 1800 1626 imperium
1823 1591 1932 1619 Domini

1132 1637 1268 1664 movebant
1284 1640 1371 1664 castra
1387 1635 1438 1670 ﬁlii
1457 1635 1553 1669 Israel,
1569 1640 1594 1663 et
1616 1636 1650 1662 ad
1665 1636 1804 1672 imperium
1824 1636 1931 1665 Domini

1131 1682 1260 1717 ponebant
1270 1689 1302 1708 ea
1315 1680 1409 1716 (Num.
1422 1680 1477 1715 ix);
1490 1685 1518 1708 et
1528 1681 1581 1708 iste
1594 1681 1658 1708 dicit
1672 1690 1679 1707 :
1696 1682 1812 1709 maxime
1826 1682 1931 1717 quidem

1131 1728 1202 1755 Deus
1213 1731 1299 1762 rogat,
1313 1731 1343 1754 ut
1355 1731 1419 1762 pote
1429 1727 1476 1762 qui
1489 1727 1730 1761 incommutabilis,
1754 1727 1930 1762 innet’fabilis,

1131 1772 1312 1808 sempiternus
1325 1776 1375 1805 est,
1387 1777 1415 1800 et
1427 1773 1549 1800 omnium
1558 1773 1706 1800 visibilium
1716 1776 1743 1800 et
1754 1773 1930 1802 invisibilium

1131 1823 1257 1847 naturam
1267 1818 1382 1853 imperio
1389 1818 1492 1847 creavit
1503 1818 1670 1853 imperioque
1681 1819 1826 1854 gubernat,
1839 1827 1930 1855 rogare

1132 1864 1253 1900 incipiat.
1270 1864 1348 1898 Quod
1364 1864 1473 1900 quidem
1488 1864 1602 1891 verbum
1627 1871 1680 1891 non
1702 1864 1858 1898 potestatis,
1885 1864 1931 1892 sed

1133 1909 1331 1944 deprecationis
1343 1912 1401 1941 est,
1417 1916 1472 1936 non
1492 1907 1673 1940 auctoritatis,
1687 1908 1736 1936 sed
1749 1909 1929 1940 necessitatis,

1132 1963 1186 1996 non
1193 1954 1363 1990 imperantis,
1375 1954 1423 1982 sed
1431 1954 1612 1982 obsecrantis.
1630 1953 1699 1981 Nam
1710 1961 1773 1982 eum
1785 1954 1812 1981 in
1825 1955 1881 1982 Deo
1891 1954 1931 1982 in-

1133 2001 1251 2036 digentia
1258 2000 1331 2029 nulla
1341 2000 1376 2027 sit
1388 2004 1416 2028 et
1426 2008 1519 2035 rogare
1528 1999 1698 2027 obsecrantis
1707 1999 1753 2033 sit,
1761 2003 1788 2027 et
1795 2000 1932 2027 obsecrare

1133 2048 1288 2084 indigentis,
1303 2046 1427 2082 quisquis
1444 2046 1528 2082 igitur
1550 2046 1637 2074 Deum
1651 2054 1748 2082 rogare
1765 2046 1828 2081 quid
1850 2045 1930 2079 dicit,

1133 2094 1159 2122 ei
1176 2093 1272 2129 procul
1286 2093 1368 2121 dubio
1381 2092 1557 2128 indigentiam
1572 2093 1697 2121 ascribit.
1706 2092 1754 2121 Cui
1767 2092 1789 2121 si
1805 2092 1932 2129 indigen-

1133 2140 1172 2167 tia
1186 2140 1267 2172 inest,
1281 2143 1308 2167 et
1323 2138 1481 2167 necessitas.
1498 2137 1527 2166 Si
1540 2138 1690 2166 necessitas
1703 2139 1785 2172 inest,
1811 2139 1931 2174 omnipo-

1133 2186 1219 2213 tentia
1232 2186 1317 2213 deest.
1327 2184 1529 2220 Omnipotentia
1540 2188 1632 2212 autem
1643 2185 1682 2212 illi
1694 2189 1747 2218 est,
1765 2185 1852 2221 igitur
1861 2185 1930 2212 indi-

1134 2230 1225 2265 gentia
1249 2230 1333 2258 deest.
1359 2230 1398 2257 De
1414 2236 1447 2256 eo
1471 2230 1544 2257 enim
1563 2230 1697 2265 scriptum
1719 2234 1785 2258 est:
1802 2230 1930 2258 Excelsa:

1134 2283 1212 2311 super
1235 2283 1323 2302 omnes
1337 2279 1424 2311 gentes
1439 2275 1577 2308 Dominus,
1601 2280 1626 2303 et
1645 2284 1726 2312 supra
1747 2276 1826 2304 cazlos
1845 2277 1931 2312 gloria

1095 2313 1123 2344 Ι)
1134 2321 1191 2357 ejus
1212 2321 1299 2357 (Psal.
1314 2321 1403 2357 cun).
1424 2321 1501 2356 Quod
1516 2322 1539 2350 si
1551 2322 1621 2351 forte
1636 2322 1662 2350 ei
1686 2323 1831 2350 convenire
1847 2329 1928 2355 posse

1133 2366 1227 2395 dicunt
1241 2375 1343 2402 rogare,
1356 2371 1467 2401 propter
1478 2375 1623 2402 personam
1635 2368 1703 2400 Filii,
1716 2367 1761 2402 qui
1775 2367 1924 2394 secundum

1132 2410 1291 2446 Apostolum
1305 2412 1470 2446 semetipsum
1484 2413 1637 2446 exinanivit,
1652 2413 1762 2448 formam
1775 2412 1841 2439 serui
1852 2411 1928 2439 acci-

1132 2457 1215 2493 piens,
1235 2456 1264 2483 in
1284 2456 1482 2484 similitudinem
1504 2458 1639 2486 hominum
1665 2459 1767 2494 factus,
1795 2463 1819 2486 et
1838 2458 1931 2485 habitu

1132 2504 1251 2531 inventus
1264 2508 1293 2530 ut
1304 2503 1381 2530 homo
1397 2502 1565 2540 (Philip.n);
1580 2505 1691 2533 audiant
1705 2513 1769 2533 eum
1782 2505 1929 2538 dicentem,

1132 2549 1310 2583 Lazare,ueni
1323 2550 1493 2586 foras(.loan.
1507 2551 1562 2588 x1);
1577 2556 1605 2580 et
1614 2553 1724 2586 iterum,
1741 2551 1815 2579 Tolle
1836 2553 1931 2588 graba-

1132 2601 1188 2623 tum
1205 2600 1279 2623 tuum
1294 2600 1317 2623 et
1335 2596 1399 2623 vade
1414 2596 1504 2632 (Joan.
1530 2606 1556 2630 v,
1581 2598 1631 2633 xi),
1658 2602 1686 2625 et
1707 2598 1828 2625 iterum:
1845 2597 1930 2624 Talin:

1133 2642 1202 2669 cumi
1214 2641 1311 2678 (Marc.
1318 2641 1361 2678 v);
1373 2647 1401 2671 et
1410 2651 1517 2675 rursus,
1528 2643 1696 2676 Adolescens,
1705 2644 1754 2671 tibi
1766 2644 1836 2676 dico,
1846 2643 1930 2678 Surge

1134 2687 1209 2723 (Luc.
1226 2688 1287 2724 vn),
1298 2692 1326 2716 et
1338 2693 1435 2717 caetera
1451 2687 1615 2723 huiusmodi,
1629 2697 1690 2725 quae
1709 2697 1765 2717 non
1790 2688 1928 2724 rogantis,

1134 2735 1182 2763 sed
1201 2735 1368 2772 imperantis,
1384 2744 1438 2763 non
1451 2736 1623 2771 postulantis,
1636 2737 1683 2764 sed
1693 2736 1827 2771 jubentis,
1846 2735 1929 2762 verba

1135 2786 1197 2810 sunt
1208 2791 1214 2809 :
1228 2781 1305 2817 cujus
1318 2781 1424 2817 imperii
1436 2785 1598 2816 potestatem
1612 2782 1640 2811 in
1658 2782 1717 2815 eius
1727 2781 1837 2810 nomine
1846 2781 1929 2808 etiam

324 2864 732 2911 2nffhlaguasgnatatilibus,"et
757 2878 819 2911 aera
845 2870 1004 2911 volatilibus.
1035 2871 1079 2902 Sic

1133 2873 1252 2902 tendavit
1268 2872 1512 2908 Lindenbruchius,
1532 2881 1595 2903 cum
1614 2874 1643 2906 in
1675 2873 1798 2911 vulgatis.
1818 2873 1931 2909 legere-

289 2899 333 2923 tur
346 2898 486 2933 natalibus,
499 2903 570 2935 quod
582 2904 627 2931 hic
639 2898 717 2933 nihili
734 2904 846 2946 verbum
861 2909 913 2933 cst.
