4026 6156
184 360 334 433 1017

973 347 1154 407 LIBRI
1188 344 1534 406 CAROLINI.
1572 371 1646 386 -—-
1682 339 1906 399 CAPIT.
1949 345 2038 402 DE
2073 347 2262 409 IMAG.
2302 380 2374 394 --
2409 349 2539 408 LIB.
2581 349 2624 408 I.

3323 356 3464 416 1018

183 472 460 550 apostolos
481 469 710 544 legimus
733 463 1007 524 habuisse.
1035 463 1127 520 Ait
1149 462 1292 520 enim
1312 470 1499 533 pastor
1516 457 1774 516 Ecclesiae
1801 458 1855 518 Δ
1876 467 1934 514 et
1973 461 2392 522 dominationem
2413 505 2427 531 ,
2461 473 2516 522 et
2547 479 2709 522 omne
2741 481 2941 526 nomen
2965 470 3111 540 quod
3153 481 3468 530 nominatur

179 584 316 628 cum
360 565 590 625 Eneam
635 568 916 625 curasset,
963 557 1035 612 In
1079 557 1285 612 nomine
1327 553 1457 609 Jesu
1497 549 1769 606 Nazareni

177 677 343 732 surge
368 667 418 716 et
442 655 657 714 ambula
682 654 822 727 (Act.
849 651 956 723 ιιι).
983 650 1122 705 Ecce
1145 649 1202 704 in
1247 645 1468 703 nomine
1493 643 1622 700 Jesu
1674 641 1778 697 Pe-

180 763 305 810 trus
325 754 576 824 imperat,
606 758 664 806 et
702 747 779 804 illi
827 745 1008 802 Iesum
1058 756 1254 814 rogare
1303 741 1500 797 debere
1544 738 1770 795 dicunt:

180 860 379 902 servus
416 841 647 913 imperio
682 840 741 896 in
760 835 968 895 Domini
988 833 1209 890 nomine
1234 833 1327 889 dat
1352 830 1604 903 languido
1627 829 1776 887 sani-

179 945 377 1001 tatem,
419 942 478 990 et
505 933 582 989 illi
609 931 793 988 dicunt
815 942 939 985 eum
961 939 1156 998 rogare
1183 924 1380 982 debere
1411 921 1771 979 sacerdotem.

174 1025 310 1080 Non
339 1025 445 1080 hoc
476 1022 790 1094 prudentiae,
828 1017 926 1074 sed
962 1032 1188 1072 summa:
1227 1013 1776 1084 amentiae.deputan-

179 1119 320 1173 dum
344 1126 444 1172 est.
479 1115 582 1183 Qui
608 1115 654 1170 si
680 1112 748 1168 ad
774 1110 859 1166 sui
901 1110 1104 1165 erroris
1143 1108 1422 1163 munimen
1455 1105 1587 1163 illud
1631 1104 1776 1160 forte

176 1221 450 1277 usurpare
475 1204 639 1260 velint
683 1204 826 1272 quod
853 1200 971 1270 ipsa
996 1199 1213 1255 Veritas
1243 1197 1393 1264 dicit,
1437 1195 1552 1267 Ego
1577 1193 1772 1265 rogabo

176 1299 424 1364 Patrem,
452 1306 500 1352 et
527 1295 690 1350 alium
719 1291 1058 1348 Paracletum
1077 1292 1223 1346 dabit
1246 1291 1386 1346 vobis
1417 1289 1600 1361 (Joan.
1624 1287 1769 1359 xw);

177 1397 234 1445 et
279 1387 454 1442 illud:
510 1385 698 1451 Pater,
737 1382 976 1451 clari/ica
1003 1389 1151 1435 tuum
1179 1395 1365 1434 nomen
1416 1377 1601 1450 (Joan.
1632 1375 1769 1447 xu);

177 1477 520 1550 perpendant
557 1490 666 1530 non
711 1487 836 1528 eum
877 1473 982 1529 hoc
1003 1473 1202 1528 dixisse
1243 1471 1542 1528 secundum
1587 1467 1776 1524 divini-

178 1583 371 1640 tatem,
405 1575 461 1628 in
507 1587 615 1641 qua
643 1570 802 1624 unius
849 1584 974 1624 cum
1009 1567 1170 1622 Patre
1195 1565 1514 1622 substantia:
1550 1561 1775 1633 aequalis

177 1665 332 1722 Patri
369 1670 657 1734 permanet
678 1661 745 1715 de
774 1674 881 1728 qua
908 1658 1058 1722 dicit,
1087 1655 1200 1726 Ego
1231 1664 1277 1709 et
1307 1653 1470 1708 Pater
1498 1667 1663 1706 unum
1686 1667 1774 1704 su-

178 1773 300 1811 mus
327 1756 512 1827 (Joan.
529 1753 610 1822 x),
628 1751 722 1805 sed
744 1748 1038 1803 secundum
1061 1744 1474 1807 humanitatem,
1503 1757 1610 1811 qua
1651 1739 1774 1795 Ver-

176 1848 309 1902 bum
333 1862 457 1900 caro
489 1844 688 1914 factum
713 1849 810 1906 est,

175 1947 236 1994 et
262 1939 334 1993 de
359 1951 465 2007 qua
503 1934 652 1998 dicit,
685 1931 850 1986 Pater
878 1930 1052 1999 major
1082 1945 1164 1984 me
1195 1935 1271 1982 est
1302 1927 1482 1999 (Joan.
1515 1926 1648 1997 xxv).
1675 1924 1778 1993 Qui

177 2028 316 2083 dum
365 2025 423 2080 in
452 2024 628 2080 forma
651 2021 794 2077 servi
844 2020 1023 2076 minor
1051 2019 1122 2074 sit
1171 2017 1351 2082 Patre,
1393 2016 1449 2070 in
1479 2015 1652 2072 forma
1682 2015 1778 2070 Dei

175 2116 412 2188 aequalis
435 2115 486 2170 ei
509 2113 698 2184 procul
726 2112 890 2166 dubio
919 2109 1156 2166 creditur
1183 2123 1197 2162 :
1235 2107 1378 2164 unde
1404 2118 1459 2163 et
1491 2107 1779 2178 Apostolus

176 2208 273 2274 ait,
309 2208 435 2262 Non
458 2207 700 2276 rapinam
723 2204 1008 2258 arbitratus
1039 2211 1114 2257 est
1150 2218 1260 2256 esse
1300 2217 1355 2255 se
1388 2199 1642 2272 aequalem
1669 2198 1780 2254 Deo

179 2297 409 2371 (Philip.
445 2295 531 2367 ιι),
559 2295 615 2350 id
637 2303 740 2361 est,
769 2310 878 2349 non
901 2292 952 2348 ei
978 2291 1079 2347 fuit
1104 2300 1361 2362 tanquam
1390 2291 1598 2360 rapina,
1623 2289 1780 2360 quasi

183 2387 426 2442 alienum
451 2392 725 2455 appeteret
752 2399 767 2438 :
796 2384 888 2455 qui
917 2383 1057 2438 sicut
1072 2389 1393 2447 coaeternus,
1426 2383 1501 2437 ita
1532 2396 1780 2451 coaequa-

179 2481 254 2535 lis
290 2487 377 2533 est
404 2477 581 2543 Patri;
608 2492 770 2546 quem
797 2476 943 2531 idem
965 2475 1253 2547 Apostolus
1272 2490 1464 2532 verum
1501 2473 1780 2528 hominem

181 2581 240 2629 et
264 2586 458 2626 verum
486 2569 657 2624 Deum
677 2566 966 2624 conﬁtetur
992 2583 1116 2622 cum
1138 2567 1287 2632 dicit,
1318 2567 1554 2632 Quorum
1579 2575 1774 2637 patres,

181 2672 229 2720 et
261 2679 330 2718 ea;
351 2662 538 2733 quibus
567 2658 826 2724 Christus,
856 2658 946 2728 qui
971 2666 1045 2713 est
1068 2674 1224 2728 super
1246 2657 1423 2711 omnia
1445 2656 1581 2709 Deus
1630 2656 1781 2710 bene-

181 2755 360 2807 dictus
393 2754 450 2805 in
473 2749 669 2806 stecula
697 2747 878 2820 (Rom.
911 2747 1014 2819 ix).
1045 2747 1144 2803 Cui
1170 2747 1217 2802 si
1243 2746 1540 2802 secundum
1566 2745 1778 2802 illorum

183 2841 522 2907 socordiam,
562 2854 724 2908 quem
769 2839 915 2909 piam
967 2852 1161 2910 rogare
1200 2851 1422 2894 necesse
1466 2845 1569 2904 est,
1623 2836 1782 2893 alicui

182 2937 406 3000 subest;
433 2942 490 2988 et
509 2933 555 2988 si
579 2932 740 2988 alicui
754 2930 958 2996 subest,
981 2946 1089 2986 non
1105 2939 1188 2987 est
1207 2945 1371 3000 super
1390 2931 1590 2986 omnia.
1610 2929 1782 3000 Super

181 3027 370 3082 omnia
392 3032 574 3080 autem
603 3030 720 3088 est,
747 3037 854 3078 non
882 3021 1048 3093 igitur
1069 3021 1120 3076 ei
1140 3021 1447 3093 quempiam
1467 3037 1658 3094 rogare
1679 3037 1778 3078 ne-

182 3133 335 3176 cesse
353 3115 704 3172 est.Audiant
723 3129 871 3184 ergo,
896 3113 1116 3167 audiant
1137 3112 1360 3182 hujusce
1377 3114 1506 3169 dicti
1527 3123 1778 3170 auctores

1879 569 1987 610 non
2013 558 2186 613 solum
2207 560 2264 614 in
2286 560 2391 615 hoc
2416 559 2614 615 saeculo
2637 561 2732 616 sed
2760 560 2930 616 etiam
2957 561 3013 616 in
3043 560 3248 631 futuro,
3277 579 3466 634 quem-

1877 649 2023 719 piam
2051 667 2244 722 rogare
2265 653 2401 709 dicis
2425 654 2440 707 ι
2469 651 2588 708 Νοιι
2615 653 2782 723 igitur
2808 655 2859 710 ei
2884 670 3106 712 necesse
3145 664 3230 710 est
3274 671 3467 726 rogare

1878 742 1971 814 qui
1989 743 2312 812 caelestium,
2331 747 2672 804 terrestrium
2687 755 2742 803 et
2762 747 3098 806 infernorum
3112 749 3352 807 creditur
3370 764 3467 820 po-

1879 842 2134 892 testatem
2163 836 2382 894 habere.

2505 909 2734 968 CAPUT
2773 911 2840 966 ν.

1845 996 2033 1080 -ριιοιι
2062 1013 2174 1080 non
2213 1000 2358 1068 parvi
2393 1000 2468 1080 sit.
2488 1000 2683 1080 piaculi
2716 1001 3021 1080 Scripturas
3059 1012 3269 1080 sanctas
3314 1003 3470 1058 aliter

1946 1067 2233 1137 intelligere
2265 1085 2422 1137 quant
2452 1067 2804 1138 intelligenda:
2829 1067 2970 1133 sunt,
2995 1081 3043 1124 et
3067 1071 3134 1124 ad
3161 1073 3254 1124 hos
3284 1089 3467 1127 sensus

1945 1147 2226 1208 usurpatas
2245 1138 2640 1191 accommodare
2654 1154 2782 1204 quos
2798 1139 3021 1208 illaenon
3045 1141 3310 1193 continent
3337 1158 3353 1193 :
3372 1144 3472 1194 sic-

1946 1218 2005 1262 ut
2043 1207 2101 1262 in
2141 1223 2360 1262 erronea
2387 1207 2587 1278 synodo
2630 1223 2748 1278 qua:
2787 1209 2843 1260 in
2903 1207 3184 1277 Bithynia,
3221 1221 3471 1278 regnante

1947 1278 2309 1348 Constantino,
2320 1276 2594 1348 mediante
2615 1275 2846 1348 [Iwrena
2868 1275 3044 1330 matre
3059 1279 3192 1348 ejus,
3231 1275 3468 1333 residen-

1946 1359 1995 1404 te
2020 1347 2274 1402 Tharasio
2303 1345 2883 1417 Constantinopolitano
2910 1345 3172 1418 episcopo,
3197 1359 3341 1420 gesta
3369 1360 3465 1403 est.

1949 1437 2130 1495 Sacra:
2162 1438 2297 1510 legis
2331 1438 2560 1494 docente
2604 1438 2888 1494 didicimus
2927 1439 3148 1496 oraculo
3177 1440 3321 1510 quod
3347 1457 3472 1510 per-

1877 1545 2037 1585 cussa
2076 1537 2230 1599 petra
2266 1528 2454 1585 latices
2505 1529 2711 1583 sitienti
2759 1528 3116 1599 proﬁuxerint
3151 1531 3368 1602 p0pulo,
3417 1541 3474 1587 et

1875 1620 2120 1676 eamdem
2141 1628 2350 1691 petram
2370 1619 2646 1675 Christum
2685 1621 2887 1676 sentire
2925 1619 3121 1677 debere
3150 1622 3472 1678 documento

1877 1710 2212 1768 instituimur
2233 1710 2549 1782 apostolico.
2569 1711 2670 1778 Qui
2695 1711 2824 1766 dum
2848 1711 2920 1768 sit
2939 1721 3112 1782 petra,
3134 1712 3287 1782 cujus
3303 1713 3472 1769 ﬁnen-

836 1847 887 1894 ει
913 1838 1164 1893 habitam
1187 1837 1244 1891 ξη
1278 1804 1661 1905 Why-(jam.
1707 1835 1772 1906 ι),
1801 1826 1856 1892 Β
1877 1807 1951 1864 tis
1980 1807 2210 1863 arentiac
2230 1806 2394 1862 corda
2422 1805 2752 1875 irrigantur;
2783 1814 2839 1860 et
2868 1804 3088 1871 ﬁumen,
3121 1805 3272 1874 cujus
3305 1807 3474 1876 impe-

1886 1912 1976 1961 tus
2000 1903 2236 1958 ltetiﬁcat
2273 1902 2547 1957 civitatem
2572 1900 2698 1967 Dei;
2737 1909 2792 1954 et
2825 1900 2945 1956 fons
2973 1901 3115 1965 vitae,
3161 1915 3193 1954 a
3221 1916 3328 1970 quo
3356 1915 3476 1956 crc-

1884 1996 2136 2053 dentibus
2169 2001 2426 2064 perpetua
2456 1994 2566 2048 vita
2592 2002 2805 2058 manat;
2838 2001 2894 2048 et
2917 1993 3074 2063 panis
3097 1992 3351 2056 cmlestis,
3378 1993 3473 2062 qui

1881 2098 2099 2144 aeterna:
2125 2087 2282 2142 famis
2309 2087 2542 2142 inediam
2566 2102 2598 2140 a
2630 2086 2868 2141 ﬁdelium
2903 2086 3157 2142 cordibus
3181 2085 3424 2140 eradicat
3454 2099 3470 2138 :

1881 2181 2130 2252 quisquis
2151 2179 2267 2248 ejus
2288 2178 2561 2249 spiritales
2590 2187 2746 2249 potus
2767 2186 2821 2234 et
2843 2177 3116 2249 spiritales
3144 2192 3298 2232 escas
3318 2177 3476 2232 aliter

1883 2291 2048 2346 quam
2087 2274 2176 2330 ille
2214 2274 2306 2328 dat
2342 2273 2591 2344 percipit,
2626 2270 2838 2328 divinas
2883 2271 3133 2327 videlicet
3162 2269 3476 2338 Scripturas

1883 2367 1989 2423 alio
2017 2381 2198 2432 sensu,
2245 2373 2300 2421 et
2345 2380 2453 2420 non
2491 2379 2557 2420 eo
2593 2379 2700 2434 quo
2729 2378 2761 2418 a
2795 2371 2982 2418 sancto
3018 2361 3222 2434 Spiritu
3261 2362 3476 2417 traditae

1881 2465 2009 2514 sunt
2033 2456 2382 2526 interpretari
2406 2453 2615 2519 nititur,
2646 2456 2714 2508 ab
2739 2451 2856 2522 ejus
2884 2453 3101 2524 pascuis
3125 2453 3330 2512 alienus
3354 2467 3477 2508 esse

1883 2549 2243 2622 convincitur.
2271 2540 2500 2618 Eloqu'ia
2550 2562 2772 2618 namque
2808 2545 3041 2610 Dontini,
3075 2547 3150 2599 ait
3183 2545 3474 2614 Propheta,

1885 2640 2090 2710 eloquia
2115 2647 2282 2704 casta,
2313 2647 2587 2708 argentum
2613 2637 2733 2707 igne
2749 2637 3105 2692 examinatum
3129 2636 3302 2709 (Psal.
3335 2636 3474 2707 xu);

1886 2747 2118 2804 quorum
2150 2731 2458 2787 castitatem
2498 2729 2587 2786 ille
2612 2731 2800 2801 procul
2838 2732 3000 2787 dubio
3027 2730 3332 2786 adulterina
3355 2729 3478 2787 labe

1885 2825 2082 2882 vitiare
2102 2823 2306 2894 appetit
2327 2822 2420 2892 qui
2443 2837 2506 2878 ea
2539 2822 2607 2877 ad
2640 2823 2886 2878 extranei
2915 2835 3109 2878 sensus
3143 2823 3479 2879 commistio-

1859 2909 2011 2974 nem
2041 2917 2250 2974 sociare
2285 2913 2582 2972 contendit.
2612 2913 2717 2982 Qui
2737 2916 2882 2970 enim
2906 2922 3127 2985 propter
3151 2915 3478 2984 arrogantiae

1885 3017 1940 3065 et
1969 3024 2120 3064 vana:
2168 3007 2345 3063 laudis
2387 3006 2686 3078 appetitum
2729 3006 2798 3062 ad
2841 3005 2923 3062 sui
2965 3005 3170 3062 erroris
3197 3005 3477 3061 munimen

1884 3100 2255 3164 astruendum,
2301 3097 2606 3154 divinarum
2642 3096 3045 3166 Scripturarum
3071 3095 3298 3151 attrahit
3325 3095 3478 3151 testi-

181 3166 308 3280 ᾆῖιιά
333 3208 529 3263 beatus
549 3166 876 3260 iniusti;
896 3166 1085 3260 si...
1130 3166 1778 3274 ρυόεέιξιιιῖιιιὲῖιιὸὲιὲέ
1801 3166 1854 3234 α
1881 3194 2144 3259 monium,
2168 3191 2298 3263 quid
2319 3191 2468 3246 aliud
2485 3190 2618 3246 facit
2635 3191 2739 3247 nisi
2753 3190 3061 3247 castitatem
3082 3189 3252 3246 divini
3272 3189 3478 3259 eloquii

181 3302 243 3356 de
272 3301 378 3355 hoc
405 3299 574 3354 verbo
602 3296 838 3353 dixerit:
880 3313 900 3347 ι
939 3295 1046 3351 Sed
1064 3295 1263 3351 lectum
1286 3304 1371 3351 est
1402 3297 1529 3367 quia
1555 3299 1773 3367 rogavit,

179 3391 324 3447 disce
352 3389 694 3454 distantiam,
717 3395 874 3460 rogat
892 3387 1048 3457 quasi
1074 3385 1244 3460 Filius
1264 3387 1521 3452 hominis,
1550 3387 1780 3457 imperat

180 3482 332 3552 quasi
362 3480 465 3536 Dei
492 3479 684 3534 Filius.
715 3478 801 3533 An
827 3493 936 3535 non
969 3459 1195 3534 defertis
1218 3478 1322 3534 hoc
1351 3478 1446 3533 Dei
1464 3477 1603 3534 Filio
1631 3477 1776 3550 quod

182 3573 344 3627 etiam
358 3571 607 3627 diabolus
633 3568 843 3634 detulit,
871 3577 926 3624 et
957 3583 1054 3624 vos
1077 3567 1284 3637 majore
1316 3570 1600 3640 sacrilegio
1623 3569 1776 3626 dero-

125 3648 136 3662 ’
187 3661 346 3733 gatis.
372 3658 472 3714 Ille
515 3659 663 3724 dicit,
693 3658 754 3714 Si
797 3657 972 3714 Filius
1002 3659 1102 3714 Dei
1135 3676 1224 3728 es,
1261 3660 1344 3715 die
1371 3660 1533 3731 lapidi
1563 3661 1685 3716 huic
1717 3669 1776 3716 ut

184 3752 279 3822 ﬁat
300 3751 480 3824 panis.
507 3749 598 3806 Ille
625 3749 771 3815 dicit,
805 3750 1040 3820 impera;
1066 3765 1164 3807 vos
1185 3750 1382 3816 dicitis,
1405 3753 1649 3808 obsecra.
1681 3750 1777 3808 lllo

185 3843 360 3899 credit
385 3840 767 3912 quodjubente
788 3841 884 3897 Dei
905 3841 1044 3897 Filio
1069 3842 1459 3898 elementorum
1484 3857 1776 3912 rerumque

183 3933 239 3990 in
269 3933 562 3988 adversum
591 3940 783 3988 natura
802 3941 1044 3989 vertatur
1070 3947 1085 3987 :
1110 3949 1206 3989 vos
1237 3933 1458 3989 creditis
1481 3933 1627 4004 quod
1669 3933 1775 3990 nisi

181 4034 332 4096 roget
370 4023 477 4079 Dei
530 4021 720 4089 Filius,
748 4037 848 4078 nec
893 4024 1141 4079 voluntas
1191 4025 1361 4094 ipsius
1410 4024 1713 4092 impleatur.
1749 4043 1767 4076 ι

182 4111 292 4167 Hoc
322 4110 550 4182 quidem
600 4110 836 4182 pugione
895 4108 1063 4167 lorica
1098 4111 1224 4167 ﬁdei
1252 4110 1492 4165 munitus
1520 4108 1776 4166 Ecclesiae

181 4199 457 4271 prmliator
491 4207 681 4257 contra
709 4200 896 4257 hostes
919 4199 1045 4257 ﬁdei
1093 4200 1393 4256 dimicavit.
1446 4199 1590 4256 Inter
1640 4215 1777 4271 quos

183 4291 433 4362 quisquis
458 4291 737 4346 numerari
761 4289 1038 4358 formidat,
1074 4291 1198 4347 talis
1233 4291 1363 4347 dicti
1402 4291 1669 4347 insaniam
1692 4291 1780 4348 fu-

182 4382 309 4450 giat.
342 4380 509 4450 Dicat
528 4381 734 4438 interea
761 4391 983 4440 sanctus
1013 4384 1340 4457 evangelista
1362 4385 1492 4456 quid
1516 4385 1777 4443 Dominus

188 4469 475 4540 discipulis
508 4469 938 4538 formidantibus,
987 4489 1110 4531 cum
1128 4474 1242 4545 jam
1270 4475 1517 4532 navicula
1539 4477 1779 4545 operire-

188 4564 277 4613 tur
289 4556 567 4626 ﬁuctibus,
590 4558 800 4618 fecerit.
854 4561 1000 4618 Tunc
1033 4580 1268 4636 surgens,
1293 4565 1486 4635 inquit,
1508 4567 1778 4637 imperavit

181 4653 342 4708 uentis
370 4661 429 4709 et
453 4653 609 4722 mari,
635 4663 685 4710 et
708 4655 854 4726 facta
876 4664 953 4710 est
974 4655 1325 4728 tranquillitas
1347 4672 1538 4728 magna
1561 4656 1772 4728 (Matth.

184 4755 310 4810 vui;
333 4744 510 4802 Marc.
551 4745 786 4814 tv;Lue.
825 4747 967 4820 vm).
1001 4747 1155 4804 Dicat
1188 4748 1351 4804 etiam
1371 4749 1502 4819 quid
1531 4751 1778 4806 centurio

190 4831 418 4894 Domino
460 4838 530 4892 ad
567 4838 788 4894 domum
821 4854 978 4895 suam
1015 4853 1238 4912 pergere
1260 4848 1316 4895 et
1337 4855 1565 4911 puerum
1586 4857 1779 4899 curare

192 4924 497 4992 disponenti
517 4927 732 4996 dixerit,
761 4929 1005 4998 Domine,
1035 4948 1137 4986 non
1160 4949 1277 4988 sum
1302 4932 1490 5004 dignus
1519 4943 1575 4988 ut
1616 4935 1778 4990 intres

198 5012 293 5067 sub
322 5023 507 5068 tectum
527 5034 735 5087 meum;
771 5021 860 5076 sed
880 5031 1086 5076 tantum
1119 5022 1205 5076 dic
1229 5023 1401 5090 verba,
1428 5032 1477 5079 et
1503 5023 1778 5078 sanabitur

197 5119 331 5174 puer
358 5119 500 5158 meus
524 5107 738 5175 (Matth.
767 5111 910 5183 vui).
934 5111 980 5168 Ο
1014 5111 1246 5168 infausta
1270 5113 1470 5170 locutio
1495 5114 1507 5167 !
1541 5112 1586 5170 Ο
1621 5129 1778 5171 exse-

196 5189 423 5248 crabilis
445 5199 623 5252 error!
650 5197 695 5255 Ο
717 5202 970 5270 superbia
991 5211 1256 5258 tumorem
1275 5206 1455 5273 potius
1478 5221 1640 5276 quam
1667 5206 1778 5264 for-

197 5283 485 5340 titudinem
532 5287 799 5360 ingerens,
855 5293 1185 5351 inﬂationem
1228 5299 1404 5366 potius
1450 5316 1614 5370 quam
1636 5303 1779 5359 vires

197 5383 560 5445 augmentans
575 5379 588 5431 !
606 5377 864 5439 Centurio
878 5383 1228 5450 illudendum,
1247 5385 1638 5456 ﬁagellandum,
1663 5409 1782 5462 pas-

197 5479 410 5533 surum,
435 5477 670 5526 mortem
690 5479 1056 5544 gustaturum,
1081 5474 1147 5528 ad
1172 5472 1380 5528 inferna
1400 5475 1781 5540 descensurum

197 5558 368 5614 verbo
401 5566 612 5617 tantum
642 5563 858 5634 imperii
906 5577 1134 5632 puerum
1186 5576 1378 5618 sanare
1404 5567 1574 5622 credit
1604 5587 1615 5622 :
1647 5579 1699 5626 et
1725 5583 1781 5628 tu

199 5664 322 5706 eum
355 5653 636 5710 sedentem
662 5657 731 5712 ad
759 5657 1046 5713 dexteram
1079 5651 1256 5709 Patris
1275 5655 1327 5710 in
1357 5659 1662 5721 coelestibus
1694 5683 1784 5725 su-

201 5756 293 5818 per
321 5758 542 5807 omnem
563 5749 950 5839 principatum,
982 5752 1041 5804 et
1062 5746 1396 5844 powswtctn,
1423 5763 1476 5814 et
1498 5756 1746 5826 virtutem
1759 5804 1775 5838 ,

1885 5785 2029 5842 ergo,
2067 5781 2229 5839 quem
2253 5766 2306 5824 in
2335 5764 2441 5825 hoc
2477 5763 2620 5824 iacto
2660 5760 2753 5834 qui
2782 5759 2924 5822 bene
2963 5762 3106 5824 dicta
3124 5761 3265 5822 male
3296 5763 3466 5844 inter-

1879 3285 2140 3354 probrose
2169 3283 2406 3352 captivat
2453 3281 2509 3336 in
2555 3281 2916 3336 adulterium?
2940 3281 3007 3334 Et
3034 3289 3319 3353 argentum
3348 3279 3478 3349 igne

1878 3375 2046 3433 divini
2079 3376 2314 3447 Spiritus
2340 3376 2709 3432 examinatum
2734 3375 2803 3430 ad
2837 3375 3066 3433 aliorum
3107 3375 3472 3442 metallorum,

1879 3468 1934 3525 id
1959 3477 2044 3524 est
2066 3477 2449 3525 extraneorum
2493 3483 2772 3534 sensuum,
2799 3467 3071 3536 protrahit
3095 3467 3490 3538 inquinamen-_

1878 3570 2014 3618 tum.
2043 3563 2120 3618 De
2145 3561 2341 3618 talibus
2362 3560 2623 3616 Dominus
2643 3560 2719 3615 ita
2741 3559 2988 3630 queritur
3007 3574 3107 3630 per
3127 3561 3471 3631 prophetam,

1875 3653 2011 3709 Dedi
2045 3653 2120 3708 eis
2166 3661 2440 3725 argentum
2491 3661 2541 3709 et
2581 3668 2789 3718 aurum,
2828 3661 2878 3706 et
2923 3650 3005 3706 illi
3055 3651 3287 3722 fecerunt
3336 3651 3475 3708 Beat

1877 3745 2024 3818 (Ose.
2053 3745 2139 3816 ιι),
2170 3745 2226 3802 id
2255 3753 2358 3812 est,
2385 3745 2643 3815 spiritalis
2665 3746 3035 3817 intelligentia:
3065 3747 3383 3820 dignitatem
3417 3755 3474 3803 et

1877 3841 2076 3912 eloquii
2103 3849 2442 3896 venustatem
2490 3842 2559 3896 ad
2598 3857 2890 3912 pravorum
2915 3857 3171 3897 sensuum
3214 3850 3269 3896 et
3297 3841 3475 3898 inanis

1874 3931 2060 4002 gloria:
2101 3939 2382 3986 verterunt
2421 3930 2830 3985 immanitatem.
2876 3930 3012 3984 Nam
3047 3946 3171 3986 cum
3199 3931 3474 4000 legislator

1877 4021 2022 4076 dicat
2050 4033 2065 4071 :
2100 4017 2169 4072 In
2214 4019 2429 4073 dextera
2463 4017 2678 4071 Domini
2724 4020 2878 4088 ignea
2913 4018 2997 4071 lea:
3023 4019 3209 4088 (Deut.
3239 4017 3471 4088 xxxiii),

1876 4109 2183 4169 mirandum
2216 4119 2300 4166 est
2329 4118 2547 4180 quantae
2585 4109 2696 4164 sint
2731 4109 3073 4164 hebetudinis
3100 4109 3193 4178 qui
3221 4123 3322 4163 nec
3356 4107 3476 4177 ejus

1876 4202 2185 4261 mulcentur
2209 4199 2467 4265 candore,
2501 4213 2602 4254 nec
2626 4199 2743 4267 ejus
2765 4206 3041 4254 terrentur
3079 4198 3292 4254 ardore.
3320 4198 3474 4256 Sicut

1878 4298 2023 4355 enim
2049 4311 2144 4352 eos
2168 4295 2261 4365 qui
2284 4293 2354 4349 ad
2374 4307 2497 4348 eam
2521 4290 2924 4362 intelligendam
2953 4305 3090 4360 puro
3116 4303 3280 4346 sensu
3305 4298 3361 4344 et
3381 4291 3474 4346 de-

1845 4397 2004 4446 -vota
2031 4397 2213 4445 mente
2249 4385 2528 4448 accedunt,
2563 4383 2860 4456 perlustrat
2895 4383 2981 4438 sui
3024 4382 3311 4454 splendore
3342 4398 3472 4440 can-

1881 4482 2046 4546 doris,
2094 4480 2167 4535 ita
2197 4495 2228 4535 e
2257 4476 2531 4535 contrario
2575 4475 2670 4546 qui
2707 4475 2776 4530 ad
2813 4487 2933 4529 eam
2960 4474 3064 4530 sibi
3089 4483 3295 4530 temere
3323 4491 3473 4531 usur-

1881 4575 2112 4648 pandam
2134 4573 2582 4644 appropinquant,
2618 4567 2828 4638 perurit
2858 4567 2943 4624 sui
2975 4567 3347 4639 magnitudine
3383 4584 3473 4625 ar-

1881 4666 2046 4724 doris.
2073 4664 2272 4736 Sicque
2292 4663 2384 4735 qui
2413 4662 2463 4717 ei
2493 4661 2759 4716 inhterent
2786 4659 2975 4716 humili
2998 4668 3180 4716 mente
3206 4668 3262 4716 et
3287 4676 3471 4718 sacra-

1882 4755 1952 4810 tis
1990 4753 2253 4819 sensibus,
2307 4767 2524 4823 gressus
2567 4751 2768 4807 habent
2812 4751 3051 4808 munitos
3086 4752 3143 4806 in
3187 4751 3472 4822 praesentis

1881 4845 2006 4901 vitae
2041 4843 2215 4900 stadio
2244 4842 2387 4898 illius
2435 4842 2698 4912 lampadis
2743 4841 3169 4907 illuminatione;
3218 4843 3293 4896 illi
3342 4857 3470 4897 vero
3514 4903 3521 4918 .

1881 4939 1972 5011 qui
1994 4953 2114 4995 eam
2133 4944 2322 5008 petunt
2341 4952 2463 4992 cum
2485 4937 2757 4994 extraneis
2782 4945 2839 4992 et
2869 4935 3174 4992 temerariis
3195 4934 3463 5000 sensibus,
3515 4919 3526 4952 ’

1879 5029 2068 5086 interni
2110 5027 2252 5096 ignis
2295 5036 2607 5083 cremantur
2653 5027 2957 5091 adustione,
3005 5023 3148 5093 quod
3176 5022 3468 5094 ﬁguratum

1879 5128 1964 5175 est
2009 5119 2068 5173 in
2112 5127 2344 5188 quatuor
2381 5116 2507 5172 ﬁliis
2552 5116 2752 5172 Aaron.
2795 5114 2930 5168 Nam
2974 5128 3098 5169 cum
3146 5112 3375 5168 Eleazar
3413 5122 3469 5170 et

1880 5210 2082 5266 Itamar
2116 5207 2273 5277 juxta
2315 5207 2708 5265 institutionem
2747 5205 2914 5275 Moysi
2948 5204 3125 5274 ignem
3171 5205 3468 5260 sanctuarii

1883 5301 2110 5358 Domino
2138 5300 2426 5358 oﬁ‘erentes
2453 5297 2800 5357 sacerdotalis
2832 5295 3016 5350 infulae
3045 5295 3361 5365 dignitatem
3385 5297 3467 5350 in-

1882 5399 2025 5468 depti
2050 5403 2175 5452 sunt
2199 5411 2215 5450 :
2238 5395 2424 5453 Nadab
2458 5408 2588 5448 vero
2617 5401 2672 5446 et
2713 5388 2853 5442 Abiu
2882 5388 3062 5458 ignem
3091 5387 3325 5442 alienum
3361 5389 3468 5445 Do-

1881 5493 2029 5548 mino
2061 5489 2256 5547 oll'erre
2287 5491 2540 5550 nitentes,
2584 5481 3084 5538 formidolosissime
3125 5480 3466 5538 atrocissimo

1882 5585 2074 5642 mortis
2112 5597 2312 5654 genere
2357 5578 2567 5636 multati
2612 5583 2766 5640 sunt;
2797 5589 3026 5643 quorum
3071 5575 3315 5644 quisquis
3355 5578 3468 5634 vult

1882 5677 2056 5731 vitare
2096 5673 2430 5746 periculum,
2480 5670 2639 5726 debet
2686 5667 2873 5738 fugere
2917 5668 3240 5739 exemplum.
3293 5670 3466 5738 Quem
