4026 6156
551 377 689 435 1019

1433 371 1494 425 Β.
1535 370 1787 427 CAROL!
1827 369 2043 425 MAGNI
2082 367 2232 424 OPP.
2274 368 2454 424 PARS
2492 371 2554 424 ll.
2599 367 2843 425 SECTIO
2878 368 2943 424 Π.

3673 370 3820 430 meo

541 491 743 565 proteri
787 489 1070 560 arripiunt,
1113 486 1410 552 imitantur,
1454 488 1558 544 nisi
1599 501 1721 542 eum
1751 489 1844 557 qui
1878 486 2023 555 quod
2049 483 2116 538 dc
2142 481 2615 552 Aingrediamur,
2668 481 2888 551 dignum
2942 481 3192 540 duxi-mus
3237 490 3298 536 ut
3338 483 3572 553 qualiter
3621 495 3826 560 saan

543 580 774 652 simplici
815 581 932 637 viro
971 579 1120 649 justo
1160 579 1362 634 dictum
1390 587 1492 643 est,
1524 579 1580 632 in
1606 578 1903 633 mediatore
1943 575 2038 630 Dei
2067 584 2123 630 et

546 675 822 739 hominum
854 672 1198 742 interpretari
1224 679 1472 738 conatur,
1501 686 1627 725 cum
1648 670 1777 724 dicit
1802 687 1814 720 :
1857 667 2124 736 Scriptum

547 776 622 822 est
652 768 789 822 enim
813 783 831 819 :
857 766 1118 831 Quoniam
1160 763 1358 834 angelis
1392 764 1502 818 suis
1529 761 1793 817 mandavit
1819 761 1884 814 de
1908 769 1954 814 te
1985 769 2041 812 ut
2069 759 2128 814 in

547 857 786 912 manibus
815 856 998 911 tollant
1025 867 1093 924 te,
1125 857 1347 926 ne'forte
1391 855 1626 927 offendas
1669 856 1739 909 ad
1778 854 2004 924 lapidem
2041 869 2128 922 pe-

550 950 665 1002 dem
683 957 830 1003 tuum
855 947 1069 1020 (Matth.
1102 949 1202 1021 ιν).
1233 948 1302 1005 Ut
1324 949 1468 1004 enim
1491 948 1718 1003 validius
1739 953 1881 1002 esset
1903 947 1986 1002 sui
2012 955 2127 1003 ten-

551 1038 1187 1108 tamentigargumentum,
1213 1038 1518 1094 divinorum
1540 1038 1750 1107 apicum
1773 1038 1936 1092 traxit
1951 1052 2130 1093 exem-

550 1125 716 1196 plum,
763 1141 870 1195 quo
920 1125 1175 1180 libentius
1224 1126 1603 1184 abhauriretur
1653 1141 1764 1182 sum
1815 1127 2128 1182 tentationis

553 1217 823 1288 poculum,
854 1218 898 1274 si
922 1225 1232 1273 sanctarum
1271 1218 1672 1287 Scripturarum
1699 1219 1922 1274 haberet
1945 1218 2130 1274 condi-

555 1315 814 1362 mentum.
851 1319 876 1348 α
900 1306 1035 1360 Nam
1070 1307 1116 1361 si
1147 1307 1201 1361 in
1227 1307 1649 1376 interpretandis
1677 1307 1968 1378 Scripturis
2009 1307 2131 1361 imi-

555 1397 749 1454 tandus
773 1405 874 1462 est,
901 1405 955 1452 et
983 1398 1034 1450 in
1075 1397 1352 1453 fallacibus
1391 1400 1741 1454 tentamentis
1781 1399 2124 1469 sequendus:

555 1494 611 1541 ct
637 1486 681 1541 si
722 1487 777 1541 in
825 1486 1104 1544 fallacibus
1135 1491 1482 1545 tentamentis
1516 1491 1820 1562 sequendus
1859 1499 1960 1554 est,
1991 1498 2044 1544 ct
2076 1491 2131 1544 in

556 1577 770 1632 caeteris
805 1578 1048 1634 moribus
1074 1579 1517 1649 amplectendusoz
1549 1598 1653 1636 non
1682 1589 1860 1636 autem
1890 1581 1943 1635 in
1975 1590 2132 1636 caete-

555 1668 632 1723 ris
659 1669 897 1725 moribus
919 1670 1320 1740 amplectendus
1344 1681 1446 1738 est,
1469 1688 1576 1727 non
1599 1673 1760 1744 igitur
1785 1673 1838 1726 in
1864 1673 2128 1741 interpre-

555 1760 733 1816 tandis
758 1759 1050 1831 Scripturis
1078 1762 1387 1818 imitandus.
1431 1764 1522 1818 Ait
1551 1764 1694 1818 enim
1720 1766 1910 1818 beatus
1938 1763 2128 1818 Hiero-

2228 571 2469 625 Romana
2503 569 2744 625 Ecclesia
2768 571 2981 626 cmteris
3007 571 3266 628 Ecclesiis
3287 587 3317 626 a
3345 573 3574 631 Domino
3590 577 3824 644 praelata

2225 671 2280 716 et
2305 677 2336 717 a
2378 661 2625 717 ﬁdelibus
2653 662 2982 719 consulenda
3014 663 3105 728 sit,
3130 678 3519 733 prosequamur
3543 682 3558 720 :
3585 681 3824 737 νιεεειι..

2225 754 2326 808 tim
2348 768 2476 809 cum
2496 769 2602 808 non
2633 754 2702 808 ab
2741 753 2866 810 aliis
2900 752 3200 823 Scripturis
3227 755 3332 812 nisi
3359 755 3427 812 ab
3448 755 3538 814 his
3555 771 3696 826 quas
3725 760 3824 815 illa

2225 846 2368 900 inter
2387 845 2682 902 canonicas.
2701 846 2913 916 recipit,
2942 846 3258 904 testimonia
3276 847 3385 904 sint
3408 849 3696 917 sumenda,
3718 867 3828 908 nec

2227 938 2460 993 aliorum
2494 939 2776 994 doctorum
2819 938 2928 994 nisi
2954 953 3144 996 eorum
3169 939 3264 1008 qui
3293 954 3326 994 a
3354 937 3572 999 Gelasio
3600 943 3687 997 vel
3718 959 3826 999 cae-

2229 1028 2362 1082 teris
2396 1027 2538 1084 illius
2569 1037 2769 1084 sanctae
2815 1028 2960 1085 sedis
2999 1028 3346 1099 pontiﬁcibus
3389 1031 3632 1102 suscepti
3671 1043 3828 1100 sunt,

2230 1119 2480 1188 dogmata
2499 1121 2607 1174 sint
2626 1118 2994 1189 amplectenda
3022 1135 3037 1174 :
3067 1135 3168 1177 nec
3189 1119 3347 1176 aliter
3365 1127 3530 1190 atque
3549 1120 3706 1185 aliter
3723 1138 3829 1192 pro

2230 1210 2517 1281 cujuslibet
2557 1211 2802 1277 arbitrio,
2833 1214 2928 1267 sed
2961 1226 3092 1268 sane
3133 1212 3422 1284 sobrieque
3453 1227 3576 1282 qua:
3617 1214 3686 1272 ab
3714 1214 3832 1268 illis

2231 1305 2374 1360 dicta
2403 1312 2546 1369 sunt,
2575 1306 2683 1360 sint
2716 1304 3080 1375 intelligenda.
3119 1303 3212 1359 Ait
3249 1304 3399 1362 enim
3418 1305 3612 1362 beatus
3636 1304 3820 1375 Augu-

2230 1399 2406 1453 stinus
2449 1413 2572 1452 cum
2616 1397 2942 1464 institueret,
2977 1414 3098 1468 quae
3135 1399 3416 1469 scripuirae
3462 1407 3644 1454 essent
3681 1400 3820 1454 reci-

2228 1489 2437 1561 pienda
2473 1491 2557 1545 vel
2581 1490 2812 1560 qualiter
2848 1490 3211 1561 intelligendas
3240 1506 3256 1544 :
3292 1509 3312 1542 ι
3346 1490 3464 1546 Erit
3486 1491 3653 1561 igitur
3681 1490 3823 1546 divi-

2231 1595 2425 1635 narum
2481 1579 2880 1650 Scripturarum
2939 1579 3326 1637 solertissimus
3383 1580 3666 1650 indagator
3725 1581 3822 1650 qui

2229 1659 2407 1742 primo
2437 1679 2581 1727 totas
2617 1672 2814 1742 legerit
2838 1681 3102 1742 notasque
3132 1672 3382 1728 habuerit
3411 1673 3733 1743 Scripturas,
3763 1681 3824 1728 et

2235 1765 2285 1818 si
2328 1764 2567 1819 nondum
2594 1763 2887 1828 intellectu.
2925 1763 3039 1833 jam
3069 1773 3247 1819 tamen
3275 1765 3534 1830 lectione,
3563 1767 3823 1820 duntaxat

554 1864 766 1920 nymus,
803 1867 821 1899 ι
855 1848 990 1905 Male
1038 1851 1282 1907 diabolus
1320 1852 1627 1924 Scripturas
1675 1855 2075 1922 interpretatur.
2109 1874 2128 1907 ι
2162 1832 2332 1909 nleas
2356 1871 2476 1924 qua:
2497 1855 2836 1925 appﬂlantur
2859 1832 3149 1910 canonica.
3176 1854 3312 1912 Nam
3333 1863 3558 1912 caeteras
3581 1856 3831 1912 securius

558 1938 835 2008 Siquidem
856 1947 912 1994 et
946 1941 1185 1997 hatretici
1207 1951 1261 1997 et
1291 1943 1638 2008 schismatici,
1673 1944 1764 2013 qui
1801 1941 1917 2010 ejus
1949 1944 2134 2012 utique

557 2045 817 2099 sequaces
860 2037 1003 2099 sunt,
1031 2031 1172 2088 male
1213 2031 1419 2088 divinas
1466 2032 1773 2104 Scripturas
1807 2033 2130 2104 intelligunt,

557 2122 708 2193 pejus
740 2127 1174 2193 interpretantur,
1201 2127 1433 2196 pessime
1452 2143 1582 2182 vero
1601 2130 1912 2184 observant.
1939 2129 2136 2185 Catho-

558 2214 650 2269 lici
675 2226 851 2271 autem
874 2218 1127 2272 Veritatis
1151 2217 1346 2273 eruditi
1368 2220 1625 2288 exemplis
1648 2228 1702 2274 et
1727 2219 1934 2288 antiqui
1958 2219 2136 2274 hostis

561 2304 816 2359 resistunt
859 2308 1222 2372 tcntamentis,
1250 2315 1304 2363 ct
1329 2309 1692 2364 ltmreseorum
1727 2310 1996 2365 obsistunt
2022 2325 2136 2364 ma-

560 2392 936 2462 chinamentis,
986 2403 1040 2452 et
1091 2398 1253 2452 divini
1296 2400 1444 2453 verbi
1489 2414 1682 2452 manna
1728 2415 1864 2468 puro
1912 2408 1966 2454 et
2003 2415 2137 2457 sano

558 2497 721 2540 sensu
748 2487 1118 2557 suscipientes,
1150 2486 1267 2556 ejus
1291 2489 1536 2543 dulcibus
1580 2490 1794 2544 aluntur
1825 2489 2092 2546 alimentis
2118 2509 2132 2545 :

561 2575 756 2644 quibus
811 2591 920 2630 non
976 2577 1283 2644 importune
1334 2579 1617 2634 collectum
1671 2595 1865 2635 manna
1925 2597 2138 2638 vermes

562 2664 767 2729 ebullit,
801 2665 853 2719 id
879 2674 962 2720 est
998 2683 1105 2721 non
1149 2667 1263 2736 ejus
1289 2669 1628 2725 conscientiae
1671 2687 1866 2727 arcana
1915 2683 1969 2727 et
2016 2689 2139 2730 sen-

562 2767 721 2808 suum
765 2754 953 2809 intima
1000 2758 1263 2826 superbiae
1310 2760 1541 2815 stimulis
1578 2762 1832 2818 confodit.
1871 2764 2138 2821 Discussis

563 2841 746 2914 itaque
769 2859 888 2913 quae
926 2847 1009 2901 vel
1037 2856 1354 2917 arroganter
1380 2850 1464 2904 vel
1493 2851 1702 2916 indocte
1727 2870 1757 2908 a
1782 2853 2138 2910 Constantino

563 2941 618 2989 et
636 2933 860 2989 Hterena
884 2938 951 2990 ad
973 2939 1330 2994 venerabilem
1355 2955 1545 3010 papam
1569 2945 1716 2999 urbis
1740 2944 1922 3000 Romae
1946 2945 2139 3001 Adria-

564 3038 693 3078 num
714 3024 913 3094 scripta
939 3033 1079 3091 sunt,
1109 3029 1221 3082 sive
1243 3046 1404 3100 quam
1424 3033 1742 3090 brevissime
1762 3035 1983 3105 digestis
2003 3052 2140 3105 qua-

565 3112 688 3168 liter
718 3113 1012 3184 Scripturae
1054 3129 1253 3175 sanctae
1282 3109 1401 3174 non
1445 3122 1602 3177 aliter
1641 3125 2023 3195 intelligendas,
2054 3127 2141 3181 vel

569 3206 1003 3278 interpretanda,
1040 3212 1121 3265 vel
1160 3228 1258 3282 pro
1290 3229 1386 3268 suo
1421 3216 1614 3286 cuique
1654 3219 1876 3272 arbitrio
1921 3220 2140 3288 proprio

567 3301 750 3354 sensui
800 3303 1265 3359 accommodandae
1312 3306 1438 3370 sint,
1468 3309 1560 3362 sed
1607 3311 1900 3364 secundum
1955 3325 2141 3364 sanam

568 3391 913 3462 sobriamque
950 3394 1245 3450 doctrinam
1286 3396 1506 3468 intelligi
1537 3399 1784 3463 debeant,
1811 3417 1953 3455 nunc
1987 3401 2141 3455 testi-

570 3483 874 3542 moniorum
925 3484 1167 3540 ordinem
1213 3487 1304 3554 qui
1347 3503 1378 3540 a
1405 3489 1606 3542 sanctis
1649 3488 1943 3558 Scripturis
1969 3490 2082 3543 sive
2110 3505 2141 3542 a

569 3582 884 3628 sanctorum
918 3573 1135 3630 Patrum
1162 3578 1480 3634 tractatibus
1519 3578 1757 3650 digestus
1789 3589 1892 3644 est,
1915 3590 1970 3634 et
1999 3581 2146 3633 inor-

573 3662 758 3719 dinate
778 3666 892 3719 sive
929 3682 1036 3723 non
1061 3670 1275 3737 proprie
1295 3672 1361 3726 ab
1390 3673 1473 3726 bis
1499 3673 1590 3741 qui
1617 3673 1670 3726 in
1693 3673 1912 3741 praefata
1939 3672 2146 3741 synodo

572 3755 778 3811 sedisse
802 3767 1115 3824 noscuntur,
1139 3771 1444 3831 usurpatus,
1473 3764 1662 3818 ordine
1693 3763 2015 3831 competenti
2046 3763 2143 3817 do-

573 3845 723 3902 mino
756 3845 968 3901 favente
1009 3865 1365 3920 exsequamur
1397 3862 1658 3923 ponentes
1705 3853 1964 3907 duntaxat
2000 3868 2146 3907 sum-

575 3935 762 3989 matim
786 3938 912 4006 quid
938 3950 1245 3997 sanctorum
1281 3944 1500 3999 Patrum
1531 3945 1598 4000 de
1623 3947 1707 4002 his
1729 3947 1998 4002 deﬁnierit
2026 3963 2147 4002 sen-

576 4027 763 4092 tentia,
782 4029 862 4084 vel
884 4031 1150 4099 quomodo
1169 4048 1202 4087 a
1223 4035 1618 4091 venerabilibus
1640 4037 1776 4092 viris
1788 4037 1996 4107 prolata
2018 4037 2146 4103 sint,

574 4132 694 4187 qua:
719 4121 788 4176 ad
815 4137 972 4178 suum
997 4138 1237 4180 errorem
1263 4127 1613 4181 astruendum
1640 4129 1858 4184 illorum
1887 4129 2152 4200 agglome—

573 4214 714 4268 ravit
755 4217 1035 4271 amentia:
1063 4217 1260 4286 quibus
1305 4233 1404 4287 pro
1442 4227 1685 4288 tempore
1717 4222 1773 4276 in
1797 4222 2153 4290 praesentibus

573 4304 785 4359 duobus
813 4306 1002 4373 primis
1032 4307 1394 4364 voluminibus
1416 4313 1758 4376 enumeratis,
1784 4313 1914 4383 quid
1934 4314 2157 4383 proprio

575 4407 740 4448 sensu
775 4395 952 4452 minus
981 4398 1138 4453 docte
1170 4405 1228 4452 et
1256 4408 1444 4454 contra
1475 4410 1782 4459 sanctorum
1818 4404 2044 4460 Patrum
2070 4407 2154 4460 in.

2239 1947 2399 2015 leget,
2423 1947 2529 2002 ﬁde
2551 1947 2794 2002 veritatis
2820 1948 3131 2013 instructus,
3149 1962 3218 2001 ne
3248 1955 3629 2017 praeoccupcnt
3654 1948 3834 2005 imbe—

2240 2041 2422 2096 cillum
2448 2041 2706 2106 animum,
2735 2051 2788 2095 et
2815 2040 3132 2110 periculosis
3155 2039 3641 2108 mendaciisatquc
3660 2040 3838 2108 phan-

2238 2133 2490 2186 tasmatis
2513 2132 2788 2187 eludentes
2821 2129 3169 2200 praeiudicent
3196 2129 3397 2197 aliquid
3418 2139 3604 2184 contra
3634 2144 3844 2184 sanam

2241 2222 2666 2293 intelligentiam.
2695 2222 2752 2274 ln
2780 2222 3052 2275 canonicis
3093 2227 3271 2272 autem
3306 2219 3598 2285 Scripturis
3637 2219 3848 2275 Eccle-

2241 2315 2446 2371 siarum
2495 2312 2876 2368 catholicarum
2931 2307 3384 2376 quamplurimum
3433 2308 3840 2362 auctoritatem

2240 2410 2494 2471 sequatur
2519 2415 2533 2452 :
2559 2401 2700 2454 inter
2731 2412 2864 2467 quas
2891 2411 3023 2451 sane
3051 2396 3156 2450 illae
3189 2396 3301 2450 sint
3333 2411 3452 2464 qua“:
3492 2397 3852 2466 apostolicae

2241 2493 2396 2547 sedes
2422 2491 2621 2544 habere
2640 2497 2696 2543 et
2717 2485 2970 2558 epistolas
2991 2487 3238 2554 accipere
3265 2493 3599 2540 meruerunt.
3639 2505 3657 2538 ι
3684 2486 3842 2542 Nam

2242 2597 2363 2637 cum
2391 2581 2479 2636 hic
2507 2578 2718 2633 cunctis
2750 2591 2848 2646 per
2881 2577 3071 2632 orbem
3105 2574 3415 2632 constitutis
3441 2575 3657 2631 sedibus
3701 2590 3847 2644 apo-

2241 2670 2460 2726 stolicas
2490 2667 2813 2740 generaliter
2849 2664 3107 2735 praeferat
3136 2666 3312 2730 sedes,
3345 2665 3516 2721 multo
3541 2665 3715 2736 magis
3739 2665 3842 2720 illa

2241 2763 2492 2819 omnibus
2514 2758 2849 2830 prmisrenda
2875 2765 2958 2813 est
2983 2773 3104 2826 qua:
3137 2758 3300 2812 etiam
3335 2757 3546 2813 caeteris
3573 2757 3842 2826 apostoli-

2243 2855 2324 2909 cis
2355 2854 2570 2909 sedibus
2595 2851 2821 2921 praelata
2848 2857 2949 2905 est.
2993 2847 3146 2904 Sicut
3181 2848 3343 2918 igitur
3369 2848 3579 2905 caeteris
3604 2847 3842 2917 discipu-

2244 2944 2314 3000 lis
2339 2943 2584 3015 apostoli,
2615 2950 2670 2998 et
2709 2939 2966 3010 apostolis
3006 2938 3258 2993 omnibus
3285 2937 3478 2992 Petrus
3503 2936 3725 3002 eminet,
3760 2937 3842 2991 ita

2245 3035 2504 3089 ninirum
2540 3033 2752 3087 caeteris
2795 3030 3012 3087 sedibus
3057 3028 3384 3097 apostolica,
3431 3036 3484 3084 et
3523 3029 3839 3098 apostolicis

2258 3125 2502 3179 Romana
2524 3122 2762 3178 eminere
2795 3119 3143 3188 dignoscitur.
3187 3119 3316 3178 Hac
3343 3120 3488 3176 enim
3521 3119 3683 3176 nullis
3708 3135 3842 3190 syn-

2245 3215 2418 3272 odieis
2463 3212 2772 3270 constitutis
2799 3211 3013 3266 caeteris
3044 3208 3302 3266 Ecclesiis
3345 3210 3568 3290 praelata
3605 3218 3708 3275 est,
3741 3212 3850 3267 sed

2244 3307 2414 3376 ipsius
2440 3303 2652 3360 Domini
2693 3300 3014 3358 auctoritate
3042 3300 3336 3368 primatum
3383 3307 3549 3366 tranet,
3582 3301 3839 3366 dicentis,

2247 3397 2324 3450 Tu
2357 3414 2410 3452 es
2441 3396 2649 3458 Petrus,
2680 3403 2728 3448 et
2756 3409 2911 3463 super
2940 3393 3075 3448 hanc
3104 3401 3308 3462 petram
3350 3393 3622 3461 wdiﬁcabo
3652 3391 3842 3446 Eccle-

2243 3488 2379 3548 siam
2408 3502 2596 3549 meam,
2629 3493 2678 3538 et
2701 3493 2866 3554 portat
2892 3472 3087 3551 iriferni
3118 3498 3223 3536 non
3265 3481 3617 3552 pratvalebunt
3651 3481 3842 3536 adver-

2243 3593 2332 3631 sus
2360 3591 2513 3630 eam:
2542 3583 2590 3629 et
2621 3574 2713 3629 tibi
2744 3574 2879 3628 dabo
2912 3571 3079 3626 claves
3123 3572 3267 3641 regni
3296 3570 3563 3634 caelorum,
3589 3581 3636 3625 et
3667 3571 3840 3641 quod-

2245 3682 2444 3736 cunque
2465 3665 2706 3734 ligaveris
2727 3679 2882 3732 super
2903 3671 3118 3727 terram,
3137 3673 3235 3715 ent
3256 3661 3476 3730 ligatum
3496 3669 3543 3717 et
3570 3663 3628 3716 in
3652 3661 3795 3716 castis
3815 3677 3837 3714 :

2245 3766 2293 3812 et
2315 3755 2656 3826 quodcunque
2680 3753 2894 3808 solveris
2914 3768 3070 3823 super
3093 3760 3304 3817 terram,
3329 3753 3426 3806 erit
3451 3751 3685 3808 solutum
3705 3761 3752 3804 et
3781 3752 3838 3805 in

2247 3849 2385 3904 cretis
2427 3846 2650 3919 (Matth.
2685 3844 2830 3918 xvr).
2870 3844 2969 3900 Cui
3003 3858 3110 3900 non
3159 3843 3449 3912 incongrue
3491 3844 3635 3900 beati
3680 3842 3842 3898 Pauli.

2249 3939 2485 3997 doctoris
2510 3938 2752 4011 gentium
2774 3944 2856 3992 est
2887 3936 3146 3992 attributa
3173 3933 3424 3998 societas,
3451 3942 3512 3988 ut
3543 3934 3690 3990 illius
3711 3949 3838 3988 san-

2249 4041 2350 4088 ctze
2378 4031 2629 4087 Ecclesiae
2663 4029 2881 4085 omnino
2926 4025 3236 4081 ﬁrmaretur
3261 4026 3555 4082 auctoritas
3586 4043 3598 4077 :
3640 4033 3839 4093 quate-

2251 4138 2354 4177 nus
2381 4122 2552 4176 altero
2583 4121 2652 4174 ad
2677 4117 2964 4188 piscandas
2993 4117 3203 4172 animas
3231 4115 3405 4174 electo
3441 4131 3503 4170 ex
3533 4113 3832 4182 piscatore,

2251 4215 2422 4270 altero
2459 4215 2525 4268 ad
2579 4209 2923 4267 muniendam
2961 4208 3264 4264 Ecclesium
3307 4222 3376 4264 ex
3422 4213 3772 4276 persecutore
3809 4219 3825 4259 :

2252 4312 2314 4359 ut
2339 4305 2394 4358 in
2419 4303 2588 4359 altero
2614 4301 2712 4357 Dei
2732 4299 2852 4356 Filii
2872 4312 3002 4355 vera
3028 4295 3316 4362 confessio,
3363 4297 3418 4355 in
3458 4296 3630 4357 altero
3670 4309 3832 4365 appa-

2254 4404 2399 4451 reret
2429 4393 2596 4450 divini
2622 4392 2772 4448 verbi
2801 4404 2956 4449 sacra
2985 4388 3325 4458 praedicatio;
3361 4402 3486 4446 cum
3527 4387 3684 4466 alteri
3708 4401 3833 4446 con-

573 4485 910 4594 stitutionem
961 4489 1030 4543 ob
1077 4488 1468 4588 adorandarnm
1509 4493 1801 4565 imaginqu
1827 4495 2152 4594 superﬂuam
2180 4521 2236 4594 Β
2257 4487 2485 4594 οξεεθΐὶι
2511 4484 2652 4584 idem.
2681 4481 2775 4594 Βιξί
2801 4481 2975 4594 Filius.
2994 4480 3173 4594 013385

577 4575 900 4643 protulerint
935 4576 1392 4646 constitutionem,
1435 4586 1773 4653 sequentium
1817 4584 2046 4640 duorum
2092 4586 2155 4640 li-

577 4663 800 4719 brorum
822 4665 988 4720 series
1009 4665 1242 4722 Domino.
1255 4677 1522 4726 annuente
1542 4674 1811 4740 discutiet,
1827 4675 2154 4744 prmmitten—

580 4759 663 4810 tes
697 4754 750 4809 in
777 4756 1022 4824 sequenti
1051 4757 1284 4827 capitulo
1317 4761 1551 4831 qualiter
1577 4773 1764 4822 sancta
1790 4765 2030 4821 Romana
2057 4765 2156 4820 an

579 4844 744 4902 clesia
787 4845 930 4900 inter
974 4855 1196 4906 caeteras
1238 4851 1508 4914 Ecclesias
1551 4854 1784 4908 maxime
1823 4854 2156 4909 venerationi

577 4937 781 5003 habita,
813 4951 912 5006 pro
939 4941 1118 4998 causis
1143 4942 1264 5000 ﬁdei
1289 4946 1359 4999 sit
1380 4943 1727 5001 consulenda.

1194 5054 1419 5110 CAPUT
1460 5052 1544 5106 Vl.

583 5150 736 5216 Quod
757 5163 938 5208 sancta
970 5155 1229 5218 Romana,
1259 5154 1514 5207 catholica
1542 5161 1590 5205 et
1611 5151 1898 5221 apostolica
1922 5150 2159 5210 Ecclesia

656 5223 852 5298 steteris
884 5223 1133 5298 Ecclesiis
1152 5221 1392 5298 praelata,
1420 5238 1513 5298 pro
1536 5221 1708 5298 causis
1731 5222 1854 5291 ﬁdei
1873 5237 1992 5298 cum
2019 5242 2161 5296 qua:—

652 5291 751 5346 stio
774 5294 938 5361 surgit
973 5291 1183 5347 omnino
1213 5293 1279 5344 sit
1307 5291 1647 5350 consulendo.

651 5381 955 5457 Antequam
981 5382 1440 5439 discutientlorum
1464 5386 1898 5444 testimoniorum
1922 5403 2043 5458 quae
2070 5391 2162 5446 ab-

582 5473 744 5528 surde
791 5469 1092 5528 Orientales
1135 5473 1192 5528 in
1231 5489 1326 5532 sua
1359 5477 1563 5546 synodo
1611 5485 1944 5544 taxavcrunt,
1972 5479 2162 5534 silvam

655 5597 682 5661 ξι
715 5583 986 5661 Illam‘nisi
1016 5588 1416 5659 interpretandis
1440 5589 1728 5661 Scripturis
1757 5590 2042 5644 imitandus
2065 5601 2160 5657 est,

587 5660 636 5730 et
662 5651 717 5730 in
740 5651 996 5730 [acittibus
1026 5651 1687 5730 tentamentisvsequendas.
1715 5662 1890 5716 Locus
1910 5651 2165 5730 pravatus

590 5722 795 5802 eligo-lo
815 5735 985 5802 sensu
1025 5722 1638 5802 abcrrans.__Re§'tituam
1684 5747 1843 5802 sensu
1883 5722 2160 5800 exigente:

597 5797 618 5828 ε
653 5780 788 5832 Nm
813 5785 859 5836 εί
890 5788 943 5838 in
969 5790 1383 5858 in‘e'Pretandis
1414 5780 2160 5870 seems;"insanust;

2257 4574 2466 4631 clavem
2509 4572 2919 4643 aperiendornm
2961 4570 3212 4642 legalium
3258 4570 3584 4632 verborum:
3617 4571 3834 4638 utrique

2254 4672 2439 4722 tamen
2464 4663 2718 4719 virtutem
2749 4662 3045 4732 signorum,
3081 4676 3190 4731 quo
3210 4661 3347 4717 alter
3378 4661 3450 4718 ad.
3481 4675 3603 4714 eum
3638 4673 3821 4722 cruce,

2256 4754 2394 4810 alter
2413 4753 2588 4822 gladio
2609 4766 2859 4820 pergens,
2889 4751 3136 4810 ﬁdelibus
3163 4752 3518 4808 arrhabonem
3529 4746 3825 4817 corporalis

2256 4841 2483 4900 sarcinae
2519 4840 2902 4908 relinquentes,
2953 4849 3006 4896 et
3050 4843 3280 4912 exempli
3326 4838 3549 4910 fulgore,
3589 4845 3644 4894 et
3670 4837 3828 4892 verbi

2258 4937 2470 4996 decore,
2497 4940 2553 4989 et
2579 4941 2766 4986 sancto
2793 4947 2984 4989 cruore
3009 4935 3373 5004 supradictam
3401 4930 3696 4988 Ecclesiam
3723 4930 3834 4984 Bo-

2259 5040 2474 5082 manam
2497 5025 2548 5080 ei
2569 5023 2830 5088 dicarem,
2854 5039 3014 5092 quam
3040 5040 3204 5094 supra
3223 5024 3604 5082 solidissimam
3625 5031 3833 5092 petram

2260 5117 2538 5173 fundatam
2568 5130 2668 5172 nec
2694 5115 3022 5174 descendens
3051 5117 3249 5184 pluvia,
3292 5131 3396 5174 nec
3427 5114 3698 5171 venientia
3742 5111 3834 5167 llu-

2262 5209 2426 5274 mina,
2473 5222 2572 5262 nec
2618 5205 2806 5261 ﬂantes
2851 5206 3000 5261 venti
3049 5221 3210 5262 ruere
3255 5204 3664 5274 compellerent.
3711 5202 3832 5257 Haec

2260 5315 2391 5370 ergo
2434 5304 2633 5352 sanctae
2682 5296 2804 5352 ﬁdei
2841 5296 3167 5366 spiritalibus
3216 5296 3426 5351 munita
3473 5294 3640 5350 armis
3658 5333 3674 5359 ,
3713 5301 3766 5347 et
3799 5306 3832 5346 a

2260 5388 2411 5444 fonte
2445 5387 2582 5442 lucis
2619 5393 2674 5441 et
2710 5385 2917 5456 origine
2950 5385 3226 5450 bonitatis,
3273 5383 3606 5440 salutaribus
3639 5381 3831 5435 satiata

2261 5477 2494 5545 ﬂuentis,
2529 5488 2584 5534 et
2605 5478 2884 5534 horrendis
2910 5477 3288 5544 atrocibusque
3311 5477 3583 5532 bairesum
3624 5471 3833 5527 obsistit

2263 5601 2321 5647 et
2347 5593 2403 5647 in
2432 5593 2709 5646 fallacibus
2742 5590 3082 5644 tentamentis
3112 5589 3434 5656 sequendus.
3488 5587 3557 5640 Et
3580 5586 3623 5640 si
3651 5587 3704 5656 in
3737 5582 3832 5636 fal-

2245 5663 2470 5721 lacibus
2495 5662 2860 5724 tentameutis,
2883 5668 2985 5716 etc.
3021 5681 3039 5712 ι
3079 5655 3220 5714 Nihil
3247 5660 3443 5722 verius,
3474 5663 3529 5711 et
3550 5655 3836 5724 conﬁrmat

2267 5733 2408 5817 quod
2438 5732 2636 5817 legitur
2659 5731 2752 5817 lib:
2781 5723 2860 5794 tu,
2891 5746 3006 5817 cap,
3036 5728 3102 5792 ¹12
3132 5747 3143 5781 :
3184 5747 3201 5778 ι
3241 5729 3308 5782 Ει
3332 5726 3656 5796 contemptis
3682 5723 3837 5778 falla-

2207 5849 2228 5879 -ε
2263 5799 2418 5857 cibus
2444 5799 2796 5855 diverticulis.
2834 5819 2852 5851 ι
