4026 6156
172 453 309 511 ’1021

964 443 1144 502 unm
1176 435 1523 499 CAROLINI.
1562 461 1637 475 —
1672 428 1897 487 CAPIT.
1941 431 2028 486 ne
2065 430 2255 488 mae.
2296 461 2368 472 —
2406 410 2549 486 LIB?
2578 416 2623 486 1".

3294 427 3436 485 1022

171 535 445 641 monstris,
482 572 535 618 et
558 560 812 619 melliﬁua
832 560 1231 632 praedicationis
1253 554 1442 627 pocula
1466 548 1744 615 catholicis
1769 548 1823 609 Δ
2028 555 2259 641 atram,
2284 547 2426 641 sicut
2464 545 2560 608 illo
2589 545 2876 641 pervenire
3035 543 3443 641 iliceavictda-

178 680 269 736 per
289 636 474 716 orbem
497 659 769 714 ministrat
792 654 1065 711 Eeclesiis.
1098 652 1235 707 Nam
1258 648 1603 707 beatissimus
1633 642 1752 698 Hie-
1849 636 1965 691 rius
1990 645 2190 736 exstat,
2226 634 2690 736 desiderantzfid‘
3323 648 3443 736 ,μηδ

179 725 445 825 ίόιιιγιιιιιε,
473 750 557 804 vir
585 747 783 803 divinis
806 745 1016 817 legibus
1050 751 1102 798 et
1126 742 1415 805 multarum
1445 737 1750 807 linguarum
1850 729 2151 798 pervenire,
2177 736 2231 783 et
2254 730 2308 783 in
2333 736 2535 783 sancta:
2563 727 2822 785 Ecclesia:
2848 727 3125 787 consortio
3157 732 3216 782 el-
3246 725 3446 782 unione

176 844 363 915 peritia
394 842 659 907 eruditus,
711 839 838 909 dum
865 834 1319 899 Bethlehemiticis
1357 837 1659 889 moraretur
1695 827 1761 883 iu

176 934 332 994 arvis,
368 940 421 1005 et
452 947 485 985 a
519 932 682 985 beato
711 942 843 999 papa
879 926 1105 979 Damaso
1135 924 1321 979 Romae
1344 921 1520 992 posito
1558 920 1624 975 de
1654 915 1755 973 dif-

174 1024 404 1079 ﬁcilibus
433 1022 801 1080 consuleretur
839 1018 1242 1089 quzestionibus,
1282 1031 1404 1072 eum
1442 1028 1541 1085 pro
1578 1011 1759 1069 causis

173 1116 297 1170 ﬁdei
324 1131 478 1171 versa
505 1115 620 1170 vice
644 1110 973 1168 consuluisse
993 1110 1345 1183 dignoscitur,
1370 1116 1427 1164 et
1446 1106 1559 1162 sive
1578 1114 1761 1161 tacen-

172 1208 365 1262 darum
397 1208 510 1262 sive
535 1204 883 1261 dicendarum
922 1202 1306 1273 hypostaseon,
1346 1199 1434 1254 vel
1461 1197 1659 1269 quibus
1700 1197 1769 1265 in,

170 1294 534 1363 Orientalibus
569 1294 813 1373 partibus
858 1293 1259 1359 communicare
1301 1290 1494 1347 debeat
1523 1286 1759 1343 humilli-

174 1386 272 1441 mis
295 1386 545 1458 apicibus
571 1394 630 1439 ut
654 1385 838 1455 apices
860 1383 1092 1454 accipiat
1116 1384 1454 1452 deprecatur.
1507 1379 1644 1435 Mira
1671 1392 1773 1437 res

174 1487 227 1534 et
261 1479 467 1552 magnis
499 1476 842 1559 praedicanda
881 1476 1185 1547 praeconiis.
1236 1475 1544 1544 Interrogat
1582 1488 1614 1526 a
1652 1485 1762 1541 quo

173 1572 550 1643 interrogatur,
595 1569 827 1635 consulit
867 1585 897 1624 a
935 1584 1042 1640 quo
1086 1569 1406 1633 consulitur,
1457 1566 1551 1637 qui
1584 1564 1760 1635 magi—

173 1672 340 1737 strum
366 1680 425 1721 se
463 1665 518 1719 in
549 1661 965 1733 interpretandis
999 1659 1195 1717 divinis
1237 1656 1537 1726 Scripturis
1576 1654 1762 1721 sentit,

172 1755 225 1810 in
253 1756 432 1823 causis
457 1752 580 1819 ﬁdei
609 1750 903 1807 venerandi
930 1749 1201 1820 pontiﬁcis
1227 1764 1285 1803 se
1307 1746 1633 1818 discipulum
1656 1745 1760 1805 mi-

170 1846 316 1902 nime
343 1845 647 1901 erubescit:
672 1850 728 1899 et
756 1842 843 1905 cui
865 1855 1034 1901 sacra:
1055 1840 1187 1909 legis
1210 1839 1567 1909 quaestionum
1591 1852 1761 1892 nexus

170 1933 389 2000 enodat,
421 1941 601 1988 utrum
634 1901 942 2004 hypostasis
973 1901 1151 1985 dicere
1178 1901 1388 1995 debeat,
1424 1928 1685 1997 quibusve
1708 1928 1762 1981 in
1787 1901 1842 1968 Β

171 2023 398 2089 Oriente
431 2022 850 2088 communicare,
889 2019 1166 2092 efflagitat.
1221 2020 1375 2077 Unde
1421 2020 1581 2077 datur
1609 2019 1777 2079 intclr

170 2116 267 2188 ligi
291 2125 509 2175 sanctos
528 2123 582 2172 et
605 2114 847 2175 eruditos
871 2113 1016 2168 viros
1040 2126 1137 2183 per
1162 2113 1403 2168 diversas
1435 2113 1621 2169 mundi
1649 2126 1769 2183 par-

167 2216 252 2263 tes
275 2206 676 2278 prmdieationis
719 2212 775 2263 et
821 2204 1063 2259 scientia:
1101 2202 1346 2274 lampade
1393 2209 1764 2268 coruscantes,

172 2314 277 2365 non
305 2298 479 2355 solum
499 2314 529 2354 a
554 2305 737 2363 sancta
771 2296 1014 2359 Romana
1045 2296 1288 2351 Ecclesia
1319 2312 1424 2351 non
1452 2296 1763 2360 recessisse,

170 2388 279 2455 sed,
295 2389 459 2444 etiam
489 2395 727 2459 tempore
751 2388 1089 2453 necessitatis
1116 2387 1187 2443 ob
1212 2386 1335 2443 ﬁdei
1364 2386 1766 2443 corroboratio-

170 2491 298 2534 nem
338 2478 405 2532 ab
440 2491 503 2533 ea
540 2476 864 2545 adjutorium
883 2478 1221 2548 implorasse.
1248 2476 1401 2545 Quod
1419 2479 1762 2550 regulariter,

171 2575 233 2622 ut
259 2565 473 2638 praefati
501 2581 689 2621 sumus
714 2575 775 2625 et
802 2568 1061 2637 exemplis
1089 2569 1391 2633 docuimus,
1434 2584 1625 2626 omnes
1668 2584 1764 2624 ca-

172 2659 389 2715 tholicze
440 2659 639 2727 debent
679 2660 968 2714 observare
1015 2658 1291 2725 Ecclesiae,
1328 2666 1390 2714 ut
1433 2661 1501 2715 ab
1547 2676 1615 2715 ea
1643 2668 1773 2731 post

171 2750 456 2817 Christum
491 2750 560 2817 ad
598 2749 947 2805 muniendam
986 2747 1151 2809 ﬁdem
1190 2748 1516 2818 adjutorium
1542 2757 1765 2819 petant:

169 2857 297 2912 quae
322 2856 430 2896 non
452 2840 661 2905 habens
682 2840 965 2906 maculam,
991 2854 1093 2896 nec
1116 2856 1325 2910 rugam,
1341 2849 1396 2895 et
1421 2847 1770 2911 portentuosa

170 2930 449 2993 haercsum
491 2930 665 3000 capita
706 2930 898 2995 calcat,
948 2937 1002 2985 et
1043 2929 1284 2987 ﬁdelium
1313 2939 1523 2993 mentes
1568 2933 1621 2986 in
1666 2930 1769 2986 ﬁde

170 3021 517 3085 corroborat.
549 3019 601 3085 Α,
615 3018 769 3090 cujus
790 3028 971 3076 sancta
994 3028 1049 3076 et
1066 3022 1370 3083 veneranda
1392 3023 1768 3081 communione

170 3112 351 3169 multis
395 3112 775 3179 recedentibus
813 3119 1010 3167 nostrae
1052 3120 1235 3169 tamen
1272 3114 1445 3184 partis
1489 3129 1769 3185 nunquam

171 3203 400 3261 recessit
434 3203 699 3269 Ecclesia,
740 3203 835 3259 sed
877 3219 940 3258 ea
982 3203 1281 3273 apostolica
1331 3206 1638 3265 eruditione
1685 3208 1767 3261 in-

170 3302 435 3360 struente,
462 3301 516 3348 et
546 3307 612 3351 eo
645 3311 687 3353 a.
718 3308 821 3364 quo
867 3302 941 3348 est
980 3309 1130 3347 omne
1177 3293 1372 3348 donum
1414 3296 1666 3364 optimum
1718 3305 1779 3349 et.

171 3400 314 3439 omne
351 3385 542 3439 datum
576 3384 864 3455 perfectum
904 3384 1112 3455 (Jacob.
1144 3384 1185 3453 ι)
1222 3386 1515 3451 tribuente,
1556 3402 1773 3458 semper

170 3474 412 3555 suscepit
444 3474 743 3531 reverenda
777 3475 1125 3531 charismata.
1173 3476 1304 3543 Quae
1349 3478 1474 3533 dum
1513 3494 1543 3533 a
1580 3480 1779 3549 primis.

169 3561 295 3619 ﬁdei
323 3566 664 3635 temporibus
687 3581 808 3622 cum
833 3582 899 3622 ea
925 3576 1197 3637 perstaret
1222 3570 1277 3623 in
1299 3584 1465 3625 sacrm
1491 3570 1770 3641 religionis

169 3654 400 3719 unione,
424 3656 571 3711 etab
595 3672 658 3712 ea
692 3658 851 3729 paulo
876 3660 1123 3727 distaret,
1172 3660 1315 3730 quod
1355 3671 1532 3721 tamen
1579 3674 1769 3722 contra

168 3742 332 3800 ﬁdem
374 3760 484 3800 non
507 3754 607 3812 est,
634 3747 689 3800 in
712 3746 1007 3805 ofﬁciorum
1036 3750 1423 3821 celebratione,
1448 3757 1773 3813 veneranda:

169 3835 460 3890 memoriae
485 3835 743 3905 genitoris
785 3839 956 3893 nostri
1001 3838 1354 3896 illustrissimi
1389 3850 1552 3913 atque
1587 3844 1769 3910 excel-

168 3922 472 3981 lentissimi
498 3925 598 3980 viri
620 3925 791 3996 Pipini
816 3929 959 3999 regis
991 3945 1139 3995 cura,
1168 3940 1224 3986 et
1244 3931 1509 3987 industria
1537 3935 1650 3988 sive
1677 3936 1772 3989 ad-

168 4023 405 4071 ventum
433 4015 488 4069 in
520 4014 720 4071 Gallias
760 4021 1181 4075 reverentisSirni
1212 4029 1266 4076 et
1294 4022 1622 4081 sanctissimi
1666 4024 1779 4083 viri,

171 4104 443 4179 Stephani
480 4107 740 4171 Romana:
774 4111 923 4166 urbis
967 4113 1246 4177 antistitis,
1296 4122 1381 4168 est
1417 4114 1470 4168 ei
1503 4115 1669 4171 etiam
1717 4116 1773 4171 in

167 4197 438 4267 psallendi
463 4201 655 4257 ordine
697 4202 965 4273 copulata,
1004 4213 1064 4260 ut
1091 4221 1203 4261 non
1244 4213 1390 4261 esset
1430 4206 1613 4277 dispar
1639 4208 1773 4267 ordo

166 4291 441 4361 psallendi
466 4292 663 4361 quibus
687 4304 805 4349 erat
831 4310 1051 4366 compar
1072 4296 1237 4354 ardor
1265 4297 1550 4365 credendi;
1577 4308 1633 4355 et
1652 4315 1775 4370 quae

166 4382 331 4440 unitas
377 4392 534 4449 erant
558 4384 720 4443 unius
745 4394 950 4453 sanctae
974 4387 1111 4458 legis
1131 4403 1288 4445 sacra
1309 4388 1563 4457 lectione,
1592 4399 1777 4447 essent

164 4473 335 4535 etiam
392 4476 558 4532 unita:
583 4478 744 4537 unius
787 4483 1175 4545 modulationis
1216 4478 1324 4557 [AL
1370 4485 1773 4560 modulaminis]

1855 818 1943 873 ille
1988 833 2086 873 nos
2130 818 2292 874 iaciat
2332 832 2699 890 perseverare,
2738 819 2831 888 qui
2870 817 3169 877 Ecclesiam
3199 831 3354 875 suam
3390 816 3447 870 in

1855 909 2018 966 Petro
2069 910 2319 981 dignatus
2362 919 2446 967 cst
2480 909 2747 966 fundare:
2788 918 2844 964 et
2895 908 3011 979 ipso
3057 908 3448 965 interveniente

1859 1001 2011 1071 cujus
2058 999 2329 1057 cathedrae
2377 1015 2563 1056 sumus
2611 1012 2904 1069 sequaces,
2954 999 3107 1069 regni
3151 999 3445 1065 caelorum,

1860 1092 2012 1163 cujus
2041 1092 2129 1146 ille
2159 1091 2393 1162 claviger
2421 1090 2595 1146 factus
2629 1097 2745 1157 est,
2785 1103 3094 1151 mereamur
3122 1088 3261 1145 eﬁici
3302 1104 3455 1145 com-7

1860 1195 2034 1259 potes.

2458 1271 2686 1331 CAPUT
2733 1270 2836 1326 Vll.

1866 1389 2018 1457 Quod
2072 1404 2176 1444 non
2230 1387 2299 1442 ad
2348 1383 2657 1457 adorandus
2706 1381 2962 1457 imagines
3011 1379 3269 1457 pertineat
3314 1377 3456 1457 quod

1935 1461 2181 1530 scriptum
2208 1466 2303 1530 est,
2331 1454 2547 1512 Crcavit
2577 1455 2718 1530 Deus
2753 1450 3028 1530 hominem
3064 1450 3134 1507 ad
3166 1450 3459 1522 imaginem

1938 1538 1991 1586 et
2020 1522 2428 1585 similitudinem
2456 1540 2608 1580 suam
2645 1522 2800 1596 (Gen.
2836 1522 2900 1593 ι).

1935 1641 1996 1697 ln
2022 1642 2126 1697 hoc
2154 1637 2463 1694 testimonio
2508 1637 2977 1704 inconsequenter,
3027 1640 3082 1691 et
3122 1632 3269 1688 ultra
3295 1646 3459 1703 quam

1869 1736 2337 1801 inconsequcnter,
2391 1729 2457 1783 ab
2484 1727 2590 1784 illis
2616 1727 2673 1781 in
2701 1742 2797 1781 sua
2824 1724 3031 1797 synodo
3057 1725 3127 1780 ob
3168 1723 3461 1779 adoranda-

1870 1847 1993 1886 rum
2017 1829 2309 1900 imaginum
2338 1824 2689 1881 astruendum
2722 1837 2966 1878 errorem
2999 1822 3197 1891 posito,
3229 1835 3337 1881 non
3364 1835 3463 1876 no-

1868 1930 1985 1978 stro
2012 1919 2226 1990 ingenio
2243 1917 2538 1988 plurimum
2558 1922 2643 1970 est
2661 1914 2983 1979 sudandum,
3000 1928 3124 1970 cum
3149 1920 3227 1967 tot
3249 1911 3465 1971 indiciis

1869 2016 1937 2071 ab
1967 2028 2156 2069 eorum
2194 2010 2264 2065 sit
2287 2006 2584 2065 assertione
2612 2006 2878 2072 alienum;
2905 2005 3160 2075 quoniam
3195 2002 3288 2057 ubi
3318 2001 3465 2067 nulla

1868 2113 1954 2162 est
1980 2099 2413 2167 verisimilitudo,
2447 2114 2557 2155 non
2599 2113 2795 2169 magna
2820 2098 2876 2153 in
2907 2098 3265 2155 discernendo
3291 2096 3466 2155 oritur

1869 2192 2182 2265 disputatio.
2218 2190 2354 2259 Quia
2382 2205 2513 2262 ergo
2542 2206 2573 2245 a
2598 2190 2747 2246 nullo
2769 2189 2822 2245 in
2851 2204 2960 2260 quo
2991 2205 3137 2247 sanae
3165 2188 3364 2245 mentis
3386 2188 3467 2242 vi—

1869 2297 1959 2363 get
1981 2301 2230 2350 acumen,
2255 2284 2334 2340 illi
2368 2284 2449 2339 rei
2476 2283 3007 2355 creditur'pertinere
3034 2283 3120 2341 cui
3145 2282 3225 2339 illi
3252 2284 3356 2339 hoc
3382 2280 3467 2335 ni.-

1869 2388 2058 2437 tuntur
2086 2377 2520 2443 accommodare,
2560 2376 2654 2432 sed
2703 2374 2949 2447 spiritale
2990 2374 3196 2437 dictum
3236 2370 3466 2443 spiritali

1870 2472 2247 2537 disserendum
2286 2478 2375 2527 est
2395 2468 2759 2540 indagatione,
2809 2474 2981 2527 restat
3021 2473 3082 2523 ut
3126 2463 3259 2535 quid
3291 2465 3358 2523 de
3401 2477 3468 2526 eo

1871 2574 2189 2631 sanctorum
2210 2566 2437 2623 Patrum
2458 2562 2746 2633 protulerit
2780 2561 2975 2633 stylos,
3014 2558 3323 2619 sententiali
3345 2558 3470 2614 bre-

1870 2662 2043 2723 vitate
2065 2668 2353 2718 notemus:
2393 2666 2663 2728 quatenus
2683 2657 2829 2726 quod
2856 2657 2926 2713 ab
2960 2656 3070 2712 illis
3096 2663 3183 2711 est
3203 2652 3471 2725 negligen—

1871 2761 1958 2809 ter
1996 2759 2348 2822 usurpatum,
2393 2759 2449 2809 et
2486 2766 2518 2805 a
2544 2750 2691 2806 viris
2723 2750 3125 2807 venerabilibus
3163 2754 3220 2804 et
3267 2746 3472 2817 Spiritu

1872 2853 2062 2913 sancto
2098 2844 2321 2914 repletis
2358 2842 2712 2912 spirituaer
2736 2841 3036 2911 prolatum,
3068 2839 3288 2897 lectoris
3317 2839 3473 2895 induv-

1871 2935 2009 3007 stria
2035 2935 2108 2990 sit
2134 2932 2422 3003 diligenter
2456 2938 2755 3002 acceptum.
2804 2929 3066 2987 Ait-cnim
3108 2930 3301 2984 beatus
3341 2927 3474 2981 Am.-

1870 3027 2119 3085 brosius:
2156 3025 2243 3083 «In
2265 3023 2532 3095 principio
2556 3023 2727 3093 ipsius
2748 3021 2936 3078 mundi
2957 3020 3175 3075 Patrem
3193 3027 3250 3073 et
3273 3017 3473 3075 Filium

1872 3131 1995 3174 esse
2017 3116 2199 3183 audio,
2224 3123 2280 3170 et
2303 3130 2472 3171 unum
2508 3128 2645 3185 Opus
2672 3129 2841 3172 cerno
2867 3131 2879 3166 :
2924 3112 3084 3168 audio
3119 3111 3430 3181 loquentem
3454 3150 3471 3177 ,

1873 3223 2107 3280 agnosco
2134 3207 2445 3272 facientem,
2476 3205 2573 3263 sed
2600 3213 2658 3263 et
2681 3204 2863 3261 Patris
2900 3212 2957 3261 et
2983 3203 3109 3258 Filii
3147 3219 3309 3259 unam
3338 3202 3478 3258 ima-

1876 3304 2079 3374 ginem,
2136 3315 2300 3357 unam
2356 3298 2764 3357 similitudinem
2815 3297 2973 3367 lego:
3025 3295 3324 3352 similitudo
3359 3295 3477 3352 hate

1876 3409 1987 3449 non
2023 3391 2372 3457 diversitatis,
2404 3388 2502 3448 sed
2526 3389 2751 3447 unitatis
2774 3397 2879 3445 est.
2904 3387 3022 3443 Non
3050 3387 3196 3442 extim
3220 3386 3384 3441 homo
3405 3386 3476 3442 ad

1875 3484 2169 3556 imaginem
2218 3483 2314 3543 Dei
2358 3482 2465 3539 nisi
2513 3495 2611 3552 per
2644 3480 2936 3551 imaginem
2985 3480 3080 3535 Dei
3114 3493 3239 3535 esse
3273 3486 3473 3548 potest.

1873 3575 2057 3647 Imago
2083 3590 2213 3646 ergo
2250 3574 2441 3633 Deiex
2474 3556 2751 3631 interioris
2791 3569 3028 3626 hominis
3069 3569 3352 3626 nobilitate
3389 3579 3476 3628 est

1874 3667 2309 3726 consideranda:
2342 3666 2520 3736 primo
2552 3664 2799 3734 quidem,
2831 3670 2893 3718 ut
2928 3662 3089 3719 sicuti
3119 3661 3265 3717 Deus
3293 3677 3435 3718 unus
3454 3701 3471 3728 ,
3564 3679 3569 3682 '

1875 3772 2109 3828 semper,
2132 3756 2334 3825 ubique
2362 3763 2510 3811 totus
2545 3763 2649 3819 est,
2696 3755 2880 3811 omnia
2905 3754 3206 3818 viviﬁcans,
3252 3766 3478 3809 movens

1874 3855 1933 3903 et
1951 3848 2279 3917 gubernans,
2306 3846 2449 3901 sicut
2483 3845 2775 3914 Apostolus
2805 3844 3112 3909 conﬁrmat,
3145 3845 3288 3913 quod
3325 3846 3381 3898 in
3414 3860 3475 3898 eo

1874 3939 2112 4003 vivimus,
2139 3953 2407 3992 movemur
2430 3946 2477 3990 et
2505 3951 2726 3991 sumus;
2767 3935 2849 3989 sic
2890 3936 3071 3989 anima
3112 3936 3165 3988 in
3211 3951 3312 3989 suo
3354 3949 3479 3989 cor-

1874 4044 2008 4099 pore
2034 4030 2234 4095 ubique
2265 4035 2379 4081 tota
2400 4024 2544 4094 viget
2569 4023 2846 4077 viviﬁcans
2871 4022 3022 4086 illud,
3050 4038 3275 4077 movens
3296 4029 3352 4076 et
3380 4038 3477 4091 gu-

1875 4119 2132 4175 bernans.
2171 4116 2283 4173 Nec
2322 4116 2469 4173 enim
2498 4114 2554 4169 in
2578 4110 2876 4180 majoribus
2901 4112 3149 4180 corporis
3178 4111 3268 4167 sui
3297 4124 3475 4165 mem-

1875 4210 1991 4269 bris
2026 4209 2217 4279 major,
2260 4217 2315 4266 et
2344 4210 2400 4264 in
2445 4204 2986 4268 minoribusminor,
3012 4207 3108 4260 sed
3137 4205 3192 4259 in
3234 4203 3475 4263 minimis

1876 4313 2008 4368 tota,
2041 4312 2095 4359 et
2119 4302 2173 4359 in
2207 4301 2462 4359 maximis
2487 4306 2639 4355 tota:
2682 4308 2739 4353 et
2766 4298 2884 4355 haec
2913 4306 2998 4353 est
3026 4298 3208 4369 imago
3250 4296 3476 4352 unitatis

1877 4396 2266 4467 omnipotentis
2298 4395 2414 4460 Dei,
2461 4407 2625 4463 quam
2669 4392 2849 4446 anima
2904 4390 3068 4445 habet
3115 4391 3169 4445 in
3214 4404 3312 4446 se:
3352 4405 3476 4460 quae

1877 4486 2165 4557 quamdam
2192 4492 2394 4541 sanetae
2420 4480 2704 4538 Trinitatis
2736 4482 2901 4538 habet
2928 4480 3217 4553 imaginem
3242 4498 3255 4534 :
3297 4480 3474 4551 primo

166 4567 491 4667 νθξιίξΐθηξῖίλ
515 4570 820 4642 “adii-illnc,
841 4589 943 4632 nec
970 4575 1279 4648 seiungeret
1296 4576 1601 4636 ciliciorum
1620 4580 1772 4636 varia
1798 4605 1854 4667 ι)
1878 4580 1935 4637 in
1963 4597 2047 4647 eo,
2073 4580 2199 4650 quia
2230 4580 2372 4634 sicut
2396 4579 2539 4633 Deus
2564 4584 2668 4639 est,
2691 4576 2826 4632 vivit
2844 4583 2901 4630 et
2920 4577 3082 4646 sapit,
3108 4577 3182 4632 ita
3207 4584 3263 4633 et
3290 4576 3475 4633 anima

170 4659 471 4719 celebratio
498 4677 637 4734 quas
675 4666 1030 4738 coniunxerat
1052 4671 1226 4728 unicae
1259 4671 1384 4729 ﬁdei
1412 4672 1501 4743 pia
1533 4673 1768 4729 devotio.

170 4748 323 4816 Quod
348 4752 569 4823 quidem
588 4764 646 4813 et
686 4772 807 4826 nos,
835 4759 1034 4817 collato
1054 4762 1213 4820 nobis
1235 4778 1266 4818 a
1288 4763 1399 4820 Deo
1418 4761 1584 4821 Italiae
1606 4778 1773 4836 regno

170 4840 419 4910 fecimus,
452 4857 658 4909 sanctae
683 4848 944 4909 Romana:
990 4852 1245 4912 Ecclesia:
1286 4854 1561 4926 fastigium
1604 4856 1773 4913 subli-

167 4948 323 4988 mare
355 4936 656 5005 cupientes,
680 4947 736 4995 et
758 4944 1181 5005 reverentissimi
1201 4961 1352 5016 papae
1378 4945 1601 5005 Adriani
1626 4948 1771 5005 salu-

171 5020 392 5085 taribus
423 5026 897 5091 exhortationibus
930 5050 1125 5105 parere
1164 5037 1437 5097 nitentes:
1480 5038 1687 5097 scilicet
1712 5049 1774 5096 ut

166 5112 364 5181 plures
383 5111 530 5175 illius
547 5119 718 5184 partis
738 5121 1017 5192 adesim,
1036 5142 1159 5198 quae
1176 5129 1444 5196 quondam
1465 5132 1775 5202 apostolicae

168 5203 323 5261 sedis
356 5205 699 5267 traditionem
726 5213 785 5269 in
804 5217 1084 5285 psallendo
1115 5221 1388 5292 suscipere
1426 5226 1770 5292 recusabant,

167 5312 324 5352 nunc
357 5311 478 5355 eam
515 5314 642 5355 cum
667 5308 816 5365 onlni
840 5308 1116 5381 diligentia
1145 5313 1554 5384 amplectantur,
1600 5326 1653 5374 et
1683 5319 1772 5374 cui

172 5390 528 5446 adhaeserant
562 5392 690 5449 ﬁdei
736 5411 976 5467 munere,
1026 5403 1336 5458 adhaereant
1381 5421 1591 5476 quoque
1632 5410 1775 5476 psal-

170 5477 322 5535 lendi
375 5482 606 5541 ordine:
647 5487 795 5555 quod
830 5504 941 5545 non
973 5491 1150 5547 solum
1201 5492 1437 5546 omnium
1480 5494 1774 5552 Galliarum

173 5571 497 5641 provincias,
531 5584 587 5631 et
610 5576 928 5646 Germania,
958 5582 1073 5636 sive
1102 5579 1272 5644 Italia,
1303 5583 1393 5637 sed
1417 5586 1577 5639 etiam
1610 5584 1775 5643 Saxo-

175 5677 275 5720 nes
320 5671 376 5720 et
413 5667 667 5736 quaedam
701 5671 1053 5742 Aquilonaris
1087 5668 1255 5738 plagte
1283 5681 1462 5739 gentes
1494 5689 1591 5744 per
1637 5691 1771 5743 nos,

177 5752 291 5811 Deo
328 5768 633 5827 annuente,
677 5764 744 5821 ad
776 5777 919 5821 verae
962 5760 1091 5818 ﬁdei
1135 5759 1423 5817 rudimenta
1466 5781 1769 5835 conversas,

178 5843 367 5903 facere
391 5863 710 5925 noscuntur,
738 5864 793 5912 et
819 5857 891 5914 ita
918 5851 1071 5923 beati
1094 5849 1232 5908 Petri
1259 5852 1435 5914 sedem
1452 5859 1508 5916 in
1529 5860 1774 5920 omnibus

1873 4676 2168 4736 secundum
2196 4688 2353 4727 suum
2381 4671 2598 4727 modum
2621 4678 2704 4725 est
2721 4711 2734 4736 ,
2763 4671 2897 4725 vivit
2930 4679 2986 4726 et
3011 4672 3174 4742 sapit.
3212 4671 3313 4727 Est
3340 4686 3476 4743 quo-

1872 4783 1978 4841 que
2003 4776 2059 4822 et
2082 4765 2185 4819 alia
2215 4762 2454 4817 Trinitas
2490 4763 2544 4816 in
2572 4777 2656 4827 ea,
2680 4777 2787 4833 qua
2809 4762 2879 4819 ad
2900 4762 3193 4834 imaginem
3221 4763 3306 4819 sui
3333 4763 3474 4819 Con-

1873 4859 2065 4919 ditoris
2088 4856 2344 4929 perfecta:
2368 4856 2586 4926 quidem
2608 4869 2663 4912 et
2689 4874 2914 4914 summae
2941 4858 3228 4913 Trinitatis
3250 4873 3371 4925 qua:
3390 4863 3474 4911 est

1872 4954 1929 5009 in
1957 4952 2138 5015 Patre,
2178 4948 2317 5004 Filio
2342 4957 2417 5004 ‘et
2462 4949 2666 5018 Spiritu
2715 4958 2904 5006 sancto
2948 4949 3202 5004 condita:
3245 4955 3301 5001 et
3346 4946 3473 5002 licet

1870 5042 2034 5098 unius
2064 5042 2135 5097 sit
2158 5041 2249 5095 illa
2279 5047 2506 5106 naturae,
2540 5048 2653 5096 tres
2682 5049 2861 5095 tamen
2887 5040 2943 5093 in
2969 5054 3029 5093 se
3064 5037 3356 5109 dignitates
3378 5037 3473 5092 ha-

1870 5133 1994 5197 bet,
2038 5133 2090 5187 id
2133 5139 2217 5187 est
2261 5132 2622 5197 intellectum,
2665 5132 2997 5187 voluntatem
3030 5138 3084 5183 et
3126 5129 3466 5194 memoriam,

1872 5225 2016 5295 quod
2049 5224 2192 5279 idem
2218 5222 2343 5278 licet
2377 5224 2498 5279 aliis
2522 5223 2703 5279 verbis
2748 5222 2802 5276 in
2835 5220 3125 5290 Evangelia
3156 5221 3471 5287 designatur

1873 5315 2002 5369 dum
2034 5313 2230 5369 dicitur
2255 5328 2270 5367 :
2299 5313 2497 5386 Diliges
2532 5313 2816 5367 Dominum
2858 5309 3026 5363 Deum
3063 5320 3210 5363 tuum
3253 5325 3319 5363 ex
3360 5317 3468 5362 toto

1873 5405 2029 5460 corde
2059 5412 2170 5471 tuo,
2200 5413 2249 5459 et
2274 5421 2339 5459 ex
2366 5413 2474 5457 tota
2502 5404 2681 5456 anima
2713 5409 2822 5463 tua,
2864 5408 2911 5452 et
2943 5416 3008 5453 ex
3035 5408 3144 5453 tota
3180 5406 3350 5451 mente
3374 5407 3468 5450 tua

1874 5497 2052 5568 (Deut.
2076 5496 2177 5569 vr),
2202 5497 2255 5553 id
2276 5505 2379 5563 est,
2401 5511 2468 5550 ex
2491 5502 2605 5548 toto
2631 5491 2925 5557 intellectu,
2967 5500 3021 5545 et
3042 5505 3108 5545 ex
3139 5497 3255 5545 tota
3275 5488 3468 5545 volun-

1874 5598 2003 5654 tate,
2035 5600 2091 5646 et
2113 5607 2178 5646 ex
2213 5599 2325 5644 tuta
2358 5587 2637 5642 memoria.
2667 5582 2784 5637 lam
2832 5583 2972 5639 sicut
2996 5600 3064 5639 ex
3100 5582 3260 5637 Patre
3298 5595 3462 5652 gene-

1874 5690 2028 5736 ratur
2051 5682 2235 5743 Filius,
2266 5696 2332 5735 ex
2365 5679 2526 5732 Patre
2556 5676 2797 5746 Filioque
2822 5677 3063 5747 procedit
3089 5676 3320 5747 Spiritus
3340 5692 3464 5733 san-

1875 5780 2013 5835 ctus,
2049 5772 2118 5824 ita
2147 5786 2214 5824 ex
2242 5769 2514 5825 intellectu
2548 5776 2839 5841 generatur
2880 5770 3147 5835 voluntas,
3187 5772 3242 5824 et
3274 5783 3339 5823 ex
3378 5770 3466 5824 his

1876 5860 2006 5920 item
2030 5860 2293 5918 ambobus
2319 5861 2563 5933 procedit
2596 5861 2877 5930 memoria,
2925 5863 3066 5920 sicut
3109 5861 3267 5919 facile
3301 5875 3334 5916 a
3375 5873 3465 5917 sa-
