4026 6156
576 382 720 442 1025
1165 370 1188 396 ⁸

1449 370 1513 424 Β.
1551 365 1804 424 CAROLI
1843 360 2058 419 MAGNI
2095 360 2246 418 OPP.
2289 359 2467 415 PARS
2503 359 2567 415 II.
2609 357 2850 416 SECTIO
2884 357 2950 415 II.

3686 356 3842 418 im

574 498 753 568 piente
773 489 1013 564 quolibet
1040 488 1262 560 intelligi
1287 491 1482 558 potest.
1514 483 1626 539 Nec
1654 482 1798 536 enim
1821 478 1998 534 anima
2028 492 2149 547 per—
2177 478 2231 538 Α
2253 475 2378 545 quia
2427 474 2482 527 in
2528 473 2643 542 ipso
2699 479 2784 527 est
2831 470 3004 527 virtus
3051 477 3107 524 et
3159 467 3421 540 sapientia
3473 483 3581 524 non
3641 466 3796 527 facta
3819 511 3841 540 ,

575 567 716 643 fecta
739 599 861 641 esse
882 590 1060 654 potest
1091 580 1206 636 sine
1248 578 1334 632 his
1369 576 1563 639 tribus,
1615 587 1714 627 nec
1752 572 1944 625 horum
1994 567 2157 621 trium

575 691 745 732 unum
771 674 1006 744 aliquod,
1034 677 1294 741 quantum
1317 668 1384 722 ad
1416 679 1568 720 suam
1612 662 1847 733 pertinet
1873 656 2160 715 beatitudi-

579 786 726 834 nem,
776 767 892 821 sine
927 764 1046 819 aliis
1085 763 1292 817 duobus
1335 760 1604 828 integrum
1649 760 1890 809 constat:
1931 758 1986 805 et
2023 749 2161 803 sicut

580 860 722 914 Deus
753 855 930 920 Pater,
978 853 1121 908 Deus
1166 850 1350 913 Filius,
1385 849 1528 902 Deus
1569 852 1624 900 et
1665 843 1902 913 Spiritus
1944 846 2162 894 sanctus

579 956 680 1011 cst,
714 961 822 1000 non
848 953 1031 999 tamen
1065 952 1177 997 tres
1212 942 1265 996 di
1311 948 1453 1002 sunt,
1481 938 1576 992 sed
1596 951 1736 990 unus
1770 935 1911 988 Deus
1937 941 2048 986 tres
2072 930 2164 984 ha-

577 1038 714 1091 bens
734 1049 1014 1104 personas,
1047 1033 1124 1086 ita
1143 1041 1198 1085 et
1221 1031 1399 1085 anima
1423 1027 1747 1090 intellectus,
1776 1025 1954 1079 anima
1975 1022 2164 1076 volun-

583 1138 685 1192 tas,
719 1129 897 1183 anima
935 1126 1214 1188 memoria,
1242 1139 1350 1178 non
1380 1131 1561 1177 tamen
1600 1122 1792 1174 animas
1833 1126 1942 1173 tres
1973 1118 2027 1172 in
2058 1132 2165 1171 uno

584 1235 828 1288 corpore,
856 1219 951 1274 sed
973 1233 1080 1272 una
1099 1217 1277 1270 anima
1306 1223 1416 1270 tres
1438 1215 1642 1269 habens
1663 1212 1969 1282 dignitates.
1992 1209 2167 1276 Atque

586 1310 642 1362 in
670 1310 754 1364 his
789 1310 960 1363 tribus
985 1307 1100 1375 ejus
1137 1306 1425 1374 imaginem
1459 1301 1776 1360 mirabiliter
1816 1299 1953 1369 gerit
1982 1299 2037 1352 in
2070 1310 2166 1353 sua

589 1410 782 1457 natura
809 1410 994 1455 noster
1017 1399 1239 1454 interior
1269 1399 1448 1451 homo.
1484 1394 1788 1449 Similitudo
1818 1407 1946 1447 vero
1974 1392 2028 1445 in
2053 1405 2169 1444 mo-

591 1493 742 1546 ribus
777 1492 1043 1546 cernenda
1078 1498 1197 1543 cst:
1239 1495 1299 1540 ut
1331 1486 1468 1541 sicut
1514 1487 1654 1539 Deus
1684 1492 1909 1548 creator,
1951 1484 2042 1551 qui
2073 1483 2170 1537 ho-

592 1583 790 1636 minem
819 1582 887 1634 ad
911 1579 1315 1633 similitudinem
1346 1591 1498 1630 suam
1549 1576 1769 1640 creavit,
1801 1582 1883 1629 est
1909 1572 2165 1637 charitas,

595 1679 679 1726 est
703 1671 932 1734 bonitas,
962 1679 1016 1724 et
1061 1667 1258 1736 justus,
1303 1667 1512 1736 patiens
1551 1675 1711 1734 atque
1752 1665 1914 1727 mitis,
1941 1663 2170 1717 mundus

591 1768 648 1815 et
672 1760 997 1824 misericors,
1019 1766 1074 1812 et
1104 1766 1296 1812 caatera
1319 1757 1578 1810 virtutum
1606 1762 1913 1808 sanctorum
1939 1752 2168 1823 insignia

597 1865 716 1918 qua:
741 1849 809 1903 de
834 1864 898 1904 eo
925 1821 1194 1918 leguntur,
1224 1847 1298 1900 ita
1325 1847 1485 1900 homo
1507 1853 1720 1899 creatus
1742 1852 1824 1899 est
1852 1851 1911 1898 ut
1939 1821 2171 1898 charita-
2198 1821 2246 1882 Β

597 1948 704 1996 tem
741 1942 980 2006 haberet,
1010 1948 1065 1993 ut
1089 1940 1262 1993 bonus
1286 1945 1448 2002 esset,
1477 1948 1534 1992 et
1553 1936 1748 2004 justus,
1777 1943 1832 1990 et
1859 1937 2066 2005 patiens
2093 1944 2175 1989 at-

597 2047 702 2102 que
727 2031 894 2094 mitis,
917 2031 1148 2085 mundus
1176 2036 1230 2084 et
1250 2029 1558 2083 misericors
1582 2027 1719 2081 foret
1745 2044 1757 2080 :
1793 2041 1927 2096 quas
1948 2026 2175 2081 virtutes

599 2127 800 2190 quanto
825 2120 944 2190 plus
973 2119 1198 2187 quisque
1241 2118 1297 2172 in
1333 2118 1510 2186 seipso
1542 2116 1724 2181 habet,
1774 2122 1922 2170 tanto
1957 2115 2176 2184 propius

600 2220 685 2267 est
709 2211 836 2274 Deo,
875 2217 929 2266 et
950 2208 1209 2278 majorem
1251 2207 1333 2262 sui
1370 2205 1675 2262 Conditoris
1699 2205 1838 2274 gerit
1867 2202 2180 2258 similitudi-

601 2317 744 2357 nem.
782 2321 802 2354 ι
832 2300 1027 2355 Beatus
1053 2313 1267 2369 quoque
1307 2296 1639 2366 Augustinus
1683 2295 1756 2349 ita
1803 2295 2075 2350 hominem
2113 2296 2182 2349 ad

604 2391 890 2461 imaginem
911 2399 965 2446 et
991 2389 1397 2446 similitudinem
1411 2387 1507 2440 Dei
1532 2386 1731 2441 factum
1751 2399 1871 2441 esse
1897 2385 2179 2452 disseruit;

609 2502 628 2536 ι
682 2484 817 2539 Cum
863 2483 1184 2539 exteriorem
1233 2487 1289 2535 et
1327 2477 1641 2534 interiorem
1688 2475 1958 2529 hominem
2002 2474 2185 2529 divina

610 2574 889 2642 Scriptura
915 2575 1317 2634 commemoret,
1349 2575 1405 2622 et
1433 2573 1645 2621 tantum
1670 2579 1764 2620 eos
1795 2566 2085 2630 discernat,
2133 2571 2187 2618 et

611 2664 680 2718 ab
703 2661 957 2732 Apostolo
983 2662 1187 2716 dictum
1211 2666 1294 2714 est
1323 2676 1336 2712 :
1374 2657 1444 2711 Et
1469 2659 1515 2711 si
1547 2657 1774 2711 exterior
1818 2657 1971 2710 homo
2016 2665 2188 2710 noster

611 2756 977 2825 corrumpitur,
1014 2754 1102 2809 sed
1127 2754 1346 2808 interior
1382 2761 1658 2808 renovatur
1691 2752 1755 2806 de
1794 2752 1878 2806 die
1915 2754 1972 2806 in
2008 2752 2187 2808 diem:

614 2849 782 2919 quaeri
811 2855 988 2918 potest
1013 2855 1194 2902 utrum
1221 2860 1361 2901 unus
1396 2846 1590 2902 horum
1609 2844 1786 2901 factus
1809 2845 1879 2900 ad
1901 2845 2190 2914 imaginem

615 2947 672 2994 et
716 2938 1117 2994 similitudinem
1158 2937 1297 2992 Dei?
1345 2936 1481 2991 Nam
1521 2937 1651 2992 illud
1687 2953 1929 3007 quaerere
1971 2937 2193 2992 stultum

617 3035 720 3093 est,
752 3028 798 3082 si
822 3042 962 3083 unus
983 3028 1106 3097 quis
1145 3041 1332 3082 eorum
1357 3027 1585 3094 dubitat,
1625 3043 1748 3083 eum
1768 3029 1946 3098 potius
1983 3027 2074 3097 qui
2108 3042 2194 3082 rc-

615 3126 844 3174 novatur
867 3133 1027 3187 quam
1069 3133 1193 3172 eum
1221 3118 1314 3187 qui
1347 3117 1708 3187 corrumpitur
1754 3109 1968 3172 dicere:
2008 3124 2189 3171 utrum

617 3217 801 3265 autem
826 3209 1011 3274 ambo,
1054 3224 1247 3279 magna
1281 3209 1504 3279 quaestio
1545 3216 1644 3263 est.
1692 3207 1828 3262 Nam
1875 3207 1922 3262 si
1957 3208 2195 3263 exterior

621 3304 784 3359 homo
810 3311 893 3356 est
915 3300 1103 3365 Adam,
1132 3310 1187 3356 et
1214 3302 1439 3356 interior
1464 3301 1728 3367 Christus,
1763 3302 1900 3356 bene
1929 3301 2087 3355 ambo
2117 3300 2197 3353 in-

621 3392 973 3463 teliguntur;
1016 3392 1108 3446 sed
1143 3406 1264 3447 cum
1312 3392 1482 3448 Adam
1530 3393 1670 3446 sicut
1701 3407 1733 3445 a
1767 3392 1876 3446 Deo
1916 3391 2090 3446 factus
2117 3397 2200 3445 est

622 3483 796 3538 bonus
839 3498 946 3538 non
988 3483 1265 3547 manserit,
1307 3491 1361 3538 et
1401 3483 1668 3554 diligendo
1698 3481 2201 3538 carnalia‘carnalis

624 3573 846 3629 effectus
867 3573 957 3639 sit,
986 3589 1094 3628 non
1117 3573 1348 3628 absurde
1384 3573 1552 3628 videri
1579 3580 1756 3642 potest
1800 3573 1902 3625 hoc
1947 3571 2122 3639 ipsum
2151 3569 2202 3623 ei

628 3664 796 3718 fuisse
821 3664 1033 3728 cadere,
1059 3663 1343 3731 imaginem
1375 3663 1471 3717 Dei
1509 3672 1563 3717 et
1601 3661 2005 3718 similitudinem
2043 3660 2202 3713 amit-

633 3762 786 3808 tere:
819 3767 882 3806 ac
901 3767 1000 3821 per
1028 3753 1130 3807 hoc
1158 3753 1270 3822 ipse
1297 3760 1601 3818 renovatur,
1640 3761 1694 3808 et
1722 3752 1836 3821 ipse
1869 3751 2032 3805 etiam
2071 3749 2206 3804 inte-

633 3843 764 3899 rior.
796 3841 1070 3908 Quomodo
1097 3857 1225 3913 ergo
1252 3850 1334 3898 est
1355 3844 1467 3913 ipse
1491 3825 1799 3898 et'exterior
1825 3855 1890 3894 ac
1913 3839 2207 3895 secundum

634 3953 845 4008 corpus,
873 3946 932 3992 ut
961 3937 1184 3994 interior
1209 3939 1279 3993 sit
1298 3937 1590 3994 secundum
1615 3936 1880 4000 animam;
1904 3943 1959 3989 et
1984 3933 2210 3988 interior

633 4029 705 4086 sit
731 4029 1052 4085 resurrectio
1080 4036 1136 4084 et
1159 4029 1458 4093 renovatio,
1497 4044 1617 4097 qum
1658 4042 1802 4081 nunc
1836 4025 1897 4079 iit
1917 4023 2214 4080 secundum

635 4132 862 4180 mortem
888 4123 1087 4193 prioris
1119 4123 1262 4189 vitaz,
1295 4124 1348 4178 id
1378 4129 1462 4178 est
1485 4121 1710 4190 peccati,
1736 4129 1790 4175 et
1816 4117 2109 4174 secundum
2135 4128 2215 4168 rc-

637 4216 1034 4285 generationem
1061 4229 1214 4270 nova:
1251 4216 1396 4279 vitaz,
1442 4212 1497 4267 id
1520 4220 1602 4267 est
1623 4210 1865 4280 iustitiae,
1899 4224 2034 4279 quos
2072 4207 2215 4261 idem

641 4309 776 4362 duos
798 4306 1044 4361 homines
1072 4307 1152 4362 sic
1187 4305 1437 4375 appellat,
1465 4309 1526 4356 ut
1565 4317 1734 4355 unum
1771 4311 2008 4355 veterem
2056 4309 2218 4365 quem

645 4397 900 4453 debemus
935 4410 1148 4460 exuere,
1175 4395 1402 4450 alterum
1427 4405 1626 4445 novum
1651 4397 1705 4442 et
1730 4403 1852 4443 eum
1889 4384 2220 4441 induendum

2262 569 2380 622 aliae
2407 567 2461 621 in
2499 575 2759 635 quantum
2785 563 2957 620 solum
2989 563 3204 628 vivunt,
3247 563 3373 631 quia
3409 561 3497 615 ille
3522 577 3734 617 summe
3783 572 3844 618 et

2260 660 2433 730 prime
2458 658 2617 722 vivit,
2651 657 2767 711 alia:
2787 657 2842 710 in
2869 664 3130 725 quantum
3171 661 3322 717 sunt,
3351 653 3476 722 quia
3512 653 3602 706 ille
3624 668 3844 708 summe

2261 765 2326 804 ac
2351 749 2600 819 primitus
2633 755 2734 802 est.
2770 747 2836 802 Et
2865 747 2984 802 ideo
3014 762 3136 814 qua:
3162 744 3532 799 tantummodo
3559 753 3706 809 sunt,
3733 761 3848 800 nec

2262 851 2442 897 tamen
2469 843 2655 896 vivunt
2681 849 2775 896 aut
2801 841 3047 911 sapiunt,
3077 854 3184 894 non
3208 837 3473 908 perfecte,
3506 838 3602 892 sed
3646 839 3847 910 exigue

2264 943 2416 1001 sunt,
2443 935 2510 989 ad
2541 934 2945 990 similitudinem
2973 932 3116 1000 ejus,
3145 933 3273 1002 quia
3306 939 3360 986 et
3387 931 3500 1002 ipsa
3539 932 3680 987 bona
3709 942 3848 988 sunt

2265 1029 2320 1083 in
2349 1028 2536 1084 ordine
2568 1041 2690 1093 suo,
2725 1041 2849 1082 cum
2875 1025 2945 1079 sit
2971 1024 3058 1078 ille
3086 1039 3246 1094 supra
3275 1021 3456 1078 omnia
3480 1023 3655 1078 bonus
3675 1039 3708 1078 a
3731 1038 3848 1094 quo

2265 1105 2406 1176 bona
2431 1128 2574 1174 sunt.
2606 1116 2798 1174 Omnia
2827 1131 2956 1170 vero
2997 1116 3123 1185 quia
3153 1115 3341 1168 vivunt
3368 1122 3424 1168 et
3448 1130 3555 1169 non
3583 1116 3803 1184 sapiunt
3822 1157 3839 1182 ,

2268 1212 2425 1282 paulo
2455 1210 2684 1281 amplius
2728 1209 3053 1280 participant
3097 1205 3436 1260 similitudini
3475 1222 3488 1257 :
3522 1207 3663 1274 quod
3690 1207 3843 1262 enim

2268 1301 2430 1365 vivit,
2466 1301 2627 1354 etiam
2656 1307 2776 1365 est,
2814 1313 2919 1352 non
2947 1305 3126 1350 autem
3153 1294 3414 1367 quidquid
3439 1305 3522 1348 est
3551 1296 3707 1349 etiam
3751 1297 3843 1351 vi-

2267 1393 2364 1447 vit.
2390 1390 2508 1445 Jam
2541 1406 2703 1461 porro
2728 1405 2846 1458 quae
2871 1388 3085 1458 sapiunt
3112 1387 3188 1440 ita
3231 1385 3309 1440 illi
3349 1385 3680 1441 similitudini
3710 1395 3845 1440 sunt

2269 1483 2542 1552 proxima,
2571 1489 2630 1535 ut
2656 1482 2711 1536 in
2741 1479 3006 1535 creaturis
3030 1477 3164 1532 nihil
3195 1478 3265 1532 sit
3290 1477 3657 1547 propinquius.
3687 1476 3852 1544 Quod

2270 1575 2416 1631 enim
2434 1573 2720 1643 participat
2745 1571 3038 1640 sapientiai,
3064 1579 3120 1624 et
3136 1568 3286 1633 vivit,
3306 1575 3483 1631 etest;
3503 1567 3640 1636 quod
3658 1575 3850 1623 autem

2270 1663 2403 1717 vivit
2423 1676 2643 1717 necesse
2655 1667 2738 1715 est
2758 1668 2816 1714 ut
2831 1659 2917 1724 sit,
2941 1675 3047 1713 non
3063 1671 3281 1714 necesse
3294 1665 3376 1710 est
3391 1664 3452 1710 ut
3464 1657 3651 1726 sapiat.
3666 1655 3852 1722 Quare

2271 1771 2395 1811 cum
2407 1755 2566 1810 homo
2581 1753 2749 1824 possit
2760 1753 3028 1822 particeps
3039 1764 3158 1804 esse
3176 1747 3448 1818 sapientia:
3462 1745 3748 1802 secundum
3760 1746 3852 1799 in-

2273 1846 2528 1901 teriorem
2541 1843 2812 1899 hominem
2830 1881 2844 1907 ,
2877 1841 3169 1897 secundum
3194 1837 3455 1908 ipsumita
3469 1844 3552 1892 est
3577 1837 3644 1892 ad
3657 1836 3852 1904 imagi-

2273 1942 2485 1999 nem,ut
2499 1933 2646 1988 nulla
2659 1941 2848 1987 natura
2865 1931 3180 2001 interposita
3203 1927 3485 1993 formetur,
3515 1936 3570 1981 et
3583 1926 3704 1981 ideo
3716 1925 3857 1980 nihil

2275 2025 2347 2080 sit
2359 2025 2469 2078 Dco
2497 2022 2869 2092 coniunctius;
2901 2028 2955 2074 et
2982 2019 3121 2090 sapit
3147 2018 3290 2071 enim
3317 2017 3525 2086 etvvivit
3544 2023 3600 2070 et
3614 2022 3860 2082 est:qua

2279 2121 2527 2170 creatura
2554 2112 2688 2167 nihil
2713 2119 2796 2166 est
2821 2109 3029 2165 melius.
3062 2107 3212 2174 Quod
3237 2107 3282 2160 si
3301 2106 3536 2159 exterior
3552 2105 3718 2159 homo
3740 2104 3866 2158 vita

2280 2205 2371 2260 illa
2397 2204 2660 2273 accipitur
2683 2217 2786 2270 qua
2810 2214 2905 2268 per
2929 2213 3119 2267 corpus
3163 2193 3437 2251 sentimus
3457 2193 3698 2260 quinque
3745 2210 3872 2247 no-

2282 2296 2506 2350 tissimis
2556 2293 2837 2355 sensibus,
2893 2302 3024 2357 quos
3076 2301 3198 2342 cum
3249 2284 3535 2355 pecoribus
3581 2283 3876 2338 habemus

2281 2396 2588 2438 communes
2609 2380 2753 2451 (nam
2773 2385 2826 2434 et
2839 2379 2938 2432 ista
2953 2375 3216 2430 molestiis
3227 2374 3570 2429 sensibilibus
3585 2387 3708 2442 quae
3725 2387 3875 2442 per-

2282 2473 2645 2531 secutionibus
2671 2471 2987 2542 ingeruntur
3014 2466 3287 2538 corrumpi
3328 2463 3548 2536 potest),
3600 2480 3709 2520 non
3755 2465 3875 2518 im-

2283 2566 2478 2622 merito
2503 2573 2557 2618 et
2586 2563 2701 2634 ipse
2739 2563 2901 2616 homo
2937 2558 3210 2628 particeps
3254 2555 3449 2612 dicitur
3485 2554 3876 2610 similitudinis

2285 2657 2414 2721 Dei,
2446 2672 2554 2710 non
2582 2653 2754 2710 solum
2783 2652 2910 2722 quia
2954 2650 3117 2714 vivit,
3163 2649 3307 2718 quod
3347 2647 3512 2703 etiam
3560 2647 3617 2701 in
3667 2646 3875 2702 bestiis

2289 2756 2540 2820 apparet,
2573 2746 2668 2801 sed
2697 2743 2924 2813 amplius
2943 2783 2957 2807 ,
2986 2739 3126 2811 quod
3154 2739 3222 2794 ad
3249 2749 3486 2793 mentem
3525 2737 3876 2793 convertitur

2293 2856 2353 2895 se
2380 2845 2681 2908 regentem,
2713 2850 2876 2904 quam
2904 2833 3143 2888 illustrat
3182 2829 3472 2900 sapientia,
3501 2827 3643 2898 quod
3674 2827 3730 2881 in
3769 2827 3873 2882 be-

2293 2929 2413 2984 stiis
2455 2942 2563 2982 non
2591 2932 2769 2996 potest
2797 2922 3000 2977 ratione
3025 2971 3029 2978 .
3051 2918 3376 2975 carentibus.
3418 2917 3623 2988 Corpus
3651 2930 3872 2985 quoque

2265 3025 2271 3030 '
2295 3020 2528 3076 hominis
2548 3018 2675 3089 quia
2701 3015 2871 3072 solum
2899 3015 3040 3068 inter
3059 3010 3372 3066 animalium
3393 3017 3730 3064 terrenorum
3749 3023 3870 3064 cor-

2298 3127 2430 3185 pora
2459 3128 2565 3166 non
2586 3122 2812 3180 pronum
2849 3106 2901 3158 in
2931 3103 3107 3157 alvum
3134 3109 3465 3170 prostratum
3491 3108 3573 3156 est
3597 3141 3612 3164 ,
3641 3115 3766 3154 cum
3795 3099 3872 3153 sit

2299 3201 2508 3257 visibile
2555 3205 2607 3253 et
2637 3197 2691 3250 in
2737 3194 2991 3250 tuendum
3026 3190 3222 3246 coelum
3267 3197 3506 3245 erectum
3530 3229 3543 3254 ,
3594 3188 3740 3258 quod
3789 3195 3875 3242 est

2298 3290 2621 3363 principium
2650 3284 2938 3340 visibilium
2963 3322 2976 3346 ,
3015 3295 3320 3350 quanquam
3349 3295 3454 3334 non
3480 3295 3582 3335 sua
3599 3320 3613 3344 ,
3641 3278 3737 3334 sed
3757 3279 3875 3332 ani-

2299 3397 2402 3436 mae
2427 3377 2709 3449 praisentia
2737 3376 2919 3428 vivere
2946 3380 3329 3441 cognoscatur,
3361 3379 3540 3425 tamen
3570 3385 3676 3425 non
3714 3370 3876 3424 modo

2301 3471 2427 3540 quia
2476 3476 2559 3523 est
2606 3475 2659 3521 et
2703 3466 2759 3519 in
2813 3470 3070 3532 quantum
3108 3469 3211 3526 est,
3275 3461 3460 3531 utique
3500 3461 3700 3515 bonum
3746 3465 3874 3522 est,

2303 3562 2396 3618 sed
2455 3559 2619 3614 etiam
2677 3557 2802 3625 quia
2860 3555 2968 3609 tale
3034 3561 3116 3608 est
3169 3560 3228 3607 ut
3283 3553 3350 3607 ad
3402 3549 3876 3621 contemplandum

2304 3651 2499 3706 caelum
2557 3648 2628 3702 sit
2686 3645 2891 3716 aptius,
2969 3643 3140 3712 magis
3202 3640 3258 3695 in
3309 3641 3412 3696 hoc
3470 3640 3539 3694 ad
3587 3638 3876 3709 imaginem

2305 3753 2360 3799 et
2401 3739 2810 3797 similitudinem
2865 3735 2961 3790 Dei
3015 3750 3176 3804 quam
3225 3741 3416 3789 ctetera
3463 3747 3693 3802 corpora
3754 3730 3868 3782 ani-

2308 3833 2529 3890 malium
2555 3830 2694 3885 facta
2733 3828 2855 3897 jure
2878 3826 3049 3881 videri
3071 3833 3249 3894 potest
3273 3842 3285 3876 :
3313 3831 3492 3878 tamen
3539 3823 3666 3892 quia
3709 3823 3871 3875 homo

2311 3927 2430 3982 sine
2471 3923 2582 3978 vita
2628 3936 2735 3976 non
2777 3926 2925 3974 recte
2971 3915 3286 3986 appellatur,
3326 3929 3433 3970 non
3487 3927 3685 3982 corpus
3730 3910 3878 3965 solus

2313 4018 2474 4074 homo
2520 4013 2787 4075 exterior,
2840 4023 3013 4077 neque
3062 4007 3175 4062 sola
3200 4006 3310 4060 vita
3357 4019 3477 4073 quae
3524 4003 3574 4056 in
3601 4015 3762 4056 sensu
3794 4007 3880 4053 est

2316 4109 2575 4180 corporis,
2601 4106 2695 4160 sed
2721 4111 3010 4173 utrumque
3034 4099 3191 4155 simul
3210 4099 3411 4154 rectius
3437 4097 3655 4153 fortasse
3677 4093 3886 4147 intelli-

2317 4211 2494 4272 gatur.
2518 4198 2703 4267 Neque
2717 4193 2908 4249 inscite
2930 4191 3276 4259 distinguitur
3295 4189 3437 4258 quod
3459 4184 3684 4241 aliudsit
3705 4183 3887 4252 imago

2320 4300 2374 4346 et
2403 4288 2697 4346 similitudo
2723 4285 2847 4346 Dei,
2881 4283 2972 4353 qui
2997 4281 3161 4337 etiam
3189 4278 3356 4333 Filius
3399 4277 3615 4339 dicitur,
3647 4273 3794 4329 aliud
3823 4272 3888 4326 ad

2322 4380 2610 4450 imaginem
2634 4384 2688 4430 et
2710 4372 3110 4429 similitudinem
3122 4370 3216 4424 Dei
3236 4369 3376 4424 sicut
3391 4367 3667 4422 hominem
3688 4363 3885 4419 factum

645 4494 1063 4543 commemoret:
1101 4454 1330 4554 quorum
1353 4493 1541 4533 rursus
1579 4477 1732 4529 illum
1771 4475 2003 4544 appellat
2033 4473 2221 4543 imagi-
2245 4495 2301 4559 ι)
2324 4471 2636 4540 accipimus.
2663 4466 2800 4521 Sunt
2815 4465 2975 4520 etiam
2998 4462 3091 4532 qui
3113 4475 3218 4516 non
3245 4458 3444 4514 frustm
3467 4455 3769 4526 intelligant
3789 4454 3892 4509 duo

646 4591 770 4630 nem
799 4575 999 4631 terreni
1023 4571 1276 4635 hominis,
1299 4569 1423 4637 quia
1451 4563 1742 4621 secundum
1764 4571 2040 4632 peccatum
2064 4561 2224 4631 primi

648 4665 880 4722 hominis
908 4665 1141 4734 geritur,
1179 4659 1271 4729 qui
1312 4665 1396 4711 est
1427 4655 1629 4720 Adam;
1667 4654 1896 4709 alterum
1941 4653 2227 4722 imaginem

649 4754 883 4812 caelestis
918 4751 1186 4814 hominis,
1227 4747 1354 4816 quia
1393 4747 1685 4802 secundum
1701 4743 1965 4814 justitiam
2009 4740 2230 4800 secundi

650 4845 882 4900 hominis
919 4843 1151 4914 geritur,
1207 4837 1298 4907 qui
1333 4847 1415 4893 est
1451 4837 1736 4894 Christus:
1779 4837 2012 4893 exterior
2049 4843 2228 4890 autem

651 4937 814 4992 homo
863 4933 957 5004 qui
1001 4945 1144 4986 nunc
1191 4931 1554 5000 corrumpitur
1615 4931 1795 4984 futura
1838 4928 2230 4984 resurrectione

653 5033 978 5086 renovatur,
1035 5035 1157 5075 cum
1205 5020 1364 5076 istam
1417 5030 1645 5075 mortem
1690 5017 2008 5088 persolverit
2068 5031 2230 5085 quam

655 5122 863 5171 natura
899 5113 1075 5180 debet,
1110 5112 1224 5183 lege
1270 5111 1361 5166 illa
1399 5126 1517 5180 quze
1563 5111 1617 5164 in
1658 5107 1908 5178 paradiso
1954 5121 2051 5176 per
2096 5120 2230 5174 prae-

655 5210 870 5274 ceptum
921 5202 1044 5257 data
1091 5210 1192 5257 est.
1245 5200 1522 5267 Quomodo
1566 5184 1752 5251 autem
1781 5210 1888 5249 non
1933 5195 2001 5248 sit
2049 5194 2233 5248 incon-

656 5312 851 5371 gruum
886 5294 1028 5366 quod
1056 5293 1254 5349 dicitur
1278 5291 1440 5345 etiam
1467 5302 1662 5356 corpus
1706 5285 1906 5338 factum
1935 5285 2003 5339 ad
2044 5283 2233 5339 simili-

655 5391 898 5447 tudinem
932 5385 1059 5451 Dei,
1093 5383 1252 5439 facile
1287 5377 1537 5446 intelligit
1562 5375 1653 5443 qui
1683 5374 1965 5442 diligenter
1985 5373 2228 5437 attendit,

657 5482 799 5549 quod
849 5478 1057 5532 dictum
1101 5481 1204 5535 est,
1265 5469 1328 5524 Et
1354 5469 1474 5537 fecit
1526 5465 1667 5520 Deus
1696 5466 1871 5518 omnia
1912 5465 2059 5518 valde
2099 5464 2232 5515 bona

662 5570 812 5638 (Gen.
841 5568 903 5636 ι).
932 5566 1101 5619 Nemo
1133 5561 1277 5616 enim
1307 5559 1516 5614 dubitat
1543 5558 1686 5628 quod
1718 5557 1788 5611 sit
1826 5557 1940 5626 ipse
1985 5554 2232 5624 primitus

661 5652 862 5715 bonus;
897 5653 1078 5704 multis
1107 5651 1249 5704 enim
1292 5649 1465 5702 modis
1497 5649 1601 5702 dici
1643 5664 1730 5702 res
1767 5653 1990 5717 possunt
2030 5644 2233 5699 similes

670 5737 797 5800 Deo,
827 5737 943 5792 alia:
986 5739 1276 5793 secundum
1327 5739 1580 5792 virtutem
1609 5748 1662 5794 ct
1701 5741 2020 5811 sapientiam
2059 5734 2230 5803 factm,

2328 4563 2468 4619 dicta
2498 4575 2618 4615 esse
2643 4558 2710 4612 ad
2731 4556 3019 4626 imaginem
3031 4550 3494 4608 etsimilitudinem
3523 4566 3536 4600 :
3563 4562 3686 4602 cum
3715 4546 3763 4600 si
3783 4559 3889 4598 una

2327 4668 2414 4708 res
2428 4657 2598 4716 esset,
2614 4656 2667 4704 et
2689 4661 2854 4702 unum
2870 4660 3066 4700 nomen
3079 4642 3320 4698 suiIicere
3346 4637 3578 4710 potuisse
3601 4639 3878 4694 asserunt,

2327 4745 2420 4800 sed
2445 4744 2511 4797 ad
2531 4739 2817 4806 imaginem
2844 4744 3077 4789 mentem
3119 4733 3315 4789 factam
3340 4727 3546 4791 volunt,
3577 4735 3698 4793 quae
3733 4720 3886 4775 nulla

2328 4831 2640 4901 interposita
2662 4824 2960 4881 substantia
2979 4825 3046 4880 ab
3072 4825 3187 4894 ipsa
3212 4823 3436 4878 veritate
3461 4816 3744 4877 formatur,
3765 4826 3894 4882 qua:

2328 4925 2492 4980 etiam
2527 4921 2748 4991 Spiritus
2774 4917 2972 4973 dicitur
2993 4957 3008 4983 ,
3039 4931 3146 4971 non
3174 4915 3265 4970 ille
3293 4911 3528 4983 Spiritus
3556 4914 3778 4962 sanctus
3800 4904 3894 4974 qui

2329 5021 2412 5074 est
2439 5010 2679 5080 ejusdem
2718 5006 3034 5064 substantia:
3060 5003 3214 5072 cujus
3253 5002 3416 5056 Pater
3453 5007 3508 5054 et
3547 4996 3719 5052 Filius
3741 5035 3756 5059 ,
3805 4993 3899 5049 sed

2329 5103 2548 5174 spiritus
2589 5099 2854 5164 hominis;
2888 5113 3013 5152 nam
3060 5097 3135 5151 ita
3161 5095 3262 5151 hos
3291 5091 3552 5150 discernit
3577 5086 3896 5159 Apostolus:

2330 5193 2498 5248 Nemo
2525 5192 2626 5247 scit
2649 5190 2778 5258 quid
2806 5197 2994 5258 agatur
3019 5188 3072 5241 in
3108 5187 3324 5241 homine
3340 5183 3446 5239 nisi
3469 5180 3694 5251 Spiritus
3729 5175 3902 5232 homi-

2332 5285 2453 5338 nis:
2482 5290 2536 5337 et
2560 5297 2716 5336 nemo
2744 5280 2845 5335 scit
2872 5279 3000 5348 quid
3031 5286 3221 5347 agatur
3272 5277 3326 5329 in
3366 5275 3476 5329 Deo
3525 5271 3631 5326 nisi
3671 5267 3903 5339 Spiritus

2332 5375 2424 5428 Dei
2457 5373 2506 5443 (I
2536 5371 2656 5427 Cor.
2687 5370 2771 5442 ιι).
2805 5370 2939 5424 item
2980 5369 3045 5422 de
3092 5367 3284 5436 spiritu
3307 5364 3542 5420 hominis
3575 5362 3743 5417 dicit:
3780 5358 3898 5412 Sal-

2333 5481 2458 5520 vum
2486 5463 2648 5519 faciat
2675 5460 2924 5532 spiritum
2945 5465 3206 5523 vestrum,
3235 5457 3471 5511 animam
3505 5462 3560 5508 et
3590 5466 3815 5532 corpus;
3845 5454 3899 5502 et

2334 5557 2435 5613 iste
2463 5555 2607 5609 enim
2653 5527 2830 5605 factus
2859 5557 2941 5604 est
2963 5564 2994 5601 a
3019 5548 3126 5602 Deo
3163 5548 3302 5602 sicut
3332 5557 3387 5601 et
3409 5553 3605 5602 caetera
3632 5527 3897 5596 creatura.

2337 5646 2607 5714 Scriptum
2649 5650 2730 5696 est
2759 5640 2903 5694 enim
2948 5640 3003 5693 in
3046 5639 3351 5694 Proverbiis
3394 5638 3496 5691 hoc
3531 5629 3903 5687 modo:Scito

2336 5733 2588 5806 quoniam
2637 5729 2891 5786 Dominus
2946 5730 3106 5796 corda
3157 5727 3438 5785 hominum
3492 5722 3662 5787 novit,
3713 5729 3768 5775 et
3809 5715 3906 5790 qui
