4026 6156
172 273 313 336 1025

985 272 1162 335 metu
1199 261 1558 335 caseum;
1581 263 1653 316 ἐξ-
1689 273 1911 332 CAPIT.
1954 275 2042 333 ne
2079 275 2267 335 IMAG.
2305 262 2544 335 1-‘LIB.
2581 278 2624 335 ι.

3289 283 3314 340 1
3324 278 3426 340 026

167 397 331 453 finxit
372 389 617 466 Spiritum
661 392 912 448 omnibus
946 392 1061 462 ipse
1087 394 1190 449 scit
1216 394 1417 448 omnia.
1448 391 1591 461 Ergo
1636 392 1738 446 iste
1761 395 1815 454 Α
1840 405 2113 461 nunquam
2127 393 2414 464 etimagini
2429 391 2829 448 et'similitudini
2843 391 3084 464 copulari
3102 402 3426 466 potest,qua3

163 490 393 561 spiritus
415 490 482 543 ad
511 488 798 556 imaginem
834 485 931 540 Dei
961 486 1108 540 nullo
1131 485 1410 540 dubitante
1452 483 1625 539 factus
1653 498 1744 539 ac-

161 581 382 650 cipitur,
409 579 464 634 in
483 593 590 648 quo
605 586 688 633 est
717 576 1064 646 intelligentia
1093 577 1338 631 veritatis
1366 593 1379 628 :
1406 574 1742 630 hmret'enim

160 669 379 724 veritati
427 667 575 723 nulla
625 666 944 736 interposita
973 673 1241 730 creatura,
1289 672 1482 720 cetera
1509 663 1741 719 hominis

159 759 224 812 ad
276 759 690 814 similitudinem
739 756 880 812 facta
927 757 1097 811 videri
1149 755 1354 820 volunt,
1393 755 1518 824 quia
1551 753 1740 808 'omnis

157 848 380 919 quidem
409 847 589 918 imago
618 844 811 900 similis
840 852 938 908 est,
969 859 1076 900 non
1102 851 1284 898 autem
1313 858 1472 898 omne
1497 843 1639 912 quod
1664 841 1739 896 si-

154 938 283 993 mile
315 934 401 993 est
429 938 598 992 etiam
623 937 798 1007 imago
826 935 1073 1006 proprie,
1110 935 1206 991 sed
1225 933 1365 991 forte
1389 935 1609 990 abusive
1632 934 1740 989 dici

150 1036 358 1097 potest.
393 1027 500 1082 Sed
527 1027 820 1082 cavendum
845 1025 899 1080 in
928 1025 1126 1081 talibus
1148 1041 1216 1080 ne
1241 1026 1371 1095 quid
1410 1025 1570 1080 nimis
1594 1038 1742 1080 asse-

150 1121 458 1175 verandum
484 1126 702 1190 putetur
728 1117 817 1172 illa
847 1133 906 1172 re
936 1132 1065 1172 sane
1115 1118 1406 1173 salubriter
1432 1117 1696 1172 custodita
1718 1156 1734 1183 ,

149 1227 219 1265 ne
245 1212 505 1282 quoniam
530 1225 723 1280 corpus
751 1208 1026 1278 quodlibet
1051 1223 1148 1278 per
1189 1208 1380 1264 localia
1409 1209 1580 1279 Spatia
1607 1223 1736 1278 por-

149 1310 367 1357 rectum
415 1309 516 1366 est,
567 1299 770 1368 aliquid
815 1299 921 1354 tale
970 1300 1221 1354 credatur
1256 1313 1376 1355 esse
1434 1297 1738 1353 substantia

149 1394 266 1449 Dei.
304 1393 440 1448 Nam
469 1407 560 1448 res
588 1406 709 1462 quae
739 1391 793 1445 in
821 1397 975 1460 parte
1003 1391 1180 1445 minor
1207 1398 1291 1444 est
1321 1405 1483 1460 quam
1518 1389 1572 1442 in
1602 1397 1737 1454 toto,

150 1500 251 1540 nec
298 1484 547 1556 dignitati
593 1483 790 1537 animae
834 1481 1104 1547 convenit,
1148 1489 1354 1552 quanto
1394 1481 1577 1535 minus
1629 1493 1738 1532 ma-

148 1572 329 1642 iestati
357 1576 495 1630 Dei?
532 1595 550 1628 ι
589 1576 732 1630 Ecce
761 1589 922 1644 quam
964 1574 1234 1630 subtiliter
1279 1571 1741 1660 quamque.salu-

148 1664 322 1720 briter
351 1665 524 1720 sancti
559 1665 663 1718 viri
688 1665 962 1719 hominem
1004 1667 1071 1719 ad
1097 1666 1388 1736 imaginem
1415 1672 1467 1720 et
1493 1664 1740 1718 similitu-

1849 484 1950 538 tria
1971 495 2278 555 quanquam
2307 485 2466 540 unius
2490 485 2600 540 sint
2623 488 2908 557 categorias
2931 502 3049 556 qua:
3075 488 3268 544 relatio
3295 490 3426 545 dici-

1842 575 2157 637 tur,habent
2170 584 2347 630 tamen
2362 575 2502 630 inter
2513 590 2572 631 se
2584 578 2842 646 quasdam
2854 577 3214 648 proprietates
3227 579 3423 647 quibus

1843 663 1961 719 alia:
2003 676 2206 721 carent.
2245 667 2381 721 Nam
2416 668 2635 738 imagini
2670 671 2952 740 proprium
2999 679 3083 724 est
3113 680 3174 725 ut
3204 685 3419 741 semper

1843 754 1911 808 ab
1939 753 2110 809 altero
2138 770 2393 825 expressa
2435 757 2536 822 sit,
2583 757 2925 813 similitudini
2960 774 3090 814 vero
3117 767 3174 815 et
3199 759 3422 830 aequali-

1842 843 1939 896 tati
1967 845 2247 912 proprium
2280 854 2363 900 est
2391 853 2452 899 ut
2480 845 2660 900 in'sua
2692 848 2990 903 substantia
3021 857 3423 918 permanentes,

1841 947 1948 987 non
1988 933 2056 987 ab
2088 933 2256 988 altero
2281 949 2580 1004 expressas,
2615 937 2710 991 sed
2755 938 2877 992 aliis
2902 938 3066 993 rebus
3109 939 3422 995 assimilatm

1840 1023 1926 1078 vel
1955 1033 2244 1092 coaequatae
2269 1024 2372 1078 hoc
2401 1026 2619 1080 nomine
2645 1036 2967 1082 censeantur
2988 1068 3002 1093 ,
3027 1037 3082 1084 et
3110 1030 3286 1101 imago
3308 1046 3426 1085 ma-

1843 1114 1926 1184 gis
1958 1114 2042 1168 vcl
2078 1114 2258 1168 minus
2290 1129 2399 1169 non
2439 1115 2542 1169 sibi
2571 1116 2848 1182 admittat,
2885 1119 3180 1174 similitudo
3215 1135 3345 1175 vero
3371 1131 3427 1176 et

1841 1205 2120 1274 aequalitas
2151 1205 2458 1259 admittant.
2494 1205 2647 1259 Sicut
2673 1207 2817 1260 enim
2844 1207 3042 1262 dicitur
3065 1210 3239 1280 magis
3277 1210 3428 1264 simi-

1843 1295 1908 1350 lis
1935 1295 2018 1351 vel
2051 1297 2229 1351 minus
2254 1295 2468 1361 similis,
2495 1297 2666 1367 magis
2687 1297 2909 1366 aequalis
2932 1299 3016 1353 vel
3042 1300 3220 1355 minus
3245 1317 3426 1370 aequa-

1841 1385 1940 1452 lis,
1995 1402 2103 1441 non
2151 1386 2230 1440 sic
2287 1387 2391 1442 dici
2442 1388 2836 1458 potest'magis
2882 1388 3062 1460 imago
3112 1391 3196 1446 vel
3245 1392 3425 1447 minus

1839 1476 2034 1546 imago.
2085 1474 2220 1530 Nam
2248 1484 2304 1530 et
2346 1477 2399 1530 in
2437 1477 2790 1533 conversione
2835 1491 3023 1533 earum
3065 1495 3185 1550 quae
3235 1479 3422 1538 Grzece

1839 1565 2175 1634 antistrophe
2221 1564 2449 1631 dicitur,
2500 1567 2714 1622 subtilis
2747 1569 3016 1638 quaedam
3066 1573 3422 1643 repugnantia

1795 1713 1803 1733 ι
1838 1665 1922 1712 est
1955 1675 1966 1710 :
1997 1671 2116 1725 quae
2146 1657 2326 1712 omnia
2356 1659 2608 1728 persequi
2637 1659 2858 1730 longum
2907 1672 3008 1727 est,
3047 1673 3419 1720 verumtamen

149 1770 275 1808 nem
308 1754 405 1809 Dei
432 1753 641 1810 factum
671 1768 810 1819 esse,
843 1754 1132 1824 imaginem
1162 1754 1409 1809 videlicet
1438 1755 1493 1808 in
1533 1755 1732 1820 anima,
1763 1763 1814 1826 Β
1839 1757 1898 1804 ut
1928 1751 2122 1804 horum
2155 1751 2316 1804 trium
2335 1751 2612 1805 nominum
2643 1751 2942 1808 differentia
2968 1753 3195 1810 lucidius
3219 1765 3421 1824 pateat,

148 1844 204 1898 in
235 1858 346 1913 qua
373 1850 458 1898 est
486 1843 814 1909 intellectus,
845 1843 1093 1899 voluntas
1121 1855 1174 1899 et
1202 1846 1492 1911 memoria;
1545 1845 1737 1900 simili-

147 1937 398 1991 tudinem
447 1937 504 1990 in
547 1937 809 2002 moribus,
852 1935 906 1992 id
951 1946 1060 2001 est,
1093 1938 1147 1992 in
1176 1938 1461 2004 charitatc,
1507 1937 1737 2003 iustitia,

144 2030 396 2086 bonitate
419 2039 474 2086 et
504 2030 810 2096 sanctitate,
839 2046 958 2100 qua:
986 2032 1166 2086 omnia
1217 2031 1533 2102 incorporea
1574 2039 1699 2086 sunt
1720 2071 1736 2096 ,

143 2124 517 2195 intelligentes
547 2125 853 2179 disseruere
880 2141 892 2177 ε
919 2139 949 2178 a
973 2140 1204 2194 quorum
1234 2139 1396 2179 sensu
1418 2133 1472 2179 et
1494 2123 1740 2179 doctrina

141 2224 408 2286 quantum
437 2215 638 2270 distent
663 2214 756 2283 qui
782 2215 884 2269 hoc
911 2213 1283 2268 testimonium
1306 2213 1630 2284 imaginibus
1653 2228 1742 2266 ar-

141 2309 353 2365 tificum
380 2323 546 2363 manu
573 2306 818 2362 formatis
843 2307 1288 2372 accommodant,
1317 2323 1422 2362 non
1446 2313 1635 2362 nostro
1656 2313 1740 2361 est

142 2399 524 2457 disserendum
552 2399 792 2468 eloquio,
821 2400 915 2455 sed
941 2398 1161 2454 lectoris
1186 2400 1574 2454 reservandum
1591 2397 1739 2467 judi-

145 2491 268 2557 cio,
308 2499 370 2544 ut
399 2497 613 2559 quantae
642 2488 695 2542 in
732 2489 836 2543 hac
861 2498 1015 2558 parte
1045 2489 1155 2544 sint
1192 2489 1456 2545 vecordiae
1484 2505 1593 2544 non
1638 2505 1737 2544 no-

146 2591 266 2636 ster
308 2593 434 2634 cum
477 2579 668 2650 stylus,
697 2578 793 2633 sed
820 2594 948 2633 suus
973 2587 1290 2648 permoneat
1335 2595 1544 2634 sensus.
1578 2578 1738 2645 Quis-

145 2673 270 2743 quis
299 2672 466 2742 igitur
490 2671 567 2726 ita
611 2670 886 2725 hominem
913 2670 981 2724 ad
1021 2670 1310 2740 imaginem
1341 2680 1395 2725 et
1429 2671 1738 2726 similitudi-

152 2777 285 2817 nem
316 2762 413 2817 Dei
441 2761 676 2826 factum,
708 2760 850 2815 sicut
883 2760 950 2814 ad
980 2760 1267 2831 imaginem
1299 2762 1533 2817 hominis
1554 2763 1736 2835 imagi-

147 2868 282 2909 nem
314 2853 383 2907 ab
412 2851 620 2907 artifice
642 2850 929 2906 formatam
953 2866 1074 2907 esse
1100 2853 1290 2918 credit,
1323 2853 1527 2922 aliquid
1549 2853 1602 2908 in
1626 2854 1736 2910 Deo

149 2959 512 3015 corporeum,
541 2939 683 3014 quod
721 2944 942 2999 credere
982 2942 1133 2998 nefas
1163 2951 1262 3008 est,
1297 2947 1518 3001 credere
1555 2961 1613 3002 se
1649 2962 1738 3002 os-

145 3038 346 3093 tendit.
386 3035 523 3092 Nam
563 3037 609 3091 si
641 3037 696 3091 id
725 3037 870 3106 quod
893 3035 1054 3091 homo
1079 3036 1147 3090 ad
1175 3036 1466 3108 imaginem
1507 3047 1559 3092 et
1583 3039 1735 3094 simi-

1838 1839 1981 1894 beati
2012 1838 2295 1909 Augustini
2339 1839 2498 1894 verba
2548 1842 2614 1896 ad
2661 1842 2897 1896 medium
2933 1843 3241 1899 deducenda
3277 1855 3421 1900 sunt.

1839 1933 1930 1988 Ait
1966 1933 2109 1987 enim
2140 1948 2154 1986 :
2211 1953 2230 1984 ‹
2262 1934 2363 1990 Ubi
2399 1928 2603 2007 imago;
2656 1952 2765 1992 non
2811 1939 3066 1995 continuo
3105 1941 3420 2010 similitudo,

1841 2041 1951 2082 non
1984 2026 2241 2080 continuo
2291 2027 2570 2096 :equalitas
2616 2043 2631 2081 :
2673 2030 2768 2084 ubi
2814 2031 3129 2100 :equalitas,
3167 2035 3422 2089 continuo

1841 2116 2157 2182 similitudo,
2182 2133 2291 2173 non
2321 2120 2580 2174 continuo
2610 2119 2788 2190 imago
2809 2163 2824 2188 ,
2855 2123 2946 2177 ubi
2974 2123 3288 2190 similitudo,
3315 2140 3423 2181 non

1841 2206 2097 2262 continuo
2125 2206 2319 2277 imago,
2351 2224 2459 2263 non
2489 2209 2745 2264 continuo
2772 2210 3072 2280 aequalitas,
3101 2222 3162 2267 ut
3207 2214 3263 2268 in
3303 2229 3423 2285 spc-

1841 2301 1962 2356 culo
2002 2309 2085 2356 est
2114 2301 2311 2372 imago,
2347 2302 2472 2370 quia
2497 2303 2561 2356 de
2592 2301 2693 2367 illo
2719 2316 2974 2371 expressa
3007 2312 3116 2369 est;
3150 2314 3234 2360 est
3260 2307 3423 2363 etiam

1840 2392 2146 2448 necessario
2195 2393 2526 2460 similitudo,
2581 2410 2687 2450 non
2740 2405 2915 2452 tamen
2951 2398 3246 2468 :equalitas,
3297 2401 3425 2469 quia

1839 2482 2011 2536 multa
2037 2483 2233 2538 desunt
2268 2485 2490 2552 imagini
2521 2500 2641 2554 qua:
2672 2486 2858 2542 insunt
2888 2489 2967 2544 illi
2996 2490 3074 2544 rei
3106 2490 3172 2545 de
3204 2505 3310 2561 qua
3336 2506 3426 2546 ex-

1839 2588 2026 2644 pressa
2058 2585 2158 2629 est.
2213 2575 2314 2630 Ubi
2361 2577 2666 2645 aequalitas,
2723 2580 2980 2635 continuo
3012 2590 3067 2636 et
3110 2582 3425 2649 similitudo,

1841 2679 1949 2718 non
1981 2666 2236 2720 continuo
2266 2666 2445 2737 imago
2477 2686 2489 2720 :
2529 2669 2676 2723 velut
2719 2670 2773 2723 in
2805 2669 3014 2726 duobus
3046 2673 3163 2728 ovis
3207 2673 3430 2743 paribus

1840 2757 1968 2826 quia
2022 2757 2164 2812 inest
2213 2759 2512 2827 :equalitas,
2551 2761 2692 2816 inest
2736 2763 3051 2819 similitudo.
3087 2766 3430 2835 Quaecunque
3523 2796 3528 2799 >

1842 2848 1988 2903 enim
2023 2849 2220 2903 adsunt
2251 2851 2362 2910 uni,
2389 2851 2586 2905 adsunt
2611 2861 2664 2905 et
2697 2853 2872 2919 alteri,
2910 2854 3087 2924 imago
3114 2863 3293 2911 tamen
3315 2874 3426 2913 non

1838 2948 1941 3005 est,
1955 2939 2081 3010 quia
2095 2948 2347 2995 neutrum
2363 2941 2426 2997 de
2453 2942 2625 2997 altero
2640 2958 2957 3013 expressum
2972 2954 3055 3000 est
3072 2965 3084 3000 :
3115 2947 3206 3002 ubi
3233 2948 3424 3004 simili-

1841 3029 2001 3095 tudo,
2033 3046 2140 3086 non
2177 3031 2433 3089 continuo
2461 3032 2671 3105 imago,
2704 3050 2811 3089 non
2839 3037 3096 3092 continuo
3122 3039 3422 3108 mqualitas.

145 3133 431 3189 litudinem
477 3132 571 3187 Dei
618 3131 797 3187 factus
853 3138 976 3196 est,
1027 3131 1352 3185 manufactis
1408 3132 1736 3200 imaginibus
1761 3139 1811 3205 α
1839 3120 2010 3178 Omne
2035 3123 2230 3194 quippe
2255 3139 2414 3180 ovum
2442 3127 2588 3181 omni
2614 3141 2747 3193 ovo,
2776 3128 2830 3183 in
2853 3137 3114 3199 quantum
3137 3146 3296 3185 ovum
3323 3142 3426 3202 est,

147 3226 432 3292 convenit,
481 3225 780 3281 secundum
827 3239 1143 3294 corpoream
1185 3224 1421 3295 speciem
1459 3225 1621 3281 homo
1671 3226 1738 3280 ad

147 3320 440 3392 imaginem
460 3318 554 3373 Dei
580 3317 758 3372 factus
771 3325 884 3384 est;
911 3326 965 3372 et
979 3317 1023 3372 si
1041 3318 1202 3373 homo
1219 3315 1517 3372 secundum
1541 3332 1737 3386 corpo-

145 3425 289 3466 ream
305 3410 542 3482 speciem
555 3409 621 3464 ad
634 3409 923 3480 imaginem
934 3409 1031 3464 Dei
1045 3409 1219 3464 factus
1231 3417 1330 3474 est,
1347 3423 1642 3478 corporeus
1655 3416 1739 3464 est

147 3501 288 3558 Deus
330 3518 346 3556 :
395 3501 742 3570 incorporeus
775 3507 960 3554 autem
1007 3499 1149 3553 Deus
1189 3508 1273 3553 est
1313 3513 1460 3552 :non
1491 3498 1655 3570 igitur
1683 3498 1736 3553 id

145 3595 290 3664 quod
306 3594 476 3648 homo
511 3593 576 3647 ad
605 3593 893 3662 imaginem
922 3599 978 3647 et
1006 3591 1412 3647 similitudinem
1438 3591 1534 3646 Dei
1560 3589 1735 3647 factus

142 3697 249 3755 est,
291 3683 621 3743 manufactis
649 3684 969 3754 imaginibus
998 3684 1267 3739 convenit.

747 3839 970 3897 CAPUT
1009 3839 1140 3896 VIII.

141 3957 270 4026 Qua:
288 3961 362 4015 sit
393 3955 691 4028 differentia
712 3957 956 4028 imaginis
968 3966 1015 4011 et
1038 3955 1403 4010 similitudinis
1429 3956 1534 4010 sive
1557 3972 1735 4022 (equa-

861 4027 1047 4081 litatis.

204 4140 508 4210 Quoniam,
567 4139 865 4210 opitulante
889 4141 1018 4208 Deo,
1075 4139 1372 4196 secundum
1405 4154 1594 4220 sanam
1646 4155 1734 4194 so-

137 4233 433 4306 briamque
479 4232 785 4289 doctrinam
833 4241 1143 4289 sanctorum
1176 4231 1398 4286 Patrum
1451 4230 1738 4286 sententiis

137 4326 375 4394 imbuti,
410 4325 643 4395 qualiter
672 4325 1080 4395 intelligendum
1111 4326 1182 4381 sit
1217 4322 1361 4395 quod
1387 4323 1529 4377 Deus
1571 4323 1738 4377 homi-

137 4434 254 4470 nem
295 4415 381 4469 at!
423 4415 700 4486 imaginem
751 4426 800 4472 et
837 4417 1235 4472 similitudinem
1285 4433 1436 4472 suam
1484 4419 1738 4472 creaverit

1844 3216 2019 3271 simile
2043 3225 2128 3272 est
2170 3234 2184 3270 :
2215 3219 2307 3272 sed
2333 3233 2495 3272 ovum
2523 3221 2758 3290 perdicis
2793 3221 3054 3290 quamvis,
3084 3221 3139 3277 in
3169 3232 3429 3293 quantum

1843 3315 1928 3360 est
1959 3322 2154 3372 ovum,
2184 3308 2363 3364 simile
2394 3310 2464 3364 sit
2488 3325 2591 3365 ovo
2619 3311 2829 3381 gallinae
2852 3353 2866 3377 ,
2899 3329 3000 3368 nec
3028 3313 3204 3384 imago
3248 3324 3428 3370 tamen

1841 3394 1956 3466 ejus
1979 3406 2081 3462 est,
2107 3398 2232 3468 quia
2256 3415 2364 3454 non
2387 3401 2452 3454 de
2473 3400 2565 3454 illo
2586 3415 2903 3471 expressum
2926 3411 3009 3457 cst
3033 3421 3045 3456 :
3072 3419 3173 3458 nec
3195 3403 3424 3472 :equalc,

1840 3487 1966 3558 quia
2023 3487 2240 3543 brevius
2278 3497 2390 3555 est,
2428 3497 2512 3544 est
2549 3498 2605 3544 et
2643 3490 2868 3545 alterius
2910 3492 3123 3560 generis
3175 3492 3426 3546 animan-

1837 3581 1993 3636 tium.
2037 3581 2142 3637 Sed
2179 3583 2271 3638 ubi
2309 3584 2526 3648 dicitur,
2560 3599 2666 3638 non
2692 3585 2969 3650 continuo,
3004 3586 3190 3656 utique
3226 3585 3426 3640 intelli-

1837 3679 1983 3751 gitur
2013 3679 2139 3750 quia
2171 3694 2291 3734 esse
2336 3680 2626 3750 aliquando
2658 3685 2837 3751 potest
2869 3698 2881 3734 :
2917 3688 3095 3751 potest
3134 3695 3265 3753 ergo
3307 3695 3430 3740 esse

1837 3773 2015 3842 aliqua
2041 3773 2220 3842 imago
2248 3772 2301 3824 in
2329 3787 2434 3841 qua
2465 3773 2535 3827 sit
2561 3773 2726 3827 etiam
2772 3773 3052 3842 :equa-litas
3077 3789 3090 3828 :
3119 3783 3178 3828 ut
3225 3775 3279 3829 in
3324 3789 3423 3844 pa-

1837 3866 2084 3919 rentibus
2109 3874 2163 3919 et
2206 3865 2331 3918 filiis
2359 3865 2691 3920 inveniretur
2724 3869 2923 3934 imago,
2955 3877 3010 3922 et
3034 3869 3336 3937 aequalitas,
3370 3877 3426 3924 ct

1837 3959 2162 4020 similitudo,
2201 3959 2247 4012 si
2292 3959 2635 4013 intervallum
2667 3962 2926 4028 temporis
2973 3963 3257 4016 defuisset:
3290 3963 3429 4017 Nam

1838 4055 1893 4102 et
1922 4048 1987 4101 de
2013 4054 2238 4115 parente
2283 4061 2543 4115 expressa
2589 4056 2672 4102 est
2705 4047 3004 4102 similitudo
3030 4049 3146 4114 filii,
3179 4057 3238 4102 ut
3283 4058 3428 4105 recte

1838 4141 2018 4209 imago
2050 4138 2295 4201 dicatur,
2329 4147 2383 4192 et
2406 4145 2586 4207 potest
2611 4155 2732 4194 esse
2775 4147 2926 4193 tanta
2949 4180 2962 4204 ,
2994 4149 3051 4194 ut
3083 4150 3229 4196 recte
3259 4142 3427 4198 etiam

1839 4234 2052 4290 dicatur
2077 4231 2388 4302 :equalitas,
2419 4229 2524 4284 nisi
2551 4233 2695 4301 quod
2722 4246 2920 4301 parens
2948 4240 3191 4302 tempore
3225 4249 3428 4304 praece-

1839 4327 1938 4391 dit,
1993 4342 2060 4381 ex
2106 4339 2212 4395 quo
2261 4323 2583 4392 intelligitur
2630 4333 2684 4379 et
2725 4323 3090 4395 :equalitatem
3141 4326 3430 4398 aliquando

1841 4435 1949 4474 non
1977 4418 2152 4476 solum
2198 4415 2609 4473 similitudinem
2652 4417 2886 4483 habere,
2920 4419 3014 4474 sed
3047 4417 3209 4474 etiam
3241 4420 3432 4492 imagi-

144 4504 298 4576 (Gen.
327 4504 412 4576 ι),
455 4508 696 4561 exsecuti
739 4524 958 4575 sumus,
995 4524 1138 4564 nunc
1167 4523 1344 4578 Opera”:
1384 4509 1616 4578 pretium
1655 4516 1739 4564 est
1765 4510 1819 4574 ι)
1844 4524 2000 4574 nem,
2038 4507 2181 4578 quod
2226 4507 2281 4561 in
2318 4506 2596 4577 superiore
2645 4507 2894 4577 exemplo
2929 4507 3275 4566 manifestum
3323 4521 3426 4569 est.

143 4605 205 4652 ut
233 4613 354 4668 quae
390 4596 467 4652 sit
496 4595 796 4655 differentia
843 4600 1097 4671 imaginis
1123 4609 1178 4655 et
1210 4599 1612 4666 similitudinis,
1643 4614 1738 4655 seu

145 4689 307 4744 etiam
338 4687 706 4759 :equalitatis,
736 4692 976 4748 breviter
1006 4707 1370 4762 exsequamur
1415 4710 1427 4746 :
1473 4702 1739 4762 quatenus

145 4790 198 4836 et
221 4781 299 4836 illi
327 4781 426 4852 qui
458 4781 528 4836 ob
573 4783 878 4839 adorandas
924 4785 1188 4856 imagines
1211 4799 1308 4854 per
1334 4792 1582 4855 patentes
1625 4785 1739 4841 ina-

143 4873 299 4928 nium
343 4871 711 4927 asscrtionum
743 4890 962 4945 campos
990 4875 1218 4932 efi‘rcnes
1247 4876 1512 4944 feruntur,
1544 4878 1737 4934 horum

149 4963 341 5026 trium,
360 4976 481 5029 qua:
495 4961 768 5018 illiomnia
788 4981 925 5034 pene
941 4984 1106 5022 unum
1122 4976 1314 5038 putant
1332 5009 1347 5035 ,
1375 4968 1739 5025 differentiam

151 5059 568 5120 cognoscentes,
582 5053 637 5106 in
650 5064 854 5124 quanto
874 5058 1539 5131 sinterroreperpendant,
1563 5070 1616 5118 et
1629 5070 1737 5118 stu-

151 5140 296 5198 diosi
311 5139 515 5210 quique
527 5143 631 5198 hoc
643 5145 883 5216 legentes
897 5150 964 5204 ad
976 5153 1236 5220 quasdam
1251 5153 1617 5223 intelligentiae
1632 5155 1740 5208 uti-

149 5233 342 5288 litates
389 5233 669 5288 accedant.
709 5237 836 5293 Haec
881 5256 1007 5312 ergo
1037 5243 1142 5296 tria
1175 5243 1547 5315 distinguenda
1578 5253 1736 5312 sunt,

151 5325 284 5396 quia
301 5337 468 5378 omne
483 5325 630 5393 quod
642 5325 819 5398 imago
833 5339 914 5385 est
929 5371 944 5397 ,
959 5333 1256 5387 similitudo
1282 5345 1365 5388 est
1381 5375 1396 5400 ,
1427 5352 1533 5390 non
1557 5344 1738 5392 tamen

151 5431 319 5473 omne
342 5417 493 5485 quod
509 5415 830 5489 similitudo,
854 5423 1028 5495 imago
1055 5433 1160 5490 est,
1187 5433 1240 5479 et
1263 5442 1384 5480 eum
1408 5428 1584 5499 imago
1604 5448 1742 5486 nun-

150 5521 322 5580 quam
356 5505 721 5564 similitudine
749 5523 946 5577 careat,
973 5514 1273 5568 similitudo
1312 5529 1441 5569 vero
1470 5518 1742 5576 multoties

149 5595 396 5669 imagine
426 5607 637 5665 careat,
662 5599 982 5672 plerumque
1003 5612 1057 5658 et
1077 5603 1371 5661 similitudo
1404 5613 1458 5661 et
1479 5607 1652 5680 imago
1673 5627 1743 5667 ze-

152 5688 422 5767 qualitate
441 5703 638 5751 carere
649 5701 964 5769 noscuntur,
981 5710 1102 5772 quae
1127 5695 1292 5754 etiam
1314 5699 1587 5772 aequalitas
1611 5719 1743 5763 non-

1843 4601 2029 4655 Potest
2058 4599 2222 4653 etiam
2253 4597 2542 4668 aliquando
2572 4613 2692 4654 esse
2722 4599 3016 4656 similitudo
3047 4609 3102 4656 et
3123 4604 3427 4674 mqualitas,

1843 4691 2090 4762 quamvis
2117 4705 2225 4745 non
2257 4690 2328 4744 sit
2356 4690 2552 4760 imago,
2587 4698 2648 4745 ut
2672 4691 2736 4747 de
2764 4691 2882 4748 ovis
2903 4694 3127 4763 paribus
3148 4694 3382 4755 diximus
3410 4717 3425 4756 :

1840 4792 2019 4855 potest
2054 4782 2349 4838 similitudo
2379 4791 2435 4838 et
2485 4783 2679 4854 imago.
2722 4788 2971 4856 quamvis
3007 4803 3115 4844 non
3144 4791 3216 4846 sit
3246 4809 3427 4862 aequa~

1841 4877 1986 4943 litas,
2024 4884 2083 4932 ut
2114 4876 2168 4930 in
2195 4875 2416 4946 speculo
2445 4877 2781 4934 ostendimus
2809 4893 2824 4934 :
2850 4889 3029 4949 potest
3058 4887 3112 4933 et
3137 4881 3430 4938 similitudo

1841 4985 1980 5036 esse,
2011 4969 2103 5024 ubi
2151 4976 2207 5023 et
2234 4965 2518 5038 aequalitas
2545 4976 2601 5024 et
2651 4969 2830 5040 imago
2875 4970 2986 5034 sit,
3024 4966 3165 5021 sicut
3208 4967 3274 5023 de
3303 4969 3430 5026 filiis

1844 5062 2415 5136 commemoravimus,
2449 5069 2673 5132 excepto
2701 5069 2943 5129 tempore
2970 5073 3075 5129 quo
3115 5062 3430 5130 praecedunt

1842 5159 2114 5226 parentes.
2154 5173 2172 5205 ι
2205 5152 2300 5208 llis
2330 5153 2494 5224 igitur
2523 5151 2686 5221 hujus
2712 5148 3030 5205 differentia:
3061 5151 3262 5220 regulis
3307 5153 3431 5209 hrc-

1843 5247 1982 5300 viter
2008 5244 2232 5316 prolatis
2255 5284 2268 5310 ,
2301 5247 2368 5299 ad
2396 5260 2460 5300 ea
2485 5259 2604 5314 quae
2639 5242 2874 5312 incoepta
2902 5247 3028 5295 sunt
3055 5240 3248 5298 ordine
3275 5258 3427 5300 com—
3509 5309 3512 5312 ,

1841 5340 2044 5411 petenti
2073 5347 2440 5404 transeamus,
2475 5345 2531 5392 et
2569 5334 2766 5391 divina
2792 5333 2928 5404 legis
2953 5331 3256 5388 testimonia
3282 5337 3349 5389 ab
3367 5335 3432 5390 il-

1847 5434 1916 5489 lis
1939 5447 2048 5488 non
2074 5441 2221 5490 recte
2246 5437 2500 5501 usurpata
2517 5469 2533 5495 ,
2555 5444 2587 5482 a
2615 5425 2772 5481 nobis
2799 5422 3185 5479 venerabilium
3208 5425 3432 5484 Patrum

1849 5525 2186 5582 documentis
2219 5532 2366 5580 recte
2392 5523 2501 5578 sint
2519 5515 2858 5591 promulgata
2883 5533 2897 5570 :
2927 5523 3194 5587 quatenus
3219 5526 3272 5573 et
3307 5519 3430 5576 illo-

1848 5633 1969 5673 rum
2011 5617 2252 5682 volatus,
2301 5613 2389 5670 his
2433 5612 2534 5669 alis
2575 5609 2763 5667 fractis
2804 5623 2940 5680 quas
2976 5606 3079 5664 sibi
3115 5619 3438 5683 arroganter

1849 5708 2425 5777 accommodaverunt,
2459 5703 2719 5772 fatescat,
2772 5708 2826 5758 et
2853 5699 3222 5758 studiosorum
3265 5703 3437 5761 lecto.
