4026 6156
609 190 745 246 1027

1474 186 1534 249 Β.
1573 190 1823 253 cauom
1862 192 2076 251 MAGNI
2114 192 2265 253 ore.
2308 194 2489 252 PARS
2526 198 2590 253 II.
2636 185 2883 258 SECTIO
2920 191 2985 257 ιι.

3745 198 3892 262 i028

607 316 760 366 rum,
806 302 898 370 qui
941 301 1027 359 his
1071 302 1209 359 bene
1250 303 1332 359 uti
1382 301 1707 372 desiderant,
1745 318 1936 360 sensus
1965 304 2033 360 ad
2075 304 2182 359 alta
2215 313 2265 371 Α
2292 306 2413 361 dem
2462 302 2692 379 angelo:
2732 306 2861 364 Vide
2902 327 2966 364 ne
3011 309 3242 380 feceris:
3292 327 3570 368 conservus
3607 319 3735 368 tuus
3778 332 3899 370 sum

610 392 957 450 conscendat.

1216 482 1455 541 CAPUT
1492 485 1587 540 IX.

608 572 882 649 Quomodo
908 576 1308 649 intelligendum
1338 578 1404 631 sit
1427 578 1566 649 quod
1596 579 1847 648 scriptum
1893 587 1985 642 est,
2014 578 2187 649 Abra-

677 646 826 721 ham
852 646 1097 721 adoravit
1142 649 1399 721 populum
1430 646 1624 721 ierrae,
1663 646 1815 721 ﬁlios
1860 649 2004 721 Heth
2027 648 2182 721 (Gen.

677 662 806 701 nam
852 662 1097 702 auoravu
1123 662 1399 771 (populum
1430 662 1624 714 terrm,
1674 662 1815 704 unos
1860 662 2182 721 uetnwen.

676 718 854 789 XXIII),
885 719 990 772 sive
1017 735 1121 789 quo
1190 718 1397 789 Moyses
1450 719 1596 773 Jetro
1652 718 1843 789 legitur
1889 720 2184 775 adorasse:

673 788 858 860 quibus
882 787 1129 860 exemplis
1173 789 1227 841 hi
1250 787 1339 859 qui
1364 797 1574 859 propter
1601 787 1903 860 adorandus
1928 791 2186 860 imagines

673 857 899 929 synodos
927 857 1330 929 faciunt,isuum
1355 857 1583 913 errorem
1610 857 2073 929 [uictima/fectant
2097 876 2113 913 :
2142 869 2195 914 et

670 928 795 996 quia
819 944 912 981 nec
938 928 1104 982 Iacob
1134 928 1488 994 Pharaonem,
1502 945 1595 983 nec
1612 928 1815 983 Daniel
1840 928 2197 983 Nabuchodo-

673 1014 829 1052 nosor
862 1013 1059 1068 regem,
1103 1009 1161 1052 ut
1200 998 1281 1054 illi
1329 1000 1531 1068 dicunt,
1580 1000 1785 1070 uspiam
1822 998 2063 1070 legantur
2102 1000 2197 1054 ad-

677 1083 876 1121 ογαδδε.

618 1224 623 1227 ἓ
674 1156 755 1211 llli
776 1158 869 1226 qui
894 1158 950 1212 in
975 1159 1265 1215 adorandis
1292 1160 1617 1234 imaginibus
1632 1168 1881 1227 mstuant,
1907 1161 2009 1217 hoc
2034 1176 2197 1231 pecu-

605 1245 812 1303 liariter
838 1257 998 1318 atque
1033 1250 1371 1306 familiariter
1397 1252 1642 1323 exemplo
1668 1262 1891 1308 utuntur
1915 1254 2058 1323 quod
2086 1254 2197 1310 Ah-

525 1351 563 1379 ο
605 1340 796 1396 tabam
822 1340 961 1397 ﬁlios
988 1340 1150 1406 Heth,
1194 1350 1250 1397 et
1297 1342 1506 1413 Moyses
1535 1342 1684 1399 Jetro
1713 1344 2046 1400 sacerdotem
2084 1344 2197 1398 Ma-

603 1434 733 1492 dian
772 1435 1029 1491 adorasse
1073 1434 1341 1506 leguntur.
1396 1434 1636 1501 Quorum
1681 1435 1901 1505 quidem
1947 1437 2195 1492 adoratio

607 1534 817 1581 tantum
842 1526 1009 1582 distat
1038 1542 1071 1580 a
1102 1527 1262 1597 picta:
1289 1528 1541 1597 imaginis
1571 1530 1903 1594 adorationc,
1934 1536 2196 1599 quantum

604 1617 783 1687 pictus
810 1618 925 1688 ipse
957 1619 1118 1674 homo
1151 1634 1182 1673 a
1218 1620 1335 1674 veri
1371 1619 1608 1675 hominis
1649 1620 1878 1677 ratione.
1920 1618 2191 1686 Quantum

2301 399 2484 471 (Apoc.
2509 415 2603 455 xxx
2625 411 2673 456 et
2698 401 2834 472 χχιι)
2861 420 2876 469 ;
2909 413 2962 458 et
2982 408 3167 474 pastor
3192 405 3446 462 Ecclesiae
3465 398 3667 463 Petrus
3698 402 3899 466 blande

2300 492 2629 549 centurionis
2642 494 3015 551 adoratiouem
3044 488 3315 566 vitaverit,
3345 490 3771 571 dicens,Surge,
3797 501 3900 570 fre.

2298 590 2393 648 ter,
2427 592 2475 637 et
2503 600 2595 655 ego
2616 586 2772 640 homo
2800 602 2916 641 sum
2941 590 3078 642 sicut
3099 598 3148 642 et
3177 597 3233 642 tu
3268 589 3405 661 (Act.
3444 588 3542 660 3-);
3576 597 3635 646 et
3658 604 3766 647 vas
3802 593 3899 648 ele

2299 674 2493 730 ctiom’s
2524 675 2729 732 Paulus
2757 690 2880 733 cum
2901 678 3149 735 Barnaba
3178 678 3489 752 Lycaouum
3518 678 3898 743 adoratiouem

2298 767 2472 823 valida
2500 768 2851 825 reluctatioue
2869 771 3153 841 Spreverit,
3178 772 3364 842 procul
3385 773 3547 829 dubio
3573 776 3728 831 omni
3750 791 3899 833 crea-

2299 866 2431 914 turae
2475 859 2721 916 adoratio
2761 876 2880 931 quae
2926 863 3101 919 solum
3144 864 3315 919 Deum
3358 865 3551 931 decet,
3609 869 3705 937 qui
3753 867 3899 924 solus

2300 951 2624 1019 adorandus,
2668 954 2813 1010 solus
2851 954 3107 1012 colendus
3134 964 3236 1024 est,
3271 956 3629 1027 impendenda
3657 974 3784 1016 esse
3811 976 3901 1016 vc-

2299 1050 2461 1107 tatur,
2493 1044 2639 1099 salva
2664 1048 3037 1103 tantummodo
3057 1047 3398 1104 salutationis
3423 1065 3586 1104 causa
3610 1067 3713 1122 per
3735 1069 3899 1123 quam

2299 1134 2578 1191 humilitas
2625 1136 3047 1193 demonstratur.
3096 1138 3252 1194 Dicat
3298 1140 3464 1210 igitur
3508 1144 3699 1211 nobis,
3757 1143 3903 1199 dicat

2300 1228 2674 1283 sanctissimus
2704 1229 3039 1300 Augustinus
3066 1231 3194 1299 quid
3228 1230 3293 1285 de
3316 1231 3421 1286 hac
3446 1231 3759 1289 adorationc
3784 1234 3904 1289 Ab-

2302 1316 2446 1371 rahae
2471 1317 2555 1372 vel
2586 1318 2756 1389 Moysi
2776 1320 3045 1387 senserit;
3087 1321 3163 1374 ait
3185 1321 3329 1375 enim
3361 1339 3374 1374 :
3413 1340 3432 1372 I
3460 1318 3771 1378 lnsiuua‘tur
3805 1323 3901 1378 hic

2301 1410 2467 1464 etiam
2492 1411 2814 1468 humilitatis
2842 1413 3173 1485 exemplum,
3202 1414 3355 1484 quod
3388 1413 3598 1487 Moyses
3630 1420 3760 1472 cum
3788 1431 3901 1488 quo

2300 1490 2444 1557 Deus
2468 1501 2807 1573 loquebatur,
2829 1520 2937 1559 non
2959 1504 3221 1562 fastidivit
3245 1520 3419 1576 neque
3431 1506 3904 1578 contempsitalie-

2309 1594 2519 1665 uigens:
2552 1597 2727 1652 soceri
2759 1588 2843 1653 sui
2878 1600 3182 1666 consilium,
3234 1608 3545 1675 Quanquam
3577 1612 3631 1656 et
3670 1602 3790 1672 ipse
3815 1598 3905 1655 Je-

604 1665 2192 1782 gh};';;;;s—£;owaI';:;;;n;ﬁ;wa;}r;lion;n’
2224 1665 2275 1729 Β
2299 1692 2407 1782 tro,
2458 1703 2582 1742 cum
2632 1689 2878 1782 Israelita
2910 1707 3018 1745 non
3042 1691 3288 1782 luisset,
3336 1702 3519 1748 utrum
3568 1693 3706 1748 inter
3746 1694 3904 1751 viros

604 1799 877 1854 sensibilis
912 1799 982 1856 ab
1021 1799 1362 1869 insensibili,
1400 1802 1673 1858 animatus
1713 1803 1781 1858 ab
1806 1803 2106 1859 inanimato
2139 1803 2196 1859 in

604 1890 690 1945 sui
727 1889 1037 1947 deﬁnitione
1083 1894 1418 1958 secernitur,
1462 1902 1674 1949 tantum
1706 1895 1897 1965 procul
1933 1894 2099 1951 dubio
2138 1902 2197 1955 et

605 1968 765 2051 th'us
791 1983 1036 2040 adoratio
1058 1984 1126 2039 ab
1154 1984 1299 2040 illius
1318 1984 1632 2041 adorationc
1661 1985 2005 2041 discernitur.
2039 1983 2199 2041 Aliud

605 2087 840 2143 namque
876 2082 961 2130 est
986 2074 1259 2130 hominem
1287 2075 1627 2132 salutationis
1659 2076 1840 2133 ofﬁcio
1864 2084 1918 2131 et
1947 2077 2198 2132 humani-

605 2163 735 2217 tatis
760 2164 1019 2238 obsequio
1052 2166 1326 2222 adorando
1353 2166 1608 2234 salutare,
1649 2166 1793 2223 aliud
1816 2168 2083 2237 picturam
2110 2166 2195 2222 di-

604 2265 886 2311 versorum
918 2254 1157 2310 colorum
1189 2255 1327 2312 fucis
1349 2258 1803 2327 compaginatam,
1843 2257 1960 2312 sine
1982 2269 2194 2327 gressu,

592 2342 724 2401 sine
746 2359 879 2401 voce
905 2345 989 2403 vel
1029 2348 1241 2403 caneris
1290 2349 1539 2404 sensibus
1567 2349 1750 2404 nescio
1780 2364 1888 2419 quo
1930 2350 2078 2405 cultu
2102 2350 2197 2405 ad-

604 2448 781 2503 orare.
820 2435 1243 2494 Frateruitatem
1280 2447 1460 2495 autem
1491 2441 1834 2511 diligendam,
1869 2450 1924 2497 et
1948 2442 2195 2499 dilectio-

604 2539 733 2606 nem
756 2541 883 2597 erga
917 2529 1195 2597 proximos
1219 2531 1598 2598 exhibendam,
1639 2542 1692 2587 et
1717 2533 2038 2589 humilitatis
2070 2550 2197 2606 gra-

607 2605 738 2671 dum
767 2618 1219 2687 amplectendum,
1256 2635 1354 2691 per
1383 2637 1504 2693 qua:
1546 2639 1646 2679 nos
1680 2632 1868 2679 mutuo
1900 2605 2197 2683 salutantes

609 2706 897 2765 adoramus
917 2750 932 2776 ,
987 2726 1126 2783 pene
1157 2713 1397 2768 omnium
1434 2725 1746 2773 sanctarum
1795 2717 2197 2789 Scripturarum

608 2800 963 2883 perdocemur
986 2805 1246 2876 exemplis
1273 2824 1285 2859 :
1338 2807 1601 2879 imagines
1643 2826 1771 2866 vero
1797 2811 2025 2868 adorare
2049 2853 2063 2879 ,
2111 2813 2198 2868 vel

608 2892 865 2962 salutare,
904 2895 989 2951 vel
1008 2896 1266 2967 quasdam
1294 2898 1600 2957 inseusatas
1623 2904 1828 2961 nteuias
1853 2905 2032 2961 colere
2057 2904 2197 2960 inhi-

607 2984 799 3042 bemur
822 2987 1003 3057 potius
1040 3004 1204 3059 quam
1234 2992 1589 3061 instituimur,
1628 3010 1766 3066 pene
1796 2997 1852 3052 in
1881 2997 2092 3053 cunctis
2118 2997 2201 3053 di-
2227 3026 2277 3088 ο

607 3081 747 3137 vina:
770 3080 1065 3153 Scriptura:
1095 3085 1248 3142 locis.
1297 3085 1454 3155 Nam,
1502 3096 1564 3144 ut
1590 3098 1817 3147 creteros
1846 3099 2075 3158 taceam,
2120 3105 2202 3146 sat-

610 3170 949 3229 cratissimus
970 3182 1174 3244 pastor,
1211 3191 1373 3248 super
1392 3193 1555 3249 quem
1580 3179 1967 3236 solidissimam
1992 3188 2204 3250 petram

610 3261 857 3342 Ecclesia
890 3274 1074 3322 sancta
1117 3268 1348 3337 fundata
1368 3279 1473 3338 est,
1514 3288 1624 3330 nou
1651 3274 1727 3329 ait
1776 3274 2063 3346 imagines,
2109 3276 2205 3332 sed

612 3351 994 3424 fraternitatem
1029 3358 1232 3430 diligite
1270 3360 1325 3433 (Ι
1371 3360 1486 3417 Pet.
1525 3363 1637 3436 II);
1675 3380 1777 3421 nec
1814 3366 2010 3421 subditi
2044 3376 2205 3423 estote

611 3445 855 3513 picturis,
907 3449 1002 3504 sed
1031 3453 1173 3506 omni
1207 3453 1452 3510 humana:
1487 3467 1743 3512 creatura:
1780 3456 1958 3528 (Rom.
1987 3473 2127 3525 XIII;
2173 3459 2204 3513 Ι

612 3532 762 3602 Petr.
782 3537 935 3607 II),et
960 3541 1244 3598 Dominum
1272 3544 1550 3604 Christum
1575 3548 1916 3606 sanctiﬁcare
1936 3564 2045 3606 non
2068 3551 2204 3606 ina-

614 3628 847 3699 ginibus,
883 3633 979 3687 sed
1008 3633 1063 3689 in
1087 3636 1341 3693 cordibus
1372 3642 1574 3697 nostris
1607 3643 1860 3700 instituit.
1905 3644 2206 3700 Dementia-

616 3716 814 3774 simum
841 3735 971 3776 sane
995 3730 1047 3776 et
1071 3714 1141 3779 ab
1169 3727 1317 3782 omni
1341 3730 1550 3788 ratione
1572 3734 1840 3790 seclusum
1867 3742 1970 3801 est,
2007 3735 2112 3790 hoc
2136 3736 2206 3795 ad

616 3813 962 3869 astrueudam
1011 3815 1304 3888 imaginum
1362 3821 1732 3881 adoratiouem
1788 3826 1845 3881 in
1896 3825 2205 3896 exemplum

615 3902 834 3990 trahere
877 3906 1020 3975 quod
1064 3907 1338 3967 Abraham
1371 3915 1627 3985 populum
1658 3924 1816 3973 terra:
1837 3958 1852 3984 ,
1903 3928 1959 3972 et
1993 3916 2205 3990 Moyses

614 3980 764 4051 ietro
812 4000 1149 4058 sacerdotem
1188 3980 1401 4061 Madiau
1436 3980 1690 4080 leguntur
1725 3980 1983 4067 adorasse
2017 4028 2029 4064 :
2081 3980 2205 4065 eum

614 4087 863 4173 videlicet
889 4093 1209 4167 plerumque
1234 4100 1407 4155 sancti
1444 4100 1547 4154 viri
1573 4116 1674 4171 per
1698 4102 2059 4159 humilitatem
2097 4117 2204 4173 qua

612 4164 726 4235 Deo
744 4181 1064 4251 placuerunt
1091 4164 1342 4243 homines
1364 4164 1716 4253 salutationis
1739 4192 1916 4262 gratia
1939 4164 2203 4249 adorave-

612 4272 740 4337 rint,
766 4275 1083 4348 plerumque
1098 4293 1166 4333 ne
1178 4278 1246 4334 ab
1262 4279 1383 4334 aliis
1408 4274 1671 4337 adorareu
1679 4289 1765 4335 tur
1773 4283 2049 4339 humiliter
2062 4283 2205 4338 refu—

2299 1777 2469 1834 Deum
2494 1794 2684 1833 verum
2715 1780 2954 1836 colentes
2978 1781 3333 1852 religioseque
3379 1783 3653 1853 sapientes
3692 1783 3903 1841 haben-

2299 1868 2400 1924 dus
2435 1869 2533 1936 sit,
2584 1872 3034 1941 quemadmodum
3062 1882 3117 1929 et
3159 1872 3259 1930 Job
3283 1892 3405 1931 cum
3442 1892 3511 1932 ex
3557 1878 3676 1946 ipso
3702 1876 3902 1947 populo

2298 1972 2408 2015 non
2436 1958 2646 2027 fuisset,
2674 1964 2868 2017 merito
2894 1965 3174 2032 qumritur,
3202 1965 3312 2020 imo
3331 1966 3644 2023 credibilius
3668 1964 3907 2023 habetur

2300 2047 2575 2122 (ambigue
2603 2053 2799 2123 quippe
2825 2055 3001 2123 pesita
3032 2064 3157 2110 sunt
3177 2058 3365 2128 verba)
3394 2058 3480 2113 vel
3508 2068 3689 2113 utrum
3725 2058 3910 2117 sacri-

2299 2140 2543 2198 ﬁcaverit
2578 2144 2688 2199 Deo
2717 2159 2844 2199 vero
2868 2146 2922 2199 in
2948 2147 3146 2216 populo
3183 2146 3297 2214 ejus
3324 2150 3541 2217 quando
3569 2150 3705 2204 vidit
3728 2167 3914 2222 gene-

2300 2250 2421 2291 rum
2449 2250 2630 2298 suum,
2675 2235 2755 2289 vel
2782 2242 2960 2289 utrum
3002 2250 3126 2289 eum
3170 2237 3476 2292 adoraverit
3510 2239 3624 2309 ipse
3650 2238 3920 2311 Moyses.

2298 2329 2613 2400 Quanquam
2654 2330 2719 2385 de
2747 2329 3059 2385 adorationc
3092 2330 3307 2386 etiamsi
3347 2346 3608 2401 expresse
3645 2334 3911 2402 positum

2295 2428 2456 2485 esset,
2495 2420 2668 2475 honor
2693 2420 2967 2476 videretur
2992 2435 3182 2477 socero
3214 2410 3459 2477 redditus
3490 2436 3556 2477 eo
3585 2422 3753 2479 modo
3795 2440 3911 2495 quo

2296 2512 2432 2570 solet
2455 2512 2767 2569 hominibus
2791 2513 3222 2569 honoriﬁcentia:
3261 2528 3426 2570 causa
3463 2508 3709 2571 exhiberi
3741 2533 3775 2572 a
3811 2534 3911 2589 pa-

2296 2608 2471 2663 tribus
2506 2626 2519 2660 :
2562 2607 2704 2663 sicut
2738 2607 2805 2663 de
2840 2606 3116 2662 Abraham
3148 2607 3409 2679 scriptum
3454 2618 3539 2664 est
3561 2649 3577 2675 ,
3624 2611 3776 2680 quod
3805 2600 3909 2668 ad-

2297 2703 2534 2759 oraverit
2563 2701 2704 2758 ﬁlios
2748 2702 2906 2758 lleth.
2946 2722 2964 2755 ι
2998 2692 3105 2759 Sed
3133 2718 3234 2760 nec
3264 2702 3395 2758 illud
3432 2694 3648 2761 silentio
3667 2716 3907 2775 praeter-

2299 2794 2534 2851 eundum
2563 2802 2647 2850 est
2670 2794 2814 2864 quod
2852 2793 3039 2849 dicunt
3065 2793 3230 2850 Jacob
3253 2794 3591 2852 Pharaonem
3616 2784 3902 2861 adorasse,

2301 2886 2414 2940 sive
2460 2884 2648 2940 Daniel
2686 2883 3181 2943 Nabuchodonosor
3221 2900 3444 2958 regem,
3494 2874 3638 2957 quod
3677 2888 3903 2957 quidem

2302 2992 2405 3032 nec
2436 2978 2491 3031 in
2519 2976 2745 3033 Ilebrazo
2776 2977 3023 3042 habetur,
3058 2970 3158 3032 nec
3190 2977 3248 3032 iu
3273 2977 3475 3034 nostris
3507 2977 3717 3033 Latinis
3750 2979 3905 3034 codi-

2307 3072 2480 3135 cibus,
2530 3070 2624 3139 qui
2653 3084 2683 3122 a
2713 3070 2873 3124 beato
2915 3058 3240 3139 Hieronymo
3268 3083 3335 3125 ex
3362 3056 3629 3126 Hebraica
3670 3060 3905 3125 veritate

2307 3159 2553 3216 translati
2596 3166 2744 3226 sunt,
2780 3158 2990 3229 uspiam
3017 3154 3308 3229 reperitur.
3342 3150 3462 3217 Non
3491 3161 3639 3217 enim
3663 3162 3900 3233 amplius

2305 3266 2468 3323 quam
2495 3238 2661 3306 semel
2686 3246 2852 3305 Iacob
2881 3250 2935 3304 in
2964 3259 3254 3320 conspectu
3281 3249 3583 3308 Pharaonis
3604 3244 3784 3309 'l'uisse
3820 3254 3899 3309 le-

2302 3342 2488 3414 gitur:
2530 3340 2674 3409 quod
2715 3339 2935 3409 quidem
2976 3332 3086 3395 hoc
3129 3340 3290 3396 modo
3334 3339 3617 3414 Scriptura
3666 3344 3895 3399 narrat:

2304 3430 2433 3486 Post
2475 3432 2588 3485 Itan:
2615 3430 2907 3485 introduxit
2945 3430 3138 3502 Ioseph
3169 3441 3371 3504 patrem
3410 3450 3567 3488 suum
3605 3435 3674 3488 ad
3702 3451 3897 3506 regem,

2303 3532 2351 3579 et
2371 3523 2553 3577 statuit
2578 3537 2696 3576 eum
2722 3536 2902 3575 coram
2928 3538 3021 3585 eo;
3045 3523 3134 3593 qui
3163 3521 3465 3578 benedicens
3480 3522 3583 3592 illi,
3609 3534 3657 3580 et
3679 3525 3900 3581 interro-

2303 3623 2455 3687 gatus
2478 3598 2541 3666 ab
2566 3628 2644 3678 eo,
2672 3623 2794 3683 quot
2817 3622 2939 3666 sunt
2959 3612 3069 3667 dies
3092 3630 3351 3668 annorum
3370 3615 3487 3671 vitm
3510 3624 3616 3669 tua:
3638 3616 3665 3671 Ρ
3691 3633 3898 3689 respon-

2304 3705 2380 3759 dit
2413 3705 2579 3759 Jacob
2606 3720 2623 3760 :
2648 3704 2770 3759 Dies
2816 3705 3249 3776 peregrinationis
3278 3708 3324 3759 e't
3363 3707 3481 3761 vita:
3504 3710 3653 3763 mea:
3693 3714 3894 3764 centum

2304 3798 2519 3867 triginta
2550 3813 2809 3851 annorum
2836 3806 2958 3851 sunt
2992 3797 3138 3868 parvi
3166 3798 3396 3862 etmali,
3434 3808 3484 3853 et
3513 3816 3621 3855 non
3656 3818 3893 3872 pervene-

2305 3898 2423 3943 runt
2455 3905 2615 3960 usque
2642 3888 2710 3941 ad
2740 3887 2851 3942 dies
2873 3898 3081 3959 patrum
3109 3906 3343 3945 meorum
3365 3892 3553 3962 quibus
3578 3895 3890 3964 peregrinati

2304 3990 2465 4035 sunt:
2501 3990 2549 4034 et
2576 3979 2840 4034 benedicta
2884 3996 2998 4050 rege
3025 3997 3262 4052 egressus
3302 3991 3375 4036 est
3411 3976 3575 4052 foras.
3612 3982 3671 4038 In
3698 3985 3891 4053 quibus

2306 4073 2485 4129 verbis
2514 4087 2622 4127 non
2655 4088 2779 4127 eum
2807 4072 3090 4139 adorasse,
3124 4071 3220 4129 sed
3253 4074 3590 4131 benedixisse
3621 4084 3891 4132 monstra-

2308 4175 2414 4221 tur.
2454 4163 2609 4232 Quod
2643 4164 2862 4235 quidem
2888 4172 2942 4219 et
2973 4164 3019 4218 si
3040 4160 3261 4220 fecisset
3281 4206 3295 4231 ,
3328 4182 3437 4223 non
3463 4168 3583 4223 ideo
3609 4167 3812 4225 faceret
3835 4178 3891 4225 ut

2298 4248 2430 4312 inde
2464 4256 2862 4311 adorandarum
2890 4255 3184 4327 imaginum
3229 4256 3534 4330 exemplum
3563 4271 3885 4330 sumeretur,

614 4362 812 4433 geriut,
833 4366 1149 4437 plerumque
1174 4368 1353 4439 rigore
1374 4384 1487 4424 sure
1504 4371 1809 4427 sanctitatis
1830 4374 1996 4428 erecti
2021 4389 2203 4443 super.
2229 4379 2282 4441 ι)
2306 4347 2401 4405 Sed
2450 4356 2510 4403 ut
2546 4347 2825 4403 humilitas
2860 4348 3029 4402 sancti
3069 4348 3390 4419 patriarcha:
3429 4349 3602 4407 Deum
3633 4350 3886 4420 timentis,

612 4455 712 4512 bos
746 4472 989 4529 quosque
1022 4460 1248 4514 adorare
1272 4462 1715 4530 contempserint.
1764 4463 2029 4534 Imagines
2073 4480 2204 4523 vero

616 4562 880 4616 nusquam
924 4566 1024 4606 nec
1053 4550 1290 4606 tenuiter
1329 4552 1544 4621 quidem
1574 4554 1800 4610 adorare
1831 4557 2010 4612 conati
2053 4565 2196 4614 sunt.

614 4630 751 4692 Nam
778 4638 833 4692 iu
856 4652 922 4695 eo
956 4640 1100 4711 quod
1139 4640 1410 4699 Abraham
1440 4645 1554 4703 sive
1579 4646 1789 4721 Moyses
1825 4650 2074 4708 homines
2102 4653 2203 4709 hu-

615 4720 772 4785 miles
810 4732 923 4788 suis
961 4733 1286 4791 utilitatibus
1326 4720 1697 4809 uecessarios,
1731 4743 1988 4800 adorasse
2015 4743 2203 4817 legun-

616 4826 733 4889 tur,
771 4830 826 4877 et
851 4822 1203 4882 Mardocheus
1224 4827 1399 4903 Aman
1427 4832 1700 4891 hominem
1730 4845 2070 4906 arrogantem
2089 4878 2105 4905 ,
2146 4847 2202 4895 et

616 4911 672 4969 in
707 4913 889 4985 populi
913 4915 1009 4971 Dei
1043 4919 1321 4977 interitum
1356 4922 1673 4994 inhiantem,
1712 4927 1938 4982 adorare
1961 4937 2202 4983 contem-

613 5006 787 5078 psisse
814 5008 1103 5080 reperitur,
1152 5013 1255 5071 hoc
1283 5018 1560 5075 evidenter
1589 5020 1892 5076 ostenditur
1915 5022 2059 5092 quod
2082 5037 2204 5078 sau-

616 5100 687 5156 cti
714 5100 816 5155 viri
849 5116 979 5172 erga
1010 5103 1258 5175 humiles,
1302 5110 1415 5166 sive
1432 5118 1496 5166 ut
1519 5126 1613 5168 eos
1638 5113 1706 5167 ad
1734 5111 1957 5169 meliora
1982 5113 2201 5170 horten-

617 5196 725 5257 tur,
778 5192 892 5248 sive
935 5201 995 5249 ut
1030 5193 1270 5265 ejusdem
1313 5216 1538 5257 summae
1582 5203 1801 5260 virtutis
1839 5222 2068 5261 munera
2092 5223 2201 5264 non

616 5280 894 5351 amittant,
933 5300 1034 5358 per
1059 5289 1302 5346 eamdem
1332 5293 1688 5349 humilitatem
1716 5305 1842 5352 sunt
1870 5283 2001 5353 Socii
2026 5316 2038 5352 :
2077 5315 2202 5355 eou-

616 5382 699 5430 tra
722 5392 1013 5448 pravorum
1042 5376 1170 5438 vero
1198 5386 1485 5454 nequitias,
1514 5386 1624 5441 sive
1647 5397 1709 5442 ut
1732 5388 1998 5443 malorum
2030 5391 2201 5445 socie-

610 5462 754 5523 tates
764 5470 1055 5539 declinent,
1070 5475 1183 5530 sive
1193 5484 1253 5530 ut
1272 5492 1365 5532 eos
1389 5479 1705 5549 resipiscere
1728 5480 2068 5548 compellant,
2095 5481 2179 5537 for

619 5553 746 5641 Iitcr
773 5560 882 5613 sint
917 5562 1104 5616 erecti.
1148 5564 1208 5617 lu
1237 5580 1302 5619 eo
1344 5567 1507 5634 igitur
1532 5569 1672 5637 quod
1708 5564 1950 5621 ioauues
1979 5568 2035 5622 in
2058 5567 2199 5641 Apo-

618 5639 787 5706 calysi
827 5647 893 5700 ab
921 5650 1107 5717 angelo
1135 5653 1416 5710 cohibetur
1442 5674 1506 5712 ne
1535 5673 1591 5712 se
1619 5659 1845 5723 adoret,
1872 5658 2084 5717 dicente

2303 4457 2486 4514 regem
2524 4440 2931 4496 lIonorilicantis
2963 4450 3374 4497 monstraretur.
3423 4442 3553 4511 Quae
3577 4445 3704 4501 dum
3731 4447 3804 4502 ita
3835 4460 3887 4504 se

2300 4534 2567 4600 habeant,
2614 4546 2736 4589 reor
2788 4532 2931 4603 quod
2974 4533 3052 4589 illi
3094 4534 3429 4590 arbitrentur
3459 4535 3697 4592 divinam
3741 4538 3885 4594 Scri-

2299 4634 2515 4697 pturam
2551 4624 2641 4680 illo
2668 4624 3092 4680 familiarissime
3136 4625 3348 4681 illorum
3373 4625 3616 4695 loquendi
3652 4639 3871 4694 genere,

2302 4720 2446 4788 quod
2467 4717 2683 4787 quidam
2709 4716 3068 4787 acyrologiam
3095 4726 3416 4790 nuncupant,
3454 4716 3553 4783 uti,
3584 4724 3644 4771 ut
3668 4716 3878 4774 benedi-

2302 4826 2415 4865 cere
2441 4808 2683 4878 posuerit
2706 4822 2806 4877 pro
2840 4808 3080 4873 adorare,
3119 4812 3214 4881 qui
3239 4798 3487 4882 loquendi
3513 4808 3703 4866 modus
3726 4817 3882 4868 tanto

2300 4901 2381 4957 eis
2416 4897 2703 4970 peculiaris
2741 4907 2844 4964 est,
2874 4908 2933 4953 ut
2958 4909 3012 4954 et
3051 4902 3256 4969 habere,
3298 4911 3353 4958 et
3376 4902 3625 4969 salutare,
3658 4910 3715 4957 et
3740 4918 3887 4959 oscu-

2301 4991 2424 5056 lari,
2465 4999 2518 5045 et
2545 4991 2800 5056 venerari,
2834 5005 2934 5060 pro
2980 4990 3204 5049 adorare
3234 5002 3297 5051 ‘et
3320 4994 3424 5067 ipsi
3464 4996 3697 5065 ponant,
3742 4996 3886 5051 etab

2301 5084 2422 5141 aliis
2447 5082 2681 5154 positum
2714 5083 2998 5153 accipiant,
3040 5092 3094 5140 et
3129 5094 3188 5140 ut
3220 5086 3297 5141 ita
3339 5086 3572 5142 dixerim
3609 5101 3748 5159 pene
3772 5100 3889 5142 om-

2298 5177 2388 5232 nia
2412 5176 2493 5232 eis
2535 5173 2901 5244 hujuscemodi
2940 5177 3101 5234 verba
3128 5179 3183 5233 in
3211 5179 3439 5235 adorare
3467 5194 3729 5235 conversa
3756 5179 3885 5235 sint.

2300 5267 2500 5324 Sancta
2551 5280 2680 5321 vero
2726 5263 3007 5338 Scriptura
3056 5269 3196 5323 sicut
3235 5278 3464 5326 creteros
3509 5286 3724 5326 errores
3746 5310 3763 5336 ,
3806 5270 3888 5327 ita

2299 5360 2465 5414 etiam
2502 5359 2645 5414 hunc
2668 5356 2918 5428 loquendi
2942 5360 3159 5416 modum
3186 5361 3396 5430 abnuit,
3437 5363 3532 5419 sed
3566 5363 3737 5434 puris,
3760 5377 3888 5434 pro-

2297 5451 2449 5523 priis,
2485 5450 2606 5506 ﬁxis
2634 5449 2746 5505 sive
2779 5450 3134 5522 prudentibus
3168 5468 3382 5524 semper
3410 5455 3593 5510 verbis
3624 5455 3738 5510 sive
3770 5468 3887 5510 sen-

2299 5544 2485 5599 tentiis
2524 5543 2730 5609 utitur,
2774 5534 3047 5614 Propheta
3093 5553 3418 5612 attestaute,
3474 5550 3568 5618 qui
3607 5549 3726 5603 ait:
3773 5544 3887 5601 Lex

2297 5637 2510 5693 Domini
2538 5637 2996 5705 irreprehensibilis
3020 5658 3036 5704 ;
3060 5652 3178 5709 quae
3197 5641 3242 5697 si
3271 5642 3570 5699 benedicere
3584 5641 3768 5714 posuit
3777 5654 3887 5712 pro
