4026 6156
212 327 355 389 1029

1042 327 1216 391 LIBRI
1251 329 1592 391 CAROUNI.
1632 359 1704 373 -—
1738 327 1958 388 CAPIT.
2001 335 2087 392 DE
2124 335 2313 395 lMAG.
2353 368 2422 385 -ι
2463 339 2591 396 LlB.
2625 333 2668 398 ἰ,

3333 339 3472 401 105θ

208 446 467 509 adorare,
495 432 799 514 impropriis
834 438 1153 502 dictionibus
1182 448 1369 502 utitur.
1398 445 1458 500 Si
1482 443 1786 514 impropriis
1813 443 2092 514 Asyuodo
2133 465 2256 517 quae
2292 465 2390 520 pro
2426 453 2712 507 adorandis
2754 439 3082 524 imaginibus
3125 453 3325 526 agitata
3365 461 3471 524 est,

208 533 544 587 dictionibus
558 534 747 598 utitur,
777 536 1214 603 reprehensibilis
1225 543 1306 589 est
1327 552 1338 587 :
1357 542 1439 588 est
1460 542 1639 586 autem
1649 533 1786 586 irre-

1881 531 2126 605 -legitur:
2177 542 2426 608 quoniam
2471 541 2563 595 ille
2601 542 2737 612 lapis
2773 559 2881 599 non
2919 544 3144 613 alicujus
3181 550 3474 617 praeteritae

207 623 627 692 prehensibilis,
665 639 774 678 non
817 625 978 694 igitur
1012 626 1303 679 benedicere
1350 625 1526 693 posuit
1559 637 1657 692 pro
1693 623 1788 676 ad-
1883 628 1971 680 rei
1999 629 2172 699 imago
2197 633 2279 686 vel
2305 634 2597 689 similitudo
2617 634 2782 692 fuisse
2809 637 3065 693 creditur.
3097 638 3200 705 Qui
3229 641 3274 693 si
3295 642 3362 695 ob
3383 639 3474 695 ali-

207 729 388 767 orare.
437 713 693 784 Dic-ergo
724 722 802 781 tu,
828 715 912 770 dic
935 724 1117 769 sancte
1148 715 1352 779 Daniel,
1371 715 1456 770 die
1475 715 1559 768 vir
1587 713 1790 768 deside-

205 806 458 871 riorum,
511 809 599 862 die
650 814 920 862 scrutator
974 822 1331 873 arcanorum,
1381 808 1466 861 dic
1511 807 1791 873 indagator

205 894 649 966 Scripturarum,
671 899 757 953 die
777 899 1030 967 propheta
1056 900 1148 968 qui
1174 899 1580 968 Rcdemptorem
1609 898 1790 952 mundi

206 986 266 1040 in
293 1001 365 1042 eo
396 990 636 1058 apertius
665 989 870 1044 eteteris
895 989 1095 1044 dixisse
1118 991 1390 1060 probaris,
1419 991 1543 1058 quia
1572 1005 1678 1044 non
1710 1006 1792 1045 so-

205 1075 326 1130 lum
362 1079 559 1134 scribis
587 1093 708 1132 eum
745 1093 862 1133 esse
901 1086 1203 1145 venturum,
1241 1078 1383 1148 quod
1420 1079 1620 1134 esttibi
1646 1093 1792 1133 com-

204 1181 380 1222 mune
424 1182 548 1222 cum
590 1169 832 1232 caeteris,
878 1169 971 1223 sed
1005 1184 1110 1238 quo
1146 1177 1384 1240 tempore
1422 1177 1680 1224 venturus
1721 1169 1794 1224 sit

201 1259 397 1326 doces,
427 1270 483 1316 et
508 1276 657 1330 reges
681 1276 778 1331 per
796 1263 1040 1318 ordinem
1065 1262 1278 1334 digeris,
1306 1273 1360 1319 et
1383 1279 1549 1319 annos
1579 1272 1794 1318 enume-

203 1363 297 1404 ras
328 1366 396 1404 ac
439 1350 874 1406 manifestissima
905 1352 1059 1421 signa
1090 1354 1454 1422 prainuntias:
1501 1355 1585 1408 dic
1607 1362 1792 1406 utrum

204 1441 704 1498 Nabuchodonosor
725 1483 741 1508 ,
793 1452 854 1497 ut
885 1443 961 1496 illi
989 1445 1264 1514 garriunt,
1297 1443 1643 1515 adoraveris?
1678 1442 1796 1496 Non

205 1532 260 1588 in
290 1547 418 1589 meo
441 1534 713 1589 volumine
735 1536 858 1598 hoc,
885 1534 1126 1604 inquam,
1151 1534 1344 1590 fecisse
1366 1551 1452 1589 me
1467 1535 1628 1604 legis:
1653 1531 1797 1602 quod

207 1627 435 1696 quidem
452 1633 509 1679 et
531 1625 579 1680 si
610 1625 878 1689 fecissem,
903 1625 1049 1678 nulla
1073 1641 1141 1680 ex
1164 1634 1317 1695 parte
1336 1626 1461 1679 inde
1482 1625 1695 1679 illorum
1721 1639 1802 1678 as-

1887 716 2045 783 cujus
2067 724 2352 788 praeteritae
2390 725 2467 779 rei
2505 727 2822 781 memoriam
2853 731 2919 784 ah
2951 729 3186 796 ejusdem
3211 731 3290 785 rei
3321 732 3471 784 simi—

1895 805 2117 861 litudine
2145 825 2448 880 expressus,
2480 822 2533 868 et
2556 829 2586 868 a
2608 825 2795 870 sancto
2820 819 3128 886 patriarcha
3151 821 3217 874 ad
3245 821 3468 874 adoran-

1896 895 2021 950 dum
2050 895 2237 952 fuisset
2271 910 2484 956 erectus
2506 943 2520 967 ,
2565 907 2832 971 quoddam
2861 907 3106 963 fortassis
3130 919 3316 978 posset
3363 910 3469 966 illis

1896 986 2038 1041 ferre
2061 987 2468 1055 adminiculum,
2501 995 2592 1061 qui
2619 997 2757 1048 tanti
2787 999 2989 1051 erroris
3018 998 3200 1054 subire
3228 1016 3337 1055 non
3358 999 3471 1055 for-

1895 1079 2168 1134 midavere
2193 1083 2511 1149 periculum.
2547 1084 2650 1139 Sed
2679 1087 2807 1140 dum
2837 1087 2977 1143 aliud
3005 1090 3074 1143 sit
3104 1094 3346 1160 quaedam
3375 1108 3474 1162 per

1896 1171 2257 1238 patriarcham
2310 1172 2427 1226 ﬁeri
2487 1176 2553 1228 ad
2609 1177 3094 1244 prailigurationem
3152 1179 3470 1248 futurorum,

1897 1260 2043 1315 aliud
2065 1277 2094 1316 a
2112 1263 2317 1332 pictore
2356 1265 2501 1335 pingi
2526 1267 2775 1334 quaedam
2803 1270 2872 1324 ob
2894 1274 3217 1327 memoriam
3241 1283 3470 1344 praeter-

1897 1353 2096 1407 itorum
2129 1361 2441 1423 gestorum;
2493 1357 2636 1412 aliud
2668 1363 2738 1413 sit
2781 1358 2985 1430 Spiritu
3016 1371 3203 1418 sancto
3234 1379 3353 1419 esse
3389 1379 3504 1421 re—-

1899 1443 2122 1511 pictum,
2161 1445 2303 1500 aliud
2330 1447 2560 1515 pictoria
2587 1457 2702 1503 arte
2729 1451 3028 1518 imbutum;
3066 1454 3211 1508 aliud
3245 1455 3348 1510 iste
3379 1471 3476 1526 ge-
3541 1441 3557 1448 ’

1901 1541 1986 1589 rat
2011 1537 2218 1591 caelesti
2261 1551 2485 1594 munere
2514 1539 2716 1606 fretus',
2754 1541 2896 1595 aliud
2937 1543 3026 1597 ille
3071 1547 3325 1613 operandi
3373 1563 3474 1602 usu

1890 1637 2198 1696 expertus;
2259 1618 2399 1684 aliud
2435 1632 2503 1685 sit
2547 1631 2712 1687 Jacob
2757 1634 2811 1687 in
2853 1634 3063 1688 titulum
3101 1637 3308 1707 erigere
3337 1637 3474 1707 lapio

204 1711 1804 1784 sertiofulciretur:egoproposuiincordcmeonepolluerer
1905 1715 2045 1779 dem,
2097 1715 2242 1772 aliud
2284 1719 2572 1786 quemdam
2609 1719 2869 1787 pictorem
2915 1721 2970 1774 in
3000 1723 3204 1790 pariete
3239 1732 3477 1780 statuere

181 1804 278 1858 de
291 1799 627 1868 mensaejus,
645 1815 818 1870 neque
832 1801 896 1856 de
919 1802 1427 1872 vinopotusejus,et
1441 1805 1515 1859 illi
1527 1821 1612 1860 me
1624 1806 1803 1861 dicunt
1834 1790 1881 1850 Β
1906 1806 2192 1876 imaginem
2217 1825 2232 1873 ;
2284 1808 2427 1863 aliud
2457 1811 2749 1864 secundum
2783 1814 3017 1882 typicam
3053 1813 3286 1884 ﬁguram
3316 1816 3477 1872 desu-‘-

206 1908 343 1948 eum
372 1892 643 1948 adorasse.
681 1893 970 1948 (ludentem
995 1909 1124 1964 ergo
1139 1895 1192 1948 in
1222 1894 1413 1950 faciem
1433 1911 1604 1960 suam,
1637 1906 1692 1951 et
1715 1912 1802 1952 me

212 1987 537 2041 adorantem
559 2024 577 2052 ,
613 1993 669 2040 et
695 1985 899 2040 hostias
942 1996 995 2040 et
1030 1987 1644 2043 incensumsacriﬁcare
1667 1989 1801 2043 mihi

213 2077 624 2146 praecipientem
641 2117 655 2142 ,
704 2084 759 2130 et
787 2077 952 2130 Deum
981 2077 1199 2132 deorum
1225 2086 1280 2133 ct
1307 2078 1590 2133 Dominum
1613 2094 1800 2149 regum

212 2174 271 2218 et
301 2165 658 2219 revelatorem
705 2166 1114 2234 mysteriorum,
1148 2168 1239 2236 qui
1267 2177 1444 2237 potest
1477 2169 1686 2237 aperire
1717 2183 1802 2222 sa-

211 2267 494 2313 cramenta
515 2257 880 2323 conﬁtentem,
909 2269 962 2314 et
987 2277 1111 2315 eum
1141 2262 1197 2315 in
1219 2278 1305 2318 me
1332 2263 1513 2331 potius
1536 2265 1605 2318 ob
1629 2264 1803 2334 signo-

213 2365 341 2406 rum
389 2351 807 2421 magnitudinem
831 2393 846 2419 ,
897 2352 1050 2421 cujus
1097 2369 1196 2424 ego
1246 2355 1610 2412 habitaculum
1655 2371 1794 2421 sum,

216 2457 388 2512 quam
414 2457 500 2497 me
525 2445 836 2498 adorantem
861 2445 1070 2500 blandis
1099 2447 1344 2516 alloquiis
1382 2447 1578 2503 affatus
1605 2464 1724 2503 sum
1747 2458 1801 2504 ct

219 2537 291 2591 ab
321 2551 388 2591 eo
412 2544 470 2590 ut
496 2537 917 2592 misericordiam
962 2553 1174 2607 semper
1202 2551 1476 2597 exerceret
1514 2543 1569 2596 in
1603 2557 1801 2610 genere

216 2627 406 2694 Israel,
437 2628 551 2683 sive
577 2636 636 2682 ut
666 2629 1012 2697 concaptivos
1036 2644 1204 2694 meos,
1237 2631 1519 2696 Ananiam,
1547 2632 1800 2685 Azariam

220 2728 279 2776 et
303 2720 578 2776 Misaelem
620 2721 972 2777 constitueret
1008 2736 1171 2791 super
1195 2737 1357 2791 opera
1381 2724 1668 2792 provinciae
1694 2721 1798 2778 Ba-

223 2814 441 2884 bylonis
465 2813 750 2884 postulavi,
774 2829 880 2868 non
901 2813 1196 2868 adulatorie
1224 2816 1461 2869 adoravi.
1487 2814 1654 2881 Quem
1684 2815 1801 2883 qni-

225 2902 351 2958 dem
379 2911 435 2957 et
478 2903 525 2956 si
561 2902 867 2957 adorassem
887 2942 901 2966 ,
953 2917 1061 2956 non
1091 2919 1202 2957 rem
1240 2904 1526 2972 quamdam
1555 2905 1797 2958 insensa-

221 3001 335 3048 tam
374 2995 657 3050 adorarem
682 3033 698 3058 ,
735 2995 829 3049 sed
857 3009 952 3064 per
990 2995 1310 3049 humilitatis
1351 2994 1588 3050 ofﬁcium
1634 2995 1800 3050 subli-

217 3082 380 3138 miori
424 3084 680 3152 potestati
722 3083 968 3138 subditus
1015 3098 1238 3139 manens
1259 3123 1275 3150 ,
1319 3085 1494 3139 sciens
1531 3100 1638 3140 non
1679 3100 1800 3141 esse

217 3183 544 3244 potestatem
586 3174 691 3229 nisi
730 3190 761 3228 a
798 3174 907 3230 Deo
931 3214 948 3240 ,
992 3175 1307 3231 rationalem
1351 3177 1620 3232 hominem
1653 3177 1800 3233 salu-

219 3265 384 3320 tando
432 3264 738 3319 adorarem.
791 3261 926 3316 Nam
960 3279 1082 3318 cum
1132 3271 1243 3319 tam
1281 3263 1492 3320 felicem
1533 3267 1803 3334 quondam

220 3357 503 3412 habuerim
530 3355 992 3411 conversationem
1014 3395 1030 3422 ,
1082 3365 1141 3410 ut
1161 3357 1402 3426 quatsitis
1428 3358 1801 3415 occasionibus

217 3464 283 3504 ex
310 3442 484 3503 latere
512 3447 656 3517 regis
684 3447 878 3516 quibus
906 3448 1148 3502 accusari
1172 3463 1382 3518 possem
1409 3450 1476 3503 ab
1505 3449 1719 3516 invidis,
1747 3459 1802 3504 et

221 3556 326 3593 non
357 3541 416 3593 in
445 3538 550 3593 alio
591 3537 696 3592 nisi
741 3537 796 3591 in
823 3537 1075 3607 legitimis
1103 3538 1196 3592 Dei
1239 3539 1345 3594 mei
1382 3549 1665 3595 accusatus
1690 3540 1802 3594 fue-

226 3631 352 3695 rim,
403 3637 457 3682 et
485 3630 540 3684 in
568 3629 741 3684 lacum
767 3630 979 3686 leonum
1007 3628 1295 3698 proiectus,
1333 3640 1387 3686 et
1411 3648 1554 3688 nunc
1581 3647 1801 3689 accuser

224 3719 488 3774 adorasse
517 3734 674 3787 quem
701 3735 807 3776 non
836 3720 1200 3786 adoraverim,
1250 3729 1305 3776 et
1330 3736 1360 3776 a
1395 3721 1546 3777 falsis
1573 3723 1802 3778 testibus

224 3810 382 3864 dicar
408 3810 580 3879 egisse
603 3811 744 3879 quod
769 3825 873 3865 non
900 3812 1008 3882 egi,
1049 3819 1217 3866 restat
1253 3821 1314 3868 ut
1340 3829 1462 3868 cum
1491 3815 1660 3868 David
1688 3815 1799 3869 cla—

227 3918 397 3966 mem,
430 3902 826 3957 Insurrexerunt
859 3905 912 3957 in
940 3921 1018 3957 me
1048 3915 1199 3961 testes
1225 3907 1368 3975 falsi,
1408 3916 1455 3960 et
1487 3909 1700 3961 mentita
1727 3918 1802 3961 est

223 3992 478 4061 iniquitas
509 3991 606 4043 sibi
635 3991 802 4061 (Psal.
841 3994 1032 4064 xxvii).
1085 3993 1217 4048 Cum
1257 4010 1386 4064 ergo
1414 3995 1483 4049 ob
1511 3996 1802 4066 imaginum

221 4097 466 4136 amorem
497 4089 551 4134 ct
591 4080 756 4136 Jacob
783 4083 1143 4151 patriarcham
1175 4093 1227 4138 et
1256 4084 1530 4138 Danielem
1570 4086 1802 4155 prophe—

225 4178 327 4227 tam
353 4173 731 4238 criminentur,
761 4183 814 4226 et
843 4173 1245 4244 Scripturarum
1273 4175 1574 4229 divinarum
1615 4191 1803 4231 sensus

221 4267 286 4320 ad
328 4267 648 4336 peregrinas
697 4266 1077 4336 intelligentias
1115 4276 1427 4321 convertere
1476 4268 1715 4321 nitantur
1752 4277 1806 4324 et

221 4368 350 4413 suos
374 4357 800 4425 pnedecessores
827 4358 939 4412 sive
964 4367 1214 4427 parentes
1255 4366 1440 4413 contra
1470 4357 1602 4427 legis
1631 4359 1801 4428 impe-

1899 1911 2000 1966 per
2023 1898 2199 1952 oleum
2235 1898 2487 1965 fundere,
2519 1901 2660 1954 aliud
2700 1902 2989 1957 secundum
3017 1904 3356 1974 vaniloquum
3386 1921 3477 1961 as-

1901 1991 2194 2044 sertionem
2229 1991 2453 2045 ador-are
2469 1990 2689 2059 jubere;
2737 1992 2922 2046 inutile
2947 2001 3002 2048 et
3023 1993 3164 2048 ultra
3193 2011 3354 2064 quam
3393 1996 3479 2051 in-

1903 2081 2037 2136 utile
2069 2088 2152 2134 est
2180 2080 2282 2134 hoc
2309 2080 2378 2134 ad
2424 2082 2765 2135 astruendam
2811 2082 3042 2151 aliquam
3069 2100 3183 2140 rem
3211 2087 3266 2140 in
3294 2103 3477 2143 exem-

1899 2171 2048 2240 plum
2073 2185 2371 2241 proponere
2399 2173 2542 2239 quod
2571 2173 2638 2226 ab
2659 2171 2755 2226 illa
2784 2188 2843 2228 re
2866 2175 3104 2230 omnium
3133 2187 3476 2248 argumenta-

1899 2262 2109 2317 tionum
2160 2261 2492 2316 diverticulis
2548 2262 2757 2317 videtur
2813 2263 3033 2319 distare.
3097 2265 3476 2338 Nuhquidnam

1899 2350 2064 2407 Jacob
2098 2352 2245 2406 illum
2285 2351 2513 2421 lapidem
2543 2359 2602 2407 ut
2626 2353 2876 2408 adoretur
2898 2357 3068 2410 erexit
3087 2397 3101 2422 ,
3134 2367 3224 2411 aut
3249 2359 3476 2429 alicujus

1840 2520 1846 2525 η
1902 2444 1979 2497 rei
2008 2443 2061 2496 in
2109 2459 2175 2498 eo
2217 2444 2504 2514 imaginem
2545 2444 2827 2514 depinxit?
2867 2447 2998 2503 Nam
3045 2450 3170 2505 dum
3217 2451 3479 2522 imagines

1891 2549 2036 2604 pene
2073 2535 2280 2589 nullum
2300 2533 2533 2590 ofﬁcium
2556 2536 2702 2591 aliud
2734 2539 2837 2593 nisi
2869 2540 3137 2596 mentibus
3163 2553 3261 2610 per
3285 2543 3364 2596 sui
3396 2543 3480 2596 in-

1900 2626 2096 2679 tuitum
2127 2626 2438 2679 memoriam
2477 2625 2738 2682 inferendi
2765 2629 3013 2694 habeant,
3051 2631 3187 2700 lapis
3212 2632 3303 2700 qui
3331 2647 3362 2685 a
3389 2645 3482 2702 pa-

1899 2715 2140 2770 triarcha
2169 2724 2380 2770 erectus
2414 2723 2496 2770 est
2534 2719 2637 2777 tria
2673 2719 2902 2789 insignia
2937 2728 2992 2775 et
3028 2733 3238 2776 summo
3275 2722 3483 2778 honore

1899 2803 2060 2873 digna
2087 2805 2325 2859 creditur
2363 2805 2536 2861 ollicia
2578 2807 2848 2863 habuisse.
2885 2809 3148 2875 Primum,
3195 2814 3336 2879 quod
3364 2827 3483 2867 cer-

1901 2897 2072 2951 vicem
2118 2896 2463 2952 lsraelitieam
2505 2896 2755 2962 fulcierit,
2787 2907 2842 2953 et
2875 2900 3113 2969 pulvillis
3147 2903 3351 2956 carenti
3381 2917 3478 2972 pa-

1901 2988 2151 3043 triarcha:
2191 2987 2393 3056 pulvilli
2440 2989 2609 3044 vicem
2654 2991 2992 3058 praastiterit,
3045 3000 3100 3046 et
3139 2990 3256 3060 ejus
3305 2995 3481 3064 capite

1902 3079 2068 3135 fuerit
2094 3089 2365 3147 oneratus,
2403 3081 2491 3150 qui
2521 3097 2628 3136 non
2654 3082 2824 3138 solum
2853 3083 3055 3137 scalam
3080 3095 3110 3138 a
3136 3091 3282 3140 terra
3307 3099 3481 3156 usque

1903 3170 1970 3227 ad
1997 3170 2193 3228 caelum
2236 3173 2648 3243 pertingentem,
2696 3182 2751 3230 et
2779 3174 2997 3245 angelos
3022 3189 3120 3244 per
3137 3187 3263 3230 eam
3291 3183 3480 3232 ascan-

1896 3266 2088 3321 rdentes
2129 3275 2183 3321 et
2212 3266 2597 3322 descendentes
2615 3306 2629 3329 ,
2677 3266 2771 3320 sed
2799 3266 2960 3320 etiam
2989 3265 3167 3335 ipsum
3194 3265 3478 3321 Demittunt

1899 3355 2039 3411 bona
2067 3357 2168 3412 sibi
2208 3358 2547 3427 pollicentem
2583 3358 2858 3411 cernebat.
2901 3356 3227 3420 Secundum,
3255 3359 3399 3426 quod
3419 3359 3477 3413 in

1901 3444 2110 3516 insigne
2135 3453 2188 3500 et
2217 3447 2428 3502 titulum
2467 3461 2573 3515 quo
2598 3454 2816 3504 sanctus
2852 3447 3156 3516 patriarcha
3186 3446 3328 3502 illius
3354 3459 3478 3502 san-

1902 3537 1974 3592 cti
2003 3537 2103 3591 loci
2135 3540 2586 3601 reminisceretur,
2615 3547 2829 3592 erectus
2857 3547 2960 3600 est,
2999 3554 3104 3607 quo
3124 3538 3339 3594 rediens
3355 3553 3482 3608 pro-

1901 3627 1968 3684 lis
1997 3637 2050 3681 et
2093 3628 2379 3700 coniugum
2406 3627 2599 3684 aﬂ‘ectu
2632 3629 2962 3684 exhilaratus
2995 3634 3049 3682 et
3081 3643 3273 3699 magna
3299 3644 3480 3684 rerum

1900 3719 2172 3788 opulentia
2199 3720 2419 3785 ditatus,
2449 3734 2546 3774 sua
2573 3719 2800 3774 Domino
2825 3728 2948 3775 vota
2971 3719 3060 3788 qui
3083 3720 3198 3774 huic
3219 3719 3321 3775 sibi
3350 3733 3481 3774 eun-

1899 3816 1989 3863 cta
2011 3817 2353 3863 concesserat
2377 3809 2644 3863 redderet.
2679 3810 2941 3874 Tertium,
2966 3810 3107 3880 quod
3128 3819 3312 3881 typum
3335 3824 3482 3879 gere-

1901 3899 1993 3952 bat
2021 3898 2187 3951 nostri
2219 3897 2547 3960 Mediatoris,
2577 3899 2667 3964 qui
2690 3899 2864 3951 factus
2883 3907 2972 3950 'est
2999 3899 3053 3950 in
3095 3910 3254 3967 caput
3278 3899 3479 3968 anguli,

1896 3995 1957 4039 'et
1979 3992 2063 4038 est
2077 3985 2338 4038 mirabilis
2354 3985 2525 4038 oculis
2547 3985 2778 4049 nostris;
2806 3985 2897 4053 qui
2917 3993 3112 4038 unctus
3149 3996 3239 4039 est
3269 4003 3297 4039 a
3324 3988 3484 4040 Patre

1903 4076 2022 4132 oleo
2054 4074 2254 4129 lzetitia:
2278 4089 2390 4142 prae
2435 4075 2775 4128 consortibus
2812 4074 2962 4138 suis;
3009 4070 3170 4143 quem
3197 4082 3255 4128 'et
3297 4076 3483 4130 Daniel

1905 4166 2134 4235 lapidem
2164 4165 2436 4219 abscisum
2465 4164 2595 4218 dicit
2623 4163 2687 4217 de
2718 4173 2901 4220 monte
2927 4163 3043 4220 sine
3070 4165 3319 4220 manibus
3347 4180 3484 4235 prac-

1905 4255 2216 4319 cidcntium,
2255 4255 2459 4323 absque
2480 4253 2623 4308 coitu
2654 4263 2708 4308 et
2737 4256 2973 4310 humano
3004 4255 3253 4310 videlicet
3277 4257 3486 4311 semine

1903 4371 1971 4411 ex
2000 4363 2155 4409 utero
2194 4353 2440 4424 virginali
2476 4353 2736 4424 genitum.
2787 4355 2956 4422 Quem
2997 4364 3053 4412 et
3082 4356 3248 4410 David
3274 4365 3484 4429 petram

225 4443 370 4496 rium
396 4457 766 4514 aspernentur,
815 4458 1060 4518 superest
1087 4458 1146 4502 ut
1185 4448 1271 4504 his
1316 4457 1522 4504 tantum
1565 4451 1801 4505 contenti
1829 4483 1883 4544 Β
1905 4454 2176 4516 nuncupat
2202 4447 2416 4510 dicens,
2459 4445 2716 4501 Dominus
2741 4455 2889 4518 petra
2915 4463 3030 4502 mea
3059 4458 3106 4503 et
3129 4449 3288 4504 robur
3312 4465 3482 4505 meum

228 4536 355 4601 sint,
404 4547 459 4592 ct
501 4554 686 4593 carum
725 4543 1040 4610 patrocinio,
1093 4544 1137 4598 si
1171 4559 1410 4598 errorem
1436 4560 1590 4600 suum
1633 4545 1804 4599 corri-
1829 4536 1874 4544 ⁷
1904 4550 1953 4594 et
1991 4539 2237 4595 Salvator
2279 4555 2424 4592 meus
2458 4537 2629 4609 (Psal.
2666 4540 2895 4610 xxxvii).
2951 4541 3028 4595 De
3069 4557 3176 4611 quo
3222 4543 3384 4598 etiam
3425 4543 3484 4599 in

223 4645 351 4699 gere
378 4631 584 4699 nolunt,
617 4623 756 4688 sicut
784 4643 838 4689 et
859 4634 960 4705 ipsi
986 4637 1229 4703 credunt,
1263 4637 1592 4692 muniantur.
1629 4636 1804 4706 Atque

224 4722 295 4778 illi
327 4725 625 4796 glorientur
652 4727 706 4782 in
738 4727 1081 4798 imaginibus,
1113 4744 1211 4783 nos
1231 4738 1411 4784 autem
1438 4729 1728 4799 gloriemur
1749 4729 1804 4783 in

223 4829 381 4872 cruce
421 4818 637 4873 Domini
667 4820 838 4875 nostri
861 4819 989 4875 Jcsu
1020 4820 1251 4886 Christi,
1303 4837 1402 4892 per
1443 4836 1602 4892 quem
1648 4821 1803 4877 nobis

226 4907 455 4963 mundus
481 4909 778 4964 cruciﬁxus
796 4919 880 4966 est
907 4926 1111 4981 nosque
1140 4912 1359 4967 mundo.

842 5043 1072 5100 CAPUT
1111 5045 1175 5099 X.

229 5138 317 5224 'De_
337 5159 404 5198 eo
427 5147 566 5228 quod
602 5148 830 5228 Joannes
869 5155 1131 5228 presbyter
1157 5167 1201 5209 et
1231 5157 1427 5227 legatus
1456 5156 1802 5213 Orientalium

298 5221 509 5296 incaute
543 5221 830 5296 imaginjtm
863 5221 1222 5296 odorativa
1247 5221 1476 5282 stabilire
1501 5231 1686 5296 nitens,
1728 5230 1806 5283 (li-

299 5285 438 5369 scisse
468 5283 673 5369 legitur;
721 5290 910 5369 Erexit
941 5290 1106 5346 Jacob
1131 5295 1344 5369 titulum
1368 5297 1502 5363 Deo,
1534 5283 1801 5369 quatenus

299 5362 352 5409 et
381 5355 658 5410 benedixit
690 5373 813 5415 eum
845 5361 1000 5431 (Gen.
1023 5363 1206 5433 xxxv).

297 5467 418 5524 Non
462 5469 754 5526 mediocris
777 5472 1037 5526 socordiae
1060 5481 1142 5526 est
1177 5475 1280 5528 hoc
1313 5475 1475 5530 etiam
1504 5481 1569 5534 ad
1611 5481 1803 5552 imagi-

227 5569 358 5614 num
399 5561 772 5616 adorationem
827 5561 1174 5616 astruendam
1222 5564 1519 5633 exemplum
1563 5569 1804 5638 proferre

223 5652 371 5719 quod
396 5649 566 5707 Iacob
589 5650 819 5721 lapidem
845 5648 1028 5708 erexit
1057 5648 1110 5700 in
1139 5649 1373 5718 titulum,
1414 5655 1551 5712 sicut
1572 5657 1806 5716 Joannes

1901 4633 2040 4688 lsaia
2077 4633 2337 4702 propheta
2375 4631 2632 4686 scribitur
2659 4650 2670 4684 :
2703 4631 2840 4686 Ecce
2866 4648 3000 4701 pono
3038 4634 3096 4687 in
3123 4633 3484 4703 fundamentis

1901 4727 2036 4782 Sion
2073 4726 2298 4796 lapidem
2341 4741 2621 4792 summum,
2661 4727 3002 4798 angularem,
3039 4728 3336 4799 probatum,
3384 4731 3486 4786 ele-

1897 4829 2059 4881 ctum,
2089 4821 2390 4889 pretiosum,
2421 4831 2469 4873 et
2497 4821 2585 4890 qui
2611 4820 2893 4874 crediderit
2916 4822 3110 4876 incum
3133 4837 3237 4877 non
3266 4823 3488 4891 sortiun-

1901 4910 2053 4965 detur
2081 4909 2214 4981 (lsa.
2247 4911 2415 4983 xxxv).
2467 4909 2568 4976 Qui
2594 4911 2801 4967 idcirco
2842 4903 3115 4980 angularis
3139 4911 3343 4964 dicitur
3359 4933 3379 4975 -,
3414 4917 3486 4967 ‘co

1901 5003 2044 5073 quod
2067 5002 2200 5060 duos
2227 5004 2463 5072 parietes
2489 5015 2556 5056 ex
2584 5004 2809 5058 adverso
2833 5003 3131 5065 venientes,
3159 5009 3229 5055 ex
3257 5002 3485 5057 circum-

1899 5097 2104 5152 cisione
2148 5095 2400 5151 videlicet
2430 5103 2488 5149 et
2508 5095 2794 5165 praeputio,
2844 5091 2928 5145 vel
2955 5092 3120 5147 etiam
3162 5091 3267 5148 duo
3299 5093 3486 5150 Testa-

1901 5196 2084 5241 menta
2112 5187 2169 5240 in
2195 5201 2255 5241 se
2284 5199 2494 5242 summo
2514 5225 2530 5251 ,
2573 5185 2824 5254 probato,
2869 5182 3040 5238 electo
3061 5171 3117 5238 et
3141 5185 3378 5253 pretioso
3409 5185 3487 5240 la-

1901 5277 2025 5346 pido
2053 5275 2350 5348 conjungit,
2380 5283 2435 5330 et
2461 5275 2515 5329 in
2541 5289 2648 5327 uno
2675 5278 2876 5327 sanctae
2899 5271 3155 5328 Ecclesia:
3192 5282 3355 5338 coetu,
3388 5290 3486 5329 cu-

1898 5365 1988 5437 jus
2012 5367 2098 5421 ille
2126 5374 2286 5436 caput
2311 5373 2410 5428 est,
2438 5363 2726 5419 connectit.
2757 5363 2832 5416 De
2855 5377 2960 5430 quo
2981 5372 3035 5417 et
3056 5378 3152 5432 per
3171 5364 3486 5432 prophetam

1905 5459 2221 5515 Zachariam
2267 5465 2492 5526 paterna
2532 5465 2662 5506 voce
2715 5451 2944 5507 dicitur:
3003 5452 3138 5507 Ecce
3171 5469 3277 5523 ego
3318 5454 3491 5507 addu-

1905 5569 2019 5606 cam
2064 5550 2234 5620 [ilium
2263 5564 2433 5602 meum
2482 5544 2793 5600 Orientem:
2841 5548 2966 5616 quia
3006 5546 3140 5616 lapis
3186 5562 3342 5616 quem
3369 5546 3490 5598 dedi

1905 5659 2082 5710 coram
2101 5641 2229 5695 Jesu
2255 5647 2444 5707 septem
2472 5637 2529 5690 in
2549 5652 2608 5690 eo
2636 5635 2773 5690 oeuli
2798 5648 2916 5691 sunt
2939 5637 3125 5708 (Zach.
3147 5637 3262 5709 HI).
3295 5637 3353 5692 in
3377 5637 3495 5704 qui-

231 5745 515 5815 presbyter
543 5754 598 5799 et
619 5741 827 5816 legatus
848 5737 1203 5800 Orientalium
1231 5745 1511 5812 protulisse
1542 5735 1599 5803 in'
1618 5751 1805 5810 eadem
1839 5796 1874 5829 ς
1907 5734 2006 5789 bus
2033 5736 2235 5797 septem
2263 5727 2432 5782 oculis
2459 5728 2789 5796 semiformis
2816 5731 2999 5798 gratiae
3035 5727 3288 5800 Spiri'ttis,
3333 5725 3434 5795 qui
3467 5735 3498 5777 a
