4026 6156
541 173 566 232 i
576 172 673 233 031

1394 171 1454 230 Β.
1493 170 1746 232 CAROLI
1781 166 1999 232 MAGNI
2035 171 2188 233 OPP.
2227 169 2409 237 PARS
2444 170 2512 232 II.
2557 167 2802 236 SECTID
2840 173 2909 234 ll.

3691 172 3863 234 {032

535 291 701 350 Patre
726 284 970 360 Filioque
985 283 1250 359 procedit,
1275 283 1554 344 evidenter
1579 286 1916 343 ostenditur:
1948 294 2004 343 et
2028 299 2126 357 per
2151 288 2206 353 Α
2229 284 2358 356 quid
2413 283 2653 356 protulit,
2719 287 2814 342 sed
2841 292 2898 341 et
2965 283 3143 342 omnis
3189 281 3279 341 illa
3312 282 3577 358 synodus,
3619 295 3768 354 quae
3808 284 3868 338 ei

535 381 726 441 Isaiam
752 380 1072 452 prophetam
1104 399 1118 434 :
1159 378 1390 450 Spiritus
1433 377 1648 432 Domini
1675 378 1890 449 spiritus
1915 379 2124 450 sapien-
2226 377 2284 434 in
2311 375 2557 447 pluribus
2603 377 2894 433 somnianti
2945 391 3223 434 assensum
3251 378 3522 448 praebuit,
3558 391 3705 447 qua:
3746 391 3869 432 non

535 478 626 532 tite
649 485 698 531 et
717 474 1027 540 intellectus,
1052 474 1268 545 spiritus
1294 470 1502 527 consilii
1530 480 1586 540 et
1605 471 1948 541 fortitudinis,
1978 471 2130 542 spiri-

536 577 620 624 tus
640 568 870 623 scientia:
899 577 946 621 et
984 566 1210 636 pietatis,
1247 565 1464 636 spiritus
1489 563 1692 618 timoris
1721 563 1932 618 Domini
1960 564 2130 619 nomi-

536 669 697 715 natur
724 658 860 730 (Isa.
890 657 991 729 ιιι).
1024 657 1102 712 De
1137 672 1244 727 quo
1272 656 1437 711 etiam
1480 655 1723 726 angulari
1765 655 1940 726 lapide
1975 641 2145 724 petra.

537 749 794 806 Ecclesiae
821 748 930 802 ait:
972 746 1121 802 Sicut
1147 747 1304 802 modo
1345 748 1507 818 geniti
1535 746 1763 817 infantes
1789 787 1804 812 ,
1844 745 2132 800 rationabi-

537 841 629 907 les,
653 840 762 896 sine
789 839 911 895 dolo
939 838 1022 894 lac
1050 839 1414 910 concupiscite,
1443 847 1500 892 ut
1526 839 1581 891 in
1606 855 1666 894 eo
1701 839 1944 893 crescatis
1972 838 2026 891 in
2046 854 2134 892 sa-

539 931 697 987 lutem
728 949 746 987 :
786 935 830 988 si
868 942 1044 987 tamen
1071 933 1321 1003 gustastis
1347 919 1506 1002 quam
1529 929 1699 985 dulcis
1733 939 1809 984 est
1851 929 2130 995 Dominus,

539 1021 607 1074 ad
629 1038 783 1092 quem
803 1021 1104 1075 accedentes
1133 1020 1361 1091 lapidem
1385 1021 1576 1085 viuum,
1608 1020 1672 1073 ab
1693 1019 1990 1073 hominibus
2019 1019 2134 1089 qui-

540 1112 658 1166 dem
687 1111 1035 1180 reprobatum,
1065 1127 1099 1164 a
1137 1110 1247 1165 Deo
1277 1118 1451 1165 autem
1479 1109 1696 1165 electum
1723 1119 1770 1164 et
1808 1110 2134 1178 honori/ica-

542 1212 652 1257 tum
677 1201 729 1273 (1
767 1201 883 1256 Pet.
915 1201 1024 1272 ti);
1076 1209 1130 1256 et
1158 1211 1281 1271 post
1322 1215 1529 1271 pauca:
1581 1200 1735 1256 Vobis
1762 1202 1927 1272 igitur
1965 1202 2136 1256 honor

543 1292 897 1357 credentibus,
941 1308 1046 1346 non
1092 1292 1418 1347 credentibus
1448 1301 1620 1347 autem
1649 1291 1818 1362 lapis,
1864 1307 2018 1362 quem
2056 1308 2137 1346 re-

543 1382 890 1454 probaverunt
931 1383 1283 1451 wdiﬁcantes,
1322 1383 1407 1437 hic
1449 1383 1617 1452 factus
1661 1391 1736 1437 est
1772 1383 1829 1438 in
1858 1392 2011 1454 caput
2047 1400 2140 1438 an-

546 1475 676 1545 guli,
719 1484 766 1530 et
793 1474 926 1546 lapis
961 1476 1264 1545 offensionis
1301 1485 1348 1531 et
1375 1485 1523 1547 petra
1556 1477 1794 1533 scandali
1823 1479 1904 1532 his
1941 1477 2030 1548 qui
2059 1475 2138 1547 of-

545 1567 766 1636 fendunt
793 1567 942 1622 verba
967 1582 1058 1620 nec
1080 1566 1296 1620 credunt
1316 1568 1373 1622 in
1393 1584 1496 1638 quo
1520 1577 1568 1622 et
1593 1568 1746 1639 positi
1769 1576 1890 1622 sunt
1916 1567 2130 1639 (Ibid.).

2229 467 2404 525 solum
2441 467 2638 524 dicenti
2680 483 2789 524 non
2816 469 3036 536 restitit,
3082 469 3177 525 sed
3221 469 3386 524 etiam
3421 468 3563 524 dicta
3588 468 3659 523 in
3692 465 3871 521 volu-

2231 559 2376 614 mine
2401 559 2623 615 taxavit.
2664 559 2801 616 Cum
2837 575 2970 631 ergo
3017 568 3206 617 sancta
3248 561 3491 617 Ecclesia
3524 557 3869 617 secundum

2232 658 2544 708 sanctorum
2588 651 2811 708 Patrum
2872 652 3274 708 institutionem
3318 667 3478 709 omne
3514 652 3677 723 quod
3719 651 3871 705 irre-

2231 742 2591 812 prehensibile
2619 751 2704 800 est
2731 743 2977 814 recipiat,
3009 759 3173 802 omne
3205 751 3333 800 vero
3356 742 3498 814 quod
3534 742 3868 812 reprehen-

2234 837 2390 892 sibile
2439 836 2678 907 abjiciat,
2718 838 2859 894 hanc
2905 855 3119 910 quoque
3160 855 3350 896 eorum
3383 836 3688 910 synodum,
3731 850 3869 906 quae

2234 929 2422 998 utique
2447 930 2893 1000 reprehensibitis
2925 940 3009 988 est
3059 931 3278 1001 abiicit:
3319 940 3376 986 et
3421 931 3469 985 si
3515 931 3672 985 hanc
3731 942 3868 999 qua:

2236 1022 2674 1090 reprehensibilis
2706 1031 2789 1079 est
2818 1039 2924 1080 non
2960 1023 3161 1094 abjicit,
3196 1039 3373 1095 neque
3416 1037 3511 1080 eas
3545 1039 3678 1093 qua:
3711 1022 3870 1078 irre-

2234 1113 2625 1183 prehensibiles
2689 1123 2818 1170 sunt
2894 1116 3160 1186 suscipit:
3213 1115 3441 1186 suscipit
3497 1122 3689 1170 autem
3759 1126 3870 1168 eas

2235 1221 2356 1275 quae
2383 1206 2886 1276 irreprehensibiles
2929 1217 3074 1274 sunt,
3104 1209 3245 1264 hanc
3279 1208 3462 1279 igitur,
3491 1208 3616 1278 quia
3647 1220 3868 1277 repre-

2236 1295 2484 1350 hensioni
2530 1305 2696 1366 patet,
2732 1298 2951 1368 penitus
2989 1299 3265 1368 suscipere
3321 1313 3430 1353 non
3488 1298 3660 1353 debet.
3711 1297 3865 1350 Illas

2239 1383 2384 1440 enim
2419 1384 2654 1456 synodos
2688 1395 2875 1443 sancta
2909 1393 2964 1442 et
2997 1387 3321 1442 universalis
3351 1387 3548 1458 recipit
3564 1385 3864 1450 Ecclesia,

2240 1491 2360 1546 qua:
2384 1491 2486 1546 pro
2519 1477 2747 1532 diversis
2791 1478 2918 1534 ﬁdei
2965 1479 3080 1535 sive
3108 1479 3388 1551 religionis
3421 1479 3622 1545 causis,
3653 1478 3865 1534 diver-

2214 1567 2314 1623 sis
2348 1567 2485 1624 locis
2515 1584 2613 1624 seu
2639 1570 2993 1640 temporibus,
3035 1587 3067 1627 a
3087 1573 3264 1628 doctis
3307 1581 3363 1628 et
3387 1570 3863 1631 catholicisviris

546 1656 664 1722 Quo
693 1659 1018 1713 documento
1056 1666 1391 1713 monstratur
1433 1658 1584 1713 illum
1622 1667 1677 1714 et
1700 1660 1961 1714 honorem
1985 1657 2136 1714 forti—
2162 1651 2211 1715 Β
2237 1656 2540 1724 celebratae,
2583 1674 2615 1714 a
2644 1673 2774 1715 sana
2804 1661 3094 1732 sobriaque
3115 1663 3361 1719 doctrina
3406 1661 3721 1717 nullatenus
3749 1659 3863 1714 de-

549 1745 753 1802 tudinis
777 1747 1138 1814 credentibus,
1184 1756 1240 1804 et
1264 1748 1574 1804 scandalum
1607 1749 1821 1804 duritia:
1846 1749 2138 1806 incredulis

548 1849 689 1891 esse.
736 1835 889 1902 Quod
914 1837 1079 1892 etiam
1107 1837 1431 1909 perjustum
1474 1838 1782 1896 Simeonem
1825 1841 1928 1895 hoc
1974 1855 2136 1897 sensu

546 1927 866 2001 praedictum
893 1937 997 1984 est.
1043 1927 1134 1982 Ait
1159 1929 1302 1984 enim
1327 1943 1342 1982 :
1371 1929 1583 1984 Positus
1612 1939 1686 1984 est
1729 1930 1812 1984 hic
1839 1931 1896 1984 in
1926 1932 2136 1986 ruinam

547 2025 596 2073 et
626 2018 683 2071 in
721 2021 1150 2074 resurrectionem
1195 2019 1478 2074 multorum
1527 2022 1584 2074 in
1635 2019 1808 2075 Israel
1847 2020 1997 2093 (Luc.
2029 2021 2131 2093 it):

550 2109 606 2164 in
635 2110 848 2166 ruinam
877 2111 1084 2168 sciliwt
1120 2113 1518 2170 incredulorum
1542 2154 1557 2181 ,
1595 2114 1650 2169 in
1680 2115 2137 2171 resurrectionem

548 2215 679 2257 vero
707 2202 1083 2270 credentium;
1135 2203 1417 2274 quietiam
1447 2204 1586 2275 ignis
1620 2212 1978 2275 nuncupatur,
2023 2204 2138 2264 sive

550 2294 696 2364 quod
737 2294 791 2349 in
821 2310 880 2350 se
907 2296 1188 2352 credentes
1231 2296 1419 2351 aeterni
1461 2295 1679 2350 luminis
1709 2295 1917 2366 fulgore
1959 2296 2139 2367 perlu-

548 2392 706 2452 strat,
753 2386 868 2442 sive
895 2387 1040 2457 quod
1080 2386 1384 2442 incredulos
1415 2387 1604 2442 aeterni
1633 2387 1774 2457 ignis
1799 2387 1990 2442 ardore
2026 2397 2139 2444 tor-

548 2479 709 2536 rebit.
753 2481 832 2536 De
855 2481 1110 2536 unctione
1134 2496 1265 2536 vero
1294 2479 1453 2549 huius
1481 2480 1674 2552 lapidis
1701 2490 1756 2536 et
1786 2482 1946 2552 paulo
1980 2497 2139 2554 supe-

547 2570 663 2625 rius
701 2571 874 2626 David
919 2572 1154 2626 oraculis
1181 2569 1450 2640 prolatum
1494 2579 1615 2638 est,
1663 2579 1719 2628 et
1754 2588 1898 2629 nunc
1927 2573 2138 2644 praefati

547 2661 785 2729 pastoris
828 2661 1086 2718 Ecclesiae
1126 2662 1434 2717 testimonio
1472 2662 1853 2733 proferendum
1891 2675 1995 2732 est,
2046 2665 2140 2736 qui

546 2750 673 2806 ait:
723 2752 906 2808 Jesum
956 2752 1298 2808 Nazarenam
1342 2771 1495 2826 quem
1543 2758 1696 2812 unxit
1744 2759 1884 2814 Deus
1931 2757 2138 2830 Spiritu

546 2848 727 2897 sancto
754 2850 803 2896 et
831 2842 1018 2896 virtute
1041 2841 1175 2914 (Act.
1205 2847 1282 2916 κ).
1319 2843 1454 2912 Quia
1485 2861 1614 2918 ergo
1641 2847 1878 2919 Spiritus
1918 2857 2138 2905 sanctus

545 2932 862 3004 plerumque
886 2934 942 2989 in
971 2935 1167 2991 divinis
1189 2935 1484 3008 Scripturis
1503 2940 1607 2996 olei
1633 2942 1850 2998 nomine
1873 2942 2135 3008 innuitur,

2237 1748 2388 1804 viare
2441 1750 2820 1820 perhibentur.
2862 1752 3132 1811 Praeterea
3171 1758 3311 1811 tanti
3347 1756 3677 1826 patriarcha:
3711 1768 3860 1810 cum

2237 1839 2429 1910 angelo
2469 1839 2696 1898 luctatio
2744 1859 2851 1900 non
2884 1848 3173 1916 quamdam
3229 1848 3523 1919 imaginum
3560 1845 3862 1904 adoratio-

2237 1943 2383 1996 nem,
2413 1931 2508 1985 sed
2537 1931 2873 1989 Dominicam
2898 1935 3275 2008 praeﬁgurasse
3323 1937 3522 1993 dicitur
3551 1937 3605 1991 in
3637 1936 3863 1992 eodem

2235 2021 2434 2092 populo
2453 2024 2800 2093 passionem:
2840 2029 2934 2098 qui
2961 2028 3190 2098 populus
3235 2030 3360 2084 etei
3411 2029 3666 2084 luctando
3689 2043 3868 2098 prae-

2237 2112 2426 2182 valuit,
2478 2116 2605 2185 quia
2658 2116 2943 2183 cruciﬁxit,
3001 2119 3152 2171 etab
3181 2132 3247 2171 eo
3303 2117 3746 2170 benedictionem
3789 2117 3867 2170 in

2237 2203 2324 2259 his
2348 2207 2440 2274 qui
2461 2205 2516 2260 in
2541 2221 2663 2260 eum
2689 2205 3027 2261 crediderunt
3047 2206 3273 2275 accepit,
3305 2213 3360 2260 et
3385 2205 3443 2260 in
3474 2204 3559 2260 his
3587 2204 3860 2259 claudus

2237 2295 2328 2364 qui
2353 2295 2407 2348 in
2454 2311 2577 2350 eum
2636 2297 2853 2350 credere
2891 2303 3356 2367 contempserunt,
3416 2296 3701 2362 remansit,
3749 2295 3863 2350 di-

2236 2393 2388 2442 cente
2402 2387 2560 2442 beato
2578 2386 2878 2457 Augustino
2907 2405 2920 2441 :
2962 2387 3116 2454 Quod
3142 2385 3206 2442 a'b
3231 2387 3326 2442 illo
3348 2388 3532 2458 angelo
3556 2386 3858 2442 desiderat

2237 2477 2463 2532 benedici
2489 2477 2653 2532 Jacob
2687 2479 2772 2531 cui
2807 2477 3054 2532 luctando
3096 2478 3393 2550 praevaluit,
3436 2494 3630 2548 magna
3659 2486 3738 2532 est
3773 2477 3856 2534 de

2236 2565 2440 2622 Christo
2460 2567 2752 2637 praphetia.
2801 2566 2944 2622 Nam
2992 2584 3052 2622 eo
3099 2569 3210 2640 ipso
3261 2569 3505 2624 admonet
3546 2570 3852 2638 mysticum

2237 2657 2438 2729 aliquid
2463 2675 2666 2730 sapere,
2707 2660 2834 2730 quia
2863 2661 3031 2714 omnis
3055 2661 3208 2715 homo
3231 2678 3264 2714 a
3288 2661 3491 2731 majore
3529 2659 3639 2716 uult
3677 2659 3852 2715 bene-

2237 2748 2364 2803 dici.
2420 2748 2692 2816 Quomodo
2727 2767 2849 2822 ergo
2876 2752 2941 2807 ab
2964 2769 3024 2807 eo
3051 2753 3148 2807 iste
3187 2752 3348 2808 uoluit
3377 2769 3533 2824 quem
3577 2752 3850 2809 luctando

2235 2845 2499 2913 superavit
2521 2845 2547 2898 ?
2584 2843 2872 2900 Prtevaluit
2903 2847 3041 2901 enim
3077 2847 3243 2902 Jacob
3283 2846 3512 2913 Christo,
3540 2847 3617 2903 vel
3655 2849 3847 2919 potius

2235 2930 2519 3000 prteualere
2543 2933 2680 2987 visus
2714 2943 2789 2987 est
2830 2950 2924 3003 per
2947 2950 3034 2989 eos
3076 2933 3352 2990 Israelitas
3376 2953 3411 2990 α
3445 2936 3634 3007 quibus
3659 2936 3844 2990 cruci-

547 3024 781 3083 Joannes
806 3029 1080 3098 apostolus
1109 3031 1262 3085 testis
1305 3040 1389 3087 est
1431 3033 1522 3102 qui
1551 3034 1706 3100 dicit,
1762 3033 1914 3090 Sicut
1955 3034 2132 3088 unctio

2246 3023 2378 3090 fixus
2398 3033 2472 3078 est
2523 3025 2761 3080 Christus
2786 3042 2806 3081 :
2850 3035 2900 3080 et
2926 3026 2991 3079 ab
3019 3042 3078 3081 eo
3109 3010 3283 3082 tanien
3328 3028 3650 3083 benedicitur
3670 3029 3728 3081 in
3756 3029 3843 3082 eis

547 3117 662 3188 ejus
685 3118 833 3173 docet
855 3119 1024 3174 nosde
1050 3122 1290 3176 omnibus
1307 3121 1358 3194 (Ι
1379 3123 1540 3178 Joan.
1565 3125 1650 3196 ιι).
1683 3125 1848 3196 Cujus
1862 3126 1907 3180 si
1930 3125 2140 3181 inenar-

548 3210 736 3267 rabilis
762 3213 1002 3267 nectaris
1027 3215 1281 3270 unctione
1321 3215 1546 3272 delibuti
1585 3225 1711 3273 sunt
1739 3219 1809 3273 ob
1839 3217 2138 3288 imaginum

548 3303 920 3360 adorationem
953 3306 1350 3375 stabiliendum,
1402 3309 1636 3381 synodos
1667 3312 1876 3382 agitare
1906 3320 1960 3366 et
1993 3310 2140 3367 Scri-

549 3402 735 3468 pturas
758 3404 974 3453 sanctas
1014 3397 1084 3454 ad
1108 3407 1395 3457 extraneos
1417 3417 1609 3459 SCllSUS
1647 3419 1910 3475 usurpare
1938 3417 2140 3475 nequa-

548 3496 711 3558 quam
743 3490 960 3547 debent.

1168 3583 1396 3642 CAPUT
1419 3586 1510 3642 XI.

552 3669 631 3725 De
665 3673 892 3746 ecquod
936 3673 1190 3743 prtefatus
1219 3676 1452 3732 Joannes
1497 3678 1652 3746 dixit,
1682 3679 1741 3734 In
1766 3677 2002 3735 hominis
2029 3677 2142 3734 for-

628 3755 712 3795 ma
735 3741 969 3816 luctatus
1002 3741 1085 3799 est
1111 3759 1233 3800 cum
1261 3749 1398 3816 ipso,
1435 3758 1490 3803 et
1525 3741 1735 3806 vocavit
1780 3766 1902 3806 eum
1953 3749 2135 3816 lsrael,

626 3811 768 3882 quod
789 3820 872 3868 est
898 3811 1310 3885 interpretatum
1341 3837 1354 3873 :
1385 3811 1541 3876 Mens
1574 3821 1763 3877 videns
1801 3821 1993 3879 Deum.

624 3924 731 3982 Sed
789 3943 890 3984 nec
951 3928 1082 3985 illud
1147 3931 1364 4002 quidem
1424 3949 1456 3988 a
1507 3934 1928 4005 reprehensione
1985 3943 2144 3994 vacat

554 4022 697 4091 quod
715 4021 858 4078 idem
877 4021 1114 4082 Joannes
1145 4028 1431 4100 presbyter
1461 4036 1516 4083 et
1554 4031 1762 4101 legatus
1783 4029 2144 4091 Orientalium

553 4113 696 4170 inter
743 4124 936 4173 caetera
990 4118 1342 4175 deliramenta
1371 4122 1436 4176 de
1481 4119 1646 4178 Jacob
1703 4125 1904 4181 dixisse
1949 4125 2140 4195 fertur,

555 4204 624 4260 In
644 4208 869 4263 hominis
919 4210 1090 4280 forma
1137 4211 1363 4268 luctatus
1412 4223 1486 4269 est
1527 4233 1644 4270 cum
1669 4218 1800 4288 ipso,
1845 4228 1892 4274 et
1947 4223 2144 4276 vocavit

555 4312 673 4350 eum
707 4298 899 4365 Israel,
964 4302 1104 4372 quod
1145 4312 1220 4358 est
1282 4305 1700 4375 interpretatum,
1763 4308 1916 4364 Mens
1962 4311 2143 4366 videns

557 4387 746 4456 Deum,
786 4405 909 4447 cum
935 4391 1040 4448 hoc
1072 4394 1274 4450 dictum
1307 4405 1361 4452 et
1393 4413 1424 4450 a
1475 4411 1534 4450 re
1557 4399 1832 4468 proposita
1863 4399 2021 4471 longe
2065 4402 2147 4457 di-
2169 4383 2224 4446 Π

556 4487 682 4547 stet,
723 4492 749 4522 ι
787 4489 843 4537 et
884 4481 942 4537 in
983 4485 1219 4541 nominis
1279 4486 1727 4556 interpretatione
1804 4489 2145 4548 usitatiorem

557 4574 847 4642 quamdam
883 4577 1157 4646 omittens,
1185 4594 1324 4650 pene
1349 4580 1667 4636 inusitatum
1695 4581 1827 4652 quid
1870 4595 2143 4652 personet.

557 4659 693 4716 Nam
716 4662 844 4716 dum
883 4665 1101 4734 quidam
1143 4669 1197 4726 id
1249 4685 1447 4726 nomen
1485 4671 1926 4740 interpretentur,
1959 4671 2052 4728 Vir
2075 4677 2150 4731 vi-

557 4753 686 4809 dens
706 4753 896 4822 Deum,
925 4759 1145 4828 quidam
1171 4775 1321 4828 vero,
1349 4761 1530 4816 Fortis
1559 4778 1677 4816 cum
1722 4762 1853 4831 Deo,
1901 4768 2146 4824 nonnulli

559 4846 722 4904 etiam
744 4851 1010 4918 veracius,
1038 4852 1290 4920 Princeps
1331 4865 1449 4903 cum
1473 4850 1603 4916 Deo,
1651 4853 1835 4910 nescio
1868 4861 2050 4912 tamen
2077 4873 2148 4913 an

559 4939 702 4995 ullus
749 4955 938 4997 eorum
977 4944 1071 5012 qui
1097 4943 1152 4996 in
1182 4953 1390 4994 canone
1438 4942 1796 5013 recipiuntur,
1848 4948 2148 5017 reperiatur

557 5030 682 5097 hoc,
716 5032 866 5087 Mens
892 5033 1071 5087 videns
1098 5031 1289 5096 Deum,
1340 5031 1727 5106 interpretatus
1755 5036 1963 5095 fuisse:
2003 5043 2147 5099 unde

557 5139 668 5182 non
699 5121 872 5176 solum
900 5121 991 5176 ille
1028 5121 1502 5194 reprehendendus
1523 5135 1607 5185 est
1634 5131 1726 5202 qui
1768 5133 2149 5194 usitatioribus

558 5213 1093 5286 interpretationibus
1154 5221 1534 5290 praetermissis
1617 5240 1756 5296 pene
1827 5229 2146 5288 inusitatum

631 5389 657 5418 ο
681 5375 749 5430 Et
777 5375 833 5452 in
862 5377 1090 5434 nominis
1126 5378 1553 5452 interpretatione
1589 5387 1918 5444 usitatiorem
1961 5407 2145 5452 quant-

561 5444 683 5528 dam
712 5448 971 5515 omittens,
995 5465 1124 5519 pene
1164 5444 1472 5528 inusitatum
1501 5458 1628 5526 quid
1656 5469 1914 5528 personet.
1947 5444 2146 5518 Emen-

561 5515 760 5597 dator,
812 5515 1033 5590 expreto
1071 5529 1144 5592 τῷ
1175 5515 1554 5597 usitatiorem,
1604 5515 1670 5583 dé
1717 5544 1816 5585 suo
1862 5515 2146 5590 substituit

561 5592 929 5670 pisitationem,
970 5605 1078 5670 quo
1098 5592 1227 5670 quid
1265 5593 1367 5670 sibi
1411 5597 1543 5650 velit
1576 5613 1684 5653 non
1721 5615 1862 5670 queo
1898 5601 2140 5662 visitare.

565 5648 934 5725 Usitatiorem,
982 5648 1206 5714 subaudi
1255 5664 1358 5720 ἀπὸ
1401 5648 2138 5746 zonas"'iiucirp'rétdiiéhén'l

2240 3113 2500 3169 Israelitis
2545 3117 2636 3187 qui
2689 3115 3024 3172 crediderunt
3060 3118 3118 3172 in
3182 3117 3470 3186 Christum,
3519 3136 3585 3174 ea:
3645 3119 3844 3190 quibus

2237 3219 2349 3263 erat
2378 3209 2467 3280 qui
2489 3209 2690 3264 dicebat
2718 3225 2737 3264 :
2766 3209 2900 3264 Nam
2927 3219 2981 3266 et
3015 3225 3116 3282 ego
3135 3210 3382 3267 Israelita
3403 3228 3521 3269 sum
3543 3227 3611 3268 ex
3637 3225 3846 3282 genere

2235 3299 2470 3354 Abrahae
2503 3307 2558 3354 et
2599 3299 2746 3354 tribu
2780 3299 3060 3369 Benjamin
3113 3301 3292 3374 (Rom.
3345 3301 3444 3373 ιι).
3511 3301 3662 3357 Unus
3708 3317 3838 3373 ergo

2239 3399 2392 3461 atque
2414 3390 2552 3444 idem
2598 3389 2763 3444 Iacob
2789 3400 2838 3444 et
2879 3390 3102 3447 claudus
3145 3403 3194 3447 et
3236 3394 3556 3474 benedictus.
3596 3392 3839 3449 Claudus

2237 3481 2294 3535 in
2321 3480 2597 3535 latitudine
2629 3480 2844 3551 femoris
2876 3492 3125 3555 tanquam
3148 3485 3203 3539 in
3229 3484 3565 3542 multitudine
3606 3486 3839 3557 generis,

2240 3571 2303 3626 de
2328 3571 2515 3643 quibus
2573 3571 2772 3626 dictum
2820 3581 2940 3628 est:
2978 3574 3048 3628 Et
3083 3574 3524 3631 claudicaverunt
3571 3591 3603 3630 a
3626 3577 3841 3632 semitis

2240 3664 2353 3720 suis
2383 3662 2554 3737 (Psal.
2601 3665 2783 3738 xvm).
2847 3667 3162 3724 Benedictus
3214 3678 3390 3724 autem
3418 3671 3476 3725 in
3514 3671 3590 3726 eis
3625 3671 3692 3726 de
3719 3673 3839 3743 qui-

2243 3758 2332 3812 bui
2362 3757 2565 3810 dictum
2591 3767 2666 3811 est
2689 3775 2708 3813 :
2751 3758 3013 3830 Reliquiae
3047 3775 3147 3832 per
3170 3761 3489 3822 electionem
3517 3765 3709 3836 gratiae
3728 3763 3837 3821 sal-

2240 3865 2322 3907 vae
2357 3849 2512 3906 facta:
2539 3859 2666 3907 sunt
2697 3851 2875 3924 (Rom.
2919 3853 3018 3925 χι).

2845 3965 3072 4022 CAPUT
3113 3967 3225 4023 XII.

2247 4055 2400 4136 Quod
2440 4058 2640 4136 nonad
2684 4059 3043 4136 adorationem
3077 4061 3368 4136 imaginum
3420 4064 3691 4136 pertineat,
3735 4077 3830 4119 nec

2314 4129 2370 4202 in
2396 4131 2585 4202 nostris
2613 4130 2878 4185 codicibus
2907 4132 2996 4202 qui
3027 4148 3092 4186 ea:
3112 4129 3387 4202 ,Hébraica
3420 4129 3637 4190 ueritate
3663 4129 3834 4189 trans-

2316 4197 2410 4277 l_ati
2437 4210 2556 4277 sunt
2581 4201 2894 4277 inveniatur,
2919 4197 3058 4277 quod
3079 4201 3168 4277 illi
3185 4204 3242 4258 in
3266 4220 3365 4258 sua
3388 4206 3590 4277 synodo
3630 4206 3829 4271 dicunt,

2317 4268 2484 4325 Jacob
2541 4271 2840 4339 suscipiens
2875 4287 2906 4324 a
2931 4268 3059 4327 liliis
3089 4273 3203 4328 suis
3236 4268 3439 4330 vestem
3487 4277 3719 4333 talarem
3749 4268 3829 4330 tal-

2317 4340 2587 4418 befactam
2632 4341 2850 4418 Ioseph,
2885 4343 3158 4418 osculatus
3195 4355 3279 4400 est
3308 4361 3431 4401 cum
3455 4347 3746 4418 lacrymis,
3779 4353 3833 4402 et

2317 4412 2551 4480 propriis
2578 4413 2750 4468 oculis
2780 4413 3035 4482 imposuit
3078 4414 3233 4487 (Gen.
3264 4416 3494 4490 xxxvii).

2318 4501 2435 4558 Non
2471 4503 2774 4561 mirandum
2811 4515 2896 4561 est
2917 4507 2965 4562 si
2994 4504 3160 4563 Jacob
3213 4519 3500 4566 accusetur
3522 4510 3590 4564 ab
3612 4509 3716 4564 illis
3748 4518 3830 4564 tu-

2249 4593 2429 4651 nicam
2453 4593 2652 4665 Joseph
2675 4597 2949 4654 osculatus
2978 4598 3166 4667 fuisse,
3193 4609 3249 4656 et
3273 4601 3441 4658 oculis
3480 4600 3815 4667 imposuisse,

2249 4700 2282 4740 a
2312 4686 2509 4755 quibus
2554 4689 2718 4742 etiam
2745 4689 3079 4746 Pharaonem
3106 4702 3386 4752 accusatur
3407 4691 3681 4748 adorasse.
3717 4692 3825 4748 Ac-

2250 4776 2429 4832 cidere
2455 4777 2656 4832 etenim
2715 4779 3033 4851 plerumque
3094 4785 3232 4842 solet
3271 4795 3332 4843 ut
3363 4785 3453 4856 qui
3485 4783 3655 4840 semel
3717 4783 3828 4840 falli

2249 4869 2495 4939 coeperit,
2532 4870 2726 4926 crebro
2774 4869 3016 4942 fallatur;
3057 4884 3113 4931 et
3143 4878 3236 4948 qui
3292 4878 3460 4934 semel
3489 4893 3520 4932 a
3542 4876 3634 4934 via
3654 4891 3832 4934 reces-

2250 4962 2398 5028 serit,
2445 4971 2498 5018 et
2527 4964 2796 5020 tramitem
2823 4967 2904 5022 sui
2940 4968 3149 5026 itineris
3179 4973 3372 5028 ducem
3402 4971 3554 5042 sequi
3588 4971 3830 5044 neglexe-

2248 5055 2342 5123 rit,
2373 5070 2472 5126 per
2503 5057 2733 5128 abrupta
2782 5068 2838 5114 et
2867 5059 3012 5116 invia
3042 5063 3248 5119 atlatim
3292 5081 3480 5122 errore
3524 5065 3664 5121 duce
3696 5064 3826 5121 fera-

2249 5155 2358 5204 tur.
2402 5149 2606 5205 Tunica
2653 5152 2797 5207 enim
2827 5151 3025 5225 Ioseph
3063 5173 3163 5215 nec
3188 5160 3242 5215 in
3264 5160 3509 5218 Hebraeis
3531 5161 3822 5229 codicibus,

2247 5257 2350 5300 nec
2375 5242 2430 5298 in
2445 5243 2653 5300 Latinis
2678 5247 2769 5316 qui
2791 5263 2859 5304 ex
2885 5248 3151 5307 Hebraica
3180 5255 3408 5311 veritate
3433 5255 3685 5311 translati
3711 5263 3824 5311 sunt

2246 5399 2584 5487 Astipulatur
2621 5404 2694 5487 id_
2716 5408 2858 5477 quod
2902 5410 3144 5487 sequitur
3183 5431 3201 5487 7:
3250 5434 3269 5468 ι
3306 5415 3408 5482 Qui
3455 5416 3821 5472 usitatioribus

2248 5477 2814 5556 interpretati-onibtrs
2848 5477 3224 5556 praetermissis
3297 5477 3432 5556 pcne
3509 5489 3818 5543 inusitatum

2247 5545 2374 5612 quid
2397 5545 2639 5629 protulit.
2671 5566 2690 5599 ι
2725 5545 3191 5629 [isitatiorautem
3223 5545 3604 5629 interpretatio
3629 5567 3713 5614 est
3739 5557 3819 5616 illa

2247 5629 2410 5685 quam
2439 5625 2714 5686 postremo
2742 5619 2861 5676 loco
2883 5625 3055 5693 ponit,
3085 5627 3326 5702 princeps
3351 5619 3472 5685 cum
3492 5627 3629 5690 Deo.
