4026 6156
204 215 349 273 1033

197 344 231 382 a
263 337 422 398 patre
444 328 681 385 osculata
722 328 802 384 vel
827 328 998 384 oculis
1021 330 1268 399 imposita
1302 329 1468 386 fuisse
1494 340 1768 386 narratur.
1800 337 1846 392 Α
1946 372 1955 383 .

198 414 361 481 Quod
385 415 596 484 quidem
625 425 679 472 et
716 416 760 472 si
790 415 990 473 factum
1043 417 1207 474 fuisse
1261 430 1594 485 narraretur,
1630 420 1776 475 nullo

200 509 366 560 modo
393 505 444 558 in
473 506 573 560 hoc
608 504 751 562 facto
788 507 873 562 vel
921 510 1158 564 tenuiter
1185 510 1478 581 imaginum
1537 512 1776 567 adorato

197 590 557 652 innuerctur:
595 612 723 651 eum
772 605 954 652 tamen
1013 598 1158 654 aliud
1218 600 1289 654 sit
1332 600 1580 667 adorare,
1633 602 1774 659 aliud

195 682 457 747 osculari,
490 683 633 753 quod
678 683 754 738 illi
786 672 1116 761 acyrologice
1163 702 1326 741 unum
1350 695 1575 758 putant:
1615 696 1775 759 atque

195 768 349 826 aliud
400 772 602 842 pictam
659 766 947 843 imaginem
994 774 1240 840 adorare,
1288 775 1432 831 aliud
1478 792 1510 831 a
1550 787 1773 846 paterno

193 856 399 915 all‘ectu
446 860 613 915 vestis
642 859 738 914 lilii
775 860 863 928 qui
897 861 1194 927 exstinctus
1243 863 1558 919 credebatur
1591 866 1774 923 dolore

192 952 559 1021 compellente
617 952 1045 1008 madescentibus
1102 953 1229 1010 ﬂetu
1291 956 1461 1024 oculis
1524 956 1769 1027 imponi;

194 1042 350 1097 aliud
402 1043 613 1098 cuidam
672 1040 1010 1098 similitudini
1065 1046 1201 1099 colla
1242 1047 1575 1111 submittere,
1625 1047 1773 1103 aliud

192 1146 313 1199 pne
353 1132 559 1186 cmteris
598 1130 777 1185 dilecti
828 1133 922 1186 lilii
970 1135 1104 1188 vesti
1136 1135 1344 1190 interna
1391 1137 1591 1206 pietate
1615 1152 1772 1201 oscu-

192 1218 309 1271 lum
336 1219 483 1273 darc.
532 1217 678 1273 Adeo
715 1218 895 1289 itaque
932 1230 1154 1277 sanctus
1190 1224 1499 1293 patriarcha
1542 1226 1773 1294 angelus-

189 1315 284 1360 tur
308 1309 478 1362 animi
503 1308 735 1377 procella
772 1311 992 1375 turbati,
1028 1319 1086 1365 ut
1117 1328 1219 1369 non
1245 1314 1413 1368 solum
1446 1323 1647 1370 vestem
1675 1314 1768 1371 lilii

187 1411 352 1465 quem
384 1396 723 1452 inelementia
770 1399 961 1454 mortis
998 1411 1208 1470 raptum
1257 1403 1529 1468 credebat,
1561 1404 1771 1459 oscula-

187 1494 342 1540 retur
370 1486 451 1539 vel
498 1487 670 1541 oculis
701 1487 1018 1557 imponeret,
1047 1491 1143 1545 sed
1194 1491 1357 1546 etiam
1405 1482 1770 1557 con~olatioue

185 1576 487 1644 postposita
548 1575 786 1631 l‘unereis
850 1580 1075 1635 vocibus
1130 1577 1430 1652 lugubriter
1488 1584 1626 1637 mala
1673 1600 1767 1640 sua

183 1678 543 1734 exaggerans,
574 1681 633 1721 se
668 1667 834 1720 etiam
893 1665 1007 1722 fore
1039 1678 1163 1738 post
1209 1671 1351 1726 hunc
1376 1673 1443 1726 ad
1493 1671 1760 1729 infernum

1861 1687 2162 1758 faciugsed
2219 1665 2363 1753 dicat
2427 1706 2656 1767 tantum,

183 1750 578 1808 descensurum
612 1755 872 1809 ediceret.
912 1755 1154 1822 Qualiter
1181 1774 1307 1829 ergo
1359 1761 1549 1815 beatus
1599 1759 1764 1819 Jacob

186 1838 437 1894 tunicam
464 1839 561 1894 lilii
589 1855 696 1895 non
725 1841 1000 1898 osculatus
1021 1844 1207 1911 fuisse,
1252 1856 1345 1901 aut
1381 1847 1551 1904 oculis
1592 1849 1764 1919 impo-

183 1929 389 1994 suisse,
439 1931 535 1984 sed
577 1931 778 1988 vidisse
830 1942 1037 1988 tantum
1068 1944 1123 1990 et
1159 1937 1473 2008 cognovisse
1498 1940 1762 2005 credatur,

185 2016 297 2074 hoc
358 2019 547 2075 ordine
619 2031 806 2077 sancta
874 2023 1152 2095 Scriptura
1209 2039 1613 2084 commemorat.
1675 2031 1767 2087 Ait

184 2111 375 2166 enim:
421 2111 670 2168 Tulerunt
713 2126 887 2170 autem
930 2118 1159 2172 tunicam
1182 2119 1316 2190 ejus,
1342 2130 1390 2175 et
1417 2122 1473 2175 in
1509 2108 1766 2193 sanguine

181 2198 329 2254 lardi
346 2217 495 2270 quem
519 2203 819 2258 occiderant
859 2207 1143 2275 tinxerunt,
1176 2212 1430 2265 mittentes
1452 2214 1542 2283 qui
1572 2212 1765 2287 ferrent

179 2291 253 2345 ad
278 2303 499 2363 patrem,
523 2304 573 2348 et
597 2294 825 2350 dicerent
854 2314 874 2352 :
902 2296 1057 2353 Hanc
1093 2301 1401 2369 invenimus,
1451 2303 1565 2357 vide
1584 2313 1762 2358 utrum

181 2385 367 2438 tunica
400 2385 499 2453 ﬁlii
542 2387 617 2439 tui
640 2405 709 2440 an
741 2405 864 2442 non.
923 2387 1093 2455 Quam
1113 2409 1230 2445 cum
1281 2395 1569 2464 agnovisset
1588 2403 1758 2466 pater,

181 2474 282 2538 ait,
313 2471 513 2529 Tunica
546 2474 646 2544 ﬁlii
672 2479 771 2530 mei
803 2488 877 2532 est
904 2497 922 2532 :
971 2481 1084 2551 fera
1107 2483 1328 2551 pessima
1369 2485 1589 2540 comedit
1618 2502 1758 2551 eum,

186 2563 355 2617 bestia
376 2563 636 2620 devoravit
660 2564 850 2637 Ioseph
906 2568 1060 2641 (Cen.
1089 2576 1318 2643 xxxvii).
1356 2575 1596 2645 Denique
1630 2576 1760 2649 quid

184 2653 307 2707 hzec
340 2652 484 2708 illius
528 2655 701 2709 sancti
754 2656 855 2710 viri
890 2659 1091 2724 tunica,
1121 2674 1219 2729 per
1267 2677 1428 2731 quam
1473 2664 1547 2718 illi
1574 2665 1758 2739 imagi-

183 2757 319 2797 num
345 2746 712 2802 adorationcm
739 2756 983 2806 astruere
1015 2751 1117 2807 nisi
1160 2761 1303 2819 sunt,
1350 2757 1541 2827 typicis
1587 2762 1760 2829 praeli-

184 2835 466 2902 guraverit
494 2839 844 2896 sacramentis
877 2848 932 2894 et
966 2842 1147 2898 tacitis
1186 2844 1425 2901 inuuerit
1464 2850 1753 2921 mysteriis,

182 2933 402 2994 oportet
430 2935 490 2981 ιιι
544 2927 781 2985 breviter
841 2947 1215 3004 exsequamur,
1280 2952 1387 3006 quo
1428 2948 1483 2994 et
1542 2940 1753 2996 illorum

177 3028 319 3071 vana
346 3019 578 3075 assertio
627 3020 967 3091 destituatur,
1005 3034 1060 3080 et
1108 3027 1325 3083 lectoris
1369 3031 1579 3087 animus
1622 3034 1756 3087 mul-

176 3116 386 3164 ceatur.
425 3110 619 3182 Joseplt
648 3129 898 3184 namque,
937 3118 1027 3187 qui
1052 3134 1383 3190 augmentum
1433 3123 1753 3195 interpreta-

177 3205 284 3263 tur,
308 3207 365 3255 et
393 3201 465 3255 ab
505 3200 777 3273 Egyptiis
803 3204 1049 3261 Salvator
1069 3210 1253 3264 mundi
1288 3220 1372 3266 est
1397 3224 1753 3285 nuncupatus,

177 3289 319 3345 illius
341 3300 533 3363 typum
565 3296 733 3367 gessit
754 3298 847 3366 qui
868 3305 925 3354 et
952 3314 1120 3368 genus
1150 3303 1445 3360 humanum
1491 3323 1589 3362 sua
1614 3324 1758 3363 mor-

177 3386 229 3442 te
264 3381 515 3450 salvavit,
559 3393 614 3438 et
660 3390 916 3444 mundum
960 3392 1190 3462 spiritali
1233 3392 1504 3453 frumento
1546 3399 1753 3467 refecit,

174 3475 230 3523 et
268 3470 323 3524 in
369 3479 581 3527 tantum
613 3485 956 3546 augmentum
983 3495 1097 3536 suae
1135 3482 1260 3537 lidei
1302 3500 1485 3542 semen
1509 3502 1755 3559 crescere

175 3558 321 3627 fecit,
353 3570 419 3615 ut
438 3558 503 3617 et
525 3573 697 3621 totum
724 3570 982 3625 mundum
1014 3572 1279 3643 impleret,
1298 3585 1365 3637 et
1390 3594 1488 3649 per
1509 3558 1753 3639 eamdem

176 3651 339 3707 Iidem
363 3662 579 3710 terrena
601 3661 906 3719 ctelestibus
930 3665 1224 3735 copularct.
1264 3667 1396 3737 Ejus
1423 3674 1587 3727 vestis
1612 3674 1749 3741 haedi

175 3742 445 3812 sanguine
470 3745 634 3802 tincta
669 3757 769 3814 est,
799 3753 922 3821 quia
960 3754 1015 3808 in
1045 3757 1393 3827 similitudine
1431 3764 1612 3819 carnis
1631 3780 1753 3834 pee—

175 3832 286 3886 cati
328 3837 627 3891 secundum
672 3839 985 3911 Apostolum
1034 3850 1302 3917 apparuit,
1330 3863 1385 3906 et
1526 3832 1752 3924 peccato

173 3920 456 3978 damnavit
482 3935 797 3995 peccatum:
837 3934 922 3988 vel
964 3936 1125 3991 etiam
1154 3939 1329 3994 hostia
1378 3922 1478 4011 pro
1512 3920 1750 4012 peCcatis

173 4011 419 4079 cll‘ectus,
460 4026 684 4086 peccata
716 4031 896 4078 nostra
933 4029 1170 4095 portavit
1194 4030 1246 4083 in
1274 4046 1500 4101 corpore
1525 4048 1624 4107 suo
1662 4050 1751 4090 su-

167 4118 262 4173 per
295 4107 527 4180 lignum,
579 4121 695 4168 uta
740 4116 897 4172 malis
928 4117 1139 4175 liberati
1184 4136 1306 4176 cum
1345 4121 1556 4197 iustitia
1596 4126 1747 4193 viva-

167 4200 524 4271 tnns;‘cujus
562 4204 781 4261 vulnere
817 4211 990 4265 sanati
1040 4227 1244 4279 sumus,
1276 4201 1577 4291 quinveluti
1619 4235 1747 4277 oves

167 4293 502 4348 errabamus.
543 4293 639 4350 Est
667 4297 831 4353 etiam
862 4309 916 4356 et
942 4305 1107 4381 vestis
1127 4303 1241 4374 ejus
1267 4317 1461 4373 sancta
1479 4309 1736 4385 Ecclesia,

165 4393 283 4446 qua:
316 4390 407 4437 est
448 4400 643 4455 corpus
684 4388 907 4457 Christi,
954 4392 1121 4450 Paulo
1169 4406 1482 4467 attestante,
1510 4403 1599 4471 qui
1624 4404 1735 4459 ait:

168 4465 389 4524 Gaudeo
493 4475 819 4543 passionibus
847 4483 997 4548 meis,
1028 4485 1153 4555 quia
1182 4486 1361 4558 expleo
1404 4465 1477 4563 ea
1507 4465 1623 4560 quin
1648 4490 1739 4548 de-

162 4566 285 4608 sunt
314 4558 620 4627 passionum
661 4563 856 4622 Christi
881 4570 936 4624 in
962 4588 1118 4627 carne
1167 4591 1281 4628 mea
1311 4558 1529 4647 propter
1553 4597 1738 4651 corpus

159 4644 290 4739 ejui,
321 4650 566 4720 quodest
614 4653 853 4713 Ecclesia
914 4659 1136 4732 (Coloss.
1166 4663 1248 4735 1);
1290 4644 1418 4735 quze
1458 4669 1622 4725 vestis
1641 4644 1742 4739 ’νο-

161 4732 339 4805 limita
377 4742 492 4798 sive
537 4748 684 4802 varia
714 4756 818 4813 est,
858 4752 986 4820 quia
1027 4732 1278 4811 videlicet
1306 4732 1518 4814 isancta
1550 4732 1737 4818 Eccle-

159 4824 235 4879 sia
258 4827 325 4882 de
358 4829 694 4890 diversarum
731 4842 973 4909 gentium
997 4845 1111 4899 sive
1140 4846 1441 4918 linguarum
1480 4838 1739 4908 varietate

156 4914 443 5007 colligitur,
497 4920 916 4998 Psalmograpbo
975 4914 1241 5002 docente;
1265 4933 1366 5007 qui
1415 4937 1523 4992 ait:
1562 4939 1738 4994 Astitit

162 5002 343 5068 regina
377 5023 408 5058 a
432 5007 629 5067 dextris
672 5016 775 5070 tuis
810 5019 865 5073 in
892 5022 1074 5076 vestitu
1119 5028 1370 5080 deaurato
1406 5022 1740 5083 circumami-

161 5096 248 5140 cta
275 5091 515 5184 varietate
558 5100 735 5169 (Psal.
764 5106 908 5179 xnv).
964 5108 1110 5166 Solet
1138 5114 1299 5168 etiam
1326 5115 1514 5184 eadem
1547 5119 1734 5183 vestis,

160 5190 283 5247 quae
307 5179 493 5239 talaria
524 5186 692 5246 fuisse
718 5193 1058 5266 describitur,
1116 5214 1426 5259 sanctorum
1454 5210 1731 5275 virorum,

160 5271 252 5340 qui
279 5271 468 5345 utique
498 5282 741 5337 membra
763 5285 959 5345 Christi
985 5299 1128 5359 sunt,
1179 5294 1567 5364 perfectionem
1587 5271 1735 5357 desi;

159 5378 344 5432 gnare,
383 5368 475 5439 qui
502 5384 818 5442 perceptum
862 5381 992 5438 boni
1046 5385 1225 5451 operis
1257 5384 1625 5447 indumentum
1665 5393 1735 5449 ad

164 5456 316 5526 talos,
345 5461 398 5519 id
418 5473 514 5521 .est
556 5466 628 5523 ad
665 5465 828 5524 ﬁnem
857 5484 1028 5542 usque
1064 5476 1382 5541 perducunt.

605 5692 876 5754 Ριτιιοι.
925 5692 1207 5756 XCVIII.

1016 217 1192 275 LIBRI
1224 219 1566 276 CAROLlNl.
1608 251 1677 262 -ο
1716 220 1939 293 CAPIT.
1980 224 2069 281 DE
2107 224 2294 284 WAG.
2334 259 2407 270 --
2440 230 2568 286 LIB.
2609 231 2651 285 Ι.

3306 245 3443 301 ωδι

2458 341 2684 399 CAPUT
2726 342 2856 398 XIII.

1875 425 1955 480 De
1976 443 2037 507 eo
2067 430 2207 507 quod
2256 432 2312 486 in
2335 432 2459 507 'octe
2480 444 2529 488 et
2574 436 2873 507 inordinate
2921 438 3121 506 dicunt,
3155 442 3210 499 Si
3243 447 3443 507 calum-

1943 497 2111 576 niaris
2155 515 2260 562 me,
2298 504 2547 583 quoniam
2567 514 2629 583 ut
2648 505 2821 583 pedm
2861 509 3029 583 adoro
3077 497 3444 583 "gubulim-

1943 566 2043 641 eis,
2075 585 2171 622 cur
2191 566 2693 641 non'wlumniaris
2736 574 2901 633 Jacob
2950 566 3277 638 adorantem
3303 566 3445 641 sit-ni-

1943 635 2181 714 niitatem
2211 640 2373 725 virga:
2415 639 2656 725 Ioseph?
2689 647 2781 725 sed
2819 635 3170 725 manifestum
3184 635 3274 725 est
3304 635 3445 725 iiii;

1883 729 1886 734 -
1922 703 2454 796 ‘i'iiani'nondig‘ntmi
2479 703 2666 767 videns
2710 703 3443 796 adoravit,_sedpeﬁigiidin

1939 768 2158 842 Joseph,
2197 768 2336 832 sicdt
2358 787 2414 834 et
2440 796 2537 836 nos
2565 796 2664 852 per
2690 768 3223 846 (ταθεὶηὸὴῖἇέιῦῐῇ

1928 881 2073 940 Illud
2104 900 2233 941 sane
2274 891 2418 959 quod
2451 891 2653 957 dicunt,
2684 891 2849 952 Iacob
2888 900 3053 955 etiam
3077 906 3441 962 summitatem

1870 971 2034 1067 virgae
2058 972 2256 1067 Joseph
2304 980 2576 1047 adorasse,
2611 999 2718 1038 non
2771 994 2854 1041 est
2885 991 3260 1060 omittendum,
3313 1012 3443 1067 quo—

1868 1063 2013 1117 niam
2067 1066 2281 1134 quidem
2324 1085 2577 1140 magnum
2624 1089 2683 1126 se
2720 1076 2790 1129 ob
2835 1077 3138 1138 adorandae
3184 1063 3443 1155 imagines

1869 1149 1925 1205 in
1953 1152 2055 1208 hac
2078 1168 2137 1209 re
2181 1156 2521 1226 gratulantur
2545 1159 2744 1215 habere
2765 1168 3112 1236 exemplum:
3150 1185 3273 1226 cum
3294 1149 3441 1229 vide-

1867 1240 1997 1295 licet
2018 1243 2075 1297 in
2100 1244 2309 1301 Latinis
2337 1248 2612 1304 codicibus
2639 1265 2743 1305 non
2776 1252 3003 1322 legatur,
3031 1258 3277 1316 Adoravit
3299 1280 3443 1317 sum-

1867 1328 2100 1386 mitatem
2147 1335 2304 1405 virga:
2348 1336 2541 1409 Joseplt
2602 1338 2755 1410 (Cen.
2808 1343 2998 1417 XLvn),
3026 1347 3120 1401 sed
3147 1348 3202 1404 in
3226 1351 3442 1422 quibus-

1867 1417 2011 1484 dam,
2063 1422 2312 1513 ddoravit
2377 1443 2535 1497 super
2598 1441 2752 1501 caput
2802 1433 2961 1505 virga!
3003 1435 3189 1509 (Hebr.
3242 1417 3343 1513 Su),
3386 1451 3441 1499 et

1868 1508 1926 1563 in
1957 1504 2181 1568 Hebnea
2215 1519 2460 1584 veritate,
2492 1519 2577 1574 cui
2614 1504 2952 1590 potissimum
2985 1504 3117 1583 lides
3138 1504 3440 1587 adhibenda

1864 1607 1969 1665 est,
2001 1602 2200 1657 nullam
2227 1606 2440 1674 penitus
2486 1611 2569 1664 vel
2616 1614 2848 1669 termiter
2893 1618 3220 1676 mentionem
3271 1624 3439 1694 virgae

2725 1705 2974 1762 Adorarit
3042 1709 3214 1765 Israel
3268 1712 3437 1770 Deum

1866 1799 2142 1841 contemta
2179 1788 2249 1842 ad
2277 1789 2455 1846 lectuli
2507 1807 2684 1864 caput.
2727 1796 2794 1854 In
2821 1816 2923 1870 quo
2986 1802 3190 1872 utique,
3257 1815 3314 1860 ut
3360 1808 3439 1862 ait

1868 1873 2057 1930 beatus
2115 1878 2462 1949 Augustinus,
2504 1902 2661 1940 senex
2694 1888 2926 1956 jaccbat,
2987 1899 3040 1946 et
3063 1893 3142 1947 sic
3204 1896 3438 1964 positum

1866 1963 2101 2021 habebat
2146 1978 2206 2023 ut
2244 1971 2390 2027 ineo
2418 1974 2536 2030 sine
2565 1975 2746 2033 labore
2787 1982 2999 2049 quando
3033 1963 3434 2043 velletioraret.

1866 2054 2002 2122 Quia
2032 2073 2180 2129 ergo,
2238 2071 2297 2118 ut
2328 2065 2538 2133 prtelati
2587 2085 2791 2133 sumus,
2845 2073 3061 2142 quidam
3121 2076 3435 2136 Latinorum

1861 2149 2107 2205 codicum
2136 2152 2358 2219 habent,
2403 2158 2640 2214 adoravit
2689 2178 2845 2226 super
2868 2167 3214 2222 summitatem
3256 2170 3432 2241 virga,

1863 2253 2084 2298 necesse
2106 2252 2191 2298 est
2231 2252 2290 2299 ut
2332 2249 2615 2304 memorati
2665 2251 2901 2308 doctoris
2936 2255 3269 2315 documentis
3303 2276 3437 2331 qua-

1862 2330 1986 2386 liter
2018 2332 2423 2406 intelligendum
2466 2340 2538 2394 sit
2571 2341 2917 2409 explicemus,
2941 2346 3019 2401 ait
3064 2347 3204 2402 enim
3253 2330 3435 2422 (quod

1862 2420 2061 2478 habent
2080 2424 2258 2481 Latini
2286 2427 2518 2500 codices)
2553 2446 2566 2480 :
2595 2429 2662 2487 Et
2683 2432 2927 2489 adoravit
2960 2450 3120 2506 super
3141 2420 3302 2508 caput
3324 2440 3435 2494 vir-

1858 2526 1941 2581 ga:
1956 2511 2092 2580 ejus.
2108 2514 2362 2573 Nonnulli
2382 2520 2731 2577 emendantes
2754 2522 2980 2591 habent:
2996 2526 3254 2583 Adoravit
3274 2545 3435 2601 super

1858 2612 2021 2673 caput
2067 2605 2232 2677 virga:
2265 2624 2392 2673 suae,
2430 2609 2507 2665 vel
2531 2611 2585 2665 in
2641 2613 2817 2683 capite
2844 2615 3007 2687 virga:
3068 2633 3199 2685 sum,
3231 2620 3343 2675 sive
3375 2620 3433 2677 in

1858 2710 2116 2753 cacumen
2142 2698 2218 2753 vel
2262 2716 2423 2771 super
2467 2718 2746 2759 cacumen.
2790 2704 2953 2762 Fallit
2977 2710 3113 2765 enim
3154 2729 3242 2767 eos
3285 2712 3435 2769 Crte-

1818 2818 1829 2825 -
1855 2804 1976 2841 cum
1996 2789 2223 2855 verbum,
2266 2794 2406 2863 quod
2452 2795 2646 2851 eisdem
2670 2797 2856 2855 litteris
2877 2803 3142 2870 scribitur,
3166 2807 3274 2861 sive
3295 2806 3430 2877 ejus,
3478 2873 3485 2879 ,

1853 2878 1958 2933 sive
1980 2895 2126 2935 suae:
2162 2883 2255 2937 sed
2287 2895 2529 2940 accentus
2573 2886 2807 2958 dispares
2854 2900 2995 2955 sunt,
3036 2902 3085 2946 et
3132 2894 3197 2947 ab
3241 2896 3314 2949 eis
3341 2899 3433 2965 qui

1858 2969 1961 3024 ista
1993 2982 2241 3028 noverunt
2271 2975 2328 3029 in
2351 2975 2613 3031 codicibus
2652 2994 2755 3033 non
2780 2989 3193 3035 contemnuntur.
3252 2980 3433 3041 Valent

1856 3060 1994 3115 enim
2046 3062 2117 3115 ad
2155 3079 2401 3134 magnam
2455 3065 2837 3135 discretionem,
2889 3072 3122 3141 quamvis
3170 3081 3219 3127 et
3266 3091 3427 3130 unam

1852 3148 1970 3219 plus
1992 3151 2219 3207 litteram
2238 3155 2430 3210 habere
2452 3166 2642 3227 posset,
2680 3159 2728 3212 si
2751 3169 2881 3214 esset
2926 3177 3037 3216 sum
3057 3171 3148 3216 aut
3170 3179 3276 3218 non
3297 3174 3431 3220 esset

1853 3243 2011 3298 αὐτοῦ
2039 3243 2130 3298 sed
2155 3244 2363 3301 ἑαυτοῦ.
2414 3244 2492 3298 Ac
2521 3263 2616 3317 per
2655 3247 2752 3301 hoc
2774 3249 2958 3303 merito
3005 3252 3261 3321 qutrritur
3302 3254 3429 3324 quid

1852 3332 1920 3385 sit
1955 3332 2094 3402 quod
2115 3333 2312 3388 dictum
2340 3343 2436 3388 est.
2482 3334 2624 3389 Nam
2643 3335 2801 3406 facile
2832 3337 3225 3409 intelligeretur,
3251 3358 3425 3397 senem

1850 3420 1940 3490 qui
1978 3422 2173 3490 virgam
2202 3422 2401 3493 ferebat
2426 3440 2485 3478 eo
2511 3440 2654 3479 more
2674 3442 2776 3497 quo
2800 3427 2895 3482 i’la
2920 3438 3050 3482 tetas
3073 3428 3316 3484 baculum
3334 3449 3422 3488 so-

1851 3507 1937 3571 let,
1968 3520 2020 3564 ut
2043 3527 2099 3564 se
2138 3511 2404 3568 inclinavit
2431 3514 2500 3569 ad
2528 3514 2695 3568 Deum
2760 3516 3107 3582 adorandum,
3139 3521 3195 3575 id
3249 3524 3425 3595 utique

1850 3600 2028 3669 fecerit
2070 3618 2228 3674 super
2254 3621 2505 3659 cacumen
2548 3607 2705 3678 virga:
2728 3625 2856 3672 suat,
2897 3626 3056 3681 quam
3110 3613 3188 3667 sic
3224 3614 3423 3685 ferebat

1849 3701 1905 3746 ut
1923 3711 2079 3765 super
2101 3713 2215 3750 eam
2245 3708 2397 3769 caput
2438 3699 2739 3755 inclinando
2782 3702 3025 3758 adoraret
3065 3702 3253 3762 Deum.
3283 3708 3424 3774 Quid

1847 3792 1920 3837 est
1947 3801 2088 3855 ergo.
2112 3785 2371 3842 Adoravit
2405 3804 2567 3858 super
2592 3808 2848 3847 cacumen
2881 3794 3045 3864 virga:
3068 3795 3205 3865 ejus,
3241 3800 3296 3853 id
3323 3811 3420 3867 est,

1845 3872 1944 3939 ﬁlii
1962 3876 2046 3928 sui
2074 3875 2269 3945 Joseplt
2290 3878 2317 3931 .’
2343 3878 2425 3932 An
2448 3880 2583 3947 forte
2606 3881 2796 3935 tulerat
2818 3883 2883 3935 ab
2909 3901 2968 3938 eo
2993 3887 3189 3955 virgam
3207 3893 3418 3959 quando

1845 3964 1892 4016 ei
1915 3965 2135 4033 jurabat
2171 3967 2310 4021 idem
2357 3969 2521 4037 ﬁlius,
2547 3980 2595 4025 et
2621 3972 2746 4025 dum
2794 3990 2909 4026 eam
2950 3985 3083 4029 tenet
3126 3990 3238 4048 post
3268 3983 3421 4036 verba

1836 4052 2093 4121 jurantis,
2134 4057 2364 4109 nondum
2384 4057 2477 4111 illa
2504 4059 2726 4123 reddita,
2780 4078 2901 4116 mox
2942 4062 3184 4120 adoravit
3207 4068 3418 4124 Deum?

1846 4139 1971 4195 Non
2002 4143 2139 4196 enim
2163 4145 2385 4214 pudebat
2410 4163 2529 4201 eum
2571 4148 2707 4218 ferre
2749 4150 3002 4222 tantisper
3038 4152 3241 4226 insigne
3275 4168 3419 4227 pote-

1842 4232 1994 4285 statis
2018 4230 2131 4301 ﬁlii,
2148 4234 2251 4298 sui,
2275 4233 2361 4287 ubi
2375 4235 2565 4306 ﬁgura:
2584 4250 2788 4307 magna:
2812 4238 2887 4292 rei
2908 4240 3102 4310 futurte
3128 4246 3420 4316 pra'signa-
3462 4300 3471 4334 ἐ

1768 4350 1818 4411 υ
1844 4322 2051 4378 bantur.
2114 4324 2306 4379 Dicant
2356 4340 2502 4396 ergo,
2547 4328 2727 4383 dicant
2761 4328 2890 4399 quid
2933 4340 3119 4388 contra
3174 4336 3291 4393 lucc
3334 4339 3417 4394 di-

1839 4413 1982 4469 cturi
2036 4423 2181 4480 sunt,
2245 4417 2337 4486 qui
2391 4418 2461 4472 ob
2524 4419 2824 4476 adoraudas
2885 4421 3145 4493 imagines
3207 4436 3414 4487 tantum

1838 4509 2201 4578 patriarcham
2223 4511 2503 4567 criminari
2531 4527 2638 4568 non
2695 4512 3007 4582 formidarat,
3033 4527 3089 4571 et
3109 4519 3416 4593 Scripturas

1838 4609 2053 4659 sanctas
2101 4617 2298 4657 vesana
2350 4610 2533 4657 mente
2590 4611 2900 4673 permutare
2947 4605 3218 4665 all'ectant.
3274 4610 3415 4671 Ecce

1839 4688 2102 4744 llebraica
2158 4684 2360 4746 vdritas
2399 4692 2648 4748 eumdem
2694 4695 3059 4763 patriarcbam
3103 4700 3271 4757 Deum
3317 4706 3414 4760 ad-

1802 4812 1805 4813 ν
1836 4794 2025 4834 orasse
2057 4780 2126 4834 ad
2162 4789 2322 4851 caput
2345 4781 2525 4838 lectuli
2553 4783 2751 4840 clamat
2776 4803 2790 4839 :
2831 4802 2957 4843 ecce
2986 4789 3300 4848 Latinorum
3325 4795 3406 4850 bi-

1836 4867 2106 4926 bliotheca
2129 4885 2254 4926 eum
2277 4880 2373 4927 aut
2397 4887 2565 4942 super
2580 4884 2739 4945 caput
2774 4876 2956 4948 virgae,
2989 4887 3079 4932 aut
3129 4879 3185 4933 in
3209 4881 3404 4950 capite,
3479 4874 3489 4885 ’

1836 4967 1929 5013 aut
1958 4959 2011 5014 in
2037 4960 2331 5026 cacumine,
2387 4961 2472 5017 vel
2512 4978 2675 5033 super
2722 4980 2982 5021 cacumen
3025 4965 3280 5022 adorasse
3315 4969 3409 5029 tie-

1836 5049 2088 5107 nuntiat:
2124 5065 2253 5106 ecce
2296 5051 2382 5106 vir
2415 5053 2814 5109 eruditissimus
2866 5053 3217 5124 Augustinus,
3243 5066 3298 5112 et
3326 5059 3409 5114 di-

1834 5141 1946 5195 vini
2004 5142 2244 5199 moneris
2271 5141 2489 5199 ﬂamine
2528 5144 2760 5210 amatus,
2822 5145 3009 5200 solerti
3064 5146 3405 5219 indagatione

1835 5248 1958 5288 eum
1997 5242 2089 5287 aut
2113 5235 2170 5288 in
2195 5250 2326 5301 sua),
2354 5244 2447 5291 aut
2482 5237 2536 5291 in
2571 5237 2667 5292 lilii
2691 5238 2855 5305 virga:
2876 5238 3184 5303 summitate
3209 5241 3400 5307 Deum,

1833 5338 1941 5379 non
1974 5325 2219 5381 eamdem
2266 5326 2474 5397 virgam
2516 5341 2615 5381 nec
2640 5326 2884 5381 eumdem
2928 5326 3095 5382 lilium
3149 5329 3405 5386 adorasse

1757 5486 1771 5501 .
1831 5424 2104 5483 personat.

1901 5506 2092 5563 Dicant
2114 5505 2237 5576 quis
2257 5513 2456 5560 sancta:
2497 5502 2629 5573 legis
2648 5502 2940 5561 translator
2967 5519 3094 5559 cum
3116 5504 3402 5561 summita-
3496 5530 3497 5533 η

1831 5608 1940 5655 tem
1966 5599 2131 5672 virgm
2177 5597 2291 5661 ﬁlii,
2329 5604 2384 5651 et
2418 5594 2471 5651 in
2498 5594 2686 5653 eadem
2732 5596 2882 5667 virga
2937 5597 3106 5652 tilium
3147 5597 3404 5662 adorasse

2885 5713 2963 5772 33
