4026 6156
609 244 745 304 1053

1474 241 1532 294 ιι.
1573 224 2071 296 csaou'it'sos'i
2108 236 2257 294 oar.
2300 240 2476 299 rans
2508 241 2572 297 ιι.
2612 227 2852 298 sscrto
2881 240 2938 295 ιι.
3013 222 3023 271 ῑ

3702 222 3847 296 9086

608 360 972 416 transtulerit:
1010 359 1133 429 quis
1164 365 1365 414 sanctae
1412 355 1544 424 legis
1574 354 1998 409 studiosissimus
2022 353 2172 406 inda—
2200 352 2245 415 Α
2275 357 2443 412 ratio!
2495 355 2543 411 0
2578 355 2743 410 hebes
2790 354 3126 423 conjectum!
3165 354 3213 412 0
3250 340 3595 411 stalidissima
3648 350 3854 411 dictio!

606 461 762 521 gator
799 466 923 506 eum
968 451 1171 521 virgam
1201 449 1292 503 lilii
1317 447 1400 501 vel
1424 446 1592 501 ﬁlium
1620 446 1797 516 patius
1823 458 1983 515 quam
2007 443 2177 498 Deum

607 543 862 615 adorasse
896 539 1239 595 tractaverit:
1284 549 1486 592 etcum
1529 535 1670 591 hunc
1708 536 1948 591 invenire
1997 534 2182 609 nequi-

609 632 806 695 verint,
829 629 1251 699 depravatricem
1268 619 1381 682 sive
1398 624 1800 695 refragatricem
1819 624 1998 693 potius
2016 638 2180 692 quam

606 721 989 791 indagatricem
1035 732 1187 773 suam
1236 716 1645 786 intelligentiam
1701 716 2000 769 divinarum
2037 702 2183 769 Seri-

604 822 885 881 pturarum
921 822 1042 863 esse
1069 806 1422 877 persentiant.
1461 803 1580 858 alam
1604 818 1735 858 vero
1759 802 1883 871 quia
1906 815 2043 872 pene
2064 810 2180 856 o‘m—

604 901 691 955 nis
720 900 917 955 divina:
954 898 1090 968 legis
1133 897 1307 952 series
1327 898 1398 951 ab
1420 895 1528 950 illis
1564 896 1638 948 ob
1663 895 1959 964 imaginum
1985 892 2179 947 adera-

605 995 808 1051 tionem
843 1002 939 1048 aut
960 992 1242 1048 mutilatur
1263 998 1357 1045 aut
1390 996 1749 1059 permutatur,
1799 1001 1936 1042 nova
1960 986 2183 1040 necesse

601 1094 691 1140 est
717 1091 841 1155 post
883 1084 1101 1154 Moysen
1133 1082 1265 1152 legis
1306 1082 1555 1134 tradatur
1604 1078 1864 1148 scriptio;
1898 1092 2037 1133 nova
2062 1082 2184 1146 post

603 1176 801 1232 Ezram
832 1176 965 1246 mgis
987 1173 1289 1244 reperiatur
1332 1169 1699 1233 restauratio;
1750 1183 1889 1222 nova
1936 1174 2063 1237 post
2077 1166 2184 1223 Se-

605 1266 884 1337 ptuaginta
904 1266 1247 1332 Interpretes,
1273 1260 1693 1316 Theodotionem
1723 1266 1779 1313 et
1801 1254 2180 1328 Symmachum

605 1368 662 1414 et
694 1358 964 1428 Aquilam,
997 1357 1112 1411 sive
1161 1355 1322 1410 etiam
1352 1357 1569 1408 beatum
1617 1338 2005 1420 Hieronymum
2048 1344 2184 1419 legis

605 1456 879 1519 quat-alar
903 1445 1218 1511 translatio;
1250 1456 1383 1497 nova
1414 1448 1533 1511 post
1569 1438 1840 1521 apostolos
1881 1446 1939 1493 et
1963 1434 2183 1521 apostos

606 1518 740 1595 Iicos
768 1539 912 1592 viros
947 1536 1150 1607 Spiritu
1178 1543 1368 1589 sancto
1407 1533 1638 1602 repletos
1678 1518 1954 1586 scrutetur
1978 1518 2182 1583 tracta»

604 1632 701 1693 tio,
733 1646 852 1700 qua:
876 1628 1010 1683 adeo
1038 1627 1232 1681 divinis
1263 1624 1559 1694 Seripturis
1603 1620 1862 1691 refragari
1897 1616 2078 1690 queat,
2120 1624 2181 1673 ut
2210 1682 2215 1689 Α

604 1738 794 1777 omnes
845 1722 1138 1791 imaginum
1190 1719 1557 1773 adorationem
1595 1724 1907 1786 spernentes
1957 1715 2176 1768 anathe-

604 1812 767 1868 matis
800 1814 1014 1866 vinculo
1041 1817 1259 1865 nectat;
1290 1808 1421 1875 ane
1466 1808 1537 1861 sit
1573 1815 1832 1875 praeterea
1878 1801 2178 1858 differentia

605 1904 783 1959 crucis
811 1902 1013 1958 Christi
1041 1910 1095 1953 et
1136 1899 1427 1968 imaginum
1462 1898 1731 1967 pictorum
1752 1904 1869 1949 arte
1889 1890 2176 1967 pictarum,

606 1993 691 2046 vel
718 1998 922 2062 quanto
964 1989 1225 2059 mysterio
1251 2002 1382 2044 crux
1434 1985 1757 2056 imaginibus
1786 1983 2042 2047 emineat,
2068 1983 2181 2037 sive

606 2082 874 2151 quomodo
899 2080 1190 2134 humanum
1222 2091 1389 2147 genus
1413 2090 1520 2130 non
1545 2090 1641 2145 per
1660 2073 1943 2141 imagines,
1970 2071 2181 2140 sed'per

606 2191 822 2233 erucem
882 2173 1081 2229 Christi
1150 2172 1485 2239 redemptum
1511 2169 1629 2231 sit,‘
1657 2182 1778 2237 qua:
1815 2166 1923 2222 duo
1952 2192 1957 2197 ε
1984 2164 2061 2220 illi
2095 2166 2180 2220 rei

602 2268 755 2341 paria
784 2265 869 2321 vel
912 2263 1135 2334 arquatia
1178 2269 1389 2332 putant,
1420 2259 1471 2313 in
1514 2258 1865 2328 sequentibus
1913 2256 2033 2311 loco
2055 2271 2178 2321 suo,

605 2357 835 2415 Domino
854 2358 1087 2420 favente,
1114 2352 1525 2423 explicabimus.

1216 2483 1441 2542 CAPUT
1465 2481 1603 2538 XIV.

608 2582 733 2641 Non
801 2580 1055 2650 pertinere
1108 2576 1176 2650 ad
1228 2574 1511 2650 imaginum
1574 2570 1951 2650 adorationem,
2003 2579 2057 2623 ut
2082 2566 2178 2650 illi

678 2636 1039 2718 dicunt,‘qu9d
1061 2647 1310 2715 scriptum
1335 2636 1435 2707 Est,
1485 2639 1651 2695 Jacob
1704 2636 2039 2693 Pharaonem
2079 2640 2176 2693 bc-i

675 2719 882 2774 nedixit
914 2716 1085 2788 '(Gen.
1112 2729 1258 2770 xum
1274 2736 1304 2766 ι.

2281 446 2523 502 Similem
2551 448 2686 503 dicis
2717 447 3165 513 benedictionem,
3190 464 3349 517 quam
3372 438 3860 516 sanctus’patriar;

2280 537 2379 590 cha
2444 538 2556 607 regi
2614 537 2877 601 exhibuit,
2930 537 3021 606 qui
3084 548 3195 607 pne
3244 532 3453 592 caneris
3499 536 3863 592 dilectissimo

2276 626 2390 680 tilio
2426 627 2635 697 insigne
2677 629 2904 682 contulit
2938 628 3246 697 potestatis:
3290 628 3379 698 qui
3412 628 3513 684 sibi
3563 644 3689 683 cum
3730 628 3861 684 nni-

2279 730 2433 769 versa
2459 717 2609 786 prole
2651 718 2871 771 uberem
2916 718 2983 771 ad
3040 718 3447 773 inhabitandam
3476 719 3689 789 glebam
3721 718 3862 776 con;

2278 805 2479 870 ceSsit;
2507 806 2600 875 qui
2648 806 2748 860 sibi
2806 820 2913 860 non
2961 805 3329 877 cujuscunque
3374 808 3669 877 provincia:
3729 812 3862 879 por;

2274 886 2504 958 tionem,
2546 895 2639 949 sed
2674 895 2842 950 totius
2876 897 2955 951 sui
2997 892 3210 966 imperii
3247 907 3404 952 terra:
3429 896 3653 952 donavit
3677 899 3862 968 optio—

2276 1000 2424 1050 nem,
2478 985 2782 1041 adoratibni
2828 1000 2989 1057 quam
3035 988 3359 1059 imaginibus
3415 989 3679 1045 exhibes?
3727 990 3863 1057 Qure

2282 1076 2631 1132 adorantibus
2652 1076 2785 1132 nihil
2811 1089 3007 1148 praeter
3040 1080 3119 1133 rei
3158 1081 3473 1134 memoriam
3509 1080 3665 1150 cujus
3707 1088 3859 1146 sunt,

2274 1166 2536 1223 exhibere
2582 1170 2780 1224 valent.
2840 1170 3120 1226 Benedixit
3168 1155 3356 1245 itaque
3410 1169 3576 1229 Iacob
3622 1171 3865 1228 Pharao-

2282 1259 2423 1320 nem,
2481 1273 2587 1313 non
2616 1268 2676 1313 ut
2712 1259 2879 1313 Deum
2907 1275 3065 1328 quem
3094 1254 3269 1316 amnis
3302 1267 3552 1315 creatura
3587 1261 3861 1317 benedicit

2280 1342 2338 1401 et
2356 1346 2557 1412 laudat,
2582 1358 2755 1418 nerine
2792 1358 2850 1404 ut
2882 1350 3149 1418 picturam
3203 1368 3363 1422 quam
3389 1367 3580 1407 manus
3606 1340 3860 1408 artiﬁcis

2286 1435 2451 1508 aptat,
2498 1441 2591 1496 sed
2644 1449 2703 1496 ut
2756 1440 3028 1496 hominem
3080 1444 3165 1497 cui
3201 1452 3420 1515 propter
3471 1432 3862 1500 sublimitatem

2285 1546 2555 1586 concessae
2601 1548 2631 1586 a
2667 1532 2777 1588 Deo
2831 1533 3111 1604 potestatis
3158 1534 3328 1589 honor
3375 1520 3861 1606 estexhihendns.

2280 1614 2589 1686 Benedixit,
2640 1622 2878 1692 inquam,
2900 1624 3052 1686 eum,
3101 1640 3208 1678 non
3247 1624 3306 1678 ut
3346 1622 3633 1694 imaginem
3676 1622 3863 1680 iason”-

2276 1719 2469 1775 satam,
2499 1711 2593 1765 sed
2618 1718 2677 1766 ut
2699 1712 3011 1769 rationalem
3044 1706 3343 1779 hominem;
3369 1730 3477 1769 non
3506 1723 3565 1769 ut
3591 1716 3862 1771 industria

2281 1800 2505 1869 pictoris
2534 1806 2985 1875 compaginatum,
3046 1803 3140 1860 sed
3162 1812 3221 1859 ut
3245 1805 3311 1859 ad
3341 1802 3435 1858 Dei
3468 1805 3758 1877 imaginem
3806 1817 3864 1863 et

2282 1892 2688 1950 similitudinem
2717 1896 3019 1959 conditum;
3068 1914 3176 1951 non
3222 1907 3280 1952 ut
3315 1898 3369 1952 in
3409 1900 3711 1968 parietibus
3761 1900 3866 1954 im-

2281 1984 2555 2071 mobiliter
2590 1995 2845 2053 stantem,
2884 1988 2976 2045 sed
3024 1999 3085 2044 ut
3126 1991 3228 2047 sibi
3275 1992 3358 2046 vel
3411 1992 3547 2061 proli
3596 2009 3866 2071 prospera

2278 2066 2712 2149 Acommodantem
2745 2094 2758 2130 :
2799 2085 2872 2143 ct,
2904 2087 2962 2131 ut
2995 2077 3069 2131 ita
3095 2076 3341 2142 dixerim,
3394 2079 3672 2135 benedixit
3692 2066 3870 2145 Israel

2282 2180 2462 2235 regem
2497 2165 2589 2235 qui
2615 2164 2850 2234 ejusdem
2878 2167 3096 2235 spiritus
3120 2164 3334 2221 nectare
3380 2168 3653 2223 delibutus
3680 2179 3813 2223 erat
3854 2150 3869 2225 Ξ

2280 2257 2729 2325 quipostmodum
2776 2257 3207 2327 perApostoium
3235 2259 3474 2313 dicturus
3522 2267 3690 2321 esset,
3750 2244 3869 2316 Bc;

2280 2345 2499 2397 nedieite
2549 2354 2597 2399 et
2634 2326 2790 2398 nolite
2843 2342 3169 2401 maledicere
3220 2342 3398 2418 (Rom.
3437 2346 3559 2418 xu),
3599 2348 3697 2418 qui
3746 2326 3874 2407 non

2278 2434 2449 2489 Solum
2498 2450 2595 2507 pro
2625 2436 2803 2506 coqui
2850 2453 2907 2493 se
2950 2447 3006 2492 et
3058 2426 3301 2494 sobolem
3337 2439 3612 2508 opulentia
3669 2426 3869 2499 reruni

2276 2516 2499 2587 ditabat,
2558 2524 2653 2579 sed
2678 2540 2777 2594 pro
2818 2525 3276 2582 calumniantibus
3316 2536 3372 2583 et
3401 2530 3869 2599 persequentibus

2275 2602 2431 2693 orare
2452 2614 2693 2669 deberet.
2728 2613 2848 2669 Non
2889 2615 3069 2685 itaque
3115 2614 3479 2686 hujuscemodi
3527 2619 3867 2693 benedictio,

2277 2720 2396 2774 qua:
2424 2705 2668 2777 profecto
2687 2707 2843 2762 bona:
2886 2702 3259 2763 retributionis
3287 2725 3449 2764 causa
3469 2692 3697 2765 exstitit.
3715 2692 3870 2769 cele-

678 2812 832 2879 Quod
860 2823 1002 2879 saepe
1024 2812 1352 2861 memoratus
1374 2802 1682 2874 patriarcha
1722 2800 1903 2856 Jacob-
1930 2796 2177 2854 Pharao"
2272 2790 2453 2861 bruta;
2487 2796 2779 2869 imaginum
2814 2796 3115 2853 adorationi
3149 2801 3415 2870 congruit,
3443 2816 3561 2868 qua:
3589 2813 3770 2868 neque
3807 2790 3867 2861 se

608 2910 728 2956 nem
763 2914 870 2953 non
895 2898 1166 2961 adorasse,
1216 2891 1672 2949 sed-benedixisse
1718 2890 1945 2961 legatur,
2010 2903 2174 2958 supe-

2276 2887 2645 2963 adorantibus,
2698 2902 2872 2958 neque
2894 2888 3525 2962 adorarespernentibus,
3568 2897 3865 2964 quamdam

606 2992 719 3047 rius
756 2991 957 3045 dictum
1013 2995 1117 3043 est.
1154 2985 1466 3041 Nnnovero
1502 2984 1631 3054 quia
1680 2984 1736 3037 in
1785 2982 1890 3037 alia
1922 2979 2165 3049 ejusdem
2203 3012 2251 3054 λ
2273 2988 2372 3044 pro
2391 2975 2965 3053 qualitatemeritorum
2977 2987 3199 3048 possunt
3214 2976 3409 3035 inferre
3431 2976 3864 3045 retributionem.

605 3083 896 3138 vanissima
934 3079 1125 3151 synodi
1178 3077 1407 3133 lectione
1442 3076 1727 3130 benedictio
1779 3073 2176 3143 quodammodo

608 3173 782 3244 posita
825 3178 909 3229 est
952 3183 1053 3240 pro
1100 3166 1436 3232 adcretione,
1490 3166 1729 3221 breviter
1777 3161 2181 3231 exsequendum

607 3271 712 3318 est.
784 3260 1047 3328 Quoniam
1114 3259 1329 3329 quidem
1391 3259 1556 3313 tantis
1578 3265 1680 3311 est.
1728 3256 1873 3310 illius
1924 3252 2183 3309 vanitatis

609 3356 882 3423 scriptura
910 3351 1231 3423 ignorantia:
1263 3350 1437 3405 obsita
1478 3348 1818 3419 caliginibns,
1866 3356 1927 3401 ut
1961 3360 2062 3401 nec
2092 3361 2180 3399 se-

607 3446 828 3518 quentia
874 3443 1321 3515 praecedentibus,
1358 3457 1459 3496 nec
1492 3438 1847 3511 prmcedentin
1892 3435 2184 3492 convenire

607 3539 892 3594 videantur
962 3534 1342 3605 sequentibus,
1399 3541 1455 3587 et
1511 3539 1570 3587 ut
1638 3542 1711 3585 se
1763 3529 1925 3585 habet
1968 3524 2184 3581 vanitas

611 3629 967 3687 mendacium,
998 3640 1209 3695 semper
1233 3622 1475 3693 fugitiva,
1506 3637 1723 3691 semper
1758 3618 1982 3683 caduca,
2036 3634 2181 3672 sem-

610 3731 814 3788 perque
860 3715 1094 3770 labentia
1145 3715 1403 3784 sequitur,
1456 3714 1670 3768 dicente
1717 3710 2035 3766 Salomone:
2081 3707 2184 3773 Qui

612 3806 864 3861 incumbit
903 3804 1206 3868 mendaciis,
1237 3806 1321 3858 hic
1365 3804 1532 3874 pascit
1586 3811 1781 3877 rentes,
1832 3800 1951 3871 ipse
2006 3810 2185 3852 autent

616 3899 851 3970 sequitur
890 3913 1007 3951 aves
1052 3896 1277 3951 infantes
1326 3895 1597 3967 (Prorerb.
1632 3890 1818 3964 x).-Ut
1870 3905 2001 3961 ergo
2024 3889 2185 3944 'iman

613 3988 797 4058 ginnm
832 3986 1219 4049 adorationem,
1253 3986 1305 4040 in
1325 3999 1555 4054 quarum
1596 3998 1789 4039 amore
1812 3988 2000 4037 eurum
2034 3995 2188 4035 mens

612 4077 827 4147 pendet,
896 4083 951 4129 et
986 4075 1152 4130 totius
1197 4074 1501 4129 sanctitatis
1539 4073 1877 4143 propositum
1919 4081 2020 4136 est,
2070 4081 2186 4126 sta-

615 4164 821 4228 biliant,
849 4161 1080 4233 plurima
1108 4164 1271 4217 verba
1308 4162 1392 4216 vel
1413 4176 1604 4217 sensus
1644 4177 1765 4231 qua
1790 4161 1860 4216 ad
1897 4161 2043 4217 aliud
2066 4175 2190 4231 per-

616 4255 787 4310 tinent
831 4256 884 4308 in
936 4253 1304 4307 adoratiouem
1353 4253 1567 4307 mutare
1615 4252 1890 4307 all'ectant.
1947 4250 2080 4306 Nam
2136 4256 2191 4303 ct

614 4346 750 4407 haec,
794 4341 935 4411 quod
963 4342 1104 4396 idem
1146 4351 1366 4397 sanctus
1392 4342 1475 4396 vir
1513 4340 1846 4397 Pharaonem
1896 4339 2187 4404 benedixit,

618 4448 727 4489 non
779 4432 848 4487 ad
890 4432 1139 4489 eamdem
1198 4431 1627 4487 benedictionem
1674 4432 1947 4500 pertinere
2001 4437 2192 4499 putant

616 4541 778 4596 quam
801 4526 976 4580 solent
995 4526 1310 4596 plerumque
1330 4525 1547 4582 exsules
1562 4524 1797 4591 civibus,
1829 4523 2028 4579 subditi
2055 4539 2194 4594 pra»

618 4616 760 4679 latis,
797 4618 1143 4685 pauperiores
1190 4618 1495 4682 ditioribus,
1514 4625 1571 4672 et
1629 4634 1788 4689 quam
1804 4616 2063 4705 .maxime
2102 4631 2191 4671 se-

618 4721 736 4769 nes,
777 4708 866 4776 qui
892 4707 995 4763 sibi
1047 4710 1293 4779 qua-dam
1344 4710 1625 4766 commoda
1671 4711 1990 4781 impendunt
2038 4707 2193 4763 exhi-

618 4802 768 4864 bere,
805 4800 897 4855 sed
926 4801 993 4856 ad
1028 4803 1209 4857 nescio
1260 4816 1422 4872 quam
1462 4801 1861 4857 adorandarum
1901 4800 2194 4870 imaginum

618 4894 909 4962 picturam,
949 4909 1069 4965 qua:
1106 4894 1360 4948 nimirum
1408 4901 1563 4945 tanto
1613 4895 1819 4949 inutilis
1843 4902 1942 4956 est;
1996 4901 2197 4961 quanto

621 4984 803 5039 minus
841 5000 954 5040 sua:
1014 4981 1264 5037 utilitatis
1330 4979 1632 5035 efﬁcaciam
1698 4991 1876 5051 potest
1931 4980 2197 5049 loquendo

623 5075 857 5129 edicere.
906 5073 1072 5126 Aiunt
1108 5072 1270 5134 enim,
1312 5070 1586 5125 Benedixit
1624 5070 1791 5126 Iacob
1842 5072 2195 5138 Pharaonem,

625 5162 723 5219 sed
754 5176 861 5215 non
884 5169 946 5215 ut
971 5161 1141 5215 Deum
1153 5159 1443 5227 benedixit;
1470 5161 1753 5217 adoramus
1770 5177 1867 5218 nos
1889 5162 2197 5232 imaginem,

626 5251 721 5309 sed
753 5263 860 5305 non
883 5257 943 5306 ut
968 5249 1135 5305 Deum
1162 5248 1468 5306 adoramus.
1491 5248 1537 5307 0
1562 5252 1945 5309 inconveniens
1985 5267 2201 5322 compa-

700 5422 727 5451 ι
758 5407 890 5474 Qua:
918 5409 1047 5464 dum
1076 5410 1149 5482 ita
1178 5426 1233 5465 se
1258 5409 1500 5482 habeant,
1530 5415 1743 5482 quatitur
1768 5410 1871 5482 sint
1901 5410 2202 5482 absurdita-

630 5478 714 5542 tis,
737 5488 1044 5550 quanta'que
1070 5480 1339 5534 dementire
1365 5478 1471 5545 illi,
1498 5475 1609 5552 qui,
1642 5482 1746 5528 Ωιι).
1772 5475 1829 5530 In
1861 5477 2094 5601 regalis
2124 5478 2202 5535 le-

631 5547 805 5601 nitur:
839 5566 857 5595 ι
893 5558 1149 5601 munitum
1189 5549 1260 5601 ita
1300 5546 1405 5600 sint
1443 5543 1814 5601 absurditatis.
1858 5567 1877 5597 ι
1980 5545 2199 5601 essime.

631 5543 772 5613 gitur
788 5565 805 5616 _:
839 5566 857 5595 ι
893 5543 1149 5616 quiaiitnm
1189 5549 1260 5602 ita
1300 5546 1405 5600 sint
1443 5543 1814 5616 ab'sut'ditatis.
1858 5567 1877 5597 ι
1938 5543 2199 5613 Pessime.

628 5612 681 5663 et
717 5612 1091 5669 refellit'loens
1122 5617 1364 5685 geminus
1398 5616 1553 5678 infra.
1589 5634 1642 5668 σε
1677 5612 1734 5663 Π
1768 5628 1780 5663 ³
1818 5633 1836 5663 ⁸
1872 5616 2100 5681 Οηῐηηίυ
2133 5612 2202 5673 Sii

2286 3158 2293 3161 _
2386 3158 2391 3167 ι
2906 3088 3133 3147 CAPUT
3172 3092 3289 3151 xv.

2287 3197 2458 3267 Quam
2510 3200 2735 3281 absurde
2756 3210 2918 3281 agant
2947 3202 3038 3281 qui
3083 3202 3153 3256 ad
3171 3205 3576 3281 fon/irritandus
3602 3209 3864 3281 imagines

2352 3268 2642 3351 exemplum
2669 3268 2859 3351 άὶινὶιὶᾳε
2899 3268 3036 3351 legis
3060 3268 3332 3351 pro[c_ruitt
3377 3276 3622 3345 dicentes,
3678 3268 3866 3351 propit-

2365 3339 2639 3393 tiatorium
2700 3348 2755 3394 et
2796 3339 3268 3396 duos—cherubim
3319 3362 3513 3400 aureos
3576 3339 3631 3403 el.
3674 3339 3860 3405 ircatn

2314 3417 2317 3421 ‘
2368 3409 2675 3463 testamenti
2716 3409 3061 3480 praecipiente
3106 3410 3332 3467 Domino
3361 3414 3578 3486 Moysen
3622 3418 3857 3475 fecisse.

2355 3516 2569 3574 Fecisse
2630 3526 2850 3573 sanctus
2896 3519 3139 3591 Moyses,
3201 3524 3547 3594 przecipiente
3605 3528 3857 3593 Domino.

2284 3608 2717 3679 propitiatorium
2753 3616 2808 3662 et
2830 3624 3013 3664 arcam
3044 3613 3369 3680 testamenti,
3415 3626 3471 3669 et
3500 3609 3863 3675 duos'cheruv

2284 3697 2395 3753 bim
2422 3712 2639 3764 aureos,
2675 3713 2775 3753 nec
2803 3710 2910 3754 non
2960 3710 3015 3755 et
3054 3700 3319 3758 excidisse
3374 3707 3583 3763 tabulas
3624 3707 3862 3778 lapideas

2284 3788 2511 3859 legitur;
2561 3804 2671 3875 non
2695 3799 2875 3846 tamen
2898 3794 3123 3848 adorare
3139 3791 3389 3862 jussisse,
3421 3814 3519 3852 nec
3542 3814 3605 3853 ea
3629 3802 3699 3856 ob
3728 3786 3861 3873 pne;

2288 3876 2573 3937 teritarum
2623 3883 2977 3953 quarumdam
3032 3901 3214 3940 rerum
3265 3891 3617 3957 memoriam,
3660 3896 3756 3950 sed
3793 3898 3863 3951 ob

2288 3964 2590 4031 futurorum
2614 3979 2989 4049 mysterion
3015 3974 3433 4038 sacratis‘simam
3474 3986 3862 4057 prietiguratio—

2289 4082 2413 4124 nem
2443 4066 2682 4124 creditur
2706 4068 3028 4124 condidisse.
3058 4080 3083 4109 ι
3101 4068 3230 4136 Quae
3255 4071 3382 4126 dum
3406 4073 3481 4128 ita
3526 4082 3582 4130 se
3604 4076 3853 4140 habeant,

2290 4167 2504 4228 quanta:
2548 4157 2657 4212 sint
2692 4157 3061 4224 absurditatis,
3093 4166 3308 4228 quanta:
3343 4158 3625 4218 dementia:
3666 4162 3745 4217 illi
3769 4163 3859 4233 qui

2294 4251 2378 4306 his
2419 4250 2801 4305 sacratissimis
2849 4257 2905 4303 et
2936 4265 3148 4305 summa
3190 4250 3395 4308 honore
3444 4254 3622 4322 dignis
3680 4256 3857 4321 rebus,

2220 4376 2271 4439 υ
2293 4342 2635 4413 prmcipiente
2656 4342 2903 4408 Domino,
2962 4358 2994 4397 a
3037 4341 3343 4439 legislatore
3392 4348 3646 4415 conditis,
3676 4349 3859 4419 imagi-

2294 4452 2391 4493 nes
2419 4436 2753 4515 tequipararc
2785 4444 3063 4498 conantes,
3124 4434 3334 4490 illarum
3378 4439 3752 4496 adorationem
3784 4440 3863 4497 bis

2290 4527 2553 4598 exemplis
2589 4526 2832 4582 stabilire
2859 4525 3170 4590 moliuntur,
3194 4540 3293 4581 nec
3329 4524 3502 4583 ferrea
3550 4545 3651 4585 vox
3694 4530 3864 4600 expli—

2291 4632 2437 4682 care,
2465 4630 2565 4672 nec
2602 4615 2776 4671 nostri
2798 4630 2987 4670 sensus
3014 4615 3340 4672 existimatio
3388 4621 3589 4686 poterit
3637 4619 3857 4688 indaga-

2294 4724 2372 4772 re,
2401 4706 2703 4777 pr;esertiiu
2761 4721 2884 4760 cum
2933 4705 3022 4760 illa
3075 4708 3549 4764 sacratissimorum
3597 4690 3851 4764 sensuum

2293 4796 2589 4850 exuberent
2636 4795 2871 4860 arcanis,
2921 4795 3035 4851 haec
3076 4806 3268 4867 parum
3309 4796 3554 4853 utilitatis
3596 4798 3857 4865 habeant,

2296 4890 2518 4955 excepta
2541 4883 2911 4939 recordatione
2937 4887 3014 4941 rei
3048 4887 3202 4959 cujus
3236 4898 3378 4945 sunt.
3403 4888 3536 4944 Cum
3561 4906 3694 4962 ergo
3734 4908 3863 4953 arca

2298 4974 2603 5031 testamenti
2642 4977 2851 5031 Domini
2876 4978 2942 5033 de
2974 4979 3132 5051 lignis
3156 4982 3412 5048 Setthim,
3430 4982 3653 5053 jttbente
3687 4985 3866 5043 Domi~

2297 5087 2387 5137 no,
2410 5084 2508 5139 per
2527 5066 2887 5141 legislatorem
2921 5071 3135 5126 mndita
3162 5081 3220 5128 et
3255 5074 3505 5131 inaurata
3531 5077 3622 5141 sit,
3683 5087 3740 5132 et
3788 5079 3866 5135 in-

2298 5170 2507 5216 trorsus
2545 5158 2741 5214 habeat
2772 5160 2980 5215 tabulas
3022 5162 3375 5220 nihilominus
3400 5163 3623 5222 frderis
3647 5175 3704 5222 et
3727 5184 3867 5225 man-

2298 5267 2367 5305 na
2448 5249 2561 5304 sive
2609 5249 2817 5322 virgam
2856 5249 3069 5318 Aaron,
3128 5255 3746 5329 propitiatoriumlvero
3796 5262 3868 5318 sit

2299 5404 2660 5494 absurditatis,
2677 5415 3005 5494 quantaeque
3018 5407 3320 5494 dementia,
3338 5425 3473 5494 pene
3500 5410 3767 5494 inﬁnitum
3787 5420 3871 5468 est

2262 5482 2274 5494 “
2298 5477 2569 5549 persequi.
2603 5497 2623 5529 ι
2674 5477 2744 5534 Et
2771 5479 2863 5533 lib.
2890 5493 2957 5539 tl,
2984 5492 3100 5549 cap.
3124 5479 3223 5549 ult.
3252 5497 3266 5532 :
3300 5498 3321 5529 s
3340 5477 3584 5546 'Quanlaa
3610 5482 3686 5536 sit
3721 5497 3873 5537 srro-

2300 5546 2494 5616 gantiw
2520 5555 2839 5618 quantaeque
2866 5546 3183 5603 temeritatis
3220 5560 3474 5618 parentes
3514 5552 3875 5607 anathemati—

2303 5631 2446 5670 zare.
2475 5637 2492 5668 ι
