4026 6156
173 265 311 348 ~i037

952 261 1125 316 LIBRI
1161 257 1504 314 CAROLINI.
1536 289 1616 332 .‘_-—-
1657 259 1895 336 CAPIT.‘
1922 258 2009 318 DE
2049 259 2242 314 IMAG.
2281 289 2350 323 -έ-
2387 257 2519 312 LIB.
2561 256 2601 309 1.

3284 255 3421 309 1038

181 388 396 428 aureum
433 373 483 425 in
500 372 721 436 modum
771 372 983 437 tabulae,
1033 373 1172 440 quod
1192 371 1808 456 superimponebaturA
1839 384 1920 432 est
1953 375 2186 430 Verbum
2218 373 2413 438 Patris,
2448 389 2542 444 per
2557 389 2708 442 quem
2729 371 2870 442 facta
2891 381 3011 426 sunt
3035 371 3208 427 omnia
3237 370 3418 440 (Jami.

180 477 336 524 arcar,
393 458 735 528 ejusdemque
760 461 1107 530 longitudinis
1128 469 1180 514 ct
1208 459 1530 520 latitudinis,
1550 461 1745 513 tanta:-

169 551 282 617 ‘que
321 549 500 602 formze
539 549 652 601 ﬁeri
681 547 1001 617 sitjussnm,
1065 566 1168 618 qua
1199 559 1251 603 et
1276 565 1422 611 area,
1471 558 1528 602 ut
1562 539 1745 620 eodem

176 639 544 709 propitiatorio
594 655 718 693 arca
749 648 1038 710 tegeretur,
1071 651 1124 693 et
1163 641 1266 694 duo
1311 640 1591 693 cherubim
1654 655 1747 700 au-

176 729 249 782 rei
276 726 501 782 ductiles
526 743 690 797 super
715 728 889 795 ipsum
921 727 1340 796 propitiatorium
1365 733 1564 794 essent,
1623 727 1748 786 hinc

173 829 332 887 atque
380 819 504 873 inde
557 819 874 872 al'erutrum
928 820 1293 882 attendentes,
1344 819 1415 872 ita
1465 829 1523 872 ut
1572 819 1748 882 vultus

171 911 358 959 eurum
409 907 463 960 in
537 906 966 975 propitiatorium
1024 914 1239 970 essent,
1291 916 1345 961 et
1397 906 1590 978 pinnis
1626 905 1740 974 suis

170 996 1035 1066 ohumhrarent,propitiatorium,
1093 1006 1145 1051 et
1173 997 1294 1051 inde
1322 997 1462 1070 Deus
1504 981 1750 1065 loquere—

169 1097 264 1139 tur
293 1087 360 1141 ad
416 1085 766 1156 Moysen,‘de
809 1087 1182 1154 propitiatorio
1223 1087 1471 1141 videlicet
1525 1086 1636 1141 sive
1684 1083 1748 1140 de

169 1177 351 1232 medio
375 1177 671 1238 cherubim,
720 1177 841 1244 quis
890 1185 1004 1228 tam
1047 1176 1210 1230 hebes
1253 1184 1472 1245 tamque
1519 1165 1610 1230 est
1653 1176 1748 1236 dee

170 1282 347 1330 mens,
388 1275 446 1320 ut
489 1282 594 1320 non
637 1266 809 1320 solum
858 1265 1245 1331 habendarum,
1311 1269 1405 1322 sed
1443 1270 1604 1320 etiam
1652 1266 1748 1320 ad-

167 1356 499 1408 urandarum
553 1356 850 1426 imaginum
905 1356 1386 1412 insolentissimum
1429 1357 1610 1422 usum,
1655 1359 1753 1412 ho-

170 1463 285 1501 rum
332 1456 443 1500 tam
469 1448 792 1502 terribilium
845 1457 1065 1517 tamque
1116 1449 1406 1519 insignium
1467 1443 1756 1520 mysterio-

170 1549 287 1592 rum
348 1540 752 1608 comparatione
821 1551 1046 1593 conetur
1095 1541 1377 1594 astruere?
1439 1531 1746 1593 Nanrdum

169 1623 284 1680 ista:
323 1627 461 1681 nihil
495 1628 638 1681 aliud
681 1629 929 1691 innuant,
979 1629 1084 1682 nisi
1126 1629 1398 1682 interdum
1428 1617 1608 1683 rerum
1636 1611 1756 1700 ges-

1805 465 1809 471 ’
1847 460 2014 533 ι);ιοι
2044 480 2165 518 cum
2215 463 2284 518 sit
2313 464 2473 516 unius
2517 477 2642 516 cum
2690 462 2852 516 Patre
2893 462 3230 522 substantiae.
3283 461 3420 516 sicut

1846 555 1958 624 ipse
1993 555 2055 607 'in
2096 553 2384 624 Evangelia
2419 554 2511 614 ait,
2553 554 2666 624 Ego
2729 563 2775 607 et
2831 553 2992 606 Pater
3033 569 3194 605 unum
3239 569 3419 606 sumus
3495 621 3498 626 _

1846 645 2026 718 (Joan.
2076 648 2153 714 x),
2186 645 2299 700 sive
2326 654 2384 699 ut
2417 643 2662 712 Philippo
2689 645 2784 705 ait,
2837 643 2938 707 Qui
2961 644 3095 697 videt
3137 659 3234 705 me,
3283 643 3419 696 videt

1846 744 1893 788 et
1943 733 2157 786 Putrem
2207 733 2389 802 (Joan.
2435 734 2572 802 xlv),
2624 733 2717 788 Dei
2766 733 2942 787 Patris
2997 734 3051 787 in
3095 749 3158 787 co
3208 747 3420 800 semper

1847 817 2114 884 de‘mcdio
2135 823 2360 876 duorum
2393 823 2862 876 Testamentorum
2899 837 2999 876 vox
3035 821 3286 875 auditur:
3326 821 3421 875 Se-

1846 911 2077 965 cundum
2116 912 2399 980 plerosque
2458 927 2585 964 vero
2626 913 2818 967 divina:
2864 911 2995 980 legis
3031 912 3281 966 doctores
3326 911 3420 982 qui

1850 1003 1962 1056 [nec
1988 1000 2263 1054 moraliter
2282 1009 2535 1063 tractant,
2566 1019 2754 1055 aurum
2784 1003 3099 1069 sapientiam
3133 1003 3422 1071 signiﬁcat,

1849 1109 1972 1144 arca
2019 1103 2290 1145 secretum
2320 1091 2432 1144 Dei.
2467 1090 2522 1143 ln
2570 1107 2695 1143 arca
2737 1090 2888 1157 jussa
2935 1101 3057 1146 sunt
3091 1094 3216 1161 poni
3247 1093 3331 1146 lex
3369 1104 3424 1148 et

1848 1199 2044 1236 manna
2067 1191 2121 1237 et
2167 1182 2316 1250 virga
2342 1181 2542 1235 Aaron.
2595 1181 2698 1234 Per
2738 1183 2933 1250 virgam
2988 1192 3226 1250 potestas
3257 1185 3423 1252 signi-

1852 1278 2059 1338 ﬁcatur,
2112 1291 2437 1344 permunita
2486 1273 2680 1341 gratia,
2749 1273 2876 1341 quia
2930 1274 3033 1326 nisi
3080 1290 3199 1327 cum
3250 1275 3424 1343 gratia

1852 1385 1957 1423 non
2016 1374 2098 1420 est
2143 1373 2694 1436 pot.estas-pr:ecepta
2738 1363 2988 1418 faciendi.
3044 1365 3426 1421 Verumtamen

1854 1457 1976 1530 quia
2004 1456 2086 1508 lex
2125 1471 2156 1512 a
2215 1454 2404 1523 quovis
2453 1453 2764 1522 proﬁciente
2818 1470 2924 1507 non
2975 1469 3040 1508 ex
3091 1455 3236 1508 omni
3275 1464 3428 1524 parte

1856 1547 2175 1615 completur,
2209 1545 2640 1616 propitiatorium
2665 1553 2747 1598 est
2774 1545 3002 1614 desuper
3031 1563 3043 1597 :
3069 1546 3135 1598 ad
3162 1547 3264 1602 hoc
3284 1548 3427 1601 enim

1857 1655 1993 1707 opus
2023 1648 2123 1702 est,
2179 1648 2237 1692 ut
2287 1637 2550 1706 propitius
2593 1637 2662 1689 sit
2713 1637 2880 1699 Deus;
2929 1644 2984 1690 et
3028 1636 3148 1690 ideo
3199 1637 3430 1706 desuper

169 1722 346 1770 larum
377 1717 646 1781 Ordinem.
685 1717 962 1771 interdum
987 1735 1091 1771 "0"
1142 1727 1438 1787 895mm“).
1481 1703 1823 1800 sedilia-9:73
1850 1731 2090 1800 ponitur,
2119 1729 2244 1796 quia
2273 1726 2634 1796 superexaltat
2663 1726 3031 1780 misericordia
3062 1723 3283 1793 judicio.
3313 1727 3428 1780 Duo

166 1820 287 1860 rum
313 1807 646 1859 mentiantur
673 1820 911 1860 errorem
943 1846 958 1869 ,
1005 1807 1093 1860 illa
1121 1823 1248 1861 vero
1291 1823 1504 1876 semper
1551 1809 1754 1884 sanctis

166 1904 225 1949 et
253 1895 640 1951 excellentibus
664 1897 873 1950 radiant
903 1898 1174 1968 mysteriis
1211 1907 1266 1952 et
1315 1900 1536 1954 rutilant
1570 1899 1755 1954 'sacra-

168 1989 394 2042 mentis.
453 1986 590 2042 Area
625 2004 859 2058 namque
899 1989 1118 2044 foederis
1147 1991 1442 2046 secundum
1493 1987 1752 2062 quosdam

171 2079 468 2134 Dominum
512 2086 568 2132 et
598 2079 930 2133 Salvatorem
960 2090 1226 2145 nostrum,
1269 2081 1322 2135 in
1357 2099 1464 2152 quo
1503 2082 1617 2137 solo
1646 2081 1757 2154 fte-

171 2169 273 2222 dus
341 2169 490 2238 pacis
549 2170 690 2238 apud
751 2170 965 2223 Patrem
1015 2171 1296 2236 habemus,
1349 2171 1611 2242 designat,
1647 2169 1749 2242 qui

165 2265 290 2326 post
319 2260 771 2313 resurrectionem
805 2275 960 2313 suam
1006 2262 1306 2316 ascendens
1334 2262 1384 2315 in
1413 2263 1608 2336 coelum
1631 2245 1757 2318 1:0:-

155 2355 292 2404 nem
350 2367 510 2419 quam
553 2362 916 2420 assumpscrat
946 2368 1010 2406 ex
1051 2353 1275 2423 virgine,
1303 2355 1356 2407 in
1401 2343 1577 2409 Patris
1613 2337 1752 2414 ubi:

169 2450 286 2493 tera
363 2441 668 2494 Collocavit.
715 2442 771 2494 ln
828 2457 932 2509 quo
984 2451 1112 2496 sunt
1158 2445 1274 2498 dum
1335 2445 1530 2499 tabula:
1591 2430 1750 2514 legis,

168 2530 278 2582 duo
327 2528 579 2583 videlicet
608 2530 984 2595 Testamenta;
1033 2535 1084 2584 in
1110 2548 1214 2601 quo
1241 2543 1323 2588 est
1365 2518 1748 2602 virga‘AarOn,

166 2635 292 2689 qum
336 2619 653 2674 fronduerat
682 2619 751 2680 ei,
798 2622 925 2689 Quia
969 2622 1080 2691 ipse
1111 2631 1194 2675 est
1222 2639 1312 2677 rex
1351 2635 1405 2678 et
1457 2625 1749 2680 sacerdos:

170 2727 290 2770 rex,
337 2712 463 2779 quia
493 2712 559 2766 de
587 2726 654 2764 eo
699 2721 961 2779 scriptum
989 2721 1106 2766 est:
1146 2711 1356 2783 Virgum
1397 2703 1617 2768 virtutis"
1645 2733 1755 2769 sum

169 2801 370 2865 emittet
417 2799 673 2854 Dominus
720 2817 784 2854 ex
843 2800 995 2866 Sion,
1025 2809 1077 2855 et
1111 2802 1470 2857 dominabitur
1494 2805 1550 2857 in
1586 2805 1754 2858 medio

170 2903 508 2966 inimicorum
549 2930 762 2966 suorum
795 2911 965 2984 (Psal.
989 2911 1098 2984 cx);
1151 2915 1404 2970 sacerdos
1433 2906 1577 2979 vero,
1633 2896 1755 2986 quia

169 2990 238 3060 de
283 3019 350 3058 eo
394 3004 653 3072 scriptum
699 3012 780 3058 est
824 3021 836 3056 :
896 3003 973 3056 Tu
1018 3022 1071 3058 es
1115 3005 1361 3058 sacerdos
1399 3008 1453 3059 in
1503 3016 1751 3059 wternum

161 3075 457 3147 secundum
485 3093 717 3146 ordinem
747 3092 1122 3148 Melchisedech
1148 3094 1320 3164 (Psal.
1350 3112 1416 3150 cx
1443 3106 1489 3149 et
1520 3093 1652 3150 Ileb.
1670 3097 1747 3166 v)‘,

163 3184 218 3238 in
259 3200 368 3253 quo
422 3193 506 3237 est
541 3200 756 3248 manna,
801 3185 1037 3239 caelestis
1064 3184 1314 3240 videlicet
1367 3187 1552 3256 patuli
1613 3181 1750 3243 edn-4

167 3271 310 3338 lium,
345 3273 418 3329 de
477 3288 584 3341 quo
618 3272 795 3328 edulio
819 3272 985 3327 David
1022 3274 1273 3343 egregius
1290 3276 1549 3344 propheta
1587 3263 1750 3348 dicit:

168 3366 362 3422 Panem
399 3366 473 3420 de
497 3365 622 3422 caelo
645 3367 786 3421 dedit
831 3367 926 3430 eis,
950 3384 1135 3436 panem
1179 3367 1485 3438 angelorum
1529 3371 1754 3426 mandu-

163 3459 291 3512 cavit
319 3461 485 3513 homo
518 3457 692 3529 (Psal.
719 3474 922 3512 Lxxvm
946 3467 992 3511 et
1022 3473 1095 3522 tv,
1136 3458 1266 3512 Esd.
1317 3459 1387 3530 I);
1415 3461 1553 3515 sicut
1574 3470 1627 3526 et
1643 3465 1753 3530 ipse

162 3550 215 3601 in
237 3548 539 3616 Evangelio
569 3547 718 3609 dicit,
769 3545 882 3616 Ego
911 3564 1026 3600 sum
1061 3547 1212 3618 panis
1233 3547 1372 3602 vivus
1398 3550 1484 3619 qui
1526 3550 1588 3603 de
1627 3552 1751 3604 caelo

157 3639 418 3692 descendi
471 3640 650 3708 (Joun.
679 3638 775 3710 vl).
807 3638 904 3694 Cui
956 3639 1387 3708 propitiatorium
1438 3642 1753 3712 superponi-

157 3739 266 3796 tur,
301 3733 443 3802 quia
497 3731 705 3785 scilicet
746 3731 1004 3799 legalibus
1047 3731 1158 3784 sivc
1185 3732 1508 3801 evangelicis
1551 3717 1752 3806 prince}

152 3825 278 3894 ptis,
299 3841 440 3896 quae
468 3824 520 3877 in
545 3840 609 3878 eo
641 3823 858 3877 fundata
887 3832 1030 3886 sunt,
1059 3823 1416 3890 supereminet
1442 3819 1750 3892 misericor:

153 3913 241 3968 dia
265 3913 525 3982 ejusdem
568 3912 900 3976 mediatoris,
930 3928 1027 3981 per
1056 3927 1216 3982 quam
1245 3929 1349 3967 non
1381 3929 1444 3968 ex
1495 3901 1748 3982 operibus

155 4003 290 4078 legis
313 4023 444 4077 qua:
475 4005 700 4059 fecimus
727 4022 843 4069 nos,
878 4020 1050 4075 neque
1077 4005 1338 4071 volentes,
1389 4023 1564 4076 neque
1617 4024 1746 4064 cur.—

164 4106 364 4161 rentes,
434 4096 535 4151 sed
580 4093 694 4164 ejus
754 4096 1102 4150 miseratione
1159 4096 1466 4160 salvamnr;
1520 4098 1748 4173 demque

158 4187 322 4242 etiam
369 4203 512 4242 voce
540 4194 765 4256 paterna
790 4186 1004 4249 dicitur,
1061 4184 1264 4239 Veritas
1304 4202 1417 4238 mea
1449 4181 1496 4238 et
1541 4171 1746 4256 miseri-

159 4277 338 4331 cordia
367 4294 492 4331 mea
518 4293 638 4329 cum
675 4277 808 4345 ipso,
852 4277 973 4330 etin
1019 4277 1226 4330 nomine
1273 4293 1385 4328 meo
1426 4261 1746 4352 excitabitur

1777 3046 1825 3110 C

1853 1834 1982 1881 vero
2015 1818 2294 1874 cherubim
2341 1817 2519 1885 pinnis
2562 1817 2675 1869 suis
2738 1817 3061 1870 obumbrant
3112 1817 3426 1884 propitiato-

1854 1911 2014 1972 rium,
2052 1907 2102 1961 id
2130 1915 2230 1970 est,
2279 1908 2543 1964 honorant
2573 1906 2813 1965 velaudo,
2855 1906 3105 1974 quoniam
3132 1906 3428 1964 ministeria

1856 2001 1958 2055 ista
1983 2008 2128 2064 sunt,
2169 2009 2221 2053 ct
2252 2000 2477 2052 invicem
2515 2013 2572 2051 se
2615 1999 2915 2060 attendunt,
2944 1999 3068 2066 quia
3105 2007 3421 2052 consonant.

1856 2092 1970 2145 Duo
2011 2092 2206 2160 quippe
2257 2089 2330 2144 ibi
2377 2079 2721 2142 Testamenta
2785 2087 3101 2158 ﬁgurantur,
3137 2096 3192 2142 et
3250 2090 3430 2144 vultus

1855 2165 2043 2237 eorum
2079 2192 2202 2236 sunt
2237 2182 2288 2236 ia
2332 2180 2780 2251 propitiatorium,
2837 2181 2964 2250 quia
3005 2180 3430 2238 miscricordiam

1854 2275 1969 2339 Dei,
2020 2255 2219 2342 inqua
2251 2287 2356 2326 una
2397 2286 2518 2339 spes
2542 2280 2645 2332 cst,
2701 2271 2852 2324 valde
2903 2271 3300 2324 commendant.
3333 2271 3431 2326 De-

1854 2365 2015 2432 niqne
2057 2363 2181 2416 hinc
2212 2377 2269 2416 se
2300 2361 2547 2430 promisit
2584 2360 2883 2415 locuturum
2923 2362 3060 2414 Deus
3091 2360 3157 2413 ad
3188 2360 3428 2431 Moysen,

1853 2451 1919 2506 de
1964 2451 2140 2505 medio
2183 2449 2481 2514 cherubim,
2527 2449 2804 2502 desursum
2840 2449 3216 2518 propitiatorii.
3261 2449 3432 2504 Porro
3513 2491 3520 2494 -

1855 2543 1898 2598 si
1937 2553 2182 2598 creatura
2221 2543 2497 2597 rationalis
2537 2543 2587 2596 in
2628 2543 2970 2597 multitudine
3005 2543 3263 2607 scientize,
3296 2559 3432 2614 quo-

1856 2637 2000 2690 niam
2031 2639 2170 2691 hanc
2196 2636 2689 2704 interpretationem
2725 2637 2923 2690 habent
2952 2636 3247 2698 cherubim,
3301 2636 3433 2690 duo-

1856 2731 1958 2800 bus
2018 2728 2147 2797 ipsis
2166 2728 2484 2782 animalibus
2508 2727 2862 2798 signiﬁcatur,
2900 2728 3018 2782 ideo
3056 2728 3162 2782 duo
3197 2737 3322 2783 sunt
3371 2738 3433 2782 ut

1857 2819 2168 2873 societatem
2218 2817 2496 2873 charitatis
2531 2816 2933 2882 commendent;
2965 2817 3084 2873 ideo
3117 2818 3296 2886 pinnis
3319 2819 3433 2872 suis

1856 2905 2291 2980 propitiatorium
2326 2908 2669 2968 obumbrant,
2701 2907 2824 2976 quia
2849 2907 2979 2970 Deo,
3029 2922 3136 2960 non
3169 2907 3294 2972 sibi,
3338 2909 3435 2960 tri-

1859 3000 2029 3055 buunt
2054 3001 2244 3070 pinnas
2279 2992 2425 3063 suas,
2460 3000 2512 3055 id
2540 3007 2622 3053 est
2658 2999 2824 3052 Deum
2851 2999 3117 3054 honorant
3145 2999 3435 3054 virtutibus

1856 3092 2052 3161 quibus
2075 3100 2351 3160 praestant.
2380 3091 2447 3145 Et
2485 3090 2662 3144 vultus
2690 3105 2880 3145 eorum
2906 3105 3014 3144 non
3063 3099 3189 3145 sunt
3227 3090 3330 3145 nisi
3375 3091 3432 3144 in

1856 3185 2304 3254 propitiatorium,
2329 3186 2452 3254 quia
2486 3187 2784 3254 cuicunque
2819 3183 3081 3254 profectui
3123 3185 3190 3240 ad
3248 3184 3430 3238 multi-

1857 3279 2093 3332 tudinem
2120 3261 2358 3333 scientiae
2390 3293 2512 3346 Spes
2545 3292 2650 3332 non
2677 3288 2778 3341 est,
2803 3277 2907 3330 nisi
2938 3277 2987 3332 in
3006 3277 3098 3331 Dei
3127 3277 3434 3350 misericor-

1855 3365 1962 3419 dia.
1998 3365 2130 3432 Quia
2176 3367 2341 3436 igitur
2377 3367 2570 3421 tabula:
2611 3382 2707 3436 per
2761 3382 2894 3436 quas
2944 3366 3047 3420 duo
3086 3365 3430 3420 Testamenta

1854 3459 2144 3530 signiﬁcari
2177 3459 2424 3528 superius
2469 3459 2722 3522 diximus,
2769 3457 2916 3511 nullo
2946 3465 3152 3510 terrore
3208 3456 3427 3520 dantur,

1853 3550 1999 3620 nullo
2042 3553 2267 3621 strepitu
2313 3551 2535 3621 ignium,
2587 3551 2731 3604 nulla
2777 3549 3138 3604 commotione
3185 3548 3430 3614 nubium,

1853 3641 2000 3694 nullo
2031 3642 2233 3712 mugitu
2265 3643 2534 3708 tubarum,
2595 3641 2734 3698 sicut
2783 3641 2885 3695 illa:
2929 3655 3048 3710 qua:
3085 3641 3237 3710 prius
3261 3656 3291 3692 a
3322 3639 3428 3694 Do-

1859 3732 2005 3785 mino
2025 3730 2162 3786 data:
2189 3740 2243 3785 et
2268 3747 2300 3784 a
2330 3731 2508 3802 Moyse
2549 3733 2891 3786 comminuta:
2936 3733 3102 3788 fuisse
3155 3731 3428 3802 leguntur,

1852 3836 1972 3888 qum
2021 3823 2146 3875 dum
2192 3823 2452 3876 darentur
2499 3822 2688 3892 Moysi,
2743 3839 2771 3874 a
2817 3824 3013 3890 populo
3057 3824 3260 3877 dictum
3311 3833 3428 3876 est:

1854 3911 2084 3981 Loquere
2136 3923 2190 3964 tu
2241 3912 2527 3972 nobiscum,
2569 3922 2614 3963 et
2645 3928 2744 3963 non
2775 3912 3019 3980 loquatur
3051 3913 3117 3964 ad
3150 3931 3241 3965 nos
3265 3912 3425 3971 Deus,

1853 4017 1915 4074 ne
1939 4002 2074 4070 [orte
2112 3999 2400 4052 moriamur
2423 3999 2617 4068 (Exod.
2647 4005 2760 4069 xx),
2786 4000 2888 4052 hoc
2933 4000 3208 4052 evidenter
3253 4000 3433 4052 inuui-

1853 4098 1958 4152 tur,
1979 4088 2140 4157 quod
2159 4079 2367 4156 priores
2400 4096 2555 4142 vetus
2583 4089 2988 4141 Testamentum
3024 4088 3077 4141 in
3107 4101 3212 4155 quo
3254 4095 3431 4140 terror

1851 4188 1990 4243 erat,
2012 4177 2450 4247 signiﬁcaverim,
2483 4176 2810 4246 posteriores
2832 4192 2961 4231 vero
2984 4191 3202 4240 novum,
3245 4176 3298 4229 in
3322 4191 3430 4244 quo

1852 4270 2088 4326 dilectio.
2120 4268 2271 4336 Quod
2285 4261 2412 4322 vero
2431 4269 2641 4338 priores
2663 4282 2796 4334 opus
2817 4267 2910 4320 Dei
2933 4267 3152 4328 fuerint,
3178 4268 3427 4322 secundae

157 4381 320 4418 cornu
337 4367 457 4436 ejus
475 4363 646 4435 (Psal.
668 4357 889 4433 ωίέςιχ)
909 4383 921 4429 ;
938 4374 992 4418 et
1011 4364 1100 4434 qui
1131 4382 1225 4435 per
1247 4367 1563 4434 prophetam
1587 4349 1745 4446 dicit}
1782 4375 1825 4436 ο
1853 4378 1988 4430 opus
2013 4349 2334 4423 hominis,et
2361 4359 2463 4413 illa:
2489 4357 2806 4426 conscriptae
2829 4357 2998 4426 dig'to
3024 4357 3269 4420 Dci,ist:e
3296 4360 3430 4412 scri-

160 4454 590 4509 Misericordiam
634 4456 745 4509 volo
795 4467 843 4510 et
893 4475 996 4510 non
1041 4458 1362 4527 sacriﬁcium
1411 4459 1575 4531 (Ose,
1617 4464 1693 4531 γι)
1729 4463 1743 4516 ξ

159 4551 217 4596 et
268 4545 356 4598 cui
419 4558 524 4614 per
571 4545 908 4602 Psalmistam
960 4549 1186 4612 dicitur,
1241 4547 1607 4622 Miserationes.
1644 4531 1749 4616 ture

159 4629 364 4697 multm,
409 4633 636 4688 Domine
661 4633 833 4705 (Psal.
870 4638 1061 4708 cxvm)
1099 4655 1111 4690 :
1149 4637 1239 4707 qui
1274 4633 1576 4711 secundum:
1600 4639 1747 4708 Apo-

155 4726 354 4782 stolum
393 4727 698 4798 propitiatio‘
725 4715 802 4784 est
824 4747 919 4800 pro
950 4731 1173 4800 peccatis
1195 4731 1386 4784 nostris
1433 4729 1614 4801 (Joan,
1656 4727 1743 4802 1|).

155 4813 364 4890 ln‘quo
391 4826 520 4872 sunt
546 4818 651 4872 duo
705 4819 1011 4885 cherubim,
1055 4821 1293 4876 scientia:
1334 4820 1597 4889 Videlicet“
1641 4813 1751 4890 ple;-

153 4905 370 4969 uitudo,
399 4920 521 4972 qua:
550 4905 604 4959 in
628 4906 840 4963 duobus
867 4909 1245 4975 Testamentis,
1263 4909 1377 4978 ejus
1400 4901 1746 4980 revelatione,

153 5001 469 5047 monstrata
519 5003 636 5059 est;
693 4999 784 5066 qui
817 4999 1050 5053 invicem
1085 5017 1143 5055 se
1174 5003 1475 5070 attendunt,
1511 5004 1633 5072 quia
1665 4999 1749 5057 lex

153 5089 214 5136 et
241 5082 590 5146 evangelium
634 5101 885 5156 magnam
924 5091 1063 5144 inter
1096 5075 1172 5147 se,
1195 5097 1601 5151 consonantiam
1644 5089 1751 5150 ha;

153 5173 320 5232 bent,
355 5168 568 5256 dicente
612 5175 859 5244 Domino,
917 5180 1040 5235 Non
1069 5184 1179 5236 veni
1205 5183 1366 5256 legem
1405 5185 1618 5253 solvere,
1661 5167 1750 5246 sed

154 5254 463 5319 adimplere
493 5258 706 5327 (Matth.
738 5265 816 5334 v).
841 5266 943 5333 Qui
976 5254 1397 5328 cherubim—ideo
1426 5261 1610 5331 versos
1633 5267 1752 5329 vul-

154 5358 248 5405 tus
296 5347 509 5403 habent
535 5351 587 5403 in
616 5357 1067 5423 propitiatorium,
1095 5363 1220 5430 quia
1259 5364 1365 5418 duo
1405 5347 1749 5420 Testamenta

153 5453 313 5512 spem
365 5453 590 5508 semper
634 5440 690 5494 in
724 5443 821 5497 Dei
885 5446 1248 5504 misericordia
1302 5453 1598 5517 ponendam
1638 5471 1752 5508 om-

157 5531 298 5585 nino
323 5531 735 5586 commendant.
771 5525 1012 5601 Desuper
1033 5551 1135 5604 quo
1158 5539 1547 5606 propitiatorio,
1579 5543 1750 5612 idest,

157 5619 228 5678 de
250 5620 443 5677 medio
477 5623 757 5680 cherubim
805 5622 1044 5696 loquitur
1079 5627 1236 5692 Deus,
1273 5629 1395 5696 quia
1427 5631 1564 5686 idem
1592 5632 1754 5690 Filius

1849 4449 1954 4524 ptui
1969 4453 2036 4506 ab
2055 4451 2269 4506 homine
2294 4457 2597 4512 narrentur,
2620 4449 2723 4503 hoc
2743 4449 3079 4518 apertissime
3102 4449 3426 4514 declaratur,

1851 4545 1990 4612 quod
2017 4545 2068 4596 in
2094 4543 2198 4597 illis
2222 4550 2372 4597 vetus
2387 4542 2808 4604 Testamentum,
2825 4549 2883 4594 ut
2902 4539 3108 4611 prtefati
3134 4557 3335 4604 sumus,
3363 4543 3431 4616 si-

1851 4623 2168 4704 gniﬁcatum
2197 4641 2310 4696 est,
2341 4633 2463 4701 quia
2518 4632 2658 4685 Deus
2698 4631 2766 4685 ibi
2816 4632 3100 4702 praecepit,
3141 4633 3233 4686 sed
3267 4632 3432 4687 homo

1853 4743 1959 4781 non
1987 4726 2132 4782 fecit.
2158 4727 2265 4780 Lex
2298 4728 2439 4780 enim
2460 4725 2632 4794 posita
2663 4733 2745 4780 est
2771 4726 2824 4779 in
2860 4727 3028 4783 veteri
3060 4727 3426 4793 Testamento,

1852 4817 2355 4885 mne-convinceret"
2385 4825 2850 4885 transgressores:
2894 4819 3037 4872 unde
3081 4826 3136 4871 et
3180 4819 3431 4887 egregius

1852 4903 2175 4978 prmdicator
2229 4908 2321 4972 ait,
2377 4906 2485 4961 Lex
2515 4894 2687 4963 autem
2718 4909 3048 4970 subintrarit,
3086 4916 3140 4959 ut
3188 4907 3429 4960 abunda-

1855 5010 1928 5066 ret
1955 4988 2221 5069 peccatum
2240 4999 2416 5069 (Rom.
2436 4985 2520 5068 vv).
2553 4999 2668 5054 Non
2694 5002 2838 5054 enim
2867 5000 3190 5067 implebatur
3213 4998 3424 5062 timore,

1853 5105 1974 5157 qua:
2035 5105 2142 5144 non
2186 5090 2441 5158 impletur
2483 5091 2586 5144 nisi
2635 5090 2938 5142 eharitate:
2984 5097 3036 5140 et
3062 5088 3179 5140 idco
3231 5088 3430 5141 dicitur

1853 5175 2149 5250 nptIsJDci,
2205 5183 2329 5251 quia
2363 5183 2504 5252 Deus
2553 5182 2720 5250 legem
2764 5163 3074 5238 constituit;
3113 5181 3252 5234 Deus
3300 5195 3428 5234 con-

1854 5274 2100 5341 scripsit;
2126 5273 2328 5327 nullum
2341 5289 2475 5343 opus
2489 5273 2737 5334 hominis,
2759 5272 2883 5339 quia
2898 5273 3058 5324 homo
3074 5269 3181 5325 Deo
3201 5285 3305 5322 non
3327 5271 3426 5322 ob-

1854 5359 2192 5436 temperavit,
2226 5374 2420 5420 etcum
2443 5359 2627 5433 potius
2649 5379 2799 5416 reum
2820 5363 2903 5415 lex
2922 5360 3065 5413 fecit.
3090 5360 3147 5414 In
3181 5362 3430 5415 secundis

1855 5463 2034 5511 autem
2097 5457 2292 5511 tabulis
2341 5457 2635 5521 homoper
2695 5451 3016 5520 adjutorium
3067 5451 3160 5505 Dei
3219 5451 3427 5503 tabidas

1856 5546 1986 5602 facit
2009 5525 2168 5616 atque
2197 5543 2508 5605 conscribit,
2537 5542 2660 5608 quia
2687 5541 2808 5594 novi
2834 5540 3163 5594 Testamcnti
3197 5537 3433 5594 Charitas

1857 5639 2029 5709 legem
2059 5640 2204 5694 facit.
2245 5635 2397 5692 Unde
2425 5633 2687 5689 medi-ator
2729 5635 2822 5692 Dei
2856 5640 2910 5688 et
2942 5632 3217 5711 hominum
3261 5632 3433 5704 legem
