4026 6156
596 303 735 359 1043

1475 312 1533 364 Β.
1573 309 1823 365 CAROLI
1861 289 2082 366 MAG-Nl
2115 291 2485 371 ΟΡΡζῬἈΙιΞ
2523 317 2585 373 ll.
2627 317 2868 377 SECTIO
2908 323 2970 377 11.
3045 279 3054 283 -

3713 323 3867 384 10ιὶ

591 421 943 492 propositum,
979 439 1043 478 ex
1075 416 1252 480 inultis
1300 435 1477 482 tamen
1526 431 1894 502 particulatim
1923 430 2005 485 est
2035 447 2183 488 erro-
2212 415 2260 486 Ᾱ
2289 422 2472 483 vacari
2534 431 2602 485 ab
2657 431 2965 490 hominibus
3029 435 3219 503 Rabbi,
3254 447 3305 494 et
3366 419 3614 509 quaerunt
3667 437 3881 513 primas

591 513 742 567 ribus
778 516 1227 586 compaginatum.
1279 518 1462 576 Primo
1510 541 1741 594 namque
1781 517 2185 594 discutiendum

590 611 690 665 est,
732 620 830 659 cur
856 621 1146 676 purpuram
1173 609 1578 678 hyacinthinam
1624 617 1677 668 in
1715 617 1901 670 eodem
1939 617 2174 686 capitulo

593 693 844 759 dixerint,
877 712 997 750 cum
1035 697 1282 753 videlicet
1315 702 1453 756 alius
1493 703 1639 758 color
1680 705 1749 758 sit
1792 705 2096 776 purpureas
2125 713 2184 761 et

591 784 731 839 alius
761 786 1178 856 hyacinthinus;
1215 799 1269 844 et
1313 804 1337 830 ι
1365 792 1504 845 sicut
1548 795 1870 862 non‘potest
1908 795 2049 848 recte
2077 786 2183 869 diri

588 877 791 929 rubens
824 876 1030 932 candor
1057 887 1110 933 et
1135 881 1368 935 candens
1413 883 1600 946 rubor,
1633 885 1778 939 velut
1809 886 1852 938 si
1890 886 2008 954 quis
2038 886 2182 942 dicat

590 977 908 1037 argenteum
967 986 1157 1024 aurum
1213 971 1294 1026 vel
1340 989 1562 1028 aureum
1606 985 1908 1045 argentum,
1963 976 2181 1032 ita‘nec

591 1069 742 1114 recte
789 1061 891 1115 dici
935 1071 1112 1132 potest
1161 1047 1395 1132 purpura
1433 1065 1803 1134 hyacinthina,
1836 1077 1893 1120 ut
1920 1065 2179 1121 Conversa

591 1147 782 1203 ordine
811 1151 912 1203 dici
940 1160 1099 1221 queat
1124 1167 1388 1221 purpurea
1413 1154 1752 1224 hyacinthus,
1775 1158 2026 1226 quoniam
2060 1157 2180 1212 talis

593 1237 856 1292 derivatio
902 1241 1232 1310 reciprocata
1275 1226 1470 1296 nullius
1510 1260 1698 1298 sensus
1733 1247 1914 1316 vigore
1964 1238 2181 1322 manere

593 1327 793 1394 poterit
813 1329 1144 1384 inconvnlsa.
1169 1329 1429 1397 Quoniam
1460 1334 1694 1401 quidem,
1724 1343 1802 1388 ἰιι
1852 1337 2055 1406 ιιι-ιιιῆιιί
2085 1337 2178 1410 su-'_

596 1431 738 1479 mus,
766 1419 899 1472 alius
931 1420 1079 1473 color
1107 1428 1189 1474 est
1217 1423 1593 1502 hyacinthinus
1614 1432 1667 1476 et
1692 1423 2178 1497 alius‘purpurcus,

565 1497 567 1499 1
596 1513 750 1567 testis
785 1523 866 1568 est
894 1515 1004 1584 ipsa
1038 1518 1122 1570 lex
1169 1534 1199 1572 a
1248 1519 1472 1576 Domino
1512 1503 1608 1592 per
1637 1523 1849 1599 Moysen
1885 1522 2029 1586 data,

597 1601 905 1672 singillatim
947 1606 1059 1660 lucc
1089 1615 1337 1677 quatuor,
1367 1607 1711 1680 hyacinthum
1750 1597 2014 1674 videlicet,
2049 1597 2176 1681 pur-1

595 1707 785 1761 puram
805 1683 867 1748 et
901 1698 1121 1751 caecum
1167 1714 1262 1773 seu
1310 1701 1472 1753 etiam
1504 1701 1721 1772 byssum
1764 1701 1830 1755 ad
1868 1701 2173 1768 in:iuuicuta

596 1784 867 1850 pontiﬁcis
891 1786 1237 1849 conﬁcienda,
1273 1789 1353 1841 vel
1383 1800 1575 1844 caxtera
1619 1808 1738 1861 quzr,
1773 1791 1839 1845 ad
1875 1789 2173 1853 sacrarium

599 1879 1004 1944 prmparanlum
1055 1890 1233 1933 essent
1285 1881 1590 1944 oﬁ'crenzla,
1647 1882 1908 1952 designat.
1971 1880 2176 1959 Quibus

596 1973 826 2030 quatuor
856 1969 1095 2022 materiis
1125 1969 1351 2037 majores
1399 1973 1564 2025 nostri
1617 1982 1847 2040 quatuor
1892 1969 2176 2026 clemente-

596 2072 715 2110 rum
745 2057 986 2127 iiguram,
1017 2077 1079 2114 ex
1105 2062 1297 2131 quibus
1333 2063 1562 2118 mundus
1588 2065 1699 2117 sive
1727 2065 2016 2118 humanum
2048 2080 2163 2134 cor:

593 2163 693 2217 pus
726 2159 954 2214 constat,
995 2153 1283 2223 signiﬁcari
1309 2154 1578 2218 dixerunt,
1623 2163 1674 2208 et
1713 2155 1950 2223 singulas
1993 2167 2172 2228 tropo-

597 2240 768 2308 logicc
810 2240 1036 2297 virtutes
1078 2244 1636 2299 innueredocuerunt.
1667 2247 2019 2316 l‘yacinthnm
2044 2263 2172 2318 ergo

598 2335 665 2387 an
710 2351 888 2389 aerem
935 2335 1191 2402 referunt,
1224 2337 1362 2406 quod
1391 2349 1444 2391 et
1472 2330 1583 2408 ipse
1607 2340 1807 2393 iudicat
1840 2339 2006 2412 color,
2034 2341 2173 2394 sicut

596 2433 652 2478 et
671 2441 888 2482 coccum
909 2417 972 2482 ad
990 2429 1162 2500 ignem
1181 2446 1471 2500 purpuram
1498 2447 1648 2500 aquae
1669 2447 1942 2512 accommo
1963 2422 2172 2506 laut,eo
2211 2485 2217 2495 .

591 2519 735 2588 quod
761 2520 826 2573 dc
854 2520 1007 2588 aquis
1049 2521 1276 2589 accipiat
1323 2520 1534 2585 fucum;
1573 2523 1789 2592 byssum
1838 2531 2014 2588 terrm,
2047 2525 2170 2593 quia

594 2608 767 2661 oritur
809 2624 871 2660 ex
903 2619 1062 2661 terra.
1115 2610 1353 2678 Denique
1399 2619 1452 2665 et
1497 2611 1624 2674 illud
1668 2613 2060 2669 discutiendum
2090 2603 2172 2682 est

594 2697 736 2766 quod
768 2697 1054 2768 imaginum
1081 2715 1234 2752 usum
1280 2701 1523 2771 exemplo
1580 2701 1911 2756 ﬁmbriarum
1945 2691 2178 2773 byacin-i

593 2786 864 2841 thinarum
930 2789 1134 2842 introire
1179 2790 1458 2857 nituntur,
1517 2809 1639 2847 cum
1691 2795 2010 2864 praesertim,
2051 2796 2170 2874 illas

591 2878 785 2948 priscae
820 2881 950 2950 legis
992 2883 1040 2934 iu
1078 2885 1394 2952 myszerium
1433 2886 1602 2941 series
1629 2887 1680 2941 in
1712 2874 1968 2964 extremis
2009 2891 2172 2962 vesti:

593 2971 694 3025 bus
723 2971 1069 3040 pouijnbcat,
1105 2973 1237 3032 istas
1284 2991 1408 3029 vero
1439 2987 1496 3030 ut
1522 2979 1812 3034 adorentur
1849 2996 1948 3036 nec
1975 2982 2170 3036 veteris

593 3076 690 3134 nec
727 3063 848 3115 novi
877 3061 1416 3142 Teszameutipagina
1447 3070 1650 3142 uspiam
1687 3071 1738 3124 in
1769 3073 2020 3126 sacrariis
2043 3074 2168 3142 poni
2199 3100 2218 3142 λ

593 3151 889 3222 prmeipiat.
936 3151 1115 3222 Neque
1145 3159 1285 3210 enim
1337 3161 1467 3212 tanti
1522 3163 1722 3214 erroris
1778 3161 1878 3216 hoc
1927 3165 2169 3232 exempl.)

593 3241 735 3293 valet
763 3243 949 3298 _astrui
982 3243 1183 3299 insania
1217 3265 1227 3300 :
1257 3249 1397 3316 quod
1431 3264 1527 3317 per
1571 3250 1930 3318 lcgislatorem
1975 3252 2173 3308 idcirco

594 3331 845 3387 c'illatum
871 3343 970 3398 est,
1001 3345 1055 3387 ut
1082 3353 1199 3405 qu:c
1221 3339 1320 3390 lam
1365 3331 1544 3393 ιιι-(ιλιιιὶ
1576 3357 1764 3396 sensus
1799 3341 2047 3396 innueret
2094 3344 2175 3396 ius

594 3419 753 3483 dicia,
786 3438 883 3475 nec
910 3439 996 3475 res
1025 3424 1159 3478 bene
1198 3423 1347 3493 jussu
1400 3428 1640 3498 beneque
1675 3440 1825 3500 gesta
1856 3439 2005 3486 tanto
2044 3431 2175 3485 deli-

599 3517 840 3563 rauicnto
870 3513 1068 3580 poterit
1106 3517 1389 3571 convenire
1432 3517 1642 3573 collata.
1677 3519 1840 3574 lllatis
1879 3521 2044 3590 igitur
2071 3517 2177 3576 υθέ

602 3597 779 3652 minus
832 3616 927 3667 per
980 3603 1194 3682 Moysen
1247 3609 1510 3663 mandatis
1563 3611 1696 3681 legis
1758 3614 1824 3667 ad
1873 3605 2173 3688 extremum

601 3684 782 3738 intulit
811 3702 826 3740 :
860 3688 1064 3758 Ligabis
1091 3709 1149 3744 cu
1179 3693 1230 3745 in
1266 3712 1422 3750 manu
1451 3707 1538 3752 tua
1560 3711 1606 3752 et
1627 3712 1775 3754 erunt
1803 3691 2016 3756 immota
2057 3714 2175 3758 ante

601 3777 778 3831 ocu'os
825 3788 941 3832 tuos
988 3780 1162 3848 (Deut.
1224 3787 1318 3843 vi).
1373 3785 1499 3854 ριιιυ
1547 3807 1645 3846 nos
1685 3792 1999 3860 spiritaliter
2049 3796 2175 3850 dum

600 3884 760 3938 opere
785 3871 1111 3942 complemus
1155 3875 1205 3929 in
1238 3879 1482 3934 manibus
1528 3882 1744 3938 immota
1795 3871 2072 3953 tenemus;
2122 3898 2177 3943 et

599 3976 719 4014 cum
747 3961 834 4017 die
868 3978 930 4018 ac
961 3973 1116 4019 nocte
1144 3968 1461 4025 meditantur
1491 3974 1542 4026 in
1567 3975 1662 4036 eis,
1702 3986 1826 4031 ante
1853 3979 2036 4034 oculos
2065 3981 2176 4052 cole

599 4050 770 4106 locata
797 4064 1087 4124 gestamus.
1111 4057 1274 4113 Jnssit
1305 4078 1514 4132 quoque
1541 4067 1778 4123 ﬁmbrias
1803 4050 2178 4140 hyacinthinas

535 4180 539 4188 ι
599 4142 715 4198 ﬁeri
746 4145 797 4199 in
831 4156 1062 4216 quatuor
1083 4151 1290 4220 angulis
1317 4154 1617 4221 palliornm,
1641 4159 1753 4214 sive
1776 4161 1842 4214 ad
1862 4161 2178 4230 dignoscen-

600 4234 725 4288 dum
752 4237 1004 4304 populum
1030 4237 1208 4302 fsrael,
1233 4249 1291 4294 ιιι
1319 4252 1498 4296 essent
1527 4231 1735 4316 signum
1763 4248 1815 4300 in
1845 4261 2007 4312 veste,
2038 4252 2176 4308 sicut

599 4324 938 4379 circumcisio
959 4328 1167 4396 signum
1193 4330 1245 4382 in
1283 4346 1534 4398 corpore;
1569 4335 1678 4390 sive
1713 4344 1770 4388 ut
1797 4331 1912 4403 nos,
1942 4341 2032 4408 qui
2063 4343 2174 4409 spi-

603 4412 776 4466 ritalis
805 4411 964 4468 Israel
1010 4432 1211 4480 sumus,
1252 4419 1542 4475 habeamus
1568 4439 1666 4492 pro
1681 4423 1997 4482 indumento
2016 4427 2176 4496 justi-

601 4505 730 4556 tiam
769 4512 822 4557 et
861 4515 1102 4559 sanctam
1143 4510 1644 4565 conversationem:
1680 4513 1837 4580 hujus
1881 4512 2176 4574 indumenti

601 4593 918 4645 extremitas
964 4593 1188 4646 ﬁmbriis
1223 4596 1587 4664 hyacinthinis
1629 4603 1699 4656 sit
1742 4614 1953 4672 ornata,
1985 4618 2174 4676 quate—

603 4696 702 4734 nus
734 4682 842 4734 vita
873 4691 1054 4736 nostra
1085 4694 1388 4741 sanctarum
1413 4690 1809 4762 Scriptnrarum
1838 4701 1906 4752 sit
1939 4701 2178 4756 testium;

602 4771 707 4826 niis
728 4771 956 4826 erudita.
985 4773 1083 4828 llic
1106 4776 1249 4830 enim
1276 4777 1602 4837 ﬁmbriarum
1627 4783 1796 4841 bonus
1815 4805 1943 4846 usus
1967 4799 2021 4845 et
2045 4777 2176 4847 bene

601 4879 699 4934 per
726 4864 1084 4935 legislatorem
1119 4867 1232 4922 sive
1265 4869 1340 4924 illi
1374 4875 1579 4927 carnali
1612 4875 1812 4938 Israeli,
1867 4881 1979 4933 sive
2023 4883 2177 4937 nobis

604 4957 830 5026 spiritali
861 4959 997 5014 bene
1025 4973 1330 5023 concessus,
1363 4961 1501 5016 male
1545 4967 1612 5019 ab
1649 4965 1753 5020 illis
1783 4970 1981 5024 abusus
2006 4971 2183 5040 potius

606 5061 767 5115 quam
797 5049 1011 5104 habitus
1041 5059 1141 5104 est.
1192 5051 1264 5105 De
1305 5054 1500 5121 quibus
1549 5041 1759 5112 Veritas
1801 5057 1852 5112 in
1901 5054 2186 5131 Evangelia

605 5138 734 5190 dicit
764 5156 774 5190 :
811 5139 1045 5194 Dilatant
1088 5144 1224 5197 enim
1262 5143 1582 5214 pltglacteria
1608 5157 1656 5200 et
1686 5151 2026 5220 magni/icon:
2070 5153 2190 5222 ﬁm_

609 5229 749 5282 brius
779 5229 992 5301 (Matth.
1029 5234 1170 5300 xui).
1210 5233 1390 5302 Cujus,
1439 5253 1639 5305 quaeso,
1673 5239 1782 5299 isti.
1822 5241 1973 5310 cujus
2003 5259 2189 5299 exem-

609 5321 753 5390 plum
808 5327 1027 5381 tenent?
1082 5328 1184 5383 nisi
1241 5328 1635 5402 Pharisazoruzn
1695 5335 1786 5402 qui
1839 5336 1966 5388 dum
2004 5337 2188 5396 volunt

683 5487 707 5515 ⁸
743 5476 889 5533 Sirut
919 5497 1022 5532 non
1058 5491 1215 5547 potest
1257 5494 1385 5534 γαῖ’)
1550 5486 1734 5537 ῖέιίιριτδ
1773 5485 1971 5536 candor
1998 5495 2043 5535 ct
2070 5502 2189 5537 cm:-

614 5544 712 5596 dar
752 5552 952 5608 rubens,
983 5544 1113 5601 refert
1157 5554 1197 5601 si
1233 5556 1344 5617 ργκέίς
1385 5555 1520 5604 dim!
1555 5565 1854 5624 argenteum
1894 5570 2081 5624 aurum
2114 5555 2188 5608 vel

617 5621 831 5689 aureum
861 5628 1151 5690 urg-furtim.
1199 5620 1252 5690 in
1299 5622 1380 5672 his
1425 5620 1786 5690 verbisvnulla
1831 5631 1912 5676 est
1955 5622 2188 5690 recipro-

625 5679 783 5742 catio,
822 5679 1038 5748 seu'(ut
1066 5687 1238 5752 inquit
1267 5688 1474 5755 auctor)
1516 5691 1779 5746 derivatio
1825 5679 2181 5759 reciprocdta;

2288 519 2341 600 in
2386 519 2504 576 foro
2556 525 2925 600 "salutationes,
2964 529 3166 598 primas
3201 529 3254 584 in
3306 532 3658 586 conventibus
3689 537 3884 607 cathes

2287 611 2429 675 dras,
2458 605 2688 682 dumque
2728 631 2826 684 per
2847 619 3142 686 appetitum
3186 635 3336 676 vanm
3380 621 3550 676 laudis
3593 639 3690 677 sua
3733 605 3883 684 dicta

2284 691 2382 754 vel
2415 701 2554 756 facta
2602 707 2823 774 cupiunt
2877 709 3134 766 mandare
3185 715 3454 768 memoriae
3507 717 3882 784 posteritatis,

2285 782 2540 861 imagines
2563 784 2680 862 qua:
2703 795 2840 850 bene
2863 812 2893 850 a
2917 799 3239 866 quibusdam
3265 801 3317 854 in
3343 801 3687 858 basilicarum
3718 821 3883 860 oma-

2282 884 2477 938 meutis
2520 889 2825 944 constituta:
2869 889 3102 956 fuerunt,
3152 909 3252 962 per
3294 895 3502 965 ineptas
3549 904 3603 951 et
3652 899 3882 956 inutiles

2281 969 2512 1040 synodos
2554 977 2692 1032 male
2720 988 2774 1032 et
2815 980 2916 1050 ipsi
2946 982 3173 1038 adorant
3207 991 3261 1038 et
3296 984 3429 1039 alios
3459 987 3686 1043 adorare
3732 1007 3883 1044 com-

2282 1065 2502 1133 pellunt.
2529 1065 2604 1120 Illi
2631 1083 2726 1136 per
2745 1070 2959 1126 inanem
2983 1073 3205 1143 gloriam
3233 1076 3472 1131 ﬁmbrias
3495 1078 3880 1148 magniﬁcam,

2283 1155 2370 1210 isti
2400 1157 2748 1240 nihilominus
2799 1178 2896 1232 per
2916 1163 3237 1232 jactantiam
3284 1170 3547 1240 imagines
3604 1171 3878 1238 adorant;

2281 1243 2352 1329 illi
2382 1236 2516 1304 bene
2559 1250 2834 1329 institutas
2878 1256 3015 1309 male
3060 1236 3450 1327 inagniﬁcaudo
3480 1261 3729 1329 dilatant,
3763 1236 3877 1318 isti

2279 1327 2692 1424 beneconditas
2738 1345 2874 1400 male
2905 1347 3177 1402 adorando
3225 1350 3493 1416 exaltant;
3548 1354 3621 1409 illi
3669 1365 3876 1425 putant

2282 1417 2445 1495 Moysi
2487 1415 2768 1512 iii-receptis
2809 1449 3001 1502 parere
3038 1436 3279 1492 ﬁmbrias
3321 1444 3878 1515 magniﬁcando,isti

2277 1506 2574 1585 pittant‘se
2617 1523 2819 1578 sanctis
2867 1527 3118 1582 omnibus
3166 1529 3377 1599 placere
3443 1532 3707 1604 imagines
3772 1537 3879 1591 ad-

2277 1598 2519 1690 oranda";
2540 1605 2728 1690 ac'per
2747 1614 2851 1668 hoc
2876 1598 3182 1687 quanquam
3210 1635 3308 1688 per
3325 1620 3534 1676 diversa
3557 1598 3878 1678 discurrant

2221 1747 2250 1778 Β
2278 1686 2331 1748 ei
2360 1687 2572 1778 diversa
2599 1701 2836 1756 diversis
2861 1686 3375 1776 modisrscquantur,
3418 1711 3484 1763 ad
3534 1713 3691 1767 unius
3717 1729 3880 1768 erro-

2281 1778 2355 1841 τις
2393 1777 2714 1867 destinatam
2763 1793 3036 1848 vesaniam
3096 1797 3313 1852 tendere
3364 1812 3713 1856 noscuntur:
3774 1818 3878 1858 nec

2278 1865 2572 1945 immerito,
2604 1899 2724 1938 eum
2767 1883 2956 1940 horum
2992 1885 3275 1942 cﬁ'ectunm
3302 1905 3477 1944 causae
3501 1894 3613 1948 sive
3635 1892 3879 1948 efﬁcien-

2277 1969 2347 2022 tia
2380 1969 2454 2045 nil
2481 1967 2626 2048 aliud
2659 1974 2765 2027 sint
2810 1977 2911 2029 nisi
2943 1980 3178 2032 ventosa:
3206 1979 3375 2033 laudis
3405 1980 3575 2048 gloria
3624 1985 3740 2039 sive
3781 1999 3879 2036 ar-

2275 2058 2538 2131 rogantia.
2573 2063 2642 2118 Ut
2670 2079 2797 2134 ergo
2824 2065 2976 2121 istius
3017 2068 3288 2142 vanissimi
3316 2070 3534 2137 capituli
3571 2076 3713 2142 quod
3745 2077 3884 2136 diss

2273 2161 2458 2208 cutere
2519 2151 2834 2232 copimatice
2888 2157 3286 2223 proposuimus,
3327 2172 3494 2224 error
3538 2166 3876 2229 expressius

2275 2241 2612 2306 discatiatdr,
2661 2259 2876 2298 necesse
2910 2251 2989 2297 est
3032 2252 3087 2295 ut
3137 2244 3272 2298 illius
3316 2253 3493 2298 textus
3540 2263 3608 2301 ex
3655 2254 3872 2308 ordino

2276 2325 2564 2401 repetatur.
2591 2315 2842 2386 Carriunt
2862 2333 3000 2384 enim
3027 2349 3038 2384 :
3068 2350 3085 2380 ι
3125 2331 3179 2388 Si
3209 2335 3500 2388 secundum
3523 2324 3694 2406 Moysi
3720 2339 3884 2408 legi-

2275 2423 2458 2475 timum
2489 2407 2824 2474 traditionem
2853 2420 3160 2489 prmeipitur
3200 2420 3397 2490 populo
3445 2437 3685 2492 purpura
3726 2407 3880 2495 hya-

2223 2515 2231 2522 “
2273 2509 2510 2571 cinthina
2549 2507 2600 2562 in
2637 2508 2863 2562 ﬁmbriis
2893 2507 2945 2560 in
2969 2508 3228 2561 extremis
3263 2509 3602 2563 vestimentis
3630 2511 3756 2580 poni
3798 2511 3875 2566 ad

2274 2599 2585 2654 memoriam
2614 2605 2666 2652 et
2694 2583 2998 2652 custodiam.
3036 2601 3444 2665 prmceptoriim,
3491 2599 3660 2654 multo
3689 2601 3873 2670 magis

2273 2677 2445 2744 nobis.
2471 2697 2554 2743 est
2577 2702 2673 2758 per
2711 2687 3063 2742 assimilatam
3091 2687 3350 2755 picturam
3383 2692 3690 2743 sanctorum
3722 2691 3872 2745 γῑιῸ-

2274 2775 2392 2833 rum
2417 2779 2603 2832 videre
2628 2777 2831 2832 exitum
2855 2777 3278 2831 conversationis
3295 2791 3503 2831 eorum.
3538 2797 3554 2829 ι
3586 2775 3696 2833 Hoc
3719 2781 3871 2848 quod

2270 2865 2478 2935 dicunt,
2509 2867 2671 2922 multo
2708 2869 2895 2937 magis,
2925 2867 3066 2935 quod
3096 2865 3326 2936 pertinet
3353 2866 3420 2920 ad
3448 2867 3774 2937 pra’cipitur,
3809 2873 3869 2923 ut

2271 2961 2638 3021 subaudiatur,
2663 2959 2707 3012 si
2730 2958 2923 3027 populo
2947 2957 3274 3027 przecipitnr,
3296 2957 3466 3010 multo
3490 2957 3659 3026 magis
3680 2958 3863 3019 nobis,

2274 3052 2472 3106 nullum
2491 3037 2587 3104 nec
2603 3037 2998 3106 levemtsensum
3012 3047 3224 3115 quidem
3242 3047 3438 3101 habere
3451 3056 3645 3116 potest,
3664 3049 3867 3116 quippe

2274 3135 2401 3194 cum
2435 3135 2734 3193 non'solum
2784 3137 2952 3190 multo
3004 3137 3172 3206 magis
3220 3152 3326 3191 non
3370 3137 3738 3207 praseipiatnr,
3773 3139 3866 3193 sed

2273 3230 2370 3287 nec
2398 3247 2547 3301 reque
2574 3231 2788 3301 quidem
2835 3246 2931 3284 nec
2957 3232 3135 3284 minus
3160 3233 3365 3301 uspiam
3403 3235 3507 3288 hic
3535 3252 3688 3290 error
3730 3250 3867 3305 pra:—

2270 3319 2377 3391 ci'pi
2406 3321 2668 3375 videatur.
2697 3321 2847 3387 Quod
2875 3336 3000 3375 vero
3031 3321 3235 3385 dicunt,
3265 3339 3358 3392 per
3383 3325 3732 3378 assimilatam
3777 3327 3859 3395 pi-

2271 3425 2472 3468 cturam
2508 3413 2672 3466 videre
2697 3413 2889 3464 exitum
2920 3413 3318 3465 conversationis
3365 3424 3671 3467 sanctorum
3725 3416 3862 3468 viro-

2274 3489 2421 3564 rum,
2453 3489 2665 3569 quanta:
2711 3501 2779 3553 sit
2832 3501 3196 3564 absurditatis,
3259 3511 3580 3571 quantmqu‘e
3641 3503 3864 3559 demen-

2273 3593 2386 3657 tiae,
2423 3601 2556 3660 pene
2601 3591 2865 3643 inﬁnitum
2909 3598 2992 3643 est
3035 3590 3300 3659 persequi,
3340 3606 3464 3645 cum
3511 3593 3761 3648 videlicet
3807 3595 3859 3647 in

2273 3675 2596 3755 imaginibus
2643 3699 2750 3737 non
2794 3681 2963 3751 possit
2998 3690 3196 3736 sancta:
3228 3683 3658 3737 conversationis
3691 3684 3863 3737 virtus

2275 3776 2467 3841 videri,
2497 3777 2589 3830 sed
2613 3775 2945 3829 solummodo
2970 3774 3072 3828 illa:
3099 3773 3335 3829 materia:
3360 3775 3554 3842 quibus
3577 3774 3705 3843 ipsxc
3731 3776 3860 3828 ima-

2276 3863 2428 3938 gines
2459 3864 2702 3919 formatae
2728 3871 2872 3919 sunt.
2903 3862 3296 3932 Numquidnam
3330 3864 3558 3918 virtutes
3603 3872 3658 3918 et
3697 3862 3859 3918 meri-

2277 3967 2453 4012 torum
2482 3955 2732 4025 insignia,
2767 3969 2885 4022 quae
2913 3952 3016 4007 illis
3043 3954 3225 4022 utique
3251 3953 3305 4007 in
3337 3952 3580 4021 subjecto
3609 3955 3853 4017 fuerunt;

2277 4040 2379 4104 hoc
2408 4055 2491 4103 est
2523 4047 2577 4100 in
2607 4047 2806 4111 animo,
2836 4045 2888 4099 in
2927 4045 3009 4099 his
3051 4043 3197 4098 velut
3242 4044 3296 4098 in
3345 4045 3587 4110 subjecto
3627 4046 3852 4113 quodam

2276 4139 2448 4194 videri
2469 4145 2714 4208 possunt,
2745 4152 2865 4191 cum
2893 4144 3073 4190 tamen
3098 4137 3154 4190 in
3183 4135 3270 4190 his
3297 4151 3403 4190 non
3430 4137 3501 4191 sit
3543 4133 3715 4190 anima
3737 4149 3853 4203 qua:

2278 4223 2564 4293 subiacens
2598 4240 2716 4281 esse
2757 4224 2928 4294 possit
2972 4223 3280 4289 virtutibus,
3324 4225 3377 4279 in
3411 4223 3651 4292 subjecto
3682 4233 3854 4278 autem

2278 4316 2414 4382 istis,
2441 4319 2543 4372 hoc
2570 4323 2652 4370 est
2683 4316 2734 4369 in
2767 4314 3026 4368 materiali
3055 4329 3278 4384 corpore
3303 4316 3699 4384 quodammodo
3721 4313 3855 4369 colo-

2277 4419 2366 4463 res
2391 4417 2531 4469 sunt,
2569 4406 2796 4461 virtutes
2825 4414 3002 4460 autem
3034 4406 3118 4460 bis
3161 4421 3261 4460 nec
3288 4407 3354 4460 de
3379 4405 3648 4473 subjecto,
3684 4420 3778 4460 nec
3801 4405 3853 4457 in

2249 4495 2253 4511 ’
2280 4497 2520 4566 subjeeto
2548 4511 2664 4552 esse
2691 4497 2951 4565 possunt?
2972 4495 3240 4564 Numquid
3278 4495 3438 4565 igitur
3460 4495 3772 4564 sapientiam
3801 4500 3852 4546 et

2281 4585 2641 4656 eloquentiam
2687 4586 2740 4640 in
2773 4585 2889 4640 istis
2916 4598 3137 4639 cernere
3177 4599 3476 4654 possumus,
3509 4601 3662 4653 quam
3690 4581 3846 4650 pleri-

2282 4668 2386 4747 que
2435 4673 2644 4731 illorum
2701 4677 3041 4732 habuerunt?
3083 4675 3468 4746 Numquidnam
3513 4671 3834 4742 prudentiam

2283 4756 2520 4838 aspicere
2548 4769 2600 4820 in
2625 4768 2742 4821 istis
2765 4767 3023 4829 valemus,
3051 4782 3147 4836 per
3167 4783 3326 4836 quam
3349 4763 3542 4835 agnitio
3563 4778 3700 4816 vera:
3723 4761 3842 4815 ﬁdei

2281 4867 2335 4911 et
2373 4857 2596 4911 scientia
2645 4856 2944 4910 divinorum
2975 4857 3186 4927 apicum
3225 4859 3278 4912 iu
3310 4856 3412 4912 illis
3439 4854 3537 4908 fuit
3565 4869 3658 4925 per
3691 4865 3850 4922 quam

2279 4945 2569 5001 trimodum
2590 4943 2717 4998 illud
2747 4943 3111 5016 intelligentia:
3137 4963 3305 5019 genus
3335 4948 3389 5002 in
3426 4945 3618 5003 divinis
3643 4945 3797 5000 libris
3825 4959 3852 4996 a

2281 5019 2632 5106 prudentibus
2679 5035 3036 5106 intelligitur?
3073 5038 3312 5104 Quorum
3363 5038 3598 5106 primum
3641 5041 3724 5090 est
3769 5049 3858 5105 per

2285 5124 2426 5195 quod
2449 5124 2694 5191 quasdam
2715 5124 2791 5179 ita
2829 5127 3164 5196 accipiuntur
3197 5126 3574 5191 historialiter,
3617 5124 3858 5194 sepositis

2287 5199 2638 5290 amigmatieis
2683 5219 2763 5272 vel
2804 5219 3103 5290 allegoricis
3133 5222 3338 5292 ﬁguris,
3379 5233 3439 5276 ut
3470 5230 3553 5277 est
3582 5220 3858 5288 decalogus

2286 5310 2439 5379 legis.
2485 5309 2812 5376 Secundum,
2852 5326 2948 5380 per
2991 5313 3130 5380 quod
3177 5313 3422 5381 qmcdam
3469 5314 3527 5367 in
3573 5311 3859 5380 Scripturis

2290 5486 2376 5557 ad,
2404 5485 2554 5554 cujus
2599 5497 2828 5541 mentem
2878 5489 3042 5557 probe
3079 5489 3252 5545 locum
3299 5494 3383 5556 (ut
3431 5493 3586 5546 nobis
3634 5489 3857 5556 videtur)

2290 5556 2802 5626 redintegravimus,
2849 5556 2916 5612 ad
2947 5559 3086 5614 hanc
3125 5561 3350 5626 faciem;
3395 5581 3414 5612 ι
3459 5575 3606 5617 recte
3631 5564 3743 5617 dici
3774 5578 3861 5615 rn-

2291 5626 2423 5680 beus
2465 5628 2666 5683 candor
2700 5637 2754 5681 et
2792 5628 3025 5682 candens
3065 5631 3246 5693 rubor,
3285 5633 3430 5686 velut
3474 5634 3518 5687 si
3558 5633 3683 5703 quis
3721 5632 3868 5686 dicat

2293 5699 2602 5764 argenteum
2632 5713 2839 5760 aurum,
2873 5706 2974 5751 etc.
3019 5721 3034 5746 ι
