4026 6156
1386 131 1441 176 ο

188 298 344 361 ωιδ

995 301 1174 361 LIBRI
1209 299 1555 360 CAROLINI.
1597 329 1670 340 —
1706 298 1932 355 CAPIT.
1973 301 2399 398 DE.IM1_\G.;-—
2436 307 2575 362 LIB}
2612 308 2650 361 l.

3336 316 3486 374 4048

183 418 433 499 φγειίεβ
455 416 943 499 αοσᾶῃῖωιιιιτειειιη
974 414 1266 471 secundum
1304 413 1465 469 ﬁdem
1494 427 1677 471 rerum
1697 425 1794 482 ge-
1824 410 1873 469 Δ
1898 423 2019 483 sunt
2042 431 2195 487 super
2218 426 2442 485 terram;
2473 419 2585 475 sive
2619 411 2902 483 cumalicit
2929 440 2942 476 :
2982 423 3172 481 Sancti
3197 445 3289 499 per
3319 430 3480 505 ﬁdem

181 518 406 567 starum
430 548 469 575 ,_
496 498 656 578 quam
707 507 873 563 etiam
912 500 1067 574 juxta
1100 505 1323 575 ﬁguram
1374 503 1784 574 allegoricorum

180 584 457 653 sensuum
481 612 495 651 :
520 597 657 651 sicut
678 602 832 666 petra
861 610 936 663 ex,
965 610 1069 665 qua
1096 593 1366 665 legislator
1390 592 1579 650 latices
1602 590 1786 647 elicuit

178 682 239 761 et
278 689 643 749 historialiter
668 676 965 757 cautisfuit
995 694 1050 744 et
1087 702 1256 756 aquas
1288 685 1542 747 evomuit,
1569 691 1625 738 et
1658 682 1786 737 alle-

178 764 378 853 gorice
421 780 625 837 Christi
656 780 888 852 ﬁguram
924 779 1104 850 gessit,
1142 778 1236 847 qui
1280 792 1411 833 cum
1431 777 1502 832 sit
1541 775 1678 845 lapis
1728 773 1789 831 in

181 872 553 939 fundamento
586 872 718 929 Sion
757 871 1020 933 fundatus,
1063 868 1317 925 melliﬁuo
1361 867 1618 941 spiritalis
1662 865 1787 921 vitae

179 966 393 1038 poculo
420 964 754 1020 credentium
778 969 994 1019 mentes
1011 962 1192 1016 satiat.
1220 961 1461 1017 Tertium
1482 973 1653 1031 genus
1680 965 1784 1023 est,

180 1054 584 1125 quodtautum
629 1052 939 1124 spiritaliter
963 1051 1244 1121 accipitur,
1286 1052 1428 1111 sicut
1460 1051 1527 1107 de
1550 1049 1789 1105 Canticis

178 1144 580 1209 Canticorum,
600 1144 661 1215 in
679 1143 875 1212 quibus
898 1141 974 1197 nil
1019 1142 1401 1205 historialitcr,
1448 1140 1542 1197 sed
1578 1148 1789 1195 tantum

178 1234 538 1307 spiritaliter,
576 1216 944 1302 accipiendum
970 1239 1074 1287 est.
1113 1231 1195 1289 An
1232 1230 1441 1303 justitia
1463 1231 1521 1285 in
1562 1229 1681 1286 istis
1708 1230 1792 1285 in-

177 1325 326 1385 tueri
352 1332 561 1394 potest,
591 1338 689 1393 per
715 1338 881 1392 quam
908 1322 1082 1378 sancti
1128 1318 1297 1378 Deum
1341 1322 1619 1382 timebant.
1657 1321 1789 1375 reli-

179 1415 411 1485 gionem
451 1414 865 1478 venerabantur,
889 1413 1099 1469 uinctis
1127 1412 1406 1484 prodesse,
1435 1411 1568 1469 nulli
1595 1426 1793 1467 nocere

180 1508 479 1575 currebant.
523 1505 777 1563 fraternae
805 1506 1087 1562 cbaritatis
1124 1506 1340 1565 vincula
1366 1505 1638 1576 amplecti,
1680 1505 1794 1561 sive

181 1595 367 1673 aliena
413 1595 657 1667 pericula
680 1596 977 1666 suscipere,
1006 1595 1090 1651 vel
1118 1596 1291 1651 etiam
1329 1610 1505 1667 opem.
1528 1593 1672 1650 ferre
1700 1595 1794 1649 mi-

181 1688 352 1753 seris,
387 1702 495 1743 nec
518 1701 626 1743 non
648 1686 864 1745 etboni
892 1686 1107 1757 accepti
1136 1685 1579 1753 vicissitudinem
1604 1700 1794 1756 repen-

183 1732 264 1753 ""
278 1732 352 1753 ’ν’
388 1732 495 1743 ""'
521 1732 626 1743 ""'
651 1732 864 1745 """""
892 1732 1103 1757 *ι’*τντπ
1150 1732 1579 1753 --ν-γ---τ--ςυ-η,
1606 1732 1767 1756 --ιη-

183 1777 342 1846 dere,
370 1775 803 1849 seuazquitatem
826 1775 879 1829 in
895 1774 1459 1849 iudiciisconservare
1478 1775 1796 1832 studebant?
1899 1732 2019 1849 0",:

184 1866 274 1935 An
302 1865 543 1947 morum
587 1863 956 1945 fortitudinem
988 1865 1348 1943 inpictorum
1376 1866 1653 1923 coloribus
1675 1880 1800 1936 pen-

184 1957 415 2027 spicere
459 1971 753 2033 possumus
786 1970 884 2026 per
928 1971 1103 2026 quam
1154 1957 1523 2027 magnanima
1567 1956 1796 2013 adversa

188 2048 583 2123 aequanimiter
610 2047 929 2121 toleravere,
958 2057 1021 2103 et
1042 2048 1143 2119 his.
1164 2049 1439 2120 patienter
1480 2065 1714 2113 cessere,
1743 2058 1801 2106 et

188 2140 399 2211 spretis
424 2139 693 2195 illecebris
718 2138 933 2197 fortiter
958 2141 1229 2206 restitere,
1270 2156 1368 2212 per
1391 2157 1553 2211 quam
1576 2143 1798 2197 morda-

187 2243 285 2308 ces
309 2243 479 2299 gazas
517 2235 578 2283 ct
606 2220 815 2299 gloritc
840 2228 1109 2298 appetitus
1144 2228 1466 2299 eﬁ‘ugerunt,
1498 2245 1596 2301 per
1635 2246 1799 2300 quam

188 2322 364 2393 etiam
414 2335 516 2376 nec
556 2318 802 2383 adversis
846 2317 1259 2390 frangebantur,
1297 2336 1398 2377 nee
1446 2320 1801 2377 elevabantur

192 2410 479 2475 secundis,
514 2407 668 2477 cuius
696 2409 862 2465 lorica
909 2409 1080 2465 induti
1117 2409 1287 2466 fortes
1326 2410 1396 2466 ad
1420 2410 1658 2467 labores
1683 2412 1799 2467 exi-

194 2507 433 2573 stentes,
458 2486 531 2575 ad
565 2499 802 2577 pericula
836 2507 1027 2559 contra
1053 2500 1327 2572 improbos
1352 2501 1611 2559 molestiis
1633 2502 1800 2559 nullis

197 2590 462 2645 cedentes
481 2589 695 2661 animos
727 2591 1021 2662 paravere?
1059 2590 1145 2659 An
1188 2591 1403 2649 illorum
1443 2593 1799 2662 temperantia

200 2681 258 2737 in
305 2681 403 2737 his
433 2681 763 2753 imaginibus
803 2682 1065 2743 cernitur,
1113 2696 1210 2751 per
1251 2698 1413 2751 quam
1460 2683 1799 2740 aﬁ'ectionem

203 2768 399 2830 Carnis
446 2770 788 2847 moderantes
832 2771 1228 2841 restringebant
1270 2772 1608 2841 appetitum?
1663 2773 1796 2829 Cum

204 2875 345 2932 ergo
375 2862 669 2919 nilvhorum
691 2878 812 2932 qua
835 2864 1181 2931 praediximus
1200 2864 1259 2918 in
1283 2864 1403 2919 istis
1425 2864 1590 2921 videri
1609 2865 1796 2933 possit,

206 2966 423 3023 magna:
436 2961 522 3007 est
543 2953 860 3009 temeritatis
880 2952 1080 3019 dicere,
1095 2954 1151 3011 in
1189 2954 1483 3011 assimilata
1495 2956 1704 3025 pictura
1725 2956 1800 3012 ri-

199 3039 329 3111 dere
346 3042 549 3097 exitum
560 3042 966 3097 conuersationis
985 3052 1307 3098 sanctorum.
1340 3043 1594 3112 Sequitur
1616 3043 1674 3099 in
1700 3060 1795 3100 eo-

199 3130 325 3188 dem
342 3133 644 3189 vanissimo
669 3133 929 3203 capitulo,
945 3143 993 3188 et
1014 3150 1194 3188 eorum
1214 3134 1415 3193 incitari
1430 3133 1590 3204 ﬁdem
1607 3150 1793 3190 secun-

202 3223 327 3283 dum
368 3222 716 3296 apostolicam
738 3224 1112 3295 traditionem.
1160 3224 1561 3294 Numquidnam
1603 3240 1792 3280 eorum

203 3313 338 3376 ﬁdes
351 3329 477 3384 qua:
495 3314 790 3371 secundum
810 3315 1125 3385 Apostolum
1144 3331 1239 3385 per
1258 3315 1797 3388 dilectionemopera-

205 3409 292 3457 tur
314 3403 368 3457 in
409 3403 740 3473 imaginibus
764 3404 965 3473 imitari
985 3406 1192 3474 potest?
1227 3405 1380 3461 Sicut
1399 3421 1530 3475 ergo
1557 3422 1663 3463 non
1691 3422 1792 3476 po-

205 3500 312 3563 test
331 3495 513 3552 videri
531 3496 585 3549 in
606 3495 693 3551 bis
710 3496 891 3551 exitus
912 3498 1339 3565 conversationis
1359 3506 1686 3565 sanctorum,
1713 3499 1793 3554 sic

205 3586 458 3647 necﬁdes
470 3586 687 3650 imitari,
701 3588 959 3657 quoniam
970 3588 1208 3657 quasillis
1223 3589 1418 3645 desunt
1436 3590 1492 3644 in
1506 3590 1590 3644 his
1604 3605 1704 3645 nec
1714 3590 1795 3645 vi-

208 3668 445 3730 derinec
455 3687 554 3743 per
573 3674 677 3730 has
691 3675 888 3730 imitari
899 3684 1147 3746 possunt.
1162 3676 1331 3733 Omne
1344 3676 1487 3747 quod
1497 3688 1647 3734 caret
1659 3678 1788 3743 vita,

208 3772 360 3817 caret
374 3779 579 3828 sensu;
602 3781 759 3822 omne
777 3768 921 3837 quod
940 3776 1093 3823 caret
1111 3784 1293 3835 sensu,
1309 3777 1457 3825 caret
1469 3768 1605 3835 ﬁde;
1631 3786 1793 3826 omne

207 3850 378 3922 igitur
392 3855 548 3924 quod
565 3864 715 3911 caret
735 3857 865 3921 vita,
888 3866 1038 3915 caret
1063 3858 1187 3915 ﬁde.
1212 3858 1350 3915 Nam
1368 3876 1494 3916 cum
1514 3860 1624 3916 sint
1646 3875 1788 3929 spes,

208 3942 347 4000 ﬁdes
366 3953 427 4001 et
455 3945 692 4002 cbaritas
729 3947 1026 4004 invisibiles
1060 3958 1116 4005 et
1140 3950 1496 4021 incorporalis
1518 3950 1793 4020 qualitatis

203 4036 511 4092 secundum
538 4038 918 4106 proprietatem
943 4054 1055 4094 suae
1090 4041 1424 4106 substantia,
1468 4041 1522 4096 in
1544 4056 1672 4096 vero
1696 4042 1794 4096 bo-

204 4123 348 4186 mine
374 4126 476 4197 qui
508 4127 606 4182 has
631 4128 813 4195 habet,
838 4130 1003 4201 videri
1030 4147 1140 4187 non
1164 4139 1409 4200 possunt,
1440 4131 1544 4189 nisi
1570 4130 1711 4188 forte
1736 4133 1791 4188 in
1838 4196 1849 4203 ,

204 4214 465 4281 openbus
486 4213 966 4285 demonstrentur;
1006 4218 1165 4275 sedes
1188 4220 1332 4275 enim
1362 4235 1547 4275 earum
1571 4220 1713 4277 sicut
1737 4230 1793 4277 et

204 4308 529 4358 ceterarum
554 4301 838 4370 virtutum,
861 4305 917 4360 in
940 4307 1121 4363 anima
1132 4315 1233 4372 est,
1258 4322 1418 4377 quam
1443 4316 1655 4364 constat
1672 4325 1792 4366 esse

1885 502 2110 579 vicerunt
2172 522 2352 587 regna,
2374 556 2375 559 η
2397 510 2597 578 operati
2628 518 2751 565 sunt
2794 510 3089 581 justitiam,
3135 517 3310 589 adepti
3355 502 3481 575 sunt

1885 594 2325 673 repromissiones.
2354 602 2711 661 exstimrunt
2741 604 2986 672 impetum
3011 606 3169 676 ignis,
3202 608 3480 664 conualue—

1885 692 2004 761 runt
2037 685 2103 740 de
2143 686 2469 757 inﬁrmitate,
2503 691 2665 762 fortes
2702 693 2829 764 facti
2855 704 2976 753 sunt
3003 696 3061 749 in
3084 697 3240 763 belio,
3266 698 3351 753 vel
3378 714 3480 754 cae-

1884 788 2007 849 tera-
2044 795 2529 854 qnar..sequuntur.
2577 786 2717 856 Quid
2760 804 2891 860 ergo
2939 790 3233 849 debeamus
3274 793 3480 865 imitari

1885 872 2284 941 evidentissime
2298 876 2443 931 idem
2472 877 2749 946 apostolus
2765 877 3121 944 demonstrat,
3147 896 3271 937 cum
3300 882 3434 938 dicit
3460 901 3475 935 :

1886 963 2068 1019 Estote
2088 954 2377 1029 insinuans
2399 966 2515 1033 Dei,
2540 969 2678 1033 sicut
2701 968 2802 1038 filii
2827 971 3122 1027 φανεισῶνιὶ
3148 973 3365 1043 (Epiros.
3388 974 3476 1043 v);

1886 1061 1940 1107 et
1966 1053 2022 1108 in
2045 1052 2155 1109 alio
2181 1052 2300 1108 loco
2320 1055 2487 1119 dicit:
2514 1048 2816 1111 Imitatorcs
2833 1059 2933 1113 mei
2958 1069 3140 1123 estote,
3155 1061 3290 1114 sicut
3312 1071 3360 1115 et
3381 1080 3476 1132 ego

1888 1145 2081 1203 Christi
2109 1146 2162 1213 (1
2189 1145 2319 1200 Car.
2349 1147 2432 1217 ιι).
2460 1147 2611 1203 Unde
2634 1148 2838 1216 liquido
2865 1158 3015 1218 patet
3040 1152 3183 1213 hanc
3207 1168 3327 1208 esse
3351 1168 3479 1223 apo-

1888 1236 2135 1297 stolicam
2156 1237 2518 1301 traditionem,
2542 1247 2604 1293 ut
2634 1253 2742 1295 non
2781 1239 2837 1295 in
2880 1241 3129 1310 picturis,
3153 1244 3249 1303 sed
3293 1245 3347 1299 in
3372 1247 3480 1300 vir-

1891 1327 2097 1384 tutibus
2118 1327 2485 1397 videripossit
2500 1336 2813 1385 sanctorum
2835 1331 3017 1387 exitus
3028 1336 3477 1399 conversationis,

1889 1428 1945 1473 et
1970 1419 2396 1474 eoruns‘i‘mitari
2424 1419 2589 1483 .ﬁdes,
2621 1434 2728 1476 non
2764 1419 3057 1490 imaginum
3097 1422 3261 1488 fucis,
3285 1426 3382 1481 sed
3425 1426 3480 1482 iu

1891 1510 2146 1581 operibus
2171 1511 2349 1567 bonis.
2386 1536 2391 1541 ~
2538 1552 2541 1561 .

2418 1644 2425 1651 λ
2455 1622 2685 1683 CAPUT
2716 1624 2906 1683 XVI".

1950 1730 2325 1809 nodpanausit
2350 1751 2463 1805 spes
2486 1750 2665 1809 eorum
2699 1737 2799 1809 qui
2810 1734 3037 1809 salutem
3072 1752 3222 1809 suam
3260 1739 3317 1792 in
3338 1739 3477 1793 ima-'-

2022 1804 2172 1859 nibus
2198 1804 2427 1879 ponunt,
2464 1805 2691 1879 dicentes
2711 1804 2744 1879 ζ(
2766 1806 2917 1861 Sicut
2960 1806 3287 1863 Israeliticus
3302 1820 3480 1879 popa.

1989 1890 2056 1930 us
2078 1875 2505 1945 massam
2524 1876 2855 1945 impactlone
2880 1885 3125 1932 senatus
3147 1887 3250 1942 est,
3272 1875 3354 1937 sic
3379 1875 3481 1938 hoc

1971 1953 2282 2015 sanctorum
2311 1944 2512 2017 efﬁgies
2537 1944 2861 2019 aspicientes
2889 1946 3240 2003 salvabimur.

1902 2094 1909 2097 ἡ
1970 2035 2111 2106 Spes
2126 2024 2317 2110 eorum
2324 2032 2419 2109 qui
2438 2036 2667 2109 salutem
2687 2054 2843 2093 suam
2866 2038 2919 2092 in
2934 2039 3260 2110 imaginibus
3273 2026 3480 2111 ponunt

1897 2127 1967 2189 ab
1994 2126 2251 2197 Apostolo
2271 2127 2610 2203 reprgbatur,
2632 2128 2724 2198 qui
2745 2141 2895 2201 spem
2916 2145 3025 2183 non
3055 2129 3110 2184 in
3143 2129 3228 2185 his
3252 2144 3371 2201 qua:
3395 2132 3479 2185 vi-

1899 2219 2112 2283 dentur,
2133 2218 2227 2281 sed
2248 2219 2303 2277 in
2330 2220 2417 2289 his
2441 2236 2562 2289 qua:
2588 2236 2692 2287 non
2710 2222 2957 2277 videntur
2976 2236 3101 2278 esse
3124 2223 3367 2288 disserit;
3400 2225 3480 2283 ait

1898 2305 2077 2371 enim:
2108 2305 2237 2381 Spes
2258 2324 2377 2380 qua:
2393 2308 2593 2363 videtur
2617 2326 2719 2364 non
2741 2320 2815 2364 est
2843 2328 2956 2381 spes
2971 2311 3149 2382 (Rom.
3167 2314 3285 2385 rm)
3301 2330 3316 2378 ;
3335 2315 3481 2383 quod

1897 2400 2043 2471 enim
2072 2400 2219 2457 videt
2234 2400 2375 2471 quis,
2398 2401 2527 2473 quid
2553 2403 2768 2471 sperat?
2794 2402 2850 2456 Si
2882 2412 3061 2458 autem
3089 2405 3233 2475 quod
3265 2421 3372 2460 non
3401 2406 3481 2461 vi-

1900 2490 2089 2545 demus
2122 2505 2425 2561 speramus,
2444 2506 2543 2561 per
2561 2491 2878 2562 patientiam
2920 2504 3316 2564 exspectamus.
3343 2494 3478 2550 Nam

1900 2581 2026 2634 dum
2047 2596 2229 2637 mneus
2253 2596 2475 2650 serpens
2486 2582 2836 2655 prmcipiente
2851 2584 3078 2639 Domino
3101 2600 3133 2639 a
3155 2583 3336 2655 Moyse
3350 2602 3480 2641 con—

1901 2670 2064 2743 ditus,
2092 2677 2148 2725 et
2174 2670 2228 2724 in
2253 2671 2469 2729 sublimi
2490 2670 2670 2737 fuerit,
2687 2690 2793 2729 non
2815 2682 2874 2731 ut
2897 2674 3233 2739 adoreretur,
3248 2675 3478 2744 positus,

1901 2760 1996 2814 sed
2022 2767 2080 2815 ut
2106 2760 2173 2816 ad
2200 2769 2408 2831 tempus
2444 2762 2736 2837 iguitorum
2763 2766 3092 2834 serpentium
3119 2766 3315 2821 virosis
3336 2766 3481 2820 obsi-

1898 2860 2068 2905 steret
2087 2853 2373 2917 morsibus,
2402 2852 2550 2909 falsa:
2585 2854 2706 2925 spei
2734 2854 3094 2911 luditicatione
3133 2856 3476 2921 deluduntur,

1900 2943 1990 3011 qui
2017 2943 2090 2997 ita
2113 2958 2174 2998 se
2200 2958 2362 2999 manu
2396 2943 2659 3001 factarum
2694 2945 2987 3016 imaginum
3022 2945 3352 3014 inspectione
3391 2962 3479 3001 sa-

1901 3034 2108 3090 nandos
2144 3036 2495 3101 arbitrantur,
2524 3037 2667 3092 sicut
2704 3036 3031 3111 Israeliticus
3066 3037 3295 3107 populus
3334 3037 3480 3093 illius

1896 3126 2030 3182 nauci
2056 3128 3051 3200 serpentisinspcctioucabignitarum
3077 3121 3305 3198 pestium
3328 3143 3477 3207 mor-

1895 3219 2068 3277 tiferis
2110 3222 2306 3277 ictibus
2330 3223 2638 3293 satiabatur,
2675 3223 2972 3292 praesertim
3018 3239 3140 3277 cum
3168 3222 3257 3279 ille
3283 3231 3342 3277 ut
3383 3224 3478 3278 tie-

1895 3320 1995 3375 rel,
2019 3312 2184 3383 Moysi
2207 3314 2480 3380 aDomiuo
2507 3314 2826 3384 imperatqu
2852 3322 2938 3369 est
2966 3332 2978 3367 :
3005 3315 3089 3368 ha:
3114 3330 3242 3368 vero
3266 3323 3325 3369 ut
3347 3316 3478 3370 ﬁant

1893 3400 2095 3455 nullius
2132 3401 2424 3470 Scriptura:
2476 3412 2630 3467 textu
2682 3405 2753 3459 sit
2803 3403 3131 3461 institutum.
3173 3402 3308 3470 Quid
3347 3419 3477 3475 ergo

1893 3506 2120 3560 serpens
2146 3492 2254 3554 ille,
2282 3493 2436 3562 cujus
2474 3494 2810 3564 inspectione
2845 3510 2875 3549 a
2915 3493 3254 3564 serpentibus
3289 3495 3478 3551 vulne—

1894 3583 1998 3636 rati
2035 3584 2381 3648 sanabantnr,
2412 3584 2954 3655 signitica-verit,ipso
2977 3584 3337 3654 Redemptore
3378 3602 3478 3643 no-

1893 3682 2007 3728 stro
2034 3674 2260 3731 docente
2292 3677 2659 3748 cognovimus,
2697 3677 2790 3747 qui
2822 3678 2900 3730 ait
2928 3690 2942 3729 :
2974 3677 3121 3731 Sicut
3154 3675 3362 3747 Moyses
3392 3694 3478 3732 ea;-

1892 3766 2073 3821 altasit
2100 3778 2387 3838 serpentem
2409 3770 2465 3835 in
2486 3768 2709 3832 deserto,
2735 3770 2810 3823 ita
2834 3768 3058 3823 exaltari
3084 3777 3282 3838 oportet
3303 3767 3476 3836 ﬁlium

1891 3858 2118 3913 hominis
2140 3859 2321 3929 (Joan.
2340 3858 2457 3931 in);
2481 3874 2642 3929 quem
2669 3860 2917 3914 videlicet
2933 3860 3059 3913 dum
3083 3860 3267 3912 sedula
3294 3868 3475 3913 mente

1894 3946 2124 4004 internis
2185 3952 2358 4006 oculis
2408 3952 2717 4021 aspicimus,
2779 3951 3136 4019 malignorum
3186 3953 3471 4020 spirituum

1894 4038 2188 4097 mortiferis
2231 4040 2587 4093 teutationum
2624 4039 2895 4092 morsibus
2934 4039 3218 4107 superatis,
3258 4046 3473 4091 aeterna:

1896 4129 2085 4183 mortis
2112 4128 2350 4198 pericula
2384 4130 2666 4185 evitamus.
2702 4126 2964 4182 Praeterea
3002 4127 3142 4182 sicut
3184 4126 3237 4179 in
3276 4125 3471 4180 divina:

1894 4218 2028 4289 legis
2065 4220 2244 4275 verbis
2275 4235 2338 4274 ea
2381 4235 2501 4289 qua:
2534 4235 2565 4273 a
2595 4225 2783 4274 sancto
2819 4216 3024 4286 Spiritu
3070 4218 3205 4271 bene
3242 4217 3294 4270 in
3333 4216 3467 4286 lege,

1892 4307 2193 4381 prophetis,
2222 4306 2509 4380 Evangelio
2537 4306 2651 4381 sive
2689 4305 2945 4379 apostolis
2983 4305 3125 4361 dicta
3164 4314 3309 4370 sunt,
3359 4305 3472 4375 ple-

204 4386 557 4446 invisibilem.
588 4392 657 4451 Et
685 4394 734 4448 si
759 4394 813 4449 in
844 4410 992 4460 vero,
1035 4394 1251 4469 quibus
1276 4398 1461 4467 utique
1496 4399 1676 4463 habet,
1714 4401 1791 4455 vi-
1822 4414 2123 4489 Drumque
2143 4414 2399 4470 perversa
2436 4396 2733 4455 intentione
2750 4395 2817 4451 ab
2840 4396 3199 4453 schismaticis
3224 4395 3361 4450 male
3390 4396 3471 4449 iu-

209 4476 323 4535 deri
342 4495 458 4536 non
489 4493 734 4551 possunt,
765 4486 931 4549 multo
976 4488 1159 4551 minus
1194 4489 1248 4543 in
1284 4490 1428 4560 picto
1469 4490 1638 4546 videri
1677 4500 1794 4561 pot—

208 4577 385 4635 erunt,
441 4570 535 4639 qui
572 4587 677 4627 non
705 4575 876 4633 solum
928 4577 1033 4640 bis,
1084 4586 1144 4631 ut
1186 4579 1395 4648 praefati
1447 4595 1659 4647 sumus,
1699 4582 1793 4636 sed

205 4658 367 4715 etiam
414 4662 527 4717 vita
564 4674 744 4730 caret;
791 4676 846 4722 et
890 4668 937 4723 si
978 4669 1039 4723 in
1082 4668 1505 4731 bis..viderinon
1548 4679 1793 4739 possunt,

205 4748 368 4806 multo
394 4752 561 4824 igitur
590 4756 771 4811 minus
797 4757 1003 4815 imitari
1028 4767 1316 4828 poterunt:
1351 4760 1492 4815 unde
1512 4759 1672 4815 datur
1706 4762 1791 4816 in-

206 4837 373 4907 telligi
421 4856 785 4915 vanamesse
830 4861 1020 4907 eorum
1066 4849 1226 4905 ﬁdem
1268 4850 1360 4918 qui
1388 4866 1486 4920 per
1532 4851 1793 4923 imagines

206 4937 517 5011 sanctorum
539 4932 703 4988 fidem
725 4935 1029 4995 imitaturos
1050 4953 1111 5005 se
1130 4938 1334 4997 dicunt.
1358 4938 1481 4999 .Iant
1511 4956 1639 4998 vero
1662 4943 1791 5011 quia

210 5010 412 5079 dicunt.
451 5018 781 5079 Secundum
806 5028 1157 5099 apostolicam
1199 5030 1573 5099 traditarum,
1608 5010 1792 5091 dicant

212 5104 303 5160 ubi
325 5108 393 5162 ab
421 5116 686 5180 apostolis
708 5128 803 5177 aut
832 5124 1091 5193 emptis
1106 5134 1200 5181 aut
1224 5127 1400 5189 verbis
1439 5130 1691 5189 traditum
1718 5131 1792 5186 sit

211 5210 309 5266 per
352 5199 620 5271 imagines
660 5209 843 5267 videre
873 5215 1079 5273 exitum
1112 5220 1532 5279 conversationis
1575 5231 1791 5281 sancto-

212 5301 332 5347 rum
362 5301 420 5348 et
458 5298 881 5357 eorumimitari
899 5305 1083 5361 ﬁdein.
1112 5307 1327 5363 Exitum
1355 5323 1482 5378 ergo
1506 5327 1789 5371 conversa-

213 5380 375 5439 tionis
404 5393 731 5443 sanctorum
771 5389 875 5446 hoc
918 5395 1079 5448 modo
1120 5397 1451 5451 demonstrat
1484 5400 1786 5468 Apostolus.

214 5487 339 5529 cum
361 5478 541 5535 dicit:
581 5474 769 5534 Sancti
791 5495 971 5534 omnes
998 5482 1156 5549 juxta
1198 5482 1363 5549 [idem
1400 5484 1628 5554 defuncti
1666 5502 1788 5549 sunt

216 5576 318 5618 non
349 5567 584 5637 acceptis
623 5567 1118 5635 repromissionibus,
1145 5569 1236 5624 sed
1265 5586 1299 5623 a
1325 5568 1479 5645 longe
1491 5578 1788 5645 aspicientes

217 5668 264 5712 st
294 5662 591 5719 salutantes
621 5668 670 5714 et
695 5659 988 5713 confitentes
1023 5660 1144 5727 grtia
1183 5662 1437 5729 peregrini
1478 5676 1527 5719 et
1569 5667 1786 5739 hospites

1897 4490 2230 4562 telliguntur,
2262 4490 2336 4545 ita
2370 4490 2532 4546 etiam
2561 4489 2814 4559 pleraque
2841 4503 2961 4557 qua:
2998 4486 3197 4544 idcirco
3230 4504 3259 4542 a
3290 4489 3470 4544 Patri-

1892 4582 1993 4635 bus
2018 4589 2076 4635 ut
2111 4582 2427 4651 prodessent
2465 4581 2706 4639 instituta
2741 4579 2823 4634 vel
2862 4578 3002 4634 ﬁtcta
3041 4589 3185 4651 sunt,
3229 4581 3475 4638 decussis

1891 4669 2221 4740 prolixorum
2265 4678 2563 4739 temporum
2607 4668 2918 4735 curriculis,
2975 4686 3004 4722 a
3059 4671 3291 4741 posteris
3329 4673 3473 4726 malo

1892 4762 2074 4816 habita
2102 4770 2157 4816 et
2179 4762 2234 4816 iu
2256 4776 2569 4831 perversum
2599 4770 2802 4816 mutata
2824 4761 2999 4831 fuisse
3017 4762 3329 4825 creduntur,
3365 4764 3469 4818 δίου

1892 4860 1952 4906 ιιι
1984 4851 2051 4908 de
2086 4827 2434 4923 phylacteriis
2464 4862 2519 4909 et
2551 4853 2801 4917 ﬁmbriis,
2837 4855 2902 4909 (lc
2950 4827 3144 4923 q.uibus
3181 4853 3339 4925 paulo
3381 4869 3473 4905 sn—

1889 4946 2072 5016 perius
2104 4946 2307 5003 dictum
2341 4955 2446 5015 est,
2484 4949 2567 5004 vel
2604 4950 2768 5021 etiam
2796 4950 2863 5003 de
2897 4963 3048 5001 mneo
3084 4953 3361 5013 serpentes.
3402 4945 3472 4997 (³ο

1890 5052 1997 5109 quo
2023 5054 2168 5095 nunc
2199 5037 2381 5093 dicere
2411 5026 2762 5109 instituimus,
2790 5038 2902 5107 qui,
2935 5044 2992 5090 ut
3020 5033 3225 5105 pnefati
3258 5050 3464 5097 smnus,

1888 5127 1956 5183 ad
2016 5136 2228 5199 tempus
2274 5138 2333 5184 ut
2375 5128 2672 5195 vulneratis
2707 5144 2739 5185 a
2776 5126 3114 5195 serpentibus
3144 5124 3464 5207 1prodesset,

1889 5216 1992 5272 fuit
2018 5218 2373 5281 necessarius,
2408 5233 2506 5290 per
2541 5232 2702 5288 quem
2738 5216 3076 5285 postmodum
3119 5214 3337 5269 inolevit
3372 5228 3463 5267 οπο

1889 5306 2157 5361 celsorum
2212 5306 2663 5363 insolentissimus
2717 5320 2895 5358 usus:
2948 5301 3035 5357 cui
3072 5317 3194 5356 cum
3240 5300 3461 5353 vidisset

1888 5397 2151 5453 Ezechias
2178 5413 2269 5453 rex
2294 5396 2474 5465 justus
2501 5394 2718 5449 incensa
2738 5391 2955 5445 adolere
2980 5398 3034 5443 ct
3058 5404 3193 5459 quas
3210 5389 3314 5441 tam
3343 5386 3458 5439 cul-

1888 5496 2041 5545 turas
2060 5487 2332 5548 exhibere,
2360 5496 2660 5551 magnaque
2683 5495 2751 5535 ex
2780 5488 2935 5550 parte
2964 5478 3215 5550 pepulum
3246 5474 3464 5544 pericli-

1881 5579 2014 5643 tari,
2040 5586 2191 5632 tanto
2224 5586 2537 5645 persuasum
2558 5584 2765 5633 errore,
2789 5584 2913 5621 eum
2939 5584 3042 5622 non
3076 5566 3284 5621 distulit
3316 5558 3463 5619 ἰηιηέ

1886 5686 2033 5743 gere,
2064 5684 2222 5740 quem
2250 5673 2303 5719 ct
2326 5679 2420 5734 per
2445 5661 2805 5733 lcgislatorem
2828 5659 2895 5713 ad
2917 5659 3213 5731 profectum
3239 5664 3463 5711 noverat
