4026 6156
636 290 773 364 ιθὶι

1499 314 1559 369 e.
1612 294 1864 374 canon
1903 316 2117 375 suam
2162 319 2314 378 ore.
2352 324 2531 383 psus
2571 330 2636 384 ιι.
2690 330 2931 387 SECTIO
2968 334 3053 389 ιι.λ

2647 127 2703 167 δ

3737 342 3869 402 {MS

622 418 905 515 coriditum
934 418 1124 515 fuisse,
1139 429 1194 515 et
1222 437 1253 475 a
1279 421 1754 515 populocernebat
1775 414 2033 482 celebrari
2056 443 2195 485 vano
2221 431 2271 490 Δ
2297 437 2573 505 sequimur
2609 440 2809 497 habere
2835 458 2998 511 opera
3024 448 3381 515 quorumlibet
3417 451 3687 507 artitlcum
3712 472 3727 508 :
3758 455 3873 513 illos

622 509 780 564 cultu
812 519 869 565 et
897 512 1267 581 superstitiosa
1303 514 1577 584 religione.
1617 516 1761 573 Laus
1795 532 1929 588 ergo
1960 516 2198 586 ejusdem

633 598 878 657 Ezechias
901 604 1225 659 sanctissimi
1252 606 1394 675 regis
1417 620 1484 660 eo
1505 606 1649 675 quod
1669 621 1837 663 vanas
1855 607 2200 677 superstitio—

629 706 725 746 nes
760 693 1059 759 abstulerit,
1106 696 1460 765 eamdemque
1511 706 1817 766 serpentem
1850 697 2193 767 confregerit,

629 779 734 835 hoc
764 783 924 837 modo
962 782 1015 837 in
1043 783 1241 839 divinis
1273 784 1469 840 litteris
1496 786 1726 841 habetur
1750 800 1766 840 :
1794 785 1963 850 Fecit,
2000 786 2193 855 inquit,

616 869 881 928 Ezechias
899 875 1038 945 quod
1060 874 1249 930 bonum
1278 885 1389 930 erat
1419 893 1595 931 coram
1620 878 1865 941 Domino,
1892 878 2053 948 juxta
2085 894 2197 931 om-

624 961 714 1014 nia
734 978 851 1033 qua
875 963 1069 1033 fecerat
1096 963 1263 1018 Dauid
1298 975 1447 1036 pater
1474 982 1639 1021 suus:
1675 971 1784 1037 ipse
1810 966 2077 1036 dissipavit
2106 982 2197 1020 ea:-

623 1049 760 1105 celsa
787 1061 836 1106 et
862 1054 1100 1107 contrivit
1125 1062 1344 1116 statuas,
1384 1063 1433 1107 et
1469 1055 1689 1109 succidit
1720 1053 1886 1119 lucos,
1920 1054 2197 1124 confregit-

622 1156 721 1210 que
740 1150 1023 1211 serpentem
1048 1157 1248 1196 (uncum
1275 1158 1427 1212 quem
1451 1143 1640 1212 fecerat
1669 1143 1873 1213 Moyses
1893 1162 1912 1197 :
1938 1142 2193 1219 siquidm

621 1244 783 1300 usque
815 1229 886 1282 ad
919 1229 1052 1283 illud
1079 1240 1279 1300 tempus
1307 1230 1406 1299 ﬁlii
1445 1229 1615 1285 Israel
1638 1229 1986 1289 adolebant-ei
2020 1233 2194 1286 incen-

619 1333 755 1383 sum,
785 1319 1081 1388 eocaritque
1105 1334 1221 1371 eum
1250 1316 1513 1373 Naastan.
1547 1318 1613 1373 In
1645 1318 1869 1375 Domine
1892 1318 2001 1374 Deo
2023 1318 2191 1374 Israel

617 1406 858 1476 speravit,
884 1407 1058 1477 itaque
1082 1416 1194 1477 post
1217 1422 1333 1460 eum
1357 1423 1460 1460 non
1488 1407 1588 1476 fuit
1622 1406 1809 1461 similis
1828 1408 1875 1462 ei
1904 1407 1969 1463 de
1991 1411 2191 1463 cunctis

617 1496 829 1567 regibus
845 1496 1007 1559 Juda,
1032 1497 1123 1551 sed
1156 1513 1318 1567 neque
1351 1498 1408 1551 in
1431 1496 1512 1551 his
1538 1499 1629 1568 qui
1652 1507 1774 1553 ante
1792 1514 1909 1553 eum
1944 1497 2182 1566 fuerunt:

613 1595 663 1639 et
687 1585 905 1640 adha'sit
929 1585 1173 1650 Domino,
1199 1594 1247 1642 et
1279 1603 1384 1641 non
1405 1588 1611 1641 recessit
1639 1604 1672 1640 a
1697 1589 1920 1658 vestigiis
1953 1588 2086 1658 ejus,
2115 1588 2190 1659 fe-

612 1681 783 1751 citque
804 1679 1057 1734 mandata
1081 1680 1197 1750 ejus
1227 1696 1344 1751 qua:
1372 1689 1683 1751 pra'ceperat
1710 1680 1964 1735 Dominus
1990 1680 2182 1751 Moysi,

2416 527 2669 596 spiritum
2712 535 2999 607 servitutis
3029 530 3349 610 acceperunt
3385 529 3453 597 in’
3473 544 3668 617 timore
3694 545 3872 607 dicant

2296 615 2548 706 habuisse
2567 634 2628 674 ea
2644 637 2763 691 quae
2783 620 2991 697 Moyses
3020 627 3265 696 faciebat,
3281 631 3509 690 Domino
3535 615 3869 706 inSinuante;

2295 706 2393 758 nos
2420 705 2513 774 qui
2538 709 2786 776 spiritum
2808 713 3111 783 adoptionis
3139 708 3460 789 accepimus,
3484 724 3539 777 in
3559 741 3662 797 quo
3682 705 3873 781 clama;

2293 808 2409 848 mus
2442 794 2791 887 Abba'pater,
2831 802 3030 859 habere
3066 806 3328 877 imagines
3354 826 3487 879 quas
3520 794 3759 883 quilibet
3796 817 3872 887 pi-

2293 889 2412 936 ctor
2433 885 2615 974 condit
2640 892 2923 946 mundanas
2940 901 3144 950 tantum
3171 894 3307 954 artis
3324 902 3654 969 experientia
3676 885 3872 974 perdo-
3900 908 3903 911 “

2291 979 2465 1026 cente.
2495 972 2604 1030 Nos
2625 978 2791 1043 enim,
2823 982 2914 1050 qui
2943 997 3047 1037 non
3088 986 3367 1055 sequimur
3399 978 3634 1047 litteram
3673 972 3867 1050 inor-ti-

2291 1059 2562 1127 ficantem,
2589 1065 2684 1121 sed
2710 1067 2963 1135 spiritum
2986 1073 3377 1143 viviﬁcantem;
3410 1080 3499 1148 qui
3532 1094 3639 1136 non
3676 1088 3871 1141 carna-

2290 1148 2378 1239 lis,
2410 1151 2503 1205 sed
2547 1154 2808 1222 spiritalis
2833 1157 2998 1218 lsrael
3024 1176 3247 1231 sumus;
3285 1168 3376 1235 qui
3411 1170 3607 1239 spretis
3638 1164 3881 1230 visibili—i

2287 1238 2390 1333 bus
2415 1241 2703 1300 invisibilia
2726 1252 3170 1329 contemplamur,
3199 1271 3306 1311 non
3334 1238 3507 1313 solum
3535 1260 3868 1333 imaginibus

2287 1328 2488 1425 majora
2517 1337 2790 1425 mysteria,
2814 1352 2936 1408 quae
2953 1344 3099 1397 omni
3138 1347 3397 1416 mysterio
3423 1358 3632 1418 carent,
3649 1328 3752 1408 sed
3781 1355 3861 1425 ip-

2286 1418 2361 1473 sis
2389 1422 2585 1478 tabulis
2612 1440 2707 1481 seu
2743 1430 2956 1488 duobus
2995 1430 3274 1492 cherubim
3301 1436 3508 1508 majOra
3537 1451 3593 1497 et
3624 1418 3866 1502 eminen-

2286 1509 2423 1566 tiora
2446 1519 2826 1606 mysteriorum
2864 1522 3094 1597 insignia
3133 1545 3164 1583 a
3201 1528 3427 1587 Domino
3453 1535 3733 1606 accepisse
3761 1555 3861 1594 nos
3906 1564 3909 1565 ν

2285 1603 2639 1673 gratulamur,
2681 1624 2806 1665 cum
2832 1613 3081 1672 videlicet
3123 1618 3319 1677 ta‘buia:
3354 1629 3409 1676 et
3449 1626 3555 1680 duo
3581 1603 3861 1684 cherubim

2283 1695 2611 1765 exemplaria
2642 1698 2846 1757 fuerint
2873 1703 3211 1777 futurorum;
3240 1719 3295 1767 et
3318 1706 3439 1768 cum
3458 1713 3631 1772 Judaei
3662 1719 3863 1774 habue-

611 1778 660 1883 ξε
676 1777 789 1823 erat
813 1767 1071 1871 Pominus
1096 1785 1316 1883 caules,
1328 1776 1382 1883 ξε
1403 1770 1459 1822 in
1489 1769 1781 1883 cunctisuad
1802 1786 1919 1840 quia
1943 1770 2182 1883 proccdc—
2210 1766 2258 1828 Β
2284 1784 2393 1839 rint
2426 1789 2737 1857 “manu”,
2770 1810 2963 1866 resque
2994 1766 3643 1880 εγρεείέορεηῷᾗ
3890 1803 3893 1807 ⁴

611 1858 698 1913 bat
716 1860 982 1930 sapienter
1003 1859 1187 1930 agebat
1207 1858 1294 1931 (II
1318 1857 1447 1929 Reg.
1474 1859 1653 1928 xvi“).
1682 1859 1808 1915 Haec
1830 1864 2093 1929 praeterea
2124 1871 2181 1918 et

608 1950 911 2020 huiusmodi
943 1951 1371 2021 superstitiones,
1405 1966 1541 2020 quas
1563 1950 1867 2021 "sexquidam
1902 1961 2090 2023 putant
2110 1955 2179 2012 ob

606 2056 844 2097 amorem
872 2040 970 2097 Dei
998 2041 1196 2109 facere,
1221 2043 1361 2098 sicut
1386 2043 1441 2098 hi
1471 2044 1564 2114 qui
1586 2045 1659 2099 ob
1680 2051 1993 2101 sanctorum
2022 2061 2177 2102 amo-

600 2133 721 2186 ‘rem
759 2131 1085 2203 imaginibus
1115 2134 1401 2191 luminaria
1446 2133 1764 2199 accendunt,
1816 2149 2017 2206 easque
2051 2137 2180 2191 ado-

604 2220 753 2287 rant,
776 2223 877 2279 hoc
909 2224 1066 2280 modo
1089 2225 1279 2280 beatus
1306 2224 1666 2296 Hieronymus
1690 2226 1823 2280 dum
1844 2226 1925 2280 de‘
1948 2226 2178 2282 ﬁmbriis

603 2319 663 2367 ct
688 2313 1034 2383 pbylacteriis
1069 2314 1465 2373 Phariszeornm
1490 2315 1664 2371 sancti
1690 2314 1955 2383 evangelii
1992 2316 2177 2372 lectio-

602 2415 727 2457 nem
747 2410 1059 2473 exponeret,
1082 2404 1425 2472 reprehendit
1452 2403 1666 2458 diceus:
1697 2422 1716 2453 ι
1742 2403 1856 2460 Hoc
1887 2406 2027 2474 apud
2052 2421 2172 2473 nos,

598 2492 797 2564 inquit,
824 2494 1212 2565 superstitiosa:
1236 2493 1564 2549 muliercula:
1600 2494 1657 2550 in
1688 2493 1927 2563 parvulis
1947 2511 2179 2567 evange-

599 2582 691 2637 liis
726 2593 782 2636 et
820 2582 876 2636 in
913 2582 1091 2638 crucis
1124 2582 1269 2652 ligno
1305 2589 1361 2636 et
1409 2581 1463 2636 in
1503 2581 1809 2639 istiusmodi
1839 2572 2019 2649 mbos,
2054 2601 2175 2655 quas

598 2672 799 2728 habent
834 2673 1049 2742 quidem
1079 2674 1252 2729 zelum
1283 2674 1657 2738 Dei,sednon
1681 2673 1835 2743 juxta
1862 2677 2169 2745 scientiam,

598 2776 772 2831 usque
797 2761 954 2817 hodie
980 2761 1245 2827 factitant,
1270 2763 1501 2819 culicem
1518 2763 1809 2834 liquantes,
1831 2774 1887 2821 et
1906 2767 2171 2822 camelum

2279 1876 2593 1944 gurationes
2620 1881 2821 1940 iuerint
2858 1886 3181 1959 futurorum,
3210 1910 3307 1950 nos
3334 1876 3603 1956 habemus
3630 1876 3863 1961 infveri-

2277 1971 2389 2021 tate
2407 1969 2729 2063 spiritaliter
2748 1991 2813 2031 ea
2839 1991 2959 2048 quze
2980 1980 3087 2037 illis
3110 1985 3504 2054 exemplaribus
3531 1982 3646 2046 sive
3679 1994 3863 2063 praeli-

2275 2058 2647 2126 gurationibns
2681 2068 2986 2125 carnalibus
3029 2071 3523 2144 prteﬁ’gnrabantur.
3562 2058 3863 2146 Quantum

2274 2161 2405 2216 ergo
2428 2152 2629 2208 eminet
2655 2157 2861 2213 umbrae
2891 2166 3111 2229 corpus,
3145 2164 3358 2234 imagini
3391 2167 3611 2231 veritas,
3654 2169 3869 2238 figuras

2277 2250 2363 2292 res
2384 2248 2553 2308 gesta,
2576 2251 2783 2299 tantum
2811 2248 3006 2302 eminet
3034 2250 3210 2304 Veteri
3233 2252 3574 2310 Testamento
3594 2255 3814 2312 Novum
3834 2278 3859 2314 :
3926 2248 3929 2251 λ

2273 2328 2470 2400 quippe
2502 2345 2622 2386 eum
2651 2333 2779 2388 illud
2805 2336 3104 2391 dedicatum
3144 2338 3214 2394 sit
3251 2355 3283 2395 a
3317 2338 3496 2413 Moyse
3536 2358 3657 2399 cum
3694 2345 3863 2404 lecto

2272 2419 2418 2473 omni
2440 2422 2689 2475 mandato
2720 2421 2851 2492 legis
2887 2426 3138 2482 universo
3165 2431 3380 2499 populo,
3414 2433 3681 2503 accipiens
3712 2451 3860 2492 san-

2272 2507 2483 2577 guinem
2518 2509 2806 2567 vitulorum
2856 2521 2913 2568 et
2966 2515 3244 2573 hircorum
3274 2534 3404 2574 cum
3441 2535 3579 2591 aqua
3619 2532 3674 2579 et
3720 2525 3859 2583 lana

2270 2600 2516 2656 coccinea
2538 2610 2596 2656 ct
2614 2603 2873 2674 hyssopo,
2897 2606 3072 2675 ipsum
3091 2614 3305 2679 quoque
3329 2610 3524 2667 librum
3551 2623 3605 2669 et
3626 2626 3869 2673 omnem

2268 2691 2524 2759 populum
2543 2694 2775 2762 aspersit
2798 2695 3002 2761 dicens,
3030 2694 3136 2752 Hic
3152 2701 3366 2770 sanguis
3387 2707 3680 2758 testamenti
3705 2710 3857 2778 quod

2265 2780 2535 2835 mandauit
2554 2781 2627 2836 ad
2648 2800 2739 2838 eos
2759 2783 2905 2840 Deus
2931 2785 3127 2857 (Emd.
3150 2788 3333 2859 xxiv);
3363 2790 3661 2849 istud'vero
3686 2795 3851 2852 dedi-

522 2914 533 2921 _
596 2853 905 2923 glutientes.
939 2872 958 2906 s
985 2853 1101 2909 Jam
1128 2869 1255 2910 vero
1277 2855 1401 2925 quia
1427 2870 1487 2911 se
1515 2854 1807 2926 imaginum
1837 2857 2171 2927 inspectione

2267 2876 2446 2925 catum
2484 2872 2555 2927 sit
2579 2887 2609 2927 a
2635 2876 2818 2930 mundi
2856 2853 3216 2950 Redemptore
3242 2853 3468 2937 Domino
3501 2891 3695 2940 nostro
3717 2885 3852 2942 Iesu

596 2942 880 3044 mirandas
905 2943 1151 3044 credunt.
1190 2943 1330 2999 sicut
1351 2944 1619 3044 ξεψειιιίε
1640 2945 1975 3044 ξιιιειιθοιίοξιθ
1998 2945 2169 3044 Isne:
2263 2957 2500 3026 Christo,
2527 2963 2621 3031 qui
2651 2964 2708 3018 in
2738 2980 2844 3035 qua
2880 2977 3027 3021 nocte
3060 2942 3384 3036 tradebatur,
3418 2973 3616 3043 accepit
3656 2991 3853 3044 partem

595 3032 777 3089 iiticus
801 3033 1029 3103 populus
1061 3050 1092 3088 a
1131 3035 1461 3104 serpentium
1488 3036 1759 3091 morsibus
1783 3037 2093 3102 sanabatur,
2118 3036 2165 3093 si

2267 3060 2311 3104 et
2344 3051 2601 3110 benedixit
2627 3071 2691 3107 ac
2707 3032 2882 3124 fregit,
2917 3057 3158 3123 deditque
3188 3032 3458 3132 discipulis
3490 3032 3600 3118 suis
3625 3032 3850 3122 dicens:

594 3140 698 3203 qua
736 3125 875 3180 forte
896 3126 975 3209 eis
1002 3127 1244 3195 quaedam
1282 3127 1525 3198 corporis
1556 3127 1894 3222 inclementia
1920 3143 2163 3185 accesse-
2187 3125 2234 3168 υ
2266 3142 2381 3197 Hoc
2421 3153 2496 3197 est
2523 3160 2712 3215 corpus
2740 3139 2913 3200 meum
2948 3151 3088 3219 quod
3127 3168 3224 3222 pro
3251 3125 3392 3209 vobis
3435 3156 3682 3212 tradetur
3710 3176 3730 3214 :
3752 3161 3847 3215 hoc

594 3217 686 3278 rit,
720 3226 1001 3272 recurrant
1028 3217 1094 3271 ad
1124 3218 1383 3287 imagines
1409 3232 1610 3289 easque
1640 3219 1932 3290 aspiciant.
1972 3227 2162 3290 quate-
2261 3232 2417 3303 facite
2453 3235 2511 3288 in
2540 3249 2708 3289 meum
2736 3217 3281 3295 commemorationem
3313 3258 3332 3297 :
3368 3245 3610 3300 similiter
3636 3257 3691 3301 et
3726 3251 3849 3304 cali-

593 3322 695 3362 nus
719 3307 846 3362 dum
874 3307 1083 3362 illarum
1115 3308 1444 3378 inspectione
1469 3309 1692 3364 minime
1718 3308 1892 3364 sanati
1919 3308 2155 3373 fuerunt,

591 3404 936 3452 revertantur
973 3396 1040 3451 ad
1078 3397 1384 3462 Dominum,
1420 3405 1475 3452 et
1507 3411 1604 3467 per
1640 3408 1946 3454 sanctorum
1996 3399 2164 3453 inter-

592 3487 864 3542 cessiones
888 3488 958 3541 ab
976 3503 1041 3543 eo
1065 3488 1351 3543 sanitatem
1375 3502 1433 3543 se
1470 3496 1786 3559 accepturos
1821 3489 2044 3545 credant
2067 3490 2160 3559 qui

591 3579 757 3633 totius
779 3579 1027 3634 sanitatis
1045 3586 1100 3633 et
1124 3579 1249 3632 vitae
1271 3587 1354 3634 est
1381 3588 1591 3636 auctor.

1123 3692 1127 3696 ι
1172 3666 1398 3723 CAPUT
1435 3668 1584 3724 XIX.

592 3754 746 3822 Quod
775 3770 979 3825 magna:
1006 3757 1072 3810 sit
1114 3755 1414 3812 temeritatis
1451 3758 1640 3825 dicere,
1671 3757 1822 3816 Sicut
1849 3758 2049 3816 Iudaeis
2075 3767 2160 3814 ta-

659 3824 801 3881 bulae
843 3833 899 3878 et
943 3825 1048 3879 duo
1090 3825 1386 3892 cherubim,
1417 3828 1498 3884 sic
1523 3824 1679 3886 nobis
1708 3830 2027 3887 Christianis
2064 3830 2162 3889 d0:-

658 3902 785 3973 nata
817 3902 901 3973 est
927 3910 1059 3973 crux
1084 3903 1140 3973 et
1173 3898 1788 3973 sanctorumjmagines,
1816 3901 1884 3956 ad
1919 3901 2160 3957 scriben-

658 3964 787 4020 dum
820 3972 874 4020 et
905 3966 1257 4021 adorandum.

576 4122 589 4133 η
658 4054 812 4127 Saepe
835 4055 891 4110 in
915 4056 1018 4112 hoc
1044 4071 1207 4127 opere
1233 4057 1412 4114 dicere
1438 4059 1958 4133 compellimurqttod
1985 4075 2160 4131 neque

587 4146 783 4202 tabulae
805 4160 979 4215 neque
1008 4145 1113 4200 duo
1131 4147 1427 4213 cherubim,
1451 4164 1552 4206 nec
1569 4158 1765 4206 caetera
1791 4149 2158 4218 hujuscemodi

585 4239 652 4292 ad
689 4237 1017 4293 adorandum
1034 4236 1281 4294 inVeteri
1300 4239 1647 4298 Testamento
1667 4241 1809 4298 facta
1846 4242 2009 4298 fuisse
2042 4246 2161 4300 ere;

585 4327 779 4379 dantur
800 4340 815 4379 :
838 4326 1180 4395 quiequidem
1201 4328 1291 4384 isti
1302 4332 1480 4386 omnia
1504 4332 1691 4391 relicto
1710 4332 2095 4389 mediOcritatis
2105 4342 2161 4389 et

2259 3339 2369 3377 cem
2402 3339 2673 3396 postquam
2699 3328 2917 3382 coenavit
2950 3329 3147 3395 dicens,
3189 3330 3294 3387 Hic
3328 3335 3472 3389 culis:
3494 3334 3711 3393 Novum
3745 3339 3832 3394 Te-

2257 3422 2568 3467 s'amentunt
2596 3424 2672 3468 est
2696 3415 2751 3469 in
2780 3431 2894 3470 meo
2923 3420 3195 3488 sanguine,
3218 3421 3309 3492 qui
3338 3439 3434 3493 pro
3459 3425 3603 3479 tabis
3650 3437 3702 3481 et
3747 3445 3841 3497 pro

2258 3503 2434 3557 multis
2465 3504 2761 3573 effundetur
2790 3507 2851 3561 in
2876 3509 3232 3564 rerhissiouem
3258 3523 3585 3582 peccatorum
3616 3516 3677 3586 (Ι
3716 3517 3838 3573 Cor.

2150 3616 2155 3619 -
2257 3592 2357 3662 ιι).
2384 3593 2442 3648 In
2484 3593 2574 3648 illo
2607 3596 2828 3666 sanguis
2859 3597 3135 3655 hircorum
3168 3607 3223 3654 et
3254 3606 3552 3666 taurorum,
3594 3613 3658 3661 et
3705 3608 3843 3687 cinis

2258 3684 2440 3741 vitula;
2459 3700 2713 3756 aspersus
2735 3688 3110 3759 coinquin'atos
3131 3693 3520 3760 sanctiﬁcabat,
3549 3696 3619 3750 ad
3636 3684 3840 3754 emun-

2257 3774 2528 3831 dationem
2568 3779 2781 3845 carnis;
2838 3781 2893 3835 in
2938 3781 3044 3837 isto
3092 3785 3308 3855 sanguis
3348 3785 3549 3841 Christi
3594 3790 3694 3858 qui
3742 3804 3839 3861 per

2259 3864 2519 3936 Spiritum
2543 3878 2790 3926 sanctum
2826 3874 3171 3944 semetipsum
3198 3868 3393 3930 obtulit
3429 3876 3833 3935 immaculatum

2256 3957 2397 4023 Deo,
2431 3966 2488 4014 et
2522 3961 2747 4016 mundat
2789 3963 3165 4020 conscientias
3198 3968 3410 4023 nostras
3464 3969 3535 4024 ab
3578 3972 3831 4041 operibus

2257 4048 2517 4113 mortuis,
2557 4050 2625 4104 ad
2662 4051 3002 4107 serviendum
3036 4054 3146 4108 Deo
3176 4054 3302 4110 vivo
3334 4064 3389 4110 et
3439 4072 3586 4113 vero.
3628 4058 3684 4113 in
3730 4058 3823 4113 illo

2257 4151 2427 4208 agnus
2472 4152 2574 4209 per
2616 4139 2865 4197 familias
2892 4143 3255 4207 occidebatur,
3307 4143 3533 4215 ejusque
3570 4146 3822 4202 carnibus

2256 4227 2453 4295 pascha
2475 4227 2877 4305 celebrabatur;
2896 4230 2955 4284 in
2988 4230 3094 4286 isto
3117 4228 3295 4302 Agnus
3322 4232 3420 4288 Dei
3440 4236 3533 4305 qui
3554 4234 3687 4290 tellit
3712 4251 3827 4305 pec-

2257 4331 2376 4374 cata
2397 4321 2580 4376 mundi
2601 4320 2783 4392 (Joan.
2817 4302 2879 4393 ὁ,
2902 4323 2995 4392 qui
3022 4331 3105 4378 est
3137 4338 3300 4378 verus
3323 4302 3495 4395 agnus
3516 4302 3825 4381 immacula-

586 4412 925 4469 rectitudinis
953 4414 1088 4470 calle
1115 4415 1169 4470 in
1188 4431 1252 4473 eo
1273 4418 1411 4473 ultra
1433 4432 1594 4488 quam
1623 4420 1755 4473 ordo
1773 4420 2034 4487 exposcit,
2063 4435 2156 4475 ex-
2181 4453 2236 4515 υ
2258 4416 2374 4515 ξιιδν
2562 4410 2739 4515 (ἔρδω.
2758 4419 2845 4467 εει
2880 4410 2936 4467 in
2968 4411 3315 4515 sacriﬁcium.
3341 4413 3575 4479 OhialBS.
3598 4415 3824 4515 ilicem-8

585 4502 797 4571 tollunt,
825 4505 970 4574 quod
989 4520 1053 4560 ea
1080 4507 1147 4561 ad
1172 4507 1501 4563 adorandum
1522 4509 1685 4564 fuisse
1718 4508 1912 4563 collata
1947 4510 2158 4578 procla-

584 4602 755 4659 mant,
783 4595 837 4650 in
865 4611 931 4650 eo
962 4610 1090 4652 vero
1116 4597 1257 4654 ultra
1286 4614 1449 4668 quam
1489 4614 1576 4655 res
1612 4597 1778 4667 exigit
1815 4598 2156 4666 submittunt,

589 4685 733 4756 quod
772 4685 878 4740 illis
904 4685 1164 4758 imagines
1189 4689 1521 4758 rcquiparare
1559 4686 1830 4742 affectant.
1865 4687 2002 4744 Cum
2029 4704 2158 4760 ergo

586 4775 791 4842 dicunt,
824 4795 844 4828 t
876 4775 1263 4834 Sicut-Iudaeis
1290 4777 1488 4832 tabulze
1526 4785 1581 4832 et
1612 4777 1716 4832 duo
1743 4777 2042 4842 cherubim,
2080 4778 2156 4833 ita

583 4866 739 4923 nobis
760 4866 1082 4923 Christianis
1105 4867 1227 4919 data
1253 4871 1338 4919 est
1366 4878 1498 4918 crux
1534 4874 1591 4918 et
1628 4870 1937 4919 sanctorum
1969 4865 2158 4933 imagi-s

581 4971 681 5013 nes
701 4957 770 5012 ad
794 4956 1125 5013 adorandum
1161 4959 1215 5006 et
1258 4952 1326 5007 ad
1362 4953 1736 5014 scribendum,
1776 4971 1794 5002 ι
1836 4953 1967 5021 quid
2010 4954 2155 5011 aliud

582 5046 810 5109 faciunt,
834 5046 939 5099 nisi
963 5052 1023 5097 ut
1048 5041 1311 5110 imagines
1333 5039 1588 5105 exaltant,
1610 5039 2040 5097 Christianorum
2065 5057 2154 5100 res

578 5133 908 5191 extenuent?
944 5129 1242 5200 prtesertim
1281 5144 1406 5184 eum
1441 5128 1561 5185 illos
1592 5129 1682 5198 qui
1719 5131 1820 5184 sub
1859 5130 1976 5201 lege
2000 5141 2155 5188 erant

582 5228 768 5285 dicant
786 5223 1040 5280 habuisse
1068 5220 1201 5276 duos
1229 5220 1503 5276 cherubim
1533 5236 1565 5276 a
1589 5220 1770 5291 Moyse
1793 5223 2055 5290 conditos,
2085 5226 2152 5281 de

578 5330 810 5388 quorum
837 5313 1014 5371 medio
1038 5311 1182 5369 Deus
1216 5311 1553 5384 loquebatur,
1584 5326 1686 5366 nos
1713 5320 1894 5368 autem
1926 5314 2019 5383 qui
2050 5315 2150 5370 sub

579 5413 752 5483 gratia
779 5425 967 5468 sumus
1007 5408 1190 5465 dicant
1237 5408 1441 5465 habere
1481 5420 1688 5473 cruces,
1723 5420 1844 5477 quae
1869 5422 1899 5461 a
1928 5407 2150 5478 quibus-

580 5504 710 5560 libet
740 5502 1039 5558 artiﬁcibus
1061 5499 1402 5564 elliciuntur;
1441 5496 1561 5553 illos
1598 5498 1690 5567 qui
1730 5497 1974 5552 umbram
2014 5497 2148 5566 legis

579 5590 940 5660 sumebantur
972 5582 1225 5645 habuisse
1268 5588 1488 5644 ftederis
1531 5587 1769 5650 tabulas;
1810 5586 2147 5642 continentes

577 5676 713 5746 legis
732 5677 1061 5745 decalogum,
1091 5695 1190 5732 nos
1215 5678 1306 5745 qui
1334 5677 1613 5732 veritatem
1643 5692 1764 5747 quas
1797 5675 2043 5732 Christus
2061 5684 2146 5731 est

2256 4497 2537 4567 Apostolo,
2579 4497 2788 4556 Pascha
2845 4510 3078 4557 nostrum
3136 4502 3435 4557 immolatus
3479 4513 3555 4558 est
3590 4503 3824 4559 Christus

2257 4586 2314 4658 (1
2336 4588 2460 4644 Cor.
2476 4588 2551 4658 v).
2578 4588 2636 4644 In
2666 4590 2760 4649 illo
2780 4590 3153 4648 Chananitidls
3178 4593 3353 4662 gentis
3375 4608 3595 4664 regnum
3620 4608 3818 4646 rerum-

2254 4689 2361 4744 que
2415 4678 2775 4746 corporalium
2810 4676 3078 4735 ailluentiu
3122 4680 3422 4749 pollicetur,
3466 4679 3520 4731 in
3560 4679 3659 4731 isto
3697 4676 3806 4730 vita

2252 4774 2453 4821 aeterna
2492 4772 2820 4835 regnumque
2846 4768 3104 4824 oculorum
3135 4769 3459 4826 conceditur.
3482 4768 3539 4822 In
3568 4767 3654 4822 illo
3681 4780 3807 4837 pro-

2218 4860 2223 4865 ’
2254 4854 2486 4908 mittitur
2510 4862 2656 4909 terra
2678 4867 2800 4922 qua:
2825 4853 2967 4910 lacte
2990 4862 3047 4910 et
3079 4857 3239 4913 melle
3260 4858 3404 4924 fluit;
3438 4858 3495 4912 in
3514 4856 3620 4912 isto
3646 4852 3813 4924 polli-

2252 4949 2406 4997 cetur
2428 4942 2602 5011 patria
2630 4942 2884 5009 cmlestis,
2908 4945 2963 4999 in
2987 4960 3095 5016 qua
3131 4948 3292 5004 datur
3322 4950 3468 5017 quod
3497 4963 3599 5004 uec
3630 4944 3823 5002 oculus

2251 5033 2403 5097 vidit,
2427 5048 2527 5088 nec
2548 5033 2697 5089 auris
2723 5034 2942 5100 audivit,
2973 5053 3077 5094 nec
3096 5038 3151 5093 in
3177 5053 3274 5095 cor
3295 5040 3536 5096 hominis
3555 5038 3816 5095 ascendit.

2250 5125 2306 5180 ln
2333 5125 2427 5181 illo
2465 5126 2780 5190 neomeniae,
2803 5126 2856 5182 id
2882 5136 2967 5184 est
2999 5144 3151 5186 novae
3192 5130 3335 5187 luna:
3369 5131 3654 5200 principia,
3679 5128 3821 5185 cole-

2248 5220 2478 5284 bantur;
2515 5218 2569 5272 in
2608 5217 2717 5273 isto
2752 5233 2891 5275 nova
2922 5228 3171 5276 creatura
3208 5222 3264 5278 in
3286 5222 3513 5288 Christe
3537 5221 3825 5292 accipitur,‘

2247 5322 2375 5362 vase
2397 5307 2678 5364 electionis
2702 5308 2869 5364 Paulo
2898 5317 3204 5377 attestante,
3230 5311 3323 5382 qui
3344 5314 3455 5366 ait:
3474 5311 3538 5368 Si
3563 5328 3669 5378 qua
3689 5324 3818 5366 sora

2246 5400 2302 5453 in
2327 5396 2533 5453 Christo
2558 5407 2816 5462 creatura,
2845 5407 3014 5454 cetera
3032 5402 3377 5473 transierunt,
3399 5417 3516 5456 ecce
3539 5402 3684 5471 facta
3701 5407 3820 5455 sunt

2247 5507 2380 5545 noua
2408 5489 2496 5561 (ll
2520 5488 2642 5544 Cor.
2669 5490 2748 5561 v).
2775 5489 2831 5544 lu
2856 5489 2948 5545 illo
2970 5490 3179 5546 sabbati
3202 5492 3376 5546 otium
3406 5500 3467 5547 et
3498 5492 3721 5562 requies
3735 5504 3827 5547 ce-'

2245 5583 2576 5645 lcbrabatur,
2602 5582 2654 5635 in
2685 5582 2789 5636 isto
2813 5581 3017 5645 sabbati
3053 5583 3270 5651 requies
3307 5583 3362 5637 in
3397 5583 3621 5638 Christo
3657 5582 3827 5638 δεινοί

2246 5682 2334 5728 tur
2366 5673 2456 5742 qui
2495 5671 2649 5734 dixit,
2687 5669 2865 5725 Venite
2900 5670 2968 5725 ad
3005 5686 3101 5736 me,
3140 5688 3319 5727 omnes
3344 5673 3457 5726 vui
3480 5672 3740 5730 laboratis
3771 5680 3816 5726 ct
