4026 6156
169 323 311 385 {N9

952 326 1127 381 LIBRI
1162 322 1502 381 CAROLINL
1541 353 1612 364 --
1645 323 1864 380 CAPIT.
1906 329 1993 385 DE
2026 330 2214 385 ΙΜΛίῖ.
2255 361 2324 371 -
2361 331 2490 386 LIB.
2533 331 2576 386 ι.

3282 342 3303 394 l
3313 341 3418 394 050

162 441 370 494 onerati
391 441 530 502 estis,
556 446 602 492 et
637 453 731 508 ego
756 453 844 492 vos
876 438 1128 506 reﬁciam,
1149 445 1196 490 et
1222 435 1485 488 invenietis
1507 435 1730 504 requiem
1758 439 1806 495 Α
1831 447 1919 492 cet
1950 444 2072 508 quia
2103 456 2202 495 nec
2225 452 2388 506 recte,
2414 451 2473 496 ut
2503 445 2693 504 fertur.
2723 446 3015 501 sacerdotii
3039 447 3251 504 culmen
3278 467 3408 505 con-

160 530 438 582 animabus
463 529 638 582 uestris
658 528 874 599 (Matth.
909 528 1007 597 ιι).
1038 527 1102 580 1η·
1123 526 1214 581 illo
1235 526 1518 595 pecoribus
1543 525 1735 578 immo-

159 616 288 670 lat's
312 617 490 672 carnis
513 625 567 670 et
602 617 885 686 sanguinis
918 616 1106 672 hostia:
1133 614 1513 676 offerebantur,
1541 614 1594 667 in
1629 612 1734 666 isto

157 705 488 760 sacriﬁcium
512 706 693 760 carnis
721 712 776 758 et
801 704 1072 772 sanguinis
1096 702 1300 758 Christi
1323 702 1561 763 oﬁertur,
1592 699 1732 770 quod

156 811 260 866 per
306 797 396 851 illa
434 797 690 851 animalia
729 797 1076 866 ﬁgurabatur.
1115 792 1174 846 In
1213 793 1306 847 illo
1335 791 1522 862 jugum
1571 806 1732 860 grave

153 885 296 955 legis
332 887 638 941 cervicibus
673 886 977 954 impositum
1017 883 1250 938 faciebat
1289 898 1489 943 servos,
1531 882 1583 935 in
1629 881 1732 934 isto

152 973 347 1046 iugum
377 975 579 1030 Christi
621 975 733 1029 leve
755 982 810 1028 et
828 988 964 1027 onus
993 987 1157 1026 suave
1196 987 1294 1041 per
1320 971 1568 1039 spiritum
1597 969 1730 1023 ado-

151 1067 364 1136 ptionis
390 1065 519 1120 facit
553 1065 708 1118 ﬁlios.
737 1063 832 1118 His
857 1062 932 1116 ita
956 1077 1014 1116 se
1050 1062 1371 1117 habentibus
1395 1074 1730 1130 perversum,

150 1163 211 1210 et
251 1156 398 1210 ultra
421 1171 577 1225 quam
599 1167 907 1224 perversum
930 1161 1030 1215 est,
1059 1161 1119 1206 ut
1141 1151 1446 1206 alternatim
1473 1165 1733 1205 converso

150 1245 350 1300 ordine
371 1242 834 1312 pncstantiorihus
859 1241 1142 1304 deteriora,
1159 1241 1581 1295 deterioribusve
1602 1255 1736 1308 pra:-

150 1334 417 1389 stantiora
460 1333 672 1394 dentur,
722 1340 779 1386 et
825 1331 958 1384 adeo
1011 1329 1299 1399 imaginum
1326 1344 1455 1383 usus
1489 1328 1736 1398 magniﬁ-

153 1431 311 1477 cetur
358 1430 418 1474 ut
464 1420 896 1476 Christianorum
946 1433 1034 1474 res
1092 1419 1320 1488 quodam
1369 1419 1530 1474 modo
1582 1427 1736 1474 exte-

155 1524 410 1569 nuentur.

751 1603 978 1660 CAPUT
1018 1604 1140 1659 XX.

154 1700 312 1784 053a
338 1735 444 1783 non.
471 1717 646 1770 minus
676 1716 932 1786 omnibus.
961 1715 1050 1769 sed
1083 1733 1210 1785 pene
1243 1716 1443 1769 cunctis
1477 1715 1594 1786 plus
1638 1716 1680 1770 1'
1679 1735 1736 1771 a-

1835 531 2121 596 scenderit,
2149 539 2203 584 et
2227 534 2352 601 quia
2385 533 2538 598 dixit,
2585 552 2604 584 ι
2649 532 2755 588 Pro
2789 537 3071 590 cherubim
3113 539 3409 596 habeanms

1835 619 2093 691 imagines
2123 643 2142 674 ι
2181 625 2500 692 quibusdam
2547 640 2644 694 per
2673 628 2920 682 eumdem
2963 628 3248 685 locutionis
3292 647 3406 686 mo-

1833 711 1978 774 dum,
2008 714 2098 780 qui
2132 729 2162 766 a
2196 716 2513 782 quibusdam
2552 719 2804 773 astismos
2842 731 3198 790 nuncupatur,
3233 722 3408 790 prola-

1834 802 1921 864 tis,
1954 818 2094 857 nunc
2123 805 2354 872 qualiter
2385 808 2524 860 intra
2561 819 2802 864 sanctam
2832 812 3113 866 ecclesiam
3149 812 3407 882 propitia-

1834 894 2030 948 torium
2054 894 2261 950 duobus
2286 898 2563 952 cherubim
2586 902 2956 966 obumbretur,
2977 905 3087 957 sive
3111 905 3402 958 secundum

1834 983 2164 1036 tabernaculi
2203 985 2638 1040 constitutionem
2666 991 2807 1056 quod
2847 991 2899 1044 in
2937 1007 3120 1045 eremo
3159 1009 3189 1046 a
3226 993 3407 1065 Moyse

1833 1074 2179 1129 constitutum
2203 1084 2305 1139 est,
2335 1076 2448 1130 sive
2473 1079 2765 1131 secundum
2787 1079 2968 1148 templi
2997 1082 3404 1138 ardiﬁcationem

1833 1166 1974 1233 quod
2006 1179 2036 1217 a
2064 1163 2351 1218 Salomone
2380 1163 2767 1236 Hierosolymis
2806 1178 3072 1224 structum
3094 1179 3195 1235 est,
3227 1173 3407 1227 Domi-

1834 1270 1904 1308 no
1929 1253 2240 1318 auxiliante,
2265 1253 2599 1322 spiritalibus
2622 1256 2883 1324 spiritalia
2913 1268 3286 1329 comparantes
3311 1276 3408 1315 ex-

1833 1341 2128 1412 pediamus,
2158 1356 2226 1396 ne
2246 1343 2314 1397 ab
2345 1341 2724 1412 insipientibus
2753 1345 3005 1413 quiddam
3030 1347 3232 1402 sanctis
3259 1348 3407 1404 Scri-

1833 1431 2008 1502 pturis
2050 1431 2308 1500 derogare
2343 1431 2640 1495 videamur,
2693 1448 2758 1487 eo
2802 1436 2942 1503 quod
2987 1436 3250 1506 imagines
3298 1455 3405 1494 non

1834 1523 2139 1576 adoramus.
2173 1521 2354 1576 Primo
2387 1525 2731 1591 quzerendlm
2777 1533 2860 1579 est
2902 1543 3001 1580 cur
3041 1527 3248 1599 Moyses
3282 1547 3404 1586 cum

1834 1610 2238 1666 tabernaculum
2273 1611 2473 1666 faceret
2498 1613 2630 1666 duos
2664 1615 2938 1668 cherubim
2976 1633 3168 1672 aureos
3195 1618 3400 1683 fecerit,

1835 1709 1891 1756 et
1917 1701 1971 1756 in
1995 1702 2370 1771 propitiatorio
2393 1703 2533 1772 quod
2565 1714 2683 1758 erat
2727 1721 2889 1774 super
2923 1724 3104 1762 arcam
3140 1713 3401 1780 posuerit,

224 1789 414 1866 rasitts'
435 1779 688 1866 delirqsse
721 1785 1041 1866 dinoscitur,
1084 1776 1284 1866 'dicens,
1333 1776 1488 1866 Sicut
1518 1796 1732 1866 veteres
1767 1776 1808 1834 Β
1835 1793 2089 1848 Salomon
2121 1809 2247 1848 vero
2281 1794 2414 1848 alios
2452 1794 2585 1849 duos
2623 1796 2792 1851 multo
2845 1796 3077 1866 majores
3120 1776 3400 1863 addiderit,

223 1859 532 1911 habuerunt
551 1855 829 1924 cherubim
850 1855 1257 1909 obumbrantem
1281 1857 1728 1924 propitiatorium,

223 1935 282 1981 et
341 1941 437 1979 nos
487 1924 748 1992 imagines
797 1923 1006 1977 Domini
1057 1925 1224 1978 nostri
1275 1923 1400 1979 Jesu
1439 1925 1638 1981 Christi
1677 1938 1733 1982 et

226 2004 430 2049 sancta:
453 1994 545 2046 Dei
569 1993 842 2062 genitricis
874 2001 930 2048 et
960 2004 1266 2049 sanctorum
1293 1992 1410 2063 ejus
1440 1996 1732 2053 habeamus

227 2065 616 2118 obumbrantes
651 2063 836 2117 altare.
1458 2095 1460 2097 ›

226 2154 347 2208 Non
379 2162 460 2207 est
499 2153 892 2222 inconsequens
920 2161 979 2206 ut
1005 2153 1278 2220 Tarasius,
1311 2156 1421 2225 qui,
1451 2166 1510 2210 ut
1540 2157 1730 2223 fertur,

151 2260 181 2299 a
219 2243 462 2314 populari
497 2243 904 2297 conversatione
945 2242 1010 2296 ad
1053 2245 1385 2300 sacerdotale
1429 2249 1661 2311 culmen,
1701 2264 1732 2303 a

151 2335 373 2389 militari
413 2333 594 2388 habitu
627 2334 693 2387 ad
733 2333 1063 2404 religiosum,
1093 2349 1122 2388 a
1162 2336 1309 2391 circo
1343 2338 1410 2391 ad
1455 2339 1728 2404 altarium,

152 2441 182 2479 a
225 2425 428 2480 forensi
465 2424 695 2476 tumultu
730 2423 795 2476 ad
839 2423 1296 2492 praadicationem,
1341 2429 1407 2480 ab
1455 2445 1731 2484 armorum

152 2517 384 2586 strepitu
411 2515 477 2569 ad
501 2523 685 2569 sancta
709 2517 960 2584 mysteria
988 2519 1288 2586 peragenda
1307 2521 1734 2576 extraordinario

153 2616 444 2678 provectus
477 2615 590 2672 est,
633 2607 968 2661 subditarum
1008 2607 1110 2660 sibi
1144 2608 1379 2676 plebium
1412 2618 1620 2666 mentes
1666 2612 1734 2665 ab

153 2698 491 2767 spiritalibus
514 2697 580 2750 ad
615 2697 873 2762 carnalia,
907 2699 974 2753 ah
1012 2699 1371 2754 invisibilibus
1394 2701 1462 2754 ad
1497 2699 1737 2756 invisibi-

157 2789 249 2851 lia,
281 2803 312 2842 a
347 2789 576 2843 veritate
607 2789 674 2843 ad
709 2789 1016 2858 imaginem,
1044 2805 1073 2844 a
1108 2805 1336 2859 corpore
1373 2790 1438 2845 ad
1468 2793 1764 2858 umbram,‘

156 2881 228 2933 ab
257 2878 464 2949 Spiritu
494 2879 798 2934 viviﬁcante
829 2879 896 2932 ad
925 2879 1159 2934 litteram
1194 2880 1628 2945 mortiﬁcantem,
1670 2883 1736 2936 ab

156 2971 349 3039 spiritu
381 2970 682 3039 adoptionis
711 2971 776 3024 ad
802 2970 1048 3038 spiritum
1099 2970 1327 3035 timoris,
1355 2972 1529 3026 denuo
1562 2973 1736 3028 redire

155 3059 483 3129 compellat:
515 3067 574 3112 ut
612 3059 865 3127 quoniam
906 3058 991 3114 ille
1027 3061 1228 3130 spretis
1268 3045 1503 3129 bisquze
1539 3062 1588 3116 ci
1625 3061 1734 3116 for-

154 3157 300 3204 tasse
331 3149 516 3203 illicita
553 3165 658 3204 non
690 3157 843 3203 erant
886 3150 936 3203 in
976 3150 1153 3205 laicali
1187 3153 1626 3216 conversatione,
1667 3153 1736 3209 ad

157 3239 506 3294 sacerdotalis
539 3238 791 3294 culminis
821 3239 1044 3307 gradum
1069 3239 1390 3306 convolavit,
1421 3241 1565 3310 quod
1592 3242 1642 3296 ei
1674 3242 1737 3296 il-

158 3331 362 3386 licitum
392 3339 510 3386 erat
534 3332 603 3384 ob
625 3331 965 3385 subitaneam
988 3333 1476 3396 conversationem,
1499 3333 1549 3387 ei
1571 3333 1736 3388 etiam

157 3424 384 3478 subdita:
419 3423 602 3492 plebes
643 3439 673 3476 a
716 3423 880 3478 licitis
927 3423 1246 3492 spiritalium
1297 3425 1740 3480 Observationum

157 3512 432 3582 mysteriis
454 3513 520 3567 ad
541 3512 758 3566 illicitas
782 3512 1143 3581 corporalium
1160 3529 1340 3568 rerum
1359 3514 1734 3569 observantias

159 3603 449 3657 convolent
472 3617 570 3670 per
592 3601 709 3670 ejus
733 3604 1191 3672 prmdicationem.
1216 3603 1351 3670 Quia
1385 3621 1514 3674 ergo
1545 3604 1737 3659 melio-

159 3697 316 3751 ribus
348 3697 682 3764 contemptis,
715 3695 985 3765 pejoribus
1017 3697 1097 3750 uti
1129 3697 1395 3762 hortatur,
1425 3705 1479 3750 et
1502 3697 1628 3766 quia
1651 3710 1738 3750 ve-

159 3795 310 3842 teres
334 3787 638 3841 habuerunt
660 3788 932 3842 cherubim
954 3787 1046 3856 qui
1076 3803 1174 3857 per
1199 3785 1416 3858 Moysen
1442 3786 1566 3841 facti
1591 3795 1735 3850 sunt,

160 3884 226 3938 de
266 3897 502 3950 quorum
547 3883 720 3937 medio
771 3883 1090 3952 loquebatur
1136 3884 1307 3947 Deus,
1355 3884 1740 3940 obumbrantes

158 3975 616 4046 propitiatorium,
670 3975 788 4030 ideo
819 3974 1002 4029 ﬁdeles
1035 3975 1282 4029 hortatur
1326 3976 1527 4028 habere
1552 3973 1740 4042 imagi-

158 4083 273 4133 nes,
309 4082 430 4136 qua:
461 4082 490 4119 a
521 4067 845 4135 quibuslibet
875 4067 1158 4137 opiﬁcibus
1195 4067 1520 4128 conduntur,
1555 4065 1753 4119 obium--

159 4157 380 4211 brantes
413 4156 602 4210 altare.
636 4155 820 4210 Faciat
855 4172 1036 4210 arcam
1073 4171 1194 4225 qua:
1238 4171 1344 4210 non
1371 4153 1440 4209 sit
1469 4151 1537 4208 de
1582 4151 1742 4220 lignis

160 4246 416 4304 Setthim.
448 4247 542 4301 sed
572 4246 830 4310 salicum;
861 4263 960 4301 nec
982 4247 1053 4300 sit
1086 4261 1218 4301 auro
1251 4253 1413 4308 tecta,
1439 4246 1532 4300 sed
1567 4245 1742 4312 plum-

158 4335 253 4402 bo;
297 4351 416 4404 qua:
451 4352 556 4390 non
587 4337 785 4391 habeat
812 4337 1041 4391 circulos
1064 4353 1276 4402 aureos,
1305 4337 1398 4391 sed
1431 4353 1645 4402 mneos;
1687 4339 1738 4392 in

1833 1885 2031 1954 quibus
2065 1886 2117 1939 in
2158 1884 2356 1953 templo
2391 1885 2581 1954 positis
2625 1887 2724 1940 sub
2761 1903 2945 1941 eorum
2991 1888 3092 1944 alis
3128 1906 3308 1945 arcam
3345 1891 3402 1944 in

1832 1976 2010 2029 medio
2053 1974 2396 2029 collocaverit
2442 1991 2563 2029 cum
2611 1977 2983 2045 propitiatorio
3025 1989 3079 2034 et
3122 1979 3403 2035 cherubim

1830 2067 2120 2136 prioribus,
2152 2074 2205 2119 et
2241 2065 2296 2118 in
2343 2065 2691 2121 tabernaculo
2715 2066 2820 2120 duo
2851 2068 3148 2132 cherubim,
3179 2070 3232 2123 in
3264 2077 3401 2124 tem-

1831 2155 1919 2225 plo
1945 2171 2072 2209 vero
2105 2163 2336 2224 quatuor
2370 2153 2609 2209 fuerint?
2642 2155 2721 2209 Ad
2759 2171 2919 2210 unam
2949 2157 3111 2227 igitur
3135 2157 3406 2213 eamdem-

1832 2260 1936 2314 que
1987 2245 2433 2313 signiﬁcationem
2476 2245 2692 2313 utrique
2724 2247 3012 2314 pertinent,
3046 2247 3149 2301 nisi
3197 2255 3403 2302 tantum

1833 2338 1976 2406 quod
1995 2337 2248 2391 Salomon
2273 2336 2364 2405 qui
2392 2335 2642 2406 paciﬁcus
2669 2337 3072 2406 interpretatur,
3097 2348 3151 2392 et
3178 2338 3404 2409 ﬁguram

1834 2426 2034 2482 Christi
2064 2426 2249 2496 gessit,
2275 2427 2485 2480 auctius
2529 2426 2642 2480 sive
2671 2426 2832 2481 latius
2855 2427 3082 2482 duorum
3121 2429 3402 2483 cherubim

1834 2519 2254 2588 magnitudinem
2287 2518 2615 2572 sublimavit.
2660 2518 2775 2585 Quo
2810 2520 2864 2573 in
2894 2519 3035 2575 facto
3076 2521 3316 2574 innuitur
3340 2537 3406 2579 c0

1839 2609 1982 2679 quod
2024 2617 2146 2678 post
2172 2609 2594 2664 incarnationem
2626 2609 2956 2665 Dominicam
2979 2610 3217 2665 Ecclesia
3245 2611 3408 2666 latius

1835 2710 1978 2758 esset
2025 2716 2090 2755 ex
2134 2702 2464 2755 diversarum
2509 2703 2748 2771 gentium
2789 2703 3201 2774 congregatione
3241 2704 3409 2758 subli-

1835 2797 2029 2850 manda
2055 2803 2110 2850 et
2144 2798 2388 2867 supernis
2424 2797 2630 2853 civibus
2680 2799 2976 2868 copulanda
3005 2817 3018 2852 :
3051 2799 3142 2868 qui
3172 2800 3251 2855 sic
3279 2814 3408 2854 con-

1835 2886 2064 2941 ditorem
2093 2886 2159 2941 de
2185 2887 2382 2941 collato
2418 2888 2519 2942 sibi
2564 2903 2784 2942 munere
2813 2889 3160 2942 beatitudinis
3190 2887 3410 2943 conlauv-

1836 2975 1986 3041 dant,
2014 2985 2072 3030 ut
2096 2976 2162 3032 de
2190 2987 2373 3032 nostra
2405 2979 2635 3047 quodam
2667 2978 2827 3032 modo
2859 2979 3131 3049 ereptione
3157 2986 3314 3047 atque
3339 2979 3408 3034 ad

1837 3067 2079 3120 eamdem
2133 3066 2518 3122 beatitudinem
2584 3067 2982 3122 mtroductione
3021 3068 3406 3137 congaudeant.

1838 3151 2124 3209 Cherubim
2150 3171 2399 3227 namque,
2432 3159 2570 3212 sicut
2615 3159 2874 3227 propheta
2913 3158 3162 3214 Ezechiel
3191 3158 3411 3214 eviden-

1839 3248 2044 3303 tissime
2081 3249 2433 3313 demonstrat,
2481 3251 2734 3320 angelica:
2772 3252 3051 3320 dignitatis
3089 3253 3408 3308 vocabulum

1836 3348 1936 3403 est,
1972 3354 2302 3409 numeroque
2347 3342 2604 3411 singulari
2652 3344 2876 3409 cherub,
2910 3345 3104 3414 plurali
3132 3361 3260 3400 vero
3288 3345 3411 3400 che-

1837 3429 2014 3486 rubim
2039 3429 2256 3484 dicitur.
2281 3430 2432 3486 Unde
2458 3441 2512 3484 et
2538 3449 2643 3488 non
2676 3435 2968 3504 incongrue
2999 3435 3050 3488 in
3081 3435 3265 3504 ﬁguris
3284 3437 3411 3491 che-

1838 3519 2014 3574 rubim
2057 3534 2176 3588 qua:
2205 3520 2258 3574 in
2301 3523 2518 3576 oraculo
2552 3535 2706 3579 erant
2737 3525 2875 3580 facta
2911 3526 3218 3596 evangelica
3250 3527 3408 3582 mini-

1836 3611 2001 3666 steria
2060 3611 2450 3683 intelliguntur,
2516 3615 2606 3684 qui
2666 3613 2941 3672 Conditori
3000 3631 3098 3671 suo
3148 3617 3202 3670 in
3257 3618 3412 3672 cmlis

1836 3699 2153 3755 assistentes
2203 3702 2268 3756 de
2317 3715 2412 3756 sua
2447 3713 2703 3772 perpetua
2759 3704 3093 3760 beatitudine
3136 3705 3407 3762 lwlantur.

1834 3789 1964 3844 Alas
1995 3791 2138 3844 enim
2169 3791 2236 3845 ad
2281 3793 2511 3847 invicem
2541 3809 2704 3862 super
2727 3810 2906 3851 arcam
2937 3798 3250 3862 extendunt,
3287 3812 3410 3852 cum

1837 3879 1902 3934 ad
1941 3880 2151 3936 laudem
2184 3883 2393 3937 Domini
2437 3884 2734 3939 Salvatoris
2762 3886 3002 3940 referunt
3027 3889 3228 3943 bonum
3253 3903 3414 3942 omne

1838 3973 1980 4037 quod
2023 3981 2365 4041 acceperunt.
2412 3973 2626 4028 Alteras
2672 3974 2784 4028 alas
2821 3977 2887 4028 ad
2933 3978 3136 4030 oraculi
3181 3982 3414 4046 parietes

1837 4061 2150 4126 extendunt,
2177 4077 2300 4116 cum
2328 4072 2544 4119 sanctos
2569 4065 2732 4118 etiam
2762 4065 3006 4119 homines
3035 4066 3088 4119 in
3118 4081 3213 4120 sua
3244 4065 3414 4120 socie-

1843 4159 1950 4204 tate
1973 4151 2217 4206 videntes
2259 4151 2529 4219 laetautur,
2553 4167 2752 4221 eosque
2778 4153 2921 4208 velut
2950 4153 3154 4207 alarum
3194 4169 3412 4208 suarum

1838 4241 2239 4295 summitatibus
2268 4249 2514 4311 tangunt,
2541 4257 2678 4312 quos
2695 4242 2936 4311 profecto
2958 4253 3235 4298 consortes
3254 4251 3414 4311 atque

1838 4347 2096 4401 sequaces
2123 4332 2395 4387 exstitisse
2437 4333 2490 4386 in
2529 4333 2632 4388 hac
2660 4333 2770 4387 vita
2813 4349 2924 4390 sure
2955 4335 3206 4404 puritatis
3231 4333 3413 4389 exsul-

159 4428 361 4494 quihus
385 4443 494 4480 non
531 4427 640 4481 sint
671 4438 852 4483 vectes
883 4427 950 4483 de
981 4428 1139 4498 lignis
1172 4428 1425 4492 Setthim,
1459 4430 1552 4484 sed
1588 4428 1738 4499 fago-
1766 4447 1818 4508 ι)
1842 4429 1976 4477 tant.
2018 4421 2162 4475 Duos
2211 4430 2389 4476 autem
2441 4439 2593 4494 reque
2638 4426 2870 4493 parietes
2898 4427 3010 4480 suis
3038 4433 3262 4496 tangunt
3291 4427 3414 4491 illis.

163 4529 317 4578 rum;
357 4515 411 4567 in
449 4530 552 4584 qua
585 4532 688 4570 non
719 4518 842 4572 'siut
881 4521 1078 4574 tabula:
1125 4535 1244 4588 quae
1291 4521 1524 4575 habeant
1554 4520 1739 4575 decem

162 4607 328 4663 verba
362 4607 514 4678 legis.
555 4609 646 4663 sed
692 4612 940 4667 undecim
981 4613 1176 4681 quibus
1215 4611 1570 4681 transgressio
1606 4611 1741 4682 legis

160 4701 526 4771 signiﬁcetur;
570 4703 623 4756 in
652 4718 757 4773 qua
797 4720 902 4757 non
933 4705 1004 4759 sit
1039 4705 1187 4773 virga
1209 4703 1408 4768 Aaron,
1437 4705 1529 4758 sed
1564 4704 1742 4773 cujus-

163 4791 291 4848 libet
313 4793 542 4848 baculus
577 4792 719 4846 illius
755 4793 1209 4862 prmdecessorum
1251 4793 1342 4861 qui
1380 4793 1449 4846 ab
1484 4792 1574 4846 illo
1612 4807 1742 4846 ana-

164 4883 604 4946 thematizantur,
623 4883 707 4938 vel
736 4900 765 4937 a
789 4885 986 4952 quibus
1007 4885 1094 4940 ille
1117 4885 1602 4939 anathematizatus
1627 4892 1736 4946 est;

83 4967 88 4974 ’
166 4973 220 5024 in
244 4989 347 5038 qua
373 4974 445 5026 sit
474 4989 630 5037 urna,
666 4990 772 5028 non
799 4991 920 5042 qua:
949 4976 1142 5029 habeat
1168 4991 1382 5038 manna,
1411 4975 1504 5030 sed
1527 4974 1745 5042 cujusli—

168 5062 261 5116 bet
289 5063 545 5125 germinis
568 5078 754 5131 grana.
783 5065 968 5119 Faciat
995 5071 1050 5119 et
1075 5065 1455 5118 candelabrum
1477 5079 1543 5118 ex
1569 5063 1768 5132 plum-'

168 5153 241 5204 ho
265 5148 575 5218 purissimo,
607 5162 661 5206 et
700 5166 938 5208 mensam
969 5152 1347 5224 propositionis
1377 5169 1596 5223 panum,
1625 5168 1745 5223 qum

172 5257 277 5294 non
325 5239 625 5308 appelletur
661 5253 868 5296 sancta.
909 5243 1122 5298 Scribat
1151 5251 1205 5296 et
1236 5243 1431 5298 librum
1473 5244 1624 5313 legis,
1653 5245 1744 5314 qui

171 5331 395 5388 cuilibet
425 5329 620 5384 manus
665 5332 774 5386 cito
813 5333 1087 5400 imponere
1116 5330 1314 5397 iubeat.
1352 5339 1407 5386 et
1453 5334 1748 5404 neophytos

175 5423 240 5477 ad
265 5423 638 5493 episcopatum
668 5422 973 5488 promoveri
999 5428 1340 5488 percenseat;
1369 5420 1460 5486 qui
1485 5422 1642 5476 etiam
1675 5422 1749 5478 si-

177 5512 509 5569 militudines
532 5512 731 5566 horum
751 5525 869 5578 qua:
890 5510 944 5562 in
972 5508 1108 5561 coelo
1133 5514 1187 5559 et
1213 5521 1332 5572 qua:
1347 5498 1407 5558 in
1435 5514 1576 5560 terra
1603 5520 1746 5574 sunt,

180 5605 325 5668 ﬁeri,
372 5603 552 5659 colere
589 5608 647 5655 et
691 5601 918 5656 adorare
965 5595 1270 5666 perdoceat.
1310 5596 1559 5651 Decursis
1592 5599 1750 5668 igitur

182 5698 417 5753 breviter
454 5696 558 5761 bis,
593 5692 789 5763 quibus
823 5686 1082 5745 'l‘arasius
1108 5683 1226 5738 ideo
1251 5699 1354 5739 non
1387 5690 1747 5772 rectepraedi-

1840 4513 1967 4582 quia
1998 4513 2183 4568 ﬁdeles
2225 4515 2506 4584 utriusque
2551 4516 2751 4586 populi,
2778 4515 3084 4573 Judzeorum
3130 4521 3335 4575 scilicet
3363 4531 3417 4577 et

1838 4608 2108 4677 gentium,
2158 4617 2432 4676 compotes
2487 4624 2671 4664 secum
2726 4611 2926 4666 habent
2973 4611 3110 4666 aula:
3156 4613 3414 4680 caelestis,

1839 4714 1945 4753 non
1973 4699 2116 4768 quod
2145 4699 2198 4752 in
2226 4699 2316 4754 illa
2345 4701 2516 4768 patria
2550 4702 2691 4757 inter
2726 4713 3015 4774 utrumque
3051 4706 3303 4776 pepulum
3345 4707 3417 4762 sit

1839 4790 2084 4856 quaedam
2117 4790 2391 4845 distinctio
2421 4791 2627 4852 localis,
2656 4792 2748 4846 sed
2779 4795 2904 4864 quia
2930 4793 3102 4863 major
3139 4796 3231 4850 ﬁat
3269 4795 3418 4850 fes'i-

1840 4879 1982 4934 vitas
2011 4879 2238 4934 interna:
2265 4881 2615 4936 beatitudinis
2638 4882 2706 4937 de
2736 4885 3011 4940 consortio
3036 4885 3280 4937 adunata:
3309 4883 3418 4936 fra-

1841 4970 2132 5025 ternitatis.
2183 4971 2493 5030 Extendunt
2523 4988 2653 5043 ergo
2677 4972 2964 5030 Cherubim
3012 4974 3082 5026 ad
3130 4981 3417 5040 utrumque

1841 5063 2102 5132 parietem
2133 5065 2338 5118 oraculi
2377 5065 2492 5120 alas
2518 5080 2663 5128 suas,
2693 5067 2818 5132 quia
2854 5066 3096 5118 lzetantes
3125 5063 3178 5117 in
3209 5063 3417 5120 caelesti

1843 5153 2034 5220 patria,
2085 5151 2262 5221 justus
2310 5155 2590 5223 utriusque
2618 5155 2792 5223 plebis
2827 5153 3033 5207 visione
3054 5169 3271 5222 quoque
3308 5170 3418 5210 sum

1845 5241 2030 5311 gloria:
2055 5242 2122 5296 ad
2155 5243 2364 5298 laudem
2395 5243 2666 5297 Creatoris
2695 5243 2951 5298 excitant.

1916 5333 2027 5388 Nec
2068 5335 2240 5388 solum
2296 5336 2362 5388 de
2409 5335 2623 5388 illorum
2669 5349 2804 5400 quos
2837 5345 3018 5385 secum
3045 5331 3188 5386 intus
3215 5333 3415 5386 habent

1848 5425 2124 5479 hominum
2149 5423 2417 5492 justorum
2445 5423 2696 5476 felicitate
2743 5420 2990 5474 laetantur
3015 5419 3223 5486 agmina
3238 5419 3415 5473 .coele-
3445 5420 3466 5465 1‘-

1848 5515 1970 5576 stia,
2002 5529 2186 5568 verum
2215 5515 2377 5568 etiam
2405 5510 2593 5570 nostri,
2639 5508 2730 5575 qui
2779 5506 2910 5562 foris
2930 5509 3104 5564 adhuc
3146 5507 3306 5576 positi
3353 5510 3416 5563 de

1847 5605 2128 5676 profundis
2145 5605 2211 5658 ad
2237 5601 2521 5655 Dominum
2563 5598 2875 5661 clamamus,
2899 5597 3206 5650 continuam
3234 5612 3418 5650 curam

1851 5703 2063 5766 gerunt.
2097 5694 2168 5747 Dc
2187 5690 2381 5758 quibus
2406 5687 2680 5743 cherubim
2711 5687 2845 5740 bene
2873 5687 3034 5741 etiam
3071 5684 3124 5738 in
3159 5685 3294 5738 libro
3321 5685 3414 5739 Pa-
