4026 6156
609 286 746 359 ψρι

1474 280 2094 369 summittes:
2121 279 2282 337 ore.
2322 283 2501 340 rans
2539 288 2610 345 ιιι
2645 288 2889 348 εεετιο
2922 292 2991 348 ιι,
3080 322 3091 329 -

611 392 979 462 ralipomenon
1019 389 1278 461 scriptum
1314 399 1398 455 est
1427 406 1446 444 :
1476 389 1585 462 Ipsi
1623 400 1814 467 autem,
1842 390 2036 461 inquit,
2066 398 2188 469 'sta-
2214 392 2262 449 Α
2287 388 2591 449 Iudaeorum
2617 396 2957 473 expulsione,
2999 403 3317 479 multimoda
3342 408 3606 469 Ecclesia:
3639 413 3883 479 tribuis-

611 482 734 536 bant
757 482 939 536 erectis
965 470 1180 551 pedibus
1208 490 1255 534 et
1305 482 1468 550 [acies
1513 497 1692 537 eorum
1730 497 1889 540 uersae
1926 489 2073 534 erant
2116 481 2185 534 ad

606 572 913 626 exteriorem
964 571 1174 626 domum
1216 570 1303 641 (11
1342 568 1526 627 Paral.
1566 572 1670 642 ιιι).
1705 571 1934 627 Stabant
1985 572 2182 643 etenim

606 662 803 721 erectis
825 661 1049 730 pedibus
1072 662 1370 732 cherubim,
1401 663 1525 732 quia
1559 678 1834 733 nunquam
1866 679 1897 717 a
1919 662 2006 716 via
2048 663 2185 721 veri-

609 740 757 815 tatis,
810 750 865 804 in
913 766 1019 820 qua
1072 750 1196 805 mox
1244 760 1304 805 ut
1350 753 1551 808 conditi
1574 762 1699 808 sunt
1741 756 1903 825 positi
1940 756 2180 821 fuerunt,

607 840 1000 912 quodammodo
1053 844 1335 899 aberrasse
1384 845 1697 909 creduntur.
1752 846 1939 904 Facies
1992 865 2181 907 eorum

603 938 938 1009 erantverSae
960 934 1026 986 ad
1047 922 1381 988 exteriorem.
1398 924 1635 1019 domum,
1663 936 1788 1006 quia
1812 953 1912 992 nos
1933 938 2003 993 ab
2024 937 2181 1007 hujus

602 1010 1048 1091 peregrinationis
1091 1040 1331 1079 aerumna
1356 1010 1573 1096 ereptos
1601 1028 1670 1083 ad
1692 1044 1848 1084 suum
1874 1030 2204 1117 desiderant)

602 1113 884 1179 pervenire
918 1116 1268 1170 consortium.
1300 1116 1527 1193 Stabant
1554 1134 1687 1192 ergo
1705 1114 1902 1177 erectis
1929 1124 2176 1194 pedibus,

603 1201 717 1287 alas
748 1201 815 1256 ad
851 1220 984 1260 auro
1040 1214 1214 1262 textus
1259 1200 1462 1265 oraculi
1528 1210 1763 1287 parietes
1800 1221 2069 1276 extentas.
2122 1226 2178 1272 et

604 1291 771 1375 facies
795 1294 1066 1353 habebant
1091 1315 1273 1357 versas
1300 1300 1368 1355 ad
1403 1302 1622 1358 domqu
1661 1305 2006 1371 exteriorem,
2048 1310 2177 1377 quia

604 1383 851 1441 videlicet
878 1387 950 1440 ita
976 1389 1147 1459 angeli
1187 1406 1337 1445 suam
1375 1401 1632 1460 perpetuo
1667 1394 2030 1451 innocentiam
2046 1413 2183 1453 con-.

604 1485 860 1549 servant:
891 1479 970 1534 sic
997 1480 1064 1539 de
1091 1483 1391 1539 animarum
1410 1494 1727 1555 sanctarum
1750 1487 1809 1541 in
1853 1488 2006 1543 ccelis
2030 1536 2031 1539 η
2051 1490 2203 1561 ιιεαου

606 1546 834 1623 titudine
871 1572 1229 1640 congaudent,
1263 1580 1324 1627 ut
1364 1552 1445 1629 eis
1469 1590 1684 1644 quoque
1721 1592 1857 1646 quos
1904 1577 1960 1632 in
2012 1550 2201 1651 terris;

2248 479 2431 537 'tione
2475 482 2617 539 facta
2664 497 2881 551 narrat,
2936 477 3069 546 haec'
3106 477 3295 551 eadem
3346 498 3511 569 Vetus
3546 477 3881 561 Testamen—

2287 581 2421 636 tum,
2459 574 2506 629 si
2551 584 2698 630 recte
2727 576 3072 648 intelligitur,
3100 586 3371 642 veraciter
3397 585 3647 649 facienda
3674 597 3882 662 prati-

2283 664 2461 717 cebat.

2314 732 2321 741 λ
2349 751 2650 825 Adventum
2669 770 2803 813 vero
2819 757 3162 835 Antichristi,
3192 740 3355 823 ﬁnem
3378 768 3573 839 amuli
3609 776 3873 841 extremi,

2281 843 2568 900 discrimen
2589 843 2781 914 iudicii
2820 858 2877 905 et
2896 859 3156 909 aeternam
3179 853 3443 913 bonorum
3463 860 3725 929 gloriam,
3752 879 3873 933 pa:-

2280 947 2511 1002 namque
2536 935 2912 1003 reproburum,
2934 943 3192 1001 concordi
3236 953 3527 1016 utrumque
3547 949 3870 1009 Testamen-

2280 1029 2394 1076 tum
2428 1022 2655 1078 veritate
2700 1025 2966 1101 profatur.
2994 1031 3107 1088 Ala:
3134 1033 3301 1103 igitur
3327 1037 3608 1097 cherubim
3638 1040 3871 1100 interiu-

2279 1125 2367 1164 res
2406 1126 2570 1182 super
2631 1129 2816 1173 arcatn
2868 1133 2928 1173 se
2978 1121 3213 1194 invicem
3259 1126 3669 1197 contingebant,
3730 1135 3867 1201 quia

2278 1201 2621 1289 Testamenta
2643 1210 2761 1278 pari
2785 1210 2851 1265 de
2871 1212 3099 1277 Domino
3118 1219 3469 1274 attestatione
3488 1225 3862 1289 consentiunt.

2275 1288 2407 1347 Item
2429 1292 2532 1348 alis
2554 1297 2917 1367 citerioribus
2945 1302 3048 1356 iste
3075 1319 3242 1362 unum
3272 1308 3567 1376 parietum,
3597 1312 3681 1368 ille
3709 1288 3854 1368 alte-

2276 1393 2394 1433 rum
2424 1384 2770 1460 contingebat
2808 1389 2936 1457 quia
2977 1391 3144 1462 Vetus
3185 1393 3593 1453 Testamentum
3641 1403 3861 1471 proprie

2273 1470 2492 1539 antiquo
2537 1472 2629 1527 Dei
2657 1477 2855 1546 populo
2891 1479 3153 1549 scriptum
3191 1493 3295 1550 est,
3323 1485 3532 1541 Novum
3554 1504 3682 1560 vero
3700 1470 3867 1547 nobis

2273 1556 2365 1624 qui
2380 1567 2503 1626 post
2517 1559 2947 1623 incarnationem
2961 1568 3296 1639 ﬂaminicam
3318 1575 3387 1630 ad
3409 1575 3568 1632 fidem
3594 1556 3856 1646 venimus,

601 1652 772 1709 adhuc
794 1658 1125 1726 peregrinari
1150 1662 1485 1731 conspiciunt
1509 1664 1696 1719 electis
1713 1680 1870 1735 opem
1894 1665 2036 1723 terre
2061 1683 2170 1741 non
2194 1732 2244 1752 ﬁ
2270 1657 2327 1703 e‘
2367 1651 2602 1731 secundo
2645 1657 2838 1752 Peristi
2856 1698 2893 1731 ν,
2929 1660 3051 1739 hoc,
3068 1672 3156 1752 ἐξδὲ
3211 1669 3645 1752 εθΡιεηινίοηξιέμ
3694 1681 3861 1742 mete

600 1743 867 1810 desinant,
892 1750 1061 1822 donec
1087 1758 1143 1806 et
1168 1740 1287 1807 illos
1314 1753 1382 1809 ad
1398 1804 1399 1807 η
1417 1754 1693 1819 cmlestem
1720 1732 2166 1826 patriamsintro-
2194 1734 2199 1789 ί

2275 1755 2669 1823 comparamur,
2707 1732 3051 1830 quibuspust
3072 1732 3305 1827 figuram
3329 1775 3394 1821 ac
3419 1732 3875 1827 tenebras

601 1834 816 1906 ducant.
862 1835 1094 1894 Possunt
1132 1840 1314 1906 etiam,
1350 1843 1489 1904 sicut
1508 1844 1618 1912 jam
1652 1846 1705 1900 in
1755 1848 2022 1925 superiori
2077 1864 2185 1907 car

599 1922 765 1995 pitnlo
786 1930 1022 1991 exsecuti
1059 1946 1265 1997 sumus,
1288 1948 1388 2005 per
1423 1935 1555 1990 duos
1593 1935 1871 1991 cherubim
1892 1922 2021 2013 duo
2068 1938 2201 1999 Te—,

598 2024 865 2095 stamenta
885 2010 1198 2091 signiﬁCari.
1221 2022 1344 2078 ideo
1367 2023 1531 2095 igitur
1552 2012 1606 2082 in
1627 2027 1847 2108 oraculo
1868 2010 1995 2109 sunt
2014 2028 2170 2094 facti,
2198 2080 2201 2089 .

598 2111 723 2177 quia
769 2110 824 2164 in
875 2112 1102 2169 consilio
1145 2114 1338 2172 divina:
1382 2118 1727 2187 provisionis,
1779 2114 1936 2175 nobis
1985 2120 2207 2197 utique

599 2199 957 2271 inaccessibili
995 2212 1155 2274 atque
1205 2206 1767 2277 incomprehensibili,
1801 2198 1929 2279 ante
1972 2211 2169 2273 satcula
2200 2208 2205 2212 ’

596 2290 911 2370 dispositum
929 2304 1010 2350 est
1030 2299 1244 2366 quando
1263 2298 1316 2354 et
1327 2301 1558 2370 qualiter
1577 2303 1841 2372 quibusve
1853 2305 2170 2361 auctoribus

597 2395 750 2434 sacra
776 2380 1057 2453 Scriptura
1077 2387 1418 2450 conderetur.
1452 2389 1525 2443 De
1559 2389 1719 2461 lignis
1750 2405 1883 2445 vero
1902 2392 2166 2449 olivarum

596 2479 721 2522 sunt
744 2468 890 2536 facti,
923 2474 1036 2528 sive
1058 2476 1182 2544 quia
1206 2491 1304 2545 per
1332 2476 1479 2531 viros
1500 2479 1884 2539 misericordiae
1913 2483 2167 2543 unctione

598 2558 831 2639 Spiritus
863 2562 1035 2616 sancti
1061 2564 1357 2619 illustratus
1392 2565 1561 2620 divini
1608 2570 1900 2639 conscripti
1945 2579 2071 2626 sunt
2096 2571 2167 2627 li-
2196 2556 2203 2559 ’

597 2646 710 2712 bri;
769 2650 882 2703 sive
930 2652 1054 2720 quia
1102 2652 1275 2707 lucem
1331 2656 1568 2711 scientia:
1626 2658 1886 2725 tribuunt,
1943 2658 2168 2729 juvante

597 2738 809 2820 flamma
857 2740 1139 2799 charitatis
1174 2745 1282 2811 Dei,
1327 2762 1446 2815 qum
1495 2762 1591 2817 per
1618 2748 1878 2820 Spiritum
1918 2762 2165 2811 sanctum
2198 2804 2201 2808 Α

595 2815 912 2886 dill‘unditur
942 2832 995 2887 in
1038 2833 1290 2890 cordibus
1315 2815 1533 2891 nostris.
1565 2815 1761 2893 Decem
1805 2842 2002 2898 cubitis
2040 2852 2195 2913 sunt,

595 2920 708 3004 alti,
742 2921 867 2990 quia
908 2938 1005 2994 per
1035 2912 1431 2993 observantiam
1461 2930 1697 3000 decalugi
1738 2931 1874 3004 legis
1912 2934 2023 2990 Deo
2053 2950 2167 2990 ser-

594 3010 844 3069 viendum
892 3017 1203 3087 praedicant,
1238 3021 1363 3088 quia
1418 3021 1527 3077 Deo
1569 3022 1799 3078 fideliter
1849 3027 2197 3095 servientes,_

594 3098 813 3158 denario
843 3120 901 3160 se
931 3108 1350 3164 remunerandus
1374 3124 1496 3169 esse
1532 3113 1682 3182 regni
1708 3114 1944 3171 cmlestis
1983 3126 2167 3173 osten-
2194 3079 2244 3144 α

595 3192 746 3247 dunt.
784 3192 1037 3250 Geminas
1085 3196 1285 3253 habent
1326 3200 1468 3267 alas,
1524 3204 1650 3274 quia
1699 3214 2018 3263 testamenta
2067 3224 2168 3279 per

594 3299 779 3371 aspera
817 3301 968 3355 :cque
992 3296 1045 3341 et
1072 3304 1326 3361 prospera
1356 3284 1626 3351 indefesso
1656 3299 1934 3366 proposito
1950 3314 2168 3371 semper

594 3362 663 3433 ad
692 3379 931 3437 cmlcstia
965 3381 1252 3438 tetendisse
1280 3401 1343 3440 ac
1376 3372 1685 3455 pervenisse
1720 3391 2018 3457 declarant,
2040 3376 2166 3464 quia

595 3468 698 3525 huc
749 3470 890 3526 idem
920 3471 1032 3525 suis
1064 3475 1374 3531 auctoribus
1424 3475 1731 3535 faciendum
1781 3496 1903 3537 esse
1937 3483 2195 3545 demone,

594 3545 788 3625 strant.
814 3559 1059 3632 Quinque
1084 3564 1386 3645 cubitorum
1420 3567 1505 3623 ala
1533 3569 1736 3626 cherub
1773 3587 1898 3639 una,
1931 3580 1985 3628 et
2009 3573 2198 3645 quin-3

595 3663 699 3728 que
729 3650 1033 3705 cubitorum
1086 3650 1168 3707 ala
1202 3641 1406 3711 cher'ub
1427 3650 1616 3725 altera,
1642 3661 1767 3731 quia
1794 3661 1850 3716 in
1893 3662 2042 3718 omni
2087 3663 2169 3719 la-

595 3730 835 3825 bentium
881 3730 1058 3826 rerum
1098 3745 1356 3802 varietate
1396 3752 1567 3805 sancti
1616 3730 1896 3810 universos
1921 3756 2173 3825 corporis

596 3814 680 3887 sui
724 3828 911 3887 sensus
959 3814 1010 3893 in
1039 3823 1355 3911 Obsequium
1392 3844 1474 3899 sui
1507 3844 1814 3904 Conditoris
1843 3847 2195 3919 extendunt,_

595 3924 781 3981 oculos
821 3927 1079 3984 habentes
1107 3945 1318 4003 semper
1345 3932 1412 3988 ad
1452 3936 1759 4015 Dominum.
1794 3940 1982 3996 audire
2017 3941 2173 4007 desi-,

597 4017 847 4072 derantcs
893 4010 1078 4097 vocem
1122 4022 1295 4095 laudis
1341 4024 1477 4094 ejus,
1519 4038 1574 4084 et
1627 4010 1885 4086 enarrare
1912 4032 2195 4097 universa

595 4107 860 4164 mirabilia
888 4111 1022 4181 ejus.
1047 4114 1222 4171 dulcia
1246 4117 1492 4176 faucibus
1522 4123 1641 4179 suis
1664 4123 1923 4180 habentes
1948 4126 2167 4195 eloquia

595 4196 738 4265 illius
755 4217 914 4272 super
941 4204 1044 4259 mel
1070 4216 1122 4259 et
1148 4205 1328 4265 favum
1359 4210 1440 4265 uri
1460 4225 1579 4278 suo,
1607 4222 1885 4270 currentes
1914 4215 1969 4271 in
1998 4218 2168 4274 odoro

594 4299 989 4357 unguentorum
1029 4292 1145 4363 ejus
1190 4307 1244 4352 et
1278 4301 1446 4356 donec
1479 4311 1727 4372 superest
1766 4304 1967 4363 halitus
1989 4307 2045 4362 in
2064 4308 2166 4371 eis,

2268 1832 2441 1897 lati-ite
2468 1834 2646 1893 lucem
2668 1840 2929 1897 veritatis.
2947 1859 3279 1914 cognoscere
3296 1849 3486 1904 datum
3516 1861 3627 1906 est.

2318 1926 2475 1982 Nam
2519 1932 2623 1986 etsi
2665 1934 2941 2002 primitiva
2994 1938 3230 1997 Ecclesia
3273 1942 3506 1998 maxime
3554 1946 3621 1999 de
3656 1943 3867 1999 Iudaeis

2267 2016 2521 2085 efﬂoruit,
2555 2029 2609 2076 et
2633 2027 2812 2081 omnis
2840 2027 3002 2084 Israel
3030 2031 3175 2086 circa
3214 2032 3376 2095 linem
3427 2035 3608 2092 saeculi
3634 2036 3855 2093 salvan-

2269 2110 2370 2171 dus
2418 2126 2541 2171 esse
2579 2116 2866 2182 credatur,
2923 2118 3159 2187 plurimi.
3182 2128 3360 2175 tamen
3404 2122 3643 2179 ﬁdelium
3683 2123 3857 2191 huius

2271 2192 2531 2270 temporis
2554 2205 2619 2261 de
2649 2208 2897 2276 gentibus
2919 2220 3309 2279 congregantur
3335 2212 3402 2271 ad
3420 2211 3883 2281 Evangeliisusa

2268 2292 2512 2361 cipienda
2554 2306 2935 2352 sacramenta-
2982 2298 3320 2369 Quibusle
3357 2301 3523 2355 etiam
3575 2301 3845 2359 divinitus

2270 2382 2527 2439 donatum
2561 2395 2642 2441 est
2667 2395 2724 2441 ut
2753 2387 3000 2447 revelatis
3031 2389 3202 2445 oculis
3227 2392 3313 2449 sui
3338 2393 3523 2453 cordis
3555 2392 3853 2450 manifeste

2270 2486 2595 2545 cognoscant
2638 2477 2872 2533 litteram
2903 2480 3113 2537 Veteris
3145 2480 3480 2559 Testamenti
3521 2484 3853 2554 evangelica:

2269 2568 2458 2637 gratia:
2477 2567 2684 2638 plenam
2708 2582 2828 2625 esse
2847 2570 3142 2639 mysteriis.
3169 2572 3366 2628 Versas
3388 2572 3655 2629 habentes
3677 2575 3846 2630 facies

2269 2658 2549 2714 cherubim
2576 2659 2644 2714 ad
2669 2660 2995 2717 exteriorem
3019 2660 3261 2729 domum,
3285 2665 3406 2734 quia
3431 2680 3530 2720 nos
3558 2666 3651 2734 qui
3671 2668 3853 2723 adhuc

2269 2744 2404 2803 foris
2431 2734 2640 2807 stamus
2672 2767 2777 2806 non
2810 2766 2870 2806 re
2905 2752 3040 2821 ipsa,
3072 2754 3169 2808 sed
3201 2769 3296 2824 spe
3323 2755 3456 2813 salvi
3484 2754 3612 2809 facti
3637 2772 3857 2825 sumus.

2270 2828 2447 2892 Divini
2480 2847 2605 2894 sunt
2630 2838 2755 2895 libri
2781 2841 3004 2906 conditi,
3037 2843 3163 2911 quia
3191 2844 3482 2914 scriptores
3509 2861 3692 2901 eorum
3728 2846 3855 2916 jam

2270 2922 2563 2997 regnantes
2612 2944 2736 2984 cum
2790 2930 3019 2987 Domino
3067 2931 3327 3000 illumque
3356 2933 3739 2989 conlaudantes
3794 2936 3887 3009 in,

2270 3018 2437 3073 cmlis.
2462 3034 2648 3074 curam
2678 3028 2880 3074 nostra:
2924 3028 3119 3089 gerunt
3139 3020 3329 3076 salutis
3354 3035 3380 3063 α
3404 3038 3609 3093 proque
3650 3025 3858 3083 nostris

2268 3107 2535 3162 erratibus
2554 3106 2695 3175 apud
2738 3107 2854 3176 ejus
2885 3108 3144 3178 pietatem
3194 3111 3564 3183 interpellant.
3607 3112 3859 3169 Circum—

2270 3192 2379 3268 dati
2405 3206 2531 3254 sunt
2551 3213 2683 3254 auro
2703 3199 3003 3263 cherubim,
3041 3201 3169 3269 quia
3198 3203 3474 3271 praeclaris
3518 3207 3861 3277 scriptorum

2270 3308 2494 3348 suorum
2527 3292 2779 3363 operibus
2817 3293 3171 3351 confirmatur
3194 3296 3490 3353 auctoritas
3536 3298 3862 3365 Testamen-

2270 3390 2468 3447 torum,
2518 3381 2859 3437 manifestata
2918 3391 3102 3437 autem
3151 3398 3248 3455 per
3294 3386 3485 3441 urbem
3541 3387 3864 3462 cognitione

2268 3472 2567 3526 divinarum
2610 3472 3044 3542 Scripturarum,
3075 3474 3190 3532 sive
3230 3475 3445 3531 interna
3486 3477 3657 3547 gloria
3686 3479 3864 3537 uele-

2269 3560 2431 3615 stium
2463 3561 2757 3629 agminum.
2808 3561 3045 3640 U‘terque
3078 3565 3221 3618 enim
3255 3566 3485 3632 cherub,
3508 3576 3569 3623 ut
3592 3569 3853 3639 diximus,

2266 3659 2323 3721 et
2353 3652 2573 3723 angelos
2606 3660 2660 3707 et
2696 3652 3041 3711 Testamenta
3079 3655 3376 3727 designant.

2850 3783 3079 3841 CAPUT
3118 3787 3263 3841 XXI.”
3332 3822 3335 3823 ν

2446 3886 2563 3925 non
2581 3873 2711 3927 bene
2730 3873 2967 3955 Joannes
2986 3877 3251 3947 presbyter
3269 3889 3493 3961 sentem
3512 3884 3606 4006 Tui
3631 3893 3689 3937 ut
3711 3884 3863 3963 litua-—

2270 3986 2299 4006 ι
2338 3958 2518 4006 gntum
2541 3942 2901 3998 adoratam»:
2930 3955 3203 4006 astrueret,
3236 3948 3390 4006 dixit.
3421 3950 3490 4005 Et
3546 3969 3673 4006 esus
3695 3954 3853 4006 Nam

2270 3986 2299 4010 ,
2338 3942 2518 4015 ginugn
2541 3942 2901 4015 adiuratione»:
2930 3942 3203 4010 caruerit,
3236 3948 3390 4014 dicit,
3421 3950 3490 4005 Et
3512 3942 3673 4010 Iesus
3695 3954 3853 4011 Nave

2340 4011 2620 4067 duodecim
2646 4011 2848 4084 lapides
2873 4016 3060 4068 statuit
3079 4015 3132 4070 in
3161 4017 3254 4072 Dei
3275 4011 3560 4083 memoria.
3848 4080 3851 4083 .

2300 4090 2303 4093 Ι
2339 4123 2475 4195 Cum
2506 4124 2560 4178 in
2581 4126 2770 4181 eadem
2800 4126 3005 4196 synodo
3033 4143 3154 4197 quaa
3176 4144 3274 4198 pro
3322 4131 3611 4189 adorandis
3649 4133 3849 4205 imagi-

2269 4211 2429 4268 nibus
2451 4209 2594 4266 facta
2622 4221 2727 4279 est,
2758 4211 2912 4283 cuius
2940 4229 3039 4270 nos
3083 4230 3299 4279 errores
3327 4222 3641 4277 summatim
3664 4220 3853 4283 discu-

2270 4301 2483 4356 tiendos
2521 4302 2865 4372 arripuimus,
2917 4304 3124 4360 nullum
3160 4308 3528 4367 testimonium
3557 4327 3628 4368 ex
3646 4314 3848 4371 divinis

595 4382 652 4427 et
678 4374 899 4445 spiritus
942 4380 1037 4434 Dei
1076 4383 1131 4435 in
1174 4386 1395 4441 naribus
1436 4388 1698 4457 ipsorum,
1747 4407 1853 4446 non
1886 4392 2168 4462 loquentes
2199 4391 2514 4483 Dapicibus
2535 4392 2804 4463 prolatum
2828 4392 2897 4447 ad
2922 4395 3164 4451 eamdem
3188 4411 3303 4451 rem
3320 4399 3598 4466 pertinere
3610 4412 3847 4469 constet.

596 4458 754 4521 labiis
775 4465 1134 4539 iniquitatem,
1175 4489 1274 4529 nec
1296 4476 1349 4529 in
1382 4475 1562 4548 lingua
1597 4497 1694 4536 sua
1720 4458 2002 4543 stultitiam
2050 4501 2176 4554 perg
2199 4458 2374 4537 "nec
2399 4480 2502 4536 hoc
2522 4458 2736 4551 quoque
2754 4483 3025 4552 pertinere
3049 4494 3263 4540 constat
3283 4487 3680 4556 quodJoannes
3697 4510 3853 4563 pres-

597 4564 882 4637 so'nantes;
928 4559 1111 4645 sicque
1154 4577 1252 4632 per
1282 4560 1436 4621 arma
1474 4554 1707 4639 iustitia:
1735 4589 1765 4628 a
1790 4574 1994 4651 dextris
2038 4583 2093 4631 et
2139 4592 2173 4637 δ

598 4645 835 4717 sinistris
864 4638 1169 4731 incedentes
1216 4656 1281 4712 ad
1316 4638 1714 4732 perceptionem
1744 4646 1981 4720 crete-stis
2009 4664 2175 4721 dena-

600 4740 685 4805 rii,
725 4756 884 4812 quem
929 4754 1170 4805 summus
1193 4749 1580 4819 paterfamilias
1607 4751 1904 4811 cultoribus
1923 4772 2037 4819 sua:
2094 4758 2173 4812 vi-

601 4848 715 4890 nem
740 4832 1070 4905 repromisit,
1116 4840 1451 4906 perveniunt.
1485 4843 1622 4911 Quia
1665 4859 1793 4914 ergo
1822 4861 1977 4914 .upus
2004 4862 2173 4905 unum

599 4932 717 4978 erat
744 4924 797 4978 in
821 4923 1027 4980 duobus
1050 4927 1350 4998 cherubim,
1379 4933 1480 4989 hoc
1517 4933 1773 4991 innuebat
1802 4935 1929 5002 quia
1960 4937 2187 5007 utrius,

599 5028 704 5082 que
734 5015 1074 5071 instrumenti
1117 5021 1407 5091 scriptores
1437 5039 1542 5077 una
1573 5023 1868 5091 eademque
1921 5026 2187 5087 castitate,

601 5104 779 5173 Operis
802 5115 857 5160 et
893 5106 1473 5181 cbaritatisldevotione
1502 5112 1612 5166 Deo
1637 5112 1964 5175 serviebant.
1992 5130 2097 5169 una
2119 5125 2177 5172 et

603 5208 837 5249 consona
868 5194 1037 5248 Deum
1064 5213 1191 5255 voce
1216 5216 1280 5254 ac
1307 5199 1411 5251 fide
1428 5199 1771 5273 praedicant”
1789 5196 2025 5273 Quaeque
2069 5202 2178 5263 N0-

600 5296 728 5339 vnm
772 5278 1177 5342 Testamentum
1215 5290 1280 5343 de
1320 5287 1595 5357 Dominica
1620 5286 2017 5359 incarnatione,
2048 5310 2173 5364 pas-

602 5376 771 5442 sione,
801 5377 1217 5441 resurrectione,
1241 5376 1573 5441 ascensione,
1614 5376 1853 5447 gentium
1874 5384 2171 5452 vocatione,

654 5519 708 5578 .s
738 5506 942 5578 Progne
970 5507 1161 5561 auaris
1181 5504 1437 5561 erratibus
1464 5506 1740 5577 apudejm
1756 5511 1997 5578 pietatem
2015 5514 2179 5571 inter-

604 5574 819 5646 pellant.
853 5574 1025 5631 'Errat
1058 5578 1391 5646 emendator,
1430 5574 1522 5646 qui
1556 5574 1794 5634 erratum
1835 5582 1889 5636 in
1916 5586 2177 5642 erratibus

608 5642 832 5721 qumrit,
850 5660 952 5711 pro
984 5659 1152 5715 eoque
1181 5644 1390 5716 reponit
1428 5642 1634 5702 erratis.
1669 5646 1942 5716 Siquidem
1983 5661 2037 5709 ct
2076 5656 2176 5714 hoc

2272 4573 2430 4645 byter
2472 4583 2529 4631 et
2570 4573 2785 4644 legatus
2814 4574 3166 4635 Orientalium
3200 4578 3424 4648 protulit
3453 4581 3661 4649 dicens
3687 4583 3845 4639 Jecur

2276 4662 2422 4717 Nave
2447 4661 2724 4721 duodecim
2756 4663 2955 4734 lapides
2980 4666 3161 4721 statuit
3187 4667 3243 4721 in
3272 4667 3370 4723 Dei
3395 4671 3661 4722 memoria.
3696 4669 3869 4736 Quo-.

2274 4766 2403 4815 nun,
2423 4751 2469 4804 si
2493 4751 2844 4827 historialiter
2865 4769 2976 4808 .cur
3000 4755 3069 4810 ab
3109 4757 3286 4817 amnis
3304 4756 3450 4823 alveo
3476 4755 3657 4815 educti
3689 4768 3747 4814 et
3776 4762 3835 4816 in

2272 4838 2524 4909 Galgadis
2560 4836 2985 4913 fueruntpositi,
3012 4858 3173 4903 causa
3200 4853 3505 4916 rimatur,
3542 4849 3613 4904 ab
3643 4850 3843 4907 eodem

2272 4927 2435 4984 Josue
2457 4927 2698 4997 aperitur
2726 4945 2740 4983 :
2779 4930 2871 4998 qui
2896 4930 3111 5007 hisnon
3134 4935 3205 4990 ad
3242 4936 3546 4995 adorandas
3578 4938 3849 5010 imagines

2266 5017 2645 5077 instruendam
2678 5017 2795 5095 fore
2828 5020 3191 5097 lsraelitarum
3218 5028 3845 5096 posteritatemedocuit.

2275 5112 2368 5167 sed
2407 5125 2700 5167 memorem
2748 5115 3010 5183 stupendo
3040 5116 3310 5189 miraculo
3357 5120 3583 5177 arefacti
3610 5121 3855 5181 ﬂuminis

2273 5219 2394 5261 esse
2434 5203 2630 5261 debere
2670 5207 2994 5275 permunnit,
3018 5208 3110 5277 qui
3139 5210 3207 5264 ad
3249 5219 3500 5279 posteros
3546 5214 3691 5271 hanc
3732 5215 3846 5271 sine

2274 5308 2407 5353 voce
2450 5293 2774 5362 legationem
2824 5296 3221 5367 proclamantes
3270 5299 3547 5357 deferrent
3591 5321 3607 5356 :
3662 5322 3687 5354 ι
3742 5304 3848 5360 Nos

2276 5400 2412 5454 quos
2457 5384 2679 5443 cernitis
2731 5385 2984 5455 liquentis
3028 5390 3299 5454 quondam
3343 5390 3599 5447 elementi
3648 5392 3855 5449 fuimus

2245 5517 2331 5594 ,ξπ
2355 5531 2454 5572 usu
2479 5515 2599 5594 fuit.
2623 5515 3133 5594 Balbusm'onachus
3149 5518 3465 5594 catholico:
3496 5543 3515 5575 α
3545 5526 3763 5594 Errare,
3795 5528 3847 5584 id

2275 5592 2360 5642 est
2374 5585 2699 5663 exorbitare,
2715 5593 2770 5663 et
2790 5586 3185 5663 bino-verbalia,
3200 5591 3286 5645 hic
3306 5603 3535 5659 erratas,
3556 5606 3662 5663 tu,
3681 5608 3731 5653 et
3748 5585 3847 5652 λοι

2275 5666 2525 5721 erratum,
2556 5654 2626 5714 ti;
2660 5655 2817 5711 ambo
2845 5669 2944 5723 pro
2968 5656 3179 5713 delicto.
3214 5679 3232 5711 ι
