4026 6156
135 292 278 355 i053
917 290 1094 346 LIBRI
1125 284 1466 344 CAROLl-Nl.
1505 311 1576 323 ——
1614 280 1732 336 CAP

1832 269 1966 334 [ne
2004 281 2192 335 uno.
2231 308 2303 318 -
2343 279 2480 334 un.
2520 277 2558 335 ι.
3243 267 3410 342 ιοδι

131 415 480 476 habitamus,
521 408 623 478 qui
653 406 816 461 arida:
865 412 1025 458 terrae
1054 416 1194 454 nunc
1237 411 1425 452 sumus
1455 392 1689 452 exsules,
1721 397 1767 449 Α
1798 391 1906 444 Deo
1929 391 1982 444 in
2027 391 2172 461 regni
2206 391 2359 458 apice
2412 392 2752 447 sublim'atam
2795 403 3137 462 potestatem.
3169 395 3377 467 Quippe

131 506 331 575 quique
370 508 448 555 tot
471 497 683 554 smcu'lis
727 493 978 548 Iordanis
1008 490 1208 544 fuimus
1251 486 1534 553 indigeam,
1568 478 1696 575 eius
1797 480 2143 575 qiiicjnsdem
2165 482 2290 575 doni
2320 482 2565 575 caelestis
2583 498 2804 538 munere
2829 485 3057 575 satiatus
3097 497 3233 551 erat,
3270 482 3377 555 quo

131 569 363 660 exempti
382 588 682 658 gurgitibus
703 583 912 639 telluris
931 595 1072 635 nunc
1094 589 1278 633 sumus
1297 575 1533 628 advenae.
1557 570 1698 636 Quo-
1796 569 1886 623 ille
1907 569 2363 660 satiandusuforrt
2388 572 2479 640 qui
2516 573 2758 626 dicturus
2803 581 2921 626 erat
2949 592 2962 627 :
2999 574 3254 630 Omnibus
3286 595 3376 647 po-

131 657 426 739 uiam—cum
452 657 577 731 ante
601 675 795 729 faciem
821 685 958 725 area:
981 668 1210 729 Domini,
1235 667 1342 718 imo
1366 669 1491 715 ante
1506 660 1696 714 faciem
1798 658 2065 709 testatibus
2079 657 2466 712 sublimioribus
2490 660 2684 712 subditi
2698 670 2881 714 estote.
2915 660 3036 716 Non
3048 674 3121 717 est
3139 666 3275 718 enim
3291 683 3376 735 ρο.

134 775 229 830 Dei
264 770 450 835 JaCob,
498 766 839 824 sacerdon
871 756 1328 831 perstrepentibus
1353 751 1602 812 catervis,
1643 757 1701 802 et
1799 755 1957 798 testas
1973 747 2070 799 nisi
2093 765 2124 800 a
2148 746 2276 813 Deo,
2293 763 2411 818 qua:
2431 759 2604 801 autem
2630 759 2750 802 sunt
2771 768 2803 803 a
2837 751 2944 805 Deo
2960 756 3218 809 ordinata:
3232 768 3375 811 sunt.

129 864 314 934 populi
335 876 458 916 cum
480 873 672 928 magna
699 852 1050 911 exsultatione
1083 845 1475 903 admirantibus
1493 840 1698 902 cuneis,

133 969 337 1008 novum
382 951 473 1005 ille
506 954 779 1018 pateretur
812 941 1111 1002 dissidium,
1139 936 1447 992 inferiorem
1491 939 1703 1029 partem

131 1043 263 1115 fuga
315 1043 520 1111 lapsam
549 1034 810 1105 aequoreis
859 1030 1018 1085 undis
1047 1029 1412 1095 immergeret,
1459 1033 1706 1089 superio-

133 1147 365 1203 remque
385 1133 439 1186 in
463 1145 584 1185 aera
603 1125 915 1194 fastigiarct,
953 1117 1557 1189 obstupescentibusquc
1610 1125 1707 1180 po-

131 1229 282 1298 pulis
298 1222 646 1296 lymphatieos
667 1219 734 1272 ad
755 1216 861 1269 alta
884 1221 1092 1269 montes
1113 1209 1419 1265 sustolleret
1436 1214 1492 1260 et
1510 1204 1708 1274 plantis

133 1317 414 1373 insolitum
444 1309 746 1368 lsraeliticis
778 1306 1064 1362 transitum
1104 1301 1277 1356 arenti
1310 1299 1461 1352 alveo
1485 1303 1711 1364 praesta-

139 1415 220 1460 ret
247 1406 317 1458 ab
343 1401 576 1470 antiquis
601 1413 792 1453 sunmus
817 1395 1034 1450 sedibus
1058 1391 1255 1453 educti,
1286 1397 1342 1442 et
1370 1389 1494 1443 istic
1541 1386 1712 1439 Israe-

139 1495 356 1549 litarum
403 1490 640 1545 humeris
687 1485 832 1540 allati
879 1484 1126 1552 isticque
1153 1479 1314 1550 positi
1345 1519 1360 1542 ,
1399 1491 1426 1519 ι
1484 1478 1712 1544 isticque

137 1598 327 1639 sumus
365 1581 455 1636 diu
500 1575 863 1646 pcrmansuri.
904 1593 924 1624 ι
961 1571 1019 1626 Si
1050 1585 1180 1624 vero
1213 1569 1391 1638 typiec
1445 1565 1573 1635 quid
1625 1562 1713 1616 isti

139 1673 350 1743 lapides
365 1664 830 1739 prmﬁguraveriut
848 1669 1143 1731 qumratur,
1173 1673 1313 1712 novo
1332 1655 1518 1716 Iosue,
1541 1653 1716 1707 Domi-

1803 835 1988 904 Itaque
2003 835 2092 905 qui
2116 839 2304 890 resistit
2326 841 2582 907 potestati.
2602 839 2698 892 Dei
2719 842 3038 900 ordinatiom
3053 848 3275 901 resistit:
3291 848 3379 918 qui

1804 936 1975 979 autem
1997 927 2260 990 resistunt,
2273 929 2371 998 ipsi
2390 928 2488 982 sibi
2505 929 2894 985 damnationem
2910 939 3206 1004 acquirunt.
3240 938 3380 992 Nam

1803 1017 2058 1090 principes
2079 1031 2184 1069 non
2205 1026 2324 1070 sunt
2370 1019 2546 1071 timori
2587 1021 2706 1073 boni
2734 1023 2922 1090 Operis,
2963 1026 3053 1078 scd
3089 1027 3236 1079 mali.
3297 1028 3381 1080 Vis

1805 1123 1977 1168 autem
2024 1128 2127 1166 non
2154 1112 2334 1164 timere
2361 1116 2704 1180 potestatem?
2726 1116 2914 1170 bonum
2946 1119 3050 1187 fac,
3097 1131 3146 1173 et
3174 1122 3384 1175 habebis

1806 1205 2013 1258 laudem
2037 1221 2100 1258 ea:
2121 1203 2234 1257 illa.
2269 1203 2363 1256 Dei
2389 1203 2525 1256 enim
2547 1206 2781 1258 minister
2802 1216 2874 1258 est
2899 1209 2993 1260 tibi
3019 1209 3073 1262 in
3095 1206 3318 1276 bonum;
3340 1213 3386 1265 si

1808 1305 1976 1354 aettem
1998 1293 2197 1347 malum
2221 1293 2422 1362 feceris,
2445 1295 2587 1347 time.
2623 1294 2744 1348 Non
2765 1298 2900 1350 enim
2921 1299 3032 1352 sine
3068 1315 3225 1352 causa
3275 1291 3410 1370 gla-L

1808 1394 1952 1447 dium
1975 1399 2168 1462 portat.
2200 1387 2298 1441 Dei
2324 1390 2459 1441 enim
2486 1389 2718 1442 minister
2756 1398 2850 1453 est,
2876 1390 3064 1445 uindex
3091 1391 3145 1445 in
3174 1393 3307 1445 iram
3342 1393 3388 1446 ei
3404 1397 3417 1412 "

1808 1485 1898 1553 qui
1917 1481 2117 1536 malum
2148 1481 2275 1549 agit.
2308 1479 2535 1548 Ideoque
2574 1479 2863 1532 necessitati
2883 1481 3079 1533 subditi
3107 1491 3267 1535 estote
3283 1499 3388 1536 non

1810 1572 1978 1628 solum
2008 1581 2216 1642 propter
2240 1570 2394 1631 iram,
2428 1569 2516 1622 sed
2556 1578 2765 1639 propter
2808 1569 3200 1623 conscientiam.
3262 1569 3390 1624 Ideo

1811 1666 1950 1718 enim
2002 1672 2050 1717 et
2079 1661 2272 1715 tributa
2304 1662 2564 1730 prtrstatis
2599 1676 2616 1713 :
2654 1662 2880 1732 ministri
2938 1663 3074 1715 enim
3124 1661 3216 1716 Dei
3246 1673 3389 1726 sunt,

139 1721 593 1819 Eiectat}...
636 1721 914 1809 Salvatore
955 1721 1142 1805 nostro
1177 1746 1302 1802 Jesu
1339 1745 1572 1809 Christo,
1623 1743 1712 1810 qui
1748 1721 1983 1805 Βῗίηιιοε
2008 1753 2176 1820 ipsum
2202 1721 2497 1804 εεηξεεηιεε.
2538 1749 2756 1803 Reddite
2774 1729 2900 1821 ergo
2929 1752 3165 1806 omnibus
3185 1721 3392 1810 debita;

139 1862 365 1908 aeterna:
398 1847 554 1902 nobis
601 1844 788 1914 patriae
843 1841 1232 1895 habitationem
1285 1834 1575 1897 distribuit,
1623 1833 1716 1886 do-

141 1951 324 2005 cente,
350 1937 622 2007 panditur,
656 1935 749 2003 qui
788 1939 848 1988 ut
884 1930 1134 1999 baptismi
1186 1933 1578 1984 sacramentum
1623 1937 1720 1991 per

145 2032 295 2102 quod
348 2031 416 2084 ad
461 2036 718 2086 aeternam
758 2024 986 2093 patriam
1045 2020 1374 2091 pervenitur,
1427 2015 1716 2076 stabiliret,

145 2120 434 2178 duodecim
492 2115 762 2186 apostolos
805 2113 984 2181 elegit,
1033 2111 1231 2180 quibus
1279 2117 1335 2162 et
1385 2107 1536 2169 dixit,
1576 2105 1723 2159 Eun-

145 2222 222 2266 tes
277 2210 454 2263 docete
510 2221 718 2266 omnes,
767 2204 1088 2272 baptizantes
1135 2217 1222 2253 eos
1271 2201 1324 2253 in
1372 2197 1579 2251 nomine
1617 2194 1724 2248 Pa-

147 2305 265 2366 tris,
303 2311 350 2356 et
387 2298 536 2362 Filii,
565 2308 611 2352 et
646 2296 876 2366 Spiritus
913 2294 1082 2348 sancti
1119 2291 1331 2363 (Matth.
1365 2289 1578 2358 xxvm),
1629 2286 1723 2354 qui

148 2410 322 2463 usque
348 2395 403 2446 in
437 2399 749 2460 perpetuum
776 2396 977 2444 sancta:
1000 2386 1251 2441 Ecclesia:
1273 2381 1576 2452 posteritati
1601 2394 1727 2448 per-

151 2487 347 2541 hibent
393 2482 773 2542 testimonium,
835 2481 959 2534 dum
988 2493 1108 2532 eam
1161 2477 1228 2531 ad
1274 2475 1512 2531 cmicstia
1562 2487 1726 2540 regna

153 2583 454 2647 provocant
471 2588 566 2642 per
590 2571 838 2640 baptismi
865 2569 1286 2626 sacratissimum
1307 2571 1724 2621 sacramentum.
1743 2581 1751 2589 λ·

153 2673 263 2728 Per
281 2672 426 2729 alios
471 2683 601 2738 ergo
638 2665 920 2721 duodecim
969 2662 1315 2717 nihilominus
1339 2658 1544 2728 lapides
1561 2655 1650 2724 qui
1675 2654 1728 2708 in

157 2765 413 2822 Jordauis
437 2763 588 2817 alveo
611 2760 773 2831 positi
801 2768 946 2822 sunt,
971 2765 1277 2812 sanctorum
1304 2753 1730 2824 patriarcharum

158 2864 218 2911 et
263 2855 645 2924 prophetarum
683 2849 923 2920 profecto
948 2849 1114 2918 ﬁgura
1138 2846 1507 2917 praetenditur,
1539 2843 1628 2913 qui
1649 2843 1734 2896 ni-

158 2948 362 3006 mirum
385 2943 512 2998 dum
544 2941 790 3011 baptismi
835 2946 1231 2994 sacramentum
1265 2937 1364 2991 sub
1387 2935 1573 2988 umbra
1601 2931 1734 3001 legis

155 3035 320 3106 positi
363 3049 472 3088 non
517 3039 700 3101 aperte
747 3027 1172 3099 prmdicaverint,
1210 3025 1304 3080 sed
1330 3040 1425 3094 per
1475 3023 1731 3092 quasdam

155 3124 416 3195 mysticas
452 3130 508 3176 et
553 3119 900 3175 obumbratas
950 3116 1148 3185 ﬁguras
1215 3113 1520 3176 innuerint,
1580 3109 1735 3180 quasi

158 3213 428 3269 ﬂumineis
452 3211 698 3266 ﬂuctibus
733 3207 911 3263 obruti
941 3215 1096 3270 sunt;
1126 3205 1250 3274 quia
1275 3202 1523 3258 videlicet
1567 3216 1740 3269 quan-

158 3319 321 3373 quam
340 3310 522 3372 aperte
557 3316 662 3354 non
712 3299 996 3352 vidcantur
1045 3296 1366 3363 baptismum
1417 3290 1736 3352 instituisse,

159 3410 262 3451 non
319 3403 492 3448 tamen
541 3392 832 3446 creduntur
875 3387 992 3456 ejus
1030 3387 1284 3456 mysterio
1329 3384 1590 3439 caruisse.
1635 3383 1740 3436 Pro

158 3485 359 3552 quibus
399 3481 639 3550 patribus
677 3487 878 3533 sanctae
919 3477 1172 3532 Ecclesia:
1219 3476 1328 3529 nati
1359 3483 1484 3529 sunt
1526 3473 1640 3535 ﬁlii,
1687 3472 1741 3527 id

158 3583 244 3630 est
273 3571 524 3641 apostoli,
551 3585 685 3638 quos
711 3567 994 3624 constituit
1028 3567 1302 3635 principes
1327 3579 1487 3634 super
1525 3576 1740 3619 omnem

165 3673 374 3718 terram
398 3661 490 3728 qui
513 3675 774 3713 memores
817 3665 944 3713 sunt
970 3656 1204 3717 nominis
1233 3654 1442 3714 Domini
1491 3653 1544 3707 in
1593 3651 1740 3708 omni

163 3749 430 3822 progenie
452 3757 505 3803 et
531 3749 874 3818 generatione
895 3755 956 3801 ut
980 3755 1088 3801 tam
1113 3761 1208 3816 per
1229 3745 1349 3798 illos
1384 3759 1548 3812 quam
1576 3743 1740 3796 etiam

159 3857 259 3912 per
294 3841 427 3895 istos
452 3839 804 3894 sacrosanctis
847 3837 1262 3894 charismatibus
1297 3834 1490 3890 referta
1541 3841 1596 3888 et
1650 3833 1742 3886 do-

161 3932 441 4002 gmatibus
459 3931 665 3994 edocta,
693 3945 800 3983 non
825 3929 1117 4000 imaginum
1149 3929 1288 3982 fucis
1307 3927 1389 3982 vel
1414 3924 1746 3994 quibuslibet

161 4018 559 4089 superstitiosis
586 4018 764 4080 rebus,
799 4020 895 4074 sed
923 4019 1025 4075 ﬁde
1065 4027 1122 4074 et
1156 4017 1412 4088 cperibus
1459 4014 1745 4070 Dominum

163 4122 412 4179 quaerere
440 4123 550 4163 non
573 4108 819 4164 desistat.

743 4219 972 4276 CAPUT
1002 4219 1166 4274 XXII.

165 4328 325 4396 Quod
364 4347 469 4384 non
495 4333 562 4384 sit
589 4331 806 4401 trqualis
829 4333 1089 4396 adoratio,
1115 4341 1170 4385 ut
1192 4329 1272 4384 illi
1291 4329 1489 4394 dicunt,
1518 4327 1744 4401 Natham

1762 3072 1812 3136 ϐ

1815 1846 1901 1897 cui
1947 1844 2215 1905 tributum,
2251 1841 2534 1905 tributum;
2583 1843 2666 1897 cui
2717 1843 2947 1913 vectigal,
3009 1837 3258 1914 vectigali;
3307 1833 3414 1899 cui.

1816 1920 2074 1994 timorem,
2117 1932 2388 1995 timorem;
2429 1916 2513 1984 cui
2555 1932 2818 1993 honorem,
2863 1933 3145 1996 honorem;
3195 1934 3388 1986 nemini

1817 2023 2101 2092 quidquam
2123 2021 2350 2074 debeatis
2373 2021 2474 2074 nisi
2491 2028 2544 2073 ut
2560 2022 2775 2074 invicem
2796 2021 3027 2091 diligatis
3049 2020 3226 2092 (Rom.
3250 2011 3392 2092 xiii).

1821 2112 1894 2165 De
1940 2111 2042 2165 hac
2073 2111 2234 2164 etiam
2284 2125 2343 2163 re
2377 2111 2518 2166 idem
2549 2111 2656 2167 Vas
2678 2111 2954 2167 electionis
2984 2128 3083 2181 per
3129 2113 3390 2182 Spiritum

1822 2209 2067 2255 sanctum
2133 2200 2459 2268 discipulum
2505 2199 2684 2256 Titum
2733 2201 2814 2255 sic
2855 2203 3112 2256 instruit:
3166 2203 3428 2258 Admone-

1822 2291 1960 2353 illos,
1987 2291 2308 2361 principibus
2333 2300 2380 2344 et
2415 2293 2751 2360 potestatibus
2790 2294 3025 2348 subditos
3077 2312 3206 2359 esse,
3261 2298 3402 2350 dicto

1825 2380 2048 2445 obedire,
2079 2382 2298 2436 admone
2327 2382 2396 2436 ad
2439 2399 2566 2452 opus
2613 2384 2804 2438 bonum
2833 2394 3045 2454 paratos
3083 2403 3210 2451 esse,
3244 2390 3404 2440 nem'-

1827 2488 1941 2524 nem
1979 2470 2350 2542 blaspltemare,
2380 2472 2632 2543 litigiosos
2678 2493 2781 2529 non
2827 2493 2954 2539 esse,
2984 2477 3074 2530 sed
3123 2478 3403 2542 modestos,

1828 2576 2030 2613 omnem
2065 2560 2386 2616 ostendentes
2441 2564 2891 2620 mansuetudinem
2923 2565 2991 2618 ad
3020 2583 3194 2620 omnes
3239 2568 3407 2621 Itami-

1830 2668 1918 2704 nes
1948 2651 2075 2722 (Tit.
2107 2653 2210 2723 ιιι).
2239 2653 2498 2709 Adoravit
2523 2655 2704 2725 itaque
2739 2657 2998 2726 propheta
3031 2673 3209 2728 regem
3240 2675 3253 2712 :
3291 2658 3410 2729 Spl-

1831 2744 1938 2807 ritu
1959 2752 2145 2800 sancto
2174 2745 2422 2814 repletus,
2468 2747 2671 2816 Spiritu
2707 2759 2894 2803 sancto
2938 2751 3232 2819 repletum;
3276 2754 3432 2806 vatim

1832 2836 1956 2890 cinii
1981 2851 2199 2891 munere
2221 2835 2406 2898 fretus,
2437 2837 2672 2892 vaticinii
2699 2854 2923 2892 munere
2947 2839 3166 2904 fretum,
3192 2842 3413 2894 merito-

1834 2943 1954 2980 rum
2008 2927 2307 2998 insignibus
2365 2942 2676 2992 coruscans,
2726 2927 3042 2982 meritor’um
3110 2929 3437 2998 insignibus-

1835 3026 2227 3074 coruscantem.
2259 3017 2374 3074 Non
2397 3019 2542 3074 enim
2582 3019 2636 3074 in
2669 3034 2734 3073 eo
2770 3019 3060 3088 quamdam
3088 3021 3413 3077 insensatam

1840 3126 1953 3164 rem
1978 3110 2364 3178 superstitiosaa
2393 3112 2645 3166 vanitatis
2671 3111 2815 3165 cultu
2845 3111 3107 3176 adoravit,
3125 3117 3218 3168 sed
3241 3116 3428 3171 virum

1838 3200 2117 3255 inventum
2154 3187 2448 3256 secundum
2474 3217 2569 3258 cor
2603 3203 2832 3265 Domini,
2862 3203 3036 3259 virum
3062 3207 3202 3260 sacri
3227 3209 3417 3276 ungui-

1840 3293 1923 3346 nis
1953 3292 2157 3360 liquore
2187 3294 2502 3360 delibutum,
2528 3295 2555 3334 δ
2581 3297 2758 3350 virum
2781 3296 2833 3349 in
2863 3297 2957 3350 Dei
2982 3298 3231 3352 laudibus
3255 3314 3416 3367 supra

1839 3398 2026 3437 omnes
2051 3385 2364 3449 excitatum,
2387 3386 2562 3440 virum
2589 3388 2680 3456 qui
2703 3388 2768 3442 de
2792 3387 2994 3442 Christi
3028 3389 3416 3457 incarnatione,

1838 3471 2108 3540 passione,
2131 3488 2159 3525 a
2200 3475 2426 3529 mortuis
2453 3477 2870 3541 resurrectione,
2912 3479 2965 3532 in
2993 3480 3186 3534 cmlum
3229 3493 3420 3534 ascen-

1840 3563 2010 3628 sione,
2049 3564 2260 3618 cunctis
2296 3566 2690 3634 prmcellentius
2723 3571 3091 3639 prophetarit;
3121 3573 3294 3626 virum
3327 3574 3437 3641 qni‘

1841 3671 1946 3711 non
1979 3656 2151 3710 solum
2182 3657 2274 3712 Dci
2302 3657 2492 3712 Filium
2523 3668 2804 3714 venturum
2823 3663 3194 3732 prophetarit,
3214 3665 3307 3718 sed
3330 3663 3418 3731 rju

1842 3747 2003 3798 etiam
2041 3754 2224 3820 typum
2267 3749 2467 3816 gessit;
2508 3751 2682 3804 virum
2728 3753 2819 3819 qui
2849 3768 2954 3806 non
2985 3754 3158 3807 solum
3193 3753 3309 3821 ejus
3341 3763 3424 3824 ty—

1840 3850 1967 3904 pum
1993 3838 2180 3904 gessit,
2211 3837 2304 3890 sed
2331 3838 2492 3891 etiam
2517 3840 2811 3894 secundum
2849 3838 3080 3893 formam
3129 3843 3270 3893 servi
3310 3857 3425 3910 ger-

1843 3925 2002 3982 minis
2056 3928 2365 3994 prosapiam
2429 3929 2776 3984 ministravit.
2840 3929 3150 3985 Dilectionis
3197 3932 3421 3997 aﬁcctn,

1842 4014 2160 4070 humilitatis
2213 4017 2500 4084 obsequio,
2556 4019 2888 4088 prmlationis
2934 4019 3141 4081 debito,
3190 4020 3424 4075 oﬁiciosa

1843 4103 2159 4160 adoratione
2187 4107 2582 4172 houoriﬁcavit,
2615 4123 2771 4177 quem
2793 4108 2836 4161 si
2858 4124 2963 4162 non
2992 4109 3041 4162 ei
3065 4125 3122 4162 se
3147 4108 3426 4166 subdenth

1843 4193 2068 4264 ejusque
2117 4197 2335 4252 monitis
2371 4201 2610 4267 parendo
2642 4197 3043 4262 honoriﬁcaret,
3084 4199 3158 4253 illi
3201 4199 3426 4271 Spiritui

1845 4289 2118 4346 contraire
2178 4290 2470 4354 videretur,
2507 4293 2598 4361 qui
2623 4306 2720 4363 per
2751 4300 3020 4361 pastorem
3051 4294 3308 4350 Ecclesiae
3347 4297 3430 4350 di-

232 4379 1168 4472 ᾗιζριέίιξίαξ⁷⁷εἶιξεῖᾜξιξίῖι⁷’ἐξέζεῌξ
1194 4379 1535 4456 ’έδδιξῇἶίδῆί
1552 4379 1745 4469 iii—iii:
1777 4410 1830 4470 υ.
1845 4392 2036 4436 cturus
2062 4389 2200 4446 erat,
2233 4379 2444 4436 Subditi
2469 4391 2630 4472 estote
2671 4383 2812 4434 omni
2837 4383 3080 4472 humanm
3105 4384 3430 4438 ordinationi
3446 4414 3448 4416 τ

237 4483 399 4521 num.

235 4557 362 4612 Non
384 4573 507 4622 esse
529 4561 790 4630 mqualem
807 4561 1178 4618 adorationem
1207 4577 1370 4632 quam
1392 4561 1601 4616 Natban
1624 4575 1748 4628 pro-

162 4652 332 4720 pheta
388 4652 555 4708 David
602 4671 764 4724 ;eque
811 4657 1084 4724 propheta:
1137 4655 1360 4724 reg-ique
1407 4652 1748 4708 sanctissimo

163 4731 444 4802 exhibuit.
463 4744 555 4816 (ΙΙ
598 4744 729 4816 Reg.
759 4747 910 4816 an),
973 4745 1270 4802 adorationi
1323 4759 1484 4814 quam
1529 4743 1748 4813 quidam

161 4831 494 4904 imaginibus
532 4835 810 4903 exhibent,
859 4849 968 4890 non
995 4848 1215 4892 necesse
1241 4843 1327 4889 est
1351 4834 1531 4890 multis
1558 4847 1753 4902 appro-

164 4926 301 4980 bare
329 4928 688 4994 documentis,
717 4930 974 4999 quouiam
991 4929 1409 4985 evidentissimis
1435 4937 1519 4983 est
1559 4941 1753 4998 appro-

168 5015 360 5076 batum
397 5016 628 5084 indiciis,
680 5033 782 5072 nec
815 5027 1000 5074 nostra
1033 5019 1233 5090 indiget
1259 5019 1628 5087 disputatione
1665 5033 1752 5073 res

167 5117 308 5171 quae.
325 5109 434 5158 tam
457 5117 642 5173 aperta
667 5115 886 5177 tamque
905 5108 1050 5172 clara
1085 5108 1260 5166 elucet
1285 5108 1510 5162 ratione.
1544 5107 1650 5164 Sed
1684 5121 1754 5161 ne

168 5194 281 5247 hoc
307 5191 522 5248 silentio
563 5197 900 5265 praeteriisse
930 5198 1227 5274 videamur,
1267 5206 1480 5266 oportet
1499 5205 1561 5252 ut.
1599 5197 1757 5266 quid-

171 5281 298 5336 dam
326 5280 454 5335 inde
477 5283 711 5336 strictim
751 5284 1093 5351 breviterque
1130 5298 1508 5350 exsequamur.
1550 5285 1757 5340 Adora-

175 5370 269 5428 vit,
299 5370 541 5442 inquam,
569 5370 808 5424 Natham
837 5373 1100 5440 propheta
1137 5373 1303 5427 David
1327 5387 1522 5440 regem,
1562 5391 1670 5430 non
1697 5383 1759 5431 ut

176 5457 418 5514 colorum
465 5459 608 5514 fucis
657 5459 1088 5530 compaginatam
1133 5459 1441 5526 imaginem,
1495 5463 1590 5517 sed
1627 5474 1686 5518 ut
1726 5483 1757 5522 a

249 5605 275 5631 α
305 5593 537 5664 Isticquc
579 5609 763 5648 sumus
792 5593 912 5664 dius
950 5593 1298 5660 pcrmznsuri.
1326 5591 1626 5662 Legendum
1653 5600 1758 5658 for-

183 5669 326 5728 tean,
354 5663 548 5718 subdiu
575 5663 935 5734 pernmnsuri.

1846 4482 2054 4544 propter
2104 4473 2388 4528 Dominum
2435 4471 2488 4543 (ι
2530 4472 2674 4527 Petr.
2720 4476 2801 4535 ιι),
2871 4470 2984 4527 sive
3012 4475 3122 4544 regi
3172 4481 3428 4544 tanquam

1847 4565 2194 4636 przcccllenti,
2217 4565 2329 4620 sive
2349 4566 2576 4622 ducibus
2599 4574 2851 4636 tanquam
2873 4568 2941 4621 ab
2965 4579 3031 4623 eo
3057 4569 3108 4623 in
3131 4571 3231 4625 hoc
3255 4570 3431 4642 ipsum

1850 4659 2032 4713 missis
2066 4659 2135 4713 ad
2175 4658 2467 4713 vindictam
2497 4658 2782 4723 malorum,
2838 4660 3048 4715 laudem
3081 4677 3212 4717 vero
3262 4661 3434 4718 bono-

1850 4763 2018 4812 rum:
2067 4750 2192 4817 quia
2241 4749 2320 4805 sic
2363 4756 2448 4803 est
2500 4749 2748 4804 voluntas
2791 4750 2886 4805 Dei
2934 4760 2996 4806 ut
3029 4753 3434 4808 benefacientes

1850 4841 2219 4896 obmutescere
2233 4839 2444 4896 faciatis
2458 4841 2744 4896 stultorum
2755 4841 3029 4896 hominum
3048 4842 3430 4912 ignorantiam,

1852 4937 1914 4984 ut
1947 4930 2128 4994 liberi,
2164 4946 2271 4986 non
2305 4941 2366 4986 ut
2402 4931 2646 4986 velamen
2674 4933 2893 4986 malitiae
2921 4932 3180 4985 habentes
3208 4929 3433 4983 liberta-

1855 5028 1982 5086 tem,
2007 5021 2101 5077 sed
2127 5021 2268 5075 sicut
2289 5021 2436 5076 servi
2481 5023 2596 5077 Dei.
2623 5021 2825 5078 Omnes
2855 5021 3132 5081 honorate,
3175 5017 3433 5085 fraterni,-

1855 5118 2020 5166 tatem
2043 5110 2267 5180 diligite,
2307 5112 2475 5168 Deum
2513 5113 2719 5173 timete,
2747 5122 2928 5178 regem
2957 5119 3135 5162 autem
3172 5107 3432 5162 honoriﬁ-

1855 5208 1994 5255 catc.
2041 5199 2176 5261 Cum
2213 5213 2342 5272 ergo
2384 5211 2465 5257 tot
2490 5201 2701 5256 indiciis
2748 5198 3015 5266 tantisque
3064 5196 3430 5265 apostolorum

1856 5289 2326 5360 praidicationibus
2353 5295 2521 5360 reges
2540 5285 2931 5344 bonoriﬁcaudi
2959 5286 3084 5346 sint,
3106 5284 3435 5336 absurdissi-

1862 5398 2007 5436 mum
2033 5390 2118 5438 est
2161 5383 2529 5438 adorationem
2565 5394 2686 5447 quae
2727 5375 3050 5441 imaginibus
3100 5370 3316 5425 aniliter
3349 5373 3429 5436 αι.

1858 5473 2160 5532 adorationi
2177 5491 2296 5544 qua:
2315 5471 2655 5528 sanctissimo
2675 5465 2786 5533 regi
2799 5479 2897 5533 per
2917 5467 3230 5535 prophetam
3253 5461 3436 5528 ﬁebat,

1931 5608 1959 5646 b
1988 5603 2167 5657 Virum
2206 5603 2259 5654 in
2301 5599 2390 5650 Dei
2439 5595 2681 5670 laudibus
2719 5606 2876 5670 supra
2917 5609 3094 5646 omnes
3136 5586 3440 5644 excitatum.

1862 5676 1995 5730 Fors
2022 5682 2121 5736 est,
2147 5679 2204 5725 ut
2233 5667 2434 5722 rectius
2462 5665 2553 5728 sit,
2588 5665 2944 5718 exercitatum.
