4026 6156
592 318 735 380 {955

1456 310 1530 378 Β.
1570 306 1823 363 CAROLI
1861 304 2075 360 MAGNI
2111 301 2274 359 ΟΡΗ..
2306 302 2482 359 ΡΜὶὸ
2516 303 2580 358 Il.
2622 304 2865 363 SECTIG
2902 305 2984 362 lla.
3076 324 3083 331 η

3720 309 3883 366 ωδερ

593 429 928 500 aequiparare
954 424 1121 489 velle;
1162 438 1296 479 cum.
1311 418 1560 476 videlicet
1581 387 1670 475 ille
1691 418 1785 474 Dei
1812 417 2075 473 [amulum
2095 424 2169 480 ct,
2200 417 2519 483 Aquzercre
2539 418 2875 483 hortabatur,
2907 435 3031 475 eum
3053 421 3553 489 dieebat;.Qtta:rite
3577 422 3869 481 Dorician

594 530 654 578 ut
677 522 752 575 ita
778 516 1035 580 dixerim,
1051 513 1221 569 sancti
1250 511 1483 582 Spiritus
1505 509 1871 566 habitaculum
1897 517 1953 564 et
1976 507 2172 563 divina:

597 607 985 667 incarnationis
1031 605 1338 660 ministrum
1387 602 1670 658 salutando
1697 598 2033 663 adoraverit;
2082 597 2170 663 isti

596 713 728 753 vero
757 698 814 752 in
852 695 1175 766 imaginibus
1198 692 1273 748 nil
1312 692 1459 748 aliud
1517 692 1622 747 nisi
1651 692 1869 747 easdem
1914 689 2177 745 materias

599 792 667 847 de
688 790 882 860 quibus
921 788 1027 841 illze
1050 787 1215 840 ﬁanta
1243 785 1455 841 dorent.
1490 783 1627 838 Nam
1653 782 1700 838 si
1727 781 1954 852 :equalis
1973 788 2059 834 est
2084 780 2177 833 ad-

597 883 772 938 oratio
795 895 915 950 quae
946 876 1114 932 David
1141 893 1171 931 a
1194 877 1452 948 propheta
1480 875 1723 931 exhibita
1745 870 2169 937 estaadorationi

599 986 720 1043 qua:
742 970 1069 1041 imaginibus
1113 968 1419 1033 exhibetur,
1463 968 1577 1039 ipse
1600 980 1815 1035 quoque
1845 964 2011 1019 David
2040 965 2199 1019 ima--

598 1063 813 1134 ginibus
836 1061 1059 1131 aequalis
1102 1068 1214 1126 est;
1254 1069 1311 1114 et
1356 1059 1401 1114 si
1451 1058 1773 1129 imaginibus
1807 1056 2030 1126 :equalis
2071 1064 2173 1120 est,

600 1169 709 1208 non
736 1153 910 1207 solum
937 1161 1019 1207 tot
1043 1153 1359 1207 meritorum
1390 1150 1725 1220 insignibus,
1738 1150 1832 1216 sed
1870 1150 2033 1204 etiam
2061 1148 2178 1218 ipsa

602 1246 837 1302 humana
862 1246 1070 1299 ratione
1092 1245 1333 1300 caruisse
1370 1243 1671 1311 credendus
1703 1251 1824 1297 est:
1851 1257 1958 1296 non
1998 1248 2178 1294 autem

602 1343 686 1390 tot
706 1337 1021 1391 meritorum
1050 1334 1365 1407 insignibus,
1404 1349 1506 1389 nee
1540 1334 1653 1407 ipsa
1692 1334 1923 1388 humana
1969 1331 2180 1387 ratione

602 1426 843 1481 caruisse
865 1425 1162 1481 credendus
1187 1433 1291 1490 est,
1314 1441 1422 1478 non
1452 1424 1613 1494 igitur
1632 1422 1855 1492 aqualis
1884 1430 1968 1477 est
1986 1422 2182 1477 adora-

602 1516 682 1573 tio
710 1531 830 1586 quae
872 1516 947 1571 illi
977 1531 1006 1570 a
1030 1516 1291 1586 propheta
1317 1515 1557 1571 exhibita
1592 1521 1708 1580 est,,
1732 1513 2031 1569 adorationi
2056 1528 2179 1582 quae

601 1604 924 1678 imaginibus
943 1608 1246 1662 exhibetur.

1169 1736 1396 1795 CAPUT
1420 1735 1611 1791 XXIII.

601 1848 767 1916 Quod
783 1849 837 1904 in
858 1850 1085 1920 ecquod
1114 1850 1363 1920 scriptum
1400 1848 1477 1920 est
1506 1866 1526 1903 :
1566 1845 1954 1920 Signatnm‘est
2011 1861 2178 1916 super

670 1917 973 1976 nnslumen
996 1920 1174 1974 vultus
1193 1917 1292 1983 tui,
1317 1918 1561 1983 Domine,
1590 1920 1695 1973 sire
1711 1917 1973 1972 :~antum
1996 1924 2168 1982 tuum,

668 1988 911 2053 Domine,
951 1989 1244 2058 requiram,
1277 1986 1408 2059 nihil
1440 2005 1601 2042 manu
1625 1988 1783 2059 facta
1824 1988 2068 2058 imaginis
2090 1988 2178 2041 irr-

668 2058 1004 2130 telligendum
1028 2056 1109 2113 est
1126 2099 1141 2125 ,
1175 2067 1231 2112 ut
1252 2056 1333 2112 illi
1354 2056 1557 2113 dicunt.

669 2169 757 2226 Nil
792 2170 859 2229 ad
895 2169 1327 2226 manufactarum'
1376 2170 1673 2238 imaginum
1723 2168 1904 2224 vultus
1942 2168 2179 2238 pertinet

597 2250 745 2332 quod
766 2261 1218 2333 Psalmographus
1257 2261 1408 2325 dicit,
1443 2260 1723 2332 Signatum
1755 2270 1834 2317 est
1883 2276 2041 2332 super
2080 2277 2176 2316 nos

599 2351 775 2406 lumen
797 2352 968 2407 uultus
998 2354 1096 2418 tui,
1132 2352 1357 2408 Domine
1386 2351 1558 2423 (Prol.
1594 2351 1704 2423 tv);
1736 2366 1837 2408 nec
1858 2351 2009 2417 illud,
2049 2350 2178 2407 Vul-

599 2451 712 2496 tum
734 2451 913 2507 tuum,
938 2442 1160 2497 Domine
1180 2483 1196 2508 ,
1229 2443 1512 2513 requiram,
1554 2450 1619 2498 .ut
1646 2443 1700 2497 in
1741 2441 1992 2510 ejusdem
2006 2442 2178 2499 vanis-

601 2531 753 2599 simae
789 2531 978 2602 synodi
1030 2532 1259 2588 lectione
1307 2532 1553 2597 habetur,
1602 2547 1723 2602 qua:
1746 2547 1844 2602 pro
1890 2533 2177 2590 adorandis

602 2619 927 2690 imaginibus
961 2620 1102 2674 facta
1130 2630 1242 2686 est;
1306 2619 1459 2690 cujus
1503 2629 1681 2676 textus
1712 2621 1787 2675 nil
1824 2620 1970 2677 aliud
2013 2638 2174 2693 quam

604 2709 832 2763 nnatcria
844 2717 928 2764 est
940 2710 1030 2764 ubi
1047 2710 1276 2764 stultitia
1299 2710 1721 2781 magnitudinem
1733 2727 1890 2767 suam
1911 2714 2175 2768 exercuit.

601 2797 740 2861 Nam
785 2799 840 2854 si
860 2800 949 2856 hic
983 2800 1164 2857 vultus
1189 2800 1341 2869 cujus
1365 2816 1529 2873 super
1555 2817 1669 2857 nos.
1685 2800 1864 2858 lumen
1905 2802 2176 2873 signatum

599 2904 720 2948 esse
759 2890 1027 2961 Propheta
1070 2892 1343 2958 decantat,
1388 2902 1443 2947 et
1490 2908 1651 2962 quem
1695 2909 1754 2949 se
1787 2895 2175 2964 requisiturum

597 2997 719 3038 esse
743 2983 1042 3049 denuntiat,
1073 2984 1128 3039 in
1153 2983 1584 3040 manufactarnm
1609 2986 1904 3057 imaginum
1942 2986 2192 3042 vultibus'

2270 505 2725 573 etconfortamini,
2739 511 2957 571 write
2978 510 3177 580 {aciein
3188 512 3307 581 ejus
3331 528 3534 586 semper
3548 514 3726 585 (Psal.
3750 518 3865 589 σν).

2272 594 2425 660 Quod
2443 597 2658 665 quidem
2685 600 3111 657 emolumentum
3139 603 3384 673 adepturi
3419 606 3529 661 sint
3555 618 3869 676 quaerentes

2274 685 2558 742 Dominum
2584 689 2640 744 in
2671 689 2778 747 alio
2801 692 3022 761 psalmo
3039 694 3318 752 evidenter
3342 698 3600 765 ostendit,
3631 717 3759 757 cum
3784 705 3871 759 di-

2273 779 2366 845 cit,
2416 779 2747 851 Inquireutss
2774 785 3060 842 Dominum
3105 804 3213 844 non
3255 790 3511 860 deﬁcient
3531 794 3676 848 omni
3728 794 3869 851 bona

2275 868 2699 945 (Psal..xxxrv)..
2736 875 2838 942 Qui
2864 877 3022 946 quasi
3045 893 3412 947 quaereremus
3436 882 3505 936 ab
3534 896 3606 938 eo
3631 883 3869 952 qualiter

2276 960 2560 1017 Dominum
2613 964 2887 1034 inquirere
2927 969 3267 1035 deberemus,
3314 970 3632 1039 subjunxit,.
3662 971 3863 1038 Venite,

2274 1051 2595 1134 ﬁlii,_audite
2618 1072 2719 1120 me,
2747 1058 2989 1111 timorem
3001 1058 3216 1114 Domini
3238 1061 3435 1115 docebo
3450 1079 3559 1116 ros.
3597 1062 3737 1118 Eum
3786 1075 3860 1120 ct-

2276 1143 2419 1197 enim
2456 1144 2833 1214 inquirendum
2860 1148 3046 1205 docuit
3083 1165 3181 1221 per
3208 1151 3422 1206 Domini
3453 1152 3864 1217 timorem,”

2275 1248 2376 1303 per
2403 1233 2695 1307 imaginum
2718 1239 3121 1308 adorationum;
3160 1249 3221 1296 et
3257 1257 3382 1297 eum
3417 1242 3645 1311 quivult
3670 1244 3861 1311 vitam,

2276 1333 2331 1380 et
2361 1328 2507 1398 cupit
2552 1330 3107 1400 videre-diesbonos,
3156 1349 3264 1389 non
3313 1334 3580 1406 imagines
3612 1338 3853 1402 adorare,

2277 1417 2372 1472 sed
2397 1417 2596 1475 labiasa
2621 1422 2748 1478 dolo
2762 1432 2821 1479 ct
2845 1425 3085 1495 linguam
3109 1440 3139 1480 a
3161 1425 3303 1481 malo
3326 1426 3559 1481 instituit
3584 1428 3859 1484 cohibere.

2275 1506 2394 1566 Nec
2436 1511 2699 1580 picturam
2750 1514 2931 1569 colere
2958 1516 3163 1582 docuit,
3197 1517 3294 1572 sed
3318 1516 3593 1574 declinare
3629 1535 3662 1573 a
3692 1519 3858 1586 malo,

2276 1603 2551 1659 euincere
2582 1604 2897 1670 bonitatem,
2957 1605 3235 1676 inquirere
3259 1620 3447 1678 pacem
3472 1616 3529 1663 et
3560 1611 3708 1680 sequi
3735 1626 3878 1666 θην

2276 1686 3007 1765 usquequaque-permunit.
3047 1697 3256 1753 Lumen
3285 1712 3415 1768 ergo
3442 1697 3622 1754 vultus
3638 1700 3880 1755 Domini:

2275 1787 2417 1855 quod
2452 1800 2625 1854 super.
2662 1787 3063 1857 nos-signatum
3090 1796 3215 1853 est,-
3247 1788 3459 1843 nonin.
3492 1789 3861 1846 materialibus

2275 1878 2603 1949 intaginibus
2619 1888 2709 1936 est
2729 1881 3263 1952 accipiendum,.q‘u:n
3295 1883 3490 1954 utique
3508 1884 3650 1940 sicut
3677 1894 3732 1940 et
3750 1901 3859 1940 cas-

2278 1970 2407 2025 teris
2447 1970 2819 2042 dignitatibus,
2870 1973 2944 2027 ita
2978 1973 3141 2028 etiam
3182 1972 3382 2029 lumine
3421 1985 3631 2042 carent,
3680 1975 3773 2031 sed
3808 1977 3881 2032 inv

2276 2060 2473 2117 vexillo
2492 2064 2696 2128 crucis,
2721 2063 2864 2132 quod
2890 2072 3111 2132 accepto
3138 2056 3477 2133 baptismatis
3518 2074 3865 2121 sacramento

2275 2167 2377 2224 per
2394 2162 2797 2210 sacrosanctum
2836 2154 3090 2225 unguinis
3118 2152 3377 2222 liquorem
3424 2158 3631 2210 nostris
3662 2156 3870 2211 fronti—

2276 2247 2378 2303 bus
2396 2247 2751 2318 imprimitur,
2794 2244 2851 2301 et
2868 2251 2965 2317 per
2989 2246 3042 2300 id
3066 2244 3250 2299 sancto
3274 2243 3518 2313 Spiritui,
3544 2246 3639 2313 qui
3666 2255 3750 2301 est
3779 2249 3893 2302 ιαμ

2276 2352 2403 2392 men
2424 2336 2801 2401 inenarrabile,
2829 2334 3105 2406 quietiam
3126 2349 3289 2404 super
3316 2328 3613 2403 discipulos
3650 2336 3708 2390 i‘n
3730 2336 3897 2409 igne~

2278 2429 2545 2500 apparuit,
2571 2429 2637 2482 ad
2659 2436 2756 2482 nos
2781 2425 3027 2481 veniendi
3054 2424 3233 2481 aditus
3256 2425 3517 2496 aperitur.
3583 2425 3649 2480 In
3681 2426 3883 2483 crucis

2277 2522 2475 2576 etenim
2489 2519 2905 2591 impressionelu
2913 2533 3035 2573 men
3054 2516 3138 2574 est
3156 2518 3343 2572 vultus
3360 2517 3478 2584 Dei,
3500 2518 3557 2574 id
3580 2527 3666 2573 est
3692 2517 3881 2589 Spiri-

2279 2620 2386 2676 tus,
2418 2611 2567 2680 quia
2596 2609 2759 2663 Patre
2807 2602 3051 2677 Filioque
3075 2606 3338 2677 procedit,
3367 2608 3495 2677 quia
3543 2622 3759 2678 semper
3806 2610 3883 2664 ita

2277 2703 2357 2757 eis
2380 2701 2622 2757 noscitur
2654 2700 2886 2763 radiare,
2923 2700 3016 2768 qui
3037 2712 3186 2754 suam
3217 2694 3580 2753 innocentiam
3606 2698 3710 2752 vel‘
3737 2713 3870 2752 san-

2230 2818 2235 2825 κ
2278 2792 2521 2848 ctitatem
2560 2793 2745 2861 pravis
2781 2790 3038 2859 operibus
3069 2804 3177 2844 non
3212 2789 3489 2859 patiuntur
3520 2787 3740 2843 violare.
3794 2788 3881 2843 UL

2279 2888 2418 2953 ergo
2434 2881 2552 2950 ejus
2572 2882 2628 2935 in
2665 2881 2821 2936 nobis
2844 2880 3211 2935 habitaculum
3232 2892 3341 2933 non
3365 2870 3641 2938 violemus.
3675 2878 3877 2933 admo—

2278 2980 2370 3026 net
2393 2985 2492 3026 nos
2515 2970 2803 3041 Apostolus
2829 2968 3036 3032 dicens,
3065 2966 3242 3021 Nolite
3266 2966 3574 3021 contristare
3604 2960 3863 3052 Spiritum

598 3071 976 3144 inteligendus
1002 3082 1109 3139 est,
1155 3076 1505 3145 quaerendum
1535 3092 1860 3148 magnopere
1888 3086 1979 3131 est
2017 3077 2248 3173 quale-c
2281 3069 2668 3173 ρέίιαηεηίπιτ
2691 3067 2747 3173 5":
2765 3061 3870 3173 liﬂofignalifm“innfiem'redempllo’i“

598 3162 781 3218 lumen
806 3163 1058 3229 habeant,
1089 3173 1182 3218 aut
1215 3180 1322 3235 quo
1370 3168 1529 3221 modo
1566 3167 1620 3222 id
1644 3168 1825 3223 lumen
1870 3182 2034 3238 super
2078 3184 2177 3223 nos
2203 3151 2248 3173 "
2279 3157 2494 3231 (Enim.
2523 3154 2621 3225 IV).
2699 3153 2835 3220 Quia
2875 3153 3041 3223 igitur
3060 3152 3260 3214 dicunt,
3294 3151 3573 3223 Signata!!!
3601 3162 3675 3206 est
3704 3168 3873 3222 super.

602 3253 875 3324 signatum
897 3254 990 3319 sit,
1024 3262 1119 3308 aut
1142 3255 1232 3310 ubi
1262 3255 1401 3310 idem
1437 3257 1698 3327 propheta
1723 3257 1883 3313 talem
1908 3258 2175 3329 requisie-

597 3346 673 3405 rit
692 3345 921 3400 vultum.
948 3346 1007 3401 In
1037 3348 1198 3403 corde
1222 3348 1423 3404 etenim
1456 3346 1596 3404 idem
1626 3358 1851 3405 sanctus
1893 3352 1987 3405 vir-
2009 3351 2174 3405 Deum

603 3451 713 3503 non
753 3435 809 3491 in
832 3434 1155 3491 manufactis
1178 3438 1414 3493 vultibus
1437 3441 1736 3509 quterebat,
1766 3456 1889 3495 cum
1933 3440 2184 3511 dicebat}:

601 3531 672 3588 In
696 3542 802 3588 toto
818 3532 973 3588 corde
996 3551 1110 3588 meo
1132 3535 1381 3605 exquisivi
1403 3544 1473 3601 te,
1503 3536 1664 3603 Deus,
1703 3553 1767 3591 ne
1790 3536 2013 3608 repellas
2036 3552 2119 3590 me
2144 3552 2177 3589 a

601 3622 866 3676 mandatis
889 3623 992 3676 tuis
1021 3622 1194 3693 (Psal.
1219 3622 1389 3693 cxxx).
1416 3624 1608 3680 Vultus
1645 3639 1778 3695 ergo
1809 3625 1904 3680 Dei
1938 3624 2188 3694 cognitio

604 3709 701 3764 Dei
717 3718 819 3776 est,
853 3711 909 3766 id
936 3720 1020 3766 est
1042 3710 1227 3777 Filius,
1254 3727 1350 3782 per
1370 3728 1528 3783 quem
1557 3715 1625 3769 ad
1646 3715 2006 3786 cognitionem
2031 3714 2179 3769 Divi-

602 3799 791 3855 nitatis
829 3802 1194 3870 pervenimus.
1245 3803 1342 3858 Est
1386 3804 1549 3859 etiam
1598 3806 1773 3874 imago
1820 3805 1935 3869 Dei,
1966 3804 2179 3859 dicente

601 3892 873 3963 Apostolo,
917 3892 1021 3960 Qui
1070 3904 1146 3949 est
1170 3895 1342 3966 imago
1371 3895 1468 3950 Dei
1496 3896 1767 3952 invisibilis
1829 3896 2052 3968 (Coloss.
2078 3895 2167 3968 1);

603 3983 727 4039 ideo
756 3982 1007 4041 videlicet
1028 3984 1223 4055 imago,
1249 3986 1373 4055 quia
1404 3986 1471 4042 de
1502 3987 1596 4042 illo
1622 3996 1726 4042 est.
1759 3987 1856 4043 Est
1877 3987 2041 4050 enim,
2093 4000 2183 4043 se—

604 4075 836 4131 cundum
862 4077 1109 4132 eumdem
1138 4075 1485 4146 Apostolum,
1524 4077 1770 4149 splendor
1795 4078 1997 4149 gloriw,
2038 4088 2087 4135 et
2113 4079 2180 4149 ﬁ-

603 4181 738 4237 gura
760 4167 1066 4222 substantia:
1093 4167 1208 4237 ejus
1232 4167 1421 4239 (Hebr.
1464 4168 1529 4239 ι).
1575 4168 1700 4223 Ideo
1746 4169 2019 4238 splendor,
2051 4170 2179 4240 quia

601 4254 730 4309 dum
754 4255 825 4311 sit
856 4254 1018 4327 Pater
1063 4256 1186 4322 lux,
1217 4257 1295 4311 ita
1323 4257 1493 4312 Filius
1537 4259 1606 4314 ab
1635 4274 1701 4312 eo
1747 4259 2199 4328 inseparabiliter

603 4344 758 4413 quasi
794 4346 1049 4413 splendor
1080 4362 1148 4401 ex
1188 4346 1307 4402 luce
1352 4348 1633 4416 procedit;
1671 4347 1793 4405 ideo
1821 4348 2013 4419 ﬁgura,
2053 4350 2178 4418 quia

2276 3266 2370 3304 nos
2388 3248 2571 3302 lumen
2596 3245 2765 3301 uultus
2794 3247 2892 3308 tui,
2914 3244 3136 3299 Domine
3162 3241 3345 3315 (Psal.
3378 3244 3478 3314 tv),
3505 3245 3572 3298 ad
3596 3244 3861 3314 imagina-

2276 3342 2416 3396 rium
2461 3339 2667 3393 vultum
2717 3336 2967 3401 attinere,
3024 3335 3209 3391 dicant
3256 3351 3364 3405 quo
3407 3336 3603 3390 attinet
3634 3321 3778 3407 quod
3808 3335 3861 3390 in

2275 3432 2461 3488 eadem
2483 3429 2704 3499 periodo
2725 3427 3001 3491 scribitur,
3041 3424 3201 3480 Multi
3225 3416 3405 3480 dicunt
3432 3441 3451 3481 :
3478 3423 3609 3491 Quis
3637 3426 3875 3480 ostendit

2277 3522 2424 3577 nobis
2447 3519 2624 3575 bona?
2644 3534 2770 3573 cum
2797 3518 3048 3574 videlicet
3072 3518 3190 3573 lucc
3222 3518 3328 3574 duo
3361 3527 3631 3574 commata
3658 3518 3736 3572 ita
3759 3516 3878 3572 sibi

2276 3609 2505 3665 invicem
2535 3614 2590 3662 et
2607 3622 2770 3663 sensu
2801 3614 2858 3662 et
2881 3607 3065 3663 verbis
3078 3605 3406 3672 cohaereant,
3424 3596 3443 3619 ’⁷
3457 3615 3519 3661 ιιι
3545 3618 3725 3661 unum’
3747 3607 3875 3662 sine

2278 3701 2384 3755 alio
2408 3701 2499 3755 vix
2520 3698 2748 3770 intelligi
2772 3697 2963 3768 possit.
3023 3697 3121 3752 Est
3163 3698 3306 3753 enim
3355 3697 3527 3765 figura
3574 3697 3869 3753 locutionis

2277 3804 2399 3861 quae
2428 3805 2458 3844 a
2486 3787 2794 3845 rhetoribus
2820 3784 3025 3849 iri-50cc;
3049 3786 3105 3842 id
3128 3796 3212 3842 est
3238 3786 3597 3857 percontatio,
3624 3788 3713 3843 cui
3735 3802 3863 3842 con-

2278 3880 2463 3937 festim
2486 3882 2604 3937 sine
2636 3876 3036 3935 lntroductione
3056 3893 3407 3948 personarum
3429 3880 3713 3951 responsio
3738 3879 3865 3935 sub-

2272 3973 2538 4047 iungitur,
2569 3986 2692 4044 quae
2719 3972 2882 4028 etiam
2913 3986 2944 4025 a
2964 3970 3284 4041 quibusdam
3313 3969 3657 4041 soliloquium
3689 3971 3877 4027 nomi-s

2280 4075 2471 4124 natur:
2509 4081 2633 4122 cum
2655 4064 2722 4119 ad
2748 4063 3079 4133 interrogata
3102 4062 3206 4117 sibi
3233 4078 3264 4116 a
3299 4077 3359 4118 se
3383 4062 3578 4132 cuique
3625 4074 3867 4129 reSpon-

2281 4160 2458 4223 detur,
2487 4172 2609 4212 cum
2631 4154 2786 4226 quasi
2831 4152 3147 4224 imputative
3193 4151 3668 4224 interrogantibus,
3724 4148 3873 4215 Qui:

2281 4249 2504 4305 ostendit
2536 4248 2685 4303 nobis
2708 4248 2842 4303 bona
2866 4248 2892 4301 .9
2927 4263 2959 4302 a
2987 4244 3179 4316 seipsis
3228 4244 3636 4313 respondeatur,
3670 4240 3865 4313 Signa-

2282 4354 2390 4397 tum
2410 4351 2485 4398 est
2507 4357 2664 4412 super
2677 4357 2769 4395 nos
2791 4338 2966 4392 lumen
2984 4336 3155 4392 uultus
3171 4334 3270 4399 tui,
3285 4332 3542 4399 Domine;
3564 4341 3625 4387 ut
3647 4332 3719 4388 sit
3740 4347 3875 4387 seu,-

605 4434 905 4503 suscipiens
939 4436 1168 4491 formam
1193 4438 1358 4501 servi,
1388 4453 1611 4506 operum
1635 4438 2004 4509 virtutumque
2030 4441 2181 4495 simi—
2200 4453 2261 4516 ο
2286 4447 2409 4496 sus.
2445 4428 2595 4485 Mulli
2626 4428 2774 4484 enim
2808 4426 2984 4481 adhuc
3035 4424 3329 4480 οπηειιίιθι·
3372 4425 3647 4516 sapientes
3676 4423 3866 4477 dicunt

605 4525 831 4581 litudine
864 4526 1041 4581 Patris
1070 4526 1125 4580 in
1155 4542 1214 4582 se
1257 4527 1544 4599 imaginem
1574 4538 1736 4599 atque
1770 4532 2181 4586 similitudinem

607 4617 927 4686 designavit.
958 4617 1056 4670 Est
1080 4620 1223 4671 enim
1260 4625 1315 4672 et
1357 4616 1523 4674 facies
1546 4620 1663 4686 Dei,
1689 4621 1814 4691 quia
1842 4636 1941 4691 per
1974 4636 2098 4676 eum
2125 4636 2199 4677 ser

609 4704 1088 4762 Paterhominibus
1100 4707 1483 4775 manifestavit,
1512 4712 1724 4767 dicente
1744 4713 1933 4768 eodem
1956 4713 2185 4768 Domino

608 4794 737 4853 Jesu
747 4796 983 4864 Christo,
1008 4797 1111 4865 Qui
1129 4800 1261 4855 videt
1274 4819 1380 4868 me,
1391 4802 1529 4857 videt
1545 4814 1596 4858 et
1609 4803 1824 4859 Patrem
1847 4805 2031 4875 (Joan.
2046 4804 2181 4875 xw).

609 4888 765 4945 Hunc
788 4904 918 4961 ergo
943 4888 1149 4945 vultum
1172 4906 1231 4947 se
1255 4892 1425 4949 David
1450 4894 1823 4962 quaesiturum,
1859 4910 1967 4949 non
1996 4912 2188 4950 manu‘

610 4981 781 5037 factas
806 4981 1069 5052 imagines
1095 4981 1470 5053 pollicebatur,
1502 4998 1625 5038 cum
1670 4981 1887 5036 dicebat
1920 4996 1940 5035 :
1978 4981 2187 5036 Vultum

609 5084 777 5137 tuum,
799 5074 1038 5141 Domine,
1056 5074 1338 5146 requiram,
1356 5074 1496 5127 hanc
1516 5071 1709 5127 divina:
1734 5070 2059 5139 cognitionis
2078 5072 2191 5126 cla-

611 5163 828 5219 ritatem
865 5166 1163 5231 exorabat,
1219 5177 1345 5219 cum
1389 5161 1602 5216 dicebat
1626 5175 1651 5213 ελ
1696 5159 1954 5215 lllumina
1998 5160 2191 5232 faciem

612 5266 758 5310 tuam
778 5269 935 5324 super
957 5270 1160 5309 servum
1185 5264 1354 5314 tuum,
1398 5259 1447 5304 et
1488 5250 1615 5304 doce
1655 5267 1737 5305 me
1777 5252 2203 5323 justiﬁ'cotiones'

611 5340 925 5415 luas(Psal.
953 5342 1099 5413 cxv).
1146 5342 1230 5397 Ad
1256 5338 1416 5408 hujus
1448 5340 1809 5412 cognitionem
1850 5356 1951 5412 per
1995 5346 2184 5417 legem,

610 5450 717 5490 non
742 5449 841 5505 per
858 5432 1143 5502 imagines,
1172 5431 1456 5501 pervenire
1489 5430 1796 5497 anhelabat,
1820 5448 1945 5489 cum
1967 5437 2143 5491 aiebat
2170 5453 2199 5490 εί

615 5523 805 5580 Revela
831 5523 1012 5579 oculos
1033 5539 1172 5577 meos
1195 5564 1210 5587 ,
1246 5532 1294 5579 et
1323 5523 1664 5581 considerabo
1692 5526 1958 5582 mirabilia
1985 5531 2051 5584 de
2082 5529 2207 5602 lege—

614 5623 706 5666 tua
729 5614 903 5683 (Psal.
924 5614 1071 5685 ειν).
1093 5614 1242 5672 Hanc
1267 5616 1464 5673 divina;
1484 5617 1783 5689 maiestatis
1801 5618 2192 5678 manifestatio—

624 5712 768 5762 nem,
796 5715 902 5753 non
929 5699 1213 5766 cujuslibet
1253 5707 1477 5774 picturae
1521 5706 2042 5782 compaginationetn
2089 5726 2190 5768 nos

2284 4526 2426 4594 quod
2446 4536 2545 4578 nec
2563 4521 2721 4593 pauci
2746 4520 2964 4591 quidem
2983 4516 3162 4573 dicere
3186 4516 3514 4582 debuissent,
3540 4515 3671 4581 Quis
3692 4524 3869 4569 osten-

2284 4617 2360 4670 dit
2383 4612 2731 4669 nobis'bona?
2748 4610 2839 4666 illa
2863 4608 3068 4664 scilicet
3086 4618 3209 4678 quae
3228 4606 3491 4676 pmdicat
3518 4618 3733 4671 semper
3753 4602 3863 4656 Ec-

2284 4705 2475 4767 clesia,
2513 4701 2962 4758 resurrectionem
3006 4714 3126 4754 esse
3152 4708 3447 4757 venturam,
3494 4693 3547 4747 iii
3588 4706 3692 4761 qua
3712 4688 3867 4759 justi‘

2284 4808 2473 4852 omnes
2493 4802 2693 4849 :eterna
2715 4789 2943 4859 praemia
2964 4789 3305 4845 consecuturi
3335 4792 3476 4841 sunt.
3509 4781 3889 4856 Promittitur.

2286 4885 2430 4939 enim
2455 4882 2612 4937 nobis
2636 4880 2779 4950 quod
2800 4879 3012 4949 penitus
3030 4892 3138 4935 non
3165 4878 3411 4935 videmus
3436 4892 3453 4929 :
3485 4873 3866 4930 desideramus

2286 4990 2407 5045 quae
2438 4972 2528 5026 hic
2559 4969 2816 5037 consequi
2840 4984 2949 5024 non
2978 4969 3239 5024 valemus.
3270 4966 3476 5034 Quibus
3491 4963 3869 5035 respondendo
3896 5038 3899 5039 ν

2284 5063 2606 5119 beneﬁcium
2632 5060 2916 5125 indicatus,
2950 5060 3093 5130 quod
3113 5058 3277 5116 etiam
3304 5058 3358 5114 in
3393 5055 3650 5129 pnesenti
3670 5055 3871 5112 saeculo

2285 5154 2611 5227 possidetur,
2638 5153 2922 5222 Signatum
2944 5161 3021 5207 est
3042 5192 3058 5217 ,
3101 5148 3308 5222 inquit,
3348 5146 3529 5221 super
3552 5164 3646 5203 nos
3694 5146 3868 5201 lumen

2287 5246 2459 5303 vultus
2492 5244 2569 5299 tui
2594 5286 2610 5310 ,
2650 5244 2890 5298 Domine.
2932 5240 3066 5309 Quis
3103 5246 3204 5312 per
3232 5238 3487 5296 vexillum
3514 5237 3697 5293 crucis
3718 5246 3771 5291 et
3792 5237 3868 5289 lu-

2288 5352 2413 5393 men
2454 5334 2693 5406 Spiritus
2749 5332 2923 5390 sanctl
2957 5332 3029 5387 ita
3070 5346 3257 5388 sumus
3304 5329 3525 5395 muniti,
3559 5328 3627 5384 ut“
3660 5325 3859 5397 antiqui

2287 5426 2460 5482 hostis
2483 5423 2824 5480 fraudulenta
2841 5422 3167 5478 machinatio
3183 5419 3610 5492 et‘portentuosa
3632 5433 3790 5473 versu
3798 5417 3859 5470 tis

2287 5534 2396 5576 non
2412 5518 2588 5574 valeat
2607 5530 2862 5587 superare
2878 5521 3112 5571 tentatos
3125 5530 3262 5586 quos
3275 5513 3512 5570 habebat
3522 5509 3689 5581 primi
3705 5506 3862 5565 homi-

2288 5610 2375 5666 nis
2403 5607 2656 5665 suasione
2680 5606 2955 5677 captivos..
3503 5610 3509 5615 '
