4026 6156
180 292 329 349 4051

728 396 971 454 CAPUT
1008 396 1199 451 XXIV.

182 500 350 587 Quod
369 532 472 572 non
500 514 568 568 ad
584 512 761 575 ullam
800 527 975 587 manu
994 510 1190 587 factum
1210 508 1493 587 imaginem
1512 501 1766 587 pertineat

263 573 398 659 quod
431 586 680 659 scriptum
724 592 837 659 est,
876 573 1301 659 Vultummtuum
1320 573 1768 659 deprecabuntur

261 645 451 712 amnes
475 645 669 709 divites
695 651 886 723 plebis,
909 649 1039 704 sicut
1066 645 1145 700 illi
1165 654 1461 700 autumant.

246 767 371 824 'Sed
424 781 527 821 nec
550 763 683 820 illud
715 760 859 831 quod
907 757 1163 831 scriptum
1195 742 1294 819 est,
1360 752 1572 808 Vultum
1618 759 1767 805 tuum

181 856 611 929 deprecabuntur
644 868 818 907 omnes
852 836 1038 902 divites
1083 846 1246 919 plebis
1282 842 1460 931 (Psal.
1510 842 1661 913 xcv),
1705 840 1772 895 de

181 949 426 1019 quodam
454 942 764 1000 mannfacto
789 936 933 1015 vultu
963 936 1373 1008 intelligendum
1404 941 1506 998 est,
1538 945 1771 1002 praiser-

192 1038 291 1094 tim
311 1032 437 1092 cum
471 1031 759 1088 manufaCti
796 1030 976 1084 vultus
1012 1028 1132 1084 ideo
1163 1043 1270 1083 non
1295 1022 1616 1096 deprecandi
1640 1022 1768 1089 sint,

192 1130 323 1201 quia
372 1124 473 1183 nec
497 1124 751 1181 exaudire
775 1129 979 1195 queunt
1009 1135 1025 1174 :
1054 1134 1214 1176 omne
1262 1118 1407 1189 quod
1454 1117 1777 1186 deprecatur

177 1220 316 1275 tideo
340 1219 657 1287 deprecatur
683 1205 1036 1276 utexandiat,
1069 1218 1125 1265 et
1166 1223 1326 1263 omne
1365 1205 1507 1277 quod
1555 1203 1778 1265 exaudit

190 1305 501 1364 irrationale
515 1317 635 1360 esse
658 1316 763 1356 non
783 1300 943 1355 debet
962 1313 977 1352 :
995 1314 1155 1354 omne
1175 1297 1338 1369 igitur
1350 1295 1493 1365 quod
1511 1294 1774 1364 depreca-

188 1398 275 1456 tur
295 1396 614 1454 irrationale
637 1409 758 1450 esse
778 1408 885 1472 non
905 1393 1064 1447 debet
1084 1406 1099 1444 :
1119 1390 1261 1461 quod
1289 1391 1335 1445 si
1364 1387 1642 1460 deprecari
1669 1400 1778 1443 non

176 1486 362 1553 debet,
389 1485 559 1541 multo
588 1486 770 1539 minus
815 1482 1046 1547 adorari,
1075 1497 1199 1536 cum
1246 1480 1502 1541 videlicet
1530 1477 1780 1543 adoratio

186 1572 552 1652 deprecationi
575 1576 829 1632 emineat.
849 1573 983 1646 Nam
1004 1572 1049 1627 si
1069 1568 1364 1628 manufacti
1387 1565 1578 1629 vultus'
1589 1571 1779 1641 depre-

180 1675 345 1732 candi
373 1682 432 1729 et
458 1670 720 1729 adorandi
747 1677 892 1732 sunt,
920 1676 982 1721 ut
1012 1668 1091 1721 illi
1120 1667 1386 1740 garriunt,
1422 1680 1650 1727 necesse
1693 1668 1778 1719 est

962 278 1153 339 υκαι
1189 273 1533 361 οΑῐιοιιΝι.
1573 304 1646 314 -
1681 272 1904 329 CAPIT.
1950 273 2038 328 BE
2076 272 2264 328 NAG.
2307 303 2375 315 -~
2415 271 2549 327 LIB.
2593 271 2632 326 l.

3332 279 3466 349 40.58

1788 391 1838 447 Α
1867 385 2154 456 imaginem
2182 386 2635 456 deprecabantur.
2672 384 2752 439 De
2780 382 2978 453 quibus
3036 386 3303 457 scriptum
3352 357 3458 458 est,

1869 473 2200 529 Multitudini
2240 492 2358 529 vero
2385 474 2707 529 credentium
2731 482 2849 527 erat
2891 489 2984 526 cor
3024 484 3075 528 et
3109 479 3290 533 anima
3316 496 3455 549 una,

1867 574 1914 617 et
1941 582 2087 620 nemo
2117 582 2296 621 eorum
2338 582 2457 636 qua:
2495 565 2791 634 possidebat
2835 564 3121 636 quidquam
3148 586 3305 623 suum
3330 587 3427 639 pro
3451 603 3478 645 ι,

1865 654 2041 723 prium
2081 672 2189 709 esse
2233 655 2471 718 dicebat,
2505 654 2597 708 sed
2653 664 2803 708 erant
2835 655 2909 708 eis
2945 660 3247 712 communia
3276 661 3456 714 omnia

1864 741 2102 814 (Acan).
2129 743 2298 811 Hujus
2313 746 2513 814 reginae
2526 745 2753 809 vultum,
2779 761 2884 800 non
2902 744 3128 814 alicujus
3145 748 3340 805 tabulzc
3364 767 3460 807 co-

1863 834 2032 898 lores,
2057 836 2283 901 divitum
2306 837 2500 906 apibus
2535 837 2796 891 decorare
2824 837 3039 893 volebat
3063 854 3314 908 sponsus,
3332 856 3460 897 eum

1872 923 2122 979 diccbat:
2157 921 2500 994 Venditequte
2520 924 2818 994 possidetis,
2833 934 2881 979 et
2901 925 3026 981 date
3044 920 3457 999 eleemosynnm:

1864 1012 2030 1082 facite
2075 1012 2216 1066 vobis
2245 1012 2484 1067 sacculos
2505 1014 2596 1083 qui
2628 1030 2730 1066 non
2769 1023 3115 1081 veterascunt,
3149 1019 3455 1074 thesaurum

1863 1119 1979 1157 .uon
2003 1101 2328 1171 deﬁcientem
2357 1102 2415 1156 in
2439 1102 2599 1165 oculis,
2629 1119 2733 1172 quo
2767 1103 2857 1173 fur
2880 1121 2989 1157 nou
3016 1110 3291 1178 appropiat
3308 1149 3323 1174 ,
3369 1128 3462 1165 ne-

1864 1211 1976 1264 que
1998 1194 2140 1249 tinea
2170 1193 2461 1262 corrumpit
2481 1207 2509 1246 .:
2540 1193 2632 1246 ubi
2659 1194 2796 1247 enim
2835 1194 2993 1263 fuerit
3018 1196 3294 1252 thesaurus
3317 1209 3462 1267 tuus,

1869 1283 1986 1337 illic
2010 1285 2109 1337 erit
2128 1293 2177 1337 et
2206 1298 2298 1336 cor
2329 1290 2478 1336 tuum
2504 1280 2661 1353 (Luc.
2709 1281 2841 1352 xii);
2891 1284 3004 1338 sive
3031 1301 3155 1339 cum
3204 1286 3460 1346 dicebat:

1893 1369 2263 1453 Verumtamen
2300 1371 2423 1425 date
2449 1370 2851 1443 eleemosynam,
2872 1382 2920 1427 et
2934 1390 3051 1428 ecce
3065 1377 3239 1431 omnia
3267 1380 3464 1434 munda

1870 1471 1998 1539 sunt
2026 1460 2167 1515 vobis
2197 1460 2330 1531 (Luc
2357 1464 2461 1530 xr).
2489 1459 2628 1527 Quia
2653 1477 2787 1536 ergo
2841 1463 2909 1517 ad
2928 1465 3175 1520 eamdem
3222 1466 3465 1538 reginam

1880 1550 2075 1608 divites
2105 1551 2158 1605 in
2190 1550 2462 1621 hypocrisi
2489 1567 2610 1605 cum
2633 1550 2785 1607 falsis
2820 1555 3135 1610 muneribus
3175 1559 3326 1626 quasi
3354 1559 3466 1614 vul~

1883 1653 1999 1700 tum
2023 1643 2143 1713 ejus
2173 1644 2512 1713 deprecaturi
2540 1645 2730 1700 venire
2752 1660 2857 1699 non
2877 1646 3090 1711 debent,
3118 1647 3231 1719 ipsa
3256 1650 3466 1706 Veritas

171 1720 912 1837 ξιξ·;ιξὶ);έο;ῖ,λέζξέηι,δίέε
932 1720 1023 1813 θεέ
1052 1720 1406 1815 έδξέέη-ιίωέ
1424 1720 1621 1815 ’ὤρεξε
1650 1751 1778 1811 πει,
1813 1731 1854 1789 n
1882 1734 2131 1800 inhibet,
2168 1750 2292 1790 cum
2319 1720 2490 1800 dicit,
2531 1733 2719 1789 Cavete
2755 1734 2930 1806 facere
2941 1738 3210 1807 justitiam
3236 1750 3460 1796 vestram

171 1858 392 1914 dantur
425 1873 440 1911 :
472 1864 529 1909 et
558 1854 606 1909 si
635 1854 987 1924 deprecantes
1017 1850 1279 1907 exaudire
1324 1851 1780 1918 adorantibusque

184 1945 377 2002 favere
400 1944 713 2011 creduntur,
744 1956 968 1997 necesse
989 1948 1155 1995 estut
1182 1940 1291 1996 vita
1305 1940 1387 1997 eis
1408 1956 1661 1997 sensuum
1686 1956 1779 1996 ca-

173 2052 303 2106 pax
346 2035 524 2090 inesse
543 2032 813 2089 credatur.
842 2022 965 2087 Non
993 2040 1174 2097 autem
1209 2030 1353 2088 inest
1397 2032 1479 2088 eis
1522 2031 1631 2086 vita
1658 2045 1776 2086 sen-

188 2139 353 2180 suum
381 2138 572 2192 capax,
599 2138 705 2176 non
730 2119 911 2193 igitur,
936 2130 996 2176 ut
1021 2121 1099 2176 illi
1121 2122 1385 2193 garriunt,
1413 2122 1672 2181 adorandi
1696 2122 1781 2177 vel

168 2209 515 2281 deprecandi
536 2217 680 2265 sunt.
696 2209 832 2264 Nam
859 2209 974 2265 lucc
995 2211 1226 2266 duorum
1249 2213 1635 2279 membrorum,
1659 2228 1780 2282 qua:

172 2300 409 2371 quidem
433 2303 702 2355 commata
723 2307 1052 2371 nuncupant,
1109 2298 1400 2365 sententia,
1435 2298 1488 2353 id
1509 2308 1613 2364 est,
1648 2297 1777 2353 Vul-

168 2404 301 2450 .tum
332 2403 478 2448 tuum
501 2393 916 2466 deprecabuntur
944 2411 1123 2449 omnes
1141 2393 1333 2450 divites
1367 2394 1533 2466 plebis
1563 2395 1776 2467 (Ibid.),

187 2501 305 2540 non
332 2485 443 2539 Deo
471 2483 623 2554 cujus
650 2484 827 2556 imago
852 2492 908 2539 et
940 2484 1121 2539 vultus
1144 2484 1314 2539 Filius
1343 2493 1448 2550 est,
1475 2485 1569 2543 sed
1597 2485 1782 2540 Eccle-

171 2578 315 2644 siae,
340 2591 459 2647 quae
484 2590 682 2645 corpus
713 2572 914 2631 Christi
935 2584 1047 2638 est,
1072 2591 1170 2644 per
1192 2575 1516 2645 Pmpbetam
1559 2577 1778 2632 dicitur.

179 2672 418 2727 Dixerat
442 2673 589 2726 enim
628 2671 908 2740 superius,
942 2686 1038 2740 per
1061 2670 1337 2740 energian,
1359 2670 1522 2735 Audi,
1565 2670 1704 2739 ﬁlia,
1730 2679 1782 2727 et

190 2762 336 2827 ride,
377 2772 426 2818 et
471 2761 671 2818 inclina
699 2778 882 2817 aurem
904 2771 1089 2826 tuam,
1119 2771 1167 2816 et
1193 2760 1491 2824 oblit'iscere
1532 2760 1781 2832 populum

178 2865 352 2909 .tuum
371 2894 386 2920 ,
414 2864 463 2909 et
496 2854 708 2915 domum
733 2855 900 2926 patris
922 2855 999 2907 tui
1028 2869 1047 2907 :
1074 2852 1328 2923 quoniam
1357 2853 1649 2923 concupivit
1695 2868 1785 2906 rea:

188 2944 426 3016 speciem
451 2954 599 2998 tuam
622 2984 638 3011 ,
664 2945 789 3015 quia
821 2945 931 3015 ipse
955 2952 1032 2999 est
1069 2943 1329 2998 Dominus
1376 2958 1524 2997 uicus
1556 2958 1575 2996 :
1600 2951 1651 2996 et
1687 2942 1777 2997 ad-

184 3036 426 3092 orabunt
451 3053 571 3091 eum
596 3034 726 3106 ﬁlio:
750 3034 875 3106 Tyri
897 3035 954 3105 in
977 3034 1281 3088 muneribus
1297 3032 1508 3104 (Ibid.),
1539 3041 1594 3088 et
1614 3033 1668 3088 in
1691 3049 1786 3087 ea-

189 3128 319 3181 dem
348 3126 574 3197 energ‘a
601 3139 958 3195 perseverans
978 3122 1260 3193 subiunxit
1281 3124 1455 3178 eidem
1492 3121 1645 3192 cujus
1666 3138 1784 3193 spe-

186 3218 330 3273 ciem
353 3217 678 3288 concupisse
702 3232 884 3289 regem
901 3217 1129 3283 dixerat,
1152 3217 1359 3282 dicens,
1402 3214 1611 3270 Vultum
1634 3225 1784 3269 tuum

182 3307 616 3380 deprecabuntur
645 3325 823 3363 omnes
852 3309 1039 3365 divites
1071 3309 1256 3381 plebis.
1295 3309 1486 3364 Vultus
1516 3322 1647 3378 ergo
1676 3307 1783 3362 Ec-

166 3399 376 3455 clesiae
402 3399 665 3455 doctrina:
709 3398 975 3468 spiritalis
1004 3401 1237 3455 eruditio
1270 3407 1385 3461 est,
1437 3413 1557 3467 qua:
1603 3396 1726 3451 ideo
1752 3412 1784 3449 a

167 3489 458 3565 .divitibus
491 3489 776 3560 deprecari
802 3490 1036 3557 dicitur,
1076 3491 1203 3560 quia
1229 3490 1383 3546 inulti
1408 3496 1629 3560 propter
1662 3503 1782 3544 eam

168 3582 453 3653 clunibus
475 3580 687 3652 pompis
742 3581 923 3637 saeculi
965 3590 1022 3636 et
1075 3582 1280 3639 divitiis
1316 3572 1781 3645 renuntiaverunt,

178 3671 447 3742 qualiter
494 3670 564 3724 ad
587 3686 707 3743 eam
734 3672 1020 3744 pervenire
1052 3680 1101 3727 et
1130 3687 1231 3742 per
1263 3688 1383 3728 eam
1427 3671 1494 3726 ad
1522 3680 1783 3739 reti-ruam

170 3762 439 3835 patriam
468 3762 753 3818 convolare
774 3763 1018 3819 valerent
1042 3780 1057 3817 :
1079 3764 1163 3818 liae
1183 3776 1310 3818 sunt
1327 3763 1474 3819 enim
1504 3763 1628 3818 lilia:
1651 3760 1782 3832 Tyri

180 3853 494 3908 adorantes
512 3853 566 3907 in
594 3855 938 3918 muneribus,
980 3839 1039 3910 bi
1091 3855 1284 3911 divites
1311 3855 1485 3925 plebis
1526 3855 1620 3924 qui
1665 3853 1784 3922 ejus

179 3943 411 3999 vultum
449 3944 822 4013 deprecantur.
865 3944 987 4003 Una
1033 3946 1178 4000 enim
1226 3955 1311 4001 est
1347 3946 1588 4007 Ecclesia
1630 3943 1785 4011 cujus

174 4037 378 4111 uultus
433 4034 787 4105 deprecatur,
840 4044 951 4092 eta
980 4036 1179 4106 quibus
1221 4036 1563 4105 deprecatur,
1611 4041 1786 4095 mater

178 4129 453 4185 uidelicet
478 4142 603 4183 cum
627 4126 769 4192 ﬁliis,
802 4143 910 4183 una
949 4143 1166 4198 sponsa,
1192 4142 1300 4181 una
1330 4126 1531 4196 regina
1548 4164 1564 4188 ,
1593 4138 1785 4180 omnes

182 4221 258 4274 ad
280 4219 571 4276 Christum
594 4235 757 4274 unum
787 4228 949 4288 caput
966 4220 1318 4289 pertinentes,
1342 4217 1530 4287 quiest
1549 4224 1786 4273 aeternus

174 4320 238 4369 et
251 4311 588 4367 immortalis
606 4326 869 4381 sponsus:
893 4310 1048 4381 cujus
1068 4310 1276 4365 amicus
1297 4316 1417 4364 erat
1436 4307 1525 4363 ille
1544 4307 1637 4376 qui
1661 4322 1786 4363 eos-

1811 3081 1859 3145 C

1884 1841 2065 1881 coram
2098 1826 2427 1892 hominibus,
2459 1836 2517 1880 ut
2564 1826 2846 1881 videamini
2875 1827 2941 1882 ab
2988 1829 3064 1883 eis
3114 1828 3326 1899 (Matth.
3367 1830 3466 1903 vr).

1883 1918 2023 1986 Quia
2060 1934 2191 1989 vero
2216 1918 2334 1987 ejus
2356 1918 2564 1975 vultum
2599 1934 2814 1989 semper
2832 1919 3119 1976 clariorem
3153 1932 3210 1977 et
3250 1923 3304 1978 in
3345 1937 3469 1993 pro-

1877 2009 2069 2080 patulo
2100 2009 2524 2080 splendidiorem
2550 2010 2670 2065 ﬂeri
2696 2010 2946 2076 delectet,
2996 2012 3272 2067 evidenter
3297 2022 3468 2069 σεῑαι-

1883 2100 1981 2165 dit,
2006 2115 2132 2155 cum
2153 2099 2304 2165 dicit,
2319 2099 2553 2155 Luceant
2573 2117 2731 2169 opera
2759 2110 2927 2155 uestra
2952 2117 3130 2154 coram
3152 2086 3468 2171 hominibus,

1882 2200 1938 2245 ut
1957 2190 2171 2246 uideant
2206 2190 2340 2245 bona
2363 2200 2552 2255 vestra,
2589 2200 2636 2247 et
2666 2190 2960 2261 gloriﬁcent
2997 2190 3208 2247 Patrem
3244 2201 3469 2248 vestrum

1880 2280 1972 2351 qui
2003 2288 2078 2333 est
2107 2280 2163 2334 in
2186 2278 2331 2335 ralis
2368 2278 2586 2351 (Matth.
2614 2282 2692 2353 v).
2746 2281 2802 2336 In
2838 2282 3036 2352 quibus
3073 2286 3326 2341 omnibus
3362 2302 3468 2341 non

1881 2371 2179 2443 imaginum
2203 2371 2466 2435 adoratio,
2507 2387 2608 2429 nec
2629 2372 2957 2443 deprecatio,
2992 2389 3092 2432 nec
3137 2391 3323 2433 earum
3356 2379 3470 2450 glo—

1885 2476 1991 2527 ria,
2027 2460 2120 2517 sed
2148 2470 2243 2521 aut
2279 2461 2465 2531 sponsi
2501 2462 2594 2533 qui
2625 2472 2787 2532 caput
2813 2472 2924 2529 est,
2959 2474 3054 2520 aut
3100 2480 3310 2535 sponsae
3350 2484 3471 2539 qua)

1883 2569 2085 2623 corpus
2111 2562 2213 2618 est,
2244 2554 2612 2610 indubitanter
2631 2555 2953 2610 ostenditur.
2980 2557 3026 2610 Λ
3072 2558 3269 2627 quibus
3294 2559 3471 2614 sensi-

1884 2645 1991 2700 bus
2035 2654 2091 2700 et
2123 2661 2153 2699 a
2197 2660 2429 2715 quorum
2479 2656 2919 2703 ornamentorum
2971 2649 3275 2721 insignibus
3310 2666 3473 2721 quam

1884 2742 2138 2804 expertes
2155 2734 2265 2790 sint
2284 2736 2399 2805 qui,
2444 2733 2659 2789 Vultum
2685 2746 2832 2790 tuum
2857 2738 3275 2809 deprecabuntur
3296 2757 3475 2795 omnes
3569 2744 3573 2748 ’

1886 2825 2070 2881 divites
2084 2824 2248 2897 plebis
2272 2825 2444 2898 (Psal.
2461 2824 2611 2898 xcv),
2635 2828 2702 2881 ad
2726 2827 3156 2884 manufactarum
3178 2829 3475 2901 imaginum

1888 2915 2068 2970 vultus
2094 2914 2337 2970 referunt
2360 2932 2466 2971 non
2498 2914 2653 2970 nobis
2680 2923 2764 2970 est
2780 2913 3156 2984 iudicandum,
3189 2918 3284 2973 sed
3308 2918 3475 2975 lecto-

1889 3014 1968 3069 ris
1990 3013 2217 3069 arbitrio
2246 3013 2655 3108 reservandu‘m.

2469 3101 2698 3179 ditior
2733 3121 2899 3177 xxv.
2964 3158 2967 3161 ι

1887 3210 2273 3288 lnoportuuaet
2286 3212 2794 3288 deliramcutoplena
2811 3213 2970 3288 dictio
2984 3206 3365 3288 LeonisFociw
3377 3216 3480 3288 epiu

1957 3283 2121 3354 πυρὶ,
2142 3286 2231 3353 qui
2251 3285 2305 3336 in
2324 3299 2382 3337 eo
2407 3283 2548 3353 quod
2575 3284 2645 3354 ad
2670 3284 2958 3354 imaginum
2977 3283 3337 3354 adoratiouem
3359 3283 3480 3340 cou-

1958 3352 2133 3407 uersus
2155 3352 2250 3418 est,
2274 3353 2373 3407 sibi
2388 3352 2696 3408 uersiculum
2712 3352 3012 3408 Psalmista:
3022 3353 3479 3407 accommodate“—

1958 3422 2121 3476 centis
2139 3422 2483 3478 :Convertisii
2496 3425 2775 3492 planctum
2789 3439 2968 3479 meum
2983 3424 3037 3478 in
3052 3424 3304 3492 gaudium
3319 3424 3475 3490 milii,

1956 3493 2270 3548 conscidisti
2297 3508 2515 3548 saccum
2541 3508 2739 3559 meum,
2763 3503 2818 3549 et
2842 3493 3242 3549 circumdedisti
3268 3493 3474 3551 lautitia.

1959 3585 2093 3641 Cum
2119 3601 2257 3656 pene
2288 3585 2495 3640 nullum
2527 3587 2830 3642 divinorum
2857 3587 3070 3657 apicum
3090 3586 3473 3661 testimonium

1888 3686 2257 3748 competenter
2296 3678 2349 3733 in
2397 3680 2695 3750 saepissime
2737 3689 3033 3739 memorata
3068 3682 3273 3752 synodo
3316 3679 3480 3736 fuerit

1886 3769 2141 3838 positum,
2166 3784 2264 3823 nec
2287 3769 2389 3824 lioc
2410 3784 2621 3839 quoque
2643 3780 3013 3841 competenter
3041 3787 3072 3823 a
3094 3770 3273 3825 Leone
3300 3769 3479 3826 Fociae

1887 3859 2142 3927 episcopo
2162 3866 2375 3913 constat
2400 3874 2519 3914 esse
2544 3859 2833 3928 prolatum,
2861 3861 2952 3928 qui
2978 3860 3228 3913 videlicet
3254 3859 3298 3913 si
3327 3859 3481 3927 quid-

1890 3949 2013 4003 dam
2045 3950 2157 4004 salc
2180 3950 2457 4005 conditum
2495 3956 2589 4002 aut
2626 3949 2693 4002 ad
2733 3964 2848 4002 rem
2878 3949 3158 4016 pertinens
3191 3948 3476 4016 proferret,

1887 4038 2100 4092 caneris
2146 4046 2433 4108 appareret
2465 4036 2769 4099 dissimilis,
2800 4045 3228 4103 cunctarumque
3261 4045 3481 4090 senten-

1891 4127 1984 4182 tiis
2009 4127 2310 4200 refragator
2335 4128 2625 4192 existeret;
2651 4126 2745 4181 sed
2767 4126 2894 4179 dum
2923 4141 2982 4179 se
3009 4124 3241 4178 inaniter
3268 4124 3480 4181 ﬂevisse

1890 4222 2071 4280 fassus
2099 4222 2197 4275 ‘est
2224 4234 2290 4273 eo
2320 4219 2463 4288 quod
2498 4205 2762 4287 imagines
2807 4230 2915 4269 non
2941 4214 3270 4280 adoraverit,
3299 4221 3355 4268 et
3392 4213 3480 4269 lai-

1890 4314 1995 4371 tari
2035 4327 2101 4368 eo
2131 4310 2275 4382 quod
2303 4309 2517 4365 inanius
2551 4324 2611 4363 se
2649 4308 2718 4375 ad
2764 4320 2950 4361 earum
2995 4304 3362 4361 adorationcm
3404 4303 3485 4359 di-

180 4404 319 4459 dem
354 4402 554 4457 divites
584 4403 759 4473 plebis
790 4403 869 4458 sic
893 4403 1299 4474 alloquebatur:
1330 4401 1569 4472 Prwcipe
1603 4399 1783 4455 diviti-
1813 4438 1864 4500 Β
1888 4405 2142 4469 verterit,
2175 4418 2335 4472 quam
2363 4400 2435 4456 sit
2458 4398 2681 4466 delirus,
2708 4411 2975 4469 quamque
2995 4405 3315 4453 ceterorum
3353 4412 3484 4452 con-

182 4490 486 4559 bushujus
513 4493 696 4547 mundi
731 4510 835 4548 non
855 4493 1073 4561 superbe
1115 4509 1316 4566 sapere,
1372 4509 1534 4563 neque
1570 4506 1785 4562 sperare

168 4583 243 4639 in
268 4584 479 4637 incerto
512 4584 951 4653 diritiarum,-sed
982 4588 1036 4641 iu
1059 4586 1169 4641 Deo
1193 4588 1305 4640 vivo
1330 4588 1420 4657 qui
1447 4594 1663 4657 prastat
1692 4601 1788 4639 no-

177 4672 283 4728 bis’
304 4673 491 4727 omnia
517 4674 850 4730 abundanter
874 4675 947 4729 ad
971 4675 1252 4746 fruendum
1299 4672 1351 4747 (Ι
1385 4673 1520 4728 Tim.
1565 4674 1699 4747 vr);'
1730 4674 1785 4729 lii

177 4779 417 4835 semper
467 4780 503 4821 a
551 4768 759 4823 sanctis
787 4767 1267 4838 praedicationibus
1293 4813 1298 4819 .
1322 4767 1682 4822 exhortantur
1729 4773 1791 4820 ut

181 4856 571 4912 tbesaurizent
589 4856 692 4915 sibi
717 4855 1133 4921 fundamentum
1148 4859 1348 4914 bonum
1362 4856 1421 4911 in
1441 4855 1700 4920 inuitum,
1728 4863 1791 4911 ut

179 4945 611 5014 apprehendant
632 4962 820 5002 veram
842 4947 1012 5009 vitam
1046 4949 1322 5005 adoranda
1366 4949 1422 5003 in
1452 4948 1787 5005 muneribus.

182 5032 426 5090 Vultum
438 5050 569 5107 ergo
591 5035 752 5107 hujus
775 5038 977 5109 reginae
999 5040 1356 5111 deprecantur
1373 5039 1570 5096 divites
1594 5040 1788 5109 plebis,

176 5135 334 5179 cum
359 5122 430 5175 ad
449 5137 570 5178 eam
595 5138 948 5195 concurrunt,
970 5131 1097 5184 etin
1119 5129 1237 5199 ejus
1268 5131 1392 5187 sinu
1415 5132 1790 5203 eleemosynas

181 5208 419 5268 faciunt
438 5250 457 5277 ,
495 5228 566 5268 ne
589 5224 746 5270 extra
770 5213 887 5283 eius
905 5218 1207 5289 collegium
1231 5220 1380 5275 liant.
1412 5220 1582 5290 Hujus
1607 5224 1789 5292 itaque

181 5301 414 5377 regina:
435 5303 669 5369 vultum,
697 5320 806 5360 non
833 5306 1124 5376 imaginum
1145 5307 1318 5375 fucos,
1341 5311 1789 5380 deprecabantur,

178 5395 293 5469 qui
322 5398 397 5453 ad
421 5410 550 5452 eam
575 5392 633 5449 in
660 5397 979 5459 muneribus
1024 5399 1333 5463 veniebant,
1359 5409 1416 5455 et
1437 5417 1504 5457 ea
1525 5419 1645 5471 quae
1669 5418 1795 5474 por-

179 5491 400 5548 tabant
413 5489 484 5545 ad
511 5488 680 5558 pedes
708 5489 1076 5558 apostolorum
1093 5490 1391 5559 ponebant;
1418 5492 1580 5560 liuius
1601 5498 1796 5566 regina:

181 5581 396 5639 vultus
432 5577 730 5645 desiderio,
776 5593 887 5632 non
923 5577 1149 5645 alicujus
1178 5578 1405 5648 pictum
1428 5620 1445 5645 ,
1503 5586 1798 5642 ωειυθὶιιιηι

185 5675 304 5740 illi,
336 5684 576 5735 eamque
603 5669 659 5726 in
691 5668 1015 5725 muneribus
1054 5682 1158 5722 non
1178 5724 1185 5729 ,
1207 5667 1441 5748 aliquam
1475 5671 1797 5733 insensatam

1891 4497 2059 4555 sortio
2104 4509 2276 4550 nexus
2310 4491 2715 4548 evidentissime
2752 4488 3021 4561 apparuit.
3065 4486 3264 4544 llabuit
3311 4487 3480 4553 enim,

1891 4600 1950 4645 ut
1994 4589 2136 4645 idem
2183 4584 2439 4658 przefatns
2482 4590 2585 4649 est,
2630 4584 2747 4639 sine
2793 4583 2989 4638 damno
3029 4581 3322 4645 tristitiam,
3366 4581 3484 4636 sine

1889 4679 2132 4751 profectu
2175 4678 2437 4741 laetitiam,
2483 4676 2601 4731 sine
2652 4674 2961 4747 perditione
2994 4675 3357 4747 lacrymarum
3394 4675 3484 4729 dc-

1892 4787 2104 4836 cursus,
2140 4770 2259 4826 sine
2298 4768 2654 4838 acquisitione
2701 4767 3103 4824 caehinnabiles
3154 4769 3317 4832 risus,
3373 4766 3484 4820 iras

1893 4863 2010 4920 sine
2044 4862 2348 4926 calumniis,
2385 4860 2718 4931 placationes
2764 4860 2881 4916 sine
2926 4859 3377 4931 honoriﬁcentiis,
3402 4864 3484 4913 ut-

1890 4964 2017 5028 pote
2040 4942 2178 5026 puer
2200 4955 2253 5009 in
2276 4954 2523 5024 quaidam
2555 4953 2761 5009 ludicra
2789 4952 3092 5022 peragenda
3118 4950 3351 5013 inhians,
3376 4947 3421 5001 si
3448 4964 3481 5000 a

1870 5049 2104 5103 nutrice
2157 5054 2458 5110 coercetur,
2509 5045 2836 5116 singultibus
2890 5042 3052 5096 verba
3097 5034 3485 5108 intercipianti-

1893 5138 1995 5193 bus
2020 5136 2206 5205 cjulat,
2236 5136 2304 5190 ad
2341 5150 2462 5206 qua:
2495 5133 2850 5205 perpetranda
2876 5130 2920 5184 si
2947 5130 2995 5184 ci
3026 5128 3191 5184 fuerit
3215 5141 3246 5182 a
3273 5127 3484 5183 nutrice

1895 5243 2153 5283 concessa
2196 5226 2453 5291 facultas,
2488 5223 2799 5296 semiplenis
2835 5220 3179 5277 vociferando
3219 5216 3485 5281 sermoni-

1894 5319 1996 5374 bus
2025 5318 2262 5374 exsultat
2294 5336 2307 5373 :
2351 5319 2537 5386 sicque
2582 5312 2852 5370 coercitus
2899 5311 3064 5364 liabet
3098 5322 3267 5360 vanos
3302 5305 3481 5370 ﬂetus,

1895 5417 1953 5465 et
2001 5424 2066 5465 ea
2111 5423 2371 5479 peragere
2399 5405 2698 5476 permissus
2722 5413 2892 5453 vanos
2926 5394 3280 5454 nihilominus
3319 5393 3484 5467 risus.

1889 5508 2033 5558 cum
2054 5501 2305 5559 videlicet
2348 5514 2451 5555 nec
2488 5497 2543 5550 in
2582 5489 2949 5566 prohibitione
2994 5486 3157 5544 fuerit
3195 5496 3360 5537 causa
3389 5482 3488 5537 de-

1898 5590 2082 5659 ﬂendi,
2126 5608 2228 5648 nec
2264 5592 2319 5646 in
2358 5588 2485 5643 data
2519 5582 2735 5640 licentia
2770 5591 2936 5635 causa
2978 5573 3212 5635 ridendi.
3246 5571 3497 5627 Versien.

1899 5681 1984 5738 lus
2016 5696 2249 5751 namque
2287 5679 2408 5744 iste,
2436 5689 2598 5746 quem
2626 5670 2715 5729 ille
2743 5665 2945 5737 sibi‘in
2985 5671 3089 5726 hac
3125 5669 3288 5737 parte
3323 5661 3503 5716 incas-
