4026 6156
633 280 767 335 “I59

1505 271 1563 328 Β.
1602 275 1851 330 (anon
1893 273 2105 333 MAGNI
2142 277 2293 334 ora.
2337 282 2516 344 rans
2554 284 2618 344 u.
2661 257 2902 342 sacrm
2941 255 3035 341 ης

3743 281 3890 336 ωδο

602 408 774 450 mm.
793 388 1236 451 accumulavit,
1287 387 1342 442 id
1396 397 1500 451 est,
1565 385 1875 440 Convertisti
1929 387 2194 458 planctum
2223 401 2268 456 Α
2297 407 2608 464 renuerunt,
2641 415 2777 453 vana
2803 399 2947 468 loqui
2973 415 3077 453 non
3104 395 3392 454 desierunt.
3424 397 3500 452 De
3525 397 3741 466 quibus
3759 407 3816 450 et
3840 399 3892 451 in

619 483 867 536 insulisin
891 479 1140 548 gaudium
1172 477 1317 540 mihi,
1351 485 1400 530 et
1425 477 1727 530 conscidisti
1762 493 1971 531 saccum
1999 495 2192 546 meum,

617 583 670 627 et
699 569 1020 642 prmcinzisti
1058 584 1139 621 me
1167 566 1352 620 latitia
1387 565 1558 636 (Psal.
1590 565 1741 636 xxx),
1772 567 1823 621 in
1851 583 2080 637 persona
2109 576 2193 622 to-

575 701 582 708 .
617 662 729 716 tius
753 659 1006 714 Ecclesia:
1033 673 1066 710 a
1108 656 1367 725 propheta
1401 669 1498 722 per
1541 655 1847 724 ethopmian
1889 655 2064 709 dictus
2091 662 2192 718 est,

617 769 738 822 qua:
752 752 955 807 scilicet
968 751 1094 812 dum
1119 749 1172 802 in
1199 747 1359 815 hujus
1375 748 1555 802 saeculi
1584 749 1913 801 mortalitate
1928 755 1982 800 et
2008 763 2198 801 aerum-

579 896 582 897 ν
617 846 703 899 nis
729 852 992 905 versatur,
1021 840 1278 910 plangere
1299 839 1526 903 dicitur;
1551 853 1674 892 cum
1699 853 1826 892 vero
1852 837 1918 890 ad
1939 844 2197 891 aeternam

619 933 1105 990 remunerationem
1148 930 1474 1000 pervenerit,
1523 936 1650 982 tunc
1685 929 1869 982 Letltia
1909 928 2199 998 praecinge-

612 1034 727 1079 -tur.
768 1023 920 1079 Unde
944 1033 1002 1076 ει
1027 1022 1168 1076 idem
1198 1019 1574 1073 sanctissimus
1613 1019 1997 1087 prophetarum
2030 1017 2083 1069 in
2108 1030 2200 1070 eo-

619 1115 744 1169 dem
773 1112 980 1182 psalmo
1009 1108 1467 1179 paulosuperius
1496 1107 1658 1169 dixit,
1697 1105 1775 1157 Ad
1809 1120 2074 1173 uesperum
2110 1105 2202 1158 de-

619 1205 910 1259 morabitur
938 1203 1112 1271 ﬂetus,
1138 1208 1186 1252 et
1211 1199 1280 1251 ad
1313 1199 1627 1250 matutinum
1653 1196 1836 1250 ltetitia
1868 1195 2075 1266 (lbid.),
2109 1211 2202 1250 ve-

619 1305 837 1362 sperum
865 1291 1070 1345 scilicet
1095 1289 1234 1343 hanc
1267 1289 1437 1341 nostri
1461 1287 1716 1354 temporis
1746 1291 1983 1348 aetatem,
2013 1285 2068 1337 in
2093 1299 2200 1353 quo

623 1385 760 1438 tinea
802 1381 1123 1436 saeculorum
1167 1381 1493 1435 devenerant
1517 1411 1546 1442 ,ν
1577 1379 1692 1433 sive
1739 1377 1964 1432 extremi
2011 1376 2199 1444 judicii

577 1525 580 1529 .
623 1473 786 1535 diem,
817 1471 1139 1525 matutinum
1169 1484 1297 1523 vero
1321 1470 1734 1522 resurrectionis
1759 1477 1969 1538 tempus
1995 1478 2049 1523 et
2076 1483 2202 1522 san-

577 1571 838 1617 nctorum
884 1560 1268 1614 retributiones
1304 1557 1486 1612 volens
1535 1559 1779 1628 intelligi.
1810 1560 1962 1625 Quod
2003 1567 2057 1612 et
2105 1575 2202 1629 per

579 1653 814 1708 ~Isaiam
866 1651 1179 1720 prophetam
1235 1650 1436 1703 sanctis
1488 1649 1592 1703 hoc
1629 1649 1788 1703 modo
1839 1649 2194 1718 promittitur,

2294 487 2402 540 alio
2425 489 2636 556 psalmo
2659 491 2874 561 legitur,
2901 489 3040 556 Quia
3068 497 3384 543 emacuerunt
3415 497 3472 541 ut
3500 487 3756 557 gladium
3795 487 3892 541 lin-

2293 591 2422 643 guas
2460 595 2582 630 suas
2610 594 2629 631 :
2669 579 2999 633 intenderunt
3030 595 3229 642 arcum,
3275 595 3380 632 rem
3414 595 3687 643 amaram,
3725 589 3784 631 ut
3808 596 3892 630 sa-

2294 667 2472 733 gittcnt
2518 665 2572 721 in
2617 669 2832 724 occultis
2861 671 3256 725 immaculatum
3289 671 3510 726 :'subito
3550 673 3895 742 sagittabunt

2294 770 2431 817 eum,
2476 766 2524 809 et
2572 775 2674 811 non
2715 761 2962 813 timebunt
3010 761 3182 830 (Psal.
3229 761 3394 831 utv).
3449 761 3702 830 Linguas
3749 762 3896 814 enim

2297 857 2508 906 acuere,
2538 854 2591 899 et
2609 845 2750 900 labia
2780 845 2958 902 dolosa
2983 845 3202 913 habere,
3226 864 3390 903 unum
3411 842 3512 913 εει,
3536 850 3674 919 quia
3704 857 3762 903 et
3790 864 3898 903 uno

2297 930 2505 986 dicendi
2555 950 2750 1003 genere
2792 937 2990 992 dictum
3032 938 3133 1002 est,
3169 954 3276 1008 quo
3312 938 3634 1008 plerumque
3667 949 3769 992 aut
3799 953 3897 1006 per

2298 1023 2352 1076 id
2377 1025 2517 1090 quod
2562 1028 2799 1081 continet
2837 1029 2938 1082 hoc
2981 1027 3123 1097 quod
3157 1029 3481 1091 continetur,
3525 1037 3622 1082 aut
3652 1043 3763 1097 per
3798 1029 3898 1083 hoc

2299 1113 2438 1179 quod
2489 1117 2826 1184 continetur,
2875 1118 2927 1172 id
2982 1120 3125 1189 quod
3169 1118 3408 1172 continet
3455 1119 3897 1173 demonstratur.

2299 1202 2429 1258 Item
2458 1206 2510 1259 in
2541 1207 2647 1262 alio
2675 1210 2882 1278 psalmo
2911 1211 2975 1265 de
3000 1211 3200 1266 eisdem
3236 1212 3495 1279 scriptum
3525 1221 3609 1265 est
3642 1231 3656 1265 :
3699 1210 3898 1282 Sepul-

2298 1311 2444 1347 crum
2465 1307 2644 1366 patens
2667 1309 2741 1352 est
2762 1310 2942 1370 guttur
2962 1317 3160 1364 eorum,
3192 1302 3384 1372 linguis
3413 1301 3523 1354 sitis
3551 1302 3738 1355 dolose
3763 1316 3899 1370 age-

2301 1382 2440 1449 bant,
2473 1403 2719 1441 venenum
2754 1388 2994 1458 aspidum
3026 1390 3120 1443 sub
3151 1389 3301 1444 labiis
3336 1406 3534 1454 eorum,
3563 1407 3796 1460 quorum
3839 1405 3899 1442 os

2298 1472 2658 1530 maledictione
2688 1488 2736 1531 et
2778 1479 3129 1533 amaritudine
3172 1480 3381 1552 plenum
3417 1491 3494 1534 est
3523 1479 3705 1551 (Psal.
3756 1481 3897 1548 xw).

2256 1585 2260 1588 -
2301 1559 2610 1630 Sepulcrum
2654 1581 2786 1634 ergo
2812 1578 2992 1636 patens
3025 1585 3225 1635 eorum,
3263 1586 3359 1625 ora
3404 1571 3689 1626 mendacia
3737 1569 3901 1633 dixit,

2298 1651 2390 1714 qui
2411 1652 2686 1708 exitiabile
2709 1657 2907 1711 malum
2918 1667 3103 1713 contra
3122 1659 3405 1715 Dominum
3428 1659 3729 1731 loquentes,
3747 1675 3908 1715 mor-

585 1789 588 1792 .
623 1742 808 1798 Sancti
831 1742 886 1794 in
915 1749 1057 1792 terra
1081 1756 1179 1792 sua
1200 1738 1432 1809 duplicia
1455 1739 1791 1807 possidebunt
1819 1739 1954 1810 (Isa.
1987 1739 2118 1811 ut),
2147 1741 2202 1794 id
2233 1723 2279 1782 Β
2307 1747 2416 1793 tem
2451 1742 2503 1796 ei
2538 1742 2777 1814 inﬂigere
2806 1747 3110 1816 cupiebant,
3150 1749 3291 1818 quod
3318 1751 3438 1805 ideo
3466 1723 3655 1819 patens
3683 1750 3904 1804 dictum

623 1841 728 1896 est,
757 1838 882 1900 post
908 1830 1362 1884 resurrectionem
1403 1829 1456 1883 in
1495 1839 1696 1884 (eterna
1728 1831 1900 1899 patria
1931 1831 2124 1883 anima:
2150 1837 2204 1883 et

593 1964 596 1966 -
623 1925 804 1981 carnis
821 1923 1164 1990 iucunditate
1198 1921 1474 1986 fruentur;
1505 1923 1646 1976 unde
1675 1929 1730 1976 et
1757 1923 2002 1976 subditur
2031 1939 2044 1974 :
2093 1921 2205 1976 Lie-

2303 1839 2408 1895 est,
2439 1843 2662 1902 propter
2692 1851 2878 1890 eorum
2907 1848 3147 1907 apertam
3177 1840 3490 1908 nequitiam,
3516 1856 3637 1911 quae
3657 1838 3906 1895 fetorem

2302 1921 2484 1988 potius
2512 1938 2673 1992 quam
2717 1927 2934 1981 odorem
2973 1930 3368 1998 exaggerabat.
3399 1929 3495 1984 Est
3521 1931 3664 1985 enim
3713 1943 3910 1983 rerum

624 2017 743 2070 titia
770 2014 1083 2082 sempiterna
1120 2012 1218 2065 erit
1264 2011 1436 2065 electis
1473 2013 1619 2075 meis,
1661 2013 1787 2064 dum
1815 2011 2006 2064 dedero
2046 2012 2204 2081 opera

578 2121 806 2163 .-.eorum
828 2105 884 2157 in
907 2103 1138 2156 veritate.
1180 2102 1329 2157 Tunc
1356 2117 1704 2172 ergo-saccus
1740 2110 1924 2156 noster
1957 2099 2204 2156 conscin-

578 2244 580 2246 ,
626 2197 802 2258 detur,
830 2203 884 2248 et
909 2194 1300 2262 prmcingemur
1325 2192 1541 2258 laetitia,-
1560 2210 1706 2258 cum,
1737 2194 2030 2248 secundum
2062 2192 2205 2261 Apo-

625 2285 844 2348 stolum,
872 2285 1217 2354 corruptibile
1245 2285 1346 2340 hoc
1368 2285 1611 2340 indutum
1641 2284 2200 2354 l‘nerit‘incorruptela,

625 2385 684 2432 et
708 2376 930 2432 mortale
963 2377 1066 2431 hoc
1091 2377 1332 2431 indutum
1360 2376 1523 2430 fuerit
1548 2376 1970 2440 immortalitate,
2011 2385 2066 2431 et
2092 2376 2206 2431 lue-

2275 2009 2645 2066 -dissimilium
2673 2014 2811 2069 facta
2845 2018 3173 2086 comparatio
3198 2034 3296 2086 per
3325 2027 3536 2088 tropum
3565 2021 3655 2088 qui
3684 2033 3918 2072 nuncu-

2305 2108 2466 2166 patur
2492 2105 2744 2172 parabole
2787 2122 2816 2159 a
2845 2107 3234 2176 grammaticis.
3277 2105 3440 2170 Vana,
3484 2109 3687 2177 inquit,
3742 2107 3930 2162 locuti

2303 2201 2424 2245 sunt
2474 2195 2818 2264 unusquisque
2869 2198 2938 2248 ad
2980 2200 3272 2265 proximum
3317 2211 3469 2248 suum
3517 2196 3702 2263 (Psal.
3783 2197 3930 2265 xu).

2305 2280 2431 2336 llaec
2454 2291 2536 2337 est
2561 2300 2688 2353 ergo
2717 2286 2920 2338 vanitas
2946 2303 3129 2340 omnes
3159 2289 3423 2341 vanitates
3461 2288 3774 2352 excellens,
3828 2289 3935 2342 hic

2303 2381 2386 2425 est
2406 2373 2557 2427 dolus
2577 2375 2822 2429 omnibus
2845 2376 2985 2431 dolis
3020 2378 3282 2441 tenacior,
3307 2393 3428 2431 cum
3468 2384 3524 2429 et
3557 2375 3928 2444 Redemptor

625 2468 699 2521 rit
720 2482 898 2522 sermo
925 2467 1018 2534 qui
1063 2466 1296 2535 scriptus
1319 2473 1420 2530 est,
1461 2467 1714 2534 Absorpta
1754 2476 1830 2520 est
1862 2484 2000 2521 mors
2034 2468 2088 2521 in
2124 2468 2200 2521 vi-

626 2558 794 2610 ctoria
817 2556 867 2622 (1
894 2556 1016 2609 Cor.
1057 2554 1183 2624 xv);
1231 2554 1347 2608 sive
1392 2569 1513 2609 cum
1561 2555 1616 2608 in
1666 2555 1752 2610 his
1780 2557 2057 2622 membris,
2084 2571 2205 2625 qum

625 2663 770 2702 nunc
811 2646 1198 2700 mortiﬂcamus
1233 2659 1397 2712 super
1431 2647 1882 2708 terram,Christo
1910 2656 2204 2717 apparentc

624 2735 737 2788 vita
770 2743 950 2788 nostra
975 2773 989 2798 ,
1026 2747 1124 2788 nos
1151 2749 1364 2803 quoque
1408 2735 1820 2803 apparuerimus
1855 2751 1978 2790 cum
2020 2736 2111 2790 illo
2150 2736 2204 2790 in

626 2825 813 2896 gloria.

1195 2893 1420 2949 CAPUT
1459 2894 1648 2950 XXVI.

627 2981 782 3048 Quod
829 3000 934 3036 non
969 2983 1220 3051 pertineat
1269 2981 1338 3034 ad
1374 2983 1661 3051 imaginum
1691 2984 2047 3037 adorationem
2088 2999 2206 3036 con-

699 3050 976 3107 temnentes
999 3051 1128 3104 illud
1162 3051 1300 3122 quod
1336 3050 1781 3122 Psalmographus
1816 3053 2018 3116 cecinit,
2054 3052 2204 3122 Vana
2230 3055 2278 3115 (ἶ

700 3123 858 3175 locuti
891 3130 1014 3175 sunt
1035 3120 1400 3191 unusquisque
1432 3120 1499 3174 ad
1527 3120 1833 3189 proximum
1857 3136 2031 3184 suum,
2064 3121 2206 3176 labia

699 3191 881 3244 dolosa
912 3191 964 3244 in
994 3205 1107 3255 ore,
1138 3199 1244 3245 etc.

699 3279 869 3335 Omne
895 3279 1036 3347 quod
1062 3279 1178 3333 sine
1201 3279 1442 3348 profectu
1465 3288 1577 3345 est,
1621 3281 1808 3335 inutile
1831 3288 1945 3346 est;
1975 3289 2030 3335 et
2047 3295 2207 3335 omne

625 3371 771 3443 quod
805 3369 993 3424 inutile
1030 3378 1139 3431 est,
1170 3385 1366 3424 vanum
1393 3379 1475 3424 est
1501 3390 1513 3424 :
1548 3387 1708 3427 omne
1735 3372 1898 3442 igitur
1924 3373 2066 3442 quod
2094 3373 2208 3426 sine

624 3461 867 3530 profectu
899 3469 1008 3524 est,
1035 3475 1227 3513 vanum
1268 3470 1378 3524 est;
1413 3471 1466 3513 et
1493 3477 1650 3515 omne
1676 3462 1818 3530 quod
1854 3461 2207 3517 inolliciosum

624 3559 727 3614 est,
774 3549 1014 3618 profectu
1054 3559 1200 3602 cret
1245 3567 1256 3600 :
1299 3557 1351 3602 et
1388 3566 1547 3603 omne
1588 3551 1730 3618 quod
1764 3549 2006 3617 profectu
2036 3561 2206 3612 caret,

625 3639 861 3691 vanitate
886 3655 989 3689 non
1017 3624 1161 3690 caret
1189 3655 1200 3690 :
1228 3655 1385 3691 omne
1413 3640 1574 3705 igitur
1589 3643 1730 3706 quod
1754 3640 2106 3693 inolliciosum
2127 3652 2212 3696 est

627 3727 863 3780 vanitate
898 3741 1001 3777 non
1042 3735 1225 3779 caret-
1254 3726 1518 3791 Quoniam
1546 3728 1633 3780 ubi
1666 3727 1810 3780 nulla
1835 3727 2061 3790 utilitas,
2089 3730 2210 3782 uul-

625 3816 736 3869 Ium
792 3813 1255 3880 emolumentum;
1331 3815 1422 3869 ubi
1483 3817 1688 3882 nullum
1751 3817 2206 3884 emolumentum,

623 3925 834 3964 summa
859 3902 1069 3962 vanitas
1099 3923 1112 3960 :
1151 3908 1238 3961 ubi
1266 3908 1429 3979 igitur
1457 3909 1601 3962 nulla
1629 3909 1856 3976 utilitas,
1882 3925 2088 3966 summa
2114 3927 2209 3966 va-

625 4003 766 4059 nitas
795 4008 898 4056 est.
941 4002 999 4057 In
1039 4001 1334 4073 imaginum
1374 4018 1504 4074 ergo
1545 4003 1857 4058 adoratione
1896 4003 1986 4058 ubi
2031 4005 2210 4058 nullus

623 4091 916 4163 profectus,
955 4092 1158 4146 nullum
1211 4092 1656 4158 emolumentum,
1693 4093 1839 4147 nulla
1871 4093 2077 4148 utilitas
2103 4103 2206 4158 est,

623 4198 834 4237 summa
865 4182 1076 4237 vanitas
1097 4197 1215 4236 esse
1244 4181 1510 4237 credenda
1537 4192 1640 4237 est.
1681 4183 1760 4238 Ob
1783 4199 1942 4252 quam
1971 4192 2210 4240 statuen-

597 4275 748 4348 ldam
778 4282 832 4328 et
862 4275 1206 4328 muniendam
1239 4275 1543 4345 quicunque
1572 4285 1879 4345 conventus;
1901 4275 2125 4339 faciunt,
2153 4284 2207 4330 et

597 4363 851 4438 _concilia
895 4373 1207 4434 aggregent,
1258 4373 1312 4416 et
1362 4380 1456 4418 eas
1511 4380 1734 4433 prorsus
1787 4367 2013 4419 adorare
2054 4366 2204 4420 insti-
2238 4396 2284 4454 Ι)

625 4459 801 4513 tuunt,
831 4451 1019 4520 procul
1050 4452 1213 4506 dubio
1249 4467 1384 4504 vana
1421 4452 1715 4520 loquuntur
1744 4455 2111 4521 unusquisque
2137 4455 2204 4509 ad

625 4543 927 4612 proximum
959 4556 1135 4593 suum.
1166 4539 1300 4592 Nam
1336 4557 1506 4610 neque
1536 4543 1589 4596 in
1617 4557 1682 4597 eo
1711 4559 1741 4596 a
1772 4543 2006 4596 vanitate
2035 4541 2208 4609 sejun-

607 4641 826 4705 rguntur
865 4631 1004 4698 quod
1036 4631 1338 4684 divinorum
1378 4633 1590 4702 apicum
1635 4635 1943 4689 testimonia
1981 4635 2050 4689 ad
2079 4650 2207 4690 suos

627 4733 814 4773 sensus
850 4718 1110 4771 violenter
1145 4718 1418 4774 inﬂectere
1471 4724 1733 4778 nituntur.
1778 4725 1930 4780 Sicut
1975 4734 2029 4780 et
2066 4726 2206 4782 hunc

625 4808 921 4866 PSillﬂlISltB
948 4807 1303 4871 versiculum,
1344 4825 1503 4876 quem
1536 4813 1750 4879 quidem
1783 4813 1870 4868 ille
1908 4814 2014 4868 alio
2045 4830 2204 4870 sensu

626 4901 807 4956 divino
847 4898 1056 4955 amatus
1082 4897 1286 4968 Spiritu
1317 4899 1532 4964 cecinit,
1579 4903 1685 4955 alio
1718 4903 1803 4955 isti
1831 4905 2082 4958 vanitatis
2113 4921 2206 4958 su-

624 4995 846 5066 percilio
875 4993 1040 5048 inﬂati
1079 4992 1400 5062 intelligunt.
1431 4993 1488 5047 Si
1517 5008 1645 5062 ergo
1674 4994 1966 5063 qmcrimus
1988 4996 2054 5050 de
2082 4997 2204 5064 qui-

611 5073 727 5138 Ibus
755 5083 1020 5152 Propheta
1061 5083 1256 5138 dixerit
1283 5100 1296 5135 :
1336 5081 1484 5136 Vana
1523 5082 1683 5137 locuti
1711 5093 1833 5138 sunt
1857 5086 2208 5156 unusquisque

626 5173 694 5226 ad
717 5174 1009 5244 proximum
1049 5189 1220 5236 suum,
1267 5171 1406 5226 labia
1442 5171 1645 5236 dolosa,
1695 5175 1749 5228 in
1783 5175 1938 5227 corde
1971 5185 2016 5228 et
2052 5177 2207 5230 corde

625 5265 782 5320 locuti
832 5274 949 5319 sunt
993 5264 1134 5318 mala
1179 5263 1350 5336 (Psal.
1393 5264 1514 5336 xu),
1553 5265 1855 5334 relegamus
1893 5277 2247 5328 sanctorum,-

629 5359 1038 5429 l-Ivangelioruzn
1081 5370 1308 5425 textum,
1351 5372 1404 5417 et
1442 5363 1778 5417 inveniemus
1813 5362 2118 5420 Pharismos
2151 5376 2207 5420 et

621 5447 972 5526 VSadducmos,
1015 5449 1097 5503 vel
1127 5460 1350 5505 cattcras
1377 5449 1684 5508 Judazorum
1715 5461 1964 5508 catervas
1995 5471 2206 5525 semper

615 5538 912 5615 Dominum
954 5551 1192 5596 tentasse
1238 5550 1291 5598 et
1335 5542 1596 5600 adversus
1633 5561 1756 5599 eum
1798 5544 2040 5612 concilia
2068 5561 2204 5601 vana

630 5625 808 5682 inisse.
831 5627 930 5698 Qui
959 5632 1085 5687 dum
1110 5634 1378 5688 obstinata
1403 5647 1580 5705 mente
1607 5639 1660 5696 in
1684 5638 1968 5695 Christum
1981 5641 2206 5698 credere

2303 2460 2487 2515 mundi
2512 2476 2618 2515 non
2643 2463 2902 2528 creditur,
2933 2473 2988 2519 et
3022 2465 3193 2519 isdem
3223 2465 3292 2520 ab
3323 2465 3639 2519 hominibus
3664 2465 3913 2534 iniquis,

2302 2551 2711 2619 quanquamad
2746 2553 2978 2609 aliorum
3017 2555 3390 2620 salvationem,
3429 2554 3496 2610 ad
3548 2554 3773 2610 illorum
3828 2565 3910 2610 ta-

2303 2654 2428 2701 men
2453 2641 2853 2698 damnationem
2880 2645 3231 2716 cruciﬁgitur.
3257 2647 3437 2701 Potest
3464 2647 3626 2701 etiam
3649 2647 3748 2702 hic
3777 2661 3907 2700 ver-

2304 2727 2508 2784 siculus
2540 2738 2595 2784 et
2636 2732 2701 2786 de
2748 2733 3022 2789 haereticis
3062 2736 3175 2790 sive
3209 2736 3570 2790 schismaticis
3611 2737 3852 2807 intelligi
3886 2753 3899 2791 :

2307 2817 2399 2887 qui
2427 2819 2551 2874 dum
2578 2821 2686 2875 sint
2724 2824 3006 2886 mundana:
3031 2825 3307 2894 sapientiae
3333 2825 3566 2880 versutia
3599 2825 3823 2891 imbuti,
3851 2836 3902 2883 et

2307 2909 2375 2961 ad
2419 2924 2585 2965 vanas
2630 2913 3072 2982 investigationes
3097 2926 3152 2969 et
3191 2915 3491 2985 superﬂuas
3517 2918 3900 2973 contentiones

2306 2998 2490 3064 potius
2515 3016 2675 3068 quam
2699 3006 2768 3056 ad
2796 3004 3119 3058 credendum
3146 3007 3402 3074 prompti,
3432 3021 3569 3060 vana
3595 3007 3903 3076 loquuntur

2312 3093 2677 3161 unusquisque
2703 3094 2769 3146 ad
2791 3095 3096 3164 proximum
3119 3110 3295 3160 suum,
3328 3100 3580 3166 quoniam
3607 3099 3743 3153 dum
3764 3097 3901 3152 male

2310 3179 2376 3236 de
2403 3178 2620 3237 Christo
2645 3191 2737 3235 aut
2763 3184 2830 3238 de
2861 3183 3101 3238 Ecclesia
3129 3186 3399 3252 sentiunt,
3428 3189 3496 3241 ad
3525 3188 3898 3242 eumdem'er-

2309 3291 2486 3330 rorem
2518 3273 2976 3344 proximossuos,
3012 3275 3064 3329 id
3109 3285 3192 3329 est
3221 3285 3449 3332 caeteros
3482 3279 3795 3340 hereticos,
3822 3278 3898 3329 iu-

2309 3372 2482 3426 vitare
2529 3387 2635 3424 non
2673 3370 2939 3432 desinunt,
2987 3381 3256 3438 quatenus
3303 3371 3492 3442 majori
3549 3372 3896 3428 infestationu

2308 3460 2624 3523 Ecclesium,
2650 3475 2771 3527 qua:
2800 3459 3002 3514 Christi
3033 3463 3196 3516 vinea
3233 3473 3337 3528 est,
3376 3464 3622 3519 demoliri
3655 3465 3889 3533 possint.

2310 3552 2386 3606 De
2407 3551 2600 3619 quibus
2623 3551 2676 3603 in
2698 3550 2934 3605 Canticis
2951 3553 3286 3607 canticorum
3309 3555 3523 3620 dicitur,
3541 3555 3727 3626 Capite
3749 3555 3888 3610 nobis

2289 3645 2482 3710 ,ναιρεε
2524 3640 2788 3709 parvulas
2811 3657 2930 3710 qua:
2977 3642 3331 3698 demetiuntur
3369 3647 3546 3700 uineas
3576 3646 3756 3717 (Cant.
3786 3648 3885 3716 tt);

2310 3746 2436 3786 nam
2463 3731 2620 3784 viaea
2647 3731 3040 3787 nostravﬂoruit
3065 3749 3080 3785 :
3116 3737 3241 3803 quia
3274 3737 3521 3793 videlicet
3549 3739 3678 3793 dum
3717 3741 3885 3794 luere-

2309 3840 2396 3879 ses
2419 3825 2532 3880 sive
2559 3841 2750 3878 eamut
2772 3840 3054 3894 sequaces,
3079 3827 3306 3883 δίετεεεὶ
3334 3829 3766 3887 bmreseorumve
3787 3831 3885 3885 dis-

2301 3914 2472 3983 cipuli
2507 3930 2536 3968 a
2583 3914 2785 3968 sanctis
2829 3923 2884 3967 et
2911 3914 3191 3970 catholicis
3228 3917 3358 3971 vir-is
3391 3919 3446 3973 in
3473 3919 3588 3974 suis
3615 3920 3886 3974 erroribus

2309 4007 2614 4074 capiuntur,
2647 4007 2801 4059 vinea
2825 4005 3058 4072 Domini,
3082 4008 3136 4061 id
3157 4017 3240 4063 est
3263 4010 3502 4065 Ecclesia
3531 4009 3880 4066 sacrosanctis

2310 4097 2725 4153 charismatibus
2777 4113 2994 4168 semper
3055 4099 3224 4168 magis
3271 4102 3550 4170 magisque
3601 4102 3871 4160 exuberat.

2309 4197 2580 4256 quatenus
2618 4203 2715 4242 suo
2751 4188 3000 4258 agricola:
3033 4190 3124 4256 qui
3168 4205 3266 4258 pro
3297 4206 3359 4246 ea
3386 4195 3700 4263 sanguinem
3724 4190 3875 4254 ludit,

2311 4281 2548 4336 nectarei
2571 4279 2753 4335 odoris
2776 4280 2966 4348 pocula
2998 4282 3258 4349 perpetim
3289 4283 3576 4338 ministret.

2859 4393 3086 4450 CAPUT
3119 4395 3328 4452 XXVII.

2311 4481 2466 4547 Quod
2506 4500 2612 4557 non
2635 4483 2704 4537 ad
2731 4501 2909 4538 eorum
2947 4498 3181 4557 parentes
3213 4487 3485 4556 pertineat,
3525 4488 3662 4541 sicut
3696 4485 3770 4540 illi
3800 4483 3876 4538 di-

2378 4564 2522 4624 cunt,
2556 4554 2829 4624 Disperdat
2862 4554 3118 4610 Dominus
3145 4554 3393 4611 universa
3421 4558 3558 4612 labia
3605 4558 3778 4612 dolosa
3818 4561 3870 4606 et

2377 4623 2614 4694 linguam
2639 4623 3033 4695 magniloquam
3069 4625 3241 4696 (Psal.
3275 4628 3396 4698 xu).

2383 4735 2714 4790 Versiculum
2741 4738 2904 4789 etiam
2933 4751 3092 4804 quem
3133 4737 3578 4808 Psalmographus
3607 4735 3673 4791 de
3707 4732 3862 4806 perli-

2305 4823 2496 4878 dorum
2520 4825 2825 4879 Judann'um
2859 4827 3012 4881 labiis
3055 4828 3254 4884 dolosis
3301 4837 3355 4884 et
3392 4827 3584 4898 linguis
3619 4824 3872 4897 magnilo-

2307 4911 2429 4978 quis
2452 4912 2692 4979 protulit,
2721 4912 2812 4980 qui
2850 4915 3132 4970 consilium
3175 4918 3414 4972 inierunt
3445 4927 3507 4972 ut
3545 4917 3870 4972 Salvaton

2307 5001 2491 5056 mundi
2522 5000 2644 5055 dolo
2673 5010 2918 5057 tenerent
2935 5013 2992 5058 et
3009 5006 3339 5072 occiderent,
3372 5008 3450 5062 illi
3482 5008 3537 5062 in
3559 5023 3656 5062 sua
3677 5003 3870 5077 synodo

2304 5091 2537 5159 propriis
2566 5091 2876 5160 parentibus
2915 5096 3194 5152 ascribunt
3245 5115 3258 5151 :
3305 5100 3399 5167 qui
3426 5113 3738 5167 quanquam
3769 5097 3869 5151 fne-‘

2307 5181 2418 5234 rint
2447 5179 2732 5248 (ade
2776 5185 3098 5241 hilaritatis
3139 5188 3568 5258 inimeginibus
3616 5190 3689 5244 ah
3725 5201 3890 5244 urnae

2307 5271 2505 5326 mentis
2537 5271 2776 5328 ecclesiae
2800 5272 3094 5340 abolendis,
3121 5277 3340 5346 utilior-is
3363 5287 3544 5334 tamen
3578 5289 3632 5334 et
3672 5281 3868 5333 incocta

2306 5361 2620 5430 parabiliter
2645 5362 2864 5431 majoris
2890 5381 2996 5418 non
3027 5367 3202 5422 dicam
3229 5369 3572 5432 temeritatis,
3600 5369 3692 5422 sed
3718 5369 3870 5423 etiam

2306 5451 2640 5507 crudelitatis
2679 5453 2754 5508 illi
2789 5452 3008 5508 luerunt
3031 5456 3084 5510 in
3109 5456 3336 5511 Domino
3361 5457 3747 5526 crucihgendo.
3789 5451 3868 5510 Isti

2306 5541 2449 5596 enim
2471 5542 2773 5598 habuerunt
2801 5543 2972 5597 zelum
2997 5544 3113 5608 Dei,
3133 5545 3230 5600 sed
3249 5560 3355 5600 non
3378 5547 3674 5599 secundum
3700 5545 3868 5598 scien-

2307 5635 2459 5701 tiam,
2489 5653 2610 5692 cum
2632 5638 2893 5705 imagines
2919 5638 3132 5706 penitus
3163 5637 3572 5702 abdicaverunt;
3604 5637 3681 5690 illi
3713 5637 3870 5691 simu-
