4026 6156
155 239 284 293 ωσι

946 235 1123 292 LIBRI
1160 232 1504 290 CAROLINI.
1539 262 1610 274 --
1645 233 1864 290 CAPIT.
1905 237 1992 291 DE
2031 237 2219 292 HAG.
2259 267 2330 277 ——-
2369 225 2498 293 LIB.
2541 239 2579 292 Ι.

3269 250 3402 305 1002

159 355 335 408 lantes-
365 364 422 406 se
446 351 641 406 habere
665 347 836 402 zelum
863 347 1019 417 legis,
1047 347 1350 400 habuerunt
1369 344 1545 397 zelum
1579 343 1717 399 livo-
1748 357 1793 412 Α
1823 346 2062 416 plerique
2106 347 2456 414 arbitrantur,
2503 352 2597 406 sed
2622 353 2887 422 genitivus
2913 327 3202 428 singularis
3223 378 3324 432 est,
3353 369 3405 424 id

160 442 234 495 ris
279 445 334 492 et
378 434 829 505 perfidiosissimus
877 433 1217 502 iniquitatis,
1261 448 1382 484 cum
1440 432 1724 484 Dominum

158 527 388 598 patibulo
409 524 724 589 allixerunt;
752 524 844 578 isti
871 523 1221 578 ecclesiarum
1248 521 1544 574 indiscrete
1569 534 1726 572 orna-

156 626 331 676 menta
373 628 728 684 quassavere,
783 613 872 670 illi,
898 612 1162 666 malitiose
1194 611 1514 678 senietipsos
1550 608 1727 663 Domi-

156 721 277 764 num
303 711 711 759 contemnentes
736 703 960 770 fregere.
990 701 1156 754 Labia
1179 715 1308 769 ergo
1335 700 1520 754 dolosa
1541 707 1597 752 et
1629 699 1729 751 lin-

123 812 313 866 .guam
366 795 769 863 magniloquam
811 791 1254 862 perlidiosissima
1293 789 1598 844 Judaeorum
1637 803 1729 842 co-

125 891 276 942 -hors
329 887 595 948 habebat,
658 901 778 940 cum
823 884 1038 938 dicebat
1075 899 1090 936 :
1146 882 1354 936 Scimus
1395 881 1519 951 quia
1556 878 1729 948 Moysi

151 978 357 1032 locutus
401 985 475 1030 est
533 975 692 1036 Deus,
750 990 884 1028 nunc
935 982 1110 1026 autem
1165 971 1299 1025 unde
1355 972 1421 1024 sit
1471 970 1728 1023 nescimus

151 1068 336 1139 (Joan.
381 1066 480 1136 ιι).
514 1066 700 1121 Nonne
742 1063 1140 1131 magniloquam
1169 1072 1238 1124 et,
1271 1070 1329 1115 ut
1362 1063 1438 1115 ita
1473 1060 1726 1124 dixerim,

157 1159 554 1230 magniloquain
580 1158 812 1226 linguam
831 1156 1127 1218 habebant,
1156 1171 1278 1209 cum
1300 1155 1550 1209 dicebant
1575 1171 1586 1206 :
1615 1153 1730 1207 Nos

148 1250 312 1319 legem
332 1249 602 1310 habemus,
644 1257 692 1300 et
731 1245 1014 1300 secundum
1039 1245 1199 1314 legem
1231 1246 1366 1298 mori
1409 1244 1574 1307 debet,
1603 1245 1729 1314 quia

150 1335 347 1391 Filium
395 1336 494 1394 Dei
535 1352 607 1394 se.
638 1334 798 1403 fecit?
833 1333 1018 1402 (Joan.
1052 1335 1188 1403 six.)
1227 1332 1413 1397 Nonne
1469 1332 1730 1402 magnilo-

132 1439 304 1495 quam
351 1424 588 1492 linguam
637 1423 925 1486 habebant,
982 1439 1102 1478 eum
1155 1422 1453 1477 dicebant:
1495 1421 1563 1475 Et
1592 1423 1730 1474 hunc
1803 1441 1810 1445 -

146 1515 354 1576 scimus,
383 1523 431 1567 et
447 1529 451 1534 '
467 1513 605 1567 unde
629 1514 693 1566 sit
721 1513 912 1568 scimus
937 1529 960 1566 :
985 1511 1222 1566 Christus
1248 1522 1423 1565 autent
1449 1528 1569 1564 cum
1591 1526 1733 1564 uene-

149 1606 232 1668 rit,
255 1620 420 1664 nemo
452 1605 546 1656 scit
589 1603 728 1657 unde
753 1603 861 1658 sit?
899 1603 1081 1673 (Joan.
1106 1601 1434 1672 vn.)Nonne
1470 1602 1730 1671 magnilo-

146 1711 304 1764 quam
333 1695 573 1762 linguam
613 1695 908 1757 habebant,
950 1709 1072 1748 cum
1111 1693 1363 1748 dicebant
1399 1709 1414 1744 ε
1449 1691 1578 1745 Noli
1599 1693 1728 1745 scri-
1759 1691 1800 1748 Β

126 1789 262 1844 .bere
293 1803 461 1855 regem
492 1802 511 1840 :
556 1803 649 1840 nos
682 1802 788 1839 non
819 1785 1068 1838 habemus
1098 1801 1264 1854 regem
1292 1785 1392 1838 nisi
1421 1783 1683 1838 Ctesarent
1706 1783 1731 1835 Σ)

145 1880 334 1950 (Joan.
367 1878 503 1948 xix.)
558 1878 707 1932 Unde
735 1877 939 1946 liquido
967 1885 1114 1945 patet
1136 1877 1278 1946 quod
1303 1878 1564 1945 probroso
1597 1877 1731 1930 ima-

143 1971 336 2040 ginum
381 1969 706 2036 instigantur
737 1983 922 2022 amore
943 1969 1032 2036 qui
1074 1969 1143 2022 ob
1169 1983 1356 2023 earum
1385 1968 1728 2022 abolitionem

143 2077 210 2114 ea
233 2075 358 2129 qua:
381 2061 445 2114 de
471 2058 690 2128 perfidis
711 2057 910 2113 Judazis
938 2074 1034 2127 per
1061 2059 1374 2127 prophetam
1408 2058 1552 2112 dicta
1582 2066 1727 2121 sunt,

136 2150 460 2219 parentibus
497 2150 610 2203 suis
643 2164 749 2203 non
795 2150 1120 2203 erubescunt
1157 2149 1472 2214 adnectere,
1527 2157 1583 2204 et
1626 2149 1731 2203 eis-

135 2241 262 2294 dem
289 2238 485 2308 jaculis
522 2239 667 2293 cives
710 2237 994 2308 perfodere
1031 2239 1229 2306 quibus
1253 2237 1520 2306 Propheta
1546 2237 1731 2293 Eccle-

143 2330 260 2395 siae,
296 2330 406 2384 imo
432 2329 652 2394 Christi,
677 2330 860 2384 hostes
885 2329 1129 2383 noscitur
1150 2327 1465 2397 perfodisse.

701 2461 924 2516 CAPUT
961 2460 1198 2536 xxviii.

147 2552 308 2618 Quod
340 2562 444 2604 non
477 2551 531 2603 in
557 2567 734 2604 eorum
761 2551 1079 2618 parentibus,
1124 2560 1176 2602 ut
1215 2549 1294 2602 illi
1323 2550 1520 2613 dicunt,
1546 2547 1728 2619 imple-

217 2633 331 2675 tum
361 2623 428 2675 sit
466 2621 604 2692 quod
632 2621 880 2690 scriptum
905 2629 1010 2692 est,
1046 2619 1248 2674 inimici
1279 2619 1590 2692 defecerunt
1619 2618 1729 2692 frag

221 2707 382 2830 ﬁeri“!
403 2691 455 2746 in
480 2690 712 2832 ‘)tinem,
767 2699 822 2744 et
871 2690 1117 2744 civitates
1176 2705 1364 2744 eorum
1418 2690 1728 2744 destruxisti

299 2779 326 2814 s
390 2800 404 2813 .
435 2777 489 2815 ix
521 2799 535 2813 .

223 2851 334 2905 Sed
366 2867 467 2905 nec
490 2848 650 2918 hujus
669 2849 938 2922 versiculi,
967 2857 1026 2904 ut
1055 2849 1128 2903 illi
1160 2849 1641 2924 aiunt,.prophetia
1675 2849 1728 2904 in

142 2953 340 2995 eorum
382 2940 884 3009 ,praadccessoribus
935 2941 1051 2994 sive
1099 2943 1435 3010 parentibus,
1481 2955 1546 2996 eo
1589 2942 1732 3010 quod

132 3030 419 3102 imagines
447 3029 843 3094 abdicaverint,
875 3038 958 3083 est
992 3030 1259 3098 completa
1304 3047 1317 3082 :

129 3127 300 3178 ,caute
347 3120 468 3173 loca
515 3119 711 3176 divinis
751 3119 982 3174 cultibus
1034 3120 1341 3188 mancipata
1392 3120 1729 3174 ornamentis

131 3209 534 3276 ,exspoliavere,
571 3209 728 3280 longe
758 3218 936 3264 tamen
981 3210 1049 3264 ab
1087 3210 1294 3280 antiqui
1337 3211 1509 3265 hostis
1540 3211 1729 3278 nequi-

131 3300 238 3363 .tia,
269 3302 336 3354 de
361 3317 472 3372 quo
495 3303 610 3356 lucc
637 3302 917 3372 prophetia
940 3311 1044 3366 est,
1065 3303 1368 3367 distavere;
1393 3302 1588 3370 quippe
1611 3317 1732 3356 cum

145 3391 388 3459 nequitia
443 3407 563 3460 qua:
606 3392 720 3461 ejus
768 3393 1074 3447 suasionem
1120 3392 1317 3452 accidit
1351 3392 1587 3446 humano
1633 3407 1730 3460 ge-

145 3480 262 3533 neri
295 3481 482 3535 minor
503 3482 574 3536 sit
609 3482 846 3550 nequitia
870 3481 1106 3549 tiusdem
1137 3482 1228 3550 qui
1255 3489 1310 3536 et
1348 3497 1459 3535 sua:
1486 3481 1734 3534 humana:

142 3577 338 3622 auctor
362 3579 421 3623 et
447 3569 671 3624 artilicis
683 3570 1022 3636 fraudulenti,
1037 3573 1125 3638 qui
1140 3572 1278 3626 sicut
1298 3581 1380 3625 cst
1399 3581 1589 3625 natura
1613 3572 1736 3626 sub-

144 3656 322 3720 tilior,
354 3659 430 3710 ita
464 3666 520 3711 et
556 3659 848 3728 sagacitate
871 3659 1130 3723 callidior,
1158 3667 1212 3711 et
1236 3674 1394 3730 queui
1421 3676 1523 3714 non
1547 3667 1736 3729 gravat

141 3748 397 3816 corporis
431 3747 732 3828 fragilitas,
765 3750 910 3804 acuit
948 3751 1112 3806 vafra:
1136 3751 1503 3820 perversitatis
1541 3752 1736 3820 iniqui—

133 3849 245 3910 tas.
280 3839 458 3908 llujus
486 3856 617 3910 ergo
653 3841 854 3895 inimici
885 3840 1088 3896 framea
1129 3842 1435 3898 defecerunt
1461 3843 1513 3896 in
1550 3844 1733 3907 linem,

131 3927 272 3994 ,quia
314 3937 654 3982 tentatnenta
704 3930 1026 3998 nequissima
1065 3945 1187 3984 mox
1237 3939 1294 3984 ut
1345 3933 1414 3986 ad
1459 3932 1736 3986 Christum

132 4018 234 4090 qui
262 4027 349 4072 est
378 4019 505 4072 linis
528 4018 663 4088 legis
687 4020 752 4073 ad
771 4017 1036 4086 justitiam
1061 4021 1207 4074 omni
1247 4022 1508 4085 credenti,
1535 4023 1626 4090 qui
1653 4030 1738 4076 est

149 4107 264 4160 linis
313 4106 435 4161 sine
475 4107 602 4169 line,
638 4106 704 4160 ad
734 4121 891 4174 quem
916 4123 1037 4161 cum
1067 4108 1391 4170 venerimus,
1437 4109 1570 4163 nihil
1603 4109 1738 4162 ulte-

146 4195 256 4250 rius
278 4199 430 4266 quod
482 4213 798 4266 quaeramus
836 4199 1106 4261 habemus,
1142 4200 1335 4253 collata
1375 4201 1594 4264 fuerint,
1624 4216 1739 4255 om-

145 4287 270 4343 nino
316 4291 600 4346 dcliciunt.
653 4290 721 4343 Et
771 4291 889 4346 ideo
928 4292 1191 4360 Pr0pheta
1233 4293 1448 4344 beatum
1474 4292 1617 4355 dicit,
1650 4295 1739 4362 qui

1824 443 1927 498 est,
1959 435 2161 489 inimici
2188 435 2384 490 diaboli
2411 437 2720 494 defecerunt
2749 442 2972 508 framea,
3007 457 3058 501 et
3085 461 3166 504 est
3187 453 3404 509 schema

1824 527 1965 592 quod
1997 528 2259 595 prolepsis
2287 539 2648 597 nuncupatur,
2675 533 2725 587 id
2758 544 2837 589 est
2880 545 3270 610 praeoccupatio
3293 547 3406 600 sive

1823 621 2188 687 praesumptio,
2226 636 2321 689 per
2349 636 2510 689 quam
2537 640 2598 676 ea
2627 640 2744 693 quae
2783 631 2931 698 sequi
2961 632 3154 688 deltent
3185 621 3407 707 antepo-

1825 713 2043 759 nuntur.
2075 708 2205 773 Qua:
2245 718 2300 762 et
2341 709 2394 763 in
2439 713 2660 767 exordio
2696 716 2990 774 Ezechielis
3013 725 3288 792 propheta:
3327 728 3409 780 in-

1825 795 2056 861 venitur,
2112 814 2233 851 cum
2263 799 2412 863 dicit,
2469 801 2532 854 Et
2561 803 2757 872 factum
2783 818 2854 861 est
2882 810 2936 862 in
2971 813 3231 867 tricesimo
3264 834 3404 871 anno

1825 883 2042 955 (Ezech.
2093 885 2154 954 ι).
2205 887 2271 940 Et
2321 888 2374 940 in
2418 888 2632 945 Psalmo
2686 895 2949 964 habetur,
3006 916 3125 955 cum
3186 904 3403 970 dit-itur,

1827 973 2195 1029 Fundamenta
2225 977 2340 1045 ejus
2366 979 2422 1030 in
2444 982 2702 1034 montibus
2726 989 2920 1040 sanctis
2947 988 3118 1056 (Psal.
3136 1004 3401 1056 1.xxxvu).

1827 1066 2083 1120 Civitates
2115 1067 2280 1137 igitur
2317 1070 2619 1125 destructas
2674 1090 2777 1128 non
2836 1079 2888 1131 in
2943 1079 3045 1133 hoc
3104 1082 3221 1138 loco
3251 1060 3404 1139 Psal-

1827 1157 2197 1226 mographus,
2261 1167 2321 1212 ut
2389 1158 2467 1212 illi
2529 1163 2898 1228 arbitrantur,
2953 1184 3138 1224 eorum
3203 1175 3407 1241 praede-

1825 1261 2069 1301 eessores
2126 1248 2240 1301 sive
2302 1259 2557 1318 parentes
2610 1269 2708 1322 pro
2764 1255 3054 1327 imaginum
3113 1262 3407 1318 abolitione

1827 1353 2043 1393 eversos
2079 1334 2348 1407 decantat,
2381 1343 2475 1398 sed
2519 1344 2760 1400 inﬁdeles
2803 1351 3048 1418 populos,
3091 1351 3203 1406 sive
3242 1355 3408 1408 malo-

1829 1449 1948 1486 rum
1989 1449 2212 1502 operum
2264 1449 2506 1501 acervos,
2539 1453 2674 1507 quos
2719 1431 2962 1495 diabolus
3000 1451 3256 1512 tanquam
3295 1461 3406 1501 sua:

1801 1525 2060 1581 'civitatis
2117 1529 2316 1582 mmnia
2374 1529 2661 1593 inhabitat,
2719 1530 2920 1586 Christi
2978 1534 3408 1590 manifestatione

1831 1617 1959 1671 dicit
1996 1631 2114 1672 esse
2158 1619 2382 1673 dirutos.
2425 1620 2602 1674 Inanis
2639 1622 2799 1691 igitur
2832 1631 2885 1674 et
2920 1639 3088 1676 vanus
3114 1625 3406 1695 imaginum

1830 1723 1986 1761 amor
2017 1708 2228 1762 illorum
2266 1717 2482 1777 pectora
2523 1711 2715 1764 invasit
2741 1713 2852 1778 qui,
2896 1719 2956 1764 ut
2984 1711 3189 1766 illarum
3217 1704 3408 1768 adora-

1811 1797 2030 1850 'tionem
2061 1806 2319 1864 statuant,
2359 1813 2421 1852 ea
2446 1815 2564 1867 qum
2587 1800 2652 1854 de
2685 1801 2903 1871 antiquo
2927 1803 3080 1857 hoste
3117 1803 3198 1856 vel
3234 1805 3308 1858 de
3330 1805 3410 1858 in-

1830 1887 2066 1943 credulis
2098 1889 2298 1944 Judmis
2322 1892 2641 1960 proiihetata
2677 1901 2820 1955 sunt,
2854 1895 2920 1948 de
2949 1896 3060 1948 suis
3099 1887 3412 1965 parentibus

1829 1977 1942 2032 sive
1972 1980 2459 2048 prmdeeessoribus
2485 1981 2626 2035 dicta
2656 1980 2822 2035 fuisse
2842 1984 3172 2038 existimant.
3334 1975 3335 1978 “

2382 2071 2612 2128 CAPUT
2649 2073 2841 2128 XXIX.

1831 2157 2538 2238 Quomodonintclligeudum
2570 2165 2635 2238 sit
2679 2166 2818 2235 quod
2861 2178 3108 2238 scriptum
3151 2181 3267 2226 est:
3305 2172 3410 2234 Do-

1899 2231 2060 2308 mine,
2087 2230 2249 2308 dilexi
2283 2235 2530 2308 decorem
2568 2230 2758 2289 domus
2807 2245 2912 2291 tua:
2934 2230 3126 2308 {quem
3173 2231 3409 2296 decorem

1898 2299 1984 2352 isti
2013 2301 2265 2370 imagines
2297 2302 2609 2372 intelligunt.

1899 2387 2100 2443 Domus
2126 2389 2219 2444 Dei
2261 2398 2355 2444 aut
2397 2391 2694 2446 secundum
2717 2393 3026 2465 allegoriam
3053 2397 3277 2453 ecclesia
3305 2409 3406 2465 est,

1828 2484 1922 2530 aut
1949 2479 2241 2532 secundum
2269 2495 2546 2550 anagogen
2574 2482 2812 2538 cmlestis
2853 2487 3043 2554 patria,
3089 2497 3182 2542 aut
3219 2504 3412 2542 secun—

1828 2564 1954 2619 dum
1990 2565 2344 2636 tropologiam
2371 2569 2548 2622 anima
2587 2570 2856 2626 hominis:
2899 2584 2954 2626 et
2993 2574 3192 2631 ideirco
3220 2577 3272 2630 in
3300 2579 3414 2646 plc-

1828 2657 2008 2726 risque
2032 2655 2324 2726 Scriptura:
2350 2667 2548 2714 sanctae
2570 2660 2702 2716 locis
2723 2677 2841 2716 cum
2865 2663 3056 2720 domus
3083 2666 3173 2720 Dei
3200 2667 3406 2737 legitur,

1827 2760 1933 2799 non
1965 2748 2202 2814 parietes
2229 2763 2328 2802 nec
2365 2749 2619 2815 .quazdatn
2651 2751 2941 2805 materialis
2983 2754 3283 2816 :edilicatio,
3317 2757 3410 2810 scil

1828 2836 2154 2905 spiritaliset
2170 2837 2595 2892 inexistimabilis
2610 2838 2702 2892 Dei
2731 2839 3073 2909 intelligenda
3101 2853 3180 2896 est
3205 2845 3414 2900 habita-

1832 2926 1906 2979 tio
1931 2943 1945 2990 ;
1984 2942 2215 2996 quorum
2243 2943 2497 2982 sensuum
2527 2929 2739 2982 arcanis
2765 2929 3168 2986 illorum.mens
3198 2935 3414 3002 penitus

1371 3031 1461 3099 qui
1509 3031 1610 3085 ειεί
1645 3031 1724 3084 in.
1755 3031 1796 3090 ρ
1823 3019 2034 3088 jejunat
2057 3020 2149 3088 qui
2182 3021 2429 3074 decorem
2454 3021 2641 3074 domus
2669 3021 2875 3075 Domini
2901 3037 3004 3076 non
3026 3023 3276 3078 Ecclesiae
3299 3025 3414 3079 exi-

1830 3111 2052 3165 stimant
2081 3111 2326 3176 virtutes,
2358 3112 2450 3166 sed
2476 3112 2782 3167 materiales
2816 3114 3096 3183 imagines.
3133 3115 3414 3185 Nunquid-

1831 3219 1953 3256 nam
1982 3204 2123 3259 idem
2150 3204 2380 3258 eximius
2413 3214 2562 3258 vates
2600 3207 2858 3274 quasdam
2884 3207 3143 3276 imagines
3164 3208 3243 3261 vel
3266 3219 3414 3263 certe

1832 3293 2092 3360 parietum
2117 3294 2556 3362 pulchritudines,
2584 3303 2674 3348 aut
2693 3295 3112 3350 ministeriorum
3139 3299 3416 3365 pretiosis-

1832 3383 1999 3438 simos
2017 3392 2308 3453 apparatus
2331 3384 2557 3447 viderat,
2580 3401 2702 3439 cum
2725 3385 2955 3448 dicebat,
2989 3387 3229 3451 Domine,
3253 3389 3415 3444 dilexi

1831 3473 2069 3527 decorem
2104 3474 2289 3528 domus
2320 3485 2445 3537 tum,
2473 3485 2520 3526 et
2554 3474 2725 3548 locum
2749 3476 3086 3530 habitationis
3107 3480 3288 3546 gloria:
3309 3489 3416 3531 tua:

1835 3561 2007 3634 (Psal.
2038 3566 2212 3633 xxvr).
2252 3563 2626 3639 Nunquidnam
2667 3565 2814 3619 locus
2856 3567 3214 3622 habitationis-
3232 3571 3417 3639 gloria:

1834 3654 2046 3708 Domini
2073 3654 2125 3708 in
2155 3653 2474 3717 manufactis
2501 3669 2772 3724 quoquam
2803 3657 3100 3728 credendus
3127 3661 3279 3713 esse?
3309 3658 3417 3712 lla-

1831 3743 1926 3809 .bct
1948 3758 2077 3812 ergo
2108 3752 2292 3798 sancta
2317 3744 2558 3799 Ecclesia
2588 3746 2824 3799 decorem
2857 3764 3014 3815 quem
3043 3751 3306 3818 Propheta
3333 3753 3417 3804 tli-

1835 3832 2053 3904 ligebat,
2081 3834 2133 3888 id
2155 3845 2238 3890 est
2258 3826 2531 3904 Spiritales
2550 3838 2802 3890 virtutes:
2829 3838 2990 3893 habet
3009 3857 3218 3904 aurum,
3237 3843 3286 3896 id
3311 3852 3412 3906 est,

1825 3925 1996 3983 iidem
2034 3926 2146 3980 sive
2183 3927 2494 3982 interierunt
2537 3943 2791 3991 sensum;
2833 3929 2991 3982 habet
3019 3941 3322 3999 argentarii,
3363 3935 3414 3985 i.l

1835 4026 1918 4072 est
1944 4017 2331 4074 confessionem
2371 4022 2486 4074 sive
2508 4018 2705 4087 eloquii
2735 4028 3064 4072 venustatem
3091 4035 3105 4083 ;
3145 4022 3306 4074 habet
3329 4038 3420 4074 co-

1836 4107 2044 4164 lumnas
2075 4121 2368 4180 argenteas,
2403 4112 2454 4166 id
2489 4120 2573 4165 est
2613 4120 2828 4166 sanctos
2861 4113 3005 4166 viros
3037 4113 3296 4180 patientia
3327 4129 3421 4166 ra-

1839 4201 2074 4256 tionabili
2115 4211 2169 4256 et
2198 4203 2532 4270 eloquiorum
2565 4199 2960 4269 pulchritudine
2987 4213 3258 4271 comptos:
3294 4218 3413 4271 qua:

1837 4293 2098 4348 columna:
2122 4293 2320 4347 habent
2345 4292 2502 4347 bases
2529 4298 2829 4360 argenteus,
2865 4307 2984 4345 cum
3017 4307 3178 4360 supra
3203 4294 3411 4348 stabili-

143 4379 412 4446 parvulos,
443 4382 497 4435 id
534 4389 640 4446 est,
673 4381 1024 4451 cogitationes
1051 4383 1466 4450 irrationabiles,
1501 4384 1570 4438 ad
1599 4384 1734 4455 lapi-
1758 4372 1808 4430 D
1837 4390 2002 4435 tatem
2023 4383 2172 4436 verbi
2196 4381 2289 4436 Dei
2305 4381 2445 4450 quod
2466 4396 2564 4450 per
2584 4381 2873 4450 prophetas
2892 4392 2945 4436 et
2965 4382 3235 4452 apostolos
3259 4386 3417 4441 nobis

151 4467 268 4520 dem
286 4507 304 4532 ,
331 4468 399 4521 ad
427 4470 703 4526 Christum
737 4472 1010 4538 videlicet,
1051 4475 1142 4542 qui
1167 4483 1250 4529 est
1281 4473 1416 4544 lapis
1440 4477 1732 4545 angularia.

146 4555 322 4610 allidit
349 4557 524 4628 (Psal.
560 4563 833 4633 cxuvn);
865 4563 980 4616 sive
999 4564 1183 4630 etiam,
1208 4572 1266 4616 ut
1286 4565 1502 4632 quidam
1531 4565 1734 4631 volunt,

143 4644 352 4702 inimici
383 4648 706 4728 defecerunt
734 4651 940 4708 framea
972 4653 1025 4707 in
1060 4653 1243 4719 linem,
1283 4655 1499 4724 quando
1533 4655 1737 4726 gladius

145 4751 250 4804 quo
295 4742 566 4810 antiquus
612 4743 786 4796 hostis
837 4744 1134 4798 bacchatur
1181 4745 1235 4799 in
1277 4748 1736 4803 consummatione

145 4830 742 4902 saeculiomnpotentis
774 4835 869 4889 Dei
893 4835 1071 4904 gladio
1093 4836 1496 4899 interimendus
1517 4848 1630 4904 est;
1670 4839 1736 4894 de

147 4931 256 4983 quo
286 4920 341 4974 in
372 4923 479 4975 alio
510 4924 721 4994 psahno
751 4925 902 4990 dicit,
932 4925 1055 4980 Nisi
1075 4929 1468 4991 convertamini,
1500 4928 1734 4998 gladium

149 5020 308 5059 suum
333 5009 548 5064 sibi-abit
578 5012 753 5084 (Psal.
777 5017 914 5084 vn);
951 5023 1007 5068 et
1033 5015 1098 5070 de
1123 5030 1230 5084 quo
1255 5028 1279 5054 ι
1301 5031 1398 5084 per
1421 5018 1735 5086 prophetam

151 5096 492 5167 Ezechielem
538 5104 696 5169 dicit,
739 5103 863 5159 Vivo
911 5122 1025 5176 ego,
1069 5106 1195 5160 dicit
1240 5106 1517 5171 Dominus,
1547 5125 1734 5162 acuant

150 5187 292 5242 sicut
325 5187 506 5256 fulgur
529 5192 759 5260 gladium
785 5211 954 5247 meum
978 5235 993 5260 ,
1033 5205 1080 5248 et
1108 5196 1322 5250 reddam
1351 5197 1601 5251 ultionem
1628 5199 1733 5252 ini-

151 5281 309 5334 micis
361 5281 511 5335 meis.
549 5282 774 5338 Framea
802 5302 1036 5356 namque
1077 5288 1370 5344 llebraicus
1418 5303 1597 5342 sermo
1631 5296 1734 5354 est,

152 5385 266 5439 quo
306 5369 361 5423 in
391 5370 496 5425 hoc
524 5370 641 5428 loco
665 5375 871 5442 antiqui
894 5377 1064 5431 hostis
1090 5377 1296 5448 gladius
1322 5378 1582 5433 inanitur.
1623 5377 1736 5432 Ini-

153 5461 280 5514 mici
312 5461 482 5532 igitur
512 5462 566 5516 in
595 5464 702 5518 hoc
740 5463 856 5518 loco
879 5481 982 5520 non
1009 5469 1366 5525 nominativus
1407 5468 1648 5539 pluralis,
1677 5477 1736 5522 ut

223 5607 246 5636 ι
287 5595 402 5650 lmo
426 5611 526 5666 per
557 5595 792 5667 Moysen,
822 5597 976 5652 Dent.
1002 5616 1170 5658 xxxii.
1211 5601 1268 5656 ll
1291 5643 1308 5673 ρ

1835 4471 2088 4541 traditur,
2117 4469 2464 4526 collocantur.
2498 4471 2592 4526 Hac
2633 4471 2794 4525 etiam
2834 4473 3032 4526 habent
3067 4481 3229 4541 caput
3253 4476 3416 4530 deau-

1838 4569 2035 4628 ratum,
2067 4561 2190 4630 quia
2219 4570 2379 4630 caput
2407 4578 2627 4616 aureum
2665 4564 2797 4617 litlcs
2818 4573 2902 4617 est
2919 4564 3139 4627 Christi,
3160 4564 3417 4635 Apostolo

1835 4661 2125 4706 attestante
2149 4650 2240 4719 qui
2267 4653 2376 4705 ait:
2414 4652 2595 4706 Omnis
2623 4669 2844 4723 namque
2873 4655 2968 4708 uiri
2993 4666 3147 4726 caput
3179 4657 3418 4713 Christus

1835 4756 1910 4800 est
1933 4745 1988 4816 (1
2021 4745 2142 4800 Cor.
2172 4746 2272 4817 ιι).
2305 4746 2477 4802 Habet
2504 4749 2664 4802 etiam
2692 4764 2791 4817 pro
2813 4749 2972 4820 lignis
3002 4753 3418 4821 imputribilibus

1836 4837 2120 4893 scientiam,
2139 4853 2260 4906 qua:
2287 4852 2384 4906 per
2409 4839 2607 4908 lignum
2631 4841 2796 4904 venit,
2823 4842 2936 4895 sive
2961 4842 3416 4910 incorruptionem

1835 4926 2103 4982 castitatis
2132 4942 2251 4996 qua:
2284 4936 2603 4982 vetustatem
2631 4930 2823 4983 nescit.
2847 4929 3019 4983 Habet
3041 4938 3094 4981 et
3129 4942 3230 4994 pro
3254 4930 3416 4999 bysso

1837 5015 2228 5085 virginitatem,
2274 5031 2374 5084 pro
2417 5033 2580 5072 cocco
2613 5017 2966 5072 confessionis
3011 5016 3267 5083 gloriam,
3317 5033 3418 5086 pro

1835 5124 2071 5178 purpura
2117 5109 2399 5163 charitatis
2448 5108 2727 5176 fulgorem,
2775 5121 2874 5173 pro
2919 5105 3210 5172 hyacintho
3262 5123 3414 5177 spent

1838 5199 1986 5267 regni
2011 5197 2291 5254 canorum.
2320 5198 2414 5253 llis
2436 5195 2674 5253 materiis
2707 5192 2822 5258 ejus
2856 5194 3162 5246 sacerdotes
3187 5197 3417 5252 induun-

1838 5298 1944 5353 tur,
1959 5285 2114 5355 juxta
2138 5288 2307 5344 David
2327 5302 2509 5344 vocem
2531 5283 2620 5350 qui
2640 5282 2735 5342 ait,
2760 5281 3066 5334 Sacerdotes
3087 5282 3166 5330 tm‘
3189 5284 3413 5337 induan-

1835 5388 1924 5432 tur
1935 5376 2383 5449 justitiam(Psal.
2402 5367 2633 5434 cxxxn);
2665 5380 2800 5430 (Ιιιοε
2819 5373 2876 5417 ει
2898 5364 3094 5417 Paulus
3124 5365 3208 5418 ιιίε
3233 5369 3417 5425 Verbis

1837 5469 2100 5536 hortatur,
2133 5484 2255 5524 cum
2283 5466 2432 5528 dicit,
2458 5454 2668 5512 lnduite
2703 5468 2788 5504 ros
2818 5453 3015 5506 uiscera
3041 5452 3415 5511 misericordia
