4026 6156
660 263 683 316 Ι
693 261 796 316 063

1550 264 1609 321 ιι.
1649 263 1898 321 CAROLl
1931 263 2145 319 unum
2173 266 2321 321 opp.
2358 231 2630 326 ικιιιςξιί
2652 270 2901 327 SECTIO
2926 270 2995 326 ιι.
3044 269 3056 279 ·

3763 272 3904 331 1068

653 374 875 446 (Cotoss.
902 370 1009 447 ιιι).
1036 371 1244 449 Habent
1273 372 1433 426 etiam
1458 370 1574 440 ejus
1593 372 1900 427 sacerdotes
1936 372 2042 426 alia
2064 373 2222 427 nobi-
2251 383 2297 438 Α
2325 378 2628 447 sanguinem
2662 379 2924 433 hircorum
2959 390 3007 433 et
3044 379 3340 446 vitulorum,
3386 380 3480 434 scd
3517 394 3610 451 per
3633 384 3904 451 proprium

651 462 786 517 liora
811 462 1139 527 indumenta,
1187 478 1306 532 qua:
1344 463 1486 516 idem
1516 462 1623 518 Vas
1650 463 1931 518 electionis
1960 464 2223 533 designat,

636 568 774 610 cum
820 536 950 608 dicit
976 545 1237 617 {Induite
1280 569 1367 605 vos
1411 552 1691 607 Dominum
1724 553 1906 611 Iesum
1942 553 2223 619 Christum,

650 654 699 698 et
728 645 901 698 carnis
927 660 1106 697 curam
1131 660 1193 695 ne
1221 642 1446 712 feceritis
1486 645 1543 697 in
1584 644 2007 715 concupiscentiis
2048 646 2227 699 vestris

654 733 831 803 (Rom.
864 733 1007 803 xm).
1038 732 1211 787 liabet
1253 741 1309 788 et
1333 733 1734 797 bibliothecam,
1787 734 1841 787 id
1882 742 1966 788 est
2012 741 2228 789 sanctos

649 825 797 878 viros
819 823 1010 878 divina:
1035 822 1169 893 legis
1193 823 1527 877 documentis
1548 823 1809 887 eruditos,
1831 822 1897 878 de
1917 824 2113 892 quibus
2133 838 2228 892 per

649 912 971 982 Prophetam
1000 912 1215 977 dicitur,
1247 912 1397 966 Beati
1435 911 1758 967 immaculati
1793 914 1849 966 in
1877 915 1959 968 ria
1995 914 2084 984 qui
2115 929 2229 966 am-

650 999 833 1055 bulant
855 1002 909 1055 in
935 993 1043 1073 lege
1065 1000 1311 1056 Domini:
1340 1001 1474 1056 beati
1495 1001 1583 1073 qui
1609 1011 1911 1056 scrutantur
1929 1003 2226 1057 testimonia

650 1091 786 1161 ejus,
819 1093 875 1145 in
903 1101 1008 1145 toto
1034 1092 1187 1145 corde
1207 1092 1486 1162 exquirunt
1531 1108 1593 1145 ea
1635 1091 1807 1163 (Psal.
1830 1093 2010 1158 cm);
2046 1100 2102 1147 et
2125 1092 2225 1146 ite-

648 1196 772 1236 rum
812 1183 998 1237 beatos
1041 1181 1169 1236 dicit
1195 1196 1289 1236 eos
1315 1181 1408 1251 qui
1439 1182 1697 1237 memoria
1740 1190 1927 1237 tenent
1973 1183 2226 1238 mandata

651 1269 771 1339 ejus
795 1279 854 1324 ut
881 1271 1081 1325 iaciant
1113 1286 1197 1326 ea.
1246 1271 1415 1325 liabet
1442 1271 1625 1325 decem
1654 1272 1790 1326 atria
1825 1272 2082 1338 distensa,
2103 1287 2225 1327 cum

653 1374 761 1415 non
788 1361 840 1415 in
867 1378 975 1417 uno
999 1369 1205 1416 tantum
1233 1363 1394 1417 verbo
1429 1361 1578 1433 legis,
1611 1356 1784 1431 neque
1817 1363 1870 1417 in
1896 1363 2101 1418 duobus
2133 1370 2227 1417 aut

653 1450 707 1504 in
735 1450 922 1514 tribus,
956 1451 1050 1505 sed
1071 1450 1125 1504 in
1157 1457 1270 1505 toto
1298 1450 1551 1521 decalogo
1579 1451 1714 1519 legis
1752 1451 2009 1522 spiritalis
2033 1451 2227 1506 intelli-

650 1542 843 1611 gentia:
873 1541 1220 1610 amplitudine
1242 1539 1518 1608 dilatatur,
1551 1542 1664 1597 sive
1690 1557 1812 1596 cum
1837 1541 2074 1597 fructum
2116 1540 2226 1611 spi-

2324 471 2629 539 sanguinem
2673 471 2901 524 introivit
2950 471 3108 524 senzel
3145 472 3198 524 in
3241 482 3423 525 sancta
3470 481 3666 526 a’terna
3710 472 3905 526 redau-

2323 559 2498 628 ptione
2519 558 2725 613 inventa
2771 559 2954 629 (Hebr.
3006 560 3124 631 Ix);
3164 561 3275 614 sive
3322 561 3406 615 cui
3437 576 3534 633 per
3560 561 3903 616 Psalmistam

2325 647 2540 710 dicitur,
2567 647 2646 702 Tu
2663 664 2716 702 es
2736 649 2978 703 sacerdos
3007 648 3061 704 in
3090 641 3337 704 internum
3361 650 3647 704 secundum
3671 649 3904 704 ordinent

2326 734 2697 790 Melchisedech
2725 736 2894 808 (Psnl.
2922 738 3010 808 cx)
3028 755 3042 802 ;
3062 739 3166 808 .qui
3189 747 3273 792 est
3298 739 3520 792 vestitus
3554 739 3764 806 pedere
3787 739 3907 808 hys-

2323 823 2462 888 sino,
2489 835 2612 878 cum
2637 826 2807 880 sancti
2828 825 2944 896 ejus
2973 828 3065 896 qui
3098 829 3283 897 utique
3307 827 3357 881 ei
3385 828 3704 883 adhmreant
3749 826 3909 883 casti-

2323 915 2451 970 tatis
2494 914 2739 986 lampade
2778 918 3097 972 vestiuntur.
3137 917 3313 972 liabet
3343 925 3398 971 et
3438 916 3726 973 humerale
3766 930 3907 987 gem-

2323 1014 2547 1071 matnm,
2571 1008 2694 1076 quia
2715 1007 2869 1063 electi
2892 1007 3008 1076 ejus
3026 1023 3250 1078 operum
3275 1007 3571 1077 fulgoribus
3592 1015 3905 1070 coruscant,
3942 1074 3956 1087 _

2323 1110 2551 1164 quorum
2591 1113 2756 1168 Opera
2784 1099 3027 1153 videntes
3071 1098 3315 1153 homines
3340 1097 3648 1168 gloriﬁcant
3690 1098 3905 1153 Patrem

2323 1199 2509 1241 eorum
2530 1187 2618 1255 qui
2643 1187 2698 1240 in
2726 1187 2878 1242 cmlis
2903 1197 3021 1242 est:
3055 1189 3147 1257 qui
3172 1188 3335 1243 habet
3359 1189 3413 1242 in
3440 1196 3661 1258 pectore
3686 1188 3905 1258 legium,

2323 1276 2464 1344 quod
2494 1276 2752 1331 rationale
2778 1278 2993 1342 dicitur,
3021 1286 3284 1347 quatenio
3308 1277 3545 1346 lapidum
3582 1277 3776 1333 ordine
3798 1278 3911 1332 dis-

2324 1368 2568 1433 tinctum,
2590 1384 2698 1438 quo
2723 1383 2901 1425 sermo
2920 1370 3258 1440 evangelicus
3284 1369 3635 1440 signiﬁcatur,
3657 1370 3749 1440 qui
3770 1383 3910 1438 qua-

2325 1456 2621 1525 druplicato
2646 1459 2836 1513 ordine
2859 1460 3141 1515 veritatem
3173 1459 3294 1515 ﬁdei
3332 1454 3489 1515 nobis
3513 1468 3569 1514 et
3587 1458 3905 1514 manifesta-

2322 1550 2523 1603 tionem
2554 1550 2831 1605 Trinitatis
2852 1552 3092 1620 exponit.
3124 1550 3299 1606 Habet
3332 1559 3388 1605 ct
3419 1550 3535 1610 auri
3564 1550 3826 1605 laminam
3854 1548 3907 1601 in

652 1632 805 1695 ritus,
830 1631 881 1685 id
909 1639 1015 1695 est,
1047 1632 1319 1702 gaudium,
1360 1647 1566 1702 pacem,
1600 1632 1933 1702 patientiam,
1980 1631 2224 1703 henigni-
2259 1707 2286 1710 _
2323 1637 2499 1693 fronte
2541 1639 2984 1709 resplendeutem,
3027 1640 3170 1710 quod
3212 1640 3445 1710 petalum
3491 1640 3807 1710 appellatur,
3854 1636 3907 1692 id

650 1729 836 1786 tatem,
860 1721 1176 1787 bonitatem,
1209 1722 1547 1788 modestiam,
1589 1723 1745 1778 ﬁdem
1764 1763 1781 1788 ,
1816 1723 2223 1791 continentiam,
2256 1707 2305 1768 Β
2324 1738 2426 1793 est,
2442 1707 2776 1787 divinitatem
2802 1731 2927 1801 quia
2952 1707 3115 1786 unius
3136 1707 3259 1787 cum
3290 1731 3446 1785 Patre
3472 1707 3785 1786 substantiae
3802 1734 3907 1790 est,

648 1811 857 1880 adjecta
905 1828 1025 1882 qua:
1071 1820 1155 1868 est
1205 1811 1377 1882 major
1418 1814 1657 1879 omnium
1704 1813 1968 1871 cbaritatc
1998 1814 2222 1886 profert.

648 1900 822 1958 Habet
863 1903 1025 1957 etiam
1074 1903 1262 1968 altare,
1305 1901 1357 1957 id
1399 1911 1481 1958 est
1511 1902 1820 1959 ﬁrmitatem
1858 1904 2002 1970 ﬁdei,
2034 1904 2091 1960 in
2118 1920 2225 1974 qua

646 1994 952 2048 orationum
1001 1995 1205 2050 hostias
1253 2002 1309 2050 et
1356 1994 1736 2050 misericordia:
1778 1982 2026 2051 victimas
2067 1995 2226 2052 offert

648 2086 796 2141 Deo:
826 2086 878 2140 in
907 2098 1012 2156 qua
1040 2086 1381 2142 continentiae
1404 2085 1575 2142 cultro
1601 2088 1906 2156 superbiam
1931 2087 2084 2157 quasi
2109 2096 2227 2142 tau-

648 2192 770 2232 rum
797 2178 1057 2243 immolat,
1094 2177 1425 2232 iracundiam
1454 2176 1605 2247 quasi
1634 2176 1854 2232 arietem
1874 2175 2101 2247 jugulat,
2141 2175 2226 2231 lu-

647 2270 859 2324 xuriam
890 2257 1212 2339 omnemque
1249 2269 1523 2325 libidinem
1555 2279 1807 2339 tanquam
1837 2270 2016 2323 hircos
2037 2276 2093 2323 et
2120 2268 2228 2322 ha:-

650 2358 747 2415 d0s
778 2359 930 2423 litat;
962 2374 1028 2413 ex
1057 2361 1250 2429 quibus
1275 2360 1520 2414 dextrum
1559 2360 1836 2414 brachium
1865 2367 1921 2413 et
1943 2367 2226 2430 pectuscu-

634 2450 761 2513 ,lum
785 2460 841 2506 et
877 2450 1124 2505 masillas
1156 2449 1525 2503 sacerdotibus
1565 2457 1796 2516 separat,
1834 2448 1886 2502 id
1922 2456 2023 2512 est,
2064 2462 2225 2516 opera

651 2540 822 2603 bona,
860 2555 1024 2609 Opera
1061 2539 1269 2602 dextra,
1307 2538 1361 2592 in
1408 2538 1605 2606 quibus
1646 2537 1921 2592 sinistrum
1971 2537 2226 2606 quiddam

651 2630 955 2684 nullatenus
980 2628 1265 2697 reperitur.
1294 2627 1465 2681 liabet
1497 2635 1555 2680 et
1582 2627 1959 2682 candelabrum
1992 2625 2224 2689 luminis,

652 2719 766 2774 sive
786 2719 912 2788 quia
938 2718 1193 2773 Dominus
1228 2718 1405 2772 lumen
1445 2716 1564 2788 ejus
1585 2726 1684 2781 est,
1732 2719 1849 2773 sive
1890 2718 2014 2787 quia
2057 2715 2227 2773 sancti

652 2807 760 2863 viri
785 2823 1013 2877 quorum
1044 2808 1277 2863 lucerna:
1298 2816 1421 2862 sunt
1442 2809 1690 2863 ardentes
1710 2817 1765 2863 et
1792 2809 1957 2864 lumbi
1980 2806 2227 2870 accincti,

650 2896 744 2967 qui
792 2905 1106 2967 exspectant
1148 2897 1430 2951 Dominum
1473 2912 1628 2952 suum
1677 2899 1891 2968 quando
1931 2904 2232 2952 revertatur

2324 1819 2582 1888 quoniam
2611 1820 2754 1875 sicut
2776 1819 2830 1873 in
2861 1819 3092 1875 metallis
3111 1820 3186 1874 nil
3208 1827 3550 1889 comparatur
3575 1834 3727 1880 auro,
3758 1817 3835 1870 ita
3857 1823 3909 1868 et

2322 1908 2379 1963 in
2406 1908 2670 1963 creaturis
2695 1908 2767 1963 nil
2790 1909 3089 1980 comparari
3112 1916 3288 1979 potest
3315 1908 3578 1964 Creatori.
3607 1906 3709 1974 Qui
3744 1905 3909 1960 etiam

2321 2000 2563 2069 pontifex
2598 2002 2760 2058 habet
2794 2002 2849 2057 in
2893 2002 3237 2057 interioribus
3284 2002 3530 2072 partibus
3573 1997 3911 2068 operimenta

2271 2151 2277 2156 ,
2323 2110 2438 2157 sua,
2475 2095 2602 2164 quia
2643 2094 2955 2166 mysterium
3003 2092 3385 2149 incarnationis
3429 2090 3547 2157 ejus
3592 2082 3916 2153 investigari

2324 2183 2538 2240 diﬁicile
2563 2194 2661 2244 est.
2692 2183 2896 2238 Joanne
2919 2191 3203 2236 attestante
3230 2180 3322 2249 qui
3351 2180 3444 2240 ait,
3477 2177 3645 2244 Cujus
3671 2193 3776 2243 ego
3813 2188 3917 2228 non

2324 2292 2440 2330 sum
2467 2275 2654 2344 dignus
2693 2273 2885 2326 solvere
2917 2272 3190 2339 corrigiam
3236 2266 3571 2320 calceamenti
3614 2263 3829 2334 (Marc.
3881 2278 3924 2327 ι,

2325 2365 2453 2419 Luc.
2482 2365 2587 2433 ιιι).
2617 2362 2787 2415 liabet
2813 2359 2972 2413 etiam
3004 2372 3100 2428 per
3125 2354 3421 2411 indumenti
3460 2352 3749 2407 circuitum
3806 2350 3926 2404 tin-

2324 2453 2593 2511 tinnabula
2620 2467 2739 2520 qua:
2764 2452 2818 2505 in
2850 2458 3092 2505 extremo
3125 2446 3364 2515 ejusdem
3391 2442 3697 2501 vestimenti
3723 2441 3918 2510 posita

2324 2550 2467 2608 sunt,
2494 2550 2550 2596 ut
2592 2556 2806 2610 semper
2834 2538 3066 2594 sonitum
3094 2537 3255 2592 dent:
3296 2534 3422 2604 quia
3445 2531 3697 2587 videlicet
3730 2530 3913 2584 sancti

2322 2632 2720 2704 praedicatores,
2752 2630 2843 2699 qui
2869 2626 2986 2698 ejus
3014 2628 3200 2697 utique
3238 2624 3610 2680 indumentum
3649 2629 3803 2686 sunt,
3848 2620 3915 2675 de

2324 2722 2584 2779 extremis
2605 2718 2936 2789 temporibus
2956 2725 3011 2773 et
3044 2716 3149 2772 ﬁne
3176 2715 3357 2771 mundi
3381 2714 3608 2769 reticere
3636 2710 3908 2770 nesciunt,

2329 2814 2422 2868 sed
2443 2827 2654 2881 semper
2674 2825 2773 2866 nos
2794 2810 2860 2865 de
2883 2807 3077 2863 futuris
3096 2807 3401 2869 admonent,
3420 2803 3762 2858 attendentes
3782 2799 3912 2854 illud

2330 2902 2471 2972 quod
2521 2917 2616 2971 per
2640 2900 2927 2970 quemdam
2975 2899 3272 2968 sapientem
3299 2896 3513 2960 dicitur,
3558 2893 3625 2947 In
3668 2892 3910 2946 omnibus

649 3001 683 3040 ³
730 2987 962 3056 nuptiis,
1012 2987 1277 3043 ιδοίνοηιει
1324 2987 1379 3041 in
1426 3001 1489 3042 ea
1540 2988 1936 3059 praedicationis
1981 2987 2229 3057 dogmata
2260 3050 2299 3062 _
2330 2993 2570 3062 operibus
2595 2992 2697 3045 tuis
2718 3005 3004 3045 memorare
3040 2988 3317 3042 novissima
3342 2995 3452 3051 tua,
3489 2984 3622 3038 etin
3654 2991 3909 3036 (sternunt

651 3076 901 3131 fundunt.

724 3168 876 3234 Quod
906 3168 1281 3224 candelabrum
1304 3169 1642 3225 lucernarum
1688 3170 1743 3224 in
1783 3177 2024 3224 austrum
2067 3168 2228 3223 habet

651 3258 968 3314 collocatum
992 3270 1051 3312 ut
1071 3259 1139 3314 ad
1158 3259 1461 3329 aquilonem
1483 3259 1752 3329 respiciat,
1772 3259 1825 3312 id
1845 3265 1947 3321 est,
1974 3262 2035 3310 ut
2054 3258 2225 3311 sancti

653 3348 757 3402 viri
784 3347 1062 3417 vigilanter
1100 3357 1157 3403 et
1179 3348 1456 3404 sollicitius
1492 3349 1799 3404 intueantur
1837 3361 2051 3416 semper
2081 3355 2227 3401 astu-

653 3439 757 3494 tias
788 3439 1003 3506 diaholi,
1029 3448 1085 3494 et
1105 3440 1295 3508 pavida
1328 3448 1507 3495 mente
1542 3441 1805 3510 aspiciant
1834 3440 1975 3494 unde
2002 3439 2075 3493 sit
2099 3454 2228 3493 ven-

653 3539 774 3585 tura
790 3532 1053 3585 tentatio:
1093 3529 1218 3598 quia
1256 3538 1312 3584 et
1332 3529 1596 3599 Propheta
1632 3530 1831 3584 vidisse
1865 3545 1923 3583 sc
1944 3528 2075 3582 dicit
2100 3543 2225 3583 suc-

652 3636 876 3675 censum
894 3619 1120 3673 lebetem
1144 3619 1227 3673 vel
1249 3619 1412 3673 ollam
1430 3627 1487 3671 ct
1508 3619 1701 3673 faciem
1727 3617 1844 3685 ejus
1864 3634 1894 3670 a
1918 3617 2055 3671 facie
2077 3617 2228 3686 aqui-

655 3709 832 3763 lonis:
870 3718 927 3762 et
980 3708 1034 3760 in
1075 3707 1184 3761 alio
1224 3707 1342 3761 loco
1385 3706 1614 3772 dicitur,
1661 3706 1738 3760 Ab
1783 3706 2039 3776 Aquilone
2088 3707 2225 3759 enim

650 3796 911 3870 pandetur
946 3795 1143 3851 malum
1167 3812 1323 3867 super
1357 3797 1648 3852 universam
1688 3805 1880 3852 terram
1905 3796 2121 3866 (Jerem.
2159 3797 2222 3869 ι).

654 3889 723 3945 Ει
767 3888 956 3945 Petrus
1004 3887 1273 3958 apostolus
1319 3887 1476 3952 dicit,
1511 3888 1650 3955 Quia
1693 3888 2025 3943 adversarius
2067 3899 2247 3961 vester,

653 3980 914 4045 diabolus,
941 3980 1074 4036 sicut
1101 3978 1182 4034 leo
1225 3980 1433 4052 rugiens
1458 3980 1642 4034 circuit
1663 3995 1900 4050 quwrens
1942 3995 2094 4050 quem
2138 3979 2227 4033 dc-

654 4082 793 4130 roret
824 4071 877 4146 (ι
909 4071 1023 4128 Pet.
1044 4069 1122 4143 ν).
1162 4070 1335 4127 Habet
1359 4079 1414 4126 et
1444 4085 1684 4126 mensam
1713 4070 2092 4140 propositionis
2129 4072 2227 4125 ha-

655 4167 869 4221 bentem
886 4163 1163 4220 duodecim
1178 4178 1345 4233 panes
1366 4163 1678 4219 collocatam
1703 4162 1755 4217 in
1784 4171 1938 4232 parte
1963 4160 2228 4232 aquilonis

653 4272 776 4326 qua:
798 4256 1019 4325 respicit
1052 4253 1118 4308 ad
1142 4262 1404 4320 austrum,
1433 4254 1590 4308 idest
1621 4253 1900 4308 duodecim
1939 4252 2225 4321 apostolos,

655 4357 793 4412 quos
825 4343 1065 4410 quotidie
1096 4341 1460 4397 indesinenter
1483 4339 1703 4408 iubetur
1720 4356 1988 4410 apponere
2013 4356 2134 4410 quae
2161 4339 2228 4394 ad

657 4439 897 4485 austrum
929 4431 1166 4500 respicit,
1198 4432 1326 4500 quia
1367 4430 1616 4485 videlicet
1661 4432 1896 4500 quotidie
1943 4432 2230 4486 adventum

658 4523 867 4577 Domini
892 4522 1247 4591 praestolatur.
1282 4521 1536 4575 Dominus
1557 4521 1710 4583 enim,
1741 4523 1817 4575 ait
1855 4522 2142 4593 Propheta,
2167 4523 2231 4577 ab

657 4619 837 4661 austro
860 4611 1021 4663 ueniet
1050 4607 1216 4680 (Ilab.
1241 4607 1349 4679 ιιι).
1375 4608 1547 4662 Habet
1567 4609 1740 4664 altare
1766 4610 1988 4677 incensi,
2016 4614 2141 4683 quia
2168 4613 2233 4667 de

657 4697 775 4761 ejus
803 4697 923 4750 ﬁdei
951 4697 1203 4752 ﬁrmitate
1226 4712 1438 4766 semper
1473 4697 1777 4755 orationum
1816 4711 2121 4758 sanctarum
2152 4702 2232 4756 l‘u-

662 4801 782 4841 mus
806 4785 861 4840 in
897 4795 1183 4862 conspectu
1220 4787 1429 4843 Domini
1465 4791 1723 4856 ascendit,
1763 4800 1818 4846 et
1844 4794 2081 4861 quotidie
2111 4808 2233 4847 cum

661 4875 829 4932 David
857 4875 1074 4941 clamat,
1105 4875 1380 4948 Dirigutur
1401 4879 1569 4932 oratio
1588 4896 1704 4934 mea
1734 4883 1867 4934 sicut
1892 4883 2157 4935 incensum
2179 4882 2235 4934 in

659 4982 933 5044 conspectu
976 4982 1067 5027 tuo
1117 4971 1288 5043 (Psal.
1338 4974 1521 5045 cxu);
1572 4975 1686 5030 sive
1727 4975 1893 5044 quia,
1942 4973 2234 5027 secundum

657 5064 993 5134 Apostolum,
1017 5062 1208 5119 Christi
1228 5065 1392 5119 bonus
1415 5065 1544 5119 odor
1562 5080 1743 5118 sumus
1763 5064 1873 5116 Deo
1897 5061 1985 5131 (II
2006 5060 2130 5115 Cor.
2146 5060 2230 5128 ιι).

661 5154 829 5211 liabet
853 5155 1280 5225 propitiatorium
1307 5165 1364 5211 et
1382 5170 1562 5210 arcam
1589 5164 1645 5209 et
1678 5155 1812 5208 duos
1837 5153 2135 5218 cherubim,
2169 5154 2236 5209 de

659 5245 856 5316 quibus
877 5245 1123 5314 superius
1149 5245 1202 5299 in
1228 5245 1460 5312 quodam
1502 5243 1738 5313 capitulo
1774 5241 2100 5310 disputatum
2130 5252 2231 5298 cst.

660 5335 834 5392 liabet
857 5343 912 5390 et
936 5335 1247 5405 pontiﬁcem
1268 5348 1538 5388 summum
1563 5333 1631 5386 de
1656 5347 1764 5400 quo
1795 5331 1993 5390 Paulus
2022 5344 2236 5404 aposto-

656 5426 745 5481 lus
773 5426 921 5490 dicit,
948 5424 1185 5479 Christus
1215 5431 1386 5476 autem
1407 5422 1653 5475 assistens
1682 5420 1914 5489 pontifex
1936 5423 2233 5491 futurorum

659 5514 910 5570 bonorum
933 5531 1039 5585 per
1060 5513 1287 5583 amplius
1311 5523 1359 5566 et
1382 5511 1658 5582 perfectius
1696 5508 2087 5566 tabernaculum
2132 5529 2235 5567 non

660 5618 817 5657 manu
846 5606 1066 5673 factum,
1096 5603 1150 5656 id
1178 5600 1272 5663 est,
1302 5619 1403 5656 non
1435 5603 1592 5669 huius
1621 5598 1916 5665 creationis,
1948 5618 2108 5672 neque
2144 5620 2236 5674 per

2251 3050 2300 3114 Ω
2330 3050 2433 3136 non
2455 3082 2689 3151 peccabis
2728 3077 2937 3150 (Eccle.
2966 3077 3099 3148 vn).
3147 3075 3319 3131 Habet
3355 3075 3516 3130 etiam
3554 3074 3674 3128 hzec
3722 3072 3910 3127 domus

2328 3173 2443 3238 Dei,
2476 3171 2529 3226 id
2552 3178 2635 3226 est
2662 3170 2920 3232 Ecclesia,
2951 3167 3104 3237 cujus
3143 3168 3398 3223 decorem
3440 3164 3765 3221 brevissime
3786 3177 3909 3218 enu-

2327 3276 2617 3325 mcramus,
2653 3258 2849 3314 Sancta
2875 3267 3221 3313 sanctorum:
3261 3258 3385 3328 quia
3417 3256 3662 3312 videlicet
3690 3255 3755 3310 in
3779 3268 3912 3323 prat-

2326 3352 2465 3407 senti
2494 3351 2688 3406 smculo
2712 3364 2808 3419 pro
2842 3348 3044 3404 sanctis
3070 3348 3233 3403 habet
3274 3357 3514 3404 sanctam
3544 3345 3908 3403 conversatio-

2326 3457 2483 3506 nem;
2535 3455 2635 3510 pro
2680 3438 2893 3493 Sanctis
2942 3453 3069 3495 vero
3106 3447 3414 3493 sanctorum
3440 3478 3455 3503 ,
3494 3437 3547 3491 in
3581 3451 3703 3506 qua:
3752 3430 3909 3489 semel

2326 3532 2695 3587 tantummodo
2731 3530 2980 3594 intratur,
3012 3529 3296 3584 transitum
3326 3528 3392 3583 ad
3433 3527 3649 3593 (mlum,
3693 3522 3905 3596 quando

2325 3618 2625 3675 \isibilibus
2649 3603 2969 3688 contemptis
2990 3618 3057 3672 ad
3080 3618 3364 3673 invisibilia
3390 3616 3601 3671 transit.
3617 3615 3694 3670 De
3718 3615 3904 3684 quibus

2325 3710 2610 3780 Apostolus
2647 3711 2809 3765 dicit:
2851 3708 3180 3775 Charissimi,
3232 3709 3460 3763 nondum
3500 3708 3746 3779 apparuit
3775 3701 3902 3776 quod

2325 3804 2553 3856 erimus:
2590 3801 2781 3855 scimus
2808 3800 3053 3872 quoniam
3096 3816 3214 3855 cum
3263 3799 3583 3870 apparuerit,
3626 3796 3819 3851 similes
3857 3793 3901 3846 ei

2324 3891 2537 3954 erimus,
2561 3891 2809 3960 quoniam
2830 3888 3111 3943 videbimus
3131 3904 3248 3943 eum
3268 3888 3423 3943 sicuti
3443 3897 3516 3942 est
3539 3886 3593 3959 (1
3613 3888 3777 3941 Joan.
3800 3883 3898 3953 ιιι).

2327 3978 2480 4033 11ιιιιε
2508 3978 3020 4034 excellentissimum
3046 3994 3172 4048 ergo
3197 3985 3253 4033 et
3275 3977 3514 4033 caelestis
3541 3978 3728 4048 patriae
3752 3977 3900 4031 deco-

2329 4083 2442 4122 rem
2468 4063 2729 4125 dilexerat
2750 4069 2832 4123 vir
2861 4067 2949 4122 ille
2974 4067 3364 4133 sanctissimus,
3392 4085 3499 4124 non
3541 4067 3821 4137 imaginum
3845 4070 3899 4118 et

2328 4166 2566 4222 colorum
2591 4164 2761 4230 lucos,
2788 4179 2895 4219 non
2925 4162 3282 4218 materialium
3303 4162 3632 4232 picturarum
3656 4157 3898 4216 similitu-

2330 4256 2503 4312 dines.
2535 4254 2615 4310 Ob
2638 4256 2781 4310 hunc
2802 4254 3070 4318 decorem,
3114 4267 3218 4307 non
3247 4253 3315 4307 ob
3356 4251 3663 4308 materialcs
3684 4251 3895 4320 ﬁguras,

2260 4384 2308 4444 υ
2332 4347 2484 4417 quasi
2523 4347 2754 4417 quodam
2781 4343 3122 4444 intolerabili
3161 4343 3426 4399 desiderio
3459 4344 3895 4444 resolutuseral.

2333 4452 2456 4505 cum
2482 4435 2729 4490 dicebat:
2772 4431 2902 4487 Haec
2925 4442 3240 4487 memoratus
3277 4448 3393 4486 sum
3434 4442 3483 4486 et
3521 4432 3687 4502 cﬂ‘udi
3730 4432 3781 4484 in
3821 4441 3897 4481 me

2331 4524 2559 4577 animum
2586 4538 2772 4586 meam,
2810 4523 3059 4593 quoniam
3091 4521 3357 4594 ingredior
3376 4521 3547 4576 locum
3587 4515 3897 4575 tabernaculi
3966 4542 3971 4549 -

2332 4612 2659 4666 admirabilis
2687 4628 2849 4682 usque
2871 4611 2940 4665 ad
2961 4611 3173 4665 domum
3201 4612 3297 4665 Dei
3321 4611 3490 4684 (Psal.
3516 4609 3670 4679 XL").
3703 4611 3773 4662 De
3795 4608 3895 4659 hac

2333 4702 2513 4766 domo,
2552 4717 2658 4755 non
2706 4701 2773 4754 de
2821 4701 2905 4755 his
2949 4699 3244 4756 visibilibus
3283 4700 3567 4771 parietibus
3610 4693 3892 4766 Apostolus

2334 4790 2505 4843 dixit:
2549 4789 2756 4844 Scimus
2797 4791 3046 4857 quoniam
3094 4792 3140 4845 si
3190 4790 3441 4846 terrestris
3487 4788 3669 4842 domus
3721 4794 3897 4840 nostra

2333 4880 2493 4949 hujus
2519 4879 2855 4932 habitationis
2894 4878 3225 4946 dissolvatur,
3251 4882 3390 4954 quod
3419 4880 3808 4949 qdiﬁcationcm
3837 4892 3899 4930 ea:

2334 4970 2444 5023 Deo
2476 4970 2745 5033 habemus,
2785 4970 2997 5024 domum
3025 4963 3130 5026 non
3155 4974 3537 5042 manufactam,
3581 4980 3825 5025 wtcrnam
3849 4967 3899 5021 in

2334 5061 2473 5115 caelis
2503 5060 2588 5131 (ll
2617 5060 2739 5114 Cor.
2771 5063 2846 5132 v).
2867 5062 3024 5135 llupc
3047 5063 3292 5118 decorem
3317 5064 3501 5128 Isaias,
3520 5078 3628 5117 non
3648 5064 3897 5133 pictorum

2332 5165 2496 5220 opera
2525 5152 2851 5221 respicienda
2875 5154 3266 5218 considerabat,
3284 5170 3410 5208 cum
3431 5155 3676 5209 dicebat:
3704 5150 3899 5221 Respice

2338 5242 2468 5297 Sion
2513 5243 2765 5296 ciuitatem
2808 5244 3150 5300 solemnitatis
3192 5257 3333 5301 tum:
3379 5244 3519 5300 oculi
3549 5245 3627 5298 tui
3676 5242 3897 5298 ridebunt

2333 5330 2626 5386 Jerusalem
2652 5373 2667 5397 ,
2719 5333 3089 5388 habitationem
3145 5336 3472 5407 opulentam,
3523 5330 3897 5388 tabernaculum

2334 5423 2471 5494 quod
2509 5439 2831 5494 nequaquam
2872 5423 3149 5493 transferri
3188 5435 3352 5495 potest
3400 5423 3536 5494 (Isa.
3571 5421 3789 5493 xxxm).
3836 5417 3898 5471 De

2336 5512 2435 5566 hac
2463 5512 2623 5567 domo
2664 5527 2761 5581 per
2799 5512 2964 5567 David
2990 5512 3225 5567 dicitur:
3266 5513 3418 5567 Beati
3460 5514 3551 5583 qui
3588 5512 3824 5565 habitant
3851 5507 3896 5560 in

2336 5603 2488 5655 (tanta
2533 5612 2645 5666 tua,
2673 5602 2729 5655 in
2761 5599 2954 5656 strcula
2987 5600 3298 5657 mentorum
3344 5600 3637 5656 laudabunt
3664 5610 3714 5655 te
3739 5594 3894 5665 (Psal-
