4026 6156
149 228 273 288 1065

920 222 1096 289 LIBRI
1132 219 1474 278 CAROLINI;
1514 220 1849 276 —'CAPIT.
1888 222 1976 277 DE
2013 222 2201 277 lMAG.
2236 234 2313 263 ‘—
2351 220 2480 274 LIB.
2525 220 2588 273 ll.

3247 217 3382 298 iQGG

100 324 105 327 ’
144 305 372 404 .xmi).
404 332 778 407 Nunquidnam
817 332 990 386 sancti
1031 333 1339 397 Patres,,ut
1370 340 1592 385 exteros
1623 338 1701 383 ta-
1734 339 1776 394 Α
1805 331 2065 405 imagines
2114 348 2219 387 non
2264 332 2440 387 solum
2470 331 2673 394 visuri,
2726 331 2822 385 sed
2871 330 3144 386 adoraturi
3187 341 3384 394 torem,

141 437 299 497 sum,
331 421 545 497 Paulus,
566 421 1151 488 Antonius,.Hilarion,
1178 421 1262 475 vel
1280 422 1457 475 omnis
1481 420 1711 474 anacho-

141 494 367 565 retarum
392 494 504 565 sive
532 511 882 565 eremitarum
923 519 1158 574 caterva,
1186 511 1277 572 qui
1298 511 1550 565 decorem
1571 509 1712 564 basi—

137 600 356 666 licarum
384 600 497 655 sive
543 601 839 670 imaginum
879 602 1210 673 depictarum
1253 616 1361 656 non
1382 601 1699 663 habuerunt,

139 692 229 746 sed
252 691 305 744 in
330 691 654 759 quibusdam
680 692 961 761 tuguriolis
985 706 1111 746 suas
1133 692 1243 746 Deo
1271 692 1477 745 animas
1498 691 1712 745 dedica-

141 790 343 847 verunt,
382 783 585 837 idcirco
612 784 783 838 sancti
811 799 915 837 non
942 778 1111 836 sunt?
1137 791 1192 838 et
1227 783 1348 836 ideo
1376 790 1470 835 aut
1506 797 1610 836 non
1636 780 1718 835 di—

138 873 371 942 ligebant
396 873 649 928 decorem
678 874 862 929 domus
890 874 1123 937 Domini,
1166 882 1259 928 aut
1305 874 1479 939 locum
1506 873 1716 928 habita-

142 961 300 1015 tionis
326 960 514 1029 gloria:
550 962 644 1016 Dei
677 961 919 1031 ﬂagranti
954 970 1171 1031 pectore
1217 962 1565 1030 contemplari
1610 977 1718 1017 non

141 1049 525 1105 desiderabant
548 1050 667 1119 quia
694 1052 950 1119 imagines
975 1067 1080 1107 non
1108 1053 1381 1108 habebant
1404 1068 1505 1107 nec
1528 1054 1719 1108 adora-

140 1140 311 1193 bant?
334 1139 482 1194 Intra
506 1155 563 1195 se
585 1141 782 1195 etenim
808 1143 947 1197 sicut
980 1152 1034 1197 et
1068 1152 1276 1199 caeteras
1302 1150 1499 1201 sanctae
1529 1143 1721 1197 anima:

142 1228 397 1297 templum
426 1230 519 1284 Dei
546 1239 600 1284 et
618 1230 793 1285 locum
828 1233 1177 1289 habitationis
1203 1235 1385 1305 gloria:
1408 1234 1525 1305 ejus
1546 1235 1718 1290 habe-

139 1315 281 1379 bant,
328 1316 551 1372 dicente
574 1318 713 1374 Vase
752 1320 1032 1377 eleetionis
1067 1332 1082 1376 :
1127 1322 1393 1394 Templum
1439 1325 1578 1378 enim
1623 1323 1723 1377 Dei

139 1416 373 1461 sanctum
412 1418 487 1462 est
533 1410 675 1480 quod
707 1412 828 1465 estis
853 1429 939 1466 vos
972 1412 1027 1484 (1
1045 1413 1169 1467 Cor.
1198 1413 1305 1484 In).
1338 1415 1560 1469 Plurimi
1587 1429 1724 1483 pra:-

145 1502 284 1547 terea
312 1507 381 1547 ex
410 1495 714 1550 divinarum
753 1496 1152 1567 Scripturarum
1184 1501 1366 1555 aureis
1414 1500 1586 1570 pratis
1613 1500 1719 1555 col-

143 1583 233 1654 ligi
275 1587 546 1641 ambrosei
595 1587 756 1644 flores
792 1599 1042 1659 poterant
1063 1633 1078 1657 ,
1119 1594 1315 1661 quibus
1343 1602 1399 1648 et
1429 1595 1721 1649 secundum

1810 418 1963 487 cujus
1987 421 2384 491 pollicitationis
2427 429 2703 489 compotes
2737 419 2912 476 effecti
2951 423 3144 475 merito
3185 420 3386 485 dicant,

1814 506 1960 561 Sicut
1981 511 2292 575 audivimus,
2315 509 2388 562 ita
2413 518 2461 561 et
2484 510 2850 565 vidimus.Nos
2878 517 3057 563 autem
3083 510 3195 578 qui,
3212 510 3389 577 opitu-

1813 594 1955 649 lante
1974 596 2102 659 Deo,
2137 599 2467 665 psalmorum
2493 600 2829 667 prophetiam
2852 599 3165 668 spiritaliter
3186 613 3284 667 pro
3305 586 3391 652 vi-

1814 682 1963 738 ribus
1997 684 2369 755 intelligimus,
2416 701 2524 740 non
2572 687 2674 742 hoc
2715 702 2926 743 comma
2970 688 3036 742 de
3069 686 3396 742 manufactis

1814 771 2135 839 imaginibus
2160 775 2381 840 dictum,
2421 776 2512 829 sed
2543 778 2610 831 de
2638 778 3023 847 insignioribus
3050 789 3106 833 et
3146 778 3392 833 eminen-

1817 861 2043 915 tioribus
2076 864 2346 932 mysteriis
2368 863 2742 933 prophetatum
2784 863 2946 920 fuisse
2979 866 3269 921 sentimus:
3302 867 3393 935 qui

1818 951 2066 1006 videlicet
2100 952 2240 1006 sicut
2262 953 2317 1007 in
2342 953 2457 1023 lege
2485 954 2551 1007 de
2576 952 2776 1006 Christi
2810 953 3042 1007 adventu
3072 954 3398 1019 audivimus,

1819 1040 1874 1094 in
1902 1036 2190 1110 Evangelio
2218 1040 2461 1094 videmus
2486 1057 2501 1107 ;
2542 1040 2683 1094 sicut
2712 1041 2765 1093 in
2790 1041 3065 1109 prophetis
3086 1043 3150 1095 de
3175 1041 3291 1112 ejus
3318 1042 3400 1095 in-

1819 1130 2133 1185 carnatione
2178 1130 2556 1199 comperimus,
2610 1130 2666 1183 in
2708 1130 2843 1199 Novi
2882 1130 3215 1185 Testamenti
3262 1147 3401 1188 nunc

1820 1220 1960 1275 serie
1988 1220 2293 1283 cernimus,
2332 1219 2474 1274 sicut
2500 1218 2555 1273 in
2584 1218 2967 1288 hagiographis
3005 1227 3060 1272 et
3101 1220 3155 1273 in
3197 1223 3403 1275 cunctis

1821 1309 1991 1371 sacris
2028 1307 2222 1364 litteris
2260 1308 2329 1363 de
2360 1306 2478 1377 ejus
2523 1307 2801 1363 nativitate
2823 1347 2839 1374 ,
2892 1309 3146 1373 passione
3171 1348 3186 1374 ,
3224 1325 3401 1365 resur-

1821 1402 2079 1475 rectione,
2127 1401 2195 1455 ad
2233 1400 2431 1456 cmlum
2466 1401 2810 1466 ascensione,
2861 1401 3051 1472 typieis
3093 1401 3405 1467 videbamus

1820 1490 2220 1560 prmﬁguratum
2250 1489 2417 1573 fuisse
2448 1490 2739 1561 mysteriis,
2786 1505 2929 1544 nunc
2956 1499 3175 1559 peracta
3212 1500 3404 1546 cuncta

1824 1579 1991 1635 fuisse
2030 1581 2084 1635 in
2114 1582 2317 1636 sanctis
2345 1582 2587 1635 videmus
2614 1581 2959 1650 Evangeliis:
3000 1583 3093 1652 qui
3137 1585 3302 1638 etiam
3343 1600 3405 1640 eo

145 1674 519 1743 ιτοροιοςίδω,
546 1685 601 1730 ει
638 1679 932 1733 secundum
977 1681 1308 1750 auegoriam,
1337 1691 1393 1737 et
1436 1686 1723 1740 secundum
1759 1664 1803 1723 B
1828 1681 2098 1728 annuente
2121 1673 2187 1727 ad
2209 1681 2466 1728 aeternam
2487 1674 2715 1742 patriam
2745 1674 2977 1738 venturi,
3001 1684 3055 1730 et
3075 1676 3133 1729 in
3155 1692 3220 1731 ea
3242 1679 3405 1733 visuri

142 1778 448 1834 anagogen,
489 1776 690 1822 sancta:
733 1769 987 1825 Ecclesia:
1034 1772 1196 1827 decor
1222 1782 1630 1841 monstraretur,
1679 1774 1728 1831 si

143 1853 433 1909 brevitatis
474 1856 562 1909 cui
588 1857 867 1914 studemus
903 1844 1009 1915 non
1041 1862 1462 1931 praepediremur
1483 1864 1726 1919 habenis.

144 1941 215 1994 lli
241 1957 376 2013 ergo
401 1946 557 2013 pauci
582 1962 680 2016 pro
705 1949 949 2017 pluribus
984 1952 1178 2021 prolati
1201 1953 1496 2019 sufﬁciant,
1538 1956 1730 2024 quibus

145 2033 384 2104 diligens
409 2036 576 2092 lector
604 2048 803 2095 caetera
829 2056 949 2111 qua:
986 2043 1076 2097 hic
1107 2044 1315 2112 prolata
1359 2060 1465 2100 non
1492 2054 1616 2101 sunt
1652 2048 1733 2101 in-

144 2123 351 2194 dagare
385 2130 613 2194 curabit,
637 2139 691 2184 et
715 2132 909 2188 domus
935 2133 1032 2188 Dei
1077 2134 1347 2201 decorem,
1388 2151 1494 2190 non
1520 2137 1575 2190 in
1601 2136 1733 2191 ima-

141 2216 362 2283 ginibus
408 2221 792 2286 materialibus,
839 2225 934 2279 sed
980 2225 1036 2279 in
1082 2226 1369 2282 virtutibus
1401 2227 1734 2296 spiritalibus

145 2302 503 2375 refulgentem
523 2324 644 2365 esse
670 2310 888 2366 videbit.

1618 2416 1645 2423 -ο

716 2440 942 2498 CAPUT
987 2444 1138 2500 XXX

145 2521 307 2608 Quod
325 2542 438 2608 non
472 2513 565 2608 pro
587 2533 903 2608 manufactis
924 2536 1234 2608 imaginibus
1256 2537 1731 2607 perPsalmistam,

217 2552 304 2579 wu
331 2552 438 2581 ηυη
472 2552 565 2598 pro
587 2552 903 2601 "tamquam
924 2552 1029 2587 tma
1066 2552 1234 2591 tnwus
1256 2552 1731 2607 perrsalmtstam,

217 2595 401 2676 πελιιὶ
444 2599 975 2676 ai'umnt,‘dictumest,
1024 2552 1176 2659 gicut
1217 2609 1536 2676 audivimus,
1568 2611 1642 2664 ita
1680 2618 1738 2664 et

219 2664 458 2720 vidimus
485 2667 658 2737 (Psal.
687 2675 902 2743 vaut).

221 2753 495 2821 Quoniam
544 2759 710 2828 igitur
752 2762 1088 2819 manufactas
1133 2765 1396 2837 imagines
1438 2778 1497 2823 se
1542 2769 1737 2825 vidisse

146 2844 414 2913 gratulati
454 2856 595 2912 sunt,
642 2848 939 2908 Psalmista:
965 2854 1066 2909 sibi
1094 2856 1415 2912 versiculum
1440 2868 1740 2914 accommo-

144 2931 426 2988 daverunt
460 2936 718 3003 dicentes,
759 2939 909 2994 Sicut
935 2942 1249 3008 audivimus,
1289 2946 1364 2998 ita
1408 2956 1456 2999 et
1496 2948 1736 3015 vidimus,

141 3020 591 3110 dicantnquaeso,
643 3027 824 3083 dicant
866 3030 956 3085 ubi
997 3032 1099 3085 hoc
1124 3041 1249 3087 ante
1292 3034 1558 3089 audierint
1597 3037 1740 3105 quod

142 3113 307 3167 modo
343 3113 403 3167 in
431 3114 758 3186 imaginibus
791 3118 1006 3185 vident;
1048 3120 1232 3175 dicant
1268 3122 1388 3191 quis
1407 3124 1743 3192 patriarcha-

147 3216 266 3255 rum
319 3205 781 3273 prophetarumve
825 3217 919 3262 aut
964 3210 1333 3277 apostolorum
1378 3212 1483 3267 hoc
1526 3212 1741 3267 illorum

145 3290 363 3349 auditui
383 3295 646 3363 intulerit,
684 3301 828 3368 quod
867 3300 1027 3355 modo
1064 3300 1278 3355 illorum
1320 3302 1526 3357 visibus
1554 3309 1738 3372 patet:

146 3379 333 3436 dicant
376 3383 504 3452 quis
543 3385 650 3440 illis
677 3386 781 3441 hoc
822 3387 1159 3457 privilegium
1203 3388 1541 3457 praedixerit,
1598 3388 1741 3458 quod

1830 1776 2018 1817 sumus
2062 1777 2181 1831 quae
2211 1763 2264 1816 in
2309 1761 2468 1829 hujus
2512 1762 2854 1819 mortalitatis
2900 1780 3141 1821 aerumna
3181 1766 3247 1833 de
3295 1767 3408 1836 ejus

1830 1849 2084 1907 felicitate
2108 1851 2441 1917 audivimus,
2474 1852 2775 1921 dicturique
2814 1869 3000 1910 sumus
3021 1895 3037 1921 ,
3072 1856 3220 1921 Sicut
3259 1860 3406 1931 audi-

1831 1939 2017 2006 vimus,
2047 1940 2121 1994 ita
2147 1948 2196 1995 et
2224 1941 2449 1995 vidimus
2472 1957 2490 2006 ;
2532 1942 2585 1996 id
2609 1950 2710 2007 est,
2739 1941 2891 1997 Sicut
2922 1946 3223 2011 audivimus
3267 1964 3409 2003 mor-

1831 2025 1997 2092 tales,
2044 2027 2286 2083 videmus
2328 2044 2472 2083 nunc
2514 2030 2882 2097 immortales;
2923 2032 3062 2087 sicut
3109 2034 3411 2094 audivimus

1831 2118 2204 2189 corruptibiles
2229 2158 2243 2184 ,
2283 2118 2528 2174 videmus
2573 2136 2718 2176 nunc
2765 2121 3237 2193 incorruptibiles;
3276 2128 3412 2185 sicut

1834 2210 2137 2265 audivimus
2191 2210 2247 2265 in
2300 2226 2604 2267 aerumnosa
2653 2200 3119 2284 peregrinatione,
3170 2218 3415 2279 videmus

1834 2313 1977 2354 nunc
2011 2299 2064 2352 in
2102 2298 2347 2354 vivorum
2390 2298 2699 2355 felicissima
2730 2302 2983 2373 regione:
3022 2306 3165 2375 quod
3211 2309 3402 2363 audivi-

1746 2404 1747 2409 ‘
1834 2404 1955 2446 mus
2000 2404 2122 2444 cum
2165 2390 2503 2458 patiebamur
2547 2392 3026 2460 procellosissimas
3072 2405 3417 2467 tempestates

1834 2479 2035 2543 saeculi,
2067 2480 2308 2535 videmus
2334 2496 2477 2535 nunc
2503 2496 2625 2536 cum
2648 2484 2885 2551 potimur
2904 2486 3222 2541 suavissima
3261 2504 3416 2544 secu-

1835 2570 1996 2626 ritate
2022 2571 2257 2640 paradisi
2282 2588 2297 2637 ;
2339 2572 2587 2641 quodque
2617 2574 2794 2629 audivi
2805 2590 2922 2630 mus
2948 2592 3070 2631 cum
3099 2578 3419 2643 timebamus

1835 2663 2723 2735 periculosissimumnaufragium
2746 2704 2762 2733 ,
2812 2666 3054 2724 videmus
3105 2686 3248 2726 nunc
3294 2687 3419 2727 eum

1836 2754 2180 2823 pervenimus
2201 2756 2270 2810 ad
2295 2754 2664 2827 cautissimum
2686 2764 2742 2811 et
2764 2742 2920 2813 nobis
2948 2759 3106 2830 longe
3125 2771 3248 2817 ante
3279 2762 3422 2819 desi-

1841 2844 2237 2900 deratissimum
2287 2853 2521 2914 portum.
2573 2844 2632 2900 In
2681 2847 2787 2903 hoc
2834 2834 2968 2904 sane
3014 2851 3241 2906 articulo
3275 2853 3449 2911 hunc.

1840 2938 2073 3007 primum
2100 2924 2300 3009 librum
2323 2937 2643 2992 cludendum
2670 2954 2791 2995 esse
2832 2940 3157 3009 putavimus,
3198 2951 3259 2997 ut
3291 2958 3422 3013 quo-

1843 3030 1986 3084 niam
2017 3030 2082 3085 de
2112 3039 2267 3099 portu
2307 3031 2633 3087 mentionem
2660 3029 2904 3098 fecimus,
2931 3033 3079 3088 illum
3117 3050 3329 3105 quoque
3363 3036 3419 3093 in

1839 3120 1944 3176 hoc
1972 3120 2089 3177 loco
2115 3122 2183 3177 ad
2206 3129 2419 3190 portum
2458 3122 2802 3189 deducamus,
2833 3134 2894 3180 ut
2916 3136 3183 3184 retroacta
3211 3130 3423 3200 naviga-

1839 3210 1985 3279 tione
2007 3210 2217 3281 fatigati
2232 3212 2619 3283 aliquantisper
2640 3214 2692 3267 in
2714 3223 2871 3284 portu
2889 3217 3202 3286 spatiantes,
3219 3233 3424 3274 resum-

1836 3301 2051 3371 ptisque
2096 3302 2321 3365 viribus,
2369 3302 2437 3356 ad
2477 3303 2695 3358 secundi
2735 3303 2856 3359 libri
2883 3306 3295 3376 navigationem,
3318 3307 3424 3365 Do-

1839 3392 1986 3445 mino
2014 3391 2329 3457 auxiliante,
2366 3391 2483 3448 vela
2519 3396 2820 3451 tendamus.

1329 3658 1627 3736 LIBER
1703 3624 2272 3739 SECUNDUS.

1526 3823 2063 3849 h——-——————'__o

754 3908 1137 3976 ΡΒᾸΞΕΑΤῘΟ.

156 4070 161 4076 .
212 4018 506 4086 ll‘r‘actatis
540 4028 595 4083 in
632 4031 908 4110 superiore
940 4030 1077 4087 libro
1100 4044 1261 4100 quam
1304 4031 1623 4088 brevissime
1654 4033 1738 4089 di-

143 4120 283 4176 vinae
308 4121 452 4191 legis
488 4119 809 4189 quibusdam
855 4121 1222 4186 eommatibus,
1257 4137 1395 4192 quze,
1440 4132 1502 4178 ut
1549 4126 1742 4182 crebro

143 4210 602 4274 memoravimus,
632 4209 709 4264 illi
730 4218 919 4265 contra
942 4226 1078 4280 quos
1096 4213 1221 4267 huic
1242 4223 1430 4269 nostro
1454 4216 1595 4285 ston
1618 4230 1744 4271 con-

1845 3928 2168 3995 obnitentes,
2201 3930 2269 3986 ad
2297 3931 2514 3988 tertium
2534 3932 2589 3987 in
2610 3932 2761 4002 cujus
2782 3933 3048 4003 principio
3078 3946 3274 3993 nostrae
3296 3940 3422 3998 ﬁdei

1847 4018 2253 4075 fundamentum
2283 4023 2415 4087 erit,
2447 4023 2670 4079 liberius
2697 4022 3045 4089 accedamus,
3073 4034 3133 4079 ut
3168 4030 3422 4096 quoniam

1849 4121 2051 4168 sancta:
2078 4114 2130 4168 in
2153 4129 2218 4170 eo
2238 4124 2292 4170 et
2327 4116 2497 4170 unicae
2530 4115 2806 4170 Trinitatis
2834 4113 3101 4171 confessio
3125 4113 3424 4176 continebi-

1852 4210 1956 4267 tur,
1989 4203 2134 4258 tertii
2158 4219 2370 4273 quoque
2393 4203 2517 4257 libri
2544 4217 2798 4257 numerus
2829 4203 3090 4259 habeatur
3111 4216 3427 4264 exornetur-

144 4297 324 4363 llietus
369 4306 495 4364 est,
526 4299 599 4353 ob
643 4314 753 4354 suae
792 4278 1046 4356 vanitatis
1090 4303 1371 4358 materiam
1420 4278 1744 4361 fulciendam

1846 4307 1951 4362 que
1977 4279 2344 4349 sacratissimo
2369 4308 2595 4348 numero
2625 4293 2715 4362 qui
2749 4294 3092 4351 exornandus
3115 4307 3198 4352 est
3227 4308 3427 4356 sancta:

145 4387 444 4454 protulisse
466 4397 785 4451 noscuntur,
827 4388 912 4443 vel
937 4390 1441 4459 etiam-quibusdam
1473 4394 1526 4447 in
1554 4395 1743 4449 eodem

148 4476 317 4538 libro,
334 4477 578 4546 prolatis,
594 4479 839 4547 capitulis
864 4495 986 4548 quae
1016 4480 1085 4535 de
1119 4495 1305 4535 eorum
1331 4474 1746 4552 reprehensiOne

146 4581 260 4621 non
300 4566 762 4636 inconsequenter
784 4568 1106 4638 proferenda
1128 4578 1305 4637 erant,
1336 4586 1558 4628 necesse
1582 4581 1664 4628 est
1688 4581 1748 4627 ut

146 4655 200 4711 in
226 4642 529 4725 prtesenti,
552 4657 791 4714 secundo
833 4657 1084 4713 videlicet
1111 4657 1268 4723 libro,
1298 4668 1354 4715 et
1394 4660 1588 4715 divinae
1617 4661 1747 4731 legis

148 4759 279 4800 sane
312 4746 613 4815 sobrieque
638 4747 851 4802 residua
892 4756 1162 4802 commata
1202 4750 1504 4814 tractaturi,
1532 4757 1586 4805 et
1611 4766 1758 4819 (ιιιο-Δ

148 4836 403 4903 rumdam
432 4844 756 4901 sanctorum
795 4836 1018 4892 Patrum
1062 4838 1202 4893 male
1232 4839 1581 4896 nihilominus
1623 4856 1749 4896 send

148 4924 356 4985 tentias
380 4924 452 4978 ab
478 4925 584 4980 illis
604 4935 895 4995 usurpatas
921 4927 1156 4996 propriis
1191 4928 1438 4983 sensibus
1464 4929 1746 4996 reddituri,

149 5010 392 5067 Domino
425 5012 674 5079 favente,
721 5016 1122 5085 aggrediamur.
1160 5016 1219 5070 ln
1265 5032 1372 5085 quo
1407 5017 1573 5071 etiam
1611 5018 1749 5073 libro

152 5099 415 5169 quaedam
446 5104 678 5169 capitula
719 5104 1028 5168 inserentur
1065 5121 1187 5175 qua:
1227 5119 1415 5162 eorum
1461 5108 1634 5162 errori
1681 5106 1763 5179 ad;

152 5197 387 5251 mentes
408 5188 641 5254 ﬁdelium
675 5195 985 5252 transeundi
1013 5196 1216 5251 aditum
1250 5197 1610 5265 intercipiant,
1640 5209 1749 5267 quo

151 5295 248 5348 res
272 5278 574 5335 sanctitate
601 5282 715 5338 sive
743 5287 1068 5348 auctoritate
1094 5298 1341 5344 carentes
1369 5289 1751 5344 sacratissimis

152 5372 329 5429 rebus
356 5376 419 5425 et
442 5370 516 5425 ab
536 5370 654 5439 ipso
677 5373 901 5432 Domino
927 5379 1189 5436 institutis
1211 5383 1545 5451 aequiparare
1566 5382 1749 5435 nitun-

154 5474 282 5531 tur;
318 5472 383 5519 ut
405 5464 465 5518 in
485 5462 576 5519 his
590 5464 802 5521 duobus
817 5469 1176 5531 voluminibus
1193 5489 1290 5544 per
1316 5475 1545 5530 duorum
1566 5473 1761 5529 Testa-.

158 5565 483 5613 mentorum
528 5555 781 5612 salutaria
820 5574 970 5616 arma
1005 5578 1191 5647 eorum
1226 5563 1534 5622 vanissimis
1564 5564 1752 5623 maniis

449 5651 733 5711 Ρηειοι..
781 5650 1054 5717 XCVIII.

1847 4382 1970 4437 ﬁdei
2007 4384 2267 4453 mysterio
2298 4401 2311 4436 :
2341 4398 2554 4439 omnem
2591 4383 2854 4455 siquidem
2887 4392 3085 4441 nostra:
3111 4386 3429 4457 disputatio-

1846 4478 1932 4532 nis
1963 4477 2076 4532 sive
2119 4486 2438 4533 caeterorum
2466 4485 2683 4533 actuum
2713 4493 2862 4547 spem
2906 4494 3012 4533 non
3054 4480 3108 4534 in
3134 4482 3432 4537 mundana-

1847 4582 1965 4621 rum
1994 4567 2192 4621 artium
2239 4568 2639 4637 argumentosis
2683 4567 3111 4639 allegationibus,
3142 4569 3237 4625 sed
3276 4570 3330 4625 in
3366 4587 3432 4627 eo

1848 4658 2174 4714 collocantes
2217 4659 2390 4728 quiet
2429 4673 2526 4728 per
2564 4660 2906 4727 praesentiam
2942 4656 3277 4730 corporalem
3314 4664 3430 4717 ait:

1851 4747 1973 4801 Non
2004 4749 2139 4802 enim
2166 4765 2254 4802 vos
2294 4749 2417 4803 estis
2441 4750 2530 4819 qui
2562 4748 2855 4819 loquimini,
2881 4750 2971 4804 sed
2996 4750 3226 4821 Spiritus
3252 4751 3433 4807 Patris

1846 4839 2001 4903 vestri
2043 4840 2132 4909 qui
2174 4838 2405 4910 loquitur
2431 4843 2487 4894 in
2523 4840 2663 4894 vobis
2693 4838 2919 4910 (Matth.
2948 4839 3047 4909 x);
3074 4847 3129 4893 et
3161 4840 3431 4907 quondam

1846 4942 1945 4996 per
1969 4927 2294 4996 Prophetam
2333 4929 2562 4993 dixerat,
2595 4926 2776 4980 Dilata
2802 4945 2858 4981 os
2882 4937 3026 4980 tuum
3069 4936 3117 4979 et
3141 4941 3233 4995 ego
3262 4927 3436 4979 adim-

1845 5017 1994 5089 plebo
2009 5017 2142 5072 illud
2159 5018 2332 5088 (Psal.
2354 5018 2560 5089 Lxxxt).
2586 5016 2710 5071 Ideo
2728 5017 2893 5085 igitur
2902 5029 2999 5082 per
3017 5015 3302 5082 quemdam
3314 5029 3438 5083 gra-

1848 5109 2026 5167 diendi
2062 5110 2307 5165 ordinem
2350 5110 2508 5181 hujus
2550 5113 2754 5161 nostrae
2795 5106 3176 5174 disputationis
3204 5103 3439 5173 quibus-

1849 5200 1973 5254 dam
1996 5199 2260 5254 librorum
2286 5195 2781 5268 intercapedinibus
2804 5194 3149 5248 distinximus
3165 5204 3435 5261 gressum,

1848 5306 1917 5346 ne
1940 5290 2239 5345 indistincti
2271 5291 2480 5345 itineris
2514 5281 2788 5339 tramitem
2815 5282 3122 5336 inordinata
3151 5275 3445 5347 prolixitas

1848 5380 2084 5437 emceret
2106 5380 2462 5447 fastidiosum,
2489 5386 2590 5428 nec
2607 5368 2764 5421 libuit
2786 5372 2946 5426 nobis
2966 5373 3225 5440 quiddam
3243 5361 3448 5419 afferre

1851 5474 2269 5544 incompositum
2295 5470 2382 5523 vel
2411 5464 2751 5529 indigestum,
2787 5474 2858 5513 ne
2903 5462 3101 5529 operis
3131 5449 3451 5544 inordinata

1854 5535 2135 5635 congeries
2176 5557 2379 5614 lectori
2406 5547 2712 5623 perturbata
2743 5547 3137 5609 vociferatione
3179 5535 3457 5599 rusticum

2876 5638 2951 5697 3’4
