4026 6156
616 284 751 339 1067

1485 280 1546 333 Β.
1583 279 1834 336 CAROLI
1873 276 2087 333 MAGNI
2125 273 2277 331 OPP.
2318 276 2497 334 PARS
2536 280 2599 335 11.
2641 281 2884 340 SECTIO
2918 283 2984 339 Il.

3728 285 3859 342 i068

612 395 897 465 quemdam
924 393 1189 462 praeberet
1218 392 1506 448 tumultum
1531 409 1544 445 :
1582 392 1709 461 quia
1733 398 1788 446 et
1823 390 1926 444 iter
1956 402 2185 458 carpen-
2210 390 2263 447 Δ
2290 401 2480 445 sanum
2521 393 2866 464 sobriumque
2903 394 3229 451 intellectum
3258 397 3459 453 habent
3483 398 3549 453 de
3575 394 3863 468 imaginum

612 492 696 541 tes
719 484 974 555 congruis
1005 483 1324 553 quibusdam
1364 484 1697 553 temporibus
1724 479 1944 551 spatiari
1969 493 2079 535 non
2107 493 2192 533 re-

608 580 802 641 nuunt,
849 581 905 630 et
951 589 1221 645 agrorum,
1251 573 1531 629 vinearum
1566 574 1652 630 vel
1697 573 1862 628 etiam
1908 572 2188 627 hortorum

610 663 845 720 cultores
866 680 965 735 per
991 665 1254 735 quasdam
1278 678 1589 733 camporum
1630 660 2077 731 iutercapedines,
2105 656 2190 713 vel

610 755 774 810 etiam
800 770 898 827 per
920 770 1175 826 agrorum
1193 756 1556 812 dimensiones
1575 754 1775 810 limites
1800 760 2038 808 statuere
2057 765 2189 806 con-

612 851 921 899 διιενεηιιιι.

1118 912 1345 969 CAPUT
1383 912 1673 969 PRIMUM.

613 1002 763 1071 Quod
803 1020 907 1059 non
943 1013 1155 1075 propter
1195 1020 1281 1058 eos
1330 1005 1581 1075 scriptum
1607 1005 1674 1058 sit
1697 1003 1789 1075 qui
1813 1002 2065 1075 imagines
2093 1001 2191 1054 ad-

676 1089 829 1127 orare
854 1070 1205 1139 coriteninunt,
1235 1075 1369 1127 sicut
1398 1070 1477 1126 illi
1502 1074 1683 1127 dicunt
1702 1070 1792 1139 qui
1818 1087 1907 1125 eas
1942 1070 2186 1139 adorant,

673 1144 814 1212 quod
839 1144 896 1196 in
923 1140 1124 1212 psalmo
1149 1142 1359 1212 legitur,
1386 1140 1596 1208 Quanta
1624 1138 1947 1212 malignatus
1972 1147 2056 1194 est
2085 1138 2189 1192 ini-

676 1212 851 1268 micus
878 1213 935 1267 in
963 1212 1168 1266 sanctis
1193 1213 1319 1266 tuis.

674 1302 774 1358 Est
791 1316 1007 1372 quoque
1030 1310 1084 1355 et
1109 1301 1240 1357 illud
1266 1290 1691 1357 non’mediocris
1715 1299 1937 1356 insania:
1959 1297 2104 1368 quod
2123 1310 2187 1352 ea

603 1407 726 1461 quae
754 1392 820 1447 de
842 1392 927 1446 his
955 1390 1113 1462 longe.
1135 1399 1262 1446 ante
1294 1391 1587 1460 praedicata
1608 1398 1733 1445 sunt
1765 1389 1857 1459 qui
1885 1389 2077 1444 urbem
2099 1385 2189 1441 Je-

602 1482 837 1538 rusalem
858 1490 1168 1538 everterunt
1205 1493 1262 1538 et
1292 1482 1549 1552 templum
1573 1481 1786 1537 Domini
1812 1479 2184 1543 incenderunt,

601 1572 692 1628 isti
725 1572 792 1628 de
815 1572 921 1627 illis
956 1571 1257 1640 intelligunt
1283 1573 1376 1641 qui
1399 1572 1660 1642 imagines
1692 1571 1917 1625 adorare
1944 1576 2187 1623 contem-

600 1668 736 1718 nunt
767 1677 781 1715 :
812 1661 1116 1731 praesertim
1153 1676 1279 1715 cum
1322 1660 1469 1715 aliud
1504 1669 1560 1714 et
1599 1658 1756 1729 longe
1803 1657 1948 1712 aliud
1980 1656 2070 1720 sit,
2119 1656 2185 1710 de

600 1752 802 1822 templo
827 1766 977 1806 mare
1003 1764 1213 1806 aeneum
1240 1757 1295 1805 et
1324 1750 1458 1806 duos
1491 1750 1770 1805 cherubim
1796 1755 1853 1803 et
1876 1760 2002 1806 vasa
2025 1752 2185 1801 ωειδ-

598 1854 767 1909 raque
799 1846 1117 1895 ornamenta
1141 1837 1348 1903 tollere,
1371 1845 1427 1892 et
1455 1836 1600 1893 aliud
1626 1834 1960 1890 manufactas
1988 1831 2181 1900 imagi-

599 1945 697 1986 nes
736 1946 846 1986 non
890 1930 1157 1996 adorare;
1193 1930 1342 1985 aliud
1384 1928 1705 1985 urbicremis
1747 1927 1960 1998 ignibus
2000 1922 2183 1992 templi

598 2021 1050 2091 pulchritudinem
1075 2022 1405 2091 mancipare,
1433 2020 1579 2076 aliud
1599 2019 1891 2090 imaginum
1913 2015 2184 2073 adoratio-

599 2126 724 2167 nem
756 2111 960 2177 vitare;
1002 2110 1149 2165 aliud
1192 2109 1484 2165 crudeliter
1531 2118 1721 2163 sancta
1754 2113 2063 2161 sanctorum
2088 2101 2185 2156 'di-

598 2216 778 2266 ruere,
803 2200 949 2256 aliud
986 2201 1282 2270 prudenter
1306 2199 1533 2270 picturis
1566 2198 1700 2254 colla
1730 2195 2011 2252 deﬂectere
2037 2191 2181 2247 inhi-

598 2293 747 2349 bere.
778 2291 1020 2362 Denique
1044 2291 1292 2361 quisquis
1318 2303 1478 2345 nosse
1503 2288 1651 2357 cupit
1688 2287 1754 2342 de
1774 2300 1882 2354 quo
1897 2282 2182 2339 Psalmista

598 2383 836 2439 dixerit:
874 2381 1087 2449 Quanta
1119 2380 1440 2451 malignatus
1477 2387 1553 2433 est
1598 2376 1844 2430 inimicus
1887 2375 1943 2427 in
1985 2374 2181 2428 sanctis

596 2475 701 2528 tuis
730 2473 905 2545 (Psal.
930 2471 1122 2543 vau),
1152 2487 1260 2527 non
1281 2470 1457 2526 solum
1479 2469 1604 2525 libri
1634 2469 1843 2538 Regum
1865 2466 2108 2522 historiis
2129 2473 2184 2521 et

598 2564 964 2619 Romanorum
986 2562 1156 2633 gestis
1177 2561 1518 2630 perdocetur,
1537 2576 1659 2633 quae
1676 2559 2011 2629 prteteritum
2032 2558 2185 2613 urbis

596 2648 896 2709 Jesusalem
939 2659 995 2706 et
1042 2651 1226 2721 templi
1277 2650 1548 2707 excidium
1594 2657 1836 2717 narrant,
1878 2649 1974 2705 sed
2017 2648 2182 2704 etiam

596 2742 767 2812 ipsius
792 2741 961 2796 David
1003 2740 1205 2812 egregii
1250 2741 1529 2810 prophetae
1577 2738 1833 2795 vaticinio
1875 2738 2181 2803 instruitur,

594 2832 690 2904 qui
732 2832 941 2887 futuras
981 2831 1163 2888 clades
1198 2830 1437 2900 praefatae
1466 2830 1617 2887 urbis
1640 2838 1696 2886 et
1722 2831 2060 2885 eversionem
2101 2844 2186 2885 sa-

595 2920 885 2977 cratissimi
929 2920 1074 2975 illius
1112 2919 1296 2990 templi
1326 2934 1423 2990 per
1471 2920 1708 2984 schema,
1737 2919 1880 2990 quod
1920 2918 2186 2989 prolepsis

593 3013 813 3078 dicitur,
858 3009 1039 3066 futura
1084 3010 1237 3089 quasi
1284 3012 1556 3080 praaterita
1597 3004 1901 3066 ’modulavit
1949 3010 2181 3065 dicens:

594 3104 757 3169 Deus,
780 3112 1026 3158 venerunt
1048 3112 1221 3174 gentes
1241 3103 1296 3157 in
1318 3103 1674 3157 htereditatcm
1694 3110 1859 3165 tuam,
1886 3100 2185 3171 polluerunt

594 3194 840 3264 templum
874 3205 1112 3247 sanctum
1159 3203 1328 3258 tuum,
1378 3202 1659 3264 posuerunt
1704 3190 1999 3246 Jerusalem
2049 3188 2184 3244 velut

594 3293 867 3352 pomorum
906 3284 1192 3349 custodias,
1218 3291 1273 3337 et
1319 3292 1514 3338 cmtera
1561 3280 1745 3351 (Psal.
1778 3280 2004 3351 LXXIX);
2038 3285 2093 3336 et
2130 3280 2183 3334 in

593 3373 820 3443 psalmo,
849 3372 1002 3442 cujus
1046 3375 1136 3429 hic
1173 3374 1472 3429 versiculus
1511 3382 1614 3438 est,
1646 3377 1711 3429 de
1737 3389 1845 3444 quo
1881 3388 2025 3428 nunc
2068 3373 2183 3442 agi-

596 3479 735 3528 mus,
760 3464 891 3519 dicit
915 3478 929 3516 :
958 3463 1171 3529 Quanta
1198 3463 1519 3532 malignatus
1547 3472 1624 3516 est
1648 3462 1891 3516 inimicus
1911 3463 1967 3515 in
1988 3462 2184 3514 sanctis

594 3555 719 3617 tuis,
746 3563 795 3606 et
825 3552 1035 3622 gloriati
1073 3561 1193 3604 sunt
1219 3567 1395 3603 onmes
1437 3552 1525 3620 qui
1553 3560 1603 3603 te
1627 3551 1846 3604 oderunt
1873 3565 1891 3602 :
1919 3551 1976 3603 in
2012 3550 2182 3603 medio

595 3643 730 3695 atrio
771 3650 861 3693 tuo
889 3648 1173 3708 posuerunt
1207 3639 1357 3706 signa
1397 3654 1495 3690 sua
1520 3639 1690 3706 signa,
1719 3646 1767 3691 et
1803 3655 1905 3691 non
1936 3654 2185 3707 cognove-

597 3737 719 3781 runt
746 3736 996 3794 tanquam
1018 3725 1073 3776 in
1098 3725 1181 3776 via
1202 3739 1357 3792 super
1387 3739 1668 3789 summum,
1692 3732 1941 3794 tanquam
1963 3725 2018 3777 in
2037 3724 2183 3795 sylva

595 3816 860 3885 lignorum
893 3813 1161 3867 securibus
1184 3812 1488 3867 exciderunt
1499 3813 1700 3883 januas
1733 3815 1868 3885 ejus,
1894 3815 2108 3884 bipenne
2133 3826 2184 3870 et

597 3905 743 3960 ascia
791 3903 1086 3975 dejccerunt
1132 3920 1232 3968 ea;
1274 3903 1614 3958 incenderunt
1663 3904 1771 3974 igni
1822 3905 2183 3959 sanctuarium

597 4006 768 4061 tuum,
791 3996 849 4065 in
869 4004 1010 4048 terra
1051 3993 1352 4064 polluerunt
1398 3994 1791 4048 tabernaculum
1833 3994 2058 4049 nominis
2106 3997 2184 4050 tui

598 4087 771 4160 (Psal.
796 4085 1022 4158 Lxxm);
1053 4086 1196 4156 quod
1239 4087 1403 4141 etiam
1434 4086 1488 4139 in
1513 4085 1619 4139 alio
1643 4084 1850 4154 psalmo
1875 4087 2186 4157 expressius

598 4176 742 4235 dicto
781 4176 911 4232 dicit
942 4192 955 4228 :
987 4174 1368 4229 Exterminavit
1401 4190 1518 4228 eam
1545 4190 1671 4245 aper
1707 4174 1772 4229 de
1805 4174 1955 4240 silva,
1987 4185 2035 4230 et
2075 4177 2187 4230 sin-

597 4267 798 4340 gularis
826 4268 969 4338 [erus
998 4266 1244 4338 depastus
1272 4274 1346 4321 est
1372 4281 1509 4320 eam.
1540 4264 1647 4321 Sed
1675 4281 1743 4321 ne
1783 4280 1943 4335 quem
1972 4274 2187 4335 moveat

598 4357 742 4427 quod
769 4371 877 4411 non
915 4356 1069 4420 dixit,
1109 4354 1321 4420 Quanta
1362 4354 1634 4425 malignati
1668 4363 1789 4408 sunt
1830 4355 2058 4421 inimici,
2087 4355 2183 4410 sed

600 4448 811 4516 Quanta
841 4446 1160 4516 malignatus
1199 4454 1295 4509 est,
1327 4446 1574 4498 advertat
1603 4445 1704 4499 hoc
1729 4460 1825 4514 per
1844 4445 2068 4516 ﬁguram
2093 4446 2177 4501 lo-

598 4537 831 4593 cutionis
854 4536 1055 4591 dictum
1085 4532 1277 4598 fuisse,
1291 4547 1412 4602 qua:
1432 4532 1679 4603 syllepsis
1701 4545 2059 4605 nuncupatur,
2081 4552 2179 4606 per

599 4640 763 4697 quam
789 4631 845 4677 et
868 4637 970 4692 pro
989 4636 1098 4676 uno
1126 4622 1278 4675 multi
1304 4630 1596 4691 ponuntur,
1628 4631 1689 4677 ut
1709 4624 1765 4678 in
1777 4623 2087 4696 Evangelio,
2107 4625 2177 4680 Et

598 4714 829 4769 latrones
863 4709 954 4781 qui
985 4724 1105 4762 cum
1133 4724 1193 4762 eo
1228 4708 1469 4778 cruciﬁxi
1498 4720 1647 4779 erant
1686 4711 2101 4782 improperabant
2132 4715 2181 4766 ei

601 4802 816 4876 (Matth.
856 4797 1060 4873 xxv“);
1090 4798 1221 4866 sive,
1263 4798 1510 4870 Defuncti
1541 4809 1662 4855 sunt
1695 4802 1831 4855 enim
1860 4802 1949 4872 qui
1985 4815 2182 4872 qurere-

600 4895 725 4949 bant
753 4893 987 4949 animam
1024 4889 1174 4960 pueri
1199 4888 1411 4960 (Matth.
1450 4887 1548 4960 il);
1576 4896 1631 4945 et
1672 4903 1772 4958 pro
1797 4891 1978 4945 multis
2019 4907 2178 4958 unus,

598 4993 660 5040 ut
689 4985 746 5040 in
771 4982 958 5039 Exodo
976 4980 1191 5051 legitur,
1210 4979 1319 5035 Ora
1333 4980 1401 5034 ad
1413 4978 1717 5043 Dominum,
1736 4987 1793 5030 ut
1808 4979 2014 5046 auferat
2037 4996 2069 5032 a
2091 4996 2183 5034 no-

598 5075 679 5129 bis
704 5080 992 5143 serpentem
1025 5071 1214 5142 (Num.
1248 5073 1397 5142 xxi);
1422 5078 1479 5126 et
1516 5069 1571 5124 in
1594 5067 1824 5138 psalmo,
1853 5066 1997 5123 Misit
2026 5072 2081 5125 in
2109 5072 2183 5127 eis

601 5176 839 5218 muscam
867 5160 1108 5214 caninam
1132 5170 1181 5215 et
1202 5159 1421 5214 comedit
1448 5173 1556 5222 eos,
1578 5166 1627 5210 et
1658 5172 1787 5210 rana
1829 5159 2189 5215 exterminavit

603 5269 692 5308 eos
721 5248 895 5324 (Psal.
925 5246 1174 5320 Lxxvm).
1204 5246 1361 5313 Quod
1387 5254 1442 5300 et
1470 5245 1517 5299 si
1545 5246 1666 5315 quis
1685 5248 1977 5303 secundum
2000 5250 2186 5321 mysti-

607 5359 727 5400 cam
740 5340 1149 5410 intelligentiam
1177 5334 1425 5390 subtilius
1449 5343 1741 5401 scrutetur,
1764 5352 1871 5391 non
1892 5339 2185 5409 incongrue

605 5441 850 5492 sanctam
881 5429 1178 5487 Ecclesiam
1201 5427 1444 5482 advertet
1462 5434 1516 5481 et
1538 5428 1895 5498 malignanter
1919 5430 1973 5483 in
1994 5446 2055 5486 ea
2079 5434 2189 5487 haz-

605 5520 806 5575 reticos
826 5517 1117 5587 intelliget,
1141 5515 1235 5586 qui
1256 5528 1379 5569 eam
1406 5529 1618 5585 semper
1641 5515 1825 5585 pravis
1846 5516 2189 5585 dogmatibus

610 5603 866 5662 infestare
902 5602 1180 5673 nituntur;
1212 5610 1595 5676 verumtamen
1623 5616 1654 5659 a
1682 5601 1828 5660 nullo
1869 5621 2057 5664 eorum
2095 5613 2187 5681 qui

2291 479 2660 536 adorationem
2721 485 3188 541 contemnentibus
3248 484 3598 556 intelligetur.
3662 482 3865 551 Quanto

2290 584 2420 640 ergo
2440 571 2515 626 illi
2544 571 2659 626 sani
2690 587 2882 629 sensus
2911 583 3158 645 expertes
3181 584 3322 642 sunt,
3350 576 3444 647 qui
3469 577 3613 631 hunc
3635 577 3866 631 versicu~

2290 659 2399 715 lum
2425 662 2490 716 de
2514 663 2594 717 eis
2610 661 2813 718 dictum
2839 662 3005 719 fuisse
3033 672 3334 731 autumant,
3365 677 3516 720 tanto
3535 666 3793 719 nimirum
3818 665 3866 720 hi

2289 753 2344 806 in
2388 754 2469 807 sui
2514 769 2704 809 sensus
2753 754 2937 824 vigore
2970 765 3292 824 permanent
3334 758 3424 826 qui
3468 756 3743 826 imagines
3771 769 3867 808 non

2289 843 2537 897 adorant.

2903 932 3133 989 CAPUT
3171 934 3233 989 ll.

2291 1012 2443 1086 Quod
2473 1038 2564 1094 nec
2590 1021 2726 1076 illud
2754 1023 2822 1076 ad
2855 1023 2991 1094 hanc
3022 1039 3130 1076 rem
3170 1004 3443 1094 pertineat,
3465 1034 3531 1094 ut
3561 1023 3643 1077 illi
3670 1024 3867 1089 dicunt,

2354 1092 2494 1161 quod
2516 1094 2765 1163 scriptum
2794 1102 2889 1155 est,
2917 1092 3182 1164 Quoniam
3212 1108 3317 1148 non
3352 1104 3437 1149 est
3454 1093 3566 1163 jam
3586 1096 3865 1164 propheta.

2358 1168 2413 1214 et
2435 1176 2534 1215 nos
2565 1176 2671 1216 non
2694 1171 2984 1232 cognoscet
3008 1163 3259 1232 amplius.

2356 1250 2490 1305 Nam
2528 1259 2583 1308 et
2622 1252 2711 1306 hic
2741 1267 2955 1322 quoque
2996 1253 3295 1308 versiculus
3320 1254 3373 1307 in
3415 1252 3657 1323 ejusdem
3686 1254 3868 1326 synodi

2285 1338 2514 1395 lectione
2548 1340 2975 1423 incompetenter
3001 1342 3210 1411 positus
3236 1349 3336 1405 est,
3367 1343 3624 1412 quoniam
3655 1344 3865 1413 quidem

2287 1445 2387 1484 nec
2406 1438 2591 1485 nostra
2618 1447 2721 1486 vox
2755 1432 2953 1502 estqui
2978 1432 3194 1488 Patrem
3219 1432 3275 1487 in
3309 1433 3502 1503 spiritu
3546 1440 3604 1487 et
3645 1434 3872 1489 veritate

2287 1521 2594 1586 adoramus,
2622 1537 2724 1577 nec
2748 1522 2963 1577 illorum
2999 1525 3091 1593 qui
3116 1524 3285 1579 Deum
3328 1522 3553 1593 ejusque
3577 1531 3796 1581 sanctos
3817 1523 3872 1577 in

2288 1610 2615 1681 imaginibus
2644 1613 2871 1667 adorare
2901 1621 3165 1667 conantur
3196 1627 3211 1666 :
3238 1610 3368 1681 quia
3408 1613 3732 1682 prophetam
3758 1627 3873 1667 ma-

2215 1722 2263 1782 B
2288 1715 2452 1769 gnum
2475 1700 2740 1755 habemus
2777 1698 2960 1755 Jesum
2991 1700 3266 1757 Christum
3297 1701 3576 1757 dominum
3604 1712 3872 1771 nostrum,

2288 1791 2355 1846 de
2378 1807 2487 1861 quo
2512 1806 2612 1861 per
2638 1791 2854 1863 Moysen
2880 1793 3079 1849 dicitur
3100 1810 3115 1848 :
3140 1795 3424 1850 Suscitabit
3453 1795 3712 1850 Dominus
3733 1795 3873 1850 Deus

2284 1880 2591 1950 prophetam
2619 1883 2782 1947 vobis,
2814 1882 2985 1952 ipsum
3009 1883 3235 1938 audietis
3265 1882 3445 1954 (Deut.
3476 1898 3632 1948 xvm,
3663 1884 3785 1937 Act.
3813 1897 3873 1937 tu

2285 1980 2332 2023 et
2355 1970 2488 2036 vn);
2517 1987 2677 2041 quem
2704 1972 2868 2028 etiam
2911 1975 3206 2028 secundum
3231 1974 3530 2043 apostolum
3559 1974 3875 2028 advocatum

2285 2060 2536 2115 habemus
2584 2064 2727 2134 apud
2754 2063 2969 2118 Patrem
3010 2063 3074 2135 (Ι
3094 2064 3267 2140 Ιοαηε
3288 2080 3327 2119 ιι
3344 2064 3384 2132 ).
3435 2079 3597 2133 quem
3627 2064 3881 2134 quotidie

2285 2150 2623 2220 spiritalibus
2655 2151 2825 2209 oculis
2870 2155 3161 2217 intuemur,
3202 2161 3258 2207 et
3296 2153 3449 2219 cujus
3482 2154 3761 2209 vaticiniis
3793 2168 3883 2210 se-

2288 2239 2413 2294 dule
2434 2242 2789 2310 perdocemur
2815 2259 2827 2295 :
2852 2242 2944 2295 sed
2963 2239 3269 2294 Judzeorum
3292 2239 3559 2293 excidium
3577 2247 3633 2292 et
3656 2241 3890 2307 disper-
3914 2296 3917 2297 ν

2287 2330 2465 2385 siones
2491 2338 2547 2384 et
2575 2330 2753 2384 clades
2776 2338 2829 2383 et
2857 2335 3054 2382 mortes
3083 2328 3259 2397 gentis
3284 2343 3416 2393 suae,
3436 2342 3537 2382 nec
3560 2343 3667 2382 non
3696 2330 3886 2383 etiam

2284 2420 2640 2490 diruptionem
2671 2418 2872 2486 templi,
2920 2418 3368 2472 caeremoniarum
3418 2417 3805 2483 abolitionem,
3852 2436 3886 2474 a

2283 2507 2559 2579 prophetia
2587 2514 2642 2562 et
2668 2522 2699 2560 a
2720 2507 2814 2578 Dei
2834 2505 3138 2577 cognitione
3163 2505 3529 2560 recessionem
3559 2505 3884 2561 deﬂentium

2281 2607 2337 2652 et
2365 2597 2680 2661 dicentium,
2724 2595 2998 2661 Quoniam
3042 2611 3148 2649 non
3172 2604 3248 2649 est
3266 2595 3388 2665 jam
3418 2595 3668 2665 propheta
3701 2606 3753 2649 et
3786 2614 3883 2653 nos

2282 2704 2388 2742 non
2434 2696 2705 2757 cognoscet
2745 2684 2970 2756 amplius
3024 2683 3207 2753 (Psal.
3239 2683 3467 2754 Lxx1v);
3519 2684 3665 2753 quod
3712 2687 3881 2740 etiam

2282 2793 2381 2847 per
2423 2776 2562 2834 Osee
2614 2777 2933 2847 prophetam
2978 2775 3293 2844 praedictum
3334 2783 3417 2830 est
3454 2774 3546 2842 qui
3582 2775 3704 2828 ait:
3738 2774 3881 2840 Quia

2285 2869 2466 2925 diebus
2516 2868 2696 2922 multis
2744 2867 2991 2921 sedebant
3034 2864 3134 2933 ﬁlii
3180 2864 3349 2919 Israel
3383 2866 3495 2919 sine
3533 2880 3651 2934 rege
3678 2873 3730 2917 et
3771 2866 3883 2920 sine

2286 2959 2539 3029 principe,
2566 2968 2613 3010 et
2641 2958 2753 3011 sine
2774 2955 3035 3024 sacriﬁcio
3060 2964 3108 3009 et
3130 2955 3243 3008 sine
3264 2953 3442 3018 altari,
3474 2964 3521 3007 et
3549 2955 3664 3007 sine
3689 2953 3877 3024 ephad,

2214 3061 2263 3125 ο
2291 3056 2339 3100 et
2360 3049 2474 3101 sine
2492 3048 2753 3116 semp/tim
2776 3046 2931 3116 (Osee
2968 3058 3073 3114 ιιι).
3099 3044 3203 3110 Qui
3227 3046 3391 3099 etiam
3410 3057 3598 3098 eorum
3625 3043 3702 3098 ad
3724 3042 3878 3099 iidem

2287 3134 2695 3191 conversionem
2737 3148 2899 3202 quam
2944 3132 3088 3186 circa
3126 3131 3288 3186 linem
3336 3132 3521 3188 mundi
3547 3131 3671 3191 fore
3711 3132 3879 3188 credi-

2288 3240 2428 3289 mus,
2461 3224 2851 3292 subsequenter
2882 3219 3124 3288 adjunxit
3150 3238 3162 3275 :
3192 3220 3261 3275 Et
3289 3224 3517 3292 posthaec
3556 3232 3878 3277 revertentur

2286 3315 2386 3383 ﬁlii
2409 3312 2577 3387 Israel
2606 3323 2653 3366 et
2677 3320 2907 3381 quarent
2932 3311 3215 3366 Dominum
3239 3310 3409 3367 Deum
3436 3322 3619 3377 suum,
3637 3322 3692 3366 et
3714 3311 3877 3366 Dat-id

2288 3420 2457 3473 regem
2486 3418 2659 3468 suum,
2694 3411 2741 3455 et
2768 3402 3023 3471 pavebunt
3058 3403 3126 3456 ad
3177 3402 3462 3457 Dominum
3488 3412 3536 3456 et
3581 3403 3660 3456 ad
3694 3403 3879 3457 bonum

2286 3496 2400 3564 ejus
2430 3495 2485 3546 in
2522 3492 2801 3547 novissimo
2823 3492 3047 3545 dierum.

2901 3588 3129 3645 CAPUT
3166 3589 3254 3645 ΙΙΙ.

2288 3682 2561 3749 Quomodo
2600 3679 2995 3750 intelligendum
3034 3688 3128 3743 est,
3155 3679 3401 3746 Domine,
3437 3681 3491 3734 in
3518 3680 3751 3735 civitate
3789 3688 3873 3733 tua

2358 3752 2645 3821 imaginem
2682 3749 2895 3821 illorum
2928 3749 2995 3802 ad
3040 3750 3267 3804 nihilum
3299 3752 3550 3821 rediges:
3587 3751 3737 3819 quod
3763 3751 3872 3821 qui-

2313 3842 2321 3849 δ
2356 3819 2491 3875 dem
2508 3819 2794 3890 capitulum
2840 3820 2974 3872 sicut
3000 3828 3047 3872 et
3082 3828 3291 3887 uetera,
3320 3819 3400 3873 illi
3425 3819 3578 3873 aliter
3603 3819 3871 3890 quamdi-

2357 3901 2495 3945 ctum
2520 3887 2593 3943 est
2620 3887 2939 3958 intelligunt.

2356 3981 2562 4037 Civitas
2592 3980 2687 4035 Dei
2733 3979 3031 4049 ﬁguraliter
3074 3980 3129 4034 in
3164 3979 3331 4035 sacris
3376 3980 3574 4036 litteris
3604 3982 3868 4036 interdum

2287 4078 2469 4130 anima
2495 4074 2748 4139 hominis,
2771 4089 2891 4143 qua:
2917 4088 2949 4127 a
2977 4072 3087 4127 Deo
3108 4072 3458 4138 inhabitatur,
3493 4073 3699 4129 dicente
3720 4070 3867 4125 Scri-

2285 4176 2444 4238 ptura
2473 4181 2489 4220 :
2522 4164 2782 4220 Habitabo
2805 4165 2861 4218 in
2885 4165 2980 4229 eis,
3018 4172 3074 4219 et
3099 4163 3314 4229 iterum,
3343 4164 3535 4218 Anima
3552 4162 3683 4233 justi
3714 4159 3861 4215 sedes

2286 4257 2557 4327 sapientia:
2601 4253 2775 4325 (Psal.
2823 4255 2900 4325 v),
2946 4253 3244 4323 accipitur;
3278 4254 3549 4309 interdum
3584 4251 3862 4323 praesentis

2288 4349 2549 4419 temporis
2576 4345 2838 4411 Ecclesia,
2883 4348 3046 4414 quam
3085 4344 3321 4401 ﬂuminis
3344 4346 3577 4415 impetus
3606 4345 3857 4407 lmtiﬂcat,

2284 4446 2340 4493 et
2377 4437 2463 4491 cui
2510 4449 2607 4503 per
2633 4434 2951 4503 prophetam
2991 4434 3188 4490 dicitur
3218 4452 3231 4488 :
3266 4434 3327 4490 Si
3357 4436 3548 4489 oblitus
3590 4436 3738 4504 fuero
3764 4432 3862 4498 tui,

2283 4524 2613 4591 Jerusalem,
2640 4523 3002 4605 «obliviscatur
3063 4540 3145 4578 me
3197 4524 3411 4579 dextera
3468 4540 3584 4579 mea
3652 4525 3671 4592 (
3708 4520 3859 4576 Psal.

2285 4619 2535 4692 cxxxvi);
2560 4618 2875 4687 plerumque
2894 4617 3130 4673 'cmlestis
3150 4617 3467 4681 Jerusalem,
3491 4632 3611 4686 quae
3625 4615 3860 4683 patriar-

2288 4712 2534 4773 charum,
2562 4710 2969 4778 prophetarum,
2997 4709 3701 4778 apostolorum,martyrum,
3723 4715 3858 4756 cou-

2289 4798 2553 4854 l‘essorum
2576 4797 2658 4849 vel
2684 4805 3003 4851 cieterorum
3032 4797 3268 4853 ﬁdelium
3294 4795 3588 4868 agminibus
3611 4799 3863 4847 consim-

2285 4896 2370 4942 cta
2403 4883 2746 4953 intelligitur;
2780 4885 2847 4939 de
2886 4900 2990 4954 qua
3012 4901 3110 4955 per
3148 4887 3464 4957 Apostolum
3486 4884 3699 4946 dicitur,
3728 4880 3864 4947 Quae

2285 4983 2459 5028 autem
2482 4989 2689 5027 sursum
2713 4983 2787 5027 est
2814 4973 3128 5041 Jerusalem,
3156 4977 3321 5032 libera
3341 4986 3437 5042 est,
3460 4990 3576 5046 qua:
3594 4981 3669 5029 est
3698 4979 3866 5025 mater

2286 5064 2518 5118 omnium
2567 5072 2800 5117 nostrum
2851 5064 2994 5136 (Gal.
3032 5068 3140 5137 iv);
3173 5068 3260 5123 cui
3309 5069 3475 5122 etiam
3523 5080 3621 5135 per
3672 5061 3861 5117 Isaiam

2284 5154 2602 5225 prophetam
2625 5169 2656 5207 a
2670 5154 2896 5210 Domino
2909 5156 3210 5225 pollicetur,
3236 5158 3363 5212 Non
3387 5160 3525 5212 enim
3550 5158 3605 5209 in
3626 5167 3863 5209 occasum

2286 5246 2496 5299 tertium
2521 5244 2683 5299 veniet
2711 5243 2811 5311 sol,
2837 5254 2884 5298 et
2911 5244 3038 5299 luna
3062 5247 3154 5300 tibi
3180 5263 3285 5301 non
3307 5247 3511 5316 deﬁciet
3535 5246 3591 5298 in
3618 5253 3864 5298 internum

2290 5346 2488 5406 tempus
2517 5337 2652 5410 (Isa.
2680 5338 2804 5411 1.x);
2829 5353 2990 5408 quam
3011 5339 3172 5394 etiam
3202 5338 3441 5395 Joannes
3469 5339 3523 5393 in
3548 5333 3863 5407 Apocalypsi

2290 5428 2489 5484 vidisse
2509 5444 2567 5483 se
2592 5430 2721 5484 dicit
2750 5430 3160 5485 descendentem
3195 5431 3263 5486 de
3290 5431 3448 5496 coelo,
3476 5436 3729 5484 ornatam
3760 5439 3869 5481 mo-

2292 5518 2489 5575 nilibus
2526 5521 2640 5575 suis
2663 5520 2844 5591 (Apoc.
2872 5521 3022 5590 xxi);
3055 5522 3122 5577 de
3160 5521 3316 5593 cujus
3356 5521 3695 5577 beatitudine
3736 5526 3868 5589 pene

2294 5614 2702 5670 innumerabilia
2746 5624 2991 5683 poterant
3035 5617 3171 5683 dici,
3222 5632 3343 5686 quae
3390 5615 3550 5686 hujus
3590 5611 3874 5673 brevitatis
