4026 6156
182 291 314 346 1069

179 406 316 478 style
337 411 441 458 non
474 401 649 456 valent
677 401 866 469 digeri.
896 400 953 453 In
989 400 1091 453 hac
1120 399 1335 453 civitate
1366 397 1623 464 imagines
1645 397 1744 450 im-
1774 411 1821 464 Α

180 497 385 566 piorum
415 491 483 546 ad
510 489 737 544 nihilum
762 488 1092 557 redigentur,
1115 489 1240 555 quia
1265 485 1476 539 illorum
1501 494 1748 553 aspectus

179 581 371 637 divinis
400 594 505 633 non
531 578 731 648 poterit
771 591 1028 646 apparere
1051 575 1454 644 conspectibus;
1493 577 1586 629 sed
1614 575 1752 629 sicut

173 670 481 741 polluerunt
502 669 555 722 in
578 684 636 722 se
666 669 954 737 imaginem
979 667 1188 721 Domini
1223 667 1278 720 in
1312 666 1591 734 przesentis
1629 667 1750 720 vita:

174 759 462 823 curriculo,
497 758 572 813 ita
602 759 656 812 in
680 759 886 813 caelesti
907 756 1201 819 Jerusalem
1222 755 1432 808 illorum
1460 770 1566 809 non
1590 765 1750 823 appa-

174 850 316 906 rebit
344 851 542 918 imago,
583 848 676 921 qui
707 856 905 903 aeterno
938 846 1154 915 quidem
1183 846 1626 914 mancipabuntur
1669 846 1752 899 in-

173 940 398 1003 cendio;
430 938 498 992 de
531 938 724 1006 quibus
751 937 881 990 alias
917 951 1013 1004 per
1042 935 1376 1004 psalmistam
1419 923 1614 988 dicitur
1640 952 1652 987 :
1683 934 1752 986 Et

169 1030 330 1082 homo
352 1043 469 1081 cum
483 1028 538 1080 in
558 1027 749 1079 honore
769 1035 1016 1078 essetnon
1038 1023 1306 1089 intellexit,
1327 1033 1654 1090 comparatus
1679 1032 1751 1076 est

167 1119 420 1190 jumentis
450 1117 826 1186 insipientibus,
851 1125 898 1169 et
926 1115 1112 1169 similis
1141 1115 1311 1183 factus
1343 1122 1416 1167 est
1443 1113 1547 1165 illis
1575 1112 1747 1184 (Psal.

170 1210 344 1278 χιιι),
372 1209 497 1277 quia
523 1207 766 1261 videlicet
804 1221 926 1261 cum
952 1209 1004 1259 in
1028 1213 1176 1260 tanto
1211 1206 1415 1258 honore
1445 1211 1587 1258 esset
1607 1203 1751 1272 quod

169 1297 234 1350 ad
257 1297 546 1366 imaginem
573 1303 626 1348 et
651 1295 1057 1348 similitudinem
1089 1295 1181 1348 Dei
1216 1294 1460 1348 conditus
1481 1300 1617 1356 erat,
1642 1308 1748 1347 non

168 1385 530 1454 intelligendo,
545 1384 614 1437 ad
636 1393 839 1438 tantam
867 1383 1038 1437 labem
1061 1383 1311 1437 vitiorum
1335 1392 1418 1437 est
1441 1383 1740 1445 devolutus,

167 1482 224 1527 ut
249 1490 354 1528 non
377 1474 647 1528 immerito
667 1473 925 1540 jumentis
953 1471 1412 1526 irrationabilihus
1434 1479 1578 1524 esset
1602 1485 1751 1524 com-

172 1571 410 1631 paratus.
430 1562 511 1616 Ad
529 1562 756 1615 nihilum
781 1577 912 1632 ergo
929 1561 1210 1629 impiorum
1228 1561 1488 1629 imagines
1503 1558 1752 1628 redigun-

167 1662 275 1719 tur,
313 1641 533 1722 quando
564 1668 622 1707 se
655 1655 734 1706 eis
763 1654 878 1720 ipsa
919 1653 1133 1707 Veritas
1159 1653 1482 1706 subtrahens
1524 1652 1590 1707 ab
1634 1651 1748 1720 ejus

990 285 1167 339 LIBRI
1203 279 1544 340 CAROLlNl.
1585 315 1656 324 —
1694 283 1912 342 CAPIT.
1956 285 2267 348 DEJMAG.
2311 322 2378 330 —
2409 285 2539 345 LIB.
2577 283 2647 346 ll.

3293 298 3427 352 l070

2446 403 2672 458 CAPUT
2711 405 2798 459 1V.

1854 492 2123 566 Quomodo
2137 494 2523 566 intelligendum
2543 504 2614 546 est
2627 496 2764 564 quod
2778 495 3206 566 psalmagraphus
3223 505 3425 566 cecinit,

1922 563 2283 619 Misericordia
2304 563 2367 636 et
2384 564 2581 617 veritas
2611 563 2962 636 Obviaverunt
2982 563 3111 631 sibi,
3133 568 3343 636 justitia
3375 563 3428 626 et

1919 646 2021 697 pax
2075 649 2133 685 se
2181 634 2473 708 complexa:
2519 642 2643 708 sunt
2679 634 2847 704 (Psal.
2898 639 3095 708 Lx-xxv)
3126 634 3308 708 {quod
3353 652 3429 694 te-

1919 715 2058 779 mere
2082 702 2461 779 etpdulatorie
2505 719 2538 754 a
2566 702 2788 779 _J-oan_ne
2839 702 3153 779 presbytero
3173 702 3222 762 et
3257 709 3425 779 legato
3457 721 3460 724 ’

1923 765 2267 848 ρηίιςηιᾳιὶιιζζξ
2333 765 2866 848 in__participatione'_
2897 765 3199 830 cencrabilis
3255 765 3426 848 Ap‘apte

1919 835 2140 889 Adriani
2154 849 2198 890 et
2225 835 2751 908 Tarasiipatriarchw
2764 841 2955 895 dicitur
2974 861 3082 897 esse
3094 835 3424 916 completum.

1922 926 2340 981 Misericordiam
2367 935 2421 982 et
2460 930 2741 983 veritatem
2780 931 2883 986 sibi
2920 946 3106 989 mutuo
3155 939 3423 1003 obviasse,

1844 1015 2107 1084 justitiam
2132 1023 2186 1069 et
2221 1031 2408 1084 pacem
2455 1017 2684 1071 invicem
2709 1034 2767 1072 se
2806 1023 3110 1089 complexas
3128 1024 3294 1079 fuisse
3324 1028 3428 1080 Da-

1851 1106 1939 1159 vid
1964 1113 2146 1158 vatum
2185 1104 2638 1159 luculentissimus
2673 1106 2945 1174 eleganter
2969 1110 3253 1165 decantat:
3286 1115 3429 1181 quod

1851 1198 2066 1251 tandem
2103 1203 2316 1251 constat
2337 1211 2455 1249 esse
2479 1196 2802 1265 completum
2821 1238 2834 1260 ,
2879 1213 2998 1252 cum
3027 1211 3148 1268 post
3184 1203 3431 1258 incarna-

1851 1287 2050 1340 tionem
2082 1286 2294 1339 Domini
2335 1287 2439 1341 duo
2465 1286 2807 1340 Testamenta
2832 1287 2887 1341 in
2925 1291 3084 1344 unius
3115 1307 3428 1362 compagem

1852 1373 2204 1442 copulationis
2229 1381 2353 1428 sunt
2386 1374 2631 1430 adducta.
2665 1375 2927 1440 Quoniam
2953 1394 3259 1448 quanquam
3288 1383 3430 1437 inter

1851 1479 1909 1518 se
1944 1465 2152 1519 diversa
2178 1465 2570 1532 quodammodo
2596 1475 2917 1532 cernantur,
2967 1469 3035 1523 ad
3058 1486 3222 1523 unum
3249 1482 3428 1527 tamen

1849 1554 2050 1608 bivium
2075 1554 2127 1608 in
2157 1554 2372 1609 Christo
2398 1557 2488 1624 qui
2509 1565 2592 1610 est
2624 1571 2728 1624 pax
2757 1565 2961 1621 nostra,
3001 1560 3092 1627 qui
3119 1560 3244 1615 fecit
3273 1572 3428 1616 utra-

1852 1659 1956 1712 que
1981 1659 2164 1707 unum,
2191 1645 2477 1698 convenire
2515 1654 2825 1699 noscuntur.
2853 1646 2909 1699 In
2932 1647 3080 1702 Novo
3101 1650 3243 1704 enim
3267 1654 3428 1708 mise-

165 1744 290 1798 luce
332 1745 664 1807 alienantur,
708 1757 810 1796 nec
841 1743 1264 1818 similitudinem.
1287 1742 1464 1796 valent
1496 1742 1742 1800 retinere.
1780 1754 1823 1813 Β
1852 1736 2085 1789 ricordia
2119 1743 2232 1799 est.
2271 1736 2325 1788 in
2367 1750 2470 1803 qua
2499 1750 2598 1803 per
2634 1737 2862 1806 gratiam
2916 1753 3085 1807 genus
3133 1739 3428 1798 humanum

164 1832 326 1900 cuius
355 1832 706 1888 beatitudinis
746 1839 994 1902 expertes
1041 1840 1336 1884 noscuntur
1371 1839 1750 1898 usqueqanue

164 1936 414 1976 manere.
462 1922 688 1989 Propter
729 1920 1028 1975 dolositatis
1066 1921 1246 1988 itaque
1285 1935 1470 1974 eorum
1511 1920 1750 1988 apposita

163 2013 250 2067 eis
286 2012 342 2065 in
375 2011 739 2079 superioribus
783 2011 993 2065 dixerat
1038 2009 1206 2074 mala,
1245 2011 1368 2080 quia
1411 2010 1550 2063 Deus
1585 2010 1752 2079 judea:

160 2100 343 2174 justus
367 2099 536 2153 reddit
572 2100 850 2168 unicuique
877 2099 1161 2154 secundum
1205 2113 1360 2170 opera
1385 2117 1502 2152 sua.
1536 2101 1753 2154 Dixerat

161 2191 334 2247 etiam
359 2205 452 2244 eos
492 2188 747 2257 dejecisse
768 2205 892 2243 cum
926 2189 1307 2253 allevarentur,
1335 2190 1462 2258 quia
1493 2189 1630 2242 Deus
1660 2206 1753 2242 su-

160 2282 336 2352 perbis
365 2282 571 2345 resistit,
612 2279 896 2334 humilibus
930 2289 1102 2333 autem
1137 2280 1228 2334 dat
1257 2281 1500 2350 gratiam.
1534 2280 1754 2333 Dixerat

163 2386 264 2424 eos
320 2371 489 2424 subito
523 2370 768 2437 defecisse
813 2379 860 2422 et
904 2370 1116 2439 periisse
1168 2378 1376 2439 propter
1427 2370 1752 2439 iniquitatem

72 2487 82 2500 -
159 2477 324 2513 suam
352 2458 484 2513 velut
515 2461 771 2512 somnium
802 2461 1140 2529 exsurgentis,
1174 2461 1298 2529 quia
1346 2455 1485 2516 sicut
1531 2461 1753 2529 quihus-

161 2552 293 2606 dam
323 2551 606 2621 praesttgiis
635 2550 940 2605 mortalium
964 2560 1178 2618 pectora
1211 2552 1266 2604 in
1298 2553 1500 2607 somnis
1529 2552 1755 2607 eludun-

160 2647 276 2706 tur,
307 2648 362 2695 et
399 2648 586 2709 optata
628 2655 854 2709 quaeque
880 2640 1056 2694 subito
1083 2656 1140 2694 se
1174 2649 1359 2696 nactos
1378 2641 1542 2696 fuisse
1567 2651 1752 2713 gratu-

161 2727 372 2794 lantur,
419 2744 541 2782 cum
580 2737 671 2782 aut
715 2729 1016 2782 desiderato
1061 2730 1181 2797 quis
1209 2730 1410 2797 potitur
1450 2745 1636 2800 regno,
1663 2739 1756 2785 aut

161 2817 360 2886 cupito
384 2817 700 2871 sublimatur
733 2817 928 2886 aliquis
948 2819 1266 2883 ministerio,
1311 2828 1418 2883 aut,
1444 2831 1754 2890 paupertate

161 2904 383 2976 fugata,
413 2906 605 2974 aliquis
642 2908 818 2964 subito
840 2909 1056 2974 ditatur,
1085 2918 1177 2963 aut
1194 2918 1376 2978 optato
1409 2911 1602 2980 aliquis
1628 2912 1756 2966 frui-

145 2997 257 3052 tur
279 2995 552 3066 conjugio,
586 3007 678 3052 aut
721 2998 914 3054 debilis
942 3001 1136 3070 aliquis
1159 3003 1385 3056 amissos
1415 3011 1566 3057 artus
1589 3019 1645 3058 se
1668 3020 1754 3058 re-

1850 1825 2146 1880 liberatur:
2178 1825 2230 1878 in
2250 1825 2429 1879 Veteri
2463 1827 2790 1890 veritas,.ubi
2813 1827 2945 1898 legis
2973 1837 3026 1882 et
3045 1831 3429 1898 prophetarum

1851 1917 2188 1971 annuntiatio
2215 1916 2537 1971 continetur.
2569 1917 2694 1972 Haec
2730 1929 2910 1972 autem
2939 1920 3044 1975 duo
3088 1921 3189 1975 sibi
3239 1932 3429 1978 mutuo

1850 2007 2096 2060 obviasse
2127 2006 2377 2060 dicuntur
2399 2047 2414 2070 ,
2470 2022 2577 2061 non
2621 2007 2688 2062 ad
2721 2010 3151 2065 contrarietatem
3175 2027 3432 2070 exercen-

1852 2096 1994 2160 dam,
2030 2097 2123 2150 sed
2153 2097 2220 2151 ad
2262 2097 2491 2166 gratiam
2522 2099 2799 2167 promissa:
2827 2100 3174 2168 perfectionis
3207 2101 3432 2171 implen-

1852 2186 2002 2250 dam;
2050 2200 2217 2239 unum
2241 2187 2437 2256 quippe
2465 2196 2674 2242 constat
2695 2188 2895 2243 factum
2933 2189 3077 2258 quod
3099 2193 3432 2261 temporibus

1850 2275 2111 2343 probatur
2131 2290 2251 2331 esse
2279 2276 2509 2331 divisum
2531 2317 2546 2341 ,
2601 2285 2654 2331 et
2691 2287 2752 2332 ut
2789 2293 2956 2348 genus
2986 2280 3161 2348 ipsum
3210 2280 3432 2336 fmderis

1852 2366 2192 2435 hymuidicus
2217 2366 2384 2420 David
2409 2365 2685 2421 evidenter
2731 2370 3073 2437 exprimeret,
3109 2374 3211 2426 hoc
3258 2371 3433 2440 ipsum

1852 2456 2000 2510 varia
2034 2456 2311 2511 nominum
2337 2457 2621 2511 iteratione
2644 2458 2962 2527 geminavit,
2990 2459 3236 2528 amplexu
3288 2460 3434 2516 scili-

1853 2553 1938 2600 cet
1962 2548 2190 2614 quodam
2213 2545 2516 2600 dilectionis
2541 2547 2674 2600 duas
2717 2560 2824 2611 res,
2852 2547 2904 2601 id
2940 2546 3326 2615 est,justitiam
3378 2560 3436 2604 et

1851 2652 2074 2706 pacem,
2113 2638 2168 2690 in
2225 2644 2464 2690 mutuam
2501 2637 2750 2705 protinus
2789 2637 2998 2692 venisse
3047 2640 3429 2708 concordiam;

1852 2728 2250 2799 quemquidem
2275 2729 2601 2783 versiculum
2629 2737 2684 2783 et
2701 2731 2997 2784 secundum
3019 2733 3432 2800 somatopceian,

1852 2821 1906 2876 id
1930 2829 2014 2876 est
2035 2820 2276 2889 corporis
2311 2818 2717 2873 attributionem
2739 2857 2754 2883 ,
2803 2833 2899 2886 per
2954 2833 3114 2884 quem
3149 2820 3436 2876 locutionis

1853 2911 2068 2966 modum
2105 2910 2266 2964 rebus
2310 2909 2644 2978 incorporeis
2675 2923 2902 2977 corpora
2945 2910 3254 2964 tribuuntur
3278 2951 3293 2975 ,
3350 2912 3434 2966 di-

1854 3008 1999 3053 ctum
2021 3013 2140 3054 esse
2165 3006 2398 3062 constat,
2425 3006 2481 3051 et
2513 3013 2609 3066 per
2632 2997 3000 3065 metaphoran,
3041 2998 3092 3052 id
3120 3008 3223 3064 est,
3248 3013 3434 3056 rerum

157 3087 376 3156 cepisse
403 3087 722 3156 gratulatur,
764 3097 856 3142 aut
896 3090 1220 3144 criminosus
1248 3092 1439 3160 aliquis
1470 3093 1752 3148 honorabi-
1779 3091 1823 3151 C
1853 3091 2243 3158 verborumque
2285 3089 2707 3152 ll‘anSlalionem,
2763 3103 2862 3157 P8P
2900 3104 3062 3157 quam
3116 3089 3436 3161 plerumque

160 3179 268 3233 lem
295 3193 360 3232 se
378 3178 593 3247 gaudet,
623 3185 715 3231 aut
739 3179 933 3248 aliquis
955 3180 1204 3249 ignobilis
1231 3182 1483 3246 nobilem,
1509 3191 1600 3235 aut
1622 3183 1754 3238 insi-

159 3268 322 3337 piens
359 3267 656 3333 sapientem
684 3282 741 3321 se
770 3275 939 3336 putat,
966 3275 1020 3321 et
1046 3269 1225 3322 subito
1260 3269 1458 3322 amittit
1501 3271 1757 3340 evigilans

159 3361 307 3427 quod
334 3358 662 3427 acquisierat
681 3359 971 3422 dormiens,
1009 3368 1062 3413 et
1083 3358 1366 3428 patefactis
1402 3373 1460 3414 se
1487 3360 1630 3415 dolet
1651 3377 1756 3416 non

163 3449 351 3503 videre
375 3449 546 3503 oculis
565 3464 684 3516 quae
701 3450 962 3516 gaudebat
982 3451 1163 3505 videre
1176 3451 1410 3505 clausis:
1430 3452 1507 3505 sic
1530 3451 1755 3507 felicitas

160 3538 465 3606 impiorum
491 3537 644 3604 quasi
669 3552 765 3605 per
795 3539 1062 3592 somnium
1099 3540 1492 3606 quodammodo
1523 3541 1751 3606 videtur,

159 3627 298 3693 quia
337 3631 462 3692 post
503 3624 768 3678 modicum
799 3633 1007 3693 tempus
1040 3641 1146 3679 non
1187 3625 1485 3692 videbitur;
1520 3636 1572 3682 et
1613 3629 1753 3682 sicut

157 3714 496 3784 evigilantes
519 3727 584 3766 ea
608 3728 728 3781 qua:
749 3715 922 3768 subito
961 3730 1060 3782 per
1102 3729 1347 3769 somnum
1391 3717 1752 3785 acquisierant

159 3805 427 3874 perdunt,
471 3804 550 3856 sic
577 3803 864 3857 morientes
903 3819 985 3867 ea,
1010 3818 1129 3872 qure
1168 3805 1361 3859 habere
1409 3807 1749 3871 videbantur,

157 3894 476 3946 amittunt:
507 3893 760 3960 quoniam
791 3901 844 3946 et
890 3893 963 3946 illi
1011 3894 1339 3963 przestigiosa
1388 3895 1565 3949 laetitia
1592 3913 1752 3966 quam

158 3988 483 4036 sternentcs
525 3981 668 4034 nacti
719 3991 859 4045 sunt,
909 3983 962 4036 in
1014 3991 1283 4036 momento
1333 3993 1540 4049 carent,
1584 3997 1638 4039 et
1664 3987 1752 4040 isti

162 4086 320 4133 vana,
352 4077 413 4124 et
448 4078 508 4122 ut
540 4070 614 4122 ita
642 4069 888 4135 dixerim,
926 4069 1100 4125 fumea
1126 4073 1307 4126 mundi
1347 4072 1538 4141 gaudia
1565 4074 1654 4126 diu
1675 4083 1754 4128 te-

163 4177 292 4216 nere
332 4177 448 4216 non
494 4160 694 4214 valent.
727 4161 806 4215 0b
844 4176 1070 4230 quorum
1112 4163 1415 4231 impietates
1444 4179 1595 4230 quas:
1623 4179 1754 4232 qua-

159 4251 284 4305 dam
328 4251 625 4306 severitate
673 4267 935 4306 accensus
979 4255 1239 4322 propheta
1291 4252 1566 4320 subiunxit
1597 4268 1610 4305 :
1647 4254 1750 4306 Do-

158 4344 322 4407 mine,
361 4344 425 4396 in
458 4343 664 4396 civitate
707 4352 799 4396 tua
838 4344 1117 4413 imaginem
1161 4343 1375 4396 illorum
1421 4344 1490 4396 ad
1534 4345 1751 4397 nihilum

1861 3195 1890 3233 a
1920 3181 2079 3234 rebus
2098 3179 2418 3234 animalibus
2439 3180 2506 3233 ad
2544 3180 2822 3245 animales,
2849 3180 2916 3234 ab
2947 3181 3322 3237 inanimalibus
3364 3183 3434 3238 ad
3464 3228 3469 3236 .
3505 3241 3511 3252 ,

1857 3270 2202 3336 inanimales,
2255 3271 2324 3324 ab
2362 3271 2743 3325 inanimalibus
2777 3271 2844 3325 ad
2871 3271 3132 3326 animales
3156 3272 3435 3327 translatio

1855 3362 1944 3428 tit;
1969 3377 2087 3432 qua:
2113 3363 2230 3416 dure
2254 3362 2580 3416 locutionum
2609 3361 2791 3430 figurae
2815 3361 2888 3414 ita
2915 3361 3056 3416 inter
3079 3375 3138 3415 se
3162 3361 3433 3426 differunt,

1854 3453 1994 3522 quod
2007 3470 2111 3507 una
2126 3456 2286 3508 rebus
2299 3453 2628 3520 incorporeis
2641 3468 2888 3522 corpora,
2899 3453 3065 3507 altera
3077 3462 3132 3507 et
3145 3455 3306 3508 rebus
3320 3457 3436 3507 c‘or-

1853 3545 2031 3612 poreis
2045 3545 2283 3598 membra
2315 3551 2369 3598 et
2400 3551 2595 3602 motus,
2614 3543 3018 3610 etineorporeis
3032 3545 3342 3598 etmembra
3377 3554 3436 3599 et.

1856 3641 2033 3687 motus
2044 3642 2097 3686 et
2120 3631 2322 3686 formas
2349 3632 2556 3686 tribuit.
2581 3631 2735 3685 Hunc
2758 3632 2987 3700 denique
3001 3631 3324 3686 versiculum
3357 3640 3436 3687 te-

1855 3726 2085 3780 merarie
2107 3732 2162 3778 et
2192 3723 2487 3778 adulatorie
2512 3721 2748 3778 ‘Joannes
2762 3725 3041 3792 presbyter
3071 3723 3123 3776 in
3144 3723 3436 3792 participa-
3461 3769 3476 3786 ,

1853 3817 1996 3871 tione
2017 3815 2340 3870 venerabilis
2366 3830 2517 3884 papae
2539 3815 2779 3876 Adriani,
2817 3813 3092 3868 etTarasii
3123 3813 3434 3868 Constanti-

1853 3905 2143 3974 nopolitani
2159 3905 2642 3974 episcopiprotulit,
2665 3904 2754 3971 qui
2773 3911 2947 3956 tamen
2969 3903 3252 3971 presbyter
3269 3919 3433 3972 quan-

1853 4011 2014 4065 quam
2045 3996 2308 4063 episcopis
2331 3995 2387 4048 in
2410 3995 2594 4048 eadem
2620 3991 2822 4063 synodo
2870 3991 3227 4045 residentibus
3255 3992 3432 4046 minor
3463 4060 3465 4062 η

1852 4083 2012 4138 fuerit
2031 4084 2253 4147 honore,
2277 4099 2384 4138 non
2412 4089 2588 4136 tamen
2611 4080 2804 4150 legitur
2824 4078 2999 4132 minor
3029 4077 3195 4132 fuisse
3217 4093 3424 4144 errore,

1853 4174 1944 4242 qui
1969 4182 2022 4226 et
2044 4175 2088 4228 si
2124 4173 2498 4241 praecedebant
2525 4185 2646 4223 eum
2670 4169 2866 4237 gradus
2892 4167 3239 4235 sublimitate,
3272 4183 3429 4236 supe-

1851 4264 2110 4318 rabantur
2146 4272 2324 4316 tamen
2356 4263 2424 4314 ab
2467 4275 2532 4314 eo
2563 4258 2876 4327 multiloqua
2907 4257 3273 4326 procacitate;
3322 4272 3424 4314 nec

1854 4355 2096 4422 superari
2110 4353 2282 4424 potuit
2293 4367 2322 4407 a
2339 4350 2573 4420 praelatis
2587 4349 2858 4417 subjectus
2873 4348 3232 4404 intemerariis
3242 4348 3431 4418 loqua-

160 4432 372 4500 rediges
422 4432 590 4497 (Psal.
634 4434 847 4503 Lxxru),
898 4442 958 4488 ut
984 4434 1231 4515 videlicet
1255 4435 1347 4503 qui
1376 4436 1430 4487 in
1458 4449 1514 4488 se
1539 4436 1614 4489 tui
1637 4437 1756 4490 cha-
1782 4430 1835 4491 D
1858 4442 2132 4506 citatihus,
2160 4441 2252 4510 qui
2279 4439 2551 4507 subjectus
2572 4455 2602 4493 a
2626 4438 2860 4508 przelatis
2879 4438 3428 4507 superabaturponti-

161 4523 408 4576 racteris
435 4523 596 4576 decus
621 4524 773 4580 malis
792 4526 1046 4595 operibus
1077 4525 1511 4593 inquinaverunt,
1540 4527 1748 4582 illorum

159 4610 336 4666 facies
360 4612 420 4665 in
449 4619 537 4665 tua
560 4613 771 4668 civitate
793 4631 898 4669 non
922 4615 1222 4678 videantur,
1245 4615 1299 4668 in
1325 4630 1427 4683 qua
1449 4623 1532 4670 est
1550 4626 1748 4671 aeterna

161 4701 432 4766 felicitas,
463 4717 674 4756 summa
709 4703 1016 4770 beatitudo,
1044 4713 1358 4772 perpetuum
1387 4705 1664 4773 gaudium;
1694 4707 1748 4758 in

162 4793 318 4861 cujus
351 4793 571 4861 palatiis
610 4802 801 4862 regnat
846 4810 964 4858 rex,
993 4793 1144 4861 cujus
1172 4795 1320 4863 regni
1344 4809 1449 4848 non
1475 4795 1580 4848 erit
1607 4795 1746 4860 linis,

161 4899 316 4951 cujus
353 4885 609 4939 subsellia
669 4887 1099 4953 patriarcharum
1151 4895 1339 4940 senatu
1388 4887 1746 4956 resplendent,

164 4973 328 5040 cujus
351 4976 499 5028 curia
529 4977 911 5044 prophetarum
936 4977 1120 5030 rutilat
1147 4977 1346 5041 cuneis,
1377 4975 1526 5044 cujus
1553 4978 1751 5032 mmnia

167 5069 478 5130 martyrum
500 5080 786 5120 numerosa
813 5067 1002 5120 militia
1032 5075 1380 5131 exornantur,
1407 5065 1558 5134 cujus
1585 5074 1751 5135 porta:

167 5149 491 5221 apostolicis
512 5155 833 5208 decorentur
880 5157 1139 5218 ccetibus,
1165 5156 1316 5225 cujus
1339 5157 1530 5227 plateze
1556 5158 1751 5211 redun-

168 5245 312 5299 dant
350 5238 606 5313 virgineis
631 5245 827 5308 choris,
875 5244 1026 5314 cujus
1071 5247 1336 5301 domicilia
1385 5247 1748 5302 confessorum

169 5335 343 5404 plena
399 5339 522 5386 sunt
573 5333 881 5401 legionibus,
933 5353 1052 5405 quae
1097 5352 1201 5391 non
1229 5337 1430 5406 indiget
1462 5337 1592 5396 sole,
1624 5335 1749 5404 quia

172 5422 453 5479 Dominus
481 5421 568 5476 lux
595 5419 712 5489 ejus
741 5432 838 5490 est,
859 5440 952 5494 per
979 5425 1129 5496 cujus
1151 5442 1337 5483 omnes
1361 5428 1510 5481 vicos
1531 5425 1755 5480 Alleluia

172 5521 466 5571 cantatur.

1857 4528 2100 4583 ﬁcalibus
2137 4529 2502 4598 dignitatibus.
2527 4527 2628 4594 Qui
2677 4527 2975 4596 praesertim
3009 4525 3202 4595 duplex
3234 4525 3288 4579 in
3331 4526 3434 4581 hac

1856 4625 2007 4685 parte
2025 4618 2263 4672 creditur
2285 4625 2528 4686 patrasse
2565 4617 2854 4686 deliquium
2879 4657 2894 4681 ,
2949 4617 3061 4672 sive
3107 4617 3233 4686 quia
3267 4617 3433 4670 verba

1857 4708 2236 4776 mysteriorum
2251 4707 2462 4760 arcanis
2474 4707 2628 4775 plena
2642 4707 2708 4759 ab
2723 4705 2926 4774 Spiritu
2940 4714 3128 4761 sancto
3147 4705 3353 4773 prolata
3369 4704 3434 4758 ad

1855 4812 1942 4850 res
1969 4797 2230 4850 humanas
2258 4794 2530 4850 inﬂectere
2571 4795 2720 4849 nisus
2751 4795 2820 4849 sit
2865 4795 3234 4864 superstitiosa
3263 4793 3436 4845 inten-

1857 4886 2002 4940 tione
2024 4885 2417 4940 adorandarum
2451 4885 2763 4954 imaginum,
2803 4886 2914 4937 sive
2948 4884 3070 4951 quia
3100 4881 3283 4933 eadem
3313 4893 3436 4946 per—

1856 4990 2010 5029 versa
2038 4973 2334 5027 intentione
2368 4980 2667 5028 excaecatus
2694 4973 2748 5024 in
2780 4969 3102 5025 adulationis
3131 4966 3436 5019 miserabile

1857 5065 2122 5118 corruerit
2153 5063 2380 5116 vitium:
2413 5061 2556 5131 quod
2607 5061 2797 5112 vitium
2857 5055 3177 5110 adulationis
3219 5053 3436 5123 expavit

1856 5155 2239 5223 prophetarum
2269 5153 2357 5206 ille
2397 5151 2763 5206 nobilissimus
2784 5190 2798 5213 ,
2848 5147 2937 5216 qui
2975 5147 3109 5202 dixit
3137 5161 3150 5198 :
3179 5145 3436 5216 Corripiet

1826 5246 1937 5298 'me
1957 5245 2134 5312 justus
2156 5243 2211 5295 in
2237 5239 2591 5296 misericordia
2620 5245 2666 5288 et
2680 5234 2968 5305 increpabit
3000 5249 3100 5296 me,
3145 5232 3316 5285 oleum
3346 5249 3433 5285 au-

1858 5344 1958 5387 tem
2012 5334 2295 5402 peccatoris
2343 5347 2446 5384 non
2485 5323 2774 5390 impinguet
2831 5333 2982 5391 caput
3020 5335 3189 5374 meum
3245 5317 3435 5388 (Psal-

1864 5422 2029 5492 cxu).
2055 5422 2205 5478 Unde
2227 5424 2363 5478 bene
2403 5417 2561 5470 etiam
2587 5415 2640 5458 et
2674 5406 2788 5462 alia
2825 5411 3100 5479 Scriptura
3140 5407 3305 5462 dicit:
3333 5403 3437 5459 Me-

1866 5514 1966 5566 lius
1989 5491 2061 5566 est
2082 5524 2252 5568 autem
2278 5497 2543 5577 objurgari
2570 5510 2600 5543 α
2620 5491 2776 5558 ἑαδεο
2805 5515 2960 5566 Quam
2985 5516 3014 5552 a
3042 5503 3304 5568 peccatore
3333 5493 3436 5548 lau-
