4026 6156
566 332 663 393 ﬁt?
672 332 696 381 1

564 440 683 495 dari
703 454 722 502 ;
764 441 819 490 et
842 434 1036 487 iterum
1064 441 1079 479 :

569 546 655 586 vos
683 497 922 585 mittunt;
954 516 1206 589 quoniam
1229 509 1536 567 adulatores
1557 506 1617 559 ut
1638 502 1863 559 illiciant
1890 497 2140 564 laudant,

568 634 679 674 non
705 621 766 669 ut
793 612 863 667 ad
905 587 1161 664 internata
1190 599 1502 655 felicitatem
1532 598 1843 665 provocem,
1880 603 2001 659 qua;
2025 587 2146 659 qui-

569 708 692 764 dem
716 701 945 759 felicitas
971 695 1116 751 nullo
1149 692 1293 747 bono
1313 688 1536 757 indiget.

1192 798 1419 859 CAPUT
1457 797 1523 854 Ἴ.

572 934 721 1000 Quae
754 943 857 982 non
883 922 952 977 ad
981 917 1341 1000 adorationem
1365 908 1652 1000 imﬂagiuum
1686 903 1968 1000 pertineat,
1982 906 2048 1000 lut
2067 894 2149 950 illi

1176 996 1185 1000 -
1308 991 1363 1000 ηλ
1436 994 1443 1000 ι
1460 994 1521 1000 --ιι
1550 984 1657 1000 ιιιι-
1733 985 1967 1000 Ληιηη-ηιι
2027 980 2147 1000 num

638 969 1279 1064 scriptum
1291 991 1383 1045 est,
1395 969 1659 1064 .E‘xzaltate
1686 969 1969 1064 Dominum
1982 969 2151 1023 Deum

641 1039 999 1128 7.333133;
1022 1039 1245 1128 adorat;
1300 1039 1590 1128 scabellum
1617 1044 1811 1116 pedum
1849 1039 1983 1109 ejus,
2008 1049 2145 1106 quo-

644 1116 788 1194 iiiis}
800 1116 1027 1190 wsai—nctus
1053 1138 1136 1182 est
1163 1121 1335 1195 (Psal.
1358 1116 1566 1187 xcnx).

644 1269 756 1325 lloc
781 1262 1074 1336 psalmistae
1116 1254 1383 1312 versiculo
1432 1264 1588 1305 error
1613 1245 1705 1316 qui
1735 1245 1805 1301 ob
1855 1240 2154 1298 adorandus

574 1360 838 1431 imagines
875 1355 1009 1409 adeo
1050 1352 1106 1406 iu
1144 1343 1496 1418 quorumdam
1539 1338 1848 1410 pectoribus
1896 1332 2149 1395 inolevit,

575 1461 636 1508 ut
660 1425 728 1506 ad
750 1462 872 1503 eum
899 1441 1239 1500 statuendum
1267 1435 1500 1507 synodos
1548 1430 1750 1485 faciant
1773 1467 1787 1492 ,
1837 1433 1891 1481 et
1912 1425 1981 1479 ad
2030 1437 2152 1477 eum

576 1539 925 1597 muniendum
948 1533 1360 1601 .Scripturarum
1404 1531 1711 1579 sanctarum
1762 1516 1864 1573 sibi
1915 1508 2159 1570 testimo—
2236 1542 2251 1553 ς

577 1635 666 1688 nia
690 1641 954 1698 usurpare
1010 1619 1355 1681 contendant,
1380 1613 1520 1669 tueri
1558 1627 1617 1667 se
1640 1623 1797 1680 posse
1818 1605 2010 1671 credit,
2034 1616 2158 1657 cum

576 1696 871 1780 scabellum
924 1716 1123 1788 pedum
1170 1707 1383 1765 Domini
1433 1701 1766 1759 adorandum
1818 1697 1995 1762 audit;
2053 1696 2158 1749 hac

578 1814 786 1873 casside
834 1786 1041 1878 apicem
1091 1800 1334 1871 corporis
1377 1796 1641 1852 munitam
1682 1791 1882 1846 habere
1927 1786 2158 1841 arbitra-

579 1920 687 1973 tur,
720 1919 787 1959 nc
817 1899 1028 1957 corusci
1051 1895 1194 1951 ensis
1232 1891 1491 1948 illisiones
1512 1883 1838 1957 persentiat;
1865 1880 1968 1934 hac
1993 1878 2159 1933 lorica

580 1968 835 2052 caeterum
856 2001 1053 2059 corpus
1078 1983 1347 2040 munitum
1366 1978 1564 2034 habere
1585 1990 1642 2030 se
1660 1972 1829 2043 putat,
1853 1984 1922 2024 ne
1931 1968 2161 2038 pilorum

584 2084 782 2140 ictibus
810 2094 923 2135 suae
936 2056 1243 2132 stabilitatis
1269 2067 1540 2138 iacturam
1567 2064 1834 2125 incurrat;
1866 2056 2164 2125 hocclypeo

585 2173 808 2228 tutelam
832 2169 892 2225 'se
916 2166 1133 2222 motum
1161 2174 1282 2217 esse
1305 2158 1496 2221 credit,
1531 2170 1628 2226 per
1650 2166 1814 2222 quam
1838 2145 2168 2218 spiculorum

588 2262 871 2319 missilium
895 2259 1107 2313 volatus
1134 2252 1417 2330 vulniﬁcos
1444 2262 1552 2304 non
1584 2244 1945 2316 pertimescat,
1978 2236 2073 2292 sed
2095 2236 2168 2290 ita

590 2362 685 2409 aut
717 2347 1089 2408 obcumbendo
1124 2327 1365 2405 fatescet,
1396 2346 1489 2392 aut
1528 2332 1887 2390 delitescendo
1932 2326 2173 2398 aufugiet

591 2445 676 2499 his
700 2438 1086 2498 muniminibus
1120 2431 1472 2502 exspoliatus,
1496 2425 1638 2480 sicut
1683 2423 1769 2477 his
1791 2428 1874 2476 est
1899 2419 2171 2473 incassum

590 2548 645 2592 et
671 2534 933 2590 inutiliter
973 2530 1194 2590 abusus,
1219 2530 1275 2578 et
1306 2528 1513 2575 tantum
1558 2515 1755 2571 sentiet
1778 2507 2034 2582 spiritalis
2062 2506 2174 2576 gla-

589 2627 663 2681 dii
695 2638 791 2695 per
814 2628 1029 2677 sanctos
1050 2617 1196 2670 viros
1220 2612 1353 2668 illati
1386 2600 1621 2681 rigorem
1648 2644 1662 2670 ,
1711 2593 1781 2657 ut
1811 2614 1911 2655 nec
1959 2605 2175 2651 tenuem

592 2685 808 2785 quidem
850 2696 953 2767 sibi
978 2698 1162 2764 credat
1199 2704 1377 2785 inesse
1426 2700 1687 2770 vigorem.
1744 2687 1996 2759 Nunquid
2051 2685 2177 2754 quia

593 2780 885 2859 scabellum
930 2799 1125 2870 pedum
1156 2780 1377 2850 Domini.
1413 2787 1628 2845 adorari
1668 2782 1978 2855 praecipitur
2004 2793 2035 2832 a
2055 2791 2181 2846 pro-

594 2898 776 2968 pbeta,
793 2886 913 2947 ideo
926 2866 1031 2945 erit
1051 2885 1341 2956 imaginum
1360 2878 1603 2936 adoratio
1616 2869 1931 2930 statuenda?
1952 2866 2082 2933 Qua:
2099 2871 2184 2918 est

597 2956 725 3061 ergo
744 2983 1037 3044 similitudo
1060 2977 1278 3036 scabelli
1292 2973 1489 3045 pedum
1513 2966 1727 3024 Domini
1749 2972 1804 3019 et
1824 2956 2209 3017 materialium.

598 3076 924 3151 imaginum?
940 3081 1034 3128 aut
1053 3086 1171 3140 quae
1193 3060 1607 3124 communicatio
1624 3047 2073 3112 inenarrabilibus
2084 3042 2181 3097 Dei
2211 3069 2255 3130 Ο

600 3133 854 3243 opei'ibus
890 3171 945 3219 et
973 3133 1296 3231 imaginibus
1331 3171 1360 3209 a
1391 3149 1719 3223 quibuslibet
1743 3138 1971 3198 conditis
2014 3133 2179 3189 artiﬁ-

603 3234 784 3322 cibus?
814 3266 907 3316 aut
929 3269 1049 3327 quae
1081 3251 1310 3307 societas
1338 3256 1448 3301 tam
1483 3236 1764 3299 excellenti
1801 3243 2018 3299 tamque
2043 3234 2204 3295 prae—‘

605 3359 753 3415 claro
778 3332 1040 3424 mysterio
1061 3353 1118 3401 et
1138 3342 1324 3415 ﬁguris
1367 3334 1657 3393 insensatis
1682 3331 1918 3385 humano
1959 3317 2185 3393 patratis

604 3410 855 3519 ingenio'l
884 3447 978 3496 aut
1007 3435 1099 3492 ubi
1138 3410 1442 3487 institutum
1476 3432 1558 3480 est
1584 3430 1646 3476 ut
1674 3416 1934 3485 imagines
1958 3410 2187 3465 adoren-

607 3496 713 3602 “1:,
745 3537 885 3591 sicut
931 3527 1235 3584 institutum
1259 3527 1322 3575 ut
1374 3513 1667 3571 scabellum
1722 3506 1917 3576 pedum
1972 3496 2184 3553 Domini

608 3585 896 3684 adoretur?
934 3619 1051 3673 Non
1099 3613 1242 3667 enim
1292 3608 1368 3660 ait
1417 3600 1617 3657 David:
1646 3598 1881 3651 Adorate
1926 3585 2190 3651 imagines

615 3694 969 3790 quorumdam
992 3709 1321 3759 sanctorum,
1350 3694 1491 3748 sicut
1515 3689 1610 3751 ait,
1635 3685 1862 3738 Adorate
1908 3672 2194 3731 scabellum

610 3772 798 3881 pedum
824 3781 1068 3857 Domini;
1096 3788 1190 3844 sed
1206 3801 1306 3840 nec
1317 3780 1573 3838 Dominus
1593 3776 1669 3830 ait
1692 3791 1704 3827 :
1738 3772 1914 3841 Opera
1936 3779 2193 3821 manuum

1403 3872 1414 3881 '
1549 3868 1559 3879 ⁸
1646 3880 1649 3881 ν
1697 3870 1865 3881 edn-ﬂ
1899 3853 2192 3881 --.Αιδης-ν.-

613 3853 891 3955 hominum
916 3886 1071 3943 sedes
1092 3894 1212 3936 mea
1230 3882 1375 3940 sunt,
1403 3868 1663 3939 imagines
1690 3870 1871 3918 autem
1897 3853 2196 3913 scabellum

613 3987 807 4062 pedum
830 3990 1049 4041 eorum;
1093 3971 1189 4028 sed
1226 3953 1337 4022 aiti
1375 3960 1571 4018 Culum
1599 3956 1728 4012 mihi
1755 3952 1901 4008 sedes
1928 3942 2024 4011 est,
2055 3954 2197 3998 terra

1208 4060 1214 4062 ‘
1598 4047 1645 4062 ’π
1762 4060 1769 4062 .
1798 4057 1882 4062 --__
1945 4034 2023 4062 1-.
2075 4034 2172 4062 .,..\

616 4034 789 4133 autem
815 4034 1097 4127 scabellum
1120 4060 1309 4133 pedum
1330 4066 1563 4109 meorum
1592 4047 1728 4121 (Ita.
1760 4057 1905 4107 vai,
1928 4034 2045 4093 Act.
2075 4034 2195 4104 vn).

618 4168 758 4228 Audi
782 4165 944 4236 igitur
964 4130 1366 4214 dementissime
1416 4143 1495 4198 vel
1541 4140 1720 4211 potius
1744 4130 2088 4219 insanissime
2116 4140 2231 4179 er-l

620 4268 729 4322 rer,
760 4214 883 4310 aridi
903 4240 1338 4316 incomparabilis
1381 4231 1650 4291 dementia
1674 4270 1689 4295 ,
1750 4214 1874 4280 audi
1903 4216 2205 4276 'ridi'culosa

621 4306 895 4417 segnities,
924 4339 1048 4394 audi
1083 4306 1307 4390 beatum
1348 4322 1693 4405 Ambrosium
1744 4317 2027 4398 docentem
2075 4306 2207 4377 quid

1049 4424 1246 4495 pedum
1273 4404 1508 4477 Domini,
1537 4418 1630 4465 aut
1651 4402 1922 4475 qudmodo
1972 4392 2205 4453 adoran-
2240 4417 2286 4476 Ι)

769 4524 859 4579 sit.
886 4519 977 4573 Ait
1000 4489 1144 4571 enim
1169 4526 1183 4564 :
1212 4528 1230 4559 ι
1260 4506 1634 4561 Adoraverunt
1653 4491 1879 4565 apostoli
1895 4489 2206 4549 Dominum,

630 4617 755 4688 quia
786 4608 1095 4669 detulerunt
1123 4599 1245 4656 ﬁdei
1281 4584 1683 4651 testimonium,
1735 4589 2061 4652 acceperunt
2090 4575 2214 4633 ﬁdei

633 4668 1025 4773 magisterium;
1042 4690 1398 4747 adoraverunt
1411 4690 1463 4735 et
1474 4677 1649 4749 angeli
1672 4676 1737 4731 de
1748 4673 1943 4743 quibus
1955 4668 2215 4736 scriptum

634 4766 757 4852 estV:
787 4790 855 4845 Et
872 4786 1086 4842 adorent
1101 4796 1218 4836 eum
1234 4792 1409 4832 omnes
1422 4771 1592 4844 angeli
1625 4771 1758 4840 ejus.
1777 4766 2015 4822 Adorant
2037 4768 2216 4816 autem

637 4884 744 4945 non
784 4882 958 4941 solum
1005 4874 1339 4933 divinitatem
1391 4865 1534 4936 ejus,
1567 4862 1661 4919 sed
1708 4860 1877 4916 etiam
1922 4852 2217 4911 scabellum

638 4978 836 5050 pedum
862 4969 998 5040 ejus,
1030 4962 1284 5036 quoniam
1328 4965 1544 5013 sanctus
1577 4960 1678 5009 est.
1714 4971 1732 5002 ι
1769 4950 1837 5005 Ει.
1858 4953 1981 5017 post
2006 4956 2215 5012 pauca:

646 5034 787 5126 neSed
806 5079 874 5121 ne
890 5034 1031 5116 lorte
1047 5034 1386 5129 propositum
1410 5050 1620 5118 aliquos
1639 5038 2025 5114 printerfugere
2046 5034 2225 5087 videa-

644 5169 732 5214 tur
777 5142 1101 5220 exemplum,
1129 5160 1234 5215 qua
1272 5141 1477 5197 ratione
1505 5136 1572 5191 ad
1619 5124 2010 5187 incarnationis
2044 5120 2223 5176 Domi-

644 5251 785 5307 nicze
814 5248 1210 5301 sacramentum
1254 5241 1497 5304 spectare
1540 5224 1805 5285 videatur,
1836 5217 1981 5301 quod
2010 5214 2085 5269 ait
2104 5227 2228 5283 pro-

854 5335 921 5390 Et
956 5333 1171 5387 adorate
1206 5300 1487 5380 scabellum
1515 5314 1703 5385 pedum
1746 5300 2225 5378 ejus,considere-

646 5400 792 5491 inus.
812 5426 948 5484 ‘Non
970 5424 1114 5497 enim
1135 5434 1204 5473 ex
1230 5429 1335 5469 usu
1377 5404 1655 5465 hominum
1680 5402 1948 5458 aestimare
1974 5400 2231 5455 debemus

654 5506 979 5597 scabellum;
1008 5488 1182 5580 neque
1201 5506 1343 5562 enim
1370 5492 1668 5568 corporalis
1688 5482 1850 5558 Deus,
1877 5499 1970 5546 aut
1997 5494 2104 5546 non
2129 5486 2232 5541 im-

659 5592 901 5670 mensus,
919 5579 987 5660 ut
1009 5579 1262 5671 tanquam
1294 5596 1524 5653 fulcrum
1551 5587 1779 5661 pedibus
1808 5585 1922 5655 ejus
1942 5579 2234 5639 scabellum

663 5693 962 5756 mbiectum
1018 5698 1296 5758 putemus;
1346 5698 1515 5755 neque
1559 5697 1584 5737 ι
1606 5676 1891 5737 iurandum
1943 5671 2234 5743 quidquam

1414 311 1473 363 Β.
1500 306 1763 378 canon
1801 302 2014 358 MAGNI
2050 298 2199 354 ore.

1108 423 1210 491 Qui
1236 438 1320 477 vos
1376 420 1549 488 felices
1570 417 1747 469 dicunt
1773 453 1789 479 ,
1832 428 1887 464 in
1912 424 2137 464 errorem
2168 411 2211 470 Α
2240 410 2433 475 praeter
2458 402 2627 454 Deum
2648 399 2895 469 legimus,
2923 396 3049 466 quia
3078 394 3334 463 scriptum
3389 398 3491 446 est.
3540 387 3826 443 Dominum

2242 293 2419 349 PARS
2456 294 2517 347 ll.
2560 289 2801 347 SECTIO
2837 290 2902 344 ll.
3682 279 3821 332 1072

2244 495 2410 549 Deum
2439 503 2587 546 tuum
2620 489 2894 554 adorabis,
2941 496 2988 542 et
3017 488 3114 559 ipsi
3152 486 3250 541 soli
3279 485 3465 539 servies
3511 480 3694 552 (Deut.
3710 480 3825 551 VI):

2242 585 2511 656 quomodo
2537 597 2667 651 ergo
2699 580 2955 635 adversus
2995 578 3168 646 legem
3185 575 3444 645 propheta
3482 570 3830 643 praeciperet,

2244 676 2344 730 sub
2369 674 2482 743 lege
2506 671 2762 736 nutritus,
2786 676 2844 724 et
2876 668 3121 723 eruditus
3146 667 3203 722 in
3223 665 3369 736 lege?
3396 662 3513 717 Non
3537 660 3834 715 mediocris

2243 763 2409 835 igitur
2433 761 2679 832 quaestio,
2710 768 2765 814 et
2783 759 2903 815 ideo
2931 758 3242 827 diligentius
3267 753 3680 811 consideremus
3692 749 3835 819 quod

2247 852 2319 906 sit
2367 850 2678 907 scabellum.
2728 848 2982 919 Legimus
3031 847 3176 901 enim
3228 844 3396 899 alibi:
3450 839 3656 896 Caelum
3710 840 3836 892 mihi

2248 940 2483 1006 thronus,
2512 949 2653 993 terra
2691 948 2865 993 autem
2896 934 3178 990 scabellum
3199 934 3386 1005 pedum
3415 946 3656 985 meorum
3699 926 3835 999 (Isa.

2249 1037 2417 1103 LXVI).
2449 1030 2554 1086 Sed
2569 1044 2670 1085 nec
2687 1038 2829 1084 terra
2842 1027 3112 1083 adoranda
3130 1026 3305 1090 nobis,
3331 1024 3456 1095 quia
3475 1032 3734 1077 creatura
3762 1026 3841 1073 est

2252 1125 2368 1181 Dei.
2387 1124 2673 1178 Videamus
2688 1129 2865 1176 tamen
2888 1135 2955 1174 an
2983 1130 3180 1174 terram
3194 1116 3495 1172 illamilicat
3505 1112 3842 1167 adorandum

2251 1213 2529 1284 propheta,
2545 1226 2704 1282 quam
2733 1209 2992 1265 Dominus
3018 1206 3175 1262 Jesus
3189 1205 3243 1260 in
3264 1203 3445 1260 carnis
3469 1201 3846 1270 assumptione

2255 1303 2505 1372 suscepit;
2540 1302 2727 1370 Itaque
2750 1313 2849 1368 per
2874 1297 3171 1374 scabellum
3198 1303 3341 1351 terra
3381 1291 3724 1360 intelligitur,
3746 1304 3841 1358 per

2255 1403 2456 1450 terram
2474 1401 2652 1446 autem
2679 1406 2809 1446 caro
2832 1389 3054 1455 Christi,
3080 1402 3242 1457 quam
3266 1382 3613 1455 hodiequqin
3638 1388 3843 1449 myste-

2257 1480 2354 1533 riis
2390 1476 2694 1539 adoramus,
2717 1483 2774 1528 et
2798 1488 2960 1543 quam
2985 1470 3215 1541 apostoli
3243 1469 3298 1523 in
3329 1466 3556 1521 Domino
3576 1462 3740 1527 Iesu,
3787 1468 3846 1515 ut

2259 1584 2421 1639 supra
2444 1567 2698 1629 diximus,
2738 1565 3057 1619 adorarunt.
3085 1561 3269 1629 Neque
3300 1557 3444 1613 enim
3465 1555 3672 1611 divisus
3694 1552 3849 1608 Chri-

2258 1669 2391 1723 stus,
2430 1658 2525 1713 sed
2564 1671 2734 1721 unus;
2779 1669 2953 1723 neque
3001 1667 3124 1707 cum
3150 1649 3405 1705 adoretur
3454 1653 3711 1713 tanquam
3750 1639 3848 1694 Dei

2188 1749 2233 1809 Β
2258 1752 2445 1815 Filius,
2475 1756 2637 1803 natus
2660 1763 2729 1802 ex
2750 1746 2961 1816 virgine
2983 1744 3295 1814 negabatur.
3324 1739 3459 1794 Cum
3478 1737 3645 1804 igitur
3672 1735 3850 1789 incar-

2182 1872 2183 1875 η
2261 1841 2495 1897 nationis
2521 1838 2857 1894 adorandum
2886 1836 2957 1890 sit
2979 1838 3397 1892 sacramentum,
3423 1825 3729 1882 incarnatio
3753 1837 3852 1877 au-

2261 1942 2372 1988 tem
2392 1946 2529 2001 opus
2551 1928 2788 2000 Spiritus
2809 1924 2980 1980 sancti
3006 1922 3093 1986 sit,
3124 1921 3266 1976 sicut
3283 1917 3541 1986 scriptum
3567 1921 3691 1968 est:
3730 1909 3857 1980 Spi—

2266 2028 2397 2080 ritus
2424 1998 2637 2078 sanctus
2690 2017 3009 2090 superveniet
3050 2014 3104 2068 in
3150 2021 3237 2077 te,
3289 2018 3337 2064 et
3378 2008 3540 2063 virtus
3594 1998 3861 2058 Altissimi

2267 2113 2595 2168 obumbrabit
2629 2111 2760 2164 tibi:
2797 2117 2848 2162 et
2887 2104 3024 2177 quod
3052 2109 3293 2156 nascetur
3323 2113 3387 2151 ea:
3429 2104 3478 2147 te
3501 2100 3750 2146 sanctum
3776 2104 3866 2142 vo-

2269 2205 2474 2259 cabitur
2497 2201 2546 2255 F
2548 2202 2672 2255 ilius
2697 2199 2794 2253 Dei
2814 2196 2962 2266 (Luc.
2994 2192 3034 2262 ι)
3059 2210 3072 2243 :
3103 2192 3207 2244 hoc
3228 2188 3385 2241 etiam
3425 2180 3725 2235 scabellum
3767 2191 3871 2246 pe-

2271 2298 2396 2353 dum
2418 2292 2629 2350 Domini
2672 2297 2887 2345 sanctus
2925 2280 3255 2352 Augustinus
3284 2269 3740 2344 diligentissimus
3768 2281 3844 2321 ex

2271 2386 2516 2457 quisitor,
2533 2395 2724 2449 corpus
2752 2374 2981 2438 Domini,
3011 2370 3157 2441 quod
3184 2370 3249 2425 de
3272 2366 3439 2421 Maria
3457 2361 3665 2430 virgine
3706 2372 3872 2413 sum-

2272 2447 2394 2546 psit,
2412 2447 2702 2527 scabellum
2727 2461 3023 2518 divinitatis
3039 2459 3159 2527 ejus
3177 2455 3412 2511 asseruit
3424 2448 3614 2506 sentiri
3632 2447 3870 2511 debere,
3954 2480 3968 2499 .

2274 2539 2492 2635 propter
2512 2565 2765 2613 naturam
2789 2547 3146 2606 humanitatis
3182 2559 3344 2615 quam
3367 2549 3450 2596 est
3476 2539 3737 2608 dignatus
3777 2549 3868 2588 as-

2275 2625 2487 2711 sumere
2509 2665 2524 2702 :
2564 2646 2710 2718 quod
2725 2643 2911 2712 utique
2930 2639 3009 2694 illi
3035 2635 3220 2691 virtuti
3249 2633 3326 2687 sic
3345 2639 3429 2686 est
3453 2625 3764 2695 subjectum
3784 2631 3868 2676 at-

2278 2759 2383 2817 que
2405 2717 2639 2805 unitum,
2666 2745 2729 2793 ut
2750 2739 2957 2791 constet
2979 2730 3034 2784 id
3057 2726 3307 2783 omnibus
3342 2717 3607 2776 creaturis
3637 2729 3765 2770 esse
3784 2728 3871 2768 ex-

2283 2808 2515 2899 celsius,
2568 2831 2709 2887 sicut
2753 2825 2884 2882 dicit
2921 2818 3241 2891 Apostolus:
3276 2811 3429 2879 Quod
3476 2808 3763 2878 inﬁrmum,
3797 2812 3870 2858 est

2284 2928 2403 2991 Dei,
2431 2895 2621 2994 fortius
2643 2926 2715 2974 est
2745 2911 3044 2970 hominibus
3067 2907 3119 2981 (1
3146 2905 3269 2961 Cor.
3298 2903 3361 2973 ι).
3392 2900 3461 2954 Et
3499 2896 3627 2950 alibi
3676 2895 3745 2949 de
3785 2906 3871 2946 eo—

2286 2980 2409 3074 dem
2431 2980 2738 3069 'mediatore
2767 3005 2861 3060 Dei
2887 3010 2942 3058 et
2966 2980 3242 3055 hominum
3256 2991 3472 3048 homine
3498 2984 3721 3041 Christo
3751 2980 3868 3047 Jesu

2285 3100 2573 3171 Apostolus
2594 3096 2723 3152 dicit
2748 3111 2761 3146 :
2792 3092 3015 3160 Propter
3033 3086 3172 3156 quod
3198 3084 3340 3137 Deus
3371 3076 3617 3134 exultavit
3652 3075 3803 3127 illum
3826 3081 3871 3123 et

2278 3192 2487 3249 donavit
2513 3188 2592 3243 illi
2641 3199 2825 3240 nomen
2876 3179 3016 3250 quod
3063 3184 3138 3231 est
3162 3188 3319 3245 super
3360 3186 3514 3235 omne
3557 3181 3786 3229 nomen,
3820 3171 3870 3215 ut

2280 3287 2337 3339 in
2364 3281 2571 3337 nomine
2598 3277 2725 3332 Jesu
2751 3287 2903 3327 omne
2944 3283 3080 3339 genu
3109 3267 3352 3337 ﬂectatur
3382 3259 3699 3321 caelestium,
3723 3265 3873 3309 terre-

2282 3366 2865 3435 striumetinfernorum
2880 3357 3101 3430 (Philip.
3129 3353 3333 3425 u).Per
3358 3352 3552 3422 pedum
3568 3348 3753 3435 igitur
3776 3344 3870 3399 Do-

2284 3459 2417 3517 mini
2447 3447 2902 3525 magniﬁcentiam
2922 3444 2983 3517 in
3018 3443 3123 3498 hoc
3148 3437 3415 3495 versiculo
3439 3433 3724 3499 stabilitas
3745 3429 3890 3486 divin

2288 3547 2492 3612 uitatis,
2515 3520 2636 3615 qua:
2664 3520 2876 3608 semper
2889 3536 2945 3591 in
2967 3541 3172 3589 naturae
3192 3526 3680 3597 suasomnipotenti
3696 3520 3871 3595 gloria,

2289 3609 2552 3709 tanquam
2574 3633 2770 3705 pedum
2796 3627 3063 3684 indefessa
3103 3623 3332 3709 ﬁrmitas
3359 3625 3702 3690 perseverat,
3727 3609 3861 3668 intel-
3886 3654 3889 3657 λ

2290 3705 2491 3802 ﬁgitur.
2523 3727 2756 3782 Possunt
2788 3720 2954 3776 etiam
2974 3705 3315 3785 tropologice
3348 3710 3512 3781 pedes
3536 3705 3756 3762 Domini
3791 3717 3872 3756 ex-

2296 3835 2466 3877 trema
2502 3826 2828 3886 temporum,
2854 3807 3069 3879 quando
3093 3804 3352 3860 Dominus
3381 3798 3664 3856 incarnari
3697 3795 3868 3863 digna-

2297 3923 2384 3969 tus
2405 3918 2508 3975 est,
2535 3879 2836 3976 designari;
2882 3899 3024 3955 unde
3055 3905 3112 3953 et
3155 3894 3391 3950 Joannes
3433 3887 3766 3958 evangelista
3800 3879 3871 3936 di-

2300 4004 2411 4059 cit:
2451 3972 2967 4059 ilioli,vnovissima
3004 3990 3136 4043 hora
3159 3994 3234 4040 est
3259 3983 3309 4055 (Ι
3337 3982 3499 4037 Joan.
3551 3979 3636 4051 ιι).
3687 3972 3870 4031 Paulus

2301 4106 2513 4165 quoque
2533 4086 2806 4160 apostolus
2834 4082 2965 4140 dicit
2990 4098 3004 4135 :
3035 4078 3166 4134 Cum
3217 4075 3436 4130 uenisset
3464 4067 3719 4141 plenitudo
3740 4072 3862 4129 tent-

2303 4149 2507 4258 poruin,
2534 4149 2671 4234 misit
2692 4177 2834 4231 Deus
2854 4170 3056 4231 Filium
3082 4181 3236 4222 suum
3257 4172 3439 4218 natum
3460 4177 3524 4216 ea;
3548 4156 3771 4217 muliere,
3796 4149 3868 4218 {a-

2308 4249 2449 4334 rtum
2482 4279 2575 4331 sub
2606 4272 2714 4342 lege
2733 4266 2932 4341 (Galat.
2962 4262 3064 4333 tv).
3097 4257 3426 4331 ,N'otandum
3454 4268 3585 4310 sane
3628 4249 3744 4320 quia
3773 4256 3885 4297 non.

2310 4370 2481 4426 dixit:
2514 4341 2781 4432 Quoniam
2816 4364 3063 4413 sanctum
3088 4360 3198 4416 est,
3251 4348 3345 4404 sed
3378 4346 3626 4418 quoniam
3656 4341 3869 4405 ,sanctus

2313 4419 2795 4530 esl‘ll’sathcix),
2841 4447 3048 4505 scilicet
3069 4452 3129 4498 ut
3154 4453 3350 4510 corpus
3390 4433 3599 4491 Domini
3627 4446 3658 4484 a
3696 4419 3871 4523 divini-

2314 4511 2553 4605 tate\non
2578 4511 2936 4601 discernatur,
2961 4535 3107 4592 salva
3132 4532 3412 4598 utriusque
3433 4534 3636 4581 naturai
3652 4511 3873 4605 proprie-

2228 4662 2235 4671 ’
2317 4647 2448 4703 tate,
2477 4633 2574 4691 sed
2611 4633 2679 4687 ad
2719 4643 2885 4686 unam
2923 4596 3218 4696 personam
3264 4596 3544 4674 reieratur.
3578 4606 3718 4662 Unde

2317 4686 2665 4796 Evangelium
2694 4735 2709 4774 :
2747 4686 2972 4773 Verbum
2997 4730 3119 4770 caro
3150 4714 3348 4783 factum
3369 4714 3458 4768 est,
3485 4712 3532 4756 et
3553 4689 3786 4796 habitavit
3808 4686 3877 4738 in‘

2320 4780 2685 4883 ἶοιὶὲευυοαη.
2721 4811 2780 4878 ι).
2808 4808 2935 4862 Haec
2957 4806 3024 4861 de
3053 4780 3286 4859 scabello
3308 4797 3498 4870 pedum
3519 4783 3719 4846 Domini
3744 4780 3870 4834 bre-

2319 4908 2460 4961 viter
2485 4882 2820 4973 promulgata
2868 4895 3177 4953 sumciant:
3209 4905 3354 4949 nunc
3400 4886 3469 4943 ad
3495 4890 3681 4940 caetera
3702 4882 3875 4929 trans—

2261 5008 2272 5017 ’
2325 5011 2533 5054 eamus.

2942 5078 3169 5138 CAPUT
3208 5077 3298 5134 Vl.

2331 5224 2482 5292 Quod
2513 5238 2603 5277 nec
2625 5220 2687 5273 de
2715 5236 2774 5297 eo
2797 5202 3083 5297 imaginum
3106 5202 3346 5297 adoratio
3362 5206 3528 5297 astrui
3559 5188 3881 5297 possunt:

2400 5275 2604 5372 putant,
2631 5289 2768 5361 quod
2816 5275 3067 5356 scriptum
3090 5293 3184 5349 est,
3210 5282 3449 5338 Adorate
3492 5275 3747 5330 in'monte
3780 5275 3883 5318 san‘

2402 5372 2491 5419 cto
2518 5376 2653 5430 eius.
3061 5380 3065 5384 ›

2396 5456 2514 5531 Sed
2547 5488 2648 5530 nec
2671 5473 2725 5527 in
2773 5483 2838 5524 eo
2865 5481 3077 5538 quoque
3111 5458 3408 5534 imaginum
3459 5454 3702 5514 adoratio
3741 5435 3883 5501 astfui

2336 5567 2529 5640 potest,
2556 5575 2617 5622 ut
2652 5565 2727 5623 illi
2755 5564 3009 5627 fatentur,
3038 5558 3181 5631 quod
3227 5571 3325 5626 per
3372 5550 3623 5608 eumdem
3672 5542 3884 5640 εωιοιιιιξι

2340 5617 2529 5640 ι-ν“ν-νι
2563 5617 2615 5622 ——
2844 5617 2852 5618 κ
2996 5617 3008 5627 ,
3054 5617 3073 5631 .
3228 5617 3247 5626 ,

2340 5663 2688 5733 prophetam,
2743 5654 2969 5710 Adorate
3012 5653 3067 5706 in
3109 5658 3282 5704 monte
3336 5652 3517 5700 sancto
3569 5640 3683 5711 ejus
3739 5617 3883 5702 (Ρωίσ
