4026 6156
164 248 291 304 Ιοῖὄ

167 378 282 420 tot!
298 360 340 431 ),
369 362 634 418 cantatur,

965 226 1140 284 LIBRI
1174 218 1525 280 CAROLINI.
1558 247 1631 258 —
1667 215 1887 272 CAPIT.
1928 216 2018 270 DE
2054 211 2244 270 IMAG.
2286 239 2355 249 -—
2393 208 2521 262 LIB:
2565 205 2634 258 Il.

675 364 797 407 cum
839 344 1047 400 scilicet
1090 356 1197 396 non
1234 345 1490 401 montem,
1525 331 1620 388 sed
1666 331 1721 384 in
1753 337 1798 393 Α
1823 332 1995 387 versis
2020 336 2277 393 macerat,
2302 324 2552 381 secundis
2577 336 2672 376 eos
2701 320 2882 375 denuo
2906 319 3263 375 diuturnitate
3287 327 3417 373 tem“

3283 202 3415 257 107‘

166 411 342 507 Sidi};
376 411 561 502 sancto
587 411 920 495 adorandum
949 430 1236 487 Dominum
1262 468 1276 491 ,
1329 426 1467 480 idem
1515 429 1734 476 sanctus
1833 423 1980 491 poris
2005 423 2302 490 interrupta
2332 418 2597 477 sublevat,
2621 413 2854 483 qualiter
2879 426 3067 467 eorum
3112 411 3419 467 innocentia

168 540 245 593 vir
274 533 586 591 harmonica
612 525 979 584 modulatione
1008 520 1270 576 decantet.
1302 515 1404 582 Qui
1428 523 1483 568 et
1522 513 1566 567 si
1590 525 1735 566 mon-

164 638 270 683 tem
295 621 629 679 adorandum
655 617 1009 688 praeciperet,
1057 626 1165 665 non
1204 606 1403 663 idcirco
1445 602 1734 672 imaginum

1836 512 2147 567 inconvulsa
2168 514 2510 579 permaneat.

2413 594 2643 652 CAPUT
2703 594 2833 651 VIII.

166 680 423 776 adoratio,
453 710 548 765 sed
569 680 784 763 Domini
804 680 930 757 iesu
954 698 1154 755 Christi
1200 712 1232 751 a
1280 694 1424 749 sanis
1470 689 1740 745 mentibus
1841 687 1994 752 Quod
2047 705 2154 776 non
2196 696 2406 776 prqptﬁr
2435 683 2573 776 Jillos
2617 684 2706 776 qui
2743 680 3425 776 imaginum‘adorqtionem

166 804 579 873 intelligeretur,
611 797 703 866 qui
738 802 820 850 est
852 786 1240 875 mons'cunctis
1279 782 1551 840 montibus
1570 778 1739 834 sublie

168 893 328 957 mior,
346 871 512 957 cuius
538 886 788 942 videlicet
827 871 1051 945 altitudo
1071 885 1128 932 et
1163 875 1334 929 virtus
1359 871 1607 929 omnium
1621 884 1745 922 san-

168 992 396 1046 ctorum,
437 977 805 1034 altitudinibus
841 981 896 1027 et
938 970 1227 1027 virtutibus
1266 966 1497 1029 eminet;
1539 962 1607 1017 de
1639 974 1746 1029 quo

172 1085 268 1140 per
292 1068 483 1123 Isaiam
507 1062 820 1136 praphetam
854 1059 1052 1115 dicitur
1080 1073 1095 1112 :
1127 1057 1194 1110 Et
1237 1057 1336 1110 erit
1373 1055 1428 1107 in
1457 1051 1748 1107 novissimis

171 1139 355 1213 diebus
415 1148 739 1227 praeparatus
794 1166 944 1204 mons
996 1148 1180 1202 domus
1205 1144 1416 1199 Domini
1458 1144 1514 1195 in
1566 1139 1751 1195 vertice

170 1249 445 1310 montium,
475 1255 525 1300 et
560 1243 841 1319 elevabitur
870 1255 1024 1310 super
1061 1237 1238 1302 colles,
1268 1244 1316 1290 et
1345 1237 1505 1305 ﬂuent
1533 1232 1602 1286 ad
1634 1245 1752 1284 eum

172 1352 352 1390 omnes
375 1345 570 1405 gentes,
601 1342 647 1386 et
670 1331 815 1385 ibunt
859 1327 1036 1400 populi
1062 1326 1212 1399 multi
1233 1325 1370 1397 (Isa.
1409 1322 1495 1393 ιι).
1536 1321 1756 1375 Dicatur

173 1441 323 1497 ergo,
349 1424 579 1479 Adorate
628 1422 685 1475 in
724 1428 896 1474 monte
927 1427 1107 1472 sancto
1146 1416 1263 1486 ejus
1301 1412 1491 1486 (Psal.
1545 1408 1710 1479 XCI!)
1737 1446 1754 1472 ,

174 1518 303 1589 quia
332 1516 604 1579 videlicet,
624 1529 732 1569 non
757 1512 845 1567 hic
869 1518 1125 1574 montem,
1151 1508 1246 1567 sed
1285 1509 1340 1562 in
1369 1513 1552 1562 monte
1577 1514 1761 1559 sancto

176 1608 467 1664 Dominum
498 1605 761 1674 propheta
789 1602 1035 1671 praecipit
1076 1600 1324 1663 adorare,
1350 1598 1496 1667 quod
1515 1596 1584 1650 ad
1613 1610 1762 1649 mon-

181 1707 318 1763 tem,
340 1696 474 1751 Sion
500 1694 699 1763 quiest
722 1691 982 1753 Ecclesia,
1012 1688 1204 1743 referri
1222 1702 1385 1756 posse
1409 1701 1514 1741 non
1542 1684 1760 1740 dubium
1795 1679 1836 1737 Β

181 1794 274 1843 est
301 1826 317 1851 ,
364 1800 486 1854 quae
510 1791 594 1838 est
640 1797 796 1837 mons
827 1779 1113 1843 montium,
1139 1786 1194 1831 et
1220 1783 1407 1831 sancta
1429 1781 1761 1847 sanctorum,

183 1878 476 1949 cujusipse
498 1876 770 1930 habitator
794 1882 880 1928 est
906 1871 1173 1927 Christus.
1190 1868 1343 1924 Unde
1362 1869 1498 1923 bene
1523 1873 1767 1922 sanctum

185 1969 481 2027 Dominum
507 1967 562 2020 in
585 1972 770 2020 sancto
791 1970 973 2018 monte
998 1961 1240 2032 praecipit
1256 1960 1607 2023 adorandum,
1631 1973 1766 2026 quo-

184 2061 339 2114 niam
362 2059 501 2115 sicut
524 2057 640 2111 laus
665 2054 780 2124 ejus
804 2069 912 2109 non
935 2053 1185 2118 convenit
1217 2052 1299 2106 ori
1349 2066 1532 2120 pravo,
1562 2050 1641 2103 ita
1671 2064 1771 2104 nec

179 2147 309 2216 ejus
328 2147 551 2202 culturae
580 2146 681 2200 loci
718 2152 898 2214 potest
923 2157 1219 2213 congruere
1246 2140 1541 2209 turpitudo.
1567 2138 1773 2195 Adora—

184 2255 314 2295 iuus
336 2239 500 2309 igitur
538 2238 592 2291 in
633 2244 814 2291 monte
864 2242 1054 2288 sancto
1076 2233 1211 2302 ejus,
1247 2246 1356 2287 non
1392 2230 1652 2299 imagines
1687 2226 1773 2284 vel

182 2329 454 2399 quasdam
482 2324 880 2395 superstitiosas
892 2338 998 2389 res,
1015 2322 1106 2377 sed
1118 2321 1366 2376 eumdem
1382 2320 1665 2373 Dominum
1682 2318 1774 2386 qui

185 2418 343 2473 illius
363 2416 562 2471 montis
582 2422 740 2483 caput
789 2421 891 2477 est,
918 2419 973 2468 et
997 2420 1057 2465 ut
1088 2410 1335 2465 eumdem
1387 2416 1626 2483 montem
1679 2422 1773 2460 ac—

190 2507 458 2578 quireret,
476 2520 584 2560 non
614 2503 786 2558 solum
809 2502 974 2565 nasci,
999 2501 1094 2555 sed
1125 2500 1260 2555 mori
1288 2500 1538 2570 dignatus
1565 2505 1681 2563 est;
1710 2497 1777 2551 de

188 2610 308 2665 quo
334 2610 432 2664 per
454 2593 775 2662 prophetam
819 2590 1050 2644 dicitur:
1075 2588 1308 2642 Adduxit
1345 2604 1431 2641 eos
1455 2588 1512 2641 in
1551 2594 1777 2640 montem

190 2684 631 2754 sanctiﬁcationis
661 2697 772 2736 sum
796 2722 811 2746 ,
849 2688 1074 2734 montem
1127 2681 1262 2733 hunc
1319 2694 1468 2749 quem
1508 2676 1778 2748 acquisivit

102 2828 105 2837 ,
194 2776 423 2829 dextera
443 2774 557 2843 ejus
587 2770 759 2844 (Psal.
790 2770 1048 2841 Lxxvm);
1087 2778 1143 2824 ct
1167 2767 1233 2823 de
1263 2783 1370 2837 quo
1394 2782 1491 2837 per
1511 2766 1779 2836 legislato—

195 2876 325 2917 rem
355 2860 550 2915 dicitur
576 2878 588 2914 :
617 2859 870 2914 Introduc
896 2869 945 2912 et
986 2857 1166 2928 planta
1190 2873 1275 2911 eos
1294 2858 1351 2911 in
1374 2866 1546 2911 monte
1565 2856 1784 2910 heredi-

191 2950 331 3002 tatis
358 2956 484 3013 tua’,
513 2949 568 3001 in
590 2955 888 3018 prceparata
927 2946 1247 3015 kapitatione
1275 2955 1367 2998 tua
1399 2962 1555 3016 quam
1581 2961 1786 3015 prwpa—

192 3040 337 3094 rasti
362 3040 475 3105 tibi,
510 3039 764 3119 Domine;
797 3038 1154 3093 sanctuarium
1180 3046 1347 3103 tuum,
1376 3036 1615 3102 Domine,
1641 3035 1781 3105 quod
1809 3023 1856 3086 C

189 3138 633 3199 prteparaverunt
688 3144 876 3182 manus
914 3137 1039 3191 tute,
1066 3126 1286 3179 Domine
1308 3167 1322 3191 ,
1374 3126 1464 3195 qui
1506 3142 1691 3195 regnas
1732 3126 1788 3178 in

190 3229 465 3277 (sternam
486 3228 533 3274 et
559 3221 615 3274 in
643 3218 894 3276 saxulum
923 3216 1104 3271 διεσαιὶ
1125 3225 1173 3272 et
1196 3216 1369 3270 adhuc
1398 3215 1597 3286 (Exod.
1628 3214 1740 3285 xv).

815 3346 1043 3403 CAPUT
1079 3345 1188 3402 VII.

194 3464 362 3531 Quod
387 3480 513 3529 non,
540 3471 596 3516 ut
618 3461 696 3515 illi
721 3460 1054 3531 gloriantur,
1098 3466 1306 3531 propter
1327 3455 1446 3511 illos
1472 3457 1669 3531 dictum
1718 3467 1791 3511 est

267 3535 375 3655 (ἰῖιέ
410 3527 661 3613 imagines
691 3527 912 3584 adorant
937 3569 952 3594 ,
1000 3527 1261 3595 Quoniam
1300 3543 1406 3581 non
1461 3527 1794 3606 derelinquet

373 3615 553 3654 minus
576 3615 781 3655 vmzam
808 3606 1150 3655 peccatorum
1185 3611 1346 3655 super
1372 3605 1571 3651 sortem
1613 3606 1790 3655 Justu-

373 3605 553 3654 minus
576 3605 781 3669 virgam
808 3606 1163 3669 peccatorum;
1185 3611 1346 3669 super
1363 3605 1571 3669 sortem
1613 3605 1790 3664 justo-

278 3685 436 3734 rum,
471 3677 532 3723 ut
567 3666 990 3723 non'extcndant
1037 3666 1167 3734 justi
1206 3669 1274 3722 ad
1302 3666 1637 3735 iniquitatem
1681 3682 1795 3721 ma-

276 3755 393 3796 nus
419 3754 548 3794 suas
575 3736 748 3809 (Psal.
780 3736 961 3807 cxxv).

274 3854 410 3909 Non
456 3851 761 3906 mirandum
786 3858 871 3905 est
899 3850 943 3905 si
987 3850 1238 3906 fallantur
1281 3852 1336 3906 in
1374 3851 1609 3906 minimis
1633 3892 1648 3916 ,
1700 3852 1790 3920 qui

189 3946 481 4002 falluntur
506 3943 559 3998 in
589 3943 818 4012 magnis,
851 3958 951 3998 nec
978 3944 1035 3998 in
1059 3958 1123 3999 eo
1151 3945 1378 4014 amplius
1405 3945 1618 4001 illorum
1642 3961 1796 4000 error

190 4035 568 4094 admirandus
591 4041 693 4100 est,
716 4035 858 4104 quod
884 4034 1004 4090 ideo
1027 4051 1086 4091 se
1107 4034 1285 4104 justos
1308 4078 1324 4103 ,
1361 4038 1490 4107 quia
1536 4038 1795 4109 imagines

190 4130 460 4192 adorant,
492 4142 615 4181 esse
642 4125 960 4196 gloriantur,
988 4141 1088 4182 nos
1121 4136 1301 4183 autem
1342 4130 1433 4197 qui
1461 4143 1553 4184 eas
1573 4131 1796 4184 adorare

190 4217 630 4281 contemnimus,
669 4225 983 4285 peccatores
1006 4216 1298 4283 fateantur,
1328 4234 1452 4272 cum
1481 4219 1552 4272 ob
1586 4218 1794 4273 illarum

190 4328 451 4368 amorem
479 4322 535 4366 et
550 4311 950 4381 Scripturarum
973 4312 1271 4367 divinarum
1293 4312 1583 4382 puritatem
1596 4313 1795 4369 violare

193 4410 503 4465 conentur,
531 4408 587 4456 et
631 4402 972 4470 potissimum
995 4418 1107 4457 sua:
1129 4403 1253 4457 ﬁdei
1296 4403 1715 4458 emolumentum
1738 4406 1793 4459 in

197 4493 295 4546 his
321 4506 452 4546 esse
482 4492 825 4558 arbitrentur,
847 4502 903 4548 et
930 4508 1025 4548 eos
1047 4496 1140 4562 qui
1166 4494 1362 4562 spretis
1386 4494 1473 4549 his
1506 4496 1618 4550 sive
1636 4504 1794 4551 caete-

196 4583 282 4637 ris
306 4580 691 4651 hujuscemodi
714 4585 1045 4639 vanitatibus
1092 4585 1191 4639 soli
1227 4585 1339 4639 Deo
1361 4586 1601 4639 serviunt
1644 4602 1794 4642 eum-

194 4688 307 4742 que
321 4674 579 4727 colentes
601 4673 848 4738 adorant,
867 4674 1324 4729 anathematizare
1335 4675 1603 4731 obstinata
1618 4688 1794 4733 mente

197 4765 483 4819 nitantur.
511 4764 790 4829 Quomodo
809 4778 942 4834 ergo
968 4762 1127 4832 hujus
1155 4765 1404 4821 versiculi
1431 4772 1609 4823 textus
1633 4808 1647 4833 ,
1687 4784 1793 4824 non

179 4858 271 4910 .ad
310 4853 573 4909 eamdem
597 4868 714 4908 rem
741 4854 1032 4922 pertineat,
1056 4854 1126 4908 ob
1154 4869 1312 4923 quam
1337 4856 1405 4911 ab
1429 4855 1534 4911 illis
1559 4859 1800 4925 prolatus

204 4952 296 4996 est
321 4982 339 5008 ,
384 4943 689 5012 qualiterve
741 4959 929 4999 eorum
977 4944 1154 4998 sensui
1213 4944 1463 4999 reluctari
1508 4948 1758 5001 credatur
1783 4988 1798 5011 ,

206 5034 506 5102 quantisve
542 5035 610 5089 ab
641 5050 829 5090 eorum
866 5035 1173 5104 opinatione
1215 5036 1376 5090 distet
1414 5036 1651 5101 indiciis,
1691 5054 1798 5094 non

205 5120 398 5177 solum
438 5121 764 5190 simplicibus
786 5124 1076 5179 lectoribus
1099 5166 1114 5189 ,
1161 5126 1256 5181 sed
1280 5127 1445 5180 etiam
1473 5128 1651 5182 idiotis
1698 5143 1795 5196 pa-

204 5220 294 5269 tet
317 5229 334 5278 ;
390 5211 589 5281 quippe
611 5217 702 5282 qui
730 5216 1055 5285 postpositis
1080 5218 1432 5287 amigmaticis
1458 5220 1569 5274 sive
1602 5219 1799 5290 allego-

206 5304 353 5358 ricis
374 5300 670 5356 involucris
691 5314 874 5371 aperte
894 5306 1240 5373 demonstret,
1263 5308 1404 5377 quod
1433 5324 1538 5363 non
1567 5310 1658 5364 diu
1680 5324 1795 5379 per-

208 5394 410 5452 mittat
442 5390 704 5447 Dominus
725 5392 973 5463 ﬂagellari
1015 5396 1188 5464 justus
1210 5398 1278 5452 ab
1314 5395 1512 5466 impiis,
1538 5413 1605 5452 ne
1638 5398 1693 5451 in
1719 5399 1803 5453 de-

207 5484 563 5559 sperationis
589 5485 763 5539 labem
789 5497 1038 5542 corruant
1070 5490 1288 5544 diutinis
1318 5488 1517 5542 addicti
1558 5488 1797 5558 ﬂagellis,

207 5582 307 5639 sed
340 5581 389 5636 si
418 5579 490 5635 ad
514 5579 813 5648 tempusad
844 5580 1204 5649 probationem
1226 5581 1543 5654 quibusdam
1572 5597 1664 5637 eos
1707 5581 1772 5635 ad

1826 4365 1874 4425 D

1909 767 2154 826 spernunt
2178 749 2207 821 ,’
2235 749 2303 809 αι’
2324 755 2403 826 illi
2427 749 2655 826 delirant
2675 792 2690 816 ,
2743 768 2834 821 per
2852 749 3153 826 prophetam
3170 749 3426 826 _dica_tur,

1914 818 2258 881 Declinantcs
2318 825 2386 877 ad
2442 818 3112 892 obligationem_'_adducet
3156 818 3427 892 Dominus

1913 911 2037 952 cum
2060 893 2410 963 operantibus
2439 889 2775 960 iniquitatem
2814 889 2982 957 (Psal.
3013 890 3172 960 cxxv)

1914 986 2039 1040 Ideo
2067 996 2301 1050 namque
2328 982 2471 1035 hunc
2500 978 2824 1033 versiculum
2851 978 3160 1046 singillatim
3190 979 3347 1034 nobis
3379 977 3432 1030 in

1847 1085 2035 1141 nostro
2058 1087 2220 1146 opere
2244 1070 2445 1141 ponere
2481 1070 2655 1132 libuit,
2693 1070 2818 1137 quia
2854 1070 2956 1122 etsi
2990 1077 3075 1123 est
3111 1084 3234 1121 cum
3273 1083 3433 1137 supe-

1849 1168 1995 1222 riore
2040 1166 2095 1219 in
2136 1164 2295 1217 unius
2320 1154 2513 1230 psalmi
2543 1167 2714 1223 textu,
2763 1146 2927 1212 distat
2955 1166 3131 1212 tamen
3166 1159 3234 1214 ab
3276 1173 3342 1213 eo
3382 1158 3436 1211 in

1852 1276 2051 1324 sensu;
2099 1266 2153 1314 et
2180 1269 2490 1325 quanquam
2518 1253 2584 1307 ad
2612 1265 2777 1305 unum
2816 1265 3057 1305 errorem
3086 1249 3436 1303 astruendum

1855 1353 1923 1407 ab
1949 1350 2053 1405 ﬂis
2075 1350 2145 1404 sit
2168 1346 2430 1417 prolatus,
2460 1344 2674 1405 diverso
2712 1349 2895 1396 tamen
2921 1340 3039 1396 loco
3068 1356 3123 1394 in
3153 1355 3295 1409 saepe
3321 1354 3436 1393 me—

1858 1451 2082 1497 moratae
2106 1437 2298 1509 synodi
2338 1435 2567 1491 lectione
2606 1434 2751 1488 hunc
2799 1439 3010 1487 constat
3040 1446 3161 1485 esse
3184 1429 3439 1499 positum.

1860 1531 2202 1586 Decliuantes
2230 1526 2392 1597 igitur
2416 1525 2484 1580 ad
2522 1523 2905 1594 obligationem
2940 1537 3045 1577 non
3076 1521 3150 1574 illi
3190 1519 3441 1575 credendi

1863 1634 1988 1680 sunt
2024 1623 2117 1693 qui
2153 1621 2443 1691 imaginum
2480 1616 2907 1687 superstitiosam
2954 1621 3304 1669 contemnunt
3345 1612 3435 1669 ad.

1864 1717 2182 1779 orationem,
2200 1736 2203 1741 ·
2224 1715 2318 1769 sed
2343 1715 2432 1782 qui
2460 1710 2667 1780 antiqui
2697 1709 2867 1766 hostis
2899 1697 3210 1764 retinaculis
3255 1706 3442 1783 irretiti

1864 1806 2024 1878 proni
2060 1812 2185 1861 sunt
2211 1803 2280 1859 ad
2315 1803 2675 1872 iniquitatem,
2725 1809 3033 1870 quantoque
3066 1798 3297 1869 amplius
3320 1812 3444 1866 pec-

1869 1913 1996 1955 care
2023 1904 2351 1959 noscuntur,
2394 1902 2544 1949 tanto
2587 1893 2841 1948 nimirum
2884 1892 3125 1947 strictius
3170 1889 3445 1946 dialiolicis

1870 1989 2032 2058 spiris
2073 1993 2380 2042 nectuntur.
2423 1983 2577 2039 Unde
2612 1981 2857 2051 profecto
2891 1995 2988 2050 per
3029 1982 3316 2051 quemdam
3362 1995 3438 2034 sa-

1870 2080 2105 2148 pientem
2148 2076 2345 2132 dicitur
2378 2093 2391 2128 :
2426 2072 2666 2127 Funibus
2691 2082 3017 2142 peccatorum
3055 2088 3266 2126 suorum
3294 2087 3444 2125 unus-

1873 2169 2087 2238 quisque
2112 2165 2485 2234 constringitur
2510 2162 2691 2234 (Prov.
2720 2162 2774 2232 v)
2802 2179 2815 2227 ;
2841 2162 2907 2216 de
2932 2176 3038 2231 qua
3061 2162 3224 2216 etiam
3252 2160 3444 2229 obliga-

1876 2260 2021 2314 tione
2060 2266 2281 2313 sanctus
2310 2255 2572 2326 propheta
2610 2253 2779 2308 Isaias
2803 2253 2932 2308 dicit
2960 2270 2973 2305 :
3015 2251 3104 2306 Va:
3132 2253 3219 2323 qui
3248 2253 3452 2305 trahitis

1876 2350 2202 2419 iniquitatem
2250 2349 2307 2401 in
2351 2344 2599 2416 funiculis
2634 2345 2897 2407 vanitatis,
2921 2352 2969 2397 et
3016 2343 3168 2413 quasi
3196 2342 3454 2396 vinculum

1876 2440 2098 2510 plaustri
2131 2446 2397 2508 peccatum
2443 2434 2578 2507 (I‘sa.
2606 2434 2695 2506 v)!
2736 2435 2843 2489 EOS
2883 2435 3061 2504 itaque
3088 2430 3181 2503 qui
3215 2432 3282 2486 ad
3318 2433 3452 2486 hanc

1878 2528 2262 2597 obligationem
2293 2525 2581 2589 declinant,
2619 2524 2848 2579 adducet
2888 2523 3145 2577 Dominus
3178 2538 3298 2577 cum
3331 2536 3453 2590 ope-

1880 2620 2125 2674 rantibus
2154 2617 2515 2686 iniquitatem,
2558 2615 2682 2685 quia
2721 2613 2969 2671 videlicet
3006 2628 3128 2669 cum
3164 2614 3358 2682 quibus
3407 2612 3461 2667 in

1881 2712 1985 2765 hoc
2006 2715 2243 2779 peccant
2256 2707 2472 2773 saeculo,
2498 2722 2622 2761 cum
2650 2696 2734 2761 his
2757 2706 3154 2761 damnabantur
3180 2705 3235 2760 in
3258 2703 3462 2769 futuro,

1882 2808 1936 2855 et
1975 2801 2042 2854 ad
2078 2814 2202 2853 eum
2227 2799 2405 2868 ignem
2455 2797 2559 2878 qui.
2594 2797 2799 2852 auctori
2844 2796 3134 2851 criminum
3171 2804 3226 2851 et
3260 2796 3462 2867 angelis

1882 2887 1999 2956 ejus
2028 2892 2361 2957 praeparatus
2392 2894 2491 2948 est,
2530 2886 2702 2949 ibunt,
2750 2883 2904 2953 cujus
2933 2884 2991 2939 in
3023 2885 3127 2939 hoc
3153 2885 3351 2940 saeculo
3375 2898 3461 2941 re-

1888 2978 2240 3033 tinaculorum
2279 2978 2662 3047 obligationem
2708 2990 2957 3046 rumpere
3003 2976 3370 3047 neglexerunt.
3418 2976 3462 3031 Α

1887 3068 2040 3137 cujus
2064 3068 2389 3137 obligatione
2434 3067 2522 3122 ille
2565 3082 2665 3122 nos
2702 3066 2900 3121 liberos
2923 3065 3136 3130 elliciat,
3171 3067 3263 3136 qui
3286 3082 3386 3122 nos
3415 3067 3465 3120 in

1886 3162 2189 3217 libertatem
2221 3159 2466 3226 redemit,
2515 3167 2569 3215 et
2597 3159 2751 3215 nobis
2796 3159 3104 3214 sedentibus
3130 3160 3183 3213 in
3230 3158 3465 3215 tenebris

1886 3270 1998 3309 suae
2031 3252 2295 3308 claritatis
2315 3251 2489 3307 lucem
2515 3265 2765 3321 magnam
2787 3250 3047 3314 ostendit,
3084 3248 3196 3304 sive
3222 3248 3454 3315 habitan-

1888 3343 2034 3397 tibus
2079 3341 2134 3395 in
2172 3342 2388 3409 regione
2423 3340 2628 3394 umbrae
2670 3339 2862 3394 mortis
2891 3340 3004 3408 ipse
3034 3340 3124 3394 lux
3150 3354 3276 3394 vera
3309 3354 3461 3393 exor-

1891 3439 1977 3485 tus
2017 3438 2101 3485 est
2123 3419 2155 3495 ,’
2182 3437 2343 3498 atque
2387 3428 2529 3484 idem
2557 3427 2673 3497 ejus
2716 3429 3072 3486 severissimae
3112 3429 3470 3485 damnationis

1890 3537 1989 3578 nos
2022 3519 2212 3576 reddat
2237 3527 2513 3589 expertes,
2560 3520 2653 3589 qui
2681 3536 2792 3574 suae
2825 3520 3141 3576 clarissima:
3175 3520 3297 3577 ﬁdei
3331 3520 3463 3589 spei-

1891 3628 1997 3683 que
2026 3620 2081 3667 et
2110 3611 2390 3667 charitatis
2416 3610 2544 3666 fecit
2569 3624 2688 3667 esse
2723 3625 3002 3681 sequaces.

2499 3744 2728 3801 CAPUT
2766 3745 2858 3801 IX.

1896 3834 2049 3901 Quod
2079 3852 2181 3889 non
2208 3836 2273 3889 ab
2301 3852 2360 3890 eo
2400 3836 2538 3904 quod
2574 3834 2827 3900 Salomon
2857 3834 3058 3904 dicitur
3076 3836 3133 3887 in
3169 3834 3358 3904 templo
3397 3835 3472 3903 fe-

1966 3907 2095 3958 cisse
2142 3905 2288 3959 boves
2334 3915 2380 3960 et
2407 3902 2612 3967 leones,
2664 3904 2951 3972 imaginum
2991 3903 3232 3972 adoratio
3267 3902 3473 3969 ﬁrmari

1963 3976 2141 4096 ροῗὶἱ,
2178 3984 2233 4028 ut
2272 3975 2351 4029 illi
2385 3976 2647 4031 somniant
2683 3970 2863 4042 quiin.
2882 3987 3065 4025 earum
3110 3970 3471 4027 adoratioacm

1966 4060 2034 4097 an
2072 4061 2099 4097 e
2122 4054 2230 4098 ant.

1968 4132 2218 4189 Salomon
2254 4135 2309 4189 in
2338 4133 2535 4202 templo
2557 4133 2724 4187 boves
2750 4139 2806 4185 et
2838 4130 3022 4186 leones
3062 4130 3259 4201 legitur
3286 4129 3455 4184 condi-

1897 4223 2056 4283 disse,
2105 4239 2333 4293 quorum
2357 4222 2662 4277 conditione
2688 4235 2788 4274 nos
2812 4220 2904 4288 qui
2930 4219 3224 4274 secundum
3244 4219 3459 4288 Aposto

1898 4312 2006 4366 lum
2047 4312 2217 4382 legem
2260 4311 2556 4381 spiritalem
2591 4324 2711 4365 esse
2743 4308 2963 4374 scimus,
3006 4308 3324 4379 quibusdam
3357 4323 3473 4386 my;

1898 4404 2187 4459 steriorum
2212 4404 2424 4458 arcanis
2452 4403 2787 4469 instruimur,
2807 4401 2887 4457 illi
2905 4416 3033 4457 vero
3055 4401 3148 4471 qui
3175 4400 3470 4470 imaginum

1898 4494 2267 4549 adorationem
2314 4494 2541 4564 diligunt
2584 4508 2695 4549 suae
2736 4492 3001 4549 vecordiae
3042 4490 3336 4546 vanitatem
3383 4491 3475 4546 tir-

1899 4601 2050 4640 mare
2078 4586 2406 4652 moliuntur;
2443 4600 2542 4641 nos
2565 4585 2805 4656 mysticis
2831 4585 3078 4640 sensibus
3098 4583 3472 4653 perducemur,

1898 4676 1975 4730 illi
1998 4677 2052 4731 in
2079 4677 2161 4731 sui
2189 4676 2391 4731 erroris
2423 4674 2789 4743 magnitudine
2808 4674 3132 4740 firmantur;
3170 4689 3270 4730 nos
3294 4675 3465 4729 admo

1898 4766 1998 4821 niti
2041 4781 2139 4835 per
2169 4767 2415 4822 umbram
2454 4765 2770 4836 indagamus
2811 4766 3124 4830 veritatem,
3162 4765 3249 4827 illi.
3269 4767 3476 4834 decepti

1900 4872 2000 4927 per
2031 4872 2144 4912 rem
2172 4859 2307 4914 bene
2333 4864 2540 4928 gestam
2566 4858 2633 4912 ad
2667 4871 2779 4912 rem
2812 4872 2920 4911 non
2948 4855 3478 4926 gerendam'sumunt

1900 4950 2294 5005 auctoritatem.
2347 4949 2456 5005 Cur
2503 4964 2632 5017 ergo
2674 4962 2767 5002 eos
2815 4945 3068 5000 Davidica
3122 4943 3328 5013 proles,
3380 4936 3478 5019 cur

1898 5037 2186 5093 Israelitice
2219 5054 2335 5101 rex,
2374 5053 2473 5093 cur
2499 5035 2821 5105 sapientium
2850 5030 3251 5100 sapientissime
3267 5029 3478 5086 fecisti?
3530 5028 3535 5033 ’

1898 5127 2044 5193 Feci,
2070 5129 2310 5197 inquam,
2352 5142 2465 5191 eos,
2495 5139 2601 5179 non
2636 5131 2695 5177 ut
2719 5119 2935 5173 adorari
2971 5119 3257 5185 deberent,
3292 5124 3386 5176 sed
3419 5129 3480 5175 ut

1899 5220 2144 5290 quaedam
2181 5221 2408 5288 mystica
2442 5216 2843 5285 signiﬁcarent;
2893 5225 3000 5265 non
3027 5216 3087 5260 ut
3119 5212 3479 5283 erroriql'ave-

1900 5319 2038 5376 rent,
2068 5312 2162 5367 sed
2188 5319 2248 5365 ut
2272 5310 2647 5381 mysteriorum
2681 5316 2881 5355 arcana
2921 5307 3325 5365 monstrarent;
3370 5317 3475 5357 non

1900 5410 1960 5457 ut
1982 5400 2361 5458 offendiculum
2401 5394 2557 5454 caecis
2604 5388 2872 5444 mentibus
2917 5396 3113 5451 essent,
3154 5390 3249 5443 sed
3275 5398 3335 5443 ut
3359 5406 3472 5443 ma-

1903 5508 2063 5562 gnum
2109 5489 2359 5560 quiddam
2412 5478 2622 5538 subtilia
2656 5473 2927 5531 subtiliter
2983 5477 3351 5533 scrutantibus
3390 5478 3475 5532 in-

1904 5589 2148 5639 nucrent.
2200 5576 2295 5631 Cui
2328 5575 2374 5627 si
2410 5572 2526 5626 ideo
2568 5564 2871 5619 succenscri
2903 5565 3093 5623 debet,
3142 5567 3270 5632 quia
3297 5582 3392 5633 per
3414 5579 3476 5619 ea
3522 5600 3527 5603 -
