4026 6156
159 253 283 307 1077

153 363 344 432 sonat),
367 369 415 416 et
435 367 767 427 cognoscetur
777 357 1033 410 Dominus
1059 355 1122 408 ab
1145 351 1425 422 Egyptiis,
1443 357 1500 403 et
1523 363 1725 418 cogno-
1751 353 1802 410 Α

154 460 304 512 scent
339 464 462 506 eum
497 450 610 504 sive
651 454 1028 516 persecutores
1074 443 1166 512 qui
1209 440 1423 495 fuerunt
1465 437 1722 505 superati,

153 547 264 600 sive
295 543 576 598 credentes
603 537 858 608 prasenti
901 535 1100 590 auxilio
1136 531 1365 586 liberati.
1397 529 1534 584 Cum
1563 529 1724 598 igitur

153 637 251 688 iste
277 634 349 687 sit
368 645 556 685 sensus
580 625 881 698 prophetici
911 621 1190 684 sermonis,
1223 629 1277 673 et
1304 618 1393 674 hic
1419 617 1490 672 sit
1519 615 1728 670 intelle-

153 734 270 780 ctus
299 723 440 778 tituli
479 729 538 776 et
560 719 768 783 altaris,
811 717 930 785 quis
956 715 1096 767 hunc
1121 711 1188 765 ad
1217 709 1506 778 imaginum
1533 706 1726 761 adora-

154 815 356 869 tionem
381 807 792 864 asseverandam
817 802 1072 871 proferat,
1100 797 1202 852 nisi
1231 811 1391 866 quem
1413 810 1522 850 suae
1545 807 1731 848 vecor-

153 903 253 957 dia:
273 901 450 970 caligo
479 896 756 954 excaecat?
779 893 960 963 quisve
982 905 1079 960 per
1108 888 1478 959 propheticum
1505 886 1641 940 bene
1663 886 1732 940 ab

156 990 366 1058 Spiritu
421 996 606 1042 sancto
658 984 920 1054 prolatum
977 993 1281 1035 sermonem
1333 991 1487 1031 suum
1539 975 1735 1028 audeat

155 1088 403 1134 astruere
429 1077 528 1131 niti
551 1087 802 1135 errorem,
843 1070 948 1125 nisi
976 1084 1136 1138 quem
1176 1065 1381 1120 erroris
1420 1061 1734 1130 magnitudo

157 1183 317 1222 suum
337 1177 714 1234 usquequaque
744 1160 944 1215 fecerit
969 1173 1089 1212 esse
1115 1154 1434 1225 sequacem?
1460 1150 1736 1217 Quomodo

154 1271 285 1324 ergo
324 1253 590 1322 quoddam
639 1250 722 1304 vel
771 1249 885 1302 leve
931 1247 1148 1316 quidem
1181 1259 1246 1298 ex
1281 1244 1368 1298 his
1408 1240 1579 1296 sancti
1612 1253 1738 1308 pro—

154 1346 326 1414 pheta:
357 1342 536 1396 verbis
561 1339 948 1395 adminiculum
975 1337 1170 1406 poterit
1194 1348 1406 1390 sumere
1443 1331 1737 1401 imaginum

158 1433 422 1496 adoratio,
452 1447 576 1486 cum
605 1435 818 1485 constet
844 1443 907 1482 ea
932 1443 1037 1482 non
1065 1434 1124 1480 ut
1142 1424 1492 1480 historialiter
1519 1423 1575 1476 in
1609 1434 1741 1488 quo-

159 1524 279 1575 dam
325 1521 485 1574 altari
515 1519 628 1573 sive
658 1517 816 1572 titulo
844 1515 1260 1584 complerentur,
1311 1512 1406 1567 sed
1431 1518 1491 1564 ut
1529 1509 1742 1578 spirita-

157 1614 279 1667 liter
304 1613 359 1665 in
385 1611 591 1666 Christi
621 1609 723 1663 ﬁde
747 1617 804 1662 et
839 1607 1115 1674 evangelio
1149 1621 1180 1658 a
1205 1603 1453 1657 ﬁdelibus
1479 1601 1742 1654 haberen-

157 1714 266 1768 tur,
295 1705 440 1758 dicta
467 1701 673 1756 fuisse?
704 1700 835 1766 Quae
865 1711 1041 1753 tamen
1070 1699 1173 1752 etsi
1203 1698 1268 1750 de
1293 1694 1558 1763 corporali
1587 1691 1740 1746 altari

155 1797 272 1849 sive
307 1794 466 1847 titulo
517 1792 865 1850 historialiter
900 1790 1041 1846 dicta
1082 1789 1310 1842 fuiSscnt
1333 1827 1347 1851 ,
1400 1801 1506 1840 non
1545 1785 1743 1840 idcirco

157 1887 457 1957 imaginum
483 1892 696 1954 poterat
722 1883 891 1938 astrui
929 1882 1207 1944 adoratio,
1260 1894 1381 1934 cum
1421 1877 1626 1932 scilicet
1653 1875 1741 1928 illa

157 1993 272 2030 non
318 1976 587 2030 adoranda
628 1974 762 2037 fore,
803 1975 895 2028 sed
923 1972 1038 2027 fore
1087 1969 1454 2025 tantummodo
1484 1967 1746 2036 propheta

156 2065 493 2134 praedixerit.
529 2064 688 2118 Aliud
724 2063 867 2118 enim
902 2070 985 2116 est
1028 2063 1155 2124 erit,
1193 2059 1338 2114 aliud
1390 2055 1743 2117 adorabitur;

157 2153 309 2206 aliud
350 2153 514 2205 altare
561 2151 786 2216 Domini,
835 2151 979 2205 aliud
1011 2149 1294 2217 cujuslibet
1339 2148 1555 2214 imago;
1606 2142 1749 2198 aliud

156 2241 344 2296 titulus
363 2243 521 2311 juxta
550 2241 816 2304 terminos,
853 2240 996 2293 aliud
1026 2238 1318 2293 similitudo
1344 2237 1396 2289 in
1425 2232 1752 2304 quibuslibet

159 2330 427 2384 materiis.
461 2329 578 2383 Non
611 2345 739 2399 ergo
766 2330 877 2383 ait:
930 2328 1046 2382 Erit
1075 2335 1284 2396 tempus
1323 2325 1537 2394 quando
1571 2322 1750 2376 nullus

159 2421 272 2474 nisi
304 2419 596 2488 imaginum
624 2419 876 2472 adorator
899 2421 1009 2473 Deo
1036 2417 1303 2487 placebit;
1339 2431 1437 2470 nec
1462 2414 1539 2468 ait
1562 2427 1577 2466 :
1610 2413 1750 2467 Tan-

162 2519 256 2563 tus
284 2509 576 2579 imaginum
603 2508 778 2562 cultus
818 2509 1074 2563 inolescet
1100 2549 1114 2573 ,
1159 2517 1218 2563 ut
1242 2508 1484 2576 quisquis
1516 2520 1611 2559 eas
1643 2519 1749 2558 non

162 2597 496 2661 adoraverit,
531 2611 706 2664 neque
733 2597 888 2650 thure
914 2605 967 2650 et
1004 2596 1359 2650 luminaribus
1398 2585 1510 2648 sive
1534 2593 1754 2662 quibus-

165 2689 293 2741 dam
337 2687 586 2754 primitiis
608 2687 974 2750 honoraverit,
1020 2688 1358 2742 anathemate
1396 2686 1586 2752 dignus
1630 2685 1750 2747 erit,

165 2776 266 2830 sed
297 2776 406 2828 ait:
450 2776 566 2829 Erit
594 2776 761 2830 altare
805 2776 1015 2830 Domini
1051 2779 1107 2829 in
1132 2777 1301 2829 medio
1338 2785 1491 2828 terra:
1516 2774 1752 2843 Egypti,

165 2879 216 2920 et
274 2865 460 2920 titulus
503 2867 663 2936 juxta
710 2868 986 2921 terminum
1033 2867 1146 2936 ejus
1188 2866 1416 2928 Domini,
1467 2866 1660 2931 eritque
1703 2865 1757 2916 in

164 2957 383 3026 signum
406 2965 454 3008 et
481 2956 536 3010 in
561 2957 912 3009 testimonium
946 2955 1166 3008 Domino
1194 2955 1510 3007 exercituum
1538 2952 1592 3004 in
1619 2960 1756 3005 terra

164 3042 424 3114 Egypti;
450 3059 514 3098 ac
541 3045 585 3099 si
611 3051 862 3114 patenter
887 3045 1088 3099 diceret
1115 3061 1126 3097 :
1161 3043 1278 3096 Erit
1305 3041 1436 3096 ﬁdes
1464 3042 1519 3094 in
1555 3038 1754 3094 mundo

161 3145 216 3189 et
243 3135 522 3205 Evangelii
561 3135 908 3204 praedicatio,
953 3150 1051 3204 per
1095 3150 1257 3203 quam
1300 3132 1593 3187 Dominicaa
1631 3147 1754 3202 pas-

165 3226 336 3281 sionis
377 3235 430 3280 et
458 3233 659 3282 nostra:
693 3227 1078 3298 redemptionis
1116 3224 1483 3281 manifestatio
1519 3223 1756 3279 declara-

166 3315 333 3369 bitur.

776 3424 1004 3481 CAPUT
1041 3423 1156 3480 XII.

166 3555 562 3608 Absurdissime
604 3563 648 3606 et
688 3557 894 3608 incaute
923 3564 1104 3608 contra
1139 3571 1225 3608 eos
1263 3557 1351 3625 qui
1382 3556 1631 3625 imagines
1664 3555 1759 3608 ad-

242 3638 406 3693 orare
432 3632 780 3693 contemnunt,
804 3625 966 3693 abhis
992 3625 1081 3693 qui
1109 3641 1195 3693 eas
1212 3622 1465 3693 adorant,
1493 3622 1756 3693 prolatum

240 3691 602 3743 testimonium
637 3693 805 3761 sancti
832 3691 1142 3761 Evangelii;
1181 3691 1347 3747 Nemo
1391 3691 1632 3747 accendit
1671 3692 1754 3746 Iu-

239 3772 470 3881 εει-οἷαι
499 3767 553 3813 et
580 3759 733 3897 gonit
760 3775 878 3813 eam
909 3759 1009 3814 sub
1041 3761 1217 3815 modio
1243 3761 1452 3831 (Matth.
1485 3778 1535 3826 v,
1586 3761 1756 3815 Marc.

242 3845 326 3892 IV,
410 3845 495 3882 uc.
532 3844 585 3881 xl
621 3867 636 3880 .

242 3845 326 3892 IV,
361 3844 495 3882 Luc.
532 3844 636 3892 xl).

237 3981 286 4038 Ο
319 3997 415 4038 res
440 3981 836 4051 inconsequens
862 3991 916 4039 et
942 3983 1054 4038 risu
1093 3983 1251 4054 digna
1280 4025 1293 4048 ,
1329 3985 1470 4054 quod
1514 3987 1759 4055 qumdam

170 4072 355 4127 nescio
381 4085 497 4140 quo
521 4086 684 4125 sensu
700 4072 754 4125 in
772 4069 1008 4138 ejusdem
1030 4071 1278 4127 vanitatis
1308 4072 1537 4128 lectione
1565 4073 1630 4126 de
1658 4087 1759 4126 no-

171 4162 252 4216 bis
285 4163 382 4232 qui
411 4161 713 4232 imaginum
759 4161 1126 4217 adorationem
1153 4163 1474 4232 spernimus,
1519 4163 1764 4218 scribun-

175 4260 278 4313 tur,
310 4265 380 4305 cx
408 4252 498 4306 his
529 4266 648 4319 qua:
677 4251 935 4305 Dominus
964 4251 1251 4321 discipulos
1271 4252 1337 4306 ad
1362 4252 1762 4320 praedicandum

955 243 1130 299 LIBRI
1165 235 1509 297 CAROIJNI.
1549 266 1620 275 —
1657 234 1878 291 CAPIT.
1921 236 2008 290 DE
2046 234 2237 290 IMAG.
2277 263 2346 274 —-—
2378 232 2507 286 LIB.
2550 229 2616 283 II.

3272 227 3289 278 I
3301 224 3405 277 0'78

2414 341 2642 397 CAPUT
2681 341 2815 395 XIII.

1821 438 1897 492 De
1932 456 1990 492 eo
2029 439 2166 508 quod
2196 438 2268 508 ad
2313 450 2466 488 suum
2473 449 2724 508 frrorem
2765 431 3180 508 conﬁrmandum
3222 430 3402 482 dicunt

1891 499 2090 559 beatum
2124 506 2420 560 Silvestrem
2464 501 2715 554 Romana:
2757 499 2899 554 urbis
2947 501 3230 554 antistitem
3277 513 3405 566 apo-

1891 575 2140 627 stolarum
2167 574 2418 641 imagines
2448 568 2788 641 Constantino
2809 571 3108 641 imperatori
3137 567 3403 632 detulisse,

1893 658 2009 694 cum
2039 652 2211 694 tamen
2237 637 2324 695 eas
2355 656 2457 692 non
2479 637 2680 707 legatur
2709 637 2933 691 adorare
2943 640 3199 710 jussisse.

1895 729 2050 799 Saepe
2077 731 2130 784 in
2175 731 2278 784 hoc
2305 739 2490 784 nostro
2531 728 2750 796 speciali
2778 728 2844 783 de
2886 730 3212 800 imaginibus
3245 741 3408 796 opere

1829 823 1986 878 fateri
2029 823 2270 890 cogimur
2307 823 2450 890 quod
2490 821 2591 875 illae
2617 837 2725 876 non
2765 821 2951 876 haberi
2996 827 3090 877 sed
3135 821 3348 877 adorari
3377 838 3408 874 a

1829 913 1985 969 nobis
2018 912 2382 974 inhibeantur,
2420 924 2522 964 nec
2551 909 2763 963 illarum
2795 910 2847 963 in
2875 911 3206 964 ornamentis
3230 910 3410 964 basili-

1831 1019 2016 1060 carum
2060 1010 2115 1056 et
2157 1001 2417 1054 memoria
2466 1013 2646 1053 rerum
2676 1007 2960 1068 gestarum
2991 1001 3407 1067 constitutorum

1833 1094 2079 1164 fugienda
2108 1092 2178 1147 sit
2217 1091 2374 1156 visio,
2421 1091 2513 1145 sed
2549 1090 2966 1145 insolentissima
2994 1091 3079 1146 vel
3116 1091 3295 1159 potius
3323 1108 3412 1146 su-

1833 1181 2294 1256 perstitiosissima
2322 1179 2651 1234 exsecranda
2681 1179 2752 1232 sit
2786 1179 3048 1233 adoratio.
3092 1179 3244 1234 Unde
3275 1179 3414 1234 sicut

1837 1276 1888 1328 in
1917 1272 2128 1329 caeteris
2150 1271 2226 1324 ita
2254 1278 2309 1323 et
2332 1269 2385 1323 in
2409 1269 2511 1323 hoc
2531 1267 2776 1337 exemplo
2797 1269 3024 1322 assertio
3047 1267 3411 1334 frustrabitur,

1837 1361 1927 1430 qui
1956 1374 2110 1414 suum
2136 1372 2374 1412 errorem
2390 1357 2444 1410 in
2470 1357 2780 1410 adoratione
2808 1357 3097 1427 imaginum
3122 1358 3417 1412 enitentem

1840 1451 1893 1504 in
1914 1464 1978 1504 eo
2001 1447 2191 1502 fulcire
2215 1453 2477 1501 conentur
2504 1445 2645 1513 quod
2675 1445 2932 1499 Silvestcr
2951 1445 3206 1500 Romanae
3231 1445 3419 1510 Eccle-

1841 1540 1934 1594 sia:
1959 1537 2156 1608 prmsul
2177 1535 2528 1592 Constantino
2555 1535 2864 1603 imperatori
2891 1536 3255 1604 apostolorum
3287 1535 3420 1589 ima-

1774 1681 1815 1739 Β
1842 1632 1993 1701 gines
2024 1629 2276 1684 detulisse
2302 1628 2516 1698 legitur.
2545 1627 2745 1681 Detulit
2770 1643 2899 1697 ergo
2925 1644 3016 1682 eas
3045 1629 3118 1681 illi
3149 1629 3214 1682 ad
3241 1628 3420 1683 viden-

1849 1719 1967 1739 -.μμ
2037 1732 2140 1739 _-_
2174 1715 2238 1739 ..Α
2281 1715 2644 1739 “unam...
2691 1715 2872 1739 am...“
2918 1731 3020 1739 --η
3172 1717 3393 1739 dm“

1844 1719 1991 1780 dum,
2037 1732 2144 1770 non
2173 1715 2238 1769 ad
2279 1715 2646 1778 adorandum;
2687 1715 2877 1768 detulit
2917 1731 3022 1769 non
3067 1724 3126 1770 ut
3171 1717 3416 1779 adorare,

1843 1821 2000 1875 quem
2037 1820 2068 1859 a
2099 1804 2506 1859 simulacrorum
2550 1804 2693 1858 cultu
2735 1805 3044 1860 abstrahere
3071 1813 3126 1858 et
3163 1806 3231 1859 ad
3257 1806 3422 1859 solius

1846 1896 1940 1950 Dei
1967 1895 2333 1949 adorationem
2363 1893 2647 1948 convolare
2679 1895 3013 1959 hortabatur,
3051 1896 3417 1966 compelleret,

1845 1987 1938 2040 sed
1965 1994 2024 2038 ut
2049 1985 2190 2038 idem
2218 1984 2509 2052 imperator
2527 1999 2661 2052 quos
2685 1984 2736 2038 in
2761 1985 2962 2039 somnis
2985 1986 3209 2049 viderat,
3235 2001 3418 2040 eorum

1844 2075 2024 2128 vultus
2060 2074 2113 2127 in
2139 2073 2362 2141 pictura:
2396 2071 2532 2128 fucis
2575 2083 2938 2142 cognosceret.
2980 2073 3198 2138 Detulit,
3231 2091 3337 2129 non
3365 2085 3426 2129 ut

1847 2167 1914 2220 ab
1943 2165 2205 2219 idolorum
2247 2163 2453 2217 cultura
2477 2163 2762 2234 fugientem
2791 2165 3078 2236 imaginum
3123 2166 3422 2223 adorationi

1847 2254 2038 2310 cedere
2065 2251 2402 2315 informaret,
2432 2260 2487 2307 et
2515 2254 2582 2307 ab
2606 2253 2784 2307 hostili
2809 2254 2984 2324 gladio
3023 2255 3304 2311 liberatum
3340 2257 3422 2311 in-

1849 2347 2032 2400 testini
2064 2346 2211 2401 ensis
2255 2344 2433 2414 rigore
2461 2345 2768 2413 perimeret,
2802 2345 2896 2400 sed
2935 2354 2994 2399 ut
3019 2361 3114 2414 per
3140 2363 3226 2401 res
3268 2357 3438 2403 notas

1850 2437 1918 2491 ad
1952 2451 2036 2490 res
2067 2437 2276 2506 ignotas
2304 2433 2420 2502 ejus
2451 2443 2684 2490 mentem
2711 2437 3020 2500 extolleret,
3068 2445 3127 2491 ut
3156 2453 3290 2506 quos
3319 2455 3425 2494 non

1851 2536 2063 2599 poterat
2104 2528 2299 2583 mentis
2335 2527 2491 2582 oculo
2519 2542 2760 2594 cernere,
2812 2546 2910 2584 nec
2955 2531 3079 2585 dum
3115 2530 3428 2600 gentilitatis

1852 2617 2078 2672 maculis
2106 2626 2300 2671 exutus
2321 2657 2335 2681 ,
2377 2617 2705 2685 spiritalibus
2732 2619 3002 2675 miraculis
3041 2630 3304 2684 cerneret,
3347 2621 3428 2673 ni-

1851 2707 2049 2760 mirum
2073 2720 2259 2759 eorum
2290 2705 2550 2775 imagines
2575 2708 2943 2775 corporalibus
2967 2710 3213 2763 conditas
3237 2709 3432 2763 instru-

1854 2797 2070 2850 mentis.
2103 2795 2211 2849 Has
2238 2795 2404 2865 igitur
2427 2796 2476 2850 ei
2501 2805 2554 2851 et
2579 2796 2623 2850 si
2649 2795 2873 2850 adorare
2897 2797 3161 2864 iussisset,
3197 2815 3317 2852 cum
3349 2809 3430 2851 ta-

1852 2898 1978 2938 men
2005 2898 2113 2938 non
2138 2881 2379 2950 jusserit,
2411 2883 2530 2938 ideo
2557 2881 2803 2939 fortassis
2829 2883 3060 2950 iuberet,
3101 2893 3160 2938 ut
3189 2900 3311 2961 eum
3336 2888 3429 2954 qui

1856 2974 2144 3030 visibilium
2174 2973 2349 3030 cultor
2374 2982 2492 3028 erat
2517 2989 2616 3043 per
2638 2973 2869 3029 visibilla
2907 2975 2975 3029 ad
3003 2973 3287 3030 invisibilia
3307 2991 3433 3044 pro-

1858 3071 2093 3126 vocaret,
2125 3079 2233 3118 non
2261 3070 2320 3117 ut
2339 3078 2438 3118 nos
2463 3064 2529 3118 de
2555 3063 2910 3118 invisibilibus
2931 3065 2996 3118 ad
3021 3064 3248 3119 visibilia
3275 3079 3430 3120 revo-

1855 3160 2003 3206 caret
2027 3166 2042 3205 :
2089 3167 2189 3207 nec
2215 3152 2336 3207 ideo
2361 3153 2515 3207 nobis
2544 3152 2635 3221 qui
2678 3152 2746 3206 ad
2772 3153 3174 3222 percipiendum
3203 3154 3430 3209 solidum

1855 3242 2035 3296 cibum
2056 3243 2219 3297 vires
2240 3243 2564 3311 accepimus,
2597 3255 2622 3282 α
2666 3243 2734 3298 ad
2757 3243 2983 3298 lacteam
3010 3259 3190 3299 escam
3229 3245 3432 3299 laeten-

1856 3335 1990 3388 tium
2011 3349 2160 3389 more
2189 3332 2470 3387 infantium
2494 3334 2820 3389 redeundum
2842 3342 3002 3398 esset,
3029 3335 3076 3388 si
3103 3334 3177 3388 illi
3199 3334 3283 3388 cui
3313 3349 3434 3390 nec-

1858 3424 1984 3477 dum
2013 3438 2111 3491 per
2152 3421 2276 3476 ﬁdei
2305 3421 2719 3476 teneritudinem
2756 3422 2956 3478 solidus
2985 3423 3136 3476 cibus
3167 3422 3431 3490 impertiri

1858 3519 2088 3580 poterat,
2120 3512 2232 3565 sine
2260 3509 2380 3564 dolo
2412 3509 2495 3564 lac
2536 3511 2997 3581 concupiscendum
3021 3510 3072 3582 (I
3097 3510 3212 3564 Pet.
3241 3511 3305 3583 tt)
3338 3513 3432 3567 da-

1860 3609 2008 3655 retur
2040 3601 2096 3655 in
2134 3615 2241 3669 quo
2266 3607 2554 3655 cresceret.
2608 3600 2760 3657 Unde
2792 3609 2846 3655 et
2888 3601 3172 3670 Apostolus
3215 3603 3435 3658 novella:

1859 3692 2112 3748 Ecclesiae
2131 3708 2197 3747 ex
2223 3692 2630 3747 circumcisione
2655 3700 2710 3746 et
2733 3692 3030 3762 gentilitate
3051 3693 3302 3759 venienti,
3333 3694 3437 3762 spi-

1860 3781 2035 3836 ritalis
2061 3781 2216 3836 lactis
2245 3789 2298 3836 et
2324 3781 2528 3836 olerum
2558 3782 2738 3836 cibum
2765 3781 2944 3846 dabat,
2977 3781 3030 3835 id
3057 3789 3157 3844 est,
3194 3781 3434 3836 faciliora

1860 3871 1929 3926 ad
1951 3870 2352 3938 intelligendum
2373 3872 2688 3930 documenta
2715 3877 2769 3923 et
2794 3868 2992 3923 leviora
3017 3869 3085 3922 ad
3111 3869 3430 3936 explendum

1858 3968 2145 4031 praicepta,
2183 3963 2378 4031 quibus
2403 3961 2644 4018 carnales
2686 3967 2893 4013 mentes
2925 3957 3079 4026 quasi
3112 3957 3165 4010 in
3203 3958 3433 4024 quadam

1862 4051 2101 4106 infantiae
2129 4053 2483 4106 teneritudine
2521 4050 2768 4105 enutritae
2797 4049 2863 4102 ad
2895 4044 3297 4116 percipiendum
3327 4047 3436 4114 spi-

1864 4142 2099 4196 ritalium
2130 4156 2449 4196 arcanorum
2473 4139 2651 4193 cibum
2674 4150 2898 4204 capaces
2937 4134 3294 4190 edicerentur.
3338 4134 3434 4188 Li-

1862 4235 1962 4290 bro
1987 4235 2150 4304 igitur
2176 4234 2404 4286 Actuum
2431 4231 2572 4286 beati
2605 4229 2868 4295 Silvestri,
2901 4229 2994 4282 ubi
3019 4228 3084 4283 de
3116 4227 3438 4298 imaginibus

176 4343 417 4406 mittens,
449 4318 685 4395 instituit
709 4350 770 4395 ut
796 4358 1046 4413 magnam
1073 4318 1335 4397 haberent
1357 4318 1607 4395 fiduciam
1627 4356 1765 4410 prte-
1792 4354 1844 4414 ι)
1865 4323 2217 4379 consumunt)
2243 4321 2552 4390 ίωρθιτηοτί
2573 4318 3230 4414 ἀειὲίίενδοτίῧίιυπτῄίξίθς)
3263 4320 3437 4375 οδηίῑί

175 4428 416 4492 dicandi,
466 4437 523 4482 et
557 4445 624 4482 ne
657 4432 1096 4500 persequentium
1131 4439 1338 4485 terrore
1363 4431 1606 4486 exterriti
1633 4431 1764 4485 deli»

179 4527 459 4572 tescerent
505 4528 559 4572 et
594 4521 792 4576 similes
825 4532 1006 4578 essent
1034 4523 1269 4577 lucerna:
1295 4523 1394 4576 sub
1422 4522 1628 4585 modio,
1672 4522 1764 4576 sed

175 4607 324 4662 omni
369 4617 524 4663 metu
560 4613 853 4679 postposito
896 4613 1023 4666 totis
1061 4611 1326 4666 libertatis
1372 4611 1669 4680 insignibus
1709 4626 1766 4665 se

176 4701 512 4768 proderent,
559 4707 615 4754 et
651 4703 792 4768 quod
825 4702 1109 4756 audierant
1136 4701 1188 4754 in
1234 4699 1495 4754 cubiculis
1526 4699 1579 4754 in
1612 4700 1766 4754 tectis

179 4791 562 4856 praedicarent.
598 4789 676 4843 Illi
701 4806 830 4860 ergo
860 4791 1136 4844 lucernam
1163 4804 1334 4852 suam,
1371 4789 1424 4842 id
1450 4794 1550 4851 est,
1576 4789 1764 4856 imagi-

182 4895 307 4932 num
333 4881 606 4934 culturam
627 4877 900 4934 adorando
931 4879 988 4932 in
1010 4893 1122 4933 suae
1143 4877 1264 4932 ﬁdei
1294 4877 1509 4946 fastigio
1529 4888 1763 4946 ponant;

185 4982 286 5020 nos
306 4982 433 5022 vero
461 4969 507 5024 si
531 4971 656 5038 quis
682 4972 840 5025 nobis
868 4971 1104 5025 scientia:
1131 4968 1378 5037 splendor
1404 4975 1506 5031 est,
1535 4968 1590 5021 in
1615 4967 1769 5021 Chri—

187 5062 294 5117 sto,
329 5055 421 5122 qui
445 5065 528 5110 est
552 5059 688 5113 lucis
719 5060 890 5128 origo,
916 5059 1275 5122 conlocemus,
1305 5065 1568 5126 quatenus
1593 5056 1770 5110 nobis-

190 5157 318 5196 cum
347 5141 405 5194 in
441 5155 636 5200 sancta:
665 5148 916 5203 Ecclesia:
957 5148 1115 5202 domo
1143 5148 1508 5209 manentibus,
1542 5153 1594 5200 et
1623 5144 1770 5200 verbi

189 5242 248 5286 et
273 5232 511 5300 exempli
538 5235 870 5302 splendorem
896 5237 1152 5292 exhibere
1178 5235 1474 5290 valeamus.

270 5480 297 5508 ο
329 5466 426 5541 Αάᾴ
475 5468 695 5541 lacteum
731 5487 896 5526 escam
935 5474 1240 5527 laetantium
1281 5489 1423 5526 more
1472 5473 1770 5541 infantmm.

199 5537 550 5592 Correximus
582 5536 898 5607 lactentium,
915 5559 981 5596 ex
1004 5557 1101 5595 usu
1124 5552 1176 5596 et
1197 5536 1580 5596 consuetudine
1600 5541 1771 5595 Latini

201 5608 491 5667 sermonis.
514 5607 578 5662 de
601 5624 704 5677 qua
727 5619 849 5665 sunt
869 5627 1055 5665 versus
1083 5610 1386 5666 scholastici
1411 5611 1548 5678 apud
1569 5615 1773 5664 veteres

1865 4423 2060 4484 potest,
2106 4415 2231 4484 quia
2257 4429 2562 4483 quanquam
2585 4430 2615 4468 a
2640 4413 2884 4482 pluribus
2900 4411 3179 4467 catholicis
3207 4411 3431 4480 legatur,

1865 4521 1971 4559 non
2003 4513 2180 4559 tamen
2217 4507 2284 4560 ad
2315 4521 2378 4559 ea
2404 4521 2523 4574 qua:
2556 4506 2613 4559 in
2645 4505 2998 4574 quaestionem
3027 4505 3248 4559 veniunt
3290 4502 3437 4558 aﬂir—

1865 4595 2057 4649 manda
2081 4595 2235 4663 plene
2258 4595 2478 4650 idoneus
2503 4595 2814 4662 perhibetur
2837 4612 2850 4660 ;
2889 4596 3034 4664 quod
3059 4595 3113 4649 in
3138 4594 3277 4649 libro
3296 4595 3441 4649 beati

1865 4682 2064 4738 Gelasii
2094 4683 2348 4738 Romana:
2374 4685 2523 4737 urbis
2563 4684 2819 4738 antistitis
2853 4683 3314 4753 quitinscribitur,
3342 4683 3442 4736 De-

1867 4772 2072 4827 cretalis
2101 4772 2164 4826 de
2188 4772 2494 4843 recipiendis
2535 4774 2640 4826 sive
2673 4774 2738 4827 de
2763 4789 2866 4827 non
2914 4773 3218 4842 recipiendis
3249 4771 3440 4822 codici-

1869 4860 1961 4912 bus
1992 4858 2148 4929 (Dist.
2180 4859 2266 4924 15,
2298 4877 2346 4913 c.
2371 4859 2447 4929 5),
2483 4859 2719 4928 apertius
2743 4858 3160 4929 demonstratyr.

2432 4926 2658 5006 CAPUT
2710 4947 2847 5001 xw.
3063 4926 3109 4953 ’“

1872 5039 2023 5117 Quod
2051 5040 2254 5117 non_ita
2278 5036 2611 5117 intelligenda
2638 5038 2705 5089 sit
2723 5031 2985 5117 sententia.
3003 5029 3135 5083 beati
3165 5027 3442 5117 Athanasii

1938 5106 2308 5159 Alexandriam
2345 5094 2488 5158 urbis
2527 5103 2770 5172 episcopi,
2806 5107 2860 5172 ut
2903 5095 2985 5172 illi
3017 5113 3133 5150 eam
3158 5094 3442 5172 intelligen—

1939 5175 2060 5226 dam
2107 5183 2310 5242 putant,
2351 5173 2440 5242 qui
2477 5164 2611 5224 hanc
2651 5164 2718 5223 ad
2752 5164 3112 5220 adorationem
3155 5164 3440 5230 imaginum

1940 5242 2333 5296 accommodare
2357 5243 2610 5294 nituntur.

1941 5335 2217 5390 Sententia
2246 5347 2436 5401 nempe
2461 5330 2601 5383 beati
2629 5321 2905 5379 Athanasii
2939 5321 3316 5380 Alexandrina:
3352 5331 3440 5371 ur.-

1873 5466 2252 5536 grammaticos
2277 5481 2289 5514 :

1997 5556 2196 5615 Laetae.
2222 5554 2298 5599 ιεο
2321 5555 2471 5615 ξυεξοξ
2499 5533 3114 5615 ¹ἒὲ⁹911ἓεὲἱθῗῗεῗιἾ³39ς

2001 5592 2296 5666 ἴδ’ἆᾶξόἀῆ
2324 5592 2488 5655 Iactet,
2513 5592 2637 5647 hunc
2659 5592 2821 5645 nutrix
2842 5592 3010 5642 sedula
3034 5594 3202 5649 lactat,
