4026 6156
504 240 517 249 ’
564 276 704 331 1079

1450 272 1511 325 Β.
1552 270 1805 327 CAROLI
1838 268 2055 326 MAGNI
2089 269 2241 327 OPP.
2278 270 2459 327 PARS
2496 271 2561 327 ll.
2599 271 2843 329 SECTIO
2878 269 2943 326 Il.

3686 269 3849 325 1080

564 389 651 444 bis
674 384 930 456 episcopi,
948 399 1110 453 quam
1135 383 1211 437 illi
1226 383 1698 450 inconsequenter,
1714 381 1854 436 sicut
1875 388 1930 436 et
1947 386 2141 436 caetera
2167 383 2223 442 Α
2246 380 2343 436 Dei
2365 396 2688 450 cruoemque
2716 396 3057 444 veneramur,
3078 378 3367 436 dividimus
3385 393 3513 435 eum
3530 379 3556 433 ?
3582 398 3602 432 ι
3626 375 3726 434 Isti
3746 394 3856 433 ve-

566 473 872 533 divinarum'
908 474 1307 543 Scripturarum
1348 470 1677 534 testimonia,
1702 471 1788 525 ‘ad
1814 485 1971 524 suum
1992 484 2143 525 erro-

565 578 682 620 rem
707 563 1051 618 astruendum
1088 559 1447 630 protulerunt,
1494 573 1714 628 prorsus
1760 559 1891 613 huic
1932 558 2012 613 rei
2054 569 2148 613 ex-

566 663 756 709 tranea
780 668 900 708 esse
929 650 1213 719 detegitur,
1256 664 1379 703 cum
1404 663 1511 702 non
1532 646 1587 700 in
1610 647 1951 716 ea-quzedam
1970 645 2150 714 cujus-

568 744 700 801 libet
733 743 1026 814 imaginum
1055 738 1389 796 adorationis
1416 737 1502 792 Vel
1533 726 1767 792 tenuiter
1802 738 2003 793 mentio
2033 737 2145 802 ﬁat,

568 835 664 890 sed
689 835 757 889 ad
783 831 1238 901 comparationem
1268 830 1342 883 rei
1371 829 1437 883 de
1466 843 1572 896 qua
1618 842 1797 882 sermo
1834 828 1998 882 ﬁebat
2038 826 2150 881 fas-

569 938 662 979 sus
702 923 771 977 sit
800 920 1064 992 imagines
1100 920 1156 973 in
1197 918 1388 974 eadem
1423 917 1648 973 materia
1693 926 1854 987 atque
1881 917 2151 973 elemento

571 1030 875 1091 recuperari
894 1028 1073 1086 posse,
1102 1013 1286 1068 dicens
1309 1006 1338 1065 τ’
1357 1031 1377 1062 ‹
1409 1010 1561 1066 Sicut
1585 1025 1648 1064 ea
1673 1026 1792 1080 quae
1814 1010 2070 1065 scribitur
2095 1009 2152 1063 in

572 1108 733 1177 lignis
776 1104 947 1161 forma
994 1103 1193 1159 abolita
1238 1101 1598 1157 exterioribus
1643 1100 1909 1163 sordibus,
1956 1099 2153 1152 iterum

576 1210 796 1252 necesse
817 1195 979 1253 estin
1001 1193 1231 1263 idipsum
1257 1190 1568 1260 recuperari
1600 1197 1762 1258 atque
1777 1189 1920 1243 uniri
1946 1188 2032 1242 his
2059 1202 2155 1242 cu—

567 1287 660 1359 jus
688 1294 774 1347 est
800 1284 972 1340 forma
998 1322 1013 1349 ,
1048 1290 1110 1337 ut
1144 1281 1392 1337 innovari
1436 1280 1608 1350 possit
1648 1280 1844 1349 imago,
1887 1278 1942 1331 in
1965 1278 2154 1332 eadem

576 1376 805 1431 materia
843 1383 1003 1444 atque
1041 1373 1345 1451 elemento:
1387 1386 1484 1440 per
1510 1369 1627 1439 ejus
1655 1371 1800 1423 enim
1844 1368 2074 1429 formam
2100 1375 2156 1422 et

577 1470 694 1545 ipsa
720 1466 944 1532 materia
969 1465 1059 1528 ubi
1092 1473 1148 1518 et
1174 1462 1550 1527 conscribitur,
1592 1477 1700 1517 non
1729 1458 1979 1528 dejieitur
1998 1498 2014 1525 ,
2063 1459 2159 1514 sed

579 1560 635 1615 in
667 1575 731 1615 ea
758 1558 871 1627 ipsa
901 1554 1285 1624 conﬁguratur.
1322 1573 1341 1606 ι
1392 1552 1586 1613 Dicant
1619 1567 1747 1621 ergo
1783 1551 1927 1620 quod
1954 1550 2035 1607 eis
2066 1549 2159 1604 ad.

580 1649 893 1705 minicuium
929 1649 1045 1703 haec
1068 1645 1335 1702 sententia
1370 1645 1643 1714 praebeat,
1694 1644 1875 1700 dicant
1903 1642 1995 1696 ubi
2022 1642 2159 1695 ima-

580 1739 733 1810 gines
771 1738 998 1792 adorare
1026 1742 1357 1805 percenseat,
1391 1741 1446 1787 et
1470 1723 1592 1788 eum
1616 1733 1718 1787 hoc
1742 1744 2053 1787 asseverare
2076 1745 2164 1785 ne-
2189 1708 2241 1771 Β

581 1827 874 1898 quiverint,
916 1832 1086 1880 restat
1112 1833 1172 1878 ut
1202 1824 1277 1879 ita
1305 1839 1336 1877 a
1367 1822 1513 1877 sanis
1540 1821 1809 1877 mentibus
1834 1819 2166 1884 intelligatur

584 1919 724 1975 sicut
746 1933 779 1972 a
802 1915 1099 1973 venerabili
1126 1916 1242 1969 viro
1268 1914 1478 1983 prolata
1508 1920 1612 1967 est.

1185 2024 1411 2081 CAPUT
1446 2023 1564 2078 XV.

589 2119 747 2199 ριεοά
777 2134 913 2199 τηρεε
935 2130 1010 2199 ,αα
1221 2130 1451 2199 errorem
1486 2111 1824 2199 astruendum
1861 2110 2168 2190 sententiam

658 2190 793 2245 beati
829 2188 1089 2242 Ambrosii
1125 2184 1529 2240 Mediolanensis
1568 2182 1711 2235 urbis
1744 2179 1988 2249 episcopi,
2011 2196 2170 2249 quam

657 2276 723 2315 ex
750 2260 882 2314 libro
907 2260 1055 2313 tertio
1085 2254 1313 2327 capitulo
1346 2270 1481 2327 nono
1508 2250 1993 2327 essementiuntur,‘
2020 2265 2170 2301 usur-

656 2340 799 2401 pent,
836 2330 926 2400 qui
959 2344 1050 2399 per
1084 2318 1199 2382 eain
1235 2324 1525 2393 imaginum
1560 2320 1921 2374 adorationem
1955 2318 2170 2387 ﬁrmare

662 2401 898 2471 cupiunt.
1256 2446 1261 2449 Α

658 2488 941 2545 Facillime
974 2500 1209 2553 namque
1240 2490 1551 2538 sanctorum
1593 2478 2005 2549 praedicatorum
2051 2488 2175 2530 sen—

592 2582 795 2637 tentias
821 2577 1097 2634 criminari
1127 2575 1402 2633 audebunt
1428 2573 1519 2642 qui
1556 2570 1762 2626 divina:
1790 2569 1923 2639 legis
1961 2574 2016 2622 et
2052 2580 2177 2636 pro-

594 2671 881 2740 phetarum
904 2665 1122 2720 oracula
1148 2662 1425 2718 criminari
1451 2677 1557 2716 non
1582 2665 1846 2722 metuunt,
1875 2671 1976 2711 nec
1996 2655 2179 2709 formi-

596 2760 818 2822 dabunt,
846 2758 916 2812 ob
947 2755 1028 2811 sui
1050 2754 1254 2809 erroris
1277 2752 1559 2807 materiam
1583 2746 1976 2811 stabiliendam,
2000 2743 2180 2814 junio-

596 2864 721 2907 rum
766 2844 1104 2902 documentis
1152 2844 1440 2912 quamdam
1483 2839 1685 2896 inferre
1729 2837 2036 2893 violentiam
2087 2834 2179 2905 qui

595 2940 872 2999 seniorum
923 2934 1184 2993 doctrinis
1214 2935 1338 3001 imo
1383 2932 1688 2988 senioribus
1736 2944 1846 2984 non
1888 2926 2184 2982 formidant

597 3034 798 3092 inferre
832 3031 1102 3100 injuriam.
1138 3027 1291 3082 Beati
1325 3025 1489 3096 igitur
1521 3022 1791 3078 Ambrosii
1814 3018 2183 3075 'MediOlanen-

599 3129 677 3184 sis
702 3123 957 3181 Ecclesia:
982 3119 1277 3177 sacerdotis
1302 3116 1625 3205 sententiam
1655 3118 1727 3168 ut‘
1753 3111 1967 3166 illorum
2009 3105 2183 3161 errori

600 3219 827 3281 faveret,
863 3214 1069 3277 ordine,
1109 3226 1273 3267 sensu
1310 3196 1597 3277 verbisque
1623 3205 1870 3259 turbasse
1900 3196 2187 3269 perhiben-

605 3317 714 3363 tur.
750 3304 952 3362 Ordine
992 3303 1217 3367 scilicet,
1257 3301 1383 3370 quia
1413 3314 1521 3353 non
1559 3297 1616 3350 in
1649 3295 1787 3350 libro
1818 3288 2000 3353 tertio,
2039 3285 2186 3354 capi-

602 3396 715 3453 tulo
751 3410 916 3460 nono,
953 3401 1012 3448 ut
1042 3392 1121 3447 illi
1158 3390 1448 3453 somniant,
1489 3386 1585 3442 sed
1618 3384 1674 3438 in
1710 3383 1851 3436 libro
1888 3392 2031 3433 nono
2060 3388 2189 3430 exa—

603 3495 723 3542 rata
785 3483 1070 3553 reperitur.
1138 3479 1342 3543 Sensu,
1400 3476 1527 3545 quia
1592 3488 1717 3529 cum
1778 3469 1868 3525 ille
1932 3465 2182 3521 dixerit:

609 3595 629 3628 ι
652 3573 905 3644 Nunquid
956 3585 1080 3626 cum
1132 3577 1188 3623 et
1234 3566 1571 3622 divinitatem
1626 3560 1743 3627 ejus
1794 3556 2084 3611 adoramus
2132 3558 2188 3605 et

605 3640 843 3728 samem,
868 3661 1146 3718 Christum
1163 3653 1490 3711 dividimus?
1518 3671 1535 3703 ›
1571 3649 1652 3704 Illi
1687 3647 1969 3704 dixerunt:
1992 3654 2018 3682 ι
2041 3640 2188 3696 Nun-

2246 486 2308 526 ro
2331 486 2399 526 ex
2427 471 2528 526 hac
2552 466 2819 528 sententia
2846 470 3138 541 imaginum
3182 469 3550 526 adorationem
3586 475 3853 523 astruere

2246 561 2480 616 nitentes
2509 562 2761 616 dixerunt
2785 578 2800 615 :
2831 580 2850 612 ί
2873 560 3124 630 Nunquid
3151 574 3219 614 ne
3250 560 3465 630 quando
3489 566 3546 614 et
3574 559 3851 614 deitatem

2175 708 2181 715 ,
2249 658 2304 704 et
2329 665 2546 706 carnem
2569 649 2685 718 ejus
2714 652 3020 714 adoramus,
3062 649 3350 705 dividimus
3383 647 3703 704 Christum?
3744 658 3854 704 aut

2250 738 2463 806 quando
2485 736 2539 790 in
2562 737 2679 805 ipso
2701 738 2869 791 etDei
2893 737 3184 807 imaginem
3212 746 3268 791 et
3299 750 3515 791 crucem
3543 736 3850 792 adoramus

2250 827 2539 882 dividimus
2584 827 2791 880 eum?»
2843 841 2941 897 per
2982 826 3272 896 imaginem
3318 825 3525 881 scilicet
3568 825 3668 881 Dei
3716 842 3853 896 quae

2251 915 2497 971 Christus
2523 923 2626 981 est,
2657 925 2713 971 et
2744 931 2840 985 per
2874 931 3091 971 crucem
3130 915 3268 984 ejus,
3311 930 3432 986 quas
3472 915 3537 970 in.
3567 915 3676 971 hoc
3721 916 3861 972 loco

2250 1013 2470 1077 propter
2491 1005 2869 1061 mortalitatem
2892 1007 3071 1062 carnis
3096 1005 3213 1075 ejus
3226 1006 3403 1076 posita
3422 1016 3527 1071 est,
3544 1005 3856 1077 imaginum

2254 1096 2593 1153 introducere
2620 1097 2895 1166 cupientes
2919 1097 3189 1153 obstinata
3213 1104 3397 1153 mente
3421 1097 3829 1154 adorationem.

2849 1225 3077 1283 CAPUT
3112 1226 3256 1283 XVI.

2259 1315 2410 1399 Quod
2428 1332 2660 1399 ‘non‘pro
2690 1317 3425 1399 materialibusgim‘agi‘nibus,
3468 1325 3523 1370 ut
3558 1315 3637 1399 illi
3664 1326 3854 1398 nistrat2

2329 1386 2505 1468 beatus
2531 1386 2853 1468 Augustinus
2881 1387 3094 1468 dixerit,
3122 1386 3260 1468 Quid
3290 1386 3714 1468 est'imagoDei,
3737 1387 3856 1440 nisi

2328 1454 2505 1509 vultus
2531 1454 2626 1510 Dei
2656 1457 2712 1509 in
2739 1470 2847 1525 quo
2871 1456 3113 1526 signatus
3143 1465 3227 1511 est
3247 1455 3477 1525 populus
3500 1454 3640 1510 Dei?

2329 1561 2496 1617 Deum
2524 1580 2672 1618 nemo
2714 1564 2838 1619 vidit
2870 1582 3101 1636 unquam
3139 1563 3324 1636 (.loan.l
3360 1564 3459 1636 iv),
3499 1564 3577 1623 ait
3612 1562 3862 1620 Joannes

2262 1652 2555 1722 apostolus,
2585 1654 2686 1708 nisi
2712 1640 3006 1725 unigenitus
3029 1652 3223 1721 Filius,
3259 1655 3349 1726 qui
3383 1663 3457 1709 est
3499 1654 3554 1713 in
3586 1654 3702 1713 sinu
3739 1653 3854 1707 Pa-

2265 1743 2361 1797 tris
2414 1744 2597 1816 (Joan.
2650 1744 2726 1818 ι);
2780 1754 2835 1800 et
2883 1746 3054 1825 Moysi
3102 1747 3291 1802 eadem
3342 1761 3553 1801 summa
3598 1745 3864 1816 majestas

2266 1834 2441 1889 dixit:
2471 1831 2604 1888 Non
2649 1836 2786 1889 enim
2832 1836 3018 1890 videbit
3064 1853 3145 1890 me
3184 1838 3338 1891 homo
3383 1846 3432 1891 et
3473 1837 3639 1890 vivere
3690 1845 3863 1907 potest

2269 1922 2467 1994 (Exod.
2490 1924 2720 1996 xxxiii);
2747 1925 2840 1995 qui
2868 1926 2913 1980 si
2943 1925 3227 1981 invisibilis
3248 1934 3350 1991 est,
3381 1926 3486 1981 imo
3518 1927 3645 1995 quia
3674 1925 3862 1979 invisi-

2266 2012 2394 2068 biis
2414 2024 2518 2080 est,
2542 2030 2762 2070 necesse
2787 2023 2869 2071 est
2887 2023 2947 2069 ut
2969 2016 3316 2086 incorporeus
3334 2016 3432 2083 sit;
3457 2023 3511 2068 et
3539 2015 3583 2073 si
3609 2016 3865 2082 incorpo-

2269 2118 2398 2158 reus
2419 2113 2522 2170 est,
2548 2118 2768 2181 necesse
2788 2112 2870 2159 est
2892 2112 2952 2159 ut
2972 2104 3324 2179 corporaliter
3339 2104 3485 2172 pingi
3507 2119 3617 2163 non
3643 2105 3828 2173 possit
3850 2116 3868 2154 :

2272 2194 2437 2266 igitur
2456 2197 2501 2251 si
2523 2196 2803 2252 invisibilis
2823 2205 2906 2249 est
2927 2203 2981 2249 et
3003 2196 3368 2261 incorporeus,
3401 2207 3623 2261 prorsus
3658 2209 3882 2262 corpo-

2274 2287 2474 2343 ralibus
2495 2286 2731 2340 materiis
2752 2285 2897 2352 pingi
2917 2298 3023 2337 non
3040 2290 3235 2351 potest.
3266 2281 3419 2337 Unde
3442 2280 3731 2336 sollicitius
3751 2298 3881 2336 no-

2272 2377 2355 2432 bis
2379 2374 2721 2446 quaarendum
2744 2382 2826 2428 est
2849 2373 2979 2443 quid
3003 2373 3073 2427 sit
3100 2373 3280 2442 imago
3305 2371 3421 2435 Dei,
3450 2370 3646 2440 quidve
3669 2370 3874 2426 vultus

2272 2465 2404 2535 ejus,
2443 2465 2496 2519 in
2529 2479 2636 2534 quo
2664 2464 2902 2535 signatus
2933 2472 3016 2518 est
3048 2462 3279 2533 populus
3308 2462 3426 2516 Dei.
3459 2460 3877 2532 lnterrogemus

2274 2572 2400 2626 ergo
2442 2555 2718 2626 egregium
2761 2554 3192 2624 prmdicatorem,
3242 2549 3470 2605 forsitan
3502 2552 3569 2606 ab
3603 2566 3670 2605 eo
3716 2551 3872 2608 docti

2276 2662 2435 2703 nosse
2456 2645 2756 2700 valebimus
2776 2644 2906 2713 quid
2926 2643 2999 2698 sit
3022 2644 3199 2713 imago
3224 2641 3341 2696 Dei.
3370 2641 3482 2706 Dic,
3508 2640 3618 2695 Vas
3642 2640 3871 2695 electio-

2278 2740 2383 2805 nis,
2407 2738 2513 2803 dic,
2542 2736 2730 2792 doctor
2751 2736 3008 2807 gentium,
3031 2734 3160 2805 quid
3184 2733 3255 2788 sit
3276 2733 3454 2803 imago
3478 2731 3594 2787 Dei.
3628 2729 3866 2795 Gratias,

2283 2831 2523 2899 inquam,
2566 2834 2770 2897 agentes
2808 2825 2917 2879 Deo
2958 2824 3125 2889 Patri,
3165 2825 3254 2892 qui
3291 2824 3476 2895 dignos
3517 2824 3639 2894 fecit
3674 2838 3769 2876 nos
3809 2823 3868 2877 in

2282 2929 2483 2990 partem
2508 2918 2665 2971 sortis
2695 2926 2995 2971 sanctorum
3021 2917 3077 2970 in
3101 2915 3316 2980 lumine,
3342 2915 3431 2985 qui
3454 2914 3640 2984 eripuit
3679 2929 3773 2967 nos
3805 2914 3873 2967 de

2283 3016 2532 3076 potestate
2552 3005 2903 3070 tenebrarum,
2931 3013 2979 3057 et
3006 3003 3276 3058 transtulit
3304 3003 3360 3057 in
3387 3019 3599 3074 regnum
3627 3000 3753 3055 Filii
3783 3003 3875 3055 di-

2288 3098 2520 3153 lectionis
2543 3113 2670 3160 suw,
2694 3097 2750 3150 in
2771 3113 2873 3167 quo
2898 3096 3147 3150 habemus
3177 3096 3576 3167 redemptionem
3603 3095 3659 3149 in
3684 3094 3875 3148 remis-

2287 3188 2482 3242 sionem
2538 3195 2887 3256 peccatorum,
2945 3185 3035 3259 qui
3093 3193 3168 3239 est
3223 3185 3396 3256 imago
3447 3181 3546 3243 Dei
3600 3181 3876 3236 invisibilis

2290 3274 2512 3349 (Coloss.
2528 3273 2591 3345 ι).
2606 3272 2727 3327 Dixi
2741 3272 2805 3327 de
2818 3272 3069 3341 imagine,
3083 3272 3203 3326 dico
3214 3272 3378 3326 etiam
3395 3271 3460 3325 de
3475 3271 3664 3341 ﬁgura.
3686 3268 3881 3323 Novis-

2288 3367 2433 3422 simis
2466 3363 2647 3418 diebus
2677 3364 2789 3417 istis
2825 3362 3027 3416 locutus
3049 3372 3124 3416 est
3146 3362 3293 3417 nobis
3312 3361 3453 3416 Deus
3472 3362 3527 3414 in
3551 3358 3693 3415 Filio
3717 3374 3869 3428 quem

2290 3459 2557 3515 constituit
2584 3453 2841 3510 haredem
2866 3456 3225 3508 universorum
3249 3470 3342 3524 per
3360 3469 3512 3523 quem
3542 3451 3659 3520 fecit
3687 3459 3731 3504 et
3766 3464 3871 3503 sae-

2291 3547 2429 3612 cula,
2458 3548 2547 3617 qui
2570 3554 2644 3600 est
2668 3543 2904 3615 splendor
2937 3542 3121 3614 gloria:
3140 3552 3188 3596 et
3209 3543 3383 3612 ﬁgura
3407 3541 3710 3597 substantiae
3735 3538 3869 3608 ejus,

2291 3648 2605 3711 portansque
2631 3636 2807 3691 omnia
2831 3634 2982 3689 verbo
3007 3634 3236 3688 veritatis
3265 3648 3375 3687 suae
3405 3630 3594 3702 (Hebr.
3627 3629 3688 3700 ι).
3715 3629 3873 3694 Ecce,

607 3720 738 3824 quid
762 3720 841 3807 ne,
858 3763 982 3805 cum
1006 3753 1065 3801 et
1087 3743 1339 3799 deitatem
1379 3747 1436 3796 et
1468 3751 1686 3794 carnem
1723 3733 1838 3804 ejus
1879 3732 2187 3795 adoramus,
2221 3759 2229 3765 -
2292 3732 2460 3788 Paulo
2479 3728 2720 3801 apostolo
2739 3728 2984 3792 docente,
3011 3726 3297 3782 didicimus
3318 3724 3596 3781 Christum
3615 3737 3734 3782 esse
3750 3720 3879 3775 ima.

607 3812 897 3901 dividimus
931 3836 1294 3895 Christum?»
1335 3834 1467 3902 Quae
1504 3830 1721 3902 quidem
1760 3824 2022 3897 particula
2066 3824 2196 3879 sub-
2296 3823 2477 3895 ginem
2532 3821 2660 3885 Dei,
2710 3828 2766 3874 et
2810 3818 2888 3873 illi
2930 3818 3218 3872 hortantur
3261 3814 3570 3870 materiales
3619 3812 3878 3883 imagines

605 3935 860 4006 junctivae
905 3928 1305 4000 coniunctionis
1357 3901 1422 3981 ne
1478 3901 1683 3979 tantam
1729 3920 1858 3976 huic
1918 3915 2197 3973 sententiae
2296 3916 2437 3970 hanc
2460 3911 2758 3981 intelligere
2773 3909 2986 3965 debere.
3007 3907 3115 3962 Iste
3141 3906 3270 3962 dicit
3296 3905 3545 3960 eumdem
3572 3903 3763 3959 Filium
3786 3901 3877 3972 qui

608 3991 899 4098 permutati
941 3991 1133 4079 sensus
1170 4019 1366 4091 ingerit
1390 4017 1682 4088 jacturam,
1721 4020 1783 4067 ut
1812 4024 1935 4066 eam
1973 4019 2198 4077 prorsus
2299 4014 2383 4062 est
2412 4005 2572 4061 unius
2604 4016 2726 4056 cum
2755 4000 2915 4055 Patre
2950 3997 3267 4053 substantias
3302 3994 3593 4067 imaginem
3622 4006 3735 4047 esse
3776 3991 3875 4046 Dei

611 4097 857 4175 conﬁteri
879 4112 1165 4183 compellat
1199 4110 1343 4181 quod
1375 4108 1467 4164 illa
1498 4120 1698 4176 negare
1735 4100 2029 4159 contendit.
2068 4097 2202 4152 Ver-

613 4217 718 4282 bis,
741 4214 964 4286 quodin
986 4210 1232 4281 sequenti
1256 4213 1550 4271 commate,
1590 4202 1680 4258 ubi
1718 4200 1806 4254 ille
1840 4195 2019 4268 posuit
2055 4207 2204 4247 vene-

615 4318 797 4359 ramur
818 4343 833 4368 ,
889 4302 964 4355 illi
1012 4300 1299 4354 adoramus
1348 4293 1594 4365 posuisse
1640 4291 2001 4368 deteguntur;
2051 4289 2105 4337 et
2146 4287 2206 4335 ut

2301 4106 2358 4154 et
2376 4096 2714 4166 splendorem
2749 4090 2931 4161 gloriae
2963 4097 3018 4143 et
3046 4088 3273 4159 ﬁguram
3307 4084 3618 4141 substantiae
3651 4079 3781 4149 ejus,
3816 4090 3876 4135 et

2287 4186 2382 4241 ‘illi
2403 4185 2590 4241 dicunt
2610 4181 2861 4251 opiﬁcum
2881 4177 3149 4233 industria
3168 4173 3500 4246 praeparatas
3521 4172 3718 4243 ﬁguras
3747 4170 3875 4224 ima-

2306 4276 2485 4345 ginem
2522 4286 2642 4329 esse
2677 4271 2793 4326 Dei.
2836 4267 2881 4324 Ο
2919 4266 3267 4322 exsecrabilis
3299 4264 3492 4319 error!
3536 4278 3570 4317 o
3608 4259 3879 4330 impudens

616 4351 856 4463 apertius
887 4351 1492 4454 no'strai'disputationis
1522 4366 1712 4436 sensus
1737 4351 1937 4445 pateat,
1974 4372 2204 4442 qualiter
2233 4393 2284 4454 Β
2309 4364 2614 4421 dementia!
2654 4377 2687 4416 o
2729 4359 3027 4429 improvida
3068 4355 3353 4463 vecordia!
3388 4359 3557 4460 .tanto
3596 4351 3878 4463 imagiguim

618 4488 736 4543 haec
791 4482 1059 4539 sententia
1106 4478 1174 4531 ab
1225 4474 1422 4528 illustri
1464 4472 1583 4524 viro
1638 4476 1693 4522 et
1741 4464 2062 4534 eloquentiae
2116 4476 2207 4516 eo.

621 4572 833 4627 thurnis
851 4583 974 4623 cum
993 4562 1220 4632 spiritali
1243 4575 1405 4614 sensu
1424 4564 1639 4626 compto
1652 4553 1879 4624 prolata,
1908 4550 2208 4621 qualiterve

624 4660 692 4712 ab
718 4657 825 4710 illis
850 4653 1039 4705 falsata
1062 4651 1152 4713 sit,
1179 4648 1489 4717 singillatim
1527 4657 1809 4714 ponamus.
1850 4641 1939 4696 ille
1974 4639 2119 4693 enim
2148 4645 2209 4690 ut

624 4747 681 4802 in
723 4744 952 4797 duarum
988 4745 1301 4792 naturarum
1340 4734 1755 4805 proprietatibus
1796 4746 1959 4786 unam
1996 4726 2209 4783 Domini

625 4836 849 4907 verique
884 4829 1118 4888 hominis
1150 4842 1437 4897 personam
1475 4831 1827 4886 asseveraret,
1861 4822 1937 4875 ait
1966 4835 1981 4873 :
2018 4838 2037 4869 ί
2067 4818 2212 4872 Nun-

628 4930 758 5003 quid
789 4941 913 4984 cum
943 4931 1003 4999 et
1032 4919 1369 4977 divinitatem
1408 4914 1525 4983 ejus
1561 4912 1847 4965 adoramus
1878 4918 1934 4963 et
1967 4921 2207 4970 carnem,

628 4995 906 5091 Christum
939 4995 1272 5085 dividimus?
1299 5002 1549 5074 Nunquid
1577 5015 1699 5056 cum
1730 4999 1785 5053 in
1824 5012 1889 5052 eo
1926 4995 2213 5064 imaginem

702 5166 731 5199 α
765 5147 1019 5219 Nunquid
1046 5142 1343 5219 ηεῐφιιαηέρ
1368 5146 1416 5219 et
1434 5125 2212 5219 diverse"!Eiicienda

633 5196 1249 5282 aliudnihiiiu’idimus
1262 5196 1532 5283 Christum
1547 5206 1585 5283 ?_
1623 5203 1707 5283 iis
1732 5201 1946 5283 actione
1967 5196 2216 5283 7nsyuodi

634 5267 939 5350 nimim?
967 5267 1430 5357 pseudoseptimaa,
1469 5283 1533 5357 et
1560 5272 1968 5357 AdrianiApapse
1984 5267 2214 5357 Agapith-

614 5335 1136 5429 .
1147 5335 1395 5406 deilatem
1411 5335 1743 5429 "cacumen:L
1774 5335 2093 5429 Ambrosius
2102 5335 2216 5429 "di;

636 5405 1206 5495 Eliiuiéii'éiﬁiiem
1227 5426 1384 5495 vocat
1395 5417 1642 5495 divinam
1649 5418 1702 5463 et
1716 5411 2006 5495 humanam
2019 5405 2218 5485 Christi

940 5494 996 5549 id
1028 5500 1128 5555 est,
1169 5492 1400 5548 θειότητα
1435 5489 1519 5540 καὶ
1558 5483 2079 5560 ἀνθρωπιιότηξᾳκεί
2106 5487 2215 5558 ’ρο-

642 5542 957 5624 ξῖεῖίδῖἷτόέ
965 5542 1356 5637 ifertri'posset,
1368 5571 1480 5637 pro
1509 5566 1616 5637 qua
1642 5542 2027 5637 Patreﬁsﬁs‘olen't.
2038 5542 2217 5637 ﬁdem;

646 5612 1507 5701 Eu'uivaposbolis—hebraizantibus
1526 5612 1727 5676 'dicere
1753 5632 1765 5666 :
1792 5614 1887 5669 sed
1912 5612 2088 5666 Latini
2120 5612 2221 5665 hu-

2308 4471 2495 4511 amore
2513 4460 2837 4516 exaestuans,
2864 4457 2924 4505 ut
2955 4464 3019 4503 ea
3054 4464 3174 4519 quae
3207 4447 3274 4502 de
3310 4444 3588 4515 unigenito
3620 4442 3715 4496 Dei
3749 4439 3879 4494 Filio

2308 4550 2453 4605 dicta
2487 4555 2628 4611 sunt,
2673 4543 3044 4600 materialibus
3092 4540 3276 4611 ﬁguris
3319 4535 3563 4594 conferre
3607 4549 3713 4587 non
3759 4547 3878 4585 eru-

2309 4639 2517 4693 bescas.
2546 4637 2701 4691 Dicat
2726 4635 2888 4689 etiam
2914 4631 3288 4687 sanctissimus
3308 4625 3627 4694 Augustinus
3653 4619 3778 4687 quid
3803 4620 3871 4671 sit

2312 4727 2488 4795 imago
2512 4725 2628 4788 Dei,
2655 4724 2747 4791 qui
2774 4724 2841 4776 ab
2872 4721 2977 4775 illis
3007 4722 3150 4775 hanc
3181 4714 3503 4774 materiaiem
3531 4709 3775 4764 existere.
3795 4705 3874 4760 di-

2310 4817 2456 4870 xisse
2481 4813 2817 4867 criminatur.
2842 4810 2932 4863 Ait
2952 4811 3097 4864 enim
3121 4827 3134 4863 :
3165 4828 3185 4862 ί
3204 4808 3261 4862 in
3290 4807 3396 4861 Deo
3420 4799 3653 4858 conditio
3675 4805 3883 4866 tempo-

2313 4906 2390 4961 ris
2416 4911 2607 4958 vacat:
2633 4918 2741 4957 non
2766 4901 2909 4955 enim
2938 4908 3116 4969 potest
3130 4894 3283 4955 recte
3307 4894 3477 4951 videri
3500 4893 3642 4946 Deus
3664 4889 3722 4943 in
3749 4896 3883 4943 tem-

2311 5008 2443 5065 pore
2468 5005 2753 5064 generasse
2780 4989 2975 5045 Filium
2995 5004 3093 5059 per
3127 5003 3288 5059 quem
3328 4982 3570 5041 condidit
3605 4988 3879 5047 tempora:

2315 5124 2619 5180 inanitatem
2673 5136 2782 5175 non
2809 5118 3141 5190 refugerunt
3197 5103 3882 5190 intemwtari..-$yuodus

2316 5177 2530 5249 Nicaeus
2552 5189 2821 5246 Ambrosii
2856 5177 3019 5243 verba
3045 5187 3259 5240 videtur
3283 5177 3473 5239 Greece
3523 5177 3772 5249 (videtur,
3807 5177 3883 5249 in:-

2318 5241 2819 5334 ii'ui'miﬁ'm'uuu
2847 5241 3235 5334 nilsirgljatinam
3275 5241 3582 5334 versionem
3612 5241 3881 5334 habemus)

2316 5322 2529 5405 ὁιότηιιξα
2548 5332 2815 5405 καὶσὰρκςι
2826 5325 3140 5405 reddidisse.
3171 5323 3325 5405 Quod
3354 5322 3667 5405 imperator.
3686 5322 3884 5405 utlcpr:

2321 5384 2609 5468 rapte—lam"
2628 5384 2989 5468 reprehendit.
3010 5462 3025 5468 _
3046 5394 3161 5468 Ego
3169 5384 3338 5468 :puto
3386 5384 3702 5468 interpretis
3753 5384 3885 5468 hanc

2321 5419 2381 5457 τι]
2423 5417 2580 5455 telam
2628 5417 2989 5468 reprencnuu.
3046 5417 3158 5463 ιηςυ
3207 5417 3338 5461 pum
3386 5417 3702 5458 iiimrpxcua
3753 5417 3885 5440 nulla.

2320 5417 2531 5534 culpam
2559 5483 2697 5531 esse,
2731 5466 2821 5534 qui
2859 5462 3119 5534 synodum
3148 5460 3297 5518 illam
3328 5458 3614 5516 eerrieco
3651 5462 3885 5518 sermone

2323 5542 2377 5609 in
2404 5533 2655 5594 Latinum
2693 5533 2941 5591 contulit.
