4026 6156
209 231 342 288 1081

1016 241 1195 298 LIBRI
1231 243 1574 300 CAROLINI.
1613 274 1684 284 —
1721 244 1946 301 CAPIT.
1991 252 2078 306 DE
2115 255 2305 312 IMAG.
2343 287 2414 297 —
2450 256 2578 313 LIB.
2617 258 2684 313 II.

3339 264 3478 322 1082

207 365 547 419 consequens
576 358 754 406 autem
780 359 860 406 est
894 364 954 407 ut
995 370 1104 409 nou
1140 357 1311 410 solum
1349 357 1526 426 imago
1549 354 1664 424 ejus
1690 357 1780 419 sil,
1809 360 1857 417 Α
1885 377 1986 425 mo,
2033 375 2205 422 tamen
2247 386 2376 423 vane
2416 371 2759 424 conturbatur
2793 373 3023 444 (Psalm.
3074 378 3294 450 xxxrx);
3336 390 3390 434 et
3427 381 3474 435 si

207 441 340 507 quia
375 443 438 494 de
477 441 565 494 illo
600 449 699 504 est,
740 450 793 496 et
830 444 1146 509 similitudo,
1188 449 1312 516 quia
1351 449 1526 516 imago
1559 456 1654 510 est,
1694 447 1787 501 sed

200 530 373 582 etiam
417 531 694 597 mqualitas
741 539 890 586 tanta
917 543 977 586 ut
1006 551 1105 589 nec
1152 538 1409 604 temporis
1451 538 1788 591 intervallum

197 617 595 687 impedimento
618 622 708 674 sit.
733 643 750 674 ι
787 623 885 678 Dic
915 624 1096 692 itaque
1132 627 1297 680 etiam
1337 635 1414 689 tu,
1453 628 1788 680 sanctissime

193 705 493 773 Ambrosi,
542 712 670 779 quid
717 713 782 766 de
816 713 917 767 hac
956 715 1186 782 imagine
1227 717 1428 770 sentire
1466 723 1520 771 te
1557 725 1783 771 constet.

195 795 444 852 Defende
479 800 698 854 beatum
735 799 1089 869 Augustinum
1126 818 1225 871 per
1253 813 1305 858 te
1339 803 1552 859 favente
1580 805 1690 860 Deo
1721 806 1788 859 ad

191 885 332 942 ﬁdei
355 890 664 945 rudimenta
688 907 1019 958 conversum,
1043 909 1204 964 quem
1228 897 1378 951 vides
1400 913 1544 952 nunc
1563 898 1630 952 ab
1657 897 1790 951 ima-

191 975 392 1044 ginum
428 979 797 1035 adoratoribus
838 974 1070 1038 infauste
1113 986 1478 1039 criminatum.
1512 986 1697 1041 Prtebe
1738 989 1787 1042 ei

191 1065 622 1132 adminiculum,
675 1079 732 1123 ut
773 1081 1001 1126 ematur
1049 1076 1184 1128 tanti
1227 1077 1468 1130 criminis
1513 1077 1652 1132 mole
1696 1079 1786 1146 qui

191 1157 480 1220 quondam
504 1173 601 1225 per
627 1166 678 1214 te
705 1169 899 1215 exutus
919 1171 1001 1216 est
1027 1163 1264 1219 haeretici
1292 1167 1557 1235 dogmatis
1578 1183 1784 1222 errore.

197 1259 216 1291 ι
244 1241 554 1311 Prophetm,
590 1248 828 1316 inquam,
865 1251 1049 1306 dicunt
1076 1252 1349 1308 Christum
1372 1256 1462 1323 qui
1495 1264 1577 1310 est
1608 1257 1786 1327 imago

191 1328 380 1386 Patris
429 1334 715 1390 invisibilis
764 1348 820 1392 et
871 1340 1041 1410 ﬁgura
1094 1343 1409 1399 substantiae
1458 1344 1593 1412 ejus,
1643 1348 1787 1414 quod

189 1421 310 1488 ipse
331 1423 401 1476 sit
421 1423 670 1492 splendor
689 1427 826 1483 lucis
843 1437 1076 1496 azternaz,
1102 1441 1156 1487 et
1172 1435 1446 1501 speculum
1470 1436 1588 1489 sine
1606 1451 1788 1490 macu-

188 1510 244 1564 la
272 1513 369 1566 Dei
390 1514 714 1582 majestatis,
737 1528 793 1572 et
814 1520 992 1590 imago
1012 1523 1272 1579 bonitatis
1293 1525 1455 1579 illius.
1480 1545 1497 1576 ι
1525 1526 1638 1580 Hoc
1659 1541 1786 1595 ergo

186 1604 358 1657 modo
404 1621 530 1658 cum
570 1610 850 1675 prophetis
898 1619 953 1664 et
1003 1615 1261 1680 apostolis
1303 1614 1602 1684 Augustino
1642 1632 1780 1681 meo,

185 1693 306 1746 imo
335 1708 466 1747 vero
489 1694 585 1748 Dei
611 1696 824 1761 cultori,
855 1699 1082 1753 tutelam
1107 1701 1356 1756 conferre
1383 1704 1603 1756 curabo.
1646 1704 1778 1758 Vide
1809 1676 1858 1738 Β

184 1790 402 1849 quanta
427 1782 675 1838 dicantur
701 1803 713 1837 :
742 1786 1013 1853 splendor,
1038 1790 1180 1858 quod
1206 1789 1424 1844 claritas
1442 1799 1679 1859 paternae
1703 1792 1784 1846 lu—

187 1870 279 1924 cis
312 1870 366 1923 in
398 1871 536 1926 Filio
563 1874 663 1938 sit;
706 1877 980 1944 speculum
1019 1879 1135 1933 sine
1176 1881 1407 1945 macula,
1453 1882 1595 1950 quod
1628 1882 1786 1936 Pater

189 1960 256 2014 in
287 1961 459 2027 Filio;
494 1963 672 2031 imago
699 1967 978 2033 bonitatis,
1018 1971 1160 2038 quod
1196 1987 1302 2042 non
1340 1988 1533 2042 corpus
1571 1975 1624 2027 in
1661 1989 1783 2027 cor-

187 2063 352 2117 pore,
383 2052 478 2105 sed
503 2051 674 2105 virtus
699 2052 755 2106 in
782 2053 920 2108 Filio
948 2063 1060 2110 tota
1099 2067 1370 2112 cernatur.
1415 2059 1594 2129 Imago
1631 2061 1786 2115 docet

186 2153 298 2192 nos
334 2154 454 2194 esse
487 2140 796 2207 dissimiles,
839 2145 1119 2200 character
1144 2164 1456 2218 expressum
1480 2166 1598 2205 esse
1623 2153 1785 2222 signi-

187 2228 341 2291 ﬁcat,
390 2229 644 2297 splendor
683 2232 862 2301 signat
900 2242 1182 2290 internum.
1229 2238 1409 2307 Imago
1448 2241 1631 2308 itaque
1677 2257 1784 2296 non

183 2317 374 2371 vultus
399 2326 481 2372 est
498 2321 810 2387 corporalis,
843 2338 948 2377 non
979 2323 1116 2380 fucis
1140 2329 1456 2396 composita,
1486 2344 1592 2383 non
1621 2329 1780 2394 ceris,

190 2407 298 2460 sed
327 2409 556 2478 simplex
595 2411 661 2465 de
696 2413 824 2478 Deo,
868 2431 1082 2482 egressa
1115 2417 1179 2471 de
1208 2418 1388 2483 Patre,
1422 2432 1678 2487 expressa
1718 2421 1784 2474 de

188 2495 349 2550 fonte
376 2514 388 2548 :
416 2513 512 2566 per
536 2497 675 2552 hanc
709 2500 993 2569 imaginem
1018 2504 1263 2574 Philippo
1285 2507 1500 2560 Patrem
1524 2508 1785 2563 Dominus

186 2586 539 2651 monstravit,
575 2587 776 2650 dicens,
818 2590 1077 2661 Philippe,
1115 2595 1203 2663 qui
1246 2612 1326 2648 me
1371 2597 1523 2660 videt,
1564 2599 1699 2651 videt
1736 2609 1783 2651 et

189 2674 414 2732 Patrem
437 2693 454 2731 :
478 2687 524 2730 et
555 2680 815 2747 quomodo
843 2690 898 2734 tu
933 2682 1084 2748 dicis,
1111 2683 1334 2738 Ostende
1356 2687 1501 2740 nobis
1534 2687 1785 2742 Patrem?

193 2761 326 2818 Non
356 2766 522 2818 credis
550 2768 674 2836 quia
707 2785 798 2837 ego
828 2770 882 2822 in
911 2770 1072 2824 Patre
1096 2782 1142 2825 et
1172 2773 1333 2828 Pater
1363 2777 1419 2828 in
1449 2792 1531 2828 me
1558 2786 1650 2830 est.
1698 2776 1786 2830 Vi-

189 2850 274 2902 dit
305 2852 440 2904 enim
471 2854 525 2907 in
555 2855 780 2925 imagine
809 2858 1023 2912 Patrem
1057 2862 1146 2929 qui
1180 2863 1305 2916 vidit
1342 2865 1396 2918 in
1429 2864 1572 2919 Filio
1601 2868 1780 2936 (Joan.

190 2937 336 3009 xiv).
365 2940 496 2995 Vide
531 2957 690 3010 quam
716 2945 1006 3016 imaginem
1039 2951 1182 3005 dicat
1209 2970 1220 3006 :
1249 2953 1424 3023 imago
1451 2956 1652 3010 veritas
1675 2966 1777 3023 est,

187 3027 376 3096 imago
415 3031 517 3086 ista
555 3029 764 3098 justitia
802 3045 904 3100 est,
954 3037 1132 3110 imago
1174 3041 1276 3095 ista
1314 3043 1409 3096 Dei
1445 3045 1618 3099 virtus
1656 3055 1775 3112 est;

188 3133 300 3177 non
330 3127 498 3185 muta,
533 3122 658 3190 quia
703 3126 925 3179 verbum
962 3136 1076 3193 est;
1116 3145 1224 3184 non
1264 3131 1612 3198 insensibilis,
1653 3137 1780 3204 quia

185 3209 452 3276 sapientia
499 3221 617 3278 est;
670 3229 779 3268 non
827 3216 1034 3282 inanis,
1094 3221 1222 3288 quia
1277 3223 1451 3277 virtus
1500 3232 1619 3289 est;
1672 3242 1780 3281 non

184 3311 375 3362 vacua,
407 3302 533 3369 quia
569 3303 676 3358 vita
714 3313 826 3371 est;
878 3323 986 3361 non
1025 3317 1260 3375 mortua,
1293 3313 1420 3380 quia
1454 3316 1780 3371 resurrectio

184 3397 286 3441 est.
314 3390 477 3444 Vides
510 3406 639 3462 ergo
663 3394 788 3461 quia
817 3396 944 3450 dum
976 3397 1154 3466 imago
1192 3398 1411 3465 dicitur,
1450 3400 1670 3456 Patrem
1705 3403 1779 3457 si-

184 3479 411 3546 gniﬁcat
440 3496 580 3546 esse,
612 3482 765 3551 cujus
794 3485 970 3554 imago
996 3488 1066 3541 sit
1101 3489 1287 3554 Filius,
1324 3491 1451 3559 quia
1484 3507 1644 3547 nemo
1675 3509 1776 3564 po-

189 3579 300 3633 test
322 3573 438 3640 ipse
464 3574 567 3627 sibi
589 3575 764 3645 imago
785 3592 881 3632 sua
907 3594 1045 3633 esse.
1089 3580 1355 3646 Quoniam
1391 3585 1554 3654 igitur
1589 3587 1776 3658 imagi-

186 3673 317 3712 nem
362 3659 458 3714 Dei
492 3676 599 3714 non
635 3665 940 3720 materiales
976 3667 1268 3738 imagines,
1307 3681 1365 3726 ut
1398 3673 1475 3727 illi
1510 3677 1771 3745 garriunt,

183 3750 281 3804 sed
322 3751 418 3805 Dei
450 3751 647 3806 Filium
679 3763 989 3810 sanctorum
1026 3758 1245 3814 Patrum
1271 3766 1548 3820 sententiis
1578 3783 1774 3836 appro-

182 3837 456 3903 bavimus,
483 3850 653 3896 restat
675 3852 734 3896 ut
755 3845 984 3914 qualiter
1009 3848 1064 3901 in
1087 3864 1151 3902 eo
1173 3850 1363 3920 signati
1395 3855 1566 3912 simus
1589 3859 1772 3913 brevi-

182 3935 270 3984 ter
290 3931 644 4000 explicemus.
687 3935 895 4004 Signati
925 3939 1114 4010 itaque
1147 3959 1330 3999 sumus
1363 3947 1417 4000 in
1449 3963 1532 4013 eo,
1559 3952 1772 4018 quando

184 4021 479 4076 secundum
508 4023 824 4094 Apostolum
857 4030 909 4083 in
946 4042 1119 4087 morte
1147 4035 1261 4104 ejus
1286 4039 1546 4107 baptizati
1583 4057 1770 4096 sacro-

185 4109 354 4162 sancti
381 4112 635 4179 unguinis
661 4114 868 4183 liquore
890 4118 1112 4175 delibuti
1140 4139 1346 4190 sumus,
1379 4134 1432 4180 et
1465 4129 1770 4196 accepimus

185 4193 474 4254 Christiani
496 4203 729 4262 nominis
753 4212 1181 4279 praerogativam,
1205 4213 1363 4281 juxta
1388 4215 1519 4269 illud
1549 4193 1691 4286 quod
1717 4220 1767 4273 ei

187 4285 237 4339 in
262 4287 498 4346 Canticis
526 4297 860 4352 canticorum
886 4301 1097 4368 dicitur,
1122 4303 1306 4359 Oleum
1328 4307 1551 4375 eﬁ‘usum
1577 4318 1649 4362 est
1674 4327 1768 4363 no-

186 4390 300 4429 men
320 4387 468 4431 tuum
490 4381 663 4452 (Cant.
687 4387 760 4454 1);
789 4387 1147 4459 impleturque
1177 4393 1416 4448 divinum
1448 4411 1547 4464 per
1574 4397 1766 4452 Isaiam

189 4467 503 4557 prophetam
526 4476 792 4539 quondam
810 4481 1209 4551 promulgatum
1232 4487 1531 4554 oraculum,
1548 4505 1653 4557 quo
1669 4491 1764 4555 ait,

189 4549 539 4610 Servientibus
590 4578 702 4615 vero
747 4566 872 4619 mihi
903 4571 1172 4624 vocabitur
1199 4590 1387 4629 nomen
1415 4595 1603 4632 novum
1627 4581 1762 4650 (Isa.

187 4646 333 4714 an).
367 4645 654 4716 Signamur
679 4669 808 4722 ergo
831 4656 885 4710 in
913 4672 978 4710 eo
1005 4659 1094 4726 qui
1125 4663 1420 4718 secundum
1449 4666 1765 4742 Apostolugm

186 4734 410 4803 signavit
433 4756 550 4802 nos,
581 4751 634 4794 et
660 4743 807 4798 dedit
827 4747 1019 4817 pignus
1049 4750 1280 4818 Spiritus
1304 4755 1358 4808 in
1390 4734 1642 4813 cordibus
1669 4738 1768 4816 no-

188 4828 323 4892 stris,
353 4831 408 4882 in
439 4847 548 4901 quo
573 4834 737 4888 etiam
766 4836 999 4904 Spiritus
1020 4842 1244 4909 pignore
1268 4845 1460 4915 signati
1491 4864 1677 4904 sumus
1708 4851 1762 4906 in

193 4915 273 4971 die
311 4924 694 4993 redemptionis
721 4947 734 4981 :
759 4931 954 5001 signati
995 4944 1174 4990 autem
1201 4954 1387 4994 sumus
1423 4941 1627 5010 Spiritu
1668 4945 1761 5000 Dei

197 5017 385 5072 sancto,
423 5022 483 5066 ut
516 5025 570 5070 et
607 5019 830 5088 spiritus
863 5032 1047 5078 noster
1083 5035 1136 5080 et
1170 5029 1348 5083 anima
1386 5031 1764 5100 imprimantur

199 5094 459 5192 signaculo
477 5107 587 5171 Dei,
615 5118 670 5163 et
690 5111 836 5165 illam
857 5115 1180 5183 recipiamus
1201 5118 1489 5190 imaginem
1512 5124 1579 5177 ad
1600 5139 1761 5192 quam

196 5181 249 5242 in
277 5194 490 5250 exordio
517 5201 716 5254 conditi
743 5218 948 5268 sumus,
981 5221 1140 5274 quam
1170 5213 1440 5275 peccando
1468 5229 1568 5266 nec
1594 5214 1647 5266 in
1680 5223 1761 5268 to-

199 5279 307 5330 tum
331 5283 622 5353 amisimus,
650 5307 752 5345 nec
781 5292 834 5344 in
859 5300 1032 5347 totum
1062 5295 1115 5348 in
1142 5298 1298 5351 nobis
1323 5300 1639 5355 intemerata
1672 5319 1758 5355 re-

196 5369 412 5436 mansit;
444 5375 569 5442 quia
597 5378 644 5432 si
671 5379 812 5433 hanc
841 5380 896 5433 in
928 5388 1101 5436 totum
1129 5385 1525 5453 amisissemus,
1559 5405 1759 5458 nequa-

193 5468 338 5521 ‘luam
367 5464 639 5523 diceretur
665 5487 678 5524 :
705 5468 1019 5541 Quanquam
1049 5474 1102 5529 in
1136 5476 1362 5533 imaaine
1399 5479 1623 5533 ambulet
1661 5481 1760 5534 hos

253 5579 274 5613 ε
302 5570 408 5629 lmo
439 5575 684 5633 Joannis.
718 5613 720 5615 ›

1885 451 2021 508 hanc
2052 459 2106 508 in
2138 467 2309 512 totum
2343 459 2717 514 intemeratam
2744 477 3238 534 conservassemus,
3276 483 3477 538 nequa-

1886 556 2045 607 quam
2091 547 2384 614 Apostolus
2425 550 2673 605 diceret:
2711 551 3093 624 Reformamini
3143 561 3199 612 in
3248 561 3476 615 novitate

1885 634 2068 690 mentis
2092 645 2270 689 vestra!
2293 637 2471 706 (Rom.
2500 639 2635 709 xu);
2663 649 2716 693 et
2744 642 2873 696 illud
2897 659 2910 695 :
2937 643 3002 696 In
3029 647 3264 700 eamdem
3286 648 3476 718 imagi-

1887 736 2002 772 nem
2071 727 2512 795 transformamur
2563 748 2595 782 a
2647 731 2884 787 claritate
2926 735 2981 787 in
3028 735 3321 792 claritatem
3385 737 3474 809 (ΙΙ

1887 811 2009 865 eo"
2048 813 2154 882 "0'
2461 887 2688 943 CAPUT
2725 891 2888 946 xvu.

1889 969 2040 1034 Quod
2079 970 2317 1040 Gregorii
2351 974 2573 1050 Nysseni
2608 979 2851 1050 episcopi,
2869 997 2932 1033 ex
2952 998 3052 1050 quo
3091 983 3168 1036 illi
3207 985 3276 1036 ad
3317 1003 3470 1040 suum

1956 1057 2184 1096 errarent
2241 1045 2576 1096 astruendum
2642 1045 3211 1104 testintonia'trahunt
3258 1064 3306 1106 et
3366 1057 3471 1109 vita

1957 1109 2103 1162 nobis
2141 1119 2188 1162 et
2225 1111 2525 1177 prwdicatio
2562 1115 2627 1164 sit
2666 1115 2949 1183 incognita.

1956 1195 2093 1262 Quid
2125 1199 2180 1252 in
2226 1199 2327 1253 hac
2372 1207 2525 1267 parte
2572 1202 2726 1255 nobis
2773 1205 3165 1260 observandum
3211 1208 3301 1271 sit,
3347 1225 3470 1279 apo-

1886 1287 2007 1340 stoli
2045 1299 2069 1326 ιι
2109 1287 2259 1348 Pauli
2296 1289 2514 1344 monitis
2551 1291 2925 1358 perdocemur,
2965 1295 3056 1362 qui
3095 1296 3211 1348 ait:
3241 1296 3471 1351 Probate

1885 1378 2096 1445 spiritus
2134 1395 2201 1430 an
2247 1395 2310 1431 ex
2348 1377 2458 1431 Deo
2509 1380 2652 1444 sint;
2703 1388 2757 1434 et
2800 1381 3038 1435 iterum:
3091 1383 3218 1436 Noli
3265 1386 3472 1440 credere

1887 1466 2026 1517 omni
2073 1466 2300 1534 spiritui,
2352 1466 2442 1520 sed
2485 1469 2648 1536 proba
2699 1480 2918 1524 mentem
2974 1471 3025 1542 (I
3072 1473 3231 1528 Joan.
3287 1491 3360 1538 ιν,
3415 1477 3472 1530 in

1884 1551 2030 1624 pr.);
2072 1570 2196 1608 nam
2231 1557 2378 1620 dum,
2418 1566 2478 1610 ut
2526 1558 2732 1626 praefati
2779 1577 2984 1627 sumus,
3039 1563 3288 1635 Gregorii
3335 1567 3469 1638 Nys-

1886 1644 1998 1696 seni
2038 1645 2274 1712 episcopi
2308 1653 2362 1698 et
2397 1647 2506 1698 vita
2542 1649 2698 1701 nobis
2735 1658 2788 1702 et
2823 1652 3134 1718 praedicatio
3162 1656 3231 1709 sit
3262 1657 3465 1725 ignota,

1891 1731 2195 1784 testimonia
2248 1748 2368 1800 quae
2410 1734 2478 1787 de
2523 1733 2660 1809 ejus
2687 1739 2963 1805 opusculis
3007 1740 3353 1808 proferuntur
3401 1745 3471 1801 ad

1888 1835 1976 1875 res
2003 1821 2194 1877 dubias
2219 1822 2634 1889 conﬁrmandas,
2666 1827 2846 1882 minus
2871 1841 3171 1885 cernuntur
3199 1848 3319 1888 esse
3351 1834 3469 1888 ido-

1886 1927 2030 1965 nea:
2073 1913 2214 1967 unde
2256 1911 2373 1981 ejus
2415 1914 2660 1968 doctrina
2709 1933 2808 1972 nec
2856 1934 2888 1972 a
2939 1922 3094 1976 nobis
3144 1931 3227 1976 est
3272 1924 3469 1993 insigni

1887 2000 2044 2056 laude
2065 2002 2420 2072 praeferenda,
2449 2020 2548 2060 nec
2576 2006 2864 2062 admodum
2889 2014 3345 2079 reprehendenda,
3373 2014 3471 2070 sed

1887 2092 2033 2146 illius
2087 2094 2338 2163 dogmate
2389 2110 2510 2148 cum
2555 2105 2874 2152 caeterorum
2927 2101 3267 2172 dogmatibus
3325 2121 3464 2174 quos

1887 2181 2198 2250 ignoramus
2219 2185 2540 2253 postposito,
2568 2195 2738 2240 restat
2780 2197 2838 2241 ut
2876 2199 2997 2259 post
3032 2194 3374 2262 propheticas
3413 2204 3470 2251 et

1886 2273 2225 2342 evangelicas
2277 2275 2389 2328 sive
2438 2277 2762 2344 apostolicus
2823 2283 3120 2351 scripturas
3178 2287 3470 2342 illustrium

1885 2360 2049 2413 etiam
2076 2361 2392 2416 Latinorum
2423 2362 2704 2420 doctorum
2730 2384 2960 2437 quorum
2989 2374 3144 2428 nobis
3174 2384 3228 2430 et
3267 2378 3377 2432 vita
3412 2385 3469 2432 et

1885 2448 2196 2515 praedicatio
2217 2450 2471 2513 innotuit,
2511 2453 2625 2507 sive
2657 2455 2968 2512 Graecorum
3006 2462 3097 2530 qui
3133 2472 3186 2518 et
3216 2463 3469 2519 catholici

1888 2535 2106 2589 fuerunt
2149 2545 2204 2590 et
2249 2553 2278 2590 a
2326 2539 2606 2595 catholicis
2647 2558 2800 2612 atque
2846 2547 2901 2600 in
2945 2558 3183 2604 nostram
3230 2552 3468 2623 linguam

1888 2624 2132 2678 translati
2155 2634 2300 2692 sunt,
2325 2634 2533 2681 tantum
2557 2630 2898 2701 dogmatibus
2917 2640 3152 2694 contenti
3179 2640 3371 2697 simus.

2465 2739 2693 2796 CAPUT
2721 2744 2906 2800 XVIII.

1889 2823 2042 2888 Quod
2075 2827 2269 2906 nonad
2305 2827 2664 2906 adorationem
2709 2832 2997 2906 imaginum
3035 2839 3291 2906 pertineat
3307 2842 3467 2897 testi-

2041 2897 2272 2948 monium
2306 2897 2444 2966 quod
2463 2898 2526 2950 de
2549 2911 2693 2952 sexta
2719 2897 2915 2970 synodo
2940 2897 3286 2972 protulerunt.

1809 3007 1856 3070 ο
1959 2985 2162 3040 Textus
2187 3002 2318 3042 sane
2363 2989 2657 3044 testimonii
2694 2993 2837 3059 quod
2868 2992 2936 3047 de
2955 3005 3107 3049 sexta
3159 2998 3366 3067 synodo
3410 3016 3466 3054 in

1883 3078 2071 3130 eadem
2103 3094 2367 3148 nugarum
2398 3081 2871 3150 agglomeratione,
2907 3101 3025 3154 quae
3050 3103 3148 3156 pro
3178 3090 3468 3146 adorandis

1882 3167 2208 3238 imaginibus
2256 3170 2458 3239 scripta
2510 3180 2612 3237 est,
2662 3181 2875 3230 laxasse
2927 3179 3296 3246 perhibentur,
3342 3181 3469 3236 talis

1879 3264 2000 3310 est:
2037 3275 2055 3307 ‹
2088 3258 2145 3311 In
2181 3259 2502 3326 quibusdam
2529 3265 2917 3319 venerabilium
2947 3267 3194 3337 imaginis
3238 3271 3468 3338 pictura:

1880 3361 2052 3415 agnus
2099 3349 2268 3419 digito
2318 3353 2672 3418 praecursoris
2725 3365 3054 3412 monstratus
3130 3358 3464 3429 designatur,

1834 3473 1836 3476 μ
1879 3440 2022 3506 quod
2057 3439 2112 3493 in
2167 3440 2381 3509 signum
2431 3441 2652 3496 relictus
2681 3452 2764 3498 est
2821 3447 3026 3514 gratim,
3075 3464 3261 3503 verum
3306 3450 3466 3507 nobis

1876 3544 1974 3598 per
2011 3530 2181 3600 legem
2231 3542 2654 3600 prmmonstrans
2699 3553 2917 3606 agnum,
2969 3538 3238 3594 Christum
3283 3542 3467 3597 Domi-

1877 3633 2004 3671 num
2035 3626 2298 3673 nostrum.
2346 3640 2363 3672 ι
2405 3621 2507 3688 Qui
2549 3630 2730 3678 tamen
2777 3642 3080 3696 quanquam
3143 3646 3250 3685 non
3278 3630 3353 3686 ita
3394 3633 3465 3689 ab

1875 3709 1983 3764 illis
2028 3711 2270 3779 prolatus
2318 3714 2388 3768 sit
2430 3714 2570 3769 sicut
2623 3717 2677 3769 in
2725 3719 2912 3773 eadem
2962 3721 3166 3790 synodo
3208 3723 3460 3789 habetur,

1875 3817 1976 3856 nec
2007 3803 2086 3857 sic
2111 3805 2325 3872 quidem
2361 3815 2422 3860 ut
2459 3807 2527 3862 ab
2571 3807 2677 3862 illis
2717 3819 3004 3879 usurpatus
3030 3823 3132 3878 est,
3181 3814 3460 3883 cujusdam

1874 3893 2170 3964 imaginum
2209 3896 2538 3953 adorationis
2567 3903 2853 3967 quamdam
2882 3900 3076 3956 fecisse
3115 3904 3453 3970 dignoscitur

1873 3984 2230 4049 mentionem;
2263 3987 2356 4040 sed
2373 4002 2495 4040 cum
2517 4002 2652 4056 pene
2669 3989 2869 4041 nullum
2893 3991 3088 4043 habeat
3119 3991 3298 4045 latina:
3318 3994 3458 4047 inte-

1875 4075 2088 4146 gritatis
2121 4077 2379 4146 vigorem,
2404 4094 2672 4146 sensuque
2693 4080 2764 4132 sit
2793 4081 3003 4148 tepidus
3030 4081 3316 4149 verbisque
3340 4081 3457 4136 ille-

1870 4165 2047 4234 pidus,
2065 4174 2118 4220 et
2131 4169 2361 4235 quadam
2383 4182 2446 4221 ex
2470 4175 2624 4236 parte
2650 4170 2857 4224 ratione
2879 4170 3129 4235 nudatus,
3146 4171 3350 4226 nullum
3376 4181 3454 4227 ta-

1871 4272 1994 4312 men
2021 4273 2207 4313 eorum
2230 4259 2402 4314 errori
2426 4259 2810 4315 adminiculum
2833 4264 3072 4332 praebere
3096 4273 3450 4321 monstratur.

2436 4371 2664 4428 CAPUT
2713 4373 2854 4428 XIX.

1871 4460 2023 4526 Quod
2047 4464 2300 4541 sententia
2336 4463 2560 4541 Joannis
2582 4463 3161 4541 Constantinopolitani
3203 4472 3449 4541 episcopi,

1936 4549 2094 4610 quam
2126 4532 2204 4585 illi
2235 4534 2288 4586 in
2333 4534 2684 4610 testimonium
2737 4532 3131 4610 adorandarum
3161 4532 3450 4610 imaginum

1937 4602 2185 4680 trahunt,
2234 4619 2338 4656 non
2390 4603 2458 4656 ad
2492 4603 2545 4656 id
2617 4605 2756 4674 quod
2803 4605 2883 4660 illi
2944 4617 3131 4678 putant
3194 4602 3452 4680 pertinere

1935 4671 2275 4738 dignoscitur.

1936 4759 2042 4812 Sed
2071 4775 2245 4828 neque
2291 4761 2560 4816 sententia
2593 4762 2818 4819 Joannis
2862 4765 3448 4838 Constantinopolitani

1865 4849 2123 4918 episcopi,
2182 4866 2489 4922 quanquam
2541 4855 2608 4909 ab
2660 4856 2766 4910 illis
2807 4861 3054 4914 mutilata
3101 4862 3192 4922 sit,
3226 4861 3369 4913 sicut
3394 4872 3450 4916 et

1864 4948 2073 4995 cazterre
2100 4951 2408 4997 sanctorum
2452 4943 2675 4999 Patrum
2718 4950 3001 5002 sententia:
3027 4962 3160 5015 quas
3212 4947 3266 4997 in
3307 4948 3452 5014 ejus-

1865 5032 1984 5086 dem
2011 5033 2198 5102 synodi
2229 5034 2495 5103 scriptura
2545 5036 2864 5103 depravatas
2892 5038 2960 5089 ab
2989 5036 3093 5088 illis
3122 5035 3447 5100 reperimus,

1863 5123 2126 5192 quoddam
2154 5121 2366 5176 illorum
2380 5123 2552 5177 errori
2582 5123 2791 5177 deferre
2810 5123 3052 5177 creditur
3077 5120 3407 5187 adjutorium
3433 5143 3446 5177 :

1863 5211 2056 5278 quippe
2093 5225 2216 5263 cum
2247 5211 2300 5264 in
2341 5211 2526 5265 eadem
2575 5227 2684 5265 non
2718 5208 2930 5262 illarum
2979 5211 3277 5277 imaginum
3304 5227 3453 5277 quae-

1860 5300 1982 5352 dam
2019 5299 2222 5353 mentio
2253 5300 2324 5352 sit
2357 5313 2476 5366 quae
2515 5297 2570 5348 in
2605 5294 2841 5349 basilicis
2877 5311 2998 5351 esse
3026 5305 3450 5359 consueverunt,

1861 5391 1959 5445 sed
1995 5391 2208 5451 illarum
2234 5403 2367 5457 quas
2395 5383 2581 5453 gentili
2610 5390 2664 5434 et
2700 5385 3082 5446 superstitioso
3109 5379 3217 5431 ritu
3247 5377 3454 5432 Roma-

1861 5499 2050 5541 norum
2118 5483 2467 5552 imperatores
2525 5471 2926 5529 ostentabiliter
2995 5476 3070 5530 ob
3107 5466 3194 5523 sui
3249 5465 3458 5524 favori!
