4026 6156
595 255 727 310 1083

1457 217 1518 312 ιι.
1557 259 1805 315 canon
1840 257 2053 314 usam
2091 256 2242 314 opp.
2281 258 2460 316 rans
2497 261 2561 316 ιι.
2603 260 2843 317 δευτιο
2880 261 2945 316 ιι.

3687 265 3831 320 1081»

591 363 950 434 arrogantiam
1010 367 1236 424 adorare
1294 379 1637 424 censuerunt.
1706 371 1878 436 Quam
1939 371 2374 438 quidemAram
2422 389 2529 427 non
2589 382 2859 430 terrenam
2922 376 3152 444 speciem
3202 375 3450 438 honorat,
3496 376 3590 430 sed
3643 379 3835 433 eadem

591 456 904 524 sacrilegam
959 457 1283 526 impietatem
1334 457 1407 510 ita
1471 457 1645 513 nullos
1697 459 2042 526 antiquorum
2073 473 2157 511 re-

589 563 711 618 gum
741 549 1039 617 reperimus
1097 549 1368 612 habuisse,
1396 550 1535 604 sicut
1554 558 1608 604 et
1641 565 1775 618 pene
1803 549 2004 603 nullam
2029 563 2157 619 gen—

591 647 698 692 tem
729 645 893 692 tantac
918 637 1250 692 crudelitatis
1289 646 1669 709 tantorumque
1695 638 1957 694 idolorum
1983 639 2158 693 servi-

590 727 682 782 tiis
720 729 1012 792 subditam,
1050 735 1109 781 ut
1141 727 1306 791 illam,
1363 729 1571 797 uspiam
1598 729 1824 798 legimus
1863 729 2155 784 exstitisse.

593 819 797 888 Magum
833 834 961 886 ergo
997 819 1334 874 crudelitatis
1371 827 1426 874 et
1451 835 1638 874 revera
1687 837 1892 890 magum
1933 819 2160 875 crudeli-

589 909 717 962 tatis
743 917 797 963 et
827 907 1157 964 fortitudinis
1202 911 1473 978 quondam
1528 909 1648 975 fuit,
1678 925 1798 978 quae
1841 926 1870 963 a
1898 910 2159 979 propheta

588 998 808 1053 Daniele
850 999 905 1052 in
937 999 1273 1067 expositione
1297 999 1608 1069 quadriﬁda:
1635 1008 1844 1066 statuae,
1885 1015 2004 1069 qua:
2029 1015 2162 1068 qua-

591 1099 715 1144 tuor
767 1089 1188 1146 fortissimorum
1253 1091 1437 1146 mundi
1490 1105 1778 1159 regnorum
1841 1092 2160 1160 praesagium

591 1178 710 1243 fuit,
778 1186 899 1248 post
941 1188 1101 1249 caput
1158 1194 1399 1243 aureum,
1463 1181 1606 1248 quod
1648 1180 1992 1250 Assyriorum
2049 1180 2161 1234 sive

590 1268 961 1323 Chaldaaorum
988 1283 1211 1337 regnum
1257 1267 1519 1337 signavit;
1560 1276 1748 1348 pignus
1796 1282 1925 1321 vero
1969 1281 2161 1334 argen-

591 1365 757 1420 teum,
797 1357 940 1426 quod
981 1357 1254 1411 Medorum
1297 1357 1690 1425 Persarumque
1721 1353 1940 1425 regnum
1968 1355 2163 1424 ﬁgura-

591 1449 668 1502 vit
695 1463 708 1510 ;
741 1445 944 1501 femora
963 1462 1091 1501 vero
1110 1462 1269 1511 aerea,
1293 1461 1390 1515 per
1419 1462 1537 1516 qua:
1563 1446 1907 1501 Macedonum
1933 1461 2160 1516 regnum

590 1545 948 1591 monstratum
986 1545 1088 1600 est,
1129 1536 1184 1590 in
1230 1536 1476 1590 cruribus
1521 1535 1712 1590 ferreis
1739 1535 2016 1604 designata
2042 1542 2156 1589 est:

589 1633 644 1681 et
672 1625 938 1694 quomodo
998 1623 1198 1679 ferrum
1253 1624 1483 1679 conterit
1529 1631 1584 1679 et
1633 1625 1814 1678 domat
1856 1625 2054 1688 omnia,
2086 1625 2157 1676 ita

2262 462 2431 530 ipsam
2457 463 2730 517 caelestem
2766 464 2935 534 ﬁgura
2987 474 3278 519 reveretur.
3329 485 3346 516 ι
3391 464 3518 530 Quae
3564 468 3835 520 sententia

2261 564 2564 619 quanquam
2594 551 2924 606 locutionum
2969 553 3203 621 phaleris
3245 561 3297 606 et
3323 555 3610 608 verborum
3653 556 3838 608 crudi-

2261 638 2408 693 tione
2447 648 2647 702 careat,
2701 649 2754 695 et
2777 640 2962 709 procul
2989 656 3019 694 a
3050 641 3266 710 negotio
3314 642 3399 696 cui
3455 641 3708 710 imposita
3754 652 3840 697 est

2259 727 2474 796 evagari
2511 729 2776 790 credatur,
2821 743 2922 783 nec
2948 728 3161 782 illorum
3212 729 3496 784 assertioni
3541 745 3668 783 eam
3706 745 3840 799 pra}-

2259 816 2386 870 bere
2409 815 2678 880 solatium,
2703 831 2803 871 nec
2832 824 3026 871 nostrae
3055 825 3267 872 constat
3291 819 3556 888 quoddam
3580 819 3839 876 conferre

2261 903 2615 973 dispendium,
2649 921 2749 961 nec
2784 906 2998 975 aliquod
3035 907 3358 962 Christiana:
3404 907 3683 978 religionis
3717 923 3840 963 sen—

2260 996 2408 1050 sibus
2468 997 2739 1051 inculcare
2789 998 3108 1052 dissidinm:
3163 999 3463 1067 prasertim
3501 1013 3624 1068 quae
3661 1015 3734 1054 ne
3763 1001 3841 1055 di-

2260 1086 2396 1140 vina:
2418 1085 2665 1156 imaginis
2692 1088 3061 1143 characterem
3100 1088 3154 1141 in
3183 1088 3338 1142 nobis
3387 1088 3543 1142 malis
3578 1090 3844 1157 operibus

2261 1176 2618 1245 inquinemus,
2650 1193 2784 1233 neve
2809 1179 2860 1234 ei
2892 1180 2960 1234 ad
3005 1177 3155 1246 cujus
3185 1179 3471 1247 imaginem
3493 1187 3548 1234 et
3582 1181 3843 1235 similitu-

2259 1266 2436 1321 dinem
2496 1269 2697 1323 conditi
2739 1284 2924 1324 sumus
2966 1267 3238 1337 peccando
3281 1266 3504 1336 ejusque
3545 1269 3839 1339 imaginem

2260 1365 2313 1411 et
2339 1357 2739 1412 similitudinem
2783 1359 3068 1427 polluendo
3101 1358 3351 1426 injuriam
3389 1359 3711 1426 irrogemus,
3733 1360 3840 1413 hoc

2261 1445 2438 1499 dicere
2484 1447 2747 1511 videatur,
2799 1457 2858 1501 ut
2908 1448 3152 1516 quisquis
3222 1448 3564 1516 imperatoris
3614 1449 3844 1518 imagini

2259 1533 2508 1602 injuriam
2535 1537 2763 1605 irrogat,
2786 1553 2891 1592 non
2931 1536 3184 1605 imagini,
3209 1537 3303 1590 sed
3326 1537 3498 1591 eidem
3527 1537 3846 1605 imperatori

2261 1622 2516 1691 injuriam
2539 1625 2779 1694 irrogare
2813 1626 3080 1679 credatur.
3121 1625 3457 1691 Quodautem
3487 1626 3843 1692 ditit,nubes,

587 1715 704 1770 haec
730 1731 864 1785 pene
901 1715 1080 1769 omnia
1109 1729 1272 1783 regna
1295 1715 1551 1768 edomuit.
1591 1713 1720 1780 Qua:
1763 1714 1922 1768 etiam
1969 1729 1998 1767 a
2021 1729 2159 1782 praz—
2187 1689 2234 1746 Β
2263 1720 2467 1764 terram
2521 1713 2634 1766 sive
2695 1729 2843 1766 mare
2881 1713 3132 1766 famulari
3180 1714 3400 1783 imagini
3451 1715 3686 1778 Domini,
3730 1729 3846 1768 non

589 1807 700 1862 fato
752 1807 1011 1876 propheta
1056 1807 1111 1860 in
1162 1814 1394 1874 quatuor
1444 1805 1736 1859 bestiarum
1784 1805 1986 1860 visione
2039 1814 2160 1874 post

589 1899 834 1962 lmenam,
866 1914 961 1967 per
988 1913 1147 1966 quam
1174 1897 1584 1967 Babyloniorum
1637 1911 1856 1965 regnum
1901 1905 2162 1950 monstra-

590 1997 705 2041 tum
743 1995 845 2053 est,
877 1998 930 2041 et
957 2004 1138 2041 ursum
1165 2003 1262 2056 per
1287 2002 1445 2056 quem
1477 1987 1751 2042 Medorum
1795 1995 1850 2042 et
1873 1986 2157 2040 Persarum

589 2077 739 2146 regni
761 2077 1032 2131 successio
1055 2077 1330 2147 designata
1355 2085 1454 2140 est,
1487 2078 1597 2132 sive
1624 2077 1849 2145 pardum
1883 2091 1980 2145 per
2001 2091 2160 2144 quem

594 2164 943 2220 Macedonum
970 2182 1191 2234 regnum
1219 2167 1503 2237 ﬁguratum
1533 2175 1634 2230 est,
1666 2175 1859 2236 quarto
1908 2166 2160 2219 nimirum

522 2253 528 2258 ’
593 2253 713 2308 loco
745 2255 883 2308 sicut
933 2257 986 2308 in
1037 2264 1213 2309 statua
1261 2257 1314 2308 in
1362 2255 1609 2310 cruribus
1648 2254 1855 2317 ferreis,
1903 2255 1974 2306 ita
1998 2254 2162 2306 etiam

593 2343 649 2396 in
675 2345 860 2399 bestiis
920 2346 1160 2413 quaedam
1226 2345 1484 2399 terribilis
1545 2360 1608 2398 ac
1667 2341 2161 2397 formidolosissiina

593 2435 768 2488 bestia
829 2435 1016 2490 dentes
1068 2435 1271 2489 ferreos
1321 2437 1518 2488 habere
1560 2435 1897 2497 describitur,
1958 2435 2022 2488 de
2057 2449 2160 2502 qua

594 2542 738 2581 nunc
766 2529 941 2584 dicere
984 2530 1197 2599 longum
1239 2539 1357 2582 est:
1399 2530 1452 2582 in
1484 2544 1586 2597 qua
1627 2544 1732 2582 non
1776 2528 1904 2592 sint,
1950 2526 2086 2580 sicut
2111 2526 2164 2580 in

597 2617 809 2671 cmteris
835 2617 1044 2680 bestiis,
1085 2619 1310 2688 singula,
1354 2618 1446 2672 sed
1484 2618 1662 2672 omnia
1687 2631 1805 2686 qua:
1829 2616 1882 2669 in
1928 2616 2166 2686 superio-

597 2707 748 2760 ribus
797 2705 948 2761 fuere
1004 2708 1334 2763 crudelitatis
1385 2709 1596 2773 indicia,
1650 2724 1768 2778 qua:
1816 2715 2001 2776 gentes
2031 2723 2167 2777 quas

596 2794 811 2859 delevit,
860 2797 1161 2863 devorasse,
1191 2812 1326 2866 quas
1374 2813 1502 2852 vero
1529 2799 1745 2852 tributis
1773 2799 1996 2862 addixit,
2025 2798 2201 2867 pedi--

598 2886 700 2939 bus
721 2869 1088 2942 'conculcasse
1127 2887 1340 2950 dicitur,
1391 2897 1447 2942 et
1495 2888 1549 2942 in
1601 2896 1807 2942 tantum
1867 2891 2167 2943 daemonum

596 2975 822 3031 culturis
883 2977 1178 3042 inservivit,
1244 2987 1304 3033 ut
1331 2979 1681 3048 quarumdam
1743 2979 1981 3047 gentium
2031 2993 2167 3047 quas

597 3070 882 3139 subegerat
920 3069 1061 3124 idola
1106 3071 1216 3124 suis
1257 3071 1604 3125 nihilominus
1658 3070 1815 3125 idolis
1849 3069 2062 3125 socians
2085 3068 2166 3122 in-

599 3157 829 3212 feliciter
899 3160 1168 3214 adoraret.
1235 3160 1385 3215 Unde
1432 3161 1780 3215 vanissimam
1819 3168 1874 3212 et
1918 3159 1985 3212 ab
2021 3157 2167 3212 omni

601 3247 810 3304 ratione
863 3248 1128 3304 seclusum
1178 3259 1277 3314 est,
1328 3253 1394 3306 ab
1440 3266 1503 3306 ea
1530 3267 1588 3306 re
1622 3252 1763 3306 intra
1799 3258 2041 3306 sanctam
2067 3249 2169 3302 Ec—

604 3339 823 3393 clesiam
875 3355 1088 3394 sumere
1127 3342 1367 3410 exempla
1416 3357 1536 3411 quae
1587 3350 1809 3411 propter
1852 3339 2168 3410 gentilitatis

602 3427 867 3480 maculam
891 3441 1112 3495 prorsus
1137 3443 1167 3482 a
1192 3429 1471 3484 catholicis
1496 3429 1736 3484 creditur
1759 3429 2036 3483 abdicata:
2059 3427 2166 3480 nisi

603 3516 741 3569 forte
789 3516 918 3570 illud
969 3517 1022 3570 in
1071 3519 1172 3572 hac
1213 3529 1367 3588 parte
1420 3519 1760 3581 concedatur,
1791 3525 1850 3570 ut
1887 3517 1954 3570 ab
1983 3529 2168 3569 errore

601 3621 752 3659 error
781 3605 1050 3671 fulciatur,
1093 3616 1147 3661 et
1175 3623 1262 3662 res
1281 3623 1414 3660 vana
1447 3622 1559 3661 rem
1608 3604 1952 3660 nihilominus
1974 3617 2168 3655 vanam

605 3699 800 3754 habeat
824 3701 875 3753 in
915 3701 1238 3770 exemplum,
1278 3713 1470 3768 resque
1504 3697 1719 3765 obliqua
1745 3711 1776 3750 a
1805 3710 1864 3749 re
1890 3711 1995 3749 non
2021 3702 2170 3749 recta

604 3796 822 3859 putetur
849 3791 1092 3859 accipere
1116 3802 1270 3858 posse
1296 3786 1590 3840 munimen.
1632 3785 1834 3840 Textus
1861 3783 2024 3854 igitur
2043 3798 2168 3838 sen—

611 3880 792 3934 tentia:
819 3879 1043 3936 Joannis
1069 3879 1138 3950 (si
1178 3889 1356 3930 tamen
1400 3874 1639 3944 ejusdem
1672 3873 1894 3930 Joannis
1939 3873 2043 3945 est)
2071 3875 2172 3928 hoc

605 3971 764 4026 modo
788 3971 841 4025 in
886 3971 1074 4027 eadem
1097 3966 1494 4024 dementissima
1523 3967 1709 4038 synodi
1757 3967 1986 4022 lectione
2018 3973 2172 4020 taxa-

605 4069 692 4116 tus
717 4061 978 4116 habetur:
1012 4079 1031 4110 ι
1069 4058 1256 4114 Nonne
1304 4073 1427 4112 eum
1475 4058 1566 4127 qui
1612 4059 1862 4114 induetur
1907 4055 2174 4125 injurias?

606 4154 782 4208 nescis
809 4155 932 4224 quia
961 4152 1005 4208 si
1049 4151 1171 4220 quis
1220 4151 1505 4223 imaginem
1551 4148 1892 4219 imperatoris
1934 4146 2173 4216 injuriat,

605 4243 672 4297 ad
699 4259 821 4298 eum
861 4244 1032 4310 ipsum
1082 4243 1462 4312 imperatorem
1510 4241 1878 4310 principaliter
1925 4237 2174 4309 dignitati

606 4331 722 4399 ejus
747 4331 900 4385 affert
937 4332 1229 4400 injuriam?
1277 4331 1463 4386 Nescis
1489 4329 1611 4398 quia
1647 4331 1692 4384 si
1721 4330 1841 4398 quis
1887 4328 2171 4397 imaginem

607 4437 674 4474 ex
705 4420 846 4489 ligno
897 4431 989 4475 aut
1015 4437 1082 4475 ex
1108 4423 1288 4475 colore
1328 4421 1592 4482 detrahet,
1647 4435 1755 4473 non
1797 4419 1935 4472 sicut
1974 4420 2041 4472 ad
2071 4419 2179 4473 ele-

609 4518 850 4563 mentum
873 4510 988 4564 sine
1017 4511 1193 4562 anima
1224 4524 1385 4561 ausus
1402 4507 1690 4574 judicatur,
1722 4507 1813 4560 sed
1837 4507 1973 4561 sicut
1998 4510 2180 4564 adver-

611 4618 704 4656 sus
757 4604 1132 4669 imperatorem
1203 4599 1567 4669 dissegregata
1623 4599 1910 4669 imaginem
1959 4603 2180 4655 totidem

612 4690 950 4756 imperatoris
1011 4698 1228 4757 gestans
1269 4690 1339 4752 ei,
1389 4685 1637 4754 injuriam
1676 4689 1743 4744 ad
1803 4691 2178 4760 imperatorem

613 4778 871 4833 deducit?
908 4797 927 4830 ι
980 4778 1047 4832 Et
1072 4779 1268 4832 iterum
1293 4779 1433 4833 idem
1468 4778 1532 4832 de
1560 4779 1746 4834 eodem
1777 4781 1953 4844 Patre,
1979 4795 2182 4835 sermo-

615 4883 682 4928 nc
708 4869 763 4923 in
823 4868 1008 4938 quinta
1067 4867 1201 4923 feria
1251 4869 1508 4924 Paschaa:
1555 4887 1574 4920 ‹
1618 4869 1808 4925 Omnia
1867 4870 2010 4924 facta
2057 4879 2182 4922 sunt

611 4970 830 5036 propter
856 4961 1079 5030 gloriam
1105 4960 1231 5016 Dei:
1267 4976 1368 5016 usu
1402 4975 1528 5030 vero
1569 4971 1753 5017 nostro
1803 4961 1971 5015 nubes
1992 4959 2058 5012 ad
2085 4957 2183 5010 im-

612 5057 791 5112 brium
805 5054 1182 5119 ministerium,
1198 5063 1397 5110 terram
1412 5054 1479 5109 ad
1496 5053 1760 5109 fructuum
1779 5049 2178 5112 abundantiam,

613 5157 762 5202 utare
791 5143 1161 5212 navigantium
1181 5145 1384 5213 absque
1410 5145 1608 5198 invidia
1645 5140 1824 5195 omnia
1855 5137 2183 5192 famulantur

614 5231 838 5294 homini,
898 5231 1064 5302 magis
1127 5243 1306 5287 autem
1364 5230 1583 5300 imagini
1634 5227 1749 5281 Dei.
1811 5225 1994 5294 Neque
2038 5225 2181 5280 enim

613 5321 827 5390 quando
882 5321 1172 5390 imperialis
1225 5320 1406 5374 vultus
1429 5327 1484 5372 et
1524 5316 1783 5386 imagines
1831 5317 1884 5370 in
1937 5315 2182 5370 civitates

612 5411 1045 5476 introducuntur,
1102 5420 1158 5466 et
1199 5409 1419 5464 obviant
1475 5407 1684 5475 iudices
1727 5412 1782 5458 et
1832 5405 2014 5472 plebes
2059 5420 2181 5459 cum

609 5497 876 5563 laudibus,
900 5517 1007 5556 non
1035 5500 1271 5555 tabulam
1296 5497 1621 5551 honorantes
1642 5507 1814 5561 neque
1840 5493 2022 5548 effusa:
2044 5507 2183 5548 cerae

612 5586 925 5652 Scripturas,
967 5587 1059 5640 sed
1113 5586 1336 5654 figuram
1379 5581 1736 5657 imperatoris,
1779 5581 1855 5637 sic
1881 5590 1935 5637 et
1972 5591 2180 5638 creatu-

2192 3022 2241 3086 ϐ

2260 1803 2363 1856 hoc
2393 1817 2493 1870 pro
2521 1801 2826 1856 manufacta
2857 1813 2909 1857 et
2953 1803 3308 1857 irrationabili
3355 1804 3586 1872 imagine
3612 1805 3774 1867 dixit,
3803 1804 3848 1856 si

2260 1897 2442 1943 tamen
2473 1890 2612 1944 idem
2675 1906 2834 1959 quem
2863 1891 2938 1944 illi
2965 1892 3150 1946 dicunt
3178 1900 3270 1945 aut
3311 1894 3564 1961 quislibet
3614 1893 3853 1948 catholi-

2261 1993 2357 2031 cus
2395 1979 2552 2042 dixit,
2607 1981 2700 2033 sed
2723 1990 2816 2033 aut
2856 1995 2953 2048 pro
2992 1981 3226 2044 Christo,
3273 1983 3363 2050 qui
3401 1989 3484 2034 est
3513 1983 3694 2051 imago
3730 1980 3848 2042 Dei,

2262 2065 2349 2119 cui
2381 2064 2615 2120 ﬂectitur
2667 2083 2827 2122 omne
2872 2083 3008 2136 genu
3053 2069 3368 2130 cuslestium,
3424 2071 3775 2122 terrestrium
3801 2077 3858 2120 et

2262 2153 2618 2219 infernorum,
2681 2166 2773 2209 aut
2812 2172 2909 2224 pro
2977 2156 3208 2218 homine,
3253 2156 3341 2222 qui
3401 2156 3585 2222 utique
3645 2159 3720 2210 ad
3748 2159 3858 2212 Dei

2262 2244 2550 2314 imaginem
2581 2247 2824 2300 conditus
2843 2259 2980 2311 pene
3009 2245 3255 2296 omnibus
3284 2244 3584 2298 visibilibus
3615 2256 3858 2300 creatu-

2262 2335 2338 2388 ris
2362 2335 2611 2402 praelatus
2658 2341 2758 2387 est.
2801 2332 2949 2397 Quod
2972 2333 3017 2386 si
3062 2332 3184 2400 quis
3232 2334 3600 2388 contentiosus
3621 2351 3730 2404 pro
3762 2337 3856 2389 in-

2264 2428 2490 2481 sensatis
2515 2427 2714 2479 dictum
2763 2426 2927 2480 fuisse
2975 2426 3270 2480 arbitretur
3315 2425 3658 2494 imaginibus,
3695 2441 3858 2480 asse-

2262 2523 2409 2570 veret
2434 2530 2538 2583 quo
2565 2521 2745 2582 pacto,
2794 2529 2968 2582 quove
3014 2516 3193 2576 modo,
3225 2527 3396 2581 quave
3450 2512 3848 2575 familiaritate.

2261 2607 2448 2669 nubes,
2491 2615 2658 2669 terra,
2699 2620 2846 2658 mare
2895 2604 3218 2675 imaginibus
3252 2602 3596 2666 famulentur,
3637 2610 3696 2657 et
3723 2619 3854 2658 mox

2265 2698 2620 2752 assertionem
2665 2711 2817 2750 suam
2858 2711 3053 2764 magna
3107 2710 3174 2748 ex
3211 2701 3363 2763 parte
3411 2693 3599 2746 fultam
3645 2693 3853 2750 habere

2265 2789 2631 2856 dignoscetur.
2671 2786 2727 2840 Si
2753 2800 2878 2855 ergo
2899 2785 3087 2854 vulgus
3131 2785 3328 2852 partim
3352 2783 3553 2837 lmtitia:
3577 2782 3850 2837 bacchata

2257 2878 2505 2941 effrenis,
2533 2876 2730 2946 partim
2781 2875 3053 2930 saecularis
3097 2889 3304 2942 pompa:
3349 2873 3586 2928 novitate
3618 2873 3852 2926 arcessi-

2270 2983 2378 3036 tus,
2423 2974 2619 3042 partim
2643 2971 2848 3026 ventosi
2888 2971 3107 3024 honoris
3145 2969 3416 3024 inflatione
3445 2970 3697 3038 cupidus,
3729 2985 3850 3039 par-

2272 3065 2365 3117 tim
2414 3063 2738 3116 adulationis
2811 3061 2942 3114 vitio
2996 3061 3306 3126 famulatus,
3364 3062 3557 3130 partim
3619 3061 3848 3130 publica:

2269 3153 2474 3208 securis
2526 3160 2672 3206 metu
2716 3151 3066 3219 perterritus,
3131 3152 3517 3221 imperatorum
3582 3151 3854 3223 imagines

2268 3241 2421 3294 vanis
2459 3249 2514 3294 et
2542 3239 2858 3308 perniciosis
2901 3238 3150 3294 laudibus
3182 3241 3432 3304 honorat,
3490 3240 3617 3308 quid
3654 3242 3722 3294 ad
3752 3256 3847 3295 nos

2269 3331 2360 3398 qui
2389 3329 2682 3400 gloriamur
2725 3329 2779 3382 in
2804 3342 2964 3382 cruce
3015 3329 3228 3383 Domini
3256 3332 3427 3384 nostri
3465 3330 3593 3385 Jesu
3620 3330 3844 3397 Christi,

2269 3437 2366 3491 per
2396 3436 2555 3490 quem
2581 3419 2738 3475 nobis
2759 3420 2990 3474 mundus
3027 3419 3315 3476 cruciﬁxus
3348 3430 3431 3476 est
3465 3438 3674 3492 nosque
3692 3437 3846 3476 mun-

2271 3512 2380 3566 do?
2418 3525 2644 3579 quorum
2706 3510 3046 3564 conversatio
3084 3510 3139 3564 in
3197 3511 3351 3565 caelis
3400 3521 3504 3574 est,
3571 3513 3668 3582 qui
3725 3527 3845 3566 cum

2268 3600 2524 3670 Apostolo
2559 3599 2805 3662 dicimus,
2851 3599 3018 3653 Nobis
3063 3601 3248 3670 quibus
3289 3600 3526 3655 Christus
3568 3603 3858 3670 cruciﬁxus

2270 3699 2363 3754 est,
2415 3689 2542 3758 quid
2587 3689 2734 3742 nobis
2791 3705 2909 3742 cum
2955 3689 3120 3758 foro?
3172 3689 3225 3756 (I
3263 3689 3385 3744 Cor.
3420 3692 3518 3761 vi),
3555 3693 3654 3762 qui
3708 3701 3849 3747 lauto

2271 3779 2443 3835 errori
2471 3779 2641 3833 obniti
2683 3779 2861 3848 potius
2897 3792 3057 3847 quam
3099 3793 3376 3834 assensum
3422 3783 3668 3850 praebere
3695 3781 3847 3836 debe-

2273 3885 2410 3933 mus,
2463 3869 2554 3938 qui
2601 3884 2710 3925 non
2755 3868 2929 3922 solum
2955 3869 3023 3924 ab
3067 3883 3133 3924 eo
3164 3871 3467 3940 exemplum
3503 3873 3573 3928 ad
3622 3873 3841 3928 adoran-

2274 3960 2370 4014 das
2396 3958 2660 4028 imagines
2697 3957 2918 4012 minime
2953 3973 3187 4024 sumere,
3236 3960 3331 4015 sed
3374 3961 3540 4015 etiam
3571 3976 3693 4016 eum
3725 3975 3849 4015 cum.

2274 4049 2388 4106 suis
2410 4048 2728 4118 sequacibus
2749 4061 2972 4116 prorsus
3008 4049 3281 4102 exsecrari
3327 4049 3604 4105 debemus.

2873 4179 3098 4236 CAPUT
3151 4179 3270 4234 XX.

2280 4275 2431 4343 Quod
2479 4293 2581 4330 non
2637 4275 2706 4328 ad
2755 4273 3110 4343 adorationem
3158 4272 3443 4343 imaginum
3498 4275 3838 4343 pertineat,“

2202 4358 2256 4419 ο
2286 4339 2318 4343 Ὗ
2347 4346 2426 4419 ίμὶ
2459 4353 2718 4419 asserunt,
2756 4342 3012 4419 sententia
3059 4341 3193 4419 beati
3223 4339 3406 4410 Cyrilli
3433 4339 3507 4395 ἐπ’
3538 4342 3838 4411 expositione

2349 4414 2618 4483 Evangelii
2647 4411 2927 4465 secundum
2958 4409 3286 4464 Matthwum.

2346 4504 2403 4558 ln
2434 4517 2500 4558 eo
2530 4503 2693 4557 etiam
2720 4501 2862 4571 quod
2888 4501 3072 4555 dicunt
3097 4500 3310 4553 beatum
3336 4498 3590 4569 Cyrillum
3617 4498 3836 4551 Alexan-

2280 4594 2447 4648 drinae
2484 4593 2633 4647 urbis
2677 4591 2972 4645 antistitem
3025 4589 3258 4644 dixisse:
3308 4607 3325 4639 ι
3372 4588 3673 4656 Depingitur
3691 4584 3826 4635 enim

2281 4683 2412 4737 ﬁdes
2449 4683 2590 4750 quod
2637 4682 2691 4734 in
2717 4679 2886 4733 forma
2933 4677 3028 4731 Dei
3075 4677 3255 4731 existit
3316 4677 3544 4735 verbum,
3608 4672 3738 4725 sicut
3771 4674 3832 4721 et

2280 4780 2477 4826 nostra:
2504 4772 2626 4823 vitae
2660 4765 3024 4836 redemptione
3063 4769 3276 4823 oblatus
3299 4773 3377 4820 est
3401 4765 3528 4827 Deo,
3550 4759 3831 4816 secundum

2280 4877 2380 4916 nos
2415 4857 2762 4913 similitudine
2789 4865 2843 4909 et
2869 4855 3042 4911 factus
3067 4857 3248 4920 homo,
3271 4878 3287 4908 ι
3327 4867 3626 4924 quanquam
3650 4857 3738 4904 aut
3757 4849 3838 4902 in-

2283 4948 2529 5018 terpretis
2571 4946 2857 5014 imperitia,
2902 4954 2995 4999 aut
3032 4947 3309 5016 scriptoris
3343 4946 3476 5000 vitio
3505 4940 3851 5010 semiplenum

2282 5052 2499 5093 sensum
2538 5035 2738 5089 habere
2804 5035 3068 5100 videatur,
3122 5052 3226 5091 non
3258 5043 3440 5089 tamen
3480 5035 3554 5088 ibi
3595 5029 3843 5101 quodam-

2281 5127 2440 5182 modo
2465 5125 2757 5193 imaginum
2784 5126 3028 5181 adoratio
3064 5127 3304 5180 innuitur
3328 5143 3340 5179 :
3387 5127 3482 5180 sed
3510 5139 3683 5194 neque
3712 5121 3763 5175 in
3785 5133 3845 5171 eo

2243 5216 2522 5299 .qumdam
2563 5213 2722 5282 hujus
2768 5216 2989 5280 erroris,
3051 5232 3156 5270 non
3203 5216 3378 5271 dicam
3428 5213 3732 5275 affirmatio,
3759 5206 3843 5262 sed

2283 5321 2380 5361 nec
2409 5304 2571 5359 etiam
2609 5305 2809 5360 mentio
2847 5304 2924 5369 ﬁt,
2964 5304 3104 5373 quod
3148 5306 3332 5359 dicunt
3361 5320 3489 5359 eum
3526 5313 3649 5374 post
3684 5312 3842 5371 pauca

2281 5398 2518 5459 dixisse:
2565 5417 2581 5448 ι
2610 5396 2906 5468 lmaginum
2950 5397 3104 5450 nobis
3132 5396 3352 5464 explent
3388 5410 3527 5464 opus
3582 5388 3842 5464 parabolae

2282 5487 2696 5558 signiﬁcantium
2755 5485 2973 5546 virtute,
3024 5484 3110 5538 cui
3165 5483 3451 5552 quomodo!
3496 5491 3551 5538 et
3577 5481 3850 5537 oculorum.

2283 5577 2522 5635 adhiberi
2548 5585 2600 5632 et
2632 5575 2847 5644 palpatu
2876 5589 3064 5628 manus
3121 5572 3297 5628 afferri
3337 5574 3392 5628 in
3423 5572 3667 5642 vestigiis
3710 5581 3830 5623 men-
