4026 6156
193 207 352 263 1085

181 422 338 477 ergo
362 410 449 464 hic
474 411 608 464 liber
647 412 786 480 apud
826 428 923 467 nos
987 406 1097 468 non
1159 415 1402 480 habetur,
1456 419 1549 488 qui
1589 422 1773 490 utique

177 502 393 558 Graeco
413 520 654 560 sermone
677 507 854 561 editus
874 523 995 562 esse
1035 524 1066 562 a
1099 509 1319 578 praefato
1351 512 1571 567 doctore
1593 517 1770 585 perhi-

175 589 375 656 betur,
422 593 580 661 hujus
616 597 837 667 capituli
893 613 1082 652 sensus
1116 599 1172 652 in
1209 600 1578 672 incompositis
1627 613 1680 660 et
1717 607 1770 661 in

173 677 506 750 impropriis
561 683 892 740 dictionibus
941 685 1014 740 ita
1057 686 1210 742 nobis
1254 703 1351 756 per
1406 691 1767 760 conjecturam

171 782 386 824 sensus
437 770 901 840 quaerendus'est,
946 774 1108 827 veluti
1159 777 1280 844 quis
1307 777 1362 830 in
1394 780 1660 847 pulvereis
1685 781 1768 834 vel

168 855 230 909 in
276 857 576 926 cujuslibet
619 863 855 918 materiae
898 861 1126 918 sordidis
1173 864 1462 920 involucris
1518 883 1766 922 nummos

164 959 424 1014 quaerat.
464 951 576 1006 Hoc
641 954 800 1017 enim,
854 960 910 1006 ut
957 952 1290 1022 conjicimus,
1351 955 1508 1024 hujus
1546 958 1764 1026 capituli

163 1041 378 1091 textus
428 1039 732 1108 signiﬁcare
779 1041 1007 1107 videtur,
1056 1043 1198 1112 quod
1240 1045 1365 1098 dum
1415 1044 1661 1100 Christus
1706 1046 1764 1100 in

161 1121 369 1179 forma
406 1125 501 1180 Dei
539 1129 772 1182 existens
823 1131 1077 1198 Verbum,
1127 1142 1326 1186 nostra:
1366 1134 1542 1187 carnis
1573 1134 1764 1189 simili-

162 1213 378 1267 tudine
408 1215 623 1270 indutus
679 1224 732 1270 et
760 1216 932 1272 factus
984 1227 1066 1273 est
1105 1219 1283 1285 homo,
1326 1230 1379 1275 et
1418 1236 1514 1291 pro
1561 1230 1760 1280 nostrae

160 1299 302 1352 vitae
370 1302 734 1371 redemptione
798 1307 1009 1362 oblatus
1065 1309 1174 1364 Deo
1225 1311 1364 1365 inse
1401 1326 1526 1365 vera
1583 1311 1759 1368 Patris

159 1387 415 1456 imagine
449 1390 690 1459 ejusdem
752 1394 926 1451 Patris
981 1398 1242 1454 visionem
1303 1401 1458 1456 nobis
1525 1404 1758 1460 ostendit

153 1475 324 1542 juxta
365 1479 530 1534 illud:
573 1482 677 1547 Qui
714 1485 845 1538 videt
878 1503 978 1552 me,
1033 1489 1164 1541 videt
1218 1499 1266 1542 et
1313 1490 1527 1544 Patrem
1571 1493 1751 1564 (Joan.

156 1567 325 1638 xiv);
374 1578 428 1623 et
469 1571 522 1623 in
571 1574 947 1640 parabolarum
1008 1579 1500 1649 imaginationibus,
1543 1585 1616 1637 ita
1659 1601 1755 1640 no-

1024 216 1198 270 LlBRi
1235 217 1578 278 CAROLINI.
1620 253 1693 264 —
1731 226 1951 284 CAPIT.
1993 232 2081 288 DE
2117 235 2306 293 lMAG.
2344 270 2416 282 —-
2453 241 2584 298 LIB.
2624 244 2688 300 Il.

185 319 354 374 tibus
391 319 824 389 inadparabiliter
860 323 1062 378 habens
1099 327 1377 381 visionem.
1426 349 1444 380 ι
1508 329 1774 396 Quoniam
1801 349 1844 403 Α
1878 355 2122 410 regnant,

3318 258 3454 313 1086

2177 347 2290 403 sive
2354 351 2482 418 quia
2514 352 2740 408 viriliter
2791 366 3131 413 certaverunt
3158 369 3215 414 ut
3253 363 3320 419 ad
3352 381 3452 420 nos

1873 428 2154 487 incolumis
2187 443 2358 490 status
2386 438 2641 495 Ecclesiae
2661 445 2990 510 perveniret,
3019 446 3133 500 sive
3154 450 3279 517 quia
3304 465 3450 505 eam-

1871 517 1993 572 dem
2053 523 2334 578 ecclesiam
2383 528 2616 605 assiduis
2654 531 2922 602 suﬁ‘ragiis
2953 544 3007 589 et
3049 536 3450 597 intercessioni-

1867 606 1969 661 bus
2003 611 2255 678 adjuvare
2303 628 2615 682 noscuntur,
2671 626 2945 678 veneratio
2977 627 3276 684 exhibenda
3314 641 3440 689 est:

1868 695 2128 766 imagines
2143 717 2271 757 vero
2296 707 2441 760 omni
2468 709 2549 761 sui
2575 709 2786 764 cultura
2805 721 2860 767 et
2875 713 3188 772 adoratione
3210 721 3441 789 seclusa,

1865 793 2043 840 utrum
2081 789 2132 841 in
2160 791 2396 848 basilicis
2442 806 2662 866 propter
2692 805 3005 857 memoriam
3054 821 3235 861 rerum
3266 819 3444 879 gesta-

1864 890 1981 928 rum
2009 886 2062 930 et
2090 890 2464 936 ornamentum
2517 886 2642 951 sint,
2689 905 2757 942 an
2788 892 2951 944 etiam
3003 910 3110 948 non
3158 897 3284 960 sint,
3321 901 3441 954 nul-

1861 963 1972 1018 lum
2003 965 2127 1020 ﬁdei
2168 970 2444 1026 catholicae
2496 973 2688 1030 afferre
2741 989 2994 1045 poterunt
3043 984 3434 1052 praeiudicium,

1862 1055 2060 1126 quippe
2113 1073 2234 1111 cum
2263 1060 2331 1112 ad
2384 1064 2687 1132 peragenda
2723 1076 2921 1121 nostra:
2954 1069 3143 1124 salutis
3180 1077 3436 1143 mysteria

1859 1142 2064 1197 nullum
2087 1146 2556 1214 penitus'oilicium
2579 1151 2776 1206 habere
2804 1165 3116 1211 noscantur.

2405 1236 2648 1320 .CAPUT
2687 1241 2848 1295 xxn.

1859 1321 2159 1404 Quo.de
2215 1323 2401 1379 bonam
2451 1327 2672 1382 habeant
2731 1333 3036 1404 memoriam
3085 1336 3172 1404 qui
3217 1345 3274 1389 ut
3330 1355 3432 1395 non

1927 1391 2309 1474 obliviscantur.
2358 1407 2656 1474 sanctorum
2682 1399 2758 1453 vel
2815 1410 2951 1454 certe
2975 1391 3137 1472 ipsius
3196 1391 3427 1474 Domini,

1924 1461 2118 1514 idcirco
2148 1463 2400 1532 imagines
2429 1467 2651 1535 erigunt.

1924 1549 2058 1602 Mihi
2105 1561 2296 1617 autem,
2344 1554 2419 1607 ait
2465 1554 2746 1625 Propheta,
2787 1559 3054 1615 adhazrere
3100 1562 3209 1617 Deo
3237 1564 3428 1622 bonum

151 1637 299 1710 stris
331 1637 588 1712 sensibus
614 1663 996 1731 mysteriorum
1025 1666 1346 1735 signiﬁcavit
1374 1686 1594 1738 arcana,
1614 1674 1752 1728 sicut
1785 1666 1826 1724 Β
1855 1645 1928 1738 cf:
1969 1637 2196 1738 (P801?
2203 1641 2536 1738 xm“).;-qm
2569 1661 2698 1738 cm.“-
2719 1655 2788 1700 ⁵η
2818 1659 3056 1738 Splmus’
3076 1662 3232 1719 luna
3271 1656 3422 1720 ’,ΜΦ

152 1745 217 1799 in
259 1746 612 1817 imaginibus,
641 1766 827 1805 earum
878 1769 1057 1808 rerum
1095 1753 1248 1823 cujus
1273 1768 1397 1812 sunt
1447 1760 1755 1831 imaginatio

151 1838 579 1910 quodammodo
628 1852 993 1899 monstratur:
1030 1847 1134 1902 hoc
1184 1849 1399 1917 quidem
1436 1849 1592 1918 juxta
1622 1870 1753 1909 con-

150 1925 400 1992 iecturae
428 1933 856 2002 ambiguitatem,
904 1945 1158 1992 caeterum
1195 1941 1430 1996 exclusis
1467 1944 1754 2001 dubietatis

150 2019 514 2089 ambagibus,
546 2023 745 2077 nullam
766 2026 854 2099 hic
889 2026 1183 2098 imaginum
1212 2031 1581 2087 adorationem
1615 2035 1754 2089 desi-

149 2109 326 2176 gnari
355 2110 697 2165 manifestum
726 2123 827 2168 est.

739 2202 968 2258 CAPUT
1006 2205 1146 2258 XXI.

149 2282 454 2363 Quod__non
487 2289 550 2340 sit
587 2301 766 2363 contra
822 2291 1120 2360 religionem
1173 2295 1547 2363 Christianam,
1587 2309 1641 2354 ut
1667 2300 1746 2356 illi

305 2353 506 2421 dicunt,
535 2373 636 2410 non
667 2359 832 2412 colere
854 2371 898 2413 et
916 2353 1026 2414 non
1059 2364 1282 2418 adorare
1305 2353 1576 2436 imagines.

229 2441 429 2512 Magna
458 2447 674 2513 quidem
705 2457 827 2501 sunt
851 2450 1167 2506 Christianae
1214 2455 1490 2525 religionis
1535 2457 1740 2511 instru-

147 2541 370 2597 menta,
425 2550 545 2604 quae
595 2552 900 2610 quanquam
965 2557 1032 2596 ex
1080 2544 1204 2598 ﬁdei
1271 2547 1541 2603 soliditate
1589 2557 1644 2603 et
1672 2565 1740 2604 ex

143 2623 455 2680 dilectione
515 2628 610 2683 Dei
673 2639 728 2685 et
769 2634 1000 2699 proximi
1074 2635 1362 2704 pendeant,
1429 2641 1737 2711 singillatim

145 2729 486 2771 enumerare
512 2719 882 2790 longissimum
930 2732 1042 2778 est:
1082 2726 1224 2782 inter
1251 2743 1370 2798 quae
1400 2730 1601 2784 nullum
1645 2747 1739 2801 pe-

144 2803 312 2856 nitus
353 2804 527 2860 locum
582 2808 873 2880 imaginum
914 2812 1090 2869 cultus
1127 2823 1182 2869 et
1238 2819 1482 2872 adoratio
1533 2827 1732 2885 tenent,

144 2894 418 2965 quoniam
452 2900 666 2968 quidem
721 2903 867 2976 nullo
896 2908 1231 2976 antiquitatis
1279 2911 1631 2967 instituuntur
1647 2914 1735 2970 do-

1853 1724 2112 1781 Dominus
2137 1727 2276 1782 Deus
2303 1731 2514 1800 spiritus
2539 1743 2612 1786 est
2641 1733 2821 1802 (Joan.
2848 1736 2943 1806 1v),
2985 1747 3039 1791 et
3065 1739 3119 1791 in
3155 1742 3344 1808 spiritu
3367 1754 3422 1798 et

1850 1815 2080 1869 veritate
2100 1817 2312 1871 adorari
2343 1819 2551 1886 debeat,
2580 1838 2685 1875 non
2711 1823 2760 1876 ei
2797 1827 3104 1891 carnaliter,
3144 1830 3234 1884 sed
3269 1832 3425 1900 spiri-

1850 1903 2032 1956 taliter
2076 1905 2197 1973 quis
2248 1907 2524 1962 adhaerere
2573 1919 2768 1977 potest,
2823 1928 2922 1966 nec
2967 1919 3338 1983 corporalibus
3371 1921 3423 1976 ei

1850 1993 2096 2047 sensibus
2121 1993 2214 2048 sed
2273 1997 2519 2050 rationali
2584 2000 2774 2054 animae
2834 2001 3028 2082 intuitu
3069 2002 3221 2074 jungi
3257 2007 3418 2063 valet.

1849 2081 2228 2150 Quamobrem,
2254 2094 2314 2139 ut
2340 2088 2414 2140 ait
2451 2090 2820 2146 sanctissimus
2841 2081 3187 2162 Augustinus,
3235 2098 3421 2153 «Salu-

1845 2173 2078 2227 berrime
2111 2175 2462 2229 admonemur
2491 2180 2661 2232 averti
2689 2181 2756 2234 ab
2809 2182 2910 2236 hoc
2947 2185 3143 2239 mundo
3173 2187 3260 2256 qui
3288 2203 3417 2258 pro-

1843 2261 1984 2316 fecto
2011 2277 2298 2332 corporeus
2322 2273 2404 2318 est
2431 2274 2485 2320 et
2531 2268 2813 2333 sensibilis,
2859 2278 2913 2324 et
2934 2273 3001 2325 ad
3025 2273 3212 2340 Deum,
3237 2277 3288 2330 id
3311 2287 3412 2341 est,

1841 2354 2124 2408 veritatem
2150 2370 2268 2422 quae
2299 2356 2573 2411 intellectu
2595 2367 2649 2411 et
2682 2359 2936 2416 interiore
2967 2372 3145 2419 mente
3173 2367 3405 2435 capitur,

1840 2461 1959 2514 quae
1984 2461 2196 2514 semper
2231 2457 2429 2512 manet,
2482 2456 2536 2501 et
2565 2448 2801 2516 ejusdem
2851 2454 2992 2507 modi
3035 2464 3263 2524 estquae
3297 2473 3407 2512 non

1839 2535 2001 2590 habet
2060 2537 2348 2608 imaginem
2387 2537 2524 2601 falsi,
2558 2555 2588 2593 a
2629 2555 2734 2608 quo
2795 2541 3023 2597 discerni
3054 2560 3160 2600 non
3221 2547 3411 2615 possit,

1837 2633 1949 2680 tota
1976 2625 2254 2680 alacritate
2305 2629 2565 2682 converti.
2615 2649 2632 2680 ι
2675 2629 2756 2684 Ad
2799 2632 3264 2701 contemplandum
3311 2635 3416 2688 ita-

1837 2731 1940 2786 que
1973 2714 2268 2783 Christum,
2305 2718 2397 2787 qui
2431 2727 2513 2774 est
2558 2718 2652 2772 Dei
2703 2719 2875 2773 virtus
2911 2729 2964 2775 et
2995 2721 3090 2776 Dei
3122 2723 3412 2792 sapientia,

1835 2809 1948 2862 sive
1977 2808 2044 2862 ad
2068 2809 2350 2863 intuendas
2372 2809 2597 2865 virtutes
2622 2823 2740 2876 quae
2793 2810 2861 2864 ab
2891 2826 2956 2864 eo
2983 2812 3037 2864 in
3067 2814 3266 2867 sanctis
3294 2813 3411 2881 ejus

1833 2898 2085 2956 derivatae
2135 2908 2280 2966 sunt,
2333 2915 2441 2955 non
2501 2914 2791 2968 corporeus
2855 2901 3009 2955 nobis
3052 2902 3216 2966 visus,
3247 2917 3408 2970 quem

143 2995 430 3051 cumento,
461 2989 544 3042 vel
571 2972 867 3046 fulciunt'ur
909 2972 1174 3066 exemplo,
1213 2999 1307 3053 sed
1346 3015 1483 3068 pene
1511 3010 1730 3057 cuncta-
1759 3009 1805 3073 ο
1836 3004 2174 3044 communem
2223 3004 2346 3045 cum
2394 2988 2794 3044 irrationalibus
2850 2989 3211 3044 animantibus
3241 2991 3408 3044 habe-

142 3088 270 3130 rum
326 3077 630 3133 divinarum
699 3081 1100 3151 Scripturarum
1131 3088 1452 3144 abdicantur
1493 3091 1726 3161 eloquio.

144 3172 169 3200 II
193 3161 389 3216 Solum
417 3180 646 3240 namque
668 3169 834 3227 Deum
858 3171 1052 3236 colere,
1085 3173 1258 3247 ipsum
1289 3178 1536 3241 adorare,
1553 3179 1729 3246 ipsum

143 3250 456 3320 gloriﬁcare
521 3257 733 3322 debere,
801 3261 965 3315 totius
1015 3261 1211 3318 divinae
1262 3264 1554 3334 Scriptura:
1601 3270 1730 3324 tuba

145 3342 409 3396 terribilis
451 3343 676 3400 intonat.
719 3346 869 3402 Unde
917 3352 1213 3406 cavendum
1262 3352 1370 3408 illis
1404 3364 1507 3419 est,
1535 3364 1590 3410 et
1614 3371 1729 3412 mo-

143 3429 224 3484 dis
257 3432 517 3487 omnibus
573 3436 1081 3506 pertimescendum,
1123 3455 1192 3495 ne
1243 3442 1371 3496 dum
1430 3443 1726 3515 imaginum

142 3519 358 3571 cultum
389 3529 443 3572 et
473 3523 836 3580 adorationem
864 3527 1185 3586 Christianae
1204 3533 1448 3603 religioni
1480 3536 1726 3606 ingerere

141 3608 424 3673 nituntur,
458 3612 783 3680 singularem
831 3619 989 3673 unius
1017 3620 1114 3675 Dei
1159 3622 1358 3678 cultum
1381 3633 1437 3679 et
1463 3627 1727 3683 adoratio-

142 3713 270 3752 nem
301 3698 561 3755 frustrari
586 3704 881 3760 videantur.
922 3709 1051 3776 Quae
1069 3711 1175 3768 duo
1201 3713 1273 3768 ita
1299 3715 1438 3770 inter
1457 3733 1515 3772 se
1539 3727 1724 3774 mutuo

141 3791 503 3858 reluctantur,
546 3797 676 3850 utsi
735 3814 899 3853 unum
947 3804 1180 3869 steterit,
1227 3807 1368 3863 aliud
1417 3820 1561 3867 stare
1612 3829 1722 3868 non

141 3881 337 3952 possit.
385 3881 444 3936 Si
497 3883 640 3938 enim
691 3885 979 3956 singularis
1028 3891 1204 3947 cultus
1243 3895 1342 3948 soli
1397 3900 1569 3952 etuni
1610 3900 1720 3955 Deo

143 3968 358 4026 debitus
384 3972 736 4028 inconvulsus
770 3979 888 4040 erit,
917 3986 972 4032 et
1002 3995 1190 4037 revera
1218 3984 1563 4043 inconvulsus
1595 3991 1718 4057 erit,

145 4060 440 4130 imaginum
477 4063 656 4121 cultus
704 4066 879 4122 modis
927 4071 1177 4127 omnibus
1226 4077 1551 4134 cassabitur:
1595 4088 1647 4134 et
1675 4082 1720 4136 si

145 4145 441 4218 imaginum
488 4152 667 4206 cultus
712 4169 820 4208 non
873 4158 1224 4226 convellatur,
1273 4163 1374 4218 soli
1402 4172 1458 4219 et
1485 4166 1576 4220 uni
1609 4167 1719 4223 Deo

145 4236 317 4291 cultus
365 4237 581 4294 debitus
617 4257 726 4296 non
761 4244 865 4299 erit
917 4247 1221 4316 singularis.
1261 4252 1342 4308 Ac
1386 4270 1487 4324 per
1532 4257 1634 4314 hoc
1670 4260 1716 4315 si

1833 3097 1974 3147 mus,
2013 3082 2108 3136 sed
2163 3081 2424 3151 spiritalis
2464 3088 2546 3136 est
2575 3081 2931 3146 necessarius,
2968 3097 3127 3151 quem
3165 3083 3266 3136 sibi
3297 3082 3401 3136 im-

1827 3173 2164 3240 pertiendum
2212 3171 2478 3240 Propheta
2524 3188 2554 3227 a
2583 3173 2807 3227 Domino
2835 3173 3139 3242 postulabat
3171 3190 3294 3228 cum
3324 3175 3406 3229 di-

1828 3261 2022 3314 cebat:
2059 3260 2246 3314 Revela
2286 3259 2462 3314 oculos
2487 3275 2649 3324 meos,
2680 3273 2726 3315 et
2764 3263 3100 3317 considerabo
3139 3264 3402 3318 mirabilia

1828 3348 1892 3402 de
1934 3347 2042 3417 lege
2072 3357 2161 3400 tua
2197 3347 2368 3417 (Psal.
2395 3349 2562 3419 cxix).
2601 3351 2754 3405 Hunc
2780 3365 2907 3420 ergo
2932 3352 3225 3421 spiritalem
3249 3353 3402 3408 audi-

1829 3444 1944 3490 tum
2012 3451 2119 3489 non
2143 3435 2390 3491 carnales
2444 3452 2622 3502 aures,
2668 3440 2925 3495 Dominus
2978 3443 3249 3510 quaerebat
3276 3457 3398 3496 cum

1827 3527 2058 3590 dicebat,
2095 3525 2196 3591 Qui
2223 3527 2373 3580 habet
2400 3544 2553 3582 aures
2592 3531 2839 3585 audiendi
2873 3533 3053 3586 audiat
3082 3533 3296 3604 (Matth.
3318 3550 3396 3601 ιι,

1825 3615 1995 3668 Marc.
2028 3631 2100 3680 ιν,
2133 3615 2261 3670 Lac.
2293 3615 2426 3686 XIV).
2469 3617 2564 3672 His
2605 3621 2851 3676 sensibus
2876 3623 3076 3691 privari
3118 3638 3216 3694 pro
3245 3624 3398 3694 culpa

1823 3704 2061 3771 perﬁdiae
2110 3704 2365 3774 populum
2414 3705 2596 3771 Israel,
2664 3723 2770 3762 non
2826 3711 3084 3765 membris
3130 3711 3416 3768 debilitari

1815 3794 1985 3862 jubet,
2034 3810 2156 3849 cum
2185 3795 2335 3850 lsaim
2388 3799 2664 3866 prophetae
2707 3789 2870 3854 dicit:
2918 3801 3143 3858 Excaeca
3173 3821 3264 3859 cor
3298 3821 3396 3875 po-

1820 3887 1931 3956 puli
1973 3887 2151 3956 hujus,
2189 3897 2238 3940 et
2301 3905 2457 3943 aures
2514 3890 2629 3959 ejus
2667 3899 2914 3959 aggrava,
2943 3901 2991 3944 et
3051 3893 3229 3948 oculos
3280 3895 3395 3964 ejus

1822 3975 2025 4042 claude,
2068 3994 2130 4030 ne
2172 3977 2308 4046 forte
2336 3979 2540 4032 videant
2588 3978 2752 4032 oculis
2785 3981 2916 4042 suis,
2942 3989 2990 4032 et
3042 3981 3258 4035 auribus
3283 3984 3394 4036 suis

1818 4068 2052 4132 audiant,
2091 4077 2139 4122 et
2184 4069 2338 4123 corde
2362 4086 2458 4123 suo
2481 4068 2768 4138 intelligant
2800 4068 2933 4138 (lsa.
2965 4068 3063 4139 γι).
3108 4070 3238 4135 Quae
3263 4072 3390 4125 dum

1816 4160 1889 4213 ita
1941 4173 1999 4212 se
2027 4159 2278 4223 habeant,
2312 4174 2504 4228 magna
2532 4174 2591 4212 se
2627 4159 2871 4212 caecitate
2911 4158 3134 4213 obrutos
3163 4174 3280 4214 esse
3309 4159 3391 4214 fa-

1815 4257 1998 4306 tentur
2025 4251 2116 4319 qui
2146 4251 2255 4304 vim
2279 4249 2430 4303 illam
2475 4249 2684 4311 animae,
2740 4263 2859 4316 quae
2887 4250 3146 4304 memoria
3184 4266 3392 4306 nuncu-

146 4324 416 4394 religionis
468 4329 790 4385 Christianae
841 4349 937 4387 arx
971 4337 1086 4390 sive
1124 4341 1396 4396 munimen
1445 4351 1501 4398 et
1524 4345 1998 4418 glorio-Dpatur,
2047 4342 2122 4395 ita
2177 4355 2235 4395 se
2282 4340 2527 4395 vitiatam
2592 4340 2790 4395 habere
2854 4342 3250 4408 demonstrant,
3301 4344 3392 4399 cui

149 4425 264 4465 sum
297 4417 508 4486 insigne
541 4422 699 4476 unius
733 4423 826 4477 Dei
866 4425 1042 4480 cultus
1074 4435 1130 4482 et
1178 4433 1424 4489 adoratio
1453 4443 1556 4502 est,
1600 4437 1710 4493 imo

146 4503 270 4568 quia
315 4513 420 4570 est,
472 4507 610 4564 hanc
658 4511 981 4582 imaginibus
1033 4517 1116 4572 vel
1183 4522 1510 4588 quibuslibet
1550 4527 1712 4581 rebus

143 4589 392 4646 ethibere
433 4603 620 4650 contra
678 4599 990 4672 religionem
1028 4604 1386 4663 Christianam
1425 4619 1546 4678 est;
1587 4621 1640 4668 et
1666 4616 1712 4670 si

147 4677 237 4732 has
270 4696 372 4735 non
403 4684 631 4740 adorare
655 4702 750 4743 seu
778 4690 956 4747 colere
1000 4703 1187 4751 contra
1216 4699 1528 4770 religionem
1552 4703 1710 4759 Chri-

144 4768 367 4826 stianam
400 4783 506 4840 est,
555 4785 616 4831 ut
657 4779 735 4833 illi
765 4781 1010 4849 delirant,
1046 4787 1218 4842 solum
1268 4768 1437 4846 Deum
1484 4795 1710 4850 adorare

147 4874 236 4913 seu
261 4866 446 4932 colere,
497 4867 719 4940 ejusque
752 4875 926 4929 cultus
950 4886 1004 4930 et
1033 4878 1357 4936 adorationis
1383 4897 1561 4939 arcem
1595 4887 1708 4940 sin-

150 4951 374 5017 gularem
403 4973 522 5015 esse
568 4961 728 5018 fateri
757 4973 943 5021 contra
993 4967 1299 5038 religionem
1349 4972 1709 5030 Christianam

154 5040 273 5092 erit:
311 5044 460 5103 Solus
499 5051 664 5120 igitur
706 5055 847 5112 Deus
892 5058 1164 5127 colendus,
1197 5063 1342 5119 solus
1383 5065 1705 5134 adorandus,

154 5130 700 5223 solus‘gloriﬁcandus
721 5156 820 5212 est,
853 5150 918 5203 de
944 5165 1050 5218 quo
1088 5166 1186 5223 per
1210 5155 1525 5223 prOphetam
1575 5130 1708 5213 dici;

157 5227 260 5283 tur,
287 5221 583 5289 Exaltatum
604 5241 675 5284 est
705 5250 887 5290 nomen
911 5238 1026 5306 ejus
1049 5221 1221 5294 solius;
1241 5221 1414 5313 (Psal.
1443 5249 1702 5318 cxnvm);

156 5307 303 5376 cujus
328 5316 487 5370 etiam
505 5323 699 5377 sanctis
742 5328 849 5395 qui,
876 5329 1205 5399 triumphato
1233 5307 1466 5402 diabolo,
1493 5352 1616 5391 cum

226 5435 250 5464 ε
280 5423 455 5505 Solum
474 5449 700 5505 namque
712 5439 986 5496 Dominum
1000 5444 1186 5502 colere.
1209 5447 1456 5504 Correxit
1476 5450 1704 5505 Linden-

156 5490 416 5593 b'ruchhius',
462 5490 629 5584 Deum,
653 5508 948 5593 Aeolere,met
985 5513 1177 5593 placet.
1229 5518 1396 5593 Natus
1437 5535 1592 5593 error
1616 5536 1698 5593 _ex

158 5571 458 5635 compendio
510 5573 799 5646 scripturae.
840 5571 937 5638 'Sic
986 5571 1127 5638 infra
1173 5603 1291 5655 cap.
1317 5571 1403 5654 26,
1431 5571 1521 5644 ubi
1538 5571 1699 5657 vulgo

1817 4433 1920 4488 nisi
1950 4434 2242 4504 imaginum
2297 4433 2678 4489 adminiculum
2727 4433 3065 4506 suﬁ‘ragetur,
3121 4439 3393 4494 abinten.

1819 4525 1962 4578 tione
1991 4525 2266 4580 servitutis
2306 4526 2401 4580 Dei
2429 4534 2484 4581 et
2535 4528 2882 4583 veneratione
2929 4537 3240 4585 sanctorum
3268 4530 3390 4600 ejus

1818 4615 2072 4669 recedere
2112 4615 2500 4685 compellatur;
2550 4632 2651 4672 nec
2700 4631 2758 4672 se
2786 4617 3007 4673 idoneos
3061 4620 3394 4676 arbitrantur

1817 4703 2012 4757 mentis
2037 4704 2251 4758 oculum
2284 4719 2445 4773 supra
2493 4714 2798 4761 creaturam
2842 4723 3156 4777 corpoream
3209 4711 3392 4768 levare

1816 4793 1882 4848 ad
1923 4795 2276 4853 hauriendum
2320 4803 2582 4850 aeternum
2612 4797 2791 4855 lumen
2820 4801 2920 4855 nisi
2977 4811 3239 4858 creaturae
3269 4817 3392 4856 cor-

1812 4896 1992 4950 poreae
2018 4882 2283 4951 adjutorio
2312 4883 2623 4944 fulciantur.
2666 4886 2771 4942 Sed
2809 4901 2877 4940 ne
2904 4886 3043 4943 forte
3076 4888 3158 4942 sui
3185 4887 3389 4942 erroris

1811 4987 2027 5026 murum
2056 4973 2141 5028 his
2169 4982 2379 5029 tentent
2432 4978 2575 5032 tueri
2622 4977 3011 5031 munitionibus
3057 4991 3122 5031 eo
3159 4977 3302 5041 quod
3331 4985 3388 5030 et

1812 5078 1911 5120 nos
1939 5064 2008 5118 ob
2037 5065 2350 5118 memoriam
2405 5081 2588 5122 rerum
2635 5076 2904 5138 gestarum
2957 5065 3220 5133 imagines
3266 5065 3374 5134 qui-

1811 5153 2044 5208 buslibet
2094 5155 2366 5210 habendas
2428 5171 2548 5211 esse
2595 5155 2954 5220 concedimus,
3011 5155 3097 5210 his
3142 5168 3174 5206 a
3228 5156 3389 5210 nobis

1809 5257 1996 5296 eorum
2023 5242 2250 5298 ﬁrmitas
2289 5245 2566 5308 arietibus,
2622 5243 2781 5297 tantis
2831 5242 3075 5295 veritatis
3111 5240 3384 5303 quatietur

1807 5339 2127 5408 impulsibus
2152 5347 2295 5412 quod
2344 5339 2488 5395 aliud
2517 5346 2600 5390 est
2635 5323 2960 5421 eas'babere
3000 5329 3294 5387 oblivionis
3323 5331 3391 5388 ti.

1803 5452 2017 5522 legitur.
2060 5455 2192 5507 inter
2224 5451 2521 5522 ιζονηίητιηι,
2548 5451 2598 5494 ei
2631 5441 2878 5522 ,ποηίίζὶεδ
2925 5435 3389 5522 υςῧδέῗξῗῖνέξξξ

1805 5498 2480 5582 Δετ
2501 5511 2752 5582 homines.
2786 5510 2904 5572 Nec
2926 5505 3053 5566 alibi
3074 5498 3397 5557 semel‘huic

1807 5593 1938 5647 vitio
1968 5577 2285 5648 medicinam
2317 5577 2676 5636 adhibuimus.
