4026 6156
586 211 720 265 I087

1461 212 1519 266 Β.
1561 211 1808 268 CAROLI
1847 209 2058 265 MAGNI
2093 209 2243 266 OPP.
2285 210 2461 266 PARS
2496 212 2558 267 Il.
2601 213 2840 269 SECTIO
2880 213 2940 268 II‘.

3711 214 3877 270 {088

585 342 754 390 more,
819 321 965 377 aliud
1029 322 1329 378 ornamenti
1384 338 1603 390 amore;
1654 323 1796 378 aliud
1849 325 2141 389 voluntate,
2174 325 2216 381 Α
2247 321 2327 374 nit
2351 324 2592 385 antistes,
2633 332 2688 377 et
2713 325 2926 392 utrique
2966 323 3107 392 parti
3149 323 3287 378 inter
3331 337 3390 378 se
3423 330 3627 377 mutuo
3670 321 3879 376 conﬂi:

586 418 730 474 aliud
780 416 1111 486 indigentia;
1177 415 1321 467 aliud
1359 415 1562 469 idcirco
1625 416 1803 470 videre
1847 430 1914 468 ne
1963 415 2056 468 Dei
2105 421 2159 469 et

586 518 896 566 sanctorum
919 505 1036 574 ejus
1063 504 1238 558 valeat
1262 503 1380 571 quis
1406 503 1669 566 oblivisci,
1706 503 1848 556 aliud
1894 503 2012 556 ideo
2037 517 2159 570 spe-

587 609 736 656 ctare
765 607 825 653 ut
851 605 1122 667 gestarum
1148 609 1328 647 rerum
1358 593 1528 662 possit
1562 593 1831 647 reminisci
1857 609 1870 656 ;
1911 592 2055 646 aliud
2077 601 2160 645 est

587 705 682 745 eas
720 704 808 743 res
863 687 1043 739 videre
1078 699 1216 752 quae,
1267 682 1370 736 nisi
1424 683 1722 745 videantur,
1774 697 1882 736 non
1941 683 2156 746 obsunt,

591 781 735 834 aliud
771 792 862 830 eas
891 789 1028 842 quae,
1081 773 1186 827 nisi
1218 779 1277 825 ut
1301 772 1601 835 videantur,
1639 771 1895 832 olliciunt,
1929 786 2051 824 cum
2075 771 2158 823 vi-

591 871 784 927 delicet
821 868 937 921 sine
980 865 1269 934 imaginum
1301 863 1497 918 intuitu
1545 865 1704 918 homo
1754 863 1949 918 salvari
1971 863 2158 931 possit,

591 962 709 1016 sine
742 960 838 1014 Dei
869 974 996 1032 vero
1023 958 1212 1012 notitia
1241 957 1460 1010 omnino
1487 956 1817 1023 nonpossit.
1857 953 1990 1008 Cum
2034 969 2162 1024 ergo

593 1051 746 1106 mens
808 1048 1044 1104 hominis
1103 1048 1177 1100 ita
1221 1047 1270 1100 ei
1321 1047 1585 1100 inhaerere
1645 1046 1835 1098 debeat
1888 1045 1957 1098 ad
2010 1043 2162 1110 cujus

594 1141 878 1210 imaginem
911 1137 1124 1192 condita
1158 1143 1258 1198 est,
1295 1144 1352 1189 ut
1378 1135 1520 1188 nulla
1553 1143 1798 1188 creatura
1845 1133 2162 1202 interposita

595 1235 664 1288 ab
692 1234 807 1302 ipsa
832 1230 1080 1292 veritate,
1134 1243 1252 1297 qua:
1292 1227 1542 1282 Christus
1595 1233 1697 1292 est.
1749 1224 2029 1288 formetur,
2071 1225 2163 1278 de-

595 1323 985 1378 mentissimum
1017 1328 1099 1375 est
1132 1335 1249 1373 eam
1275 1317 1606 1387 interpositis
1635 1315 2001 1368 materialibus
2033 1314 2166 1366 ima-

597 1413 811 1484 ginibus
840 1425 908 1465 ne
943 1409 1059 1477 ejus
1110 1407 1432 1462 oblivionem
1483 1406 1717 1474 patiatur
1763 1403 2040 1457 admoneri
2074 1403 2166 1456 de-

595 1502 746 1564 bere,
775 1515 897 1555 cum
925 1499 1171 1552 videlicet
1215 1498 1318 1552 hoc
1354 1495 1682 1549 inﬁrmitatis
1725 1493 1794 1547 sit
1823 1493 2032 1555 vitium,
2059 1506 2165 1545 non

597 1591 862 1646 libertatis
894 1590 1170 1645 indicium.
1208 1587 1343 1654 Quia
1379 1600 1506 1642 vero
1551 1585 1828 1640 descensio
1873 1583 2070 1638 Christi
2097 1583 2165 1636 ad

2258 413 2402 478 genti
2440 425 2589 465 arma
2612 412 2833 480 praebet,
2865 428 2986 466 cum
3013 421 3068 467 et
3087 423 3218 467 istos
3243 413 3334 481 qui
3355 427 3447 466 eas
3475 412 3738 465 adorant
3751 425 3879 464 cum

2258 498 2364 552 illis
2397 499 2602 568 qui'eas
2628 499 2860 568 fregere:
2885 510 2941 554 et
2963 501 3080 556 illos
3105 503 3194 570 qui
3230 518 3322 556 eas
3349 501 3560 570 fregere
3582 515 3741 555 cum
3757 501 3882 552 istis

2259 591 2352 658 qui
2373 607 2464 645 eas
2491 591 2714 645 adorant
2742 592 3066 660 pontificalis
3084 594 3173 646 teli
3201 593 3419 660 cuspide
3442 590 3590 645 ferit.
3658 589 3882 643 Etistis

2258 682 2383 736 hinc
2411 683 2774 747 adorantibus,
2802 684 2909 737 illis
2933 684 3057 738 inde
3089 684 3456 752 frangentibus
3478 681 3726 750 spretis,
3781 697 3885 735 no-

2258 779 2384 825 stra:
2404 773 2574 839 partis
2599 774 2702 827 sibi
2728 773 3021 828 Ecclesiam
3044 775 3280 838 asciscit,
3329 789 3446 843 qum
3499 772 3885 826 mediocrita-

2261 865 2330 919 tis
2359 866 2548 922 callem
2594 868 2750 920 recti.
2782 868 2990 921 itineris
3032 883 3286 936 carpens,
3339 875 3392 920 et
3417 867 3469 919 in
3505 865 3885 919 ornamentis

2260 955 2328 1008 ob
2354 956 2668 1008 memoriam
2697 957 2896 1011 habere
2920 958 3181 1021 concedit,
3219 966 3273 1011 et
3299 957 3427 1010 istos
3455 955 3588 1010 hinc
3617 955 3884 1009 adoran-

2262 1053 2361 1109 tes,
2395 1046 2512 1100 illos
2551 1047 2698 1101 illinc
2723 1047 3027 1117 frangentes
3052 1050 3392 1118 despicienda
3419 1051 3755 1118 postponit:
3802 1049 3887 1102 sic

2263 1133 2404 1187 enim
2434 1134 2716 1202 praefatum
2752 1136 3012 1191 Serenum
3061 1139 3115 1192 et
3148 1139 3394 1193 laudasse
3438 1140 3567 1208 quia
3625 1141 3883 1194 adorare

2261 1223 2610 1291 prohibuerit,
2628 1232 2682 1278 et
2697 1228 3102 1296 reprehendisse
3127 1229 3251 1296 quia
3267 1227 3504 1297 fregerit,
3521 1229 3673 1283 idem
3700 1243 3889 1281 vene-

2264 1312 2446 1366 rabilis
2470 1312 2604 1382 papa
2628 1315 2973 1382 perhibetur:
3021 1334 3039 1366 ι
3064 1316 3366 1381 Ῥεῖ-ἰδίων,
3419 1317 3614 1385 inquit,
3657 1316 3737 1370 ad
3769 1331 3884 1368 nos

2264 1401 2442 1455 fuerat
2469 1405 2610 1471 quod
2637 1404 3036 1460 inconsiderato
3067 1407 3183 1461 zelo
3212 1422 3505 1462 succensus
3536 1417 3885 1462 sanctorum

2264 1489 2527 1560 imagines
2579 1494 2678 1547 sub
2705 1495 2805 1548 hac
2831 1496 2985 1564 quasi
3010 1498 3355 1552 excusatione
3391 1513 3455 1552 ne
3491 1499 3720 1553 adorari
3777 1498 3882 1552 de-

2263 1580 2526 1646 buissent,
2567 1583 2960 1654 confringeres:
3001 1597 3055 1640 et
3095 1588 3311 1656 quidem
3343 1590 3438 1657 qui
3477 1605 3571 1644 eas
3613 1589 3882 1642 adorare

599 1679 818 1743 inferos,
867 1679 982 1732 sive
1034 1676 1276 1731 ascensio
1327 1676 1440 1743 ejus
1466 1678 1532 1728 ad
1559 1675 1742 1736 ccelos,
1792 1673 1904 1727 sive
1931 1672 2041 1740 spei
2065 1686 2163 1725 no-
2192 1667 2240 1726 Β
2267 1671 2529 1726 vetuisses
2574 1675 2794 1728 omnino
2841 1675 3196 1739 laudavimus,
3237 1677 3461 1747 fregisse
3513 1694 3639 1733 vero
3669 1691 3887 1744 repre-

599 1779 728 1825 strae
765 1770 972 1824 fructus
1017 1783 1125 1821 non
1157 1767 1210 1819 in
1263 1767 1423 1819 rebus
1458 1764 1754 1818 visibilibus
1785 1765 1879 1816 sed
1924 1762 1979 1814 in
2007 1761 2168 1816 corde

602 1869 812 1914 tantum
856 1859 1175 1928 quaerendus
1220 1857 1310 1921 sit,
1359 1855 1556 1909 Paulus
1615 1854 1885 1923 apostolus
1943 1860 2169 1906 testatur

601 1965 726 2006 cum
770 1949 917 2012 dicit,
963 1947 1092 2019 Spes
1118 1963 1234 2017 qua:
1293 1947 1493 2001 videtur
1553 1964 1656 2000 non
1711 1954 1784 2000 est
1827 1961 1983 2015 spes:
2031 1943 2168 2012 quod

602 2044 739 2098 enim
785 2042 919 2094 videt
953 2041 1088 2110 quis,
1139 2038 1264 2109 quid
1309 2039 1525 2108 sperat?
1571 2037 1631 2092 Si
1674 2046 1844 2090 autem
1889 2034 2025 2105 quod
2069 2050 2170 2086 non

605 2135 836 2188 videmus
858 2150 1146 2203 speramus,
1171 2149 1261 2202 per
1282 2134 1585 2202 patientiam
1616 2140 1966 2200 exspectamus
1991 2127 2168 2198 (Rom.

609 2225 753 2295 vm).
795 2225 861 2278 Et
879 2225 1092 2287 iterum,
1129 2222 1209 2275 Ne
1235 2222 1430 2274 dixeris
1457 2223 1509 2273 in
1535 2221 1688 2274 corde
1711 2229 1819 2284 tuo,
1845 2217 1973 2281 Quis
1996 2233 2174 2270 ascen-

606 2316 682 2368 dit
720 2317 776 2369 in
803 2314 1032 2369 malum?
1076 2313 1129 2366 id
1156 2323 1250 2377 est,
1301 2312 1562 2366 Christum
1605 2310 1900 2362 deducere:
1941 2307 2017 2360 vel
2058 2309 2172 2377 quis

606 2407 867 2461 descendit
900 2408 954 2459 in
989 2407 1229 2474 abyssum
1255 2405 1278 2454 ?
1317 2400 1430 2454 Hoc
1461 2410 1533 2454 est
1581 2399 1842 2453 Christum
1871 2416 1934 2452 ea:
1959 2399 2173 2452 mortuis

609 2513 866 2550 revocare.
913 2496 1016 2548 Sed
1060 2492 1184 2562 quid
1231 2492 1355 2544 dicit
1386 2490 1710 2553 Scriptura?
1745 2488 1915 2558 Prope
1944 2497 2018 2541 est
2067 2504 2176 2540 ver-

611 2585 732 2637 bum
773 2586 829 2636 in
883 2599 969 2636 ore
1018 2591 1135 2645 tuo,
1165 2583 1293 2634 etin
1340 2580 1492 2633 corde
1536 2589 1643 2646 tuo,
1697 2581 1792 2655 hoc
1822 2588 1914 2644 est,
1969 2578 2174 2632 verbum

609 2671 732 2738 ﬁdei
753 2670 889 2740 quod
925 2671 1286 2741 prtrdicamus,
1338 2671 1461 2738 quia
1484 2671 1529 2722 si
1571 2670 1865 2738 conﬁtearis
1893 2671 1946 2722 in
1975 2686 2061 2722 ore
2087 2678 2174 2721 tuo

608 2760 890 2813 Dominum
947 2761 1144 2821 Jesum,
1201 2769 1248 2812 et
1277 2760 1332 2812 in
1377 2759 1530 2812 corde
1585 2745 1673 2814 tuo
1710 2760 1990 2813 credideris
2037 2759 2176 2829 quod

609 2851 750 2904 Deus
779 2850 927 2904 illum
966 2850 1228 2904 suscitavit
1262 2867 1294 2902 a
1335 2851 1576 2915 mortuis,
1603 2850 1775 2904 salvus
1828 2852 1971 2903 eris:
2011 2847 2178 2902 Corde

609 2939 743 2992 enim
778 2938 1007 2993 creditur
1048 2938 1115 2991 ad
1155 2937 1440 3007 justitiam,
1467 2939 1573 2992 oris
1615 2927 1787 2992 autem
1835 2937 2089 3007 confessio
2116 2937 2176 3003 ﬁt

2269 1760 2574 1816 hendimus.
2609 1783 2626 1813 ι
2653 1763 2722 1816 Et
2741 1776 2862 1831 post
2880 1780 3080 1832 pauca:
3116 1784 3134 1815 ‹
3169 1765 3362 1836 Frangi
3384 1782 3512 1836 ergo
3540 1783 3649 1820 non
3678 1765 3884 1820 debuit

2269 1849 2414 1915 quod
2432 1865 2536 1903 non
2565 1850 2632 1904 ad
2655 1851 2986 1906 adorandum
3013 1855 3066 1906 in
3087 1855 3344 1919 ecclesiis,
3376 1857 3468 1910 sed
3491 1857 3558 1909 ad
3581 1857 3887 1909 instruen-

2269 1934 2368 1988 das
2405 1937 2741 1993 solummodo
2772 1949 2978 1994 mentes
3003 1940 3103 1994 fuit
3131 1943 3478 1996 nescientium
3503 1943 3885 1997 collocatum.

2270 2027 2339 2079 Et
2364 2029 2490 2094 quia
2514 2029 2569 2081 in
2606 2030 2735 2086 locis
2758 2032 3150 2085 venerabilibus
3179 2040 3484 2085 sanctorum
3511 2031 3748 2100 depingi
3803 2029 3892 2082 hi—

2271 2121 2465 2175 storias
2496 2138 2599 2176 non
2627 2124 2742 2176 sine
2793 2124 2997 2176 ratione
3027 2131 3260 2175 vetustas
3293 2121 3534 2182 admisit,
3574 2121 3619 2173 si
3666 2121 3894 2173 zelum

2273 2213 2594 2266 discretione
2614 2213 2902 2271 condisses,
2944 2219 2997 2263 et
3018 2225 3080 2262 ea
3117 2225 3236 2277 quae
3264 2209 3575 2263 intendebas
3605 2207 3898 2260 salubri-

2275 2310 2356 2356 ter
2381 2302 2616 2356 obtinere
2638 2308 2691 2352 ct
2709 2299 2986 2352 collectum
3017 2313 3232 2368 gregem
3264 2313 3369 2352 non
3390 2297 3742 2366 dispergere,
3779 2298 3893 2350 sed

2271 2391 2444 2458 potius
2469 2397 2679 2457 poteras
2705 2403 3049 2458 congregare.
3078 2408 3095 2439 ι
3141 2389 3371 2442 Putabat
3405 2387 3552 2441 enim
3581 2386 3742 2440 idem
3787 2401 3887 2438 ve-

2272 2477 2521 2531 nerabilis
2556 2477 2752 2544 prmsul
2799 2477 2853 2529 in
2891 2477 3186 2546 imaginum
3238 2476 3659 2530 comminutionc
3690 2489 3883 2542 popu-

2272 2565 2409 2620 lares
2437 2566 2644 2619 animos
2673 2565 3037 2634 perturbatos,
3077 2573 3133 2617 et
3183 2565 3302 2618 ideo
3334 2563 3651 2633 pusillorum
3705 2577 3881 2616 scan-

2273 2657 2451 2712 dalum
2485 2658 2869 2727 pertimescens
2899 2657 3013 2710 lucc
3039 2655 3319 2710 inferebat.
3391 2656 3542 2710 Unde
3569 2665 3624 2709 et
3650 2656 3711 2709 in
3742 2659 3881 2712 sub-

2275 2749 2622 2818 sequentibus
2659 2765 2781 2803 eum
2810 2749 3028 2802 instruit
3081 2749 3310 2816 qualiter
3343 2762 3438 2801 eas
3465 2755 3519 2801 et
3567 2748 3786 2804 habere
3821 2750 3877 2802 in

2276 2840 2520 2894 ecclesiis
2543 2839 2868 2908 quibuslibet
2897 2838 3186 2907 permittat,
3225 2845 3278 2890 et
3302 2836 3526 2891 adorare
3547 2838 3731 2892 modis
3758 2852 3878 2892 om-

2278 2913 2436 2983 nibus
2456 2930 2672 2983 devitet.
2733 2928 2828 2982 'Ait
2856 2930 3027 2982 enim:
3076 2948 3092 2978 ι
3127 2912 3467 2998 Convocandi
3505 2935 3632 2981 sunt
3664 2928 3873 2982 diversi

610 3028 679 3081 ad
702 3027 923 3082 saturem
965 3026 1140 3097 (Rom,
1178 3027 1255 3099 χ),
1298 3028 1460 3082 Multa
1495 3030 1709 3098 quidem
1742 3028 1809 3081 ad
1857 3041 1968 3081 rem
2015 3025 2178 3094 perti-
2206 3018 2251 3080 C
2282 3019 2534 3073 Ecclesia:
2562 3019 2654 3072 filii
2682 3020 2864 3086 eisque
2896 3019 3186 3087 Scriptura:
3227 3034 3392 3074 sacrae
3426 3028 3508 3073 est
3538 3019 3878 3074 testimoniis

611 3117 795 3171 nentia
822 3127 876 3171 et
905 3118 1029 3171 huic
1078 3119 1293 3188 negotio
1337 3119 1641 3173 necessaria
1700 3118 1753 3171 in
1799 3118 1902 3170 hoc
1951 3114 2184 3183 capitulo

615 3206 721 3260 dici
776 3215 1041 3276 poterant,
1091 3207 1137 3262 si
1184 3208 1438 3274 brevitas,
1477 3207 1562 3262 cui
1628 3207 1923 3271 studemus,
1964 3202 2186 3274 permit-

617 3305 775 3354 teret.

1182 3411 1407 3468 CAPUT
1445 3413 1629 3468 XXIII.

623 3524 774 3589 Quod
803 3534 980 3578 contra
1007 3524 1140 3577 beati
1179 3523 1415 3590 Gregorii
1464 3521 1716 3590 Romana:
1752 3521 1897 3590 urbis
1939 3519 2187 3590 antistitis

689 3593 995 3646 sententiam
1018 3587 1311 3643 institutum
1332 3592 1398 3642 sit
1419 3589 1669 3656 imagines
1693 3588 1917 3641 adorare
1929 3603 2019 3640 seu
2041 3587 2191 3654 fran-

694 3677 830 3728 gere.

693 3790 954 3860 lmagines
980 3803 1108 3844 sane
1129 3803 1353 3858 quarum
1396 3789 1822 3845 insolentissima:
1865 3789 2192 3845 addrationis

625 3896 777 3936 amor
799 3879 1148 3936 Constantino
1191 3888 1245 3936 et
1267 3881 1425 3936 matri
1463 3882 1578 3952 ejus
1604 3881 1843 3938 Hierenae
1888 3896 2096 3938 necnon
2141 3888 2195 3936 et

628 3971 849 4028 Tarasio
871 3971 1456 4041 Constantinopolitano
1477 3974 1724 4043 episcopo
1745 3975 2056 4028 exercenda:
2071 3989 2196 4042 syn-

627 4065 714 4119 odi
741 4079 901 4120 causa
927 4065 1150 4130 exstitit,
1166 4081 1392 4133 quorum
1414 4065 1776 4120 discutiendus
1795 4080 1947 4120 error
1961 4079 2197 4133 prmsen—

631 4153 701 4208 tis
731 4155 885 4208 nobis
921 4153 1296 4224 disputationis
1340 4156 1620 4209 materiam
1671 4155 1916 4223 praebuit,
1959 4171 1988 4208 a
2039 4155 2197 4209 beato

629 4244 890 4313 Gregorio
913 4246 1170 4301 Romana:
1216 4248 1366 4302 urbis
1403 4248 1643 4302 antistite
1679 4256 1733 4301 et
1759 4248 1972 4303 adorari
2009 4247 2196 4316 prohi-

630 4333 825 4386 bentur
846 4341 900 4386 et
923 4333 1112 4404 frangi,

631 4423 810 4479 verbis
838 4424 1103 4493 nullisque
1131 4425 1413 4478 dubietatis
1451 4425 1765 4492 ambagibus
1791 4424 2042 4480 involutis
2085 4443 2198 4481 ser-

635 4514 900 4574 monibus,
937 4515 1030 4566 sed
1069 4512 1284 4580 proprie
1330 4525 1392 4563 ac
1421 4526 1569 4578 pure,
1629 4512 1755 4581 quid
1809 4514 1863 4567 in
1905 4513 2007 4569 hac
2047 4524 2199 4584 parte

635 4603 1024 4657 observandum
1051 4602 1242 4670 quidve
1265 4601 1547 4662 tenendum
1578 4605 1647 4659 sit
1674 4605 1874 4661 Sereno
1888 4607 2203 4663 Massiliensi

636 4693 888 4762 episcopo
913 4692 1023 4745 suis
1057 4693 1328 4747 mandavit
1351 4694 1610 4764 apicibus.
1633 4697 1766 4752 Nam
1799 4700 1922 4754 dum
1961 4701 2044 4753 isti
2065 4715 2203 4767 prae-

2285 3106 2692 3171 ostendendum,
2735 3106 2857 3174 quia
2883 3120 3041 3161 omne
3066 3123 3228 3161 manu
3267 3107 3465 3162 factum
3503 3107 3730 3161 adorari
3764 3123 3874 3160 non

2284 3198 2460 3263 liceat,
2500 3198 2752 3266 quoniam
2782 3197 3041 3264 scriptum
3065 3206 3175 3254 est:
3217 3199 3499 3252 Dominum
3527 3198 3700 3252 Deum
3722 3209 3880 3252 tuum

2286 3287 2531 3339 adorabis
2560 3296 2607 3338 et
2640 3284 2717 3337 illi
2738 3284 2834 3338 soli
2859 3286 3072 3339 servies:
3106 3303 3169 3340 ac
3189 3287 3381 3341 deinde
3409 3286 3868 3357 sulzjungendum,

2287 3376 2419 3442 Quia
2451 3377 2672 3446 pictura:
2702 3375 2992 3444 imaginum
3015 3392 3134 3446 qua;
3163 3378 3230 3432 ad
3249 3377 3657 3433 mditieationem
3689 3377 3870 3445 impe-

2288 3466 2377 3519 riti
2397 3465 2573 3534 populi
2602 3464 2756 3520 facta:
2780 3465 3012 3531 fuerant,
3053 3475 3114 3521 ut
3137 3468 3440 3523 nescientes
3462 3469 3665 3523 litteras
3689 3468 3877 3536 ipsam

2288 3558 2569 3612 historiam
2627 3557 2968 3613 intendentes
3005 3558 3147 3628 quod
3197 3560 3402 3615 dictum
3458 3561 3530 3614 sit
3574 3560 3866 3622 discerent,

2290 3635 2548 3700 transisse
2578 3647 2631 3700 in
2659 3647 3026 3702 adorationem
3066 3649 3296 3710 videras,
3340 3650 3542 3704 idcirco
3563 3657 3874 3704 commotus.

2289 3749 2348 3791 es
2373 3745 2431 3790 ut
2459 3751 2552 3792 eas
2577 3738 2834 3807 imagines
2876 3737 3048 3807 frangi
3096 3739 3444 3808 praiciperes:
3479 3747 3640 3807 atque
3686 3739 3769 3793 eis
3791 3738 3873 3792 di-

2291 3826 2539 3890 cendum,
2581 3826 2638 3880 Si
2663 3827 2730 3880 ad
2761 3827 2898 3882 hanc
2939 3827 3346 3882 instructionem
3372 3829 3439 3883 ad
3481 3843 3647 3896 quam
3673 3827 3854 3897 imagi-
3911 3828 3920 3837 '

2295 3907 2390 3972 nes
2425 3919 2718 3988 antiquitus
2749 3917 2901 3973 factae
2941 3926 3065 3972 sunt
3088 3919 3287 3972 habere
3316 3919 3496 3983 vultis,
3536 3920 3590 3972 in
3625 3918 3864 3972 ecclesiis

2295 4022 2387 4062 eas
2412 4009 2586 4064 modis
2614 4009 2863 4063 omnibus
2888 4015 2942 4060 et
2958 4005 3140 4061 offerri
3162 4016 3216 4061 et
3239 4008 3426 4062 haberi
3458 4008 3752 4076 permittas,
3775 4013 3855 4058 at-

2297 4112 2400 4168 que
2434 4097 2609 4151 indica
2635 4095 2777 4164 quod
2803 4110 2909 4149 non
2939 4094 3033 4148 tibi
3060 4096 3172 4162 ipsa
3198 4095 3335 4149 visio
3360 4095 3618 4158 historiae,
3645 4108 3762 4163 qua:
3785 4091 3861 4160 pi-

2298 4198 2448 4242 ctura
2473 4197 2607 4241 teste
2637 4187 2967 4255 pandebatur
2996 4185 3345 4255 displicuerit,
3395 4187 3489 4240 sed
3515 4184 3605 4238 illa
3628 4181 3872 4238 adoratio.

2300 4293 2417 4344 quae
2436 4275 2663 4344 picturis
2689 4274 2864 4329 fuerat
2890 4273 3308 4343 incompetenter
3335 4275 3593 4329 exhibita.
3623 4273 3792 4342 Atque
3810 4272 3859 4324 in

1164 4337 1255 4402 qui
1286 4351 1390 4390 "0“
1413 4337 1565 4405 longe
1609 4353 1641 4390 ³
1697 4351 1860 4390 causa
1883 4338 2196 4404 vagantibus
2229 4360 2274 4418 D
2297 4365 2382 4418 bis
2404 4365 2579 4418 verbis
2590 4378 2775 4418 eorum
2801 4372 3005 4419 mentes
3019 4363 3322 4418 demulcens
3342 4379 3435 4419 eos
3449 4364 3513 4418 ad

2301 4463 2446 4507 tuam
2470 4469 2690 4508 revoca:
2725 4460 2780 4508 et
2802 4453 2848 4507 si
2870 4453 2991 4521 quis
3013 4453 3272 4524 imagines
3299 4453 3474 4510 facere
3498 4455 3742 4516 voluerit,
3768 4451 3855 4506 mi-

2301 4546 2444 4601 nime
2469 4546 2715 4615 prohibe,
2747 4546 2972 4601 adorare
2993 4546 3396 4623 ‘veroimagines
3427 4545 3673 4600 omnibus
3691 4542 3854 4595 modis

2304 4638 2499 4692 devita.
2532 4657 2550 4687 ι
2594 4635 2730 4689 Ecce
2755 4651 2860 4704 quo
2883 4623 3190 4706 magisterio
3235 4650 3402 4706 quove
3427 4635 3739 4686 documento
3761 4641 3852 4680 ve-

2305 4728 2526 4782 nerandi
2567 4727 2833 4795 pontiﬁcis
2861 4728 3049 4782 imbuti
3093 4728 3350 4798 imagines
3392 4724 3447 4778 in
3489 4720 3733 4776 ecclesiis
3765 4717 3859 4770 ha-

640 4783 946 4881 deces'sores
979 4781 1094 4881 sive
1119 4789 1366 4848 parentes
1401 4798 1525 4839 suos
1561 4787 1651 4855 qui
1698 4802 1790 4842 eas
1811 4787 2019 4857 fregere
2052 4801 2218 4860 exse:
2293 4781 2434 4870 gere
2469 4781 2874 4870 non‘mnuimus
2899 4855 2914 4881 ’
2955 4781 3050 4871 Sed
3086 4781 3272 4872 eam?“
3318 4813 3684 4870 adorationem
3717 4820 3865 4879 prop

639 4871 912 4974 “abuit”
961 4871 1216 4973 dafnnare
1260 4872 1685 4974 _perh_ibcamur’
1727 4885 1780 4930 et
1820 4876 1896 4928 mi
1948 4875 2221 4974 iswsﬁui;
2305 4921 2396 4960 sus
2420 4905 2756 4970 abdicamus;
2809 4871 2961 4974 cujus
3010 4871 3268 4961 institutis
3298 4905 3572 4961 contraire
3597 4915 3677 4965 se,
3721 4871 3864 4968 quis-

640 4978 732 5016 eas
767 4961 1039 5016 adoraturi
1061 4970 1213 5015 erant
1228 4964 1654 5020 abominabiliter
1683 4966 1962 5019 damnasse
1986 4963 2220 5018 credam“

643 5061 744 5111 tur,
788 5051 926 5104 inter
965 5051 1064 5106 has
1089 5051 1285 5108 diversi
1331 5056 1531 5108 erroris
1556 5055 1698 5107 acies
1729 5053 1795 5106 ad
1833 5053 1989 5105 unius
2022 5067 2207 5107 socor-

647 5139 744 5193 dia:
771 5139 972 5194 bivium
994 5151 1236 5199 tenentes
1269 5145 1522 5207 medium,
1556 5154 1580 5182 α
1613 5157 1669 5195 se
1696 5142 1948 5210 prmfatus
1979 5144 2210 5214 interpo-

2308 4996 2427 5063 quis
2456 5010 2546 5050 eas
2570 4997 2653 5052 vel
2686 4996 2885 5069 frangit
2903 4997 2986 5053 vel
3023 4999 3226 5064 adorat,
3243 4999 3421 5055 modis
3454 4996 3719 5053 omnibus
3736 5007 3864 5049 reco-

2309 5096 2548 5158 gnoscat.

717 5410 747 5440 ι
776 5401 845 5456 Se
868 5402 1117 5470 prwfatus
1139 5401 1416 5470 interponit
1441 5400 1682 5455 Antestis.
1714 5402 1831 5458 Non
1859 5413 2006 5459 recte
2034 5421 2209 5461 emen-

653 5468 805 5544 dator
841 5468 1092 5544 correxit,
1126 5469 1360 5544 antistes,
1385 5486 1506 5544 cum
1532 5471 1671 5544 illud
1692 5473 1746 5525 in
1783 5476 2029 5544 totoihoc
2050 5488 2210 5544 opere

657 5533 723 5584 ad
742 5549 857 5589 eam
881 5537 1071 5592 faciem
1100 5539 1526 5595 constantissime
1550 5540 1834 5596 scribatur.
1877 5533 2129 5616 Huguitio
2155 5545 2213 5604 in

2315 5407 2599 5465 Vocabul.:
2632 5429 2649 5460 ι
2677 5410 2949 5474 Antcstor,
2979 5408 3231 5466 scribitur
3255 5409 3453 5478 ubique
3477 5423 3576 5478 per
3596 5419 3666 5475 te,
3693 5423 3791 5463 non
3809 5407 3842 5462 ti
3851 5420 3863 5470 ί

2317 5480 2456 5536 unde
2483 5482 2712 5536 antestis.
2753 5500 2769 5531 ι
