4026 6156
157 266 184 317 Ι
193 267 306 324 089

723 367 898 427 CAPU
912 373 953 427 T
975 374 1164 430 XXIV.

143 480 294 536 Cum
315 490 501 551 pra’ter
527 479 692 534 Deum
727 482 893 536 solum
931 485 1062 538 nihil
1109 485 1254 538 aliud
1294 486 1473 539 debeat
1500 487 1730 549 adorari,

222 551 376 604 aliud
402 562 474 604 est
500 551 760 604 hominem
793 553 1018 606 adorare
1037 556 1304 608 clm'ritatis
1325 566 1371 608 et
1402 555 1734 609 salutationis

221 619 564 690 oﬁicio,aliud
594 622 850 689 imagines
889 623 1235 690 manufactas.

221 729 376 786 Adeo
409 745 578 801 genus
610 732 906 785 humanum
957 731 1096 786 Deus
1134 733 1385 787 dilexisse
1433 733 1731 787 credendus

140 827 254 885 est,
285 830 345 875 ut
365 822 417 874 in
437 821 554 890 ipso
575 821 899 876 conditionis
917 819 1262 887 ejusexordio
1290 837 1396 875 non
1426 831 1694 890 utcunque
1713 859 1728 886 ,

138 911 245 966 sed
277 912 349 965 ad
375 927 529 966 suam
557 912 840 980 imaginem
861 920 913 963 et
945 911 1350 966 similitudinem
1385 912 1436 966 id
1481 913 1732 967 condide-

138 1000 241 1064 rit,
289 1011 346 1057 et
365 1003 628 1056 creaturis
650 1003 853 1056 caneris
877 1002 1192 1070 praetulerit,
1231 1012 1282 1057 et
1311 1020 1341 1057 a
1363 1003 1624 1072 ﬂorigerze
1649 1019 1733 1057 se-

137 1087 234 1142 dis
253 1087 513 1143 felicitate
535 1104 630 1158 per
647 1099 862 1156 peccata
881 1089 946 1143 ad
977 1088 1135 1156 hujus
1162 1090 1504 1144 mortalitatis
1535 1105 1732 1144 terum-

136 1193 249 1232 nas
291 1180 665 1232 transmissum
719 1179 994 1246 stupendis
1046 1180 1322 1234 miraculis
1351 1191 1404 1234 et
1444 1181 1730 1236 luculentis

136 1276 332 1323 vatum
362 1269 590 1323 oraculis
617 1268 831 1322 erudire
860 1283 958 1336 per
980 1279 1250 1323 momenta
1292 1277 1588 1338 temporum
1622 1285 1728 1324 non

139 1358 394 1412 desierit:
433 1367 487 1412 et
513 1358 718 1429 angelis
739 1359 828 1426 qui
857 1359 1042 1428 utique
1068 1361 1135 1414 ab
1147 1375 1212 1414 eo
1238 1360 1510 1428 peccando
1523 1361 1728 1414 disces-

138 1459 351 1514 serant,
373 1449 997 1540 perpetuatdamnatione
1019 1451 1276 1514 multatis,
1300 1461 1360 1504 ut
1383 1451 1437 1505 id
1461 1451 1636 1505 denuo
1658 1451 1731 1505 ci-

135 1543 301 1597 vibus
327 1544 577 1597 :ethereis
596 1557 696 1611 pro
733 1557 959 1610 quorum
990 1543 1247 1597 societate
1281 1543 1614 1604 condiderat,
1646 1557 1733 1596 so-

135 1634 339 1697 ciaret,
391 1633 665 1688 hominem
695 1648 969 1688 assumere
1000 1649 1108 1687 non
1149 1633 1474 1701 despexerit,
1521 1633 1731 1687 dicente

979 264 1152 320 LIBRI
1190 263 1531 321 CAROLINI.
1574 294 1642 303 -—
1676 265 1894 322 CAPIT.
1934 270 2018 325 DE
2056 273 2243 329 IMAG.
2284 306 2352 317 —
2387 277 2515 330 LIB.
2559 276 2620 329 ll.

3173 317 3180 323 -
3269 283 3404 338 {090

1761 384 2145 439 Asanctorum
2197 386 2417 442 Patrum
2469 389 2804 445 solummodo
2852 388 3109 449 institutis
3169 397 3404 452 contenti

1834 467 1960 522 sint.

2405 562 2632 618 CAPUT
2674 567 2836 622 XXV.

1834 639 2266 727 Quodnnusquum
2287 649 2351 702 ab
2373 653 2673 727 _apost_olicis
2704 658 2949 727 exentplis
2974 669 3063 712 aut
3102 662 3265 716 verbis
3288 702 3302 727 ,
3348 675 3404 719 ut

1933 711 2014 764 illi
2053 711 2328 781 garriunt,
2365 711 2617 788 imagines
2649 711 2870 778 adorare
2905 711 3310 784 institrut'uut's'it:

1900 798 2290 860 Ecclesiasticaa
2325 822 2512 861 norma
2538 809 2885 869 institutionis
2931 821 3311 886 prophetarum
3355 831 3405 877 et

1830 889 2190 957 apostolorum
2216 895 2297 948 vel
2327 895 2496 964 ipsius
2531 900 2742 956 Domini
2773 905 3061 974 aliquando
3090 912 3243 964 nobis
3264 927 3407 966 com-

1830 980 2116 1033 mendatur
2127 983 2325 1046 verbis,
2339 985 2623 1054 aliquando
2635 994 2909 1060 exemplis,
2927 996 3211 1054 aliquando
3222 1002 3382 1054 obum

1828 1065 2036 1131 bratis,
2091 1065 2378 1137 aliquando
2437 1074 2720 1141 patefactis
2770 1091 3100 1136 monstratur
3149 1089 3404 1151 oraculis,

1829 1172 2211 1227 nonnunquam
2251 1161 2414 1215 etiam
2442 1163 2702 1233 ﬁguratis,
2737 1184 3116 1240 nonnunquam
3147 1177 3406 1244 simplici-

1828 1246 1929 1300 bus
1949 1247 2270 1316 perdocetur
2313 1251 2570 1320 eloquiis,
2617 1256 2756 1310 inter
2800 1275 2918 1327 quae
2953 1264 3132 1316 omnia
3166 1267 3407 1323 omnium

1829 1351 2010 1390 rerum
2039 1338 2352 1394 adoratione
2379 1341 2623 1409 inhibita,
2653 1347 2797 1400 salva
2825 1349 3134 1405 adoratione
3175 1369 3280 1422 qua
3310 1369 3408 1410 nos

1828 1435 2012 1483 mutuo
2031 1429 2327 1485 salutantes
2352 1443 2656 1502 adoramus,
2678 1438 2842 1492 solius
2868 1441 2960 1496 Dei
2988 1442 3233 1498 adoratio
3254 1446 3380 1500 insti
3405 1484 3408 1486 η

1827 1516 2016 1572 tuitur.
2086 1519 2220 1573 Nam
2253 1522 2378 1575 dum
2409 1523 2547 1578 hanc
2594 1526 2918 1597 imaginibus
2954 1533 3006 1586 hi
3053 1535 3142 1601 qui
3193 1535 3406 1590 illarum

1827 1618 2137 1664 cremantur
2159 1627 2345 1667 amore
2382 1615 2736 1671 exhibendam
2761 1622 2828 1675 ab
2855 1623 3110 1690 apostolis
3135 1623 3407 1681 fateantur

132 1721 408 1790 Αροειοῖο
436 1735 451 1772 ε
490 1721 766 1790 Nusquam
817 1723 954 1774 enim
996 1722 1204 1790 angelos
1244 1700 1599 1791 apprehendit,
1639 1723 1728 1775 sed
1762 1706 1804 1763 Β
1830 1714 1950 1791 esse
1967 1700 2238 1791 traditam,
2263 1702 2684 1761 dicantnccesse
2709 1713 3077 1778 estquibusab
3096 1715 3198 1769 illis
3225 1731 3408 1772 exemr

133 1828 326 1865 semen
371 1811 594 1864 Abrahae
647 1810 981 1880 apprehendit
1015 1810 1200 1881 (Hebr.
1250 1810 1332 1879 ιι).
1397 1810 1544 1864 Unde
1575 1811 1731 1864 datur

134 1899 380 1970 intelligi
406 1901 551 1955 aliud
590 1909 646 1954 et
673 1901 829 1970 longe
872 1901 1015 1955 aliud
1038 1917 1157 1956 esse
1205 1902 1475 1955 hominem
1504 1901 1729 1954 adorare

133 1987 490 2041 salutationis
512 1987 705 2056 gratia,
730 1987 823 2055 qui
872 1996 948 2042 tot
992 1988 1312 2042 meritorum
1357 1987 1728 2057 praerogativis

131 2080 329 2148 pollet,
354 2080 497 2134 aliud
518 2080 782 2150 imagines
801 2096 919 2149 quae
950 2081 1035 2134 bis
1049 2081 1300 2135 omnibus
1328 2087 1542 2144 'carent;
1585 2077 1728 2131 aliud

131 2177 219 2224 est
250 2170 357 2224 hoc
383 2170 585 2224 homini
616 2171 937 2225 humilitatis
966 2171 1139 2238 gratia
1180 2170 1435 2225 exhibere
1461 2170 1553 2238 qui
1593 2183 1729 2237 opus

134 2259 234 2314 Dei
262 2268 366 2324 est,
403 2275 563 2328 quam
596 2260 815 2330 imagini
853 2275 974 2328 quae
1002 2275 1137 2329 opus
1174 2261 1398 2315 artiﬁcis
1424 2270 1538 2325 est;
1580 2261 1726 2316 aliud

131 2361 222 2404 est
247 2349 395 2403 illam
419 2358 665 2404 naturam
700 2351 1018 2406 humilitatis
1061 2351 1236 2406 ollicio
1260 2352 1488 2407 adorare
1511 2369 1632 2421 quae
1666 2353 1723 2406 in

131 2437 266 2490 caeli
301 2451 424 2506 rege
437 2438 504 2490 ab
523 2438 734 2507 angelis
761 2448 816 2493 et
832 2440 1165 2508 archangelis
1189 2441 1460 2505 adoratur,
1487 2441 1632 2494 aliud
1654 2441 1721 2494 il-

134 2524 250 2577 lam
273 2539 395 2593 quae
434 2525 619 2580 usibus
645 2541 748 2580 non
787 2528 960 2582 solum
988 2528 1282 2592 hominum,
1315 2529 1408 2584 sed
1433 2537 1487 2584 et
1500 2538 1723 2584 ctetero-

135 2631 262 2669 rum
287 2616 600 2669 animalium
631 2617 874 2671 adhibita
919 2617 1228 2678 famulatur.
1302 2620 1570 2685 Quantum
1594 2635 1722 2690 ergo

131 2718 310 2771 opera
336 2705 430 2757 Dei
456 2705 695 2758 eminent
723 2707 971 2760 humanis
989 2708 1259 2776 operibus,
1292 2709 1574 2763 eﬂicieutia
1595 2710 1723 2764 eli‘e-

132 2791 266 2856 ctis,
288 2793 624 2847 rationabilia
642 2795 1115 2859 irrationabilibus,
1137 2797 1410 2852 sensibilia
1440 2799 1722 2854 insensibi-

130 2880 301 2945 libus,
333 2883 563 2938 viventia
588 2900 695 2938 non
725 2885 1044 2950 viventibus,
1079 2895 1285 2942 tantum
1311 2889 1553 2944 adoratio
1579 2906 1714 2960 quae,

130 2979 192 3026 ut
213 2973 584 3043 praedicimus,
614 2975 928 3029 humilitatis
954 2985 1008 3030 et
1035 2978 1372 3054 salutationis
1393 2979 1565 3034 oflicio
1593 2995 1716 3049 erga

131 3060 386 3116 homines
407 3063 602 3131 agitur,
637 3064 936 3118 adorationi
960 3081 1080 3134 qua:
1103 3067 1427 3137 imaginibus
1461 3071 1718 3139 supersti-

133 3149 268 3204 tiose
303 3159 359 3204 et
387 3151 656 3221 superﬂue
675 3153 978 3208 exhibetur.

201 3239 468 3306 Quoniam
496 3243 714 3311 quidem
736 3244 983 3324 homines
1002 3247 1144 3303 Dens
1165 3263 1274 3303 non
1304 3249 1566 3320 imagines
1594 3252 1717 3307 dili-

132 3345 258 3399 gere
299 3331 488 3401 jussit,
527 3345 751 3405 propter
783 3336 1030 3394 homines
1054 3340 1253 3396 Filium
1288 3350 1443 3397 suum
1483 3345 1537 3398 in
1565 3361 1719 3399 mun-

131 3422 282 3489 dum,
315 3440 423 3478 non
445 3435 670 3496 propter
701 3429 958 3501 imagines
985 3433 1163 3497 misit;
1191 3435 1260 3489 ab
1285 3435 1594 3491 hominibus
1621 3436 1717 3491 Pa-

134 3519 214 3565 ter
235 3515 445 3580 vocari,
482 3532 587 3570 non
620 3519 688 3573 ab
723 3519 1046 3589 imaginibus
1065 3524 1252 3589 voluit,
1294 3534 1348 3580 et
1371 3526 1631 3582 Dominus
1660 3529 1713 3582 in

129 3604 431 3682 Evangelio
450 3619 555 3660 non
580 3607 656 3661 ait
681 3625 694 3660 :
723 3609 898 3664 Nolite
917 3613 1280 3668 scandalizare
1306 3632 1464 3671 unam
1492 3618 1556 3672 de
1583 3619 1716 3672 ima-

126 3695 354 3766 ginibus
385 3696 522 3762 istis,
575 3698 689 3764 sed,
737 3716 895 3754 unum
924 3703 988 3756 de
1024 3705 1226 3774 pusillis
1273 3709 1414 3762 istis:
1466 3712 1714 3779 quoniam

127 3785 305 3855 angeli
332 3802 515 3840 eorum
538 3804 740 3858 semper
761 3791 929 3845 vident
976 3793 1165 3862 faciem
1194 3795 1372 3852 Patris
1411 3802 1510 3853 mei
1535 3802 1625 3870 qui
1659 3803 1714 3855 in

128 3877 271 3931 uelis
293 3887 374 3932 est
402 3877 617 3948 (Matth.
645 3879 833 3950 xvm);
863 3892 918 3937 et
945 3883 1236 3952 Apostolus
1251 3887 1479 3942 invicem
1499 3906 1596 3944 nos
1620 3892 1713 3944 Ito-

130 3983 250 4022 nore
267 3971 563 4039 prwvenire
583 3969 635 4040 (Ι
651 3969 768 4025 Pet.
787 3972 869 4042 ιι),
895 3990 1004 4028 non
1026 3976 1287 4045 imagines
1306 3979 1572 4034 honorare
1594 3980 1714 4034 hor-

133 4065 284 4112 tatur.
357 4059 493 4124 Quia
520 4075 652 4129 ergo
686 4061 876 4116 melior
910 4065 982 4118 sit
1006 4067 1184 4134 opifex
1209 4082 1369 4136 opere
1390 4076 1442 4121 et
1479 4067 1712 4124 elliciens

130 4146 345 4210 ellectis,
393 4149 531 4204 liber
571 4151 866 4220 Sapientia:
914 4163 1159 4218 testatur,
1212 4157 1289 4210 ait
1330 4158 1502 4211 enim:
1539 4159 1708 4214 Nemo

131 4241 257 4293 enim
277 4243 389 4320 sibi
405 4243 628 4296 similem
651 4245 808 4298 homo
831 4249 1020 4315 poterit
1041 4247 1205 4301 Deum
1234 4249 1463 4320 ﬁngere:
1489 4269 1605 4305 cum
1642 4256 1707 4306 sit

1828 1788 2015 1856 plissit
2037 1790 2363 1856 institutum,
2395 1793 2656 1861 quibusve
2692 1797 3030 1855 documentis
3049 1813 3257 1858 constet
3287 1821 3407 1862 esse

1828 1882 2241 1951 promulgatum.
2309 1882 2393 1937 An
2419 1884 2556 1940 forte
2579 1887 2772 1942 Petrus
2794 1891 2934 1947 hanc
2957 1893 3278 1964 imaginibus
3312 1913 3407 1954 ex-

1828 1972 2114 2026 hibendam
2139 1971 2386 2028 instituit
2412 2015 2426 2039 ,
2489 1977 2578 2044 qui
2620 1977 2924 2034 Cornelium
2960 1996 3028 2036 ne
3056 1999 3112 2038 se
3155 1987 3408 2044 adoraret
3445 2001 3452 2005 '

1827 2062 2020 2117 blande
2053 2065 2413 2133 compescuit?
2478 2067 2559 2120 An
2589 2065 2843 2134 Joannes,
2882 2073 2972 2140 qui
3017 2076 3266 2143 angelum
3310 2077 3406 2132 ad-

1826 2167 1982 2206 orare
2031 2155 2272 2222 cupiens,
2299 2170 2366 2209 ne
2388 2155 2440 2209 id
2469 2156 2688 2223 faceret,
2718 2161 2809 2214 sed
2837 2171 2894 2214 ut
2935 2163 3104 2218 Deum
3154 2167 3405 2230 adoraret

1826 2243 2066 2297 audivit?
2091 2246 2175 2296 An
2209 2243 2428 2310 Paulus,
2453 2247 2542 2316 qui
2573 2248 2711 2302 hanc
2739 2253 3113 2318 superstitiose
3145 2255 3381 2326 Lycaoni

1824 2335 1924 2387 bus
1960 2336 2062 2389 sibi
2108 2335 2309 2391 inferre
2344 2339 2681 2406 cupientibus
2725 2345 2972 2411 expavit?
3021 2347 3105 2400 An
3131 2348 3407 2405 Barnabas

1824 2425 1916 2494 qui
1945 2427 2085 2481 hanc
2105 2428 2310 2495 pariter
2335 2446 2456 2484 cum
2485 2429 2650 2485 Paulo
2686 2434 2934 2504 rel'ugiit?
2985 2437 3117 2492 Cum
3145 2455 3272 2509 ergo
3301 2456 3402 2495 an-

1824 2515 1977 2584 gelus
2028 2523 2083 2569 et
2134 2517 2360 2586 apostoli
2396 2534 2453 2573 se
2497 2519 2710 2574 adorari
2754 2525 3092 2592 prohibeant,
3132 2531 3254 2598 quis
3293 2538 3404 2584 tam

1822 2620 2013 2661 vecors
2036 2613 2254 2676 tamque
2276 2623 2505 2664 vesanus
2517 2620 2599 2665 est
2627 2613 2718 2680 qui
2746 2615 2925 2669 dicere
2941 2616 3135 2671 audeat
3159 2634 3252 2672 eos
3273 2619 3406 2672 ima-

1822 2699 1974 2768 gines
1999 2700 2214 2755 adorari
2246 2701 2544 2758 instituisse
2575 2723 2586 2757 :
2625 2709 2922 2773 praesertim
2956 2710 3047 2777 qui
3072 2710 3172 2764 etsi
3218 2725 3275 2765 sc
3303 2711 3402 2766 ad-

1821 2792 1964 2848 orari
1977 2793 2253 2856 deberent,
2271 2809 2393 2848 cum
2409 2795 2653 2850 videlicet
2675 2797 2897 2851 alterius
2911 2799 3087 2852 meriti
3107 2800 3400 2854 alteriusve

1821 2883 2146 2939 definitionis
2170 2885 2278 2938 sint
2297 2885 2488 2954 angeli,
2520 2886 2631 2940 sive
2648 2886 2912 2949 homines,
2929 2896 2983 2941 et
3007 2887 3230 2942 alterius
3258 2889 3396 2942 ima—

1821 2973 1992 3043 gines.
2055 2972 2113 3029 Si
2157 2975 2321 3045 igitur
2356 2975 2528 3044 angeli
2561 2977 2674 3030 sive
2720 2976 2984 3041 homines,
3015 2985 3075 3031 ut
3112 2979 3400 3047 praesentis

1822 3064 2051 3134 exempli
2072 3069 2210 3120 ratio
2229 3068 2403 3131 docet,
2440 3066 2661 3121 minime
2685 3067 2940 3122 adorandi
2968 3075 3110 3130 sunt,
3139 3068 3280 3122 salva
3305 3068 3402 3122 ad-

1819 3157 2064 3211 oratione
2091 3172 2210 3226 quae
2239 3158 2518 3212 charitatis
2539 3166 2592 3210 et
2623 3158 2960 3212 salutationis
2985 3157 3158 3213 ofﬁcio
3182 3159 3400 3214 exhibe-

1818 3256 1906 3301 tur
1943 3289 1958 3314 ,
1994 3249 2164 3303 multo
2217 3249 2395 3303 minus
2442 3247 2702 3318 imagines
2746 3265 2864 3318 qua:
2897 3251 3120 3304 rationis
3154 3258 3398 3319 expertes

1817 3349 1962 3405 sunt,
1999 3355 2100 3394 nec
2137 3340 2457 3394 salutatione
2493 3354 2592 3396 nec
2626 3341 2938 3396 adoratione
2963 3343 3134 3411 digna:
3159 3359 3224 3398 eo
3255 3344 3397 3411 quod

1818 3425 2103 3484 insensatze
2115 3430 2242 3493 sint,
2271 3431 2557 3485 adorandae
2585 3440 2736 3485 sunt:
2771 3449 2890 3502 quae
2915 3433 2960 3486 si
2982 3433 3265 3487 adoranda:
3287 3447 3398 3492 non

1817 3514 1958 3583 sunt,
1993 3520 2101 3574 imo
2128 3519 2251 3588 quia
2285 3535 2391 3574 non
2419 3529 2570 3585 sunt,
2595 3522 2788 3590 duplex
2812 3522 2887 3576 illi
2916 3523 2969 3576 in
2991 3522 3093 3576 hac
3116 3531 3269 3591 parte
3296 3525 3396 3578 de-

1816 3609 2038 3678 liquium
2061 3617 2278 3678 patrare
2301 3610 2653 3678 perhibentur
2702 3613 2813 3666 sive
2854 3612 2978 3682 quia
3009 3627 3102 3666 eas
3144 3613 3392 3676 adorant,

1795 3750 1802 3756 .
1815 3699 1927 3753 sive
1940 3699 2064 3768 quia
2086 3707 2145 3752 ut
2159 3699 2261 3754 hoc
2285 3699 2526 3754 facerent
2541 3701 2608 3755 ab
2622 3702 2879 3769 apostolis
2893 3702 2992 3757 sibi
3011 3703 3264 3758 traditum
3277 3715 3399 3760 esse

1814 3787 2162 3841 mentiuntur.
2227 3787 2515 3855 Apostolus
2553 3789 2780 3857 denique
2822 3790 3019 3846 Paulus
3053 3792 3396 3862 evangelicus

1813 3878 1901 3932 ille
1945 3877 2290 3943 stabularius,
2333 3879 2423 3947 qui
2453 3895 2480 3931 a
2521 3879 2724 3932 visione
2746 3879 2933 3946 patria:
2960 3880 3194 3933 cmlestis
3229 3896 3396 3949 genus

1812 3975 2104 4028 humanum
2144 3974 2466 4044 digressum,
2494 3981 2544 4026 et
2577 3973 2643 4026 ad
2666 3971 2823 4039 hujus
2850 3971 3164 4026 defectionis
3189 3988 3393 4025 mrum-

1809 4082 1908 4120 nas
1929 4066 2212 4134 dilapsum,
2245 4075 2298 4119 et
2328 4081 2357 4117 a
2381 4051 2628 4130 malignis
2658 4056 2935 4130 spi‘ritibus
2975 4063 3334 4126 vulneratum,
3358 4077 3390 4116 a

1810 4156 2031 4209 custode
2062 4156 2300 4209 omnium
2329 4155 2396 4215 ad
2426 4154 2720 4207 sanandum
2770 4153 3168 4221 prmdicationis
3209 4152 3391 4207 verbis

1809 4223 2018 4300 lenibus
2047 4255 2101 4300 et
2130 4245 2362 4298 austeris
2402 4243 2626 4310 accepit,
2668 4231 2754 4296 cui
2803 4242 3131 4312 Redemptor
3159 4243 3389 4313 duplicis

130 4319 506 4385 enim‘mortalis
521 4343 781 4386 mortuum
793 4335 944 4404 ﬁngit
965 4319 1574 4413 ntaniliusiuiquis(Sap,
1593 4347 1702 4416 χγ),
1737 4368 1784 4426 D
1810 4337 2050 4390 scientiae
2071 4336 2181 4389 sive
2202 4335 2427 4387 duorum
2453 4333 2918 4386 Testamentorum
2947 4333 3227 4402 pecuniam
3262 4349 3393 4388 con.

133 4415 313 4472 Melior
333 4429 419 4472 est
446 4421 585 4474 enim
612 4422 724 4490 ipse
751 4423 834 4476 his
859 4440 994 4493 quos
1025 4426 1168 4492 colit,
1199 4431 1325 4497 quia
1355 4430 1468 4498 ipse
1485 4415 1704 4500 quidem

136 4511 282 4578 vixit,
310 4529 433 4567 cum
471 4525 611 4569 esset
643 4519 902 4583 mortalis,
945 4521 1020 4573 illi
1068 4531 1244 4576 autem
1293 4540 1599 4592 nunquam;
1652 4538 1708 4582 et

133 4603 311 4658 beatus
331 4604 663 4673 Augustinus
687 4608 788 4661 ait:
835 4627 852 4658 ι
887 4609 1084 4663 Fateor
1108 4619 1286 4665 tamen
1313 4613 1472 4667 altius
1496 4614 1706 4669 demer-

133 4707 341 4750 sosesse
387 4695 482 4763 qui
520 4711 681 4764 opera
718 4699 994 4752 hominum
1019 4699 1145 4753 deos
1163 4709 1372 4768 putant,
1413 4719 1574 4772 quam
1612 4689 1702 4773 qui

134 4799 280 4852 opera
307 4789 424 4844 Dei.
464 4809 482 4840 ι
536 4789 649 4842 Hoc
678 4791 891 4858 quidem
939 4791 1004 4846 de
1029 4792 1185 4846 idolis
1205 4808 1498 4863 eorumque
1535 4798 1704 4851 culto-

137 4875 288 4929 ribus.
342 4878 612 4932 Caeterum
642 4879 719 4934 illi
764 4881 857 4948 qui
885 4881 1025 4935 intra
1051 4892 1292 4937 sanctam
1324 4885 1617 4940 Ecclesiam
1645 4888 1699 4941 in

138 4976 282 5019 sacro
299 4968 506 5035 eloquio
528 4967 704 5022 solum
743 4969 911 5023 Deum
933 4971 1263 5026 adorandum
1303 4975 1582 5044 solumque
1611 4991 1700 5031 co-

141 5051 340 5108 lendum
372 5059 687 5125 prmdicant,
714 5068 770 5114 et
789 5069 846 5116 ut
873 5062 1133 5133 imagines
1153 5065 1446 5121 adorentur
1468 5070 1701 5138 synodos

139 5153 432 5212 aggregant,
455 5148 669 5203 videant
698 5165 764 5204 ne
790 5149 929 5205 forte
951 5152 1304 5208 domesticam
1331 5171 1521 5223 pacem
1555 5159 1698 5212 intc-

141 5231 274 5285 stino
295 5235 427 5291 bello
445 5243 754 5306 perturbent
779 5251 834 5297 et
849 5245 1260 5312 prosperitatem
1287 5262 1469 5302 rerum
1485 5259 1700 5305 nostra-

141 5335 254 5375 rum
276 5324 372 5381 isto
397 5342 578 5384 errore
601 5333 757 5400 quasi
781 5334 1012 5401 quodam
1041 5335 1184 5390 civili
1209 5337 1352 5392 bello
1392 5354 1700 5394 commacu—

142 5406 260 5466 lent.
315 5414 460 5483 Quod
513 5418 766 5476 facillime
793 5423 964 5478 vitare
983 5434 1235 5493 poterunt
1266 5429 1311 5482 si
1355 5429 1494 5483 intra
1527 5438 1700 5485 metas

141 5502 436 5570 prophetica:
455 5517 511 5563 et
537 5509 858 5580 evangelicae
889 5511 1000 5568 sive
1023 5515 1328 5582 apostolica:
1360 5505 1700 5587 przedicatiO-

143 5591 215 5648 Itis
265 5599 675 5670 contineantur,
728 5610 783 5657 et
829 5603 1061 5658 exclusis
1118 5620 1309 5661 vocum
1369 5607 1697 5664 novitatibus

1810 4426 1970 4489 cedit,
1999 4433 2053 4479 et
2081 4425 2126 4478 si
2144 4425 2270 4494 quid
2299 4426 2366 4478 ad
2392 4423 2748 4477 erudiendum
2771 4422 3105 4492 redemptum
3133 4424 3388 4493 populum

1808 4516 2091 4572 consilium
2117 4517 2249 4570 dans
2267 4516 2744 4586 supererogavcrit,
2773 4515 3104 4570 redditurum
3126 4531 3184 4570 se
3209 4516 3257 4570 ei
3271 4530 3390 4570 esse

1801 4598 2090 4675 promittit,
2143 4622 2243 4660 nec
2269 4607 2322 4658 in
2353 4607 2438 4660 his
2472 4605 2537 4660 dc
2561 4607 2756 4675 quibus
2783 4607 2948 4662 libere
2984 4616 3251 4678 praecepta
3277 4607 3388 4673 dat,

1806 4711 1905 4749 nec
1930 4697 1983 4748 in
2010 4695 2094 4750 his
2108 4695 2174 4748 de
2193 4695 2387 4764 quibus
2404 4710 2791 4765 supererogans
2809 4697 3091 4752 consilium
3115 4699 3222 4762 dat,
3251 4698 3392 4754 sicut

1805 4788 1870 4844 de
1897 4787 2194 4855 virginibus
2221 4786 2412 4841 fecisse
2447 4789 2783 4856 perhibetur,
2809 4791 2941 4844 nihil
2971 4792 3075 4846 tale
3110 4792 3175 4846 de
3206 4791 3388 4861 imagi-

1805 4894 1931 4931 num
1953 4879 2286 4942 adoratione,
2328 4887 2389 4931 ut
2419 4878 2492 4931 illi
2533 4876 2824 4945 somniant,
2852 4883 3059 4948 uspiam
3093 4879 3391 4932 instituisse

1803 4966 1887 5020 vel
1912 4967 2234 5036 przecepisse
2257 4967 2544 5036 reperitur.
2615 4968 2751 5023 Nam
2773 4976 2827 5022 et
2874 4969 3012 5022 idem
3043 4967 3230 5018 doctor
3255 4979 3388 5032 gen-

1803 5059 1937 5112 tium
1965 5073 2089 5111 cum
2134 5057 2412 5127 discipulis
2436 5057 2724 5113 Timotheo
2752 5065 2806 5110 et
2838 5056 2960 5109 Tito
2986 5053 3269 5117 scriberet,
3307 5055 3388 5107 in-

1801 5157 2016 5204 struens
2037 5162 2130 5201 eos
2143 5155 2196 5200 et
2208 5147 2407 5200 docens
2423 5145 2488 5199 de
2502 5147 2840 5214 ordinatione
2859 5145 3215 5211 episcopatus,
3238 5158 3376 5211 pres-

1799 5238 1995 5306 byterii
2018 5246 2073 5291 et
2104 5237 2337 5291 diaconii
2363 5245 2417 5289 et
2452 5235 2633 5289 omnis
2661 5232 3039 5290 ecclesiasticae
3068 5230 3386 5297 disciplinae,

1799 5329 1913 5382 sive
1941 5327 2006 5382 de
2031 5327 2258 5396 spiritali
2293 5323 2705 5383 conversatione
2733 5329 2787 5373 et
2821 5317 3088 5375 haereticis
3130 5316 3387 5380 vitandis,

1801 5422 1920 5475 ideo
1937 5421 2228 5489 imaginum
2276 5411 2652 5472 adorationem
2698 5409 2921 5464 minime
2964 5402 3218 5467 instituit,
3265 5409 3389 5473 quia

1800 5515 1939 5570 hanc
1977 5530 2008 5568 a
2046 5510 2303 5580 religione
2347 5497 2664 5555 Christiana
2690 5497 2925 5552 alienam
2967 5495 3392 5580 essecognovit;

1801 5607 1889 5673 qui
1907 5615 1959 5661 ei
1985 5607 2040 5660 in
2067 5575 2279 5659 exteris
2307 5582 2546 5657 epistolis
2577 5601 2726 5656 quas
2749 5584 3008 5642 universo
3033 5575 3399 5645 Ofbiicrivs't'.
