4026 6156
643 299 772 360 illi"

1513 294 1573 355 B.
1615 297 1865 359 CAROLI
1902 294 2117 356 MAGNI
2153 288 2304 355 OPP.
2344 298 2522 357 PARS
2559 296 2622 358 Il.
2666 297 2908 363 SECTIO
2943 305 3005 360 Il.
3094 304 3100 310 ”

3751 306 3886 361 109Ξ

642 430 761 483 qua:
785 406 1000 468 vitanda
1032 419 1213 469 essent
1233 426 1420 482 qureve
1459 413 1729 480 sequenda
1777 412 2028 474 edocens,
2077 411 2218 465 hanc
2245 415 2292 471 A
2322 410 2398 463 rei
2439 426 2558 480 qua:
2601 415 2818 469 condita
2865 426 2947 471 est
2997 415 3285 470 Dominicae
3322 415 3470 470 vocis
3525 415 3759 485 imperio
3809 431 3887 470 res

639 503 853 573 penitus
879 517 992 558 rem
1021 500 1379 573 parvipendit,
1415 515 1578 569 quam
1612 516 1712 554 nec
1758 501 1997 555 abnuere
2030 515 2219 569 quem-

639 596 764 650 dam
791 610 1052 658 errorem,
1102 607 1201 646 nec
1225 601 1464 646 statuere
1509 594 1799 660 quamdam
1828 591 2055 646 credidit
2081 605 2219 645 esse

637 684 916 738 virtutem.
964 682 1065 748 Qui
1086 697 1215 751 ergo
1241 682 1340 736 has
1359 698 1469 737 non
1496 681 1723 736 adorare
1754 681 1954 748 scelus,
2002 682 2100 734 has
2124 697 2219 735 au-

638 781 748 826 tem
776 772 1000 828 adorare
1025 773 1164 825 inter
1198 772 1372 840 prima
1399 771 1520 826 ﬁdei
1563 779 1898 825 sacramenta
1919 772 1986 825 ab
2005 778 2219 840 aposto-

637 861 702 916 lis
725 862 1029 916 institutum
1047 877 1167 917 esse
1181 862 1430 926 delirant,
1452 863 1787 931 perpendant
1809 861 2060 930 quoniam
2075 862 2217 916 idem

637 953 746 1009 Vas
765 953 1042 1008 electionis
1069 967 1170 1008 nec
1191 968 1284 1007 eas
1315 967 1567 1021 spernere
1603 952 1746 1007 inter
1769 952 1974 1008 scelera
1998 967 2220 1007 eumne-

634 1052 742 1108 rat,
764 1059 888 1098 cum
913 1044 1076 1098 dicit:
1123 1041 1406 1111 Manifesta
1451 1051 1572 1095 sunt
1627 1051 1798 1096 autem
1844 1059 2006 1112 opera
2043 1043 2222 1096 carnis

634 1151 752 1205 qua
778 1145 898 1188 sunt
921 1135 1219 1204 fornicatio,
1242 1133 1597 1198 immunditia,
1611 1134 1958 1204 impudicitia,
1982 1133 2216 1199 luxuria,

635 1225 898 1280 idolorum
923 1227 1162 1290 servitus,
1189 1225 1452 1294 veneﬁcia,
1482 1225 1792 1287 inimicitim,
1841 1225 2214 1288 contentiones,

635 1316 1021 1382 mulationes,
1050 1318 1166 1380 ine,
1196 1317 1343 1379 rixa,
1375 1315 1740 1378 dissensiones,
1772 1322 1942 1378 sectte,
1972 1314 2214 1377 haereses,

633 1410 852 1475 invidia,
900 1409 1203 1472 homicidia,
1249 1407 1542 1471 ebrietates,
1587 1391 2007 1469 comessationes,
2053 1413 2101 1457 et
2132 1404 2213 1457 his

632 1502 828 1556 similia
851 1519 968 1572 qua:
990 1502 1217 1572 prtedico
1247 1499 1387 1553 vobis
1409 1500 1540 1552 sicut
1581 1499 1802 1569 prtedixi
1820 1538 1834 1562 ,
1857 1497 2102 1567 quoniam
2124 1495 2215 1565 qui

632 1595 763 1648 talia
809 1603 969 1664 agunt
997 1609 1210 1662 regnum
1255 1591 1352 1644 Dei
1403 1607 1506 1644 non
1545 1599 1920 1659 consequentur
1958 1585 2102 1658 (Gal.
2134 1585 2209 1657 v).

630 1683 744 1738 Nec
796 1697 889 1737 eas
915 1681 1138 1736 adorare
1170 1681 1313 1734 inter
1355 1679 1626 1748 spiritales
1660 1675 1866 1731 fructus
1911 1683 2209 1738 enumerat,

2277 508 2284 514 '
2321 501 2621 556 assimilare
2658 518 2778 572 qua:
2808 504 3094 572 cujuslibet
3135 504 3358 560 artiﬁcis
3398 504 3709 559 conduntur
3752 504 3888 558 arbi-

2321 590 2448 643 trio.
2489 591 2764 660 Siquidem
2811 594 2900 648 illa
2947 595 3164 650 condita
3193 602 3277 650 est
3315 595 3542 649 Domino
3569 593 3887 662 imperante,

2319 677 2438 732 istae
2458 681 2763 735 conduntur
2783 683 2916 737 artis
2947 683 3214 738 industria
3234 683 3488 752 juvante;
3538 682 3630 736 illa
3655 698 3690 734 a
3713 689 3891 736 sancto

2317 769 2434 823 viro
2466 771 2666 842 Moyse,
2693 774 2811 828 ista:
2850 792 2880 829 a
2906 777 3147 844 quolibet
3171 777 3393 846 Opiﬁce;
3429 776 3519 830 illa
3547 790 3580 829 a
3609 775 3890 845 legislato-

2317 872 2395 922 re,
2421 861 2536 916 ista:
2559 877 2590 914 a
2609 863 2851 931 pictore;
2880 864 2969 919 illa
2991 867 3253 921 redundet
3280 865 3568 935 mysteriis,
3610 865 3737 918 ista:
3759 864 3894 919 colo-

2319 969 2439 1006 rum
2484 957 2853 1012 tantummodo
2909 957 3084 1024 fucis;
3113 960 3206 1014 illa
3231 968 3286 1014 et
3327 955 3695 1030 praisentibus
3743 957 3894 1015 fuerit

2318 1039 2374 1094 in
2425 1042 2806 1100 miraculorum
2862 1054 3132 1116 stuporem
3157 1082 3172 1113 ,
3221 1057 3278 1102 et
3334 1050 3402 1102 de
3430 1047 3628 1104 futuris
3676 1049 3894 1120 mystica

2317 1135 2565 1202 quaedam
2592 1146 2648 1192 et
2687 1155 2884 1194 arcana
2921 1142 3272 1210 signiﬁcarit;
3325 1142 3440 1196 ista:
3461 1150 3516 1195 et
3538 1141 3898 1210 precantibus

2317 1225 2610 1293 miraculis,
2638 1237 2694 1282 et
2743 1228 3049 1285 futurorum
3085 1231 3568 1301 signiﬁcationibus
3605 1231 3788 1286 nutb-
3820 1232 3894 1285 rei

2318 1311 2467 1380 cujus
2507 1325 2634 1370 sunt
2677 1326 2885 1372 tantum
2941 1322 3258 1374 memoriam
3302 1322 3571 1390 ingeram.
3609 1322 3696 1375 De
3738 1319 3894 1388 ctrjns

2318 1405 2508 1474 typicis
2525 1408 3047 1478 prmﬁgurationibus
3078 1413 3191 1467 sive
3216 1413 3406 1466 horum
3463 1429 3582 1482 quae
3605 1414 3753 1468 intra
3767 1427 3894 1468 eam

2317 1495 2520 1548 suntin
2568 1499 2845 1566 superiore
2873 1501 3009 1555 libro
3051 1511 3540 1583 monstratum.est,
3568 1519 3719 1558 nunc
3766 1518 3894 1558 vero

2315 1591 2574 1649 quantum
2599 1599 2629 1637 a
2656 1601 2817 1640 manu
2841 1586 2995 1643 factis
3016 1589 3341 1659 imaginibus
3371 1590 3598 1657 differat,
3652 1592 3895 1648 breviter

2313 1675 2715 1740 exsequendum
2752 1687 2852 1732 est.
2909 1679 3010 1745 Qui
3057 1681 3221 1750 igitur
3279 1683 3587 1738 materiales
3627 1683 3896 1753 imagines

632 1790 755 1829 cum
787 1773 939 1836 dicit,
970 1769 1200 1824 Fructus
1229 1778 1402 1822 autem
1423 1769 1636 1838 spiritus
1663 1775 1755 1830 est,
1795 1767 2046 1828 Charitas,
2083 1780 2212 1834 gau-
2242 1763 2290 1824 Β
2316 1779 2346 1816 a
2371 1767 2701 1833 quibuslibet
2733 1773 3014 1842 opiﬁcibus
3051 1778 3321 1841 conditas,
3380 1792 3521 1831 arca:
3585 1774 3894 1830 testamenti

631 1865 797 1929 dium,
824 1880 947 1933 pax,
971 1861 1222 1932 patientia
1241 1899 1256 1925 ,
1290 1858 1678 1928 longanimitas,
1705 1856 1929 1920 bonitas,
1984 1855 2214 1924 benigni—

630 1961 733 2022 tas,
755 1955 908 2026 ﬁdes,
930 1954 1204 2016 modestia,
1230 1950 1546 2004 continentia
1569 1965 1587 2002 :
1639 1947 1884 2002 adversus
1910 1945 2212 2016 hujusmodi

629 2062 735 2102 non
747 2056 821 2100 est
847 2045 963 2099 lex:
993 2045 1083 2114 qui
1118 2051 1290 2096 autem
1313 2049 1433 2095 sunt
1455 2039 1668 2104 Christi,
1695 2052 1903 2092 carnem
1918 2053 2066 2090 suam
2089 2053 2213 2088 cru-

628 2139 906 2207 ciﬁxerunt
928 2153 1043 2190 cum
1067 2136 1203 2190 vitiis
1229 2143 1275 2188 et
1296 2132 1724 2202 concupiscentiis
1753 2122 1961 2200 (Ibid.).
1992 2127 2097 2182 Sed
2117 2143 2211 2181 ne-

630 2243 736 2298 que
763 2228 818 2282 in
845 2228 1034 2282 eadem
1059 2224 1378 2294 eloquentia:
1411 2229 1712 2285 venustate,
1735 2235 1840 2287 qua
1867 2231 2057 2272 sensus
2085 2231 2210 2270 suos

629 2319 951 2390 quibusdam
983 2316 1170 2371 rivulis
1200 2324 1296 2384 per
1328 2314 1567 2367 membra
1602 2317 1656 2364 et
1699 2323 1838 2362 caesa
1883 2313 1938 2360 et
1959 2307 2211 2360 decentes

629 2409 890 2464 circuitus
913 2405 1183 2460 rhetorico
1226 2401 1293 2456 de
1314 2400 1534 2454 ﬂumine
1575 2397 1822 2452 derivans
1846 2396 1913 2450 ab
1939 2395 2209 2462 anaphora

629 2496 840 2570 incipit,
867 2506 922 2552 et
942 2511 1038 2566 per
1065 2495 1278 2564 σχέσεις
1309 2492 1556 2560 ενομάτων
1582 2486 1837 2549 decurrit,
1864 2493 1919 2540 et
1939 2484 2208 2539 contraria

628 2589 917 2645 contrariis
939 2601 1035 2654 per
1060 2586 1356 2653 topicorum
1369 2577 1886 2650 argumentationem
1912 2591 2072 2646 quam
2085 2576 2207 2644 phi-

627 2675 839 2744 losophi
867 2690 898 2728 a
934 2673 1221 2728 contrariis
1242 2671 1520 2726 nominant
1564 2682 1860 2738 opponens,
1908 2666 2209 2736 pulcherri-

629 2764 734 2818 mis
765 2762 1063 2828 antithetis,
1085 2761 1384 2816 orationem
1419 2775 1570 2815 suam
1599 2761 1874 2826 honestat;
1918 2758 2009 2813 ubi
2054 2756 2208 2826 hujus

625 2855 750 2909 vitae
771 2863 982 2924 tempus
1003 2850 1348 2922 acceptabile,
1374 2850 1707 2920 poenitentia:
1729 2849 1977 2905 videlicet
2002 2856 2205 2916 aptum,

625 2955 682 3000 et
701 2947 817 3001 dies
834 2945 1022 2999 salutis
1053 2944 1106 2999 id
1126 2951 1210 2998 est
1243 2943 1313 2998 ad
1330 2943 1467 2998 bene
1497 2944 1760 3012 agendum
1784 2949 1953 3011 aptos,
2003 2941 2210 2995 denun-

627 3039 746 3104 tiat,
780 3039 920 3092 inter
949 3046 1174 3092 caeteras
1215 3050 1350 3104 quas
1397 3044 1678 3089 enumerat
1730 3035 1956 3088 virtutes
1984 3032 2206 3100 hujusce

625 3128 958 3184 ndorationis
978 3127 1266 3198 quamdam
1285 3127 1371 3180 vel
1393 3126 1562 3181 levem
1581 3125 1774 3181 fecisse
1791 3121 2033 3179 noscitur
2053 3139 2204 3177 men-
2227 3098 2274 3160 ο

629 3220 850 3272 tionem.
884 3218 973 3272 Ait
991 3219 1133 3272 enim
1152 3235 1164 3269 :
1195 3216 1331 3269 Ecce
1352 3234 1487 3270 nunc
1509 3227 1708 3287 tempus
1731 3213 2062 3285 acceptabile,
2089 3230 2204 3266 ecce

627 3327 764 3364 nunc
790 3310 900 3364 dies
945 3309 1162 3364 salutis:
1189 3310 1380 3385 nemini
1420 3308 1600 3363 dantes
1640 3308 1802 3361 ullam
1845 3298 2202 3376 offensionem,

625 3410 682 3453 ut
708 3417 813 3454 non
849 3401 1164 3470 vituperetur
1188 3399 1532 3452 ministerium
1555 3409 1809 3462 nostrum,
1838 3399 1928 3452 sed
1950 3399 2003 3452 in
2040 3397 2208 3451 omni-

626 3490 719 3545 bus
745 3491 1076 3545 exhibeamus
1123 3491 1460 3558 nosmetipsos
1497 3489 1629 3541 sicut
1677 3489 1772 3541 Dei
1809 3488 2094 3549 ministros,
2151 3488 2206 3538 in

625 3578 790 3632 multa
831 3578 1104 3646 patientia,
1143 3576 1197 3627 in
1248 3573 1686 3635 tribulationibus,
1725 3572 2204 3636 innecessitatibus,

626 3671 680 3721 in
701 3669 975 3736 angustiis,
1001 3668 1055 3718 in
1074 3664 1264 3733 plagis,
1287 3667 1342 3716 in
1359 3661 1672 3727 carceribus,
1701 3666 1754 3717 in
1769 3664 2124 3729 seditionibus,
2151 3665 2207 3720 in

626 3756 911 3817 laboribus,
934 3755 990 3806 in
1012 3751 1220 3822 vigiliis,
1249 3753 1304 3806 in
1319 3751 1565 3822 jejuniis,
1596 3753 1650 3806 in
1672 3755 1931 3818 castitate,
1960 3754 2016 3806 in
2040 3755 2208 3808 scien—

625 3851 719 3914 tia,
748 3849 804 3903 in
827 3847 1235 3918 longanimitate,
1287 3848 1340 3900 in
1368 3846 1642 3912 suavitate,
1678 3848 1733 3900 in
1757 3846 1960 3917 Spiritu
2003 3857 2204 3913 sancto,

627 3940 681 3998 in
698 3945 951 4000 charitate
966 3963 1069 4000 non
1094 3945 1239 4014 ﬁcta,
1272 3945 1327 3998 in
1357 3942 1506 3998 verbo
1528 3944 1780 4008 veritatis,
1803 3943 1858 3996 in
1879 3944 2063 3996 virtute
2088 3941 2206 4009 Dei,

627 4051 717 4106 per
740 4052 888 4091 arma
907 4036 1130 4106 j-ustitia:
1161 4054 1194 4090 a
1216 4036 1410 4091 dextris
1443 4043 1490 4088 et
1515 4051 1546 4087 a
1567 4035 1813 4097 sinistris,
1863 4052 1955 4105 per
1985 4035 2208 4106 gloriam

627 4136 675 4178 et
695 4125 1090 4197 ignobilitatem,
1112 4142 1204 4196 per
1225 4117 1498 4196 infantiam
1518 4132 1564 4176 et
1587 4125 1774 4178 bonam
1798 4123 2015 4194 famam,
2045 4133 2099 4177 ut
2124 4141 2208 4178 se-

628 4214 887 4279 ductores,
936 4226 983 4269 et
1039 4232 1241 4270 veraces
1279 4232 1296 4270 :
1338 4214 1470 4269 sicut
1495 4216 1678 4284 ignoti,
1710 4225 1755 4269 et
1787 4216 2012 4285 cogniti:
2059 4216 2211 4284 quasi

629 4307 924 4383 morientes,
947 4316 993 4358 et
1009 4320 1122 4360 ecce
1157 4307 1370 4359 vivimus
1397 4322 1414 4359 :
1441 4316 1496 4358 ut
1533 4307 1790 4375 castigati,
1830 4313 1877 4359 et
1907 4322 2010 4358 non
2030 4306 2211 4358 morti-

2313 1853 2545 1922 Domini,
2585 1874 2705 1927 qua:
2735 1862 2962 1920 Domino
2984 1866 3300 1936 imperante,
3341 1865 3522 1936 Moys‘e
3580 1866 3888 1926 obediente,

2311 1945 2529 2000 condita
2560 1959 2660 2015 est,
2723 1955 3055 2022 aequiparare
3085 1956 3450 2020 contendunt,
3487 1955 3794 2017 inveniant,
3845 1952 3890 2005 si

2310 2043 2553 2102 queunt,
2599 2038 2847 2108 Opiﬁcem
2905 2045 2995 2113 qui
3059 2044 3230 2115 Moysi
3286 2047 3492 2099 meritis
3559 2042 3895 2113 aequiparas-'1

2310 2135 2492 2192 queat,
2522 2129 2612 2197 qui
2655 2129 2921 2187 ﬂumineis
2967 2134 3037 2188 sit
3079 2134 3326 2189 ﬂuctibus
3377 2135 3673 2202 expositus,
3737 2132 3900 2200 cujus

2311 2215 2456 2270 salus
2481 2217 2621 2272 inter
2663 2219 3012 2289 lymphaticos
3040 2237 3228 2275 cursus
3247 2223 3356 2274 Deo
3393 2222 3492 2274 soli
3519 2222 3903 2287 relinquatur,

2309 2321 2340 2359 a
2380 2308 2572 2376 quibus
2623 2320 2876 2378 exceptus
2895 2319 2949 2362 et
2979 2310 3138 2363 matri
3191 2309 3523 2374 restituatur,
3576 2317 3631 2362 et
3677 2309 3756 2362 ab
3809 2310 3912 2362 his

2309 2398 2500 2464 quibus
2521 2399 2710 2466 perimi
2730 2397 2911 2465 jussus
2938 2398 3134 2464 fuerat,
3159 2398 3567 2454 deliciosissime
3588 2398 3657 2451 ali
3685 2397 3904 2466 jubea-

2308 2495 2430 2540 tur:
2472 2489 2562 2556 qui
2591 2490 2738 2543 omni
2788 2491 3050 2560 sapientia
3081 2489 3463 2561 [Egyptiorum
3505 2489 3758 2544 eruditus
3805 2491 3898 2553 sit,

2305 2577 2395 2646 qui
2416 2578 2593 2633 videat
2613 2581 2870 2635 arboreos
2908 2567 3089 2635 ramos
3115 2580 3496 2649 incendia‘pati
3524 2587 3579 2633 et
3622 2595 3735 2633 non
3788 2582 3896 2643 uri,

2305 2669 2395 2736 qui
2443 2671 2670 2723 miretur
2711 2669 2956 2739 fragilem
2981 2671 3262 2725 materiam
3284 2670 3590 2724 admirabili
3613 2671 3763 2740 igne,
3797 2685 3899 2725 nec

2308 2763 2582 2818 modicum
2620 2762 2766 2817 nulla
2807 2765 2856 2817 ei
2893 2763 3066 2818 dando
3094 2764 3346 2818 alimenta
3387 2763 3500 2833 pati
3529 2763 3894 2831 dispendium,

2308 2854 2393 2908 vel
2418 2856 2596 2926 potius
2650 2855 2775 2910 inde
2807 2869 2937 2909 voce
2979 2855 3174 2910 emissa
3209 2869 3268 2909 se
3315 2868 3382 2907 ex
3432 2853 3652 2907 nomine
3684 2852 3895 2918 vocari,

2308 2952 2363 2996 et
2390 2946 2618 3015 mystica
2637 2946 2741 3000 sibi
2768 2953 3042 3015 praecepta
3067 2953 3121 2999 et
3145 2959 3294 3013 spem
3322 2943 3615 2997 liberanda:
3642 2942 3827 3011 gentis
3847 2950 3897 2996 et

2310 3035 2667 3100 adipiscendae
2693 3043 2931 3105 paterna:
2974 3035 3348 3104 promissionis
3393 3033 3509 3088 dari
3535 3034 3662 3102 ;qui
3713 3036 3896 3089 obstm

2305 3129 2490 3191 poscat
2514 3137 2625 3176 suae
2669 3123 2833 3192 virgte
2873 3125 3104 3192 rigorem
3167 3124 3222 3177 in
3264 3122 3540 3177 sinuosum
3571 3137 3895 3177 conversum

2304 3227 2423 3268 esse
2442 3212 2730 3268 draconem
2745 3253 2759 3278 ,
2783 3216 2934 3282 cujus
2957 3214 3424 3269 administratione
3438 3213 3680 3268 Nilicolze
3707 3214 3894 3269 decem

2303 3307 2624 3377 prodigiosis
2671 3303 2932 3360 feriantur
2973 3305 3175 3375 plagis,
3235 3306 3326 3375 qui
3381 3303 3652 3375 Egyptiis
3700 3307 3893 3375 opibus

2306 3398 2489 3452 ditatis
2524 3397 2726 3462 cuneis,
2750 3404 2804 3450 et
2833 3409 3110 3466 aequoreos
3134 3395 3325 3451 ﬂuctus
3361 3395 3498 3464 pede
3521 3395 3666 3450 sicco
3717 3404 3894 3450 trans-

2306 3488 2639 3552 meantibus,
2687 3487 2796 3540 dux
2839 3486 2954 3539 ﬁeri
2991 3487 3194 3551 valeat;
3229 3486 3320 3554 qui
3360 3500 3575 3538 amaras
3603 3497 3773 3551 aquas
3834 3480 3890 3531 in

2306 3579 2516 3633 dulcem
2545 3587 2826 3634 convertat
2873 3595 3150 3648 saporem,
3179 3588 3234 3632 et
3258 3578 3495 3647 jejunam
3528 3577 3736 3632 silicem
3781 3575 3889 3629 ictu

2308 3670 2471 3738 virgae
2504 3668 2798 3722 undifluum
2823 3676 2977 3739 cogat
3022 3683 3269 3724 evomere
3321 3669 3623 3738 liquorem;
3671 3665 3768 3734 qui
3794 3679 3887 3718 ex-

2308 3757 2551 3812 tensione
2575 3753 2829 3813 manuum
2874 3759 3095 3815 hostiles
3117 3759 3378 3813 tumultus
3405 3759 3544 3813 vinci
3569 3756 3883 3825 compellat,

2308 3856 2362 3901 et
2384 3862 2508 3902 suos
2528 3847 2754 3903 victoria
2794 3849 2957 3918 potiri
2995 3850 3254 3920 concedat
3279 3866 3294 3914 ;
3329 3849 3422 3918 qui
3453 3850 3596 3904 inter
3625 3847 3884 3902 terriﬁcos

2311 3938 2558 3992 tubarum
2601 3939 2875 4007 strepitus,
2925 3945 2980 3992 et
3027 3939 3311 3992 fulminum
3351 3939 3785 4001 coruscationes,
3831 3942 3882 3987 et

2309 4031 2467 4084 nubis
2514 4031 2844 4085 densissimas
2875 4030 3368 4095 obumbrationem,
3406 4039 3460 4086 et
3508 4030 3882 4098 crepitantium

2310 4120 2512 4191 ignium
2557 4135 2715 4190 rogos
2761 4119 3048 4175 exterritus
3098 4128 3152 4173 et
3205 4121 3590 4174 tremebundus
3647 4125 3879 4172 montem

2311 4211 2653 4272 conscendat,
2679 4209 2850 4280 legem
2891 4210 3146 4278 accipiat,
3173 4218 3226 4262 et
3254 4210 3396 4265 inter
3437 4212 3606 4266 Deum
3637 4219 3692 4265 et
3715 4208 3884 4264 homi-

2312 4316 2407 4354 nes
2431 4315 2590 4354 verus
2629 4300 2892 4369 interpres
2912 4315 2942 4352 a
2968 4299 3194 4354 Domino
3238 4302 3573 4372 promulgata
3621 4307 3881 4371 prmeepta

630 4394 808 4463 ﬁcati:
840 4397 990 4464 quasi
1033 4398 1224 4458 tristes,
1264 4412 1462 4464 semper
1509 4409 1679 4448 autem
1714 4395 2028 4464 gaudentes:
2073 4399 2207 4449 sicut
2237 4431 2294 4494 Β
2314 4391 2522 4460 populis
2543 4391 2872 4446 observanda
2899 4391 3228 4445 demonstret
3249 4409 3262 4455 ;
3282 4394 3370 4460 qui
3398 4394 3694 4447 secundum
3711 4405 3883 4447 exem—

631 4496 852 4555 egentes,
884 4485 1075 4539 multos
1130 4495 1303 4537 autem
1334 4484 1739 4552 locupletantes:
1788 4495 2036 4554 tanquam
2085 4486 2214 4540 nihil

632 4575 895 4636 habentes,
919 4583 966 4626 et
990 4575 1164 4626 omnia
1190 4574 1507 4640 possidentes
1523 4573 1608 4644 (II
1623 4574 1743 4628 Cor.
1772 4575 1870 4645 vt).
1901 4577 1959 4630 In
1979 4593 2085 4646 quo
2106 4579 2217 4632 vir-

633 4671 808 4715 tutum
855 4663 1118 4730 catalogo,
1155 4671 1215 4716 ut
1267 4663 1475 4732 praefati
1523 4678 1726 4732 sumus,
1775 4651 1916 4723 idem
1970 4671 2214 4739 egregius

633 4754 952 4823 prmdicator
973 4755 1262 4824 imaginum
1289 4758 1653 4812 adorationem
1678 4760 1958 4826 insereret,
1999 4759 2043 4813 si
2076 4761 2214 4813 hanc

634 4843 825 4902 barum
850 4847 1051 4901 sociam
1074 4847 1431 4916 Ecclesizeque
1464 4850 1758 4918 proﬁcuam
1794 4866 1913 4904 esse
1960 4851 2216 4904 decerne-

633 4945 735 5000 ret,
786 4952 948 5006 quam
986 4936 1330 4993 dinumerare
1373 4937 1494 4994 ideo
1542 4941 1754 4996 distulit
1789 4941 1914 5008 quia
1942 4940 2080 4993 hanc
2112 4939 2215 4993 uti.

634 5023 741 5081 lem
769 5028 991 5082 minime
1023 5042 1142 5084 esse
1161 5031 1448 5099 persensit.

1199 5159 1426 5215 CAPUT
1458 5155 1646 5213 XXVI.

637 5237 791 5314 Quod
829 5263 932 5303 non
954 5250 1100 5320 parui
1128 5250 1194 5320 sit
1225 5249 1416 5302 erroris
1439 5248 1769 5318 manufactas
1793 5250 2045 5320 imagines
2075 5259 2212 5305 arca:

700 5319 996 5373 testamenti
1041 5319 1252 5373 Domini
1304 5335 1573 5389 coaequare
1601 5321 1804 5384 conari,
1845 5319 2008 5374 ut’illi
2039 5322 2094 5375 in
2114 5337 2211 5374 sua

699 5389 900 5458 synodo
927 5389 1100 5458 facere
1126 5389 1297 5442 conati
1327 5399 1466 5442 sunt.

701 5473 906 5545 Magna:
947 5477 1296 5531 absurditatis
1326 5477 1433 5533 imo
1462 5475 1782 5532 temeritatis
1823 5485 1906 5532 est
1951 5494 2089 5532 arcte
2135 5486 2212 5533 te-

637 5568 891 5620 stamenti
916 5567 1127 5622 Domini
1155 5567 1417 5636 imagines
1446 5581 1725 5636 coaequare
1760 5569 1964 5631 conari,
1987 5584 2107 5622 cum
2135 5578 2212 5623 tot

638 5656 1016 5721 mysteriorum
1047 5657 1258 5711 indiciis
1289 5659 1358 5712 ab
1407 5659 1494 5711 illa
1531 5662 1826 5712 noscantur
1852 5657 2108 5729 diﬁcrre;
2157 5671 2211 5715 et

2317 4483 2433 4550 plar
2455 4481 2598 4551 quod
2639 4483 2689 4536 ei
2717 4483 2770 4537 in
2792 4490 2972 4536 monte
2998 4491 3356 4537 monstratum
3417 4483 3599 4546 fuerit,
3635 4485 3880 4537 taberna-

2315 4572 2493 4627 culum
2560 4572 2737 4638 faciat,
2799 4573 2941 4641 quod
2987 4587 3110 4626 cum
3156 4573 3431 4642 ingressus
3489 4573 3651 4625 fuerit
3715 4569 3880 4640 gloria

2315 4664 2524 4718 Domini
2572 4664 2818 4734 operiat;
2875 4664 2966 4732 qui
3012 4664 3082 4718 sit
3130 4664 3445 4717 mitissimus
3492 4674 3654 4728 super
3690 4671 3874 4711 omnes

2313 4755 2403 4822 qui
2429 4762 2706 4814 morantur
2724 4754 2777 4806 in
2798 4762 2960 4816 terra,
2991 4755 3058 4808 ad
3078 4769 3236 4822 quem
3261 4754 3499 4822 loquatur
3539 4750 3682 4802 Deus
3737 4747 3876 4800 facie

2313 4845 2380 4897 ad
2403 4843 2614 4905 faciem,
2655 4841 2794 4896 sicut
2822 4842 2965 4909 loqui
2996 4843 3132 4897 solet
3158 4845 3320 4898 homo
3342 4842 3407 4896 ad
3427 4839 3660 4894 amicum
3683 4849 3880 4900 suum;

2313 4936 2402 5002 qui
2425 4935 2591 4987 donec
2612 4933 2692 4987 sol
2719 4941 2910 5002 quater
2955 4933 3135 4988 decies
3158 4943 3336 4988 ortum
3364 4946 3723 5000 occasumque
3757 4943 3879 4998 pere

2313 5027 2474 5089 ﬁciat,
2506 5025 2652 5078 omni
2674 5025 2795 5079 cibo
2814 5024 3026 5095 penitus
3049 5033 3287 5093 potuque
3306 5032 3510 5089 careat,
3545 5019 3699 5090 cujus
3721 5020 3878 5075 facies

2318 5118 2486 5171 nimio
2527 5115 2811 5183 splendore
2837 5114 2927 5169 vix
2977 5115 3173 5169 intueri
3216 5122 3421 5184 queat;
3460 5113 3552 5182 qui
3590 5114 3656 5167 de
3681 5113 3878 5167 duobus

2312 5209 2526 5277 regibus
2580 5205 2896 5261 mirabiliter
2941 5207 3252 5277 triumphet,
3311 5209 3404 5277 qui
3439 5215 3636 5276 quater
3667 5205 3876 5260 tricenis

2312 5313 2573 5354 annorum
2597 5299 2844 5354 cursibus
2867 5299 3130 5368 exemptis
3147 5314 3245 5355 nec
3269 5300 3550 5355 oculorum
3578 5300 3876 5370 caliginem.

2315 5407 2411 5446 nec
2437 5391 2676 5447 dentium
2721 5391 3013 5446 motionem
3044 5392 3309 5460 patiatur;
3344 5393 3435 5462 qui
3471 5391 3635 5447 faciat
3657 5408 3724 5446 ex
3759 5406 3880 5462 qua-

2313 5482 2442 5537 libet
2474 5481 2701 5536 materia
2747 5476 3034 5549 imaginem
3064 5494 3184 5550 quas
3209 5489 3287 5534 tot
3324 5482 3586 5536 redundet
3615 5481 3880 5551 mysteriis

2313 5580 2366 5626 et
2406 5571 2663 5625 exuberet
2693 5569 3065 5634 sacramentis,
3118 5578 3177 5623 ut
3224 5570 3278 5623 in
3305 5568 3419 5637 ejus
3465 5569 3754 5639 superﬁcie
3781 5578 3883 5623 trc-

2315 5661 2503 5715 mcnda
2556 5659 2844 5714 audiantur
2879 5657 3135 5724 oracula;
3191 5669 3316 5714 ante
3356 5659 3509 5728 cujus
3538 5669 3882 5728 conspectum
