4026 6156
166 209 301 268 1095
359 267 366 272 .

968 205 1145 261 LIBRI
1183 200 1526 261 CABOLlNl.
1568 233 1639 243 —
1675 202 1895 260 CAPIT.
1939 206 2025 263 DE
2058 201 2248 263 lMAG.
2289 235 2357 246 --
2394 200 2522 260 LlB.
2567 202 2630 259 ll.

3282 211 3417 268 {094

155 327 365 382 hostica
397 333 600 377 terrore
646 319 959 391 quatiantur
1009 319 1243 389 agmina,
1268 324 1324 372 et
1366 332 1464 385 per
1495 315 1731 370 medium
1761 318 1812 377 Α
1837 316 2022 380 sionis,
2083 325 2137 370 et
2175 317 2242 370 ab
2287 315 2474 370 inferis
2521 315 2957 380 resurrectionis,
3009 329 3217 372 necnon
3257 327 3313 373 et
3363 321 3415 375 in

154 416 244 470 sui
262 422 502 469 arentem
536 419 792 482 priestent
834 410 1241 464 transeuntibus
1266 408 1537 462 tramitem
1561 406 1734 460 ﬂumi-

155 521 246 569 na,
274 513 328 558 et
377 503 610 571 antiquae
658 500 807 556 urbis
862 499 920 554 in
965 509 1238 554 momento
1267 499 1508 553 funditus
1550 511 1733 552 eversa

152 593 487 663 pugnacibus
531 591 833 661 legionibus
873 590 1174 660 ingressum
1201 589 1436 657 undique
1462 589 1736 658 praebeant

157 683 374 744 mmnia,
405 697 525 750 quae
560 688 786 735 vocetur
830 679 1118 734 scabellum
1157 678 1351 746 pedum
1378 677 1472 730 Dei
1517 676 1687 729 nostri
1715 692 1730 740 ;

158 772 227 826 ad
253 771 409 840 cujus
456 771 739 826 introitum
761 768 1016 838 pavendis
1055 768 1288 822 hostium
1312 768 1462 836 regio
1512 766 1736 821 feriatur

153 858 412 931 flagellis,
464 877 628 931 quam
684 860 953 914 indomitae
1005 868 1194 913 contra
1254 865 1502 911 naturam
1557 873 1737 912 vacca:

152 950 346 1004 vitulis
390 959 515 1018 post
571 957 720 1018 terga
769 947 970 1002 relictis
1028 947 1097 1000 ad
1141 947 1489 1002 lsraeliticam
1535 956 1738 1001 terram

153 1038 390 1107 plaustri
420 1039 541 1093 novi
565 1038 857 1108 gestamine
881 1037 1120 1102 trahant,
1151 1037 1217 1091 ad
1241 1036 1393 1104 cujus
1431 1050 1738 1107 regressum

155 1129 440 1198 stupendis
472 1127 729 1195 indigena:
757 1135 1064 1181 terreantur
1113 1127 1408 1193 miraculis,
1450 1137 1739 1197 antequam

153 1215 406 1283 egregius
427 1215 685 1283 propheta
714 1221 769 1268 et
793 1229 889 1267 rex
911 1213 1172 1268 infulatus
1197 1230 1391 1285 magna
1413 1231 1535 1270 cum
1558 1215 1740 1269 exsul-

157 1305 360 1360 tatione
384 1305 568 1359 ludere
609 1319 716 1358 non
746 1305 1053 1368 erubescat,
1079 1313 1134 1358 et
1161 1319 1282 1358 eam
1327 1304 1393 1358 ad
1423 1305 1600 1359 locum
1649 1304 1742 1359 de-

157 1394 412 1449 stinatum
437 1393 494 1446 in
513 1393 734 1447 musicis
767 1394 1120 1448 concentibus
1152 1395 1586 1464 hymnorumque
1613 1410 1740 1449 sua-

157 1485 358 1540 visonis
416 1483 869 1538 modulaminibus
925 1484 1267 1537 introducat:
1327 1499 1447 1552 quae
1510 1485 1640 1538 dum
1689 1493 1745 1537 et

156 1576 270 1630 suis
289 1585 346 1629 et
369 1573 579 1643 opificis
600 1581 679 1626 tot
714 1574 990 1642 signorum
1025 1575 1312 1627 emicuerit
1346 1574 1735 1642 prterogativis,

1833 408 1997 463 oculos
2067 408 2466 478 gloriosissime
2522 408 2877 470 ascensionis,
2915 417 2970 462 et
3032 409 3146 465 base
3189 411 3416 480 perferri

1832 514 1930 567 per
1953 514 2142 553 manus
2201 499 2377 569 angeli
2433 499 2486 552 in
2517 500 2747 555 sublime
2797 499 2970 554 altare
3002 501 3096 554 Dei
3128 509 3184 555 et
3207 504 3261 557 in
3288 520 3417 559 con-

1834 595 2074 655 spectum
2101 587 2398 655 majestatis
2439 587 2694 656 deposcat
2737 603 2753 642 :
2801 589 2976 658 pictor
2996 605 3124 646 vero
3167 596 3417 660 patrandi

1835 673 2014 743 operis
2054 675 2169 729 loca
2194 693 2430 746 congrua
2471 688 2750 747 appetens,
2796 680 2848 732 in
2876 679 3068 736 harum
3094 682 3418 741 formatione

1835 763 2079 819 colorum
2128 771 2337 819 tantum
2365 776 2705 822 venustatem
2755 775 2809 821 et
2845 772 3026 838 operis
3074 774 3419 842 supplemen-

1836 862 1950 908 tum
1975 862 2198 921 quazrat.
2237 855 2472 908 Nimium
2522 857 2686 925 igitur
2710 857 3047 928 nimiumque
3073 877 3105 915 a
3153 866 3419 929 veritatis,

1838 945 2151 998 rationis'et
2173 945 2512 1000 discretionis
2535 947 2751 1000 tramite
2777 948 2961 1013 distat,
2991 952 3083 1018 qui
3123 955 3338 1021 corpori
3361 964 3417 1009 et

1839 1035 2084 1105 sanguini
2133 1035 2414 1090 Dominico
2465 1036 2728 1105 imagines
2777 1039 3115 1106 aequiparare
3167 1053 3415 1098 conatur.

1838 1125 1972 1179 Nam
2005 1124 2396 1179 Melchisedech
2432 1137 2527 1178 rex
2560 1125 2759 1190 Salem,
2789 1129 3038 1182 sacerdos
3079 1130 3174 1184 Dei
3202 1135 3422 1199 summi,

1840 1218 1894 1270 in
1917 1225 2045 1286 typo
2081 1216 2348 1270 Dominici
2389 1216 2635 1283 corporis
2660 1223 2716 1271 et
2761 1218 3058 1285 sanguinis,
3090 1235 3198 1274 non
3233 1222 3424 1293 imagi-

1841 1318 1964 1357 nem
2003 1304 2314 1371 quamdam,
2346 1304 2440 1358 sed
2469 1319 2663 1373 panem
2698 1312 2752 1358 et
2807 1305 2992 1360 vinum
3018 1307 3216 1377 legitur
3264 1311 3425 1365 obtu-

1842 1396 1986 1450 lisse.
2032 1395 2165 1449 Nam
2209 1403 2264 1450 et
2291 1396 2525 1451 Mosaico
2553 1411 2648 1451 ore
2694 1397 2746 1450 in
2791 1399 3228 1469 przeliguratione
3253 1403 3426 1457 nostri

1843 1485 2232 1554 Redemptoris,
2298 1485 2450 1554 cujus
2499 1501 2716 1541 carnem
2763 1487 2816 1540 in
2873 1489 3248 1545 remissionem
3302 1507 3427 1562 pec-

1843 1584 2088 1630 catorum
2137 1577 2400 1631 sumimus
2429 1587 2525 1641 ,et
2581 1579 2858 1646 sanguinis
2908 1581 3168 1638 tinctione
3234 1599 3428 1652 percu-
3497 1615 3504 1620 -

158 1681 267 1719 non
295 1664 566 1719 immerito
608 1678 749 1717 arca:
797 1664 1108 1718 testamenti
1157 1664 1368 1716 Domini
1407 1665 1603 1734 poterit
1652 1679 1742 1718 co-
1775 1656 1818 1715 B
1847 1667 2034 1722 tientis
2060 1668 2236 1737 angeli
2282 1669 2542 1736 impetum
2571 1669 2869 1733 evadimus,
2933 1686 3104 1741 agnus
3145 1688 3243 1741 per
3268 1675 3428 1730 fami-

153 1754 387 1822 :oquari.
411 1752 546 1808 Cum
572 1768 702 1822 ergo
725 1767 825 1807 nec
861 1753 994 1806 tanti
1027 1753 1207 1806 meriti
1233 1752 1432 1822 opifex,
1458 1769 1556 1807 nec
1580 1761 1741 1806 tanta:

153 1843 349 1914 gloriae
370 1841 640 1910 opiﬁcium
677 1841 915 1910 reperire
941 1840 1224 1904 valuerint,
1249 1848 1414 1895 restat
1438 1849 1498 1894 ut
1524 1840 1740 1910 legisla-

156 1942 342 1986 torem
365 1939 565 1984 nostrae
588 1930 763 1983 astatis
797 1929 1123 1993 hominibus,
1141 1937 1194 1982 et
1225 1944 1407 1983 arcam
1436 1929 1742 1983 testamenti

161 2019 385 2076 Domini
413 2019 737 2074 manufactis
763 2019 1090 2088 imaginibus
1115 2019 1290 2074 modis
1329 2020 1580 2094 omnibus
1603 2027 1747 2072 ante-

151 2119 403 2182 ponant;
433 2126 531 2164 nec
575 2125 663 2165 res
685 2119 794 2164 tam
838 2112 972 2166 viles
1005 2120 1224 2180 tamque
1252 2111 1522 2180 mysteriis
1571 2112 1746 2167 nudas

155 2203 236 2256 rei
276 2209 386 2255 tam
417 2201 632 2256 sublimi
668 2210 853 2271 totque
897 2205 1279 2274 mysteriorum
1319 2204 1619 2274 insignibus
1653 2220 1747 2258 ex-

158 2291 412 2346 uberanti
448 2291 783 2360 a3quiparare
822 2300 1105 2346 conentur.
1134 2292 1268 2345 Nam
1313 2292 1380 2355 si,
1413 2300 1470 2346 ut
1507 2292 1582 2345 illi
1613 2291 1747 2346 deli-

157 2388 311 2446 rant,
345 2382 606 2451 imagines
656 2397 796 2437 arcae
833 2384 1138 2438 testamenti
1183 2383 1393 2439 Domini
1451 2383 1745 2438 assimilari

155 2480 390 2541 queunt,
450 2487 669 2529 necesse
710 2483 794 2529 est
822 2485 881 2530 ut
907 2477 1160 2544 quiddam
1193 2477 1266 2530 sit
1294 2476 1438 2531 circa
1464 2491 1557 2531 eas
1600 2477 1746 2545 quod

155 2560 534 2630 propitiatorio
584 2563 869 2617 assimilari
901 2572 1103 2632 queat,
1137 2579 1354 2619 necesse
1381 2574 1464 2619 est
1509 2573 1570 2618 ut
1627 2580 1745 2620 me-

158 2651 361 2705 tuenda
389 2652 513 2708 inde
535 2654 756 2708 oracula
782 2654 993 2709 dentur.
1012 2654 1129 2710 Non
1154 2664 1334 2710 autem
1363 2656 1483 2709 inde
1503 2657 1747 2724 quaedam

152 2741 383 2796 oracula
416 2744 654 2798 dantur:
693 2759 801 2798 non
834 2745 1016 2813 igitur,
1061 2753 1123 2798 ut
1167 2745 1242 2799 illi
1282 2745 1571 2814 desipiunt,
1616 2745 1750 2798 ima-

153 2833 318 2901 gines
343 2849 482 2889 arca‘
509 2838 811 2890 testamenti
837 2838 1049 2892 Domini
1073 2837 1360 2892 assimilari
1383 2847 1606 2907 queunt.

728 2926 956 2983 CAPUT
978 2927 1189 2982 XXVII.

156 2989 320 3054 Quod
352 3009 559 3061 magna:
597 2997 661 3048 sit
691 2998 994 3050 temeritatis
1030 2997 1351 3067 ingentisque
1404 2999 1745 3053 absurditatis
1775 2991 1821 3050 C

223 3077 366 3138 stepe
401 3074 719 3138 memoratas
748 3067 999 3138 imagines
1046 3069 1252 3138 corpori
1270 3078 1318 3121 et
1360 3071 1605 3138 sanguini
1631 3069 1743 3122 Do-

223 3131 419 3183 minico
451 3134 776 3203 a'quiparare
815 3131 968 3199 velle,
1026 3131 1161 3190 sicut
1188 3138 1242 3190 in
1290 3131 1480 3192 eadem
1521 3140 1746 3193 vanitate

221 3215 343 3267 qua:
369 3217 464 3269 pro
484 3201 592 3257 illis
628 3205 817 3272 scripta
849 3214 923 3258 est
953 3205 1159 3276 legitur.

223 3288 361 3344 Cum
391 3291 649 3346 Dominus
679 3294 732 3346 in
773 3294 1060 3363 Evangelio
1093 3297 1278 3351 dicat:
1325 3296 1443 3351 Veri
1499 3299 1748 3352 adorato-

158 3395 233 3433 nes
276 3380 574 3436 adorabunt
606 3383 812 3437 Patrem
840 3386 894 3438 in
919 3387 1105 3455 spiritu
1128 3397 1175 3440 et
1201 3388 1413 3440 veritate
1436 3387 1616 3459 (Joan.
1647 3388 1743 3455 ιν),

153 3471 422 3525 miramur
463 3488 650 3526 eorum
680 3476 953 3528 vesaniam
980 3477 1071 3544 qui
1097 3477 1150 3530 in
1182 3478 1579 3532 adorandarum
1608 3478 1748 3531 isna-

149 3560 349 3629 ginum
373 3567 579 3614 tantam
611 3575 861 3617 exarsere
902 3565 1233 3626 socordiam,
1266 3573 1324 3619 ut
1350 3581 1474 3620 cum
1521 3581 1616 3621 eas
1645 3581 1747 3621 nec

151 3651 416 3721 spiritum
466 3667 565 3705 nec
613 3653 895 3707 veritatem
942 3671 1063 3710 esse
1119 3664 1368 3721 constet,
1411 3673 1520 3712 non
1567 3657 1746 3712 solum

150 3741 414 3802 adorare,
464 3743 558 3796 sed
584 3743 748 3796 etiam
797 3745 1006 3812 corpori
1064 3753 1119 3798 et
1168 3747 1413 3816 sanguini
1461 3749 1746 3804 Dominico

150 3836 498 3904 aequiparare
533 3850 626 3889 eas
651 3844 980 3904 prtesumant
998 3836 1276 3891 dicentes:
1325 3857 1342 3888 ι
1374 3837 1526 3894 Sicut
1550 3856 1746 3908 corpus
1788 3901 1791 3904 _

155 3924 502 3978 Dominicum
524 3932 581 3978 et
625 3925 844 3994 sanguis
888 3941 919 3978 a
955 3925 1220 3980 fructibus
1250 3935 1410 3982 terra:
1443 3929 1509 3983 ad
1533 3929 1744 3999 insigne

157 4017 480 4087 mysterium
511 4018 728 4084 transit,
765 4018 840 4072 ita
881 4028 934 4072 et
981 4020 1240 4090 imagines
1291 4020 1556 4076 artiﬁcum
1596 4023 1749 4077 indu-

157 4105 284 4158 stria
307 4105 706 4175 compaginatae
740 4106 809 4160 ad
835 4121 1020 4161 earum
1044 4124 1400 4178 personarum
1427 4111 1482 4165 in
1515 4126 1745 4181 quarm

158 4195 564 4251 similitudinem
627 4200 1118 4270 compaginantur,
1179 4209 1457 4258 transeant
1519 4219 1747 4258 venera-

157 4285 378 4340 tionem.
417 4307 435 4338 ι
463 4287 599 4342 Cum
644 4288 854 4345 scilicet
897 4292 1143 4361 corporis
1177 4299 1231 4347 et
1256 4295 1538 4365 sanguinis
1560 4295 1742 4352 Domi-

157 4377 269 4430 nici
317 4389 714 4435 sacramentum
767 4383 834 4436 ad
861 4387 1429 4441 commemorationem
1475 4403 1586 4442 sum
1621 4403 1746 4457 pas~

160 4465 335 4519 sionis
360 4474 415 4520 et
469 4478 666 4544 nostra:
713 4471 901 4526 salutis
929 4474 1086 4528 nobis
1115 4489 1433 4531 concessum
1463 4478 1531 4531 ab
1555 4477 1745 4533 eodem

159 4556 470 4612 mediatore
507 4559 601 4613 Dei
629 4569 682 4615 et
721 4561 996 4617 hominum
1024 4603 1039 4628 ,
1079 4579 1177 4632 per
1201 4581 1420 4620 manum
1452 4567 1747 4622 sacerdotis

160 4654 210 4699 et
236 4647 635 4705 invocationem
661 4652 825 4706 divini
867 4655 1103 4709 nominis
1123 4657 1462 4724 conficiatur,
1488 4659 1748 4728 imagines

164 4746 287 4787 vero
336 4735 538 4791 nullius
571 4753 765 4795 manus
806 4741 1164 4811 impositionis
1190 4745 1274 4800 vel
1321 4747 1747 4803 consecrationis

159 4827 412 4892 mysterio
456 4827 783 4898 indigentes,
835 4847 941 4886 non
976 4835 1043 4888 ab
1094 4835 1216 4890 aliis
1261 4837 1368 4890 nisi
1405 4838 1474 4892 ab
1522 4839 1608 4892 his
1655 4839 1747 4908 qui

159 4911 397 4979 pictoria:
420 4919 553 4972 artis
581 4921 916 4989 experientia
948 4923 1138 4978 imbuti
1161 4933 1287 4980 sunt
1313 4935 1367 4981 et
1385 4927 1746 4984 conﬁciendo-

160 5020 282 5057 rum
305 5006 542 5062 colorum
578 5013 830 5080 peritiam
859 5013 1081 5075 habent.
1108 5016 1190 5070 vel
1220 5018 1288 5071 ab
1327 5019 1412 5072 his
1453 5019 1546 5088 qui
1575 5018 1745 5074 fabri-

162 5092 228 5148 lis
256 5095 337 5148 vel
361 5098 626 5156 celatura:
680 5103 766 5157 vel
796 5112 960 5158 certae
1006 5105 1232 5175 alicujus
1285 5109 1420 5162 artis
1469 5119 1746 5179 comperta

161 5185 500 5243 institutione
521 5200 574 5246 et
595 5197 812 5263 cognita
837 5195 889 5250 vi
913 5198 1158 5253 materia:
1180 5199 1368 5254 .vultus
1394 5209 1742 5270 componunt,

164 5272 374 5331 formari
424 5287 480 5334 et
523 5277 891 5353 compaginari
924 5295 1238 5342 noscantur.
1271 5288 1341 5343 Et
1385 5289 1642 5344 nimirum
1677 5292 1744 5345 ad

168 5371 352 5422 norum
376 5375 842 5429 consecrationem
883 5379 1136 5434 sacerdos
1175 5379 1466 5447 infulatus,
1513 5382 1746 5435 circum-

169 5458 354 5512 stantis
389 5463 568 5531 populi
593 5465 1000 5534 deprecationes
1047 5469 1161 5524 suis
1202 5471 1456 5539 precibus
1484 5471 1739 5536 miscens,

170 5561 282 5604 cum
306 5550 513 5610 interno
546 5555 728 5623 rugitu
753 5559 1067 5614 memoriam
1099 5558 1260 5614 faciat
1296 5562 1590 5616 Dominica:
1621 5577 1742 5630 pas-

1844 1758 1943 1812 lias
1973 1758 2180 1812 comedi
2201 1756 2440 1824 jubetur,
2470 1765 2525 1810 et
2548 1756 2892 1812 colendarum
2920 1759 3002 1813 vel
3029 1761 3427 1818 adorandarum

1844 1848 2138 1917 imaginum
2184 1863 2314 1902 usus
2360 1849 2582 1903 omnino
2611 1849 2914 1903 abdicatur.
2971 1850 3429 1924 Psaimographus

1844 1951 2055 2005 quoque
2081 1946 2134 1991 et
2171 1952 2364 2005 panem
2422 1937 2755 2004 angelorum,
2818 1937 3096 1994 Christum
3149 1943 3420 2008 videlicet,

1845 2030 1911 2083 ab
1935 2029 2242 2083 hominibus
2280 2029 2732 2092 manducandum,
2757 2039 2812 2083 et
2851 2031 3146 2101 imaginum
3178 2033 3427 2087 condito-

1846 2135 1932 2174 res
1955 2119 2158 2174 similes
2191 2119 2276 2174 bis
2321 2133 2441 2188 qua:
2474 2120 2781 2176 conduntur
2806 2121 3130 2191 imaginibus
3158 2125 3274 2178 ﬁeri
3301 2141 3428 2180 sua-

1846 2212 2033 2266 visona
2068 2211 2434 2266 modulatione
2475 2213 2732 2266 cantavit.
2787 2214 2904 2282 ipse
2954 2231 3188 2285 namque
3239 2223 3429 2272 auctor

1847 2303 2066 2356 humani
2097 2301 2329 2369 generis,
2357 2301 2446 2369 qui
2471 2313 2568 2369 pro
2591 2301 2758 2356 salute
2786 2313 2972 2356 nostra
3007 2319 3229 2358 carnem
3252 2305 3426 2360 nostri

1848 2407 2012 2446 causa
2046 2407 2152 2445 non
2174 2399 2257 2445 est
2294 2391 2617 2460 dedignatus
2664 2391 2930 2460 accipere,
2964 2407 3084 2447 cum
3117 2404 3171 2446 et
3217 2393 3432 2449 Veteris

1851 2483 2180 2537 Testamenti
2255 2483 2542 2537 terminum
2610 2494 2662 2537 et
2728 2482 2899 2548 Novi,
2961 2485 3426 2555 appropinquante

1849 2589 1960 2630 suae
1992 2575 2369 2629 sacratissima:
2391 2576 2658 2644 passionis
2703 2575 2819 2639 die,
2868 2576 3202 2630 salutiferam
3232 2575 3436 2631 consti-
3482 2585 3484 2587 ’

1851 2674 2027 2720 tueret
2059 2666 2288 2729 initium,
2339 2674 2393 2719 et
2436 2667 2490 2719 in
2518 2682 2574 2719 se
2603 2666 2778 2734 lapide
2805 2667 3049 2738 angulari
3084 2669 3217 2721 duos
3242 2682 3308 2721 ex
3335 2667 3435 2723 ad-

1850 2773 2006 2812 verso
2031 2757 2263 2827 parietes
2299 2767 2644 2822 connectens,
2672 2765 2726 2809 et
2785 2758 3079 2810 secundum
3107 2755 3427 2825 Apostolum

1850 2847 2054 2902 faciens
2099 2855 2326 2917 utraque
2369 2861 2554 2910 unum,
2586 2855 2807 2914 accepto
2836 2863 2990 2915 pane,
3039 2847 3322 2901 benedicta
3367 2864 3433 2902 ac

1851 2941 2042 3006 fracto,
2102 2937 2207 2995 hoc
2259 2941 2495 2994 salutare
2544 2936 2820 3004 discipulis
2869 2936 3014 2990 dedit
3069 2945 3429 3005 praeceptum:

1851 3034 2100 3101 Accipite,
2131 3031 2324 3101 inquit,
2351 3040 2398 3083 et
2424 3029 2759 3091 manducate,
2789 3028 2886 3080 hoc
2924 3037 2998 3080 est
3018 3043 3204 3097 corpus
3228 3045 3397 3082 meum
3415 3047 3435 3084 :

1846 3121 2086 3174 similiter
2113 3132 2162 3174 et
2193 3119 2407 3174 calicem
2446 3128 2720 3187 postquam
2750 3116 2964 3169 coenavit
2995 3116 3271 3184 accipiens,
3294 3117 3438 3172 dedit

1848 3211 2116 3281 discipulis
2143 3213 2251 3264 suis
2291 3209 2488 3272 dicens,
2529 3208 2758 3277 Accipite
2779 3215 2828 3258 et
2859 3205 3052 3258 bibite:
3078 3206 3161 3258 hic
3195 3216 3270 3260 est
3298 3208 3436 3260 enim

1848 3299 1994 3352 calix
2017 3299 2288 3366 sanguinis
2311 3298 2410 3350 mei
2435 3297 2572 3350 Novi
2602 3306 2648 3348 et
2685 3295 2866 3349 aeterni
2892 3293 3203 3348 Testamenti
3228 3297 3314 3366 qui
3340 3313 3436 3366 pro

1847 3387 1988 3440 vobis
2009 3396 2055 3438 et
2078 3402 2170 3454 pro
2195 3383 2370 3437 multis
2396 3384 2696 3452 effundetur
2729 3385 2784 3436 in
2808 3385 3159 3437 remissionem
3189 3394 3432 3454 peccato-

1847 3487 1984 3527 rum.
2016 3473 2144 3527 Hazc
2181 3474 2587 3544 quotiescunque
2614 3473 2860 3541 feceritis,
2886 3475 2940 3526 in
2977 3475 3078 3527 mei
3119 3477 3427 3530 memoriam

1848 3563 2050 3632 facietis
2108 3563 2160 3633 (I
2208 3563 2330 3617 Cor.
2361 3563 2460 3634 xi).
2494 3562 2627 3617 Cum
2661 3579 2789 3634 ergo
2841 3564 2995 3619 istius
3038 3565 3428 3622 evidentissimi

1847 3659 1902 3706 et
1931 3653 2266 3707 sacrosancti
2317 3655 2562 3723 mysterii
2619 3662 2673 3709 et
2725 3670 2824 3724 per
2857 3655 3068 3710 Veteris
3099 3655 3435 3714 Testamenti

1848 3740 2104 3810 mysticas
2131 3741 2328 3808 ﬁguras
2353 3780 2366 3803 ,
2398 3749 2452 3795 et
2477 3744 2575 3810 per
2611 3741 2743 3795 Novi
2771 3743 3164 3796 institutionem
3193 3745 3435 3800 salutife-

1847 3847 1966 3885 rum
1997 3841 2051 3886 et
2104 3832 2222 3886 luce
2260 3832 2460 3886 clarius
2517 3841 2701 3886 teneat
2738 3832 2976 3886 Ecclesia
3023 3834 3427 3898 documentum,

1848 3920 2244 3977 adorandarum
2273 3923 2566 3991 imaginum
2628 3922 2751 3974 huic
2799 3937 2908 3974 non
2964 3931 3044 3974 est
3073 3925 3436 3991 comquandus

1848 4009 2298 4066 insolentissimus
2332 4026 2489 4073 usus,
2542 4011 2630 4078 qui
2681 4009 2930 4063 videlicet
2954 4025 3061 4064 non
3111 4011 3284 4064 solum
3314 4012 3436 4068 fieri

1847 4120 1954 4158 non
1978 4104 2218 4172 jubetur,
2271 4121 2456 4160 verum
2488 4105 2650 4158 etiam
2696 4113 2751 4159 et
2778 4119 2877 4173 per
2915 4105 3165 4173 paginam
3218 4106 3430 4162 Veteris

1846 4194 2198 4250 lnstrumenti
2239 4195 2598 4257 interdicitur,
2629 4202 2682 4247 et
2715 4194 2768 4247 in
2795 4193 2930 4248 Novi
2957 4193 3096 4249 serie
3117 4195 3434 4252 Testamenc

1851 4287 1892 4340 ti
1923 4302 2030 4342 non
2081 4288 2252 4342 solum
2277 4303 2382 4341 non
2422 4285 2756 4350 conceditur,
2794 4301 2980 4340 verum
3027 4286 3192 4340 etiam
3246 4303 3430 4358 repre-

1849 4377 2121 4432 henditur.
2154 4376 2253 4442 Qui
2292 4377 2433 4430 enim
2464 4376 2599 4430 dixit
2625 4390 2638 4428 :
2664 4375 2800 4430 Caro
2836 4393 2949 4431 mea
2969 4393 3082 4431 vere
3109 4388 3184 4431 est
3211 4380 3354 4434 cibus
3380 4391 3430 4434 et

1845 4469 2057 4538 sanguis
2071 4484 2213 4521 meus
2238 4484 2349 4522 vere
2365 4477 2439 4520 est
2456 4475 2608 4537 potus
2625 4467 2804 4538 (Joan.
2820 4467 2920 4538 vi);
2938 4476 2991 4521 et
3008 4481 3022 4520 :
3044 4469 3133 4539 qui
3146 4470 3430 4526 manducet

1846 4573 2014 4609 meam
2049 4573 2258 4610 carnem
2287 4566 2334 4610 et
2358 4557 2480 4609 bibit
2511 4573 2683 4609 meum
2718 4562 3044 4628 sanguinem,
3068 4561 3123 4614 in
3148 4579 3228 4616 me
3257 4572 3433 4617 manet

1847 4655 1892 4698 et
1915 4662 2008 4714 ego
2029 4646 2084 4698 in
2113 4644 2204 4698 illo
2235 4643 2446 4714 (Ibid.),
2473 4659 2580 4698 non
2610 4645 2742 4700 dixit
2766 4661 2780 4699 :
2833 4647 3015 4719 imago
3044 4666 3163 4706 mea
3201 4668 3328 4708 vere
3353 4662 3437 4707 est

1845 4737 1976 4800 vita,
2002 4742 2056 4789 et
2082 4735 2292 4804 pictura
2322 4734 2526 4789 nomini
2567 4751 2688 4791 meo
2714 4739 2948 4808 ascripta
2991 4755 3119 4797 vere
3140 4751 3224 4796 est
3264 4743 3430 4807 salus,

1847 4834 1901 4880 et
1973 4827 2064 4894 qui
2147 4826 2320 4897 pingit
2396 4842 2574 4881 meam
2632 4829 3060 4895 similitudinem,
3119 4840 3172 4886 et
3237 4833 3430 4886 adorat

1846 4934 2024 4974 meam
2058 4917 2346 4988 imaginem
2389 4917 2774 4985 manufactam,
2835 4921 2890 4973 in
2912 4934 2997 4972 me
3040 4928 3224 4973 manet
3247 4929 3302 4974 et
3331 4935 3430 4989 ego

1847 5011 1902 5065 in
1946 5010 2053 5064 illo.
2106 5009 2174 5063 Et
2231 5009 2322 5078 qui
2365 5008 2687 5073 dixit,,Nisi
2742 5006 3182 5062 manduca'veritis
3221 5025 3429 5062 carnem

1846 5102 1947 5171 ﬁlii
1964 5093 2209 5165 hominis,
2234 5109 2281 5153 et
2303 5100 2534 5153 biberitis
2560 5100 2678 5167 ejus
2695 5097 3022 5165 sanguinem,
3052 5114 3154 5151 non
3179 5099 3432 5153 habebitis

1847 5193 2005 5246 vitam
2018 5191 2074 5244 in
2090 5191 2230 5244 vobis
2244 5189 2295 5257 (1
2300 5189 2387 5241 bu!
2395 5189 2454 5257 .),
2471 5205 2578 5244 non
2594 5189 2746 5249 dixit,
2761 5185 2875 5238 Nisi
2889 5185 3239 5253 depinxeritis
3257 5198 3430 5241 me‘am

1847 5281 2156 5350 imaginem,
2191 5256 2629 5332 etadoraveritis
2669 5287 2843 5327 meam
2874 5273 3101 5340 pictoria
3146 5283 3259 5327 arte
3299 5290 3424 5328 con-

1848 5379 2107 5428 structam
2128 5369 2551 5426 similitudinem,
2577 5378 2683 5415 non
2699 5360 2969 5418 habebitis
2989 5366 3152 5419 vitam
3180 5363 3236 5415 in
3257 5363 3432 5416 vobis.

1847 5462 1945 5530 Qui
1973 5461 2136 5529 igitur
2162 5458 2298 5515 dixit
2337 5475 2348 5508 :
2383 5454 2496 5519 Ego
2533 5465 2648 5500 sum
2701 5445 2854 5516 panis
2890 5453 3036 5509 vivus
3070 5450 3158 5521 qui
3202 5449 3266 5502 de
3316 5450 3440 5504 coelo

1847 5554 2110 5617 descendi,
2140 5554 2184 5603 εί
2209 5546 2324 5616 (μιξε
2351 5558 2413 5598 επ
2442 5539 2555 5605 ipso
2590 5537 2995 5599 manducauerit
3037 5557 3140 5599 non
3171 5541 3451 5606 morietur,
