4026 6156
612 269 747 335 I095

1491 270 1551 323 Β.
1583 265 1832 326 CAROLI
1870 265 2083 323 MAG-NI
2120 263 2269 321 OPP.
2311 265 2488 319 PARS
2525 265 2588 318 II.
2628 263 2870 320 SECTIO
2908 256 2972 318 II.

3717 265 3848 324 £096

611 387 693 441 sed
719 383 921 439 habebit
953 381 1107 435 vitam
1138 388 1405 444 wternam,
1435 388 1483 432 et
1514 396 1606 450 ego
1651 379 1912 434 suscitabo
1959 394 2076 433 eum
2120 379 2176 430 in
2205 383 2256 438 Α
2281 375 2424 430 tione
2450 389 2638 430 omnes
2665 375 2756 442 qui
2791 384 2952 430 rectae
2985 375 3105 431 ﬁdei
3142 385 3265 431 sunt
3315 377 3608 442 salventur,
3652 388 3854 436 constat

609 473 880 528 novissimo
909 471 994 524 die
1014 471 1194 540 (Joan.
1212 469 1288 538 γι)
1308 485 1322 533 ;
1340 476 1394 522 et
1417 468 1644 522 iterum:
1676 467 1824 524 Sicut
1845 467 1984 520 misit
2006 483 2086 521 me
2108 468 2181 518 vi-

606 577 722 615 vens
753 559 934 622 Pater,
958 566 1006 611 et
1034 574 1127 626 ego
1148 556 1255 608 vivo
1279 565 1488 624 propter
1525 555 1758 618 Patrem,
1787 563 1834 607 et
1853 555 1940 624 qui
1963 554 2184 608 mandu-

605 657 688 702 cat
711 664 813 713 me,
851 649 959 717 ipse
986 645 1103 698 vivit
1128 652 1337 712 propter
1372 659 1454 695 me
1481 642 1671 714 (Ibid.)
1687 659 1705 706 ;
1733 650 1788 696 et
1812 642 2004 695 iterum
2037 655 2052 692 :
2081 639 2183 693 Hie

605 751 679 795 est
704 757 853 795 verus
873 739 1024 808 panis
1050 736 1146 789 Dei
1166 737 1256 805 qui
1272 736 1336 788 de
1360 735 1485 788 eatlo
1534 733 1817 798 descendit,
1843 742 1889 786 et
1910 734 2067 786 vitam
2090 731 2185 784 tri-

607 832 717 884 buit
763 828 957 881 mundo
992 843 1010 880 :
1039 828 1126 897 qui
1166 826 1556 880 manducauerit
1606 842 1670 879 ex
1709 841 1770 893 eo
1822 831 2089 894 permanet
2129 823 2185 875 in

606 928 879 982 internum,
906 925 954 968 et
978 916 1128 985 panis
1147 931 1296 984 quem
1341 931 1432 983 ego
1458 914 1592 966 dabo
1617 915 1663 967 ei
1693 929 1814 966 caro
1837 929 1950 965 mea
1979 920 2052 964 est
2092 926 2186 979 pro

607 1007 789 1060 mundi
824 1008 947 1060 vita.
971 1003 1075 1068 Qui
1106 1003 1265 1057 credit
1292 1004 1347 1056 in
1379 1019 1459 1055 me
1501 1019 1604 1055 non
1628 1002 1814 1055 esuriet
1855 1015 2014 1069 neque
2049 998 2185 1051 sitiet

610 1111 839 1165 unquam
867 1093 1078 1166 (Ibid.),
1111 1093 1245 1147 nihil
1278 1093 1380 1146 tale
1399 1093 1608 1160 uspiam
1639 1093 1704 1146 de
1730 1091 1962 1160 imagine
1995 1089 2189 1157 legitur

611 1186 828 1250 dixisse,
857 1200 979 1239 cum
1008 1183 1273 1248 videlicet,
1299 1192 1357 1236 ut
1381 1182 1590 1251 praefati
1627 1195 1832 1246 sumus,
1864 1194 2190 1235 commemo-

610 1277 874 1330 rationem
889 1291 998 1330 sua:
1023 1274 1402 1329 sacratissimte
1414 1272 1684 1340 passionis
1696 1287 1800 1326 non
1823 1271 1880 1324 in
1899 1269 2187 1334 artiﬁcum,

610 1382 718 1421 non
747 1367 803 1420 in
838 1370 1231 1422 mundanorum
1264 1365 1463 1418 artium
1490 1363 1740 1432 opiﬁciis,
1767 1362 1862 1417 sed
1918 1362 1973 1414 in
2001 1375 2191 1415 conse-

612 1457 851 1510 Cratione
882 1457 965 1510 sui
1012 1455 1256 1524 corporis
1276 1461 1332 1508 et
1378 1454 1658 1524 sanguinis
1710 1451 2067 1514 constituerit,
2090 1465 2191 1504 nec

612 1545 774 1599 ﬁdem
804 1553 857 1598 et
877 1542 1268 1598 confessionem
1294 1558 1445 1596 suam
1474 1542 1528 1594 in
1555 1540 1801 1611 picturis,
1830 1540 1923 1594 sed
1943 1539 1997 1592 in
2022 1553 2116 1592 ore
2138 1546 2194 1592 et

612 1633 774 1688 corde
819 1633 935 1687 ﬁeri
978 1632 1296 1696 decreverit,
1345 1632 1557 1686 dicente
1609 1630 1888 1699 Scriptura
1951 1647 1962 1680 :
2023 1627 2191 1682 Corde

2283 480 2375 519 eas
2399 480 2430 517 a
2464 464 2610 518 nullo
2637 479 2825 519 eorum
2867 467 2960 534 qui
3013 482 3158 521 sanae
3199 469 3394 522 mentis
3452 469 3860 538 intelligentiam

2284 555 2502 618 habent,
2534 562 2685 608 tanto
2710 557 2971 624 mysterio
3009 557 3433 626 atquiparandas.
3464 558 3567 624 Qui
3616 574 3749 629 ergo
3773 561 3857 616 ab-

2285 646 2456 700 solute
2471 662 2656 700 omnes
2686 646 2980 716 imaginum
3009 649 3322 702 adoratione
3364 659 3613 703 carentes
3641 652 3861 707 anathe-

2285 734 2447 787 matis
2467 734 2680 788 vinculo
2703 734 2950 788 nituntur
2986 736 3260 805 obligare,
3305 737 3656 805 qumrendum
3679 738 3749 791 ab
3792 740 3878 794 eis

2287 833 2370 879 est
2393 826 2522 894 quid
2543 827 2610 880 de
2623 827 2879 895 apostolis
2901 829 3155 892 sentiant,
3180 844 3314 897 quos
3337 829 3479 881 nulla
3508 829 3670 882 docet
3689 832 3881 884 catho-

2287 913 2403 968 lica:
2432 915 2725 983 Scriptura:
2763 917 2932 970 series
2960 917 3222 985 imagines
3265 917 3474 986 uspiam
3498 917 3792 971 adorasse?
3817 929 3880 972 et

2289 1012 2469 1058 tamen
2495 1005 2668 1059 nullus
2702 1005 2942 1060 ﬁdelium
2983 1007 3226 1076 ambigit,
3257 1022 3363 1060 non
3409 1007 3584 1060 solum
3625 1023 3741 1072 eos,
3779 1009 3881 1062 sed

2289 1094 2450 1146 etiam
2481 1108 2668 1148 eorum
2697 1096 3019 1165 sequipedas
3047 1096 3284 1149 coelestia
3325 1112 3487 1166 regna
3514 1105 3829 1164 penetrasse
3857 1112 3871 1146 :

2290 1185 2484 1254 quidve
2510 1186 2575 1239 de
2598 1187 2947 1257 martyribus,
2979 1187 3069 1255 qui
3103 1202 3132 1238 a
3171 1185 3319 1240 fonte
3368 1187 3713 1254 baptismatis
3746 1203 3868 1242 con-

2289 1273 2468 1327 festim
2497 1291 2594 1344 per
2611 1276 2860 1330 lictorum
2888 1291 3078 1330 manus
3099 1276 3215 1329 sine
3240 1275 3558 1329 adoratione
3579 1277 3879 1346 imaginum

2291 1367 2357 1418 ad
2376 1366 2617 1419 ctelestia
2644 1381 2809 1436 regna
2847 1367 3185 1436 migrabant?
3210 1366 3406 1433 quidve
3451 1365 3518 1419 de
3558 1364 3880 1427 infantibus,
3915 1352 3917 1354 ’

2293 1455 2383 1524 qui
2407 1456 2656 1526 originali
2671 1471 2810 1510 noxa
2832 1471 2929 1525 per
2947 1456 3221 1509 lavacrum
3245 1454 3852 1525 regenerationisabluti
3868 1497 3883 1518 ,

2291 1555 2346 1599 et
2386 1547 2614 1600 necdum
2661 1562 2758 1616 per
2801 1546 3110 1616 corporales
3161 1561 3352 1600 sensus
3394 1544 3595 1613 aliquid
3634 1542 3891 1613 hujusce-

2294 1637 2440 1691 modi
2473 1652 2633 1707 agere
2650 1637 2907 1701 valentes,
2931 1652 3070 1706 pene
3093 1646 3219 1690 ante
3253 1636 3494 1691 cmlestia
3522 1651 3677 1706 regna
3707 1647 3886 1704 quam

611 1721 844 1775 creditur
868 1721 935 1773 ad
948 1721 1233 1790 justitiam,
1263 1736 1350 1772 ore
1371 1729 1542 1772 autem
1590 1719 1844 1788 confessio
1865 1719 1924 1787 ﬁt
1946 1717 2014 1770 ad
2034 1717 2186 1771 salu-
2216 1715 2262 1774 Β
2289 1733 2630 1782 terrenarum
2650 1733 2929 1797 gressuum
2953 1725 3245 1783 efﬁcaciam
3263 1736 3514 1797 appetere
3527 1736 3845 1782 meruerunt
3865 1723 3892 1774 ’ἔ

612 1819 716 1866 tem
743 1810 920 1882 (Rom.
950 1809 1026 1880 ι).
1057 1810 1190 1864 Cum
1216 1810 1358 1864 enim
1393 1809 1524 1863 dicit
1549 1827 1560 1862 :
1599 1809 1658 1864 Si
1685 1809 1979 1862 manseritis
2028 1809 2082 1860 in
2111 1823 2190 1860 me

612 1910 662 1958 et
685 1903 836 1957 verba
858 1918 972 1956 mea
1000 1903 1057 1954 in
1079 1901 1217 1954 vobis
1239 1903 1524 1955 manserint
1551 1900 1730 1971 (Joan.
1756 1900 1866 1970 xv),
1903 1898 2190 1954 evidentis-

613 1989 748 2044 sime
769 1989 1005 2044 ostendit
1026 2005 1132 2042 non
1164 1988 1426 2064 imagines
1463 1988 1517 2040 in
1544 1988 1699 2042 nobis
1718 1996 1772 2041 et
1792 2002 1890 2040 nos
1921 1986 1975 2039 in
2002 1985 2191 2054 imagi-

613 2080 772 2135 nibus
796 2094 1113 2148 permanerc
1140 2080 1353 2144 debere,
1389 2079 1484 2132 sed
1512 2093 1608 2131 nos
1631 2078 1685 2131 in
1710 2092 1767 2131 se
1807 2091 1906 2144 per
1928 2075 2107 2138 ﬁdem,
2138 2082 2192 2128 et

613 2169 778 2223 verba
815 2183 909 2221 sua
937 2169 992 2222 in
1029 2169 1183 2222 nobis
1210 2182 1304 2237 per
1350 2167 1595 2222 lectionis
1628 2168 1862 2221 studium
1910 2174 1965 2218 et
2009 2164 2191 2232 operis

614 2258 1062 2329 complementum
1083 2258 1389 2313 necessario
1412 2272 1664 2310 mansura
1693 2255 1955 2324 designat.
1993 2253 2190 2308 Paulus

613 2348 811 2417 quippe
839 2347 1130 2415 apostolus,
1157 2347 1264 2400 Vas
1289 2345 1589 2408 electionis,
1626 2343 1868 2412 corporis
1890 2350 1944 2395 et
1975 2342 2193 2412 sangui-

614 2437 698 2490 nis
730 2436 997 2490 Dominici
1052 2445 1450 2490 sacramentum
1513 2448 1618 2487 non
1662 2433 1809 2488 omni
1854 2441 2192 2488 sacramento

613 2525 1076 2595 aequiparandum,
1114 2526 1205 2578 sed
1227 2539 1364 2592 pene
1384 2524 1634 2580 omnibus
1653 2523 2048 2593 prteferendum
2073 2538 2192 2578 esse

613 2619 952 2686 conspiciens
974 2617 1124 2680 dicit,
1149 2615 1339 2668 Probet
1373 2615 1508 2667 enim
1528 2631 1580 2668 se
1601 2614 1776 2679 homo,
1801 2623 1847 2666 et
1872 2614 1946 2666 sic
1971 2614 2034 2666 de
2059 2631 2191 2683 pane

613 2705 704 2760 illo
733 2705 1028 2768 manducet,
1060 2715 1106 2757 et
1129 2705 1192 2757 de
1230 2703 1390 2756 calice
1421 2704 1578 2757 bibat.
1617 2702 1720 2768 Qui
1764 2715 1936 2757 autem
1963 2703 2192 2756 mandu-

612 2807 696 2851 cat
721 2808 768 2850 et
791 2797 917 2850 bibit
942 2797 1170 2866 indigne,
1203 2796 1468 2865 judicium
1509 2797 1606 2851 sibi
1653 2797 1933 2850 manducat
1982 2806 2029 2850 et
2067 2796 2192 2849 bibit

613 2885 666 2957 (1
693 2884 816 2939 Cor.
845 2885 944 2956 ιι).
999 2884 1137 2940 Cum
1185 2900 1314 2955 ergo
1353 2893 1511 2940 tanta:
1569 2885 1950 2940 sollicitudinis
2014 2883 2193 2937 studio

610 2975 915 3046 probandos
940 2988 1034 3028 eos
1062 2974 1154 3042 qui
1205 2975 1270 3027 ad
1300 2973 1417 3028 haec
1446 2975 1705 3028 sumenda
1729 2975 1990 3028 accedunt
2012 2980 2192 3026 osten-

611 3043 719 3131 dat,
744 3073 798 3118 et
825 3064 918 3132 qui
946 3063 1276 3133 negligenter
1300 3057 1364 3117 et
1381 3064 1594 3134 indigne
1617 3064 1685 3117 ad
1712 3064 1825 3118 htec
1847 3061 2186 3131 percipienda
2214 3043 2262 3103 (ἶ

612 3153 956 3222 conveniunt,
997 3159 1156 3206 tantae
1199 3152 1680 3207 animadversionis
1722 3152 1827 3205 telo
1858 3151 2033 3213 feriat,
2061 3148 2194 3201 nihil

611 3244 746 3314 huic,
760 3242 935 3298 simile
964 3242 1031 3310 de
1055 3243 1139 3296 his
1169 3242 1260 3310 qui
1311 3238 1603 3313 imaginum
1658 3241 2024 3296 adorationem
2051 3238 2195 3292 refu-

613 3335 769 3406 giunt
792 3332 1012 3402 profert,
1038 3333 1132 3387 sed
1158 3347 1188 3386 e
1215 3333 1490 3387 contrario
1513 3331 1579 3387 de
1607 3333 1691 3386 his
1726 3332 1817 3400 qui
1842 3331 1980 3385 male
2008 3329 2198 3406 imagij

614 3423 773 3478 nibus
797 3431 1023 3477 utuntur
1054 3421 1185 3475 dicit
1216 3437 1229 3473 :
1260 3420 1329 3473 Et
1391 3430 1716 3476 mutaverunt
1766 3421 1987 3491 gloriam
2025 3421 2196 3474 incor-

608 3511 870 3583 ruptibilis
898 3512 993 3564 Dei
1041 3512 1097 3563 in
1140 3508 1533 3563 similitudinem
1591 3511 1940 3580 corruptibilis
1971 3510 2195 3564 hominis

611 3601 792 3672 (Rom.
817 3601 879 3670 ι),
911 3609 966 3654 et
989 3608 1202 3654 caztera.
1254 3599 1474 3652 Multum
1528 3603 1710 3669 igitur,
1740 3610 1796 3654 et
1845 3601 1985 3652 ultra
2031 3615 2194 3668 quam

612 3687 808 3740 mentis
838 3686 994 3740 oculo
1042 3685 1330 3753 perstringi
1357 3695 1544 3752 queat,
1573 3688 1736 3741 distat
1797 3697 2196 3742 sacramentum

611 3774 876 3828 Dominici
905 3774 1147 3844 corporis
1174 3780 1227 3827 et
1263 3773 1542 3842 sanguinis
1585 3767 2004 3845 ab'imaginibus
2026 3777 2198 3845 pictos

613 3877 733 3917 rum
760 3872 874 3934 arte
900 3862 1127 3932 depictis
1156 3879 1168 3915 :
1199 3877 1323 3917 cum
1341 3863 1592 3918 videlicet
1618 3865 1748 3919 illud
1783 3863 2047 3920 efﬁciatur
2069 3880 2198 3933 ope-

613 3961 766 4008 rante
795 3953 1141 4008 invisibiliter
1201 3952 1412 4022 spiritu
1434 3953 1548 4017 Dei,
1575 3954 1658 4009 ha:
1694 3954 1982 4010 visibiliter
2036 3971 2195 4009 manu

612 4045 872 4112 artiﬁcis;
915 4045 1046 4099 illud
1069 4051 1416 4098 consecretur
1437 4059 1466 4096 a
1498 4046 1777 4100 sacerdote
1834 4044 2002 4099 divini
2028 4045 2198 4098 nomi-

613 4135 699 4189 nis
722 4135 1082 4198 invocatione,
1118 4135 1202 4189 IIa:
1248 4135 1538 4204 pingantur
1558 4151 1588 4188 a
1611 4137 1814 4204 pictore
1841 4137 2091 4191 humana:
2114 4151 2199 4189 ar-

612 4223 682 4278 tis
719 4226 1055 4290 eruditione;
1108 4224 1238 4278 illud
1273 4225 1530 4293 angelicis
1578 4227 1829 4280 manibus
1876 4225 1930 4278 in
1971 4227 2198 4280 sublime

609 4314 706 4366 Dei
729 4315 998 4368 deferatur
1025 4315 1214 4378 altare,
1244 4314 1328 4368 ba:
1352 4316 1602 4369 humanis
1631 4317 1878 4369 manibus
1907 4331 2002 4384 per
2023 4325 2197 4369 artem

2291 1817 2350 1870 Si
2389 1833 2580 1872 omnes
2611 1818 2904 1886 imaginum
2938 1817 3250 1872 adoratione
3287 1826 3534 1872 carentes
3583 1818 3889 1871 secundum

2290 1908 2508 1962 illorum
2527 1909 2870 1964 falsissimam
2894 1909 3203 1978 opinionem
3246 1917 3494 1976 pereunt,
3520 1907 3751 1960 infantes
3775 1906 3879 1960 ba-

2286 1997 2560 2064 ptismatis
2582 1998 2724 2052 unda
2738 1999 2832 2053 loti
2848 2007 2900 2052 et
2927 1999 3168 2066 corporis
3196 1997 3458 2051 Dominici
3482 1997 3658 2051 edulio
3679 2005 3734 2049 et
3759 2011 3900 2049 san-

2288 2086 2471 2155 guinis
2492 2088 2690 2142 haustu
2717 2088 2914 2151 satiati,
2945 2087 3036 2156 qui
3063 2087 3289 2140 necdum
3328 2085 3592 2155 imagines
3647 2086 3897 2139 adorare

2290 2175 2574 2230 valuerunt
2600 2185 2654 2230 et
2706 2177 2784 2230 sic
2807 2192 2836 2230 e
2879 2176 3074 2230 saeculo
3104 2176 3487 2240 migraverunt,
3519 2185 3752 2241 pereunt
3789 2191 3806 2226 :
3841 2181 3906 2228 et

2290 2262 2336 2316 si
2390 2272 2640 2330 pereunt,
2694 2262 2947 2316 Veritatis
3006 2261 3226 2312 verbum
3291 2267 3539 2310 cassatur
3577 2258 3834 2312 dicentis
3887 2278 3904 2311 ι

2292 2350 2459 2405 Sinite
2494 2351 2733 2419 parvulos
2757 2350 2925 2401 venire
2951 2347 3020 2400 ad
3042 2363 3122 2399 me
3149 2362 3166 2400 :
3194 2344 3377 2398 talium
3390 2354 3464 2398 est
3487 2347 3625 2398 enim
3648 2362 3900 2414 regnum

2290 2437 2530 2492 cwlorum
2557 2438 2768 2508 (Matth.
2794 2453 2950 2502 XVIII,
2977 2435 3148 2489 Marc.
3175 2434 3254 2504 χ).
3299 2434 3416 2487 Non
3456 2443 3639 2488 autem
3662 2435 3907 2490 Verita-

2291 2527 2360 2580 tis
2381 2527 2599 2580 verbum
2627 2524 2923 2580 infantibus
2951 2538 3174 2594 regnum
3213 2522 3473 2576 cmlorum
3504 2509 3893 2590 promittentis

2288 2624 2550 2679 cassatur,
2589 2631 2694 2668 non
2741 2615 2911 2684 igitur,
2941 2621 3168 2682 pereunt
3216 2627 3405 2666 omnes
3454 2611 3750 2682 imaginum
3790 2614 3908 2669 ad-

2291 2705 2539 2758 oratione
2595 2713 2858 2757 carentes.

2837 2792 3062 2848 CAPUT
3102 2791 3335 2845 XXVIII.

2296 2909 2509 2974 Quanta
2549 2910 2751 2963 ratione
2781 2907 3104 2977 mysterium
3125 2903 3425 2977 Dominicte
3458 2903 3630 2956 crucis
3652 2904 3713 2977 ab
3741 2903 3900 2958 ima“

2364 2981 2570 3047 ginibus
2613 2979 2787 3042 distet,
2819 2973 2948 3047 quas
2979 2975 3187 3044 quidem
3230 2973 3309 3026 illi
3341 2973 3508 3026 eidem
3555 2974 3897 3043 aequiparare

2365 3049 2699 3101 contendunt.

2365 3139 2507 3204 Quot
2531 3135 2860 3191 excellentia:
2882 3134 3254 3203 prterogativis
3293 3143 3489 3202 quotve
3511 3133 3769 3186 virtutum
3805 3133 3880 3188 in-

2295 3230 2537 3300 signibus
2599 3225 2914 3296 mysterium
2960 3225 3256 3305 Dominica:
3320 3226 3499 3280 crucis
3555 3223 3888 3280 manufactis

2295 3320 2638 3390 imaginibus,
2672 3332 2806 3386 quas
2833 3315 2909 3369 illi
2943 3324 3147 3370 temere
3173 3317 3222 3371 ei
3242 3318 3580 3386 tequiparare
3605 3315 3887 3382 affectant,

2294 3412 2548 3472 emineat,
2576 3421 2755 3476 operae
2779 3406 3012 3474 pretium
3043 3414 3126 3460 est
3154 3407 3394 3462 breviter
3420 3410 3668 3476 pandere,
3697 3421 3878 3474 quan‘

2295 3514 2456 3570 quam
2486 3503 2670 3557 nostra
2691 3495 3067 3563 prosecutione
3100 3510 3324 3564 prorsus
3344 3487 3595 3565 explicari
3623 3503 3885 3560 nequeat.

2297 3587 2411 3640 Hoc
2442 3585 2588 3639 enim
2627 3584 2846 3639 vexillo
2868 3583 3127 3652 antiquus
3159 3581 3351 3648 hostis,
3399 3601 3506 3639 non
3533 3583 3884 3652 imaginibus,

2294 3677 2470 3731 victus
2498 3684 2617 3728 est:
2661 3675 2746 3728 his
2786 3673 2973 3738 armis,
3015 3689 3122 3727 non
3163 3674 3405 3727 colorum
3450 3673 3605 3737 fucis,
3638 3672 3884 3727 diabolus

2295 3772 2630 3834 expugnatus
2657 3770 2777 3828 est;
2819 3778 2918 3832 per
2942 3763 3101 3826 hanc,
3142 3777 3248 3815 non
3291 3777 3389 3830 per
3422 3763 3679 3832 picturas,
3715 3760 3882 3814 infer-

2295 3857 2350 3911 ni
2381 3856 2615 3910 claustra
2662 3851 2921 3907 destituta
2952 3858 3114 3915 sunt;
3157 3865 3255 3920 per
3283 3851 3442 3916 hanc,
3496 3867 3602 3904 non
3633 3865 3725 3920 per
3762 3849 3883 3902 illas

2296 3948 2592 4000 humanum
2620 3957 2786 4012 genus
2833 3941 3168 4009 redemptum
3194 3948 3296 3993 est.
3338 3939 3394 3993 In
3425 3955 3587 3994 cruce
3631 3954 3882 4008 namque,

2298 4051 2405 4090 non
2457 4035 2511 4088 in
2567 4033 2912 4102 imaginibus,
2955 4030 3187 4100 pretium
3245 4031 3431 4084 mundi
3477 4031 3743 4100 pependit.
3789 4030 3881 4082 Illa

2298 4128 2482 4195 itaque
2529 4125 2597 4178 ad
2622 4123 2815 4178 servile
2866 4121 3204 4190 supplicium,
3235 4135 3344 4175 non
3394 4123 3636 4190 quendam
3679 4120 3882 4188 imago,

2300 4216 2549 4269 ministra
2579 4212 2820 4277 exstitit;
2864 4211 2966 4264 hoc
2995 4217 3076 4263 cst
3127 4210 3299 4264 nostri
3352 4211 3494 4278 regis
3521 4211 3746 4279 insigne,
3774 4225 3881 4264 non

2301 4306 2547 4376 quaedam
2590 4304 2821 4371 pictura,
2870 4300 3011 4367 quod
3039 4300 3210 4353 nostri
3255 4301 3528 4353 exercitus
3579 4300 3881 4354 indesinen-

612 4411 832 4456 structae
863 4404 928 4456 ad
965 4405 1276 4457 mirantium
1311 4404 1537 4456 intuitus
1580 4412 1848 4470 ponantur
1881 4405 1934 4456 in
1955 4407 2191 4472 pariete;

2301 4406 2382 4450 ter
2428 4393 2697 4463 aspiciunt
2743 4388 3018 4461 legiones:
3066 4391 3169 4444 hoc
3197 4401 3279 4447 est
3308 4391 3517 4460 signum
3567 4392 3743 4445 nostri
3785 4391 3872 4444 im-

612 4506 710 4559 per
751 4491 880 4547 illud
918 4501 1139 4560 peccata
1185 4490 1528 4542 remittuntur
1553 4529 1568 4554 ,
1599 4506 1696 4556 per
1737 4492 1835 4544 bas
1881 4493 1926 4545 si
1985 4494 2198 4549 incaute

613 4581 906 4632 abutantur
936 4579 1292 4646 adjiciuntur;
1335 4577 1465 4631 illud
1495 4579 1551 4631 in
1601 4579 1802 4635 virtute
1829 4597 1927 4637 nec
1949 4599 2054 4652 quo
2081 4601 2198 4640 cre-

614 4675 729 4720 scat
755 4667 936 4744 habet,
979 4682 1077 4720 nec
1101 4666 1212 4720 ullo
1241 4667 1397 4721 modo
1428 4668 1707 4736 minuitur,
1737 4673 1820 4726 hae
1850 4689 1948 4742 pro
1971 4675 2196 4729 artiﬁcis

616 4756 906 4837 ingenio’in
934 4757 1329 4827 pulchritudine
1354 4769 1407 4815 et
1441 4773 1693 4818 crescunt
1719 4772 1772 4818 et
1802 4766 2196 4833 quodammodo

613 4851 966 4917 minuuntur;
1017 4850 1145 4905 illud
1190 4851 1470 4908 conﬁrmat
1505 4871 1641 4910 nova
1688 4857 1984 4924 antiquitas
2011 4865 2066 4909 et
2103 4872 2196 4909 an-

615 4941 761 5011 tiqua
787 4942 1017 5006 novitas,
1058 4942 1157 4997 has
1182 4943 1499 5014 plerumque
1528 4946 1828 5014 corrumpit
1868 4946 2078 5018 cariosa
2104 4963 2197 5002 ve-

612 5038 814 5096 tustas;
841 5031 974 5086 illud
1007 5040 1089 5086 est
1110 5033 1217 5086 vita
1242 5042 1297 5088 et
1323 5033 1548 5088 refectio
1590 5035 1912 5095 animarum,
1937 5034 2020 5106 lite
2043 5035 2196 5090 cibus

630 5121 981 5176 antummodo
1012 5124 1325 5188 oculorum;
1366 5124 1496 5177 illud
1524 5123 1670 5176 ducit
1700 5138 1797 5190 per
1821 5137 1972 5178 esum
1994 5125 2061 5179 ad
2088 5140 2197 5180 cm—

613 5209 766 5268 hstis
792 5214 940 5284 regni
974 5214 1275 5278 introitum,
1304 5215 1386 5268 ha:
1431 5225 1613 5268 rerum
1653 5223 1923 5283 gestarum
1949 5214 2197 5270 deferunt

616 5305 934 5360 memoriam
964 5321 1062 5374 per
1104 5304 1395 5367 intuitum;
1427 5303 1559 5358 illud
1608 5304 1808 5359 aboleri
1861 5307 1928 5361 ab
1957 5305 2196 5360 Ecclesia

615 5411 714 5451 nec
736 5397 789 5450 in
819 5396 1282 5465 persecutionibus
1309 5394 1502 5462 potuit,
1533 5396 1722 5448 barum
1762 5396 2029 5450 interdum
2055 5397 2198 5450 cole--

616 5502 730 5540 rem
755 5494 1028 5554 guttarum
1054 5485 1280 5538 inluvies
1302 5485 1506 5552 abluit;
1536 5495 1590 5539 et
1614 5501 1737 5539 cum
1763 5485 1879 5539 sine
1911 5485 2055 5538 illius
2076 5501 2198 5552 per-

619 5576 860 5630 contione
888 5589 1046 5630 nemo
1077 5575 1331 5642 salvetur,
1367 5576 1483 5631 sine
1525 5577 1746 5632 istarum
1774 5591 1906 5633 vero
1944 5576 2197 5632 observa-

2296 4486 2579 4556 peratoris,
2649 4500 2754 4538 non
2834 4482 3228 4552 compaginatio
3289 4483 3550 4546 colorum,
3622 4483 3766 4552 quod
3813 4475 3886 4535 adi

2297 4579 2544 4648 praelium
2605 4583 2804 4632 nostra:
2871 4582 3169 4644 sequuntur
3232 4576 3499 4630 cohortes.
3540 4576 3659 4630 Non
3715 4578 3884 4646 igitur

2297 4673 2540 4740 quaedam
2591 4669 2888 4724 materialis
2943 4669 3137 4738 imago,
3199 4669 3291 4722 sed
3356 4667 3646 4718 Dominicaa
3696 4665 3876 4718 crucis

2297 4763 2615 4833 mysterium
2661 4769 2745 4813 est
2791 4759 3066 4824 vexillum,
3109 4760 3328 4828 quodin
3359 4769 3545 4823 campo
3580 4755 3769 4818 duelli,
3812 4763 3879 4807 ut

2297 4831 2492 4904 fortius
2521 4849 2892 4917 conﬁigamus,
2943 4846 3094 4917 sequi
3143 4851 3434 4912 debemus;
3475 4861 3646 4912 arma,
3681 4831 3898 4915 quibus'

2294 4937 2597 4992 libertatem
2630 4934 2769 4989 tueri
2812 4936 3126 5004 valeamus;
3167 4938 3415 5003 munitio,
3467 4951 3574 5005 qua
3622 4926 3891 4991 infestan?

2296 5029 2429 5083 tium
2484 5028 2720 5081 hostium
2757 5026 3008 5083 incursus
3062 5030 3348 5084 evitemus.
3387 5029 3486 5083 Est
3529 5025 3676 5081 enim
3716 5027 3880 5082 cassis

2296 5132 2402 5186 qua
2452 5115 2703 5170 diabolici
2755 5116 2900 5171 ensis
2929 5117 3179 5187 impulsio
3217 5121 3493 5187 quatitur;
3535 5126 3622 5172 est
3643 5118 3880 5187 clypeos,

2297 5215 2388 5282 qui
2418 5214 2486 5267 ad
2514 5212 2871 5267 resistendum
2904 5213 3044 5267 illius
3073 5214 3370 5270 missilibus
3397 5213 3522 5268 telis
3550 5214 3874 5283 opponitur;

2296 5311 2380 5355 est
2427 5303 2638 5367 thorax,
2671 5318 2778 5372 quo
2807 5304 2953 5359 illius
2991 5305 3319 5372 spiculorum
3367 5306 3481 5359 sive
3517 5306 3753 5374 pilorum
3781 5302 3879 5357 illi-

2296 5395 2377 5450 sio
2415 5388 2581 5464 ignita
2626 5394 2938 5450 frustratur.
2977 5396 3090 5449 Iloc
3118 5404 3202 5450 est
3249 5396 3548 5461 munimen,
3599 5412 3709 5465 quo
3739 5395 3875 5449 illius

2295 5489 2545 5546 flexuosa:
2574 5489 2779 5546 fraudis
2805 5489 3106 5545 maeandros
3141 5499 3195 5545 et
3223 5490 3416 5546 callida
3446 5489 3878 5544 machinamenta

2297 5577 2650 5642 devincimus.
2689 5594 2756 5634 ne
2789 5579 3005 5634 vincere
3034 5577 3212 5634 valeat
3262 5585 3520 5643 tentatos,
3552 5591 3693 5646 quos
3719 5566 3877 5648 primi
