4026 6156
136 353 262 408 1097

929 348 1108 408 LIBRI
1141 339 1485 409 canorum.
1509 322 1596 388 ’-
1632 346 1852 406 eam.
1891 348 1982 406 DE
2016 346 2206 407 me.
2239 323 2312 391 έ-
2339 348 2473 405 us.
2511 347 2576 405 ιι.

3228 351 3368 410 1098

133 439 360 524 hominis
387 464 555 519 tenuit
576 462 827 520 suasione
850 467 1111 535 captivos.
1147 465 1250 519 Per
1271 465 1446 520 crucis
1465 463 1688 533 lignum,
1717 465 1773 526 Α
1793 463 2030 532 ganimes
2084 477 2531 534 permaneamus:
2565 461 2705 516 unde
2751 461 3086 530 longanimes
3114 462 3372 520 dicuntur

132 573 234 612 non
277 570 373 624 per
408 555 686 624 imagines,
733 555 942 624 antiqui
1000 555 1143 609 illius
1203 555 1422 609 sceleris
1487 552 1696 608 facinus

130 647 361 710 diluitur,
394 646 534 715 quod
562 645 618 699 in
645 645 980 715 protoplasto
1004 660 1100 714 per
1125 644 1254 715 ligni
1280 660 1432 700 esum
1483 651 1699 699 contra-

131 746 270 794 ctum
311 745 414 792 est.
453 739 513 792 In
543 736 722 792 crucis
757 737 934 801 hamo,
965 751 1073 790 non
1101 735 1157 789 in
1203 737 1432 806 quadam
1459 737 1695 805 pictura,

129 829 412 884 criminum
443 835 636 882 auctor
689 835 876 897 captus
931 833 1032 891 est,
1086 841 1214 880 cum
1246 826 1468 890 ratione
1519 827 1699 895 potius

129 934 288 990 quam
315 918 699 982 dominatione,
729 924 784 972 et
823 915 1034 986 justitia
1061 916 1242 985 potius
1266 932 1428 986 quam
1454 917 1699 987 potentia

126 1010 474 1076 constrictus,
505 1012 737 1080 praedam
765 1007 1075 1076 compulsus
1099 1016 1183 1062 est
1216 1022 1485 1074 evomere,
1536 1023 1701 1078 quam

127 1102 445 1171 absorptam
499 1100 612 1170 jam
685 1101 887 1156 dudum
941 1103 1264 1156 noscebatur
1339 1108 1542 1155 tenere.
1583 1099 1702 1154 Non

125 1207 258 1264 ergo
282 1209 382 1263 per
407 1192 708 1248 materiales
735 1194 805 1248 ab
834 1193 1118 1262 opiﬁcibus
1146 1193 1390 1249 conditas
1417 1192 1696 1262 imagines,

123 1285 218 1339 sed
244 1300 346 1353 per
369 1285 546 1340 crucis
609 1285 947 1355 mysterium,
1011 1301 1134 1354 qua:
1159 1301 1191 1340 a
1230 1283 1430 1339 Judreis
1480 1291 1704 1352 putatur

127 1377 460 1442 scandalum,
489 1393 520 1432 a
560 1379 812 1448 gentibus
859 1379 1105 1444 stultitia,
1162 1379 1392 1448 superba
1440 1377 1626 1433 saeculi
1650 1384 1706 1432 et

125 1470 308 1526 inﬂata
336 1470 603 1540 sapientia
631 1471 857 1526 corruit.
897 1470 1010 1526 Nec
1059 1486 1156 1541 per
1201 1471 1468 1540 picturam
1518 1484 1707 1539 quam-

128 1563 270 1628 dam,
305 1564 399 1618 sed
422 1579 522 1633 per
570 1579 788 1620 crucem
837 1566 1031 1635 patuit,
1063 1565 1207 1635 quod
1251 1566 1474 1620 stultum
1501 1565 1597 1618 Dei
1626 1572 1708 1619 est

127 1663 332 1724 quanto
357 1656 430 1709 sit
468 1656 776 1710 hominibus
827 1657 1143 1725 sapientius,
1183 1664 1238 1709 et
1263 1655 1408 1724 quod
1435 1654 1707 1707 inﬁrmum

124 1743 220 1800 Dei
251 1755 358 1809 est,
393 1752 595 1813 quanto
622 1745 695 1799 sit
720 1744 916 1800 fortius
943 1745 1272 1800 hominibus.
1310 1745 1705 1814 lnterrogemus

1799 554 1890 622 qui
1935 555 2185 609 tolerant.
2227 553 2500 610 Profundo
2549 563 2748 619 autem,
2794 555 2898 610 hoc
2947 561 3032 609 est
3055 597 3068 623 ,
3099 566 3254 624 parte
3282 559 3370 612 illa

1798 641 1931 709 ligni
1975 659 2096 712 quae
2135 645 2191 698 in
2240 653 2400 700 terrm
2460 645 2644 700 abdito
2689 643 2846 700 alllxa
2896 645 3045 713 latet,
3099 647 3196 703 sed
3249 649 3374 703 inde

1798 732 2075 802 consurgit
2099 747 2257 787 omne
2282 734 2426 802 quod
2469 734 2687 800 eminet,
2727 733 3096 790 inscrutabilia
3133 735 3375 792 indican-

1800 828 1890 876 tur
1929 821 2133 890 judicia
2160 823 2276 890 Dei,
2325 825 2390 878 de
2427 825 2624 894 quibus
2675 827 2886 881 occulta
2935 825 3052 896 ejus
3097 828 3375 883 voluntate

1799 919 2026 964 vocatur
2053 910 2216 965 homo
2239 911 2307 964 ad
2329 912 2794 981 participationem
2816 923 2981 968 tanta:
3004 915 3210 985 gratiae,
3240 917 3378 970 alius

1802 1001 1902 1066 sic,
1930 1000 2068 1055 alius
2097 1009 2279 1056 autem
2307 1002 2412 1056 sic.
2460 1003 2566 1058 Sed
2589 1005 2722 1072 quid
2747 1012 2957 1059 tantum
2982 1005 3042 1059 in
3068 1007 3381 1074 apostolicis

1804 1092 2143 1148 sermonibus
2169 1081 2554 1148 immoramur?
2591 1093 2734 1160 Quid
2763 1102 2970 1150 tantum
2997 1111 3094 1164 per
3120 1095 3238 1163 ejus
3256 1112 3382 1152 sen-

1803 1197 1898 1239 sus
1944 1181 2236 1237 latissimos
2289 1197 2510 1252 campos
2566 1184 2902 1252 evagamur?
2967 1185 3278 1242 Veniamus.
3315 1186 3384 1242 ad

1804 1274 2110 1340 Dominum,
2153 1275 2436 1330 sedeamus
2463 1290 2587 1330 cum
2616 1274 2782 1329 Maria
2825 1277 2892 1331 ad
2919 1276 3083 1345 pedes
3125 1276 3257 1345 ejus,
3289 1293 3386 1333 au-

1808 1364 2015 1420 diamus
2042 1366 2267 1421 verbum
2291 1381 2357 1422 ex
2383 1381 2478 1421 ore
2507 1366 2641 1435 ejus,
2664 1367 2949 1423 audiamus
2971 1383 3095 1424 eum
3109 1369 3166 1424 in
3182 1370 3382 1440 seipso,

1808 1470 1968 1526 quem
2025 1458 2286 1512 hactenus
2315 1457 2371 1512 in
2398 1458 2656 1528 Apostolo
2692 1458 3006 1528 loquentem
3058 1460 3383 1516 audivimus.

1805 1545 2124 1602 Audivimus
2172 1561 2304 1618 ergo
2329 1549 2457 1617 quid
2480 1550 2546 1604 de
2571 1563 2732 1603 cruce
2783 1549 2979 1604 dixerit
3035 1551 3223 1607 doctor
3250 1566 3384 1622 gen-

1807 1638 1963 1704 tium,
1995 1637 2275 1693 audiamus
2299 1640 2428 1708 quid
2468 1637 2614 1693 dicat
2641 1639 2864 1694 Creator
2902 1641 3139 1710 gentium
3167 1658 3183 1709 ;
3234 1643 3388 1698 audi-

1806 1729 1998 1805 vimus
2032 1729 2310 1800 egregium
2364 1729 2793 1798 praedicatorem,
2870 1731 3151 1786 audiamus
3203 1747 3388 1789 rerum

121 1834 300 1906 igitur
340 1809 616 1891 doctorem
681 1836 942 1906 gentium,
994 1837 1385 1906 interrogemus
1431 1837 1706 1906 egregium

1819 1819 2053 1876 omnium
2101 1821 2480 1877 Conditorem:
2520 1820 2581 1876 Si
2625 1823 2760 1892 quis,
2793 1822 2985 1891 inquit,
3030 1822 3136 1877 vult
3162 1833 3277 1895 post
3306 1841 3389 1879 me

121 1923 552 1994 praedicatorem
595 1942 609 1978 :
652 1925 800 1980 dicat
854 1926 1008 1981 nobis
1054 1934 1237 1980 utrum
1283 1927 1340 1982 in
1386 1926 1711 1996 imaginibus

123 2030 199 2069 an
249 2015 309 2069 in
338 2031 500 2070 cruce
551 2014 754 2070 Christi
805 2015 1079 2086 glorietur.
1145 2016 1299 2082 Mihi,
1337 2017 1532 2086 inquit,
1580 2018 1713 2072 absit

123 2107 356 2179 gloriari
395 2109 495 2162 nisi
523 2109 579 2161 in
607 2125 759 2164 cruce
786 2108 1001 2162 Domini
1026 2109 1189 2162 nostri
1219 2109 1348 2163 Jesu
1377 2107 1594 2174 Christi,
1623 2125 1716 2178 per

123 2215 282 2268 quem
321 2199 450 2251 mihi
477 2199 704 2252 mundus
736 2199 1025 2267 cruciﬁxus
1048 2208 1124 2252 est
1147 2209 1197 2253 et
1231 2215 1322 2268 ego
1349 2196 1711 2270 mundo.(Cal.

125 2291 226 2360 vi).
271 2291 426 2345 Dicat
467 2291 631 2345 etiam
677 2298 860 2345 utrum
903 2299 965 2345 ut
1003 2291 1113 2346 Deo
1140 2293 1360 2356 viveret,
1394 2293 1715 2362 imaginibus

124 2399 196 2437 an
226 2384 380 2437 cruci
410 2383 653 2438 conﬁxus
699 2384 789 2440 sit.
834 2383 971 2454 Ego,
1004 2384 1198 2454 inquit,
1250 2402 1343 2455 per
1393 2385 1559 2455 legem
1613 2385 1714 2456 legi

125 2485 376 2529 mortuus
405 2491 539 2540 sum,
597 2473 788 2528 utDeo
847 2476 1030 2542 vivam,
1081 2475 1285 2530 Christo
1333 2477 1574 2546 conﬁxus
1598 2493 1716 2531 sum

125 2565 328 2617 cruci:
367 2564 477 2616 vivo
528 2573 703 2617 autem
742 2563 861 2633 jam
920 2582 1024 2618 non
1060 2583 1172 2635 ego,
1216 2567 1333 2620 vivit
1379 2584 1496 2621 vero
1543 2569 1600 2620 in
1634 2584 1718 2622 me

125 2657 375 2713 Christus
405 2655 548 2728 (Gal.
581 2658 666 2728 ιι).
720 2657 877 2711 Dicat
904 2659 1067 2712 etiam
1111 2669 1292 2713 utrum
1316 2662 1372 2714 in
1412 2661 1715 2730 intelligen-

126 2749 214 2804 dis
241 2749 492 2803 colorum
541 2746 699 2811 fucis,
728 2757 783 2802 et
822 2747 1116 2816 imaginum
1163 2748 1370 2815 formis,
1424 2757 1517 2803 aut
1546 2757 1718 2802 mate-

122 2841 349 2895 riarum
393 2839 765 2907 qualitatibus,
819 2855 887 2892 an
943 2840 1011 2893 ad
1048 2839 1452 2910 intelligendum
1508 2855 1626 2909 qua:
1651 2839 1722 2894 sit

121 2930 377 2985 latitudo
420 2930 596 2984 crucis
639 2938 695 2983 et
723 2929 1018 2998 longitudo,
1050 2931 1376 2997 sublimitas,
1420 2940 1475 2985 et
1501 2930 1722 3000 profun-

120 3023 286 3090 dum,
323 3023 654 3078 illuminatos
702 3024 880 3079 cordis
923 3024 1108 3079 oculos
1156 3025 1372 3080 habere.
1407 3026 1714 3080 debeamus.

124 3109 196 3170 Ut
221 3116 466 3187 possitis,
502 3116 694 3185 inquit,
723 3115 1150 3186 comprehendere
1171 3132 1290 3168 cum
1338 3117 1576 3170 omnibus
1596 3133 1720 3170 san—
1749 3147 1795 3208 Ο

123 3205 220 3258 ctis
241 3222 370 3276 qua
395 3207 463 3259 sit
487 3204 731 3270 latitudo,
747 3215 795 3258 et
818 3205 1108 3275 longitudo,
1131 3214 1179 3258 et
1200 3204 1511 3270 sublimitas,
1531 3216 1579 3260 et
1601 3223 1722 3277 pro-

124 3293 360 3363 fundum
380 3295 593 3367 (Ephes.
608 3294 717 3366 ιιι).
735 3294 1138 3364 lnexponendis
1151 3297 1318 3363 igitur
1336 3296 1422 3350 his
1437 3297 1572 3350 tanti
1584 3311 1723 3366 pra:-

125 3383 399 3441 dicatoris
410 3385 587 3440 verbis
621 3401 722 3441 nec
744 3396 958 3441 nostros
982 3401 1176 3442 sensus
1199 3396 1401 3441 temere
1425 3394 1718 3451 ostentare,

126 3489 229 3531 nec
267 3477 487 3530 alienos
515 3475 687 3530 furari
714 3477 989 3543 debemus,
1019 3478 1113 3533 sed
1167 3480 1267 3534 hos
1319 3495 1456 3549 quos
1487 3495 1519 3534 a
1563 3480 1722 3536 beato

120 3565 444 3637 Augustino
475 3568 532 3620 in
571 3567 726 3622 libris
752 3569 816 3622 de
862 3569 1118 3623 Doctrina
1165 3570 1471 3625 Christiana
1516 3571 1722 3641 positos

120 3656 469 3725 reperimus,
519 3671 619 3709 nos
648 3671 859 3724 quoque
893 3672 1176 3726 ponamus.
1216 3659 1466 3714 Latitudo
1491 3675 1620 3730 ergo
1638 3668 1724 3714 est

120 3752 524 3799 transversum
554 3743 761 3814 lignum
809 3762 913 3815 quo
934 3749 1293 3802 extenduntur
1338 3766 1568 3817 manus;
1603 3752 1723 3805 alti-

121 3836 284 3899 tudo,
341 3849 467 3904 quze
523 3850 554 3888 a
605 3844 913 3889 transverso
967 3836 1113 3906 ligno
1167 3837 1426 3906 incipiens
1477 3841 1724 3908 superius

121 3926 370 3988 eminet,
424 3925 518 3979 ubi
555 3924 657 3979 fuit
704 3932 901 3993 caput;
943 3926 1220 3996 longitudo
1263 3942 1392 3983 vero
1421 3939 1504 3983 est
1540 3945 1657 3998 quae
1694 3947 1724 3985 a

125 4023 462 4070 transverso
524 4014 672 4084 ligno
725 4015 988 4084 incipiens
1025 4032 1197 4085 usque
1223 4018 1291 4072 ad
1338 4029 1537 4073 terram
1591 4021 1728 4075 desi-

127 4106 242 4172 nit;
287 4103 632 4175 profundum
656 4119 805 4170 vero,
861 4107 1001 4175 quod
1053 4114 1209 4161 terra:
1234 4107 1458 4162 inﬁxum
1503 4109 1728 4164 abscon-

128 4197 297 4264 ditur,
359 4213 430 4251 ex
461 4212 572 4266 quo
601 4195 750 4266 ligno
799 4198 975 4253 crucis
1026 4197 1204 4254 omnis
1256 4200 1367 4253 vita
1418 4209 1728 4256 sanctorum

127 4289 488 4353 describitur,
522 4289 616 4358 qui
664 4288 911 4345 tollentes
956 4304 1172 4345 crucem
1223 4306 1375 4346 suam
1410 4301 1464 4346 et
1505 4294 1729 4348 mortiﬁ-

127 4361 324 4436 canies
356 4381 604 4435 membra
642 4396 740 4435 sua
777 4396 896 4450 quae
941 4391 1070 4437 sunt
1097 4398 1257 4452 super
1303 4393 1523 4453 terram,
1575 4386 1730 4442 Chri-

103 4478 283 4526 ~stum
347 4481 690 4538 sequuntur:
731 4488 960 4542 quorum
1018 4481 1220 4543 quanto
1266 4477 1504 4532 exterior
1556 4479 1727 4533 bomo’
1751 4489 1804 4550 ι)

125 4562 537 4630 corrumpitur,
596 4569 744 4616 tanto
803 4564 1028 4618 interior
1094 4575 1384 4620 renovatur
1419 4568 1484 4622 de
1555 4569 1642 4622 die
1667 4571 1724 4624 in

127 4652 296 4718 diem,
330 4659 390 4705 et
418 4664 516 4719 spe
551 4657 765 4705 (eterna:
803 4653 1008 4721 requiei
1060 4654 1352 4722 gaudentes
1388 4671 1511 4710 cum
1541 4655 1727 4710 hilari-

129 4751 238 4798 tate
266 4744 437 4798 bonis
485 4743 740 4811 operibus
790 4744 1068 4799 insistunt.
1110 4745 1259 4801 Hanc
1290 4746 1622 4802 hilaritatem
1654 4749 1728 4804 si-

127 4837 357 4905 gnificat
388 4835 570 4890 crucis
582 4835 808 4890 latitudo
836 4837 891 4892 in
918 4846 1224 4895 transverso
1249 4841 1414 4911 ligno,
1442 4843 1534 4897 ubi
1559 4842 1725 4913 ﬁgun-

127 4935 218 4980 tur
244 4942 473 4992 manus,
523 4943 620 4996 per
668 4944 861 4983 manus
889 4931 1034 4985 enim
1070 4947 1204 5001 opus
1232 4933 1589 5002 intelligitur;
1629 4951 1727 5005 per

125 5013 506 5083 latitudinem,
540 5019 788 5074 hilaritas
835 5023 1128 5090 operantis,
1181 5025 1308 5093 quia
1343 5025 1565 5080 tristitia
1593 5026 1727 5082 facit

127 5108 464 5179 angustias;
499 5125 659 5178 porro
699 5129 800 5184 per
836 5114 1175 5170 altitudinem
1212 5118 1406 5183 crucis,
1439 5120 1527 5174 cui
1567 5129 1728 5189 caput

128 5197 295 5267 adius
311 5198 478 5268 gitur,
509 5205 835 5270 exspectatio
880 5207 1220 5277 sempiterna:
1258 5210 1628 5266 retributionis
1661 5213 1728 5267 de

127 5291 370 5349 sublimi
434 5288 640 5357 iustitia
701 5296 796 5355 Dei
827 5297 1176 5366 signiﬁcatur,
1227 5308 1288 5353 ut
1307 5307 1362 5353 et
1421 5301 1539 5371 ipsa
1565 5316 1724 5371 opera

126 5382 284 5438 bona
312 5394 433 5433 non
477 5390 694 5450 propter
726 5385 983 5442 beneﬁcia
1025 5390 1121 5443 Dei
1160 5399 1373 5444 terrena
1425 5407 1490 5445 ac
1518 5401 1725 5463 tempo-

126 5473 276 5528 ralia
331 5469 584 5526 facienda
635 5475 938 5544 credantur,
984 5479 1077 5534 sed
1101 5480 1279 5549 potius
1338 5489 1558 5550 propter
1598 5481 1729 5535 illud

129 5561 283 5633 quod
314 5561 558 5632 desuper
578 5574 759 5634 sperat
786 5565 916 5623 ﬁdes
949 5584 1069 5639 quae
1099 5585 1196 5639 per
1235 5569 1577 5625 dilectionem
1602 5586 1730 5640 ope-

128 5665 310 5712 ratur.
355 5651 485 5709 Jam
512 5671 639 5713 vero
682 5673 780 5728 per
826 5660 1234 5734 longitudinem,
1279 5679 1386 5734 qua
1422 5671 1592 5720 totum
1615 5679 1730 5720 cor-

131 5762 235 5818 pus
258 5751 605 5816 extenditur,
656 5751 770 5821 ipsa
810 5755 1093 5811 tolerantia
1147 5756 1498 5829 signiﬁcatur,
1525 5765 1588 5816 ut
1610 5757 1729 5816 lon-

469 5841 744 5905 PATBOL.
791 5845 1076 5911 XCVIII.

1811 1911 2007 1976 venire,
2039 1910 2250 1981 abneget
2285 1913 2632 1981 semetipsum,
2662 1921 2712 1965 et
2747 1911 2898 1966 tollat
2936 1929 3142 1968 crucem
3170 1931 3322 1969 suam
3341 1925 3392 1970 et

1813 2010 2064 2071 sequatur
2085 2018 2166 2056 me
2193 2001 2408 2070 (Matth.
2438 2018 2559 2069 xvr;
2587 2003 2717 2057 Luc.
2752 2003 2852 2076 ιι).
2891 2005 2935 2061 0
2962 2007 3160 2061 mirum
3188 2022 3392 2076 praece-

1813 2099 1990 2161 ptum,
2043 2107 2077 2147 o
2103 2093 2382 2148 salutifera
2431 2096 2756 2162 exhortatio,
2807 2113 2840 2152 ο
2868 2097 3028 2152 vitale
3056 2099 3390 2155 tonitruum!

1817 2182 2022 2247 dixisti,
2077 2199 2112 2238 o
2135 2181 2259 2239 fons
2283 2183 2438 2249 lucis,
2488 2185 2690 2250 dixisti,
2745 2201 2778 2242 ο
2806 2186 2958 2257 origo
2999 2188 3276 2254 bonitatis,
3326 2205 3394 2245 eo

1818 2274 1962 2343 quod
1989 2274 2320 2343 deponentes
2367 2284 2604 2331 veterem
2656 2278 2929 2333 hominem
2969 2293 3091 2334 cum
3139 2281 3394 2351 operibus

1817 2362 1954 2433 ejus,
2010 2367 2338 2437 denegemus
2391 2369 2766 2438 nosmetipsos,
2825 2369 3182 2440 tollamusque
3228 2389 3395 2429 unus-

1818 2457 2047 2526 quisque
2105 2473 2321 2513 crucem
2380 2473 2555 2525 suam,
2612 2467 2666 2514 et
2735 2463 2936 2516 mundo
2995 2463 3393 2534 cruciﬁgamur,

1818 2547 2158 2618 mundusque
2194 2550 2352 2604 nobis
2398 2550 2763 2622 cruciﬁgatur,
2796 2559 2856 2606 ut
2881 2567 2978 2621 per
3010 2553 3255 2609 carnales
3271 2571 3398 2610 cru-

1820 2637 1994 2692 ciatus
2041 2647 2096 2692 et
2119 2654 2218 2708 per
2252 2640 2722 2696 mortiﬁcationem
2769 2644 3139 2698 membrorum
3181 2654 3400 2701 nostro-

1820 2743 1943 2781 rum
1968 2743 2089 2797 quae
2116 2739 2240 2784 sunt
2270 2746 2433 2800 super
2464 2740 2684 2797 terram,
2715 2733 2959 2787 vivamus
2990 2734 3087 2788 tibi
3116 2735 3200 2787 vel
3219 2737 3401 2804 potius

1821 2825 1880 2872 tu
1907 2819 2056 2873 vivas
2095 2819 2150 2874 in
2180 2821 2368 2876 nobis:
2408 2829 2463 2876 et
2492 2829 2641 2876 tanto
2670 2822 2987 2891 mysterium
3041 2825 3219 2878 crucis
3246 2835 3401 2882 extu—

1821 2904 1952 2972 listi,
2002 2917 2062 2962 ut
2088 2915 2143 2962 et
2177 2916 2235 2962 tu
2263 2924 2362 2978 per
2405 2924 2524 2965 eam
2572 2910 2904 2979 principatus
2941 2918 2996 2962 et
3022 2919 3320 2978 potestates
3345 2925 3402 2971 et

1821 3011 2039 3052 omnem
2091 2996 2420 3054 inﬂationem
2471 3000 2657 3054 mundi
2703 3016 3012 3070 evacuares,
3059 3011 3115 3060 et
3139 3005 3197 3058 in
3224 3007 3402 3063 crucis

1823 3087 2064 3153 nomine,
2124 3104 2243 3158 quae
2307 3090 2546 3159 quotidie
2591 3099 2643 3146 te
2679 3095 2944 3150 secuturis
3001 3099 3267 3168 portanda
3295 3108 3400 3169 est,

1825 3179 2075 3234 ardorem
2128 3187 2231 3234 tuae
2282 3181 2588 3237 dilectionis
2641 3183 2727 3237 vel
2773 3194 3094 3243 caeterarum
3142 3190 3404 3246 virtutum

1823 3271 2190 3326 emolumenta
2220 3273 2551 3344 designares.
2594 3275 2691 3330 Dic
2719 3276 2883 3331 etiam
2934 3281 3078 3350 quod
3102 3283 3169 3337 de
3213 3283 3405 3352 imagi-

1823 3361 1986 3416 nibus
2010 3369 2358 3430 prazceptum,
2398 3380 2532 3432 quas
2560 3366 2780 3434 quidam
2807 3379 3031 3424 sacrata),
3065 3373 3213 3425 cruci
3237 3373 3405 3442 aequi-

1823 3463 2020 3518 parare
2065 3450 2330 3516 nituntur,
2366 3454 2684 3509 constituas.
2727 3456 2964 3523 Reddite,
3002 3461 3242 3530 inquam,
3287 3479 3406 3533 quae

1825 3550 1948 3595 sunt
1973 3538 2198 3595 Caesaris
2222 3540 2437 3610 Cwsari,
2491 3553 2538 3598 et
2567 3562 2682 3615 qua:
2723 3546 2819 3601 Dei
2848 3548 2958 3603 Deo
2988 3550 3201 3622 (Matth.
3254 3571 3404 3622 xxu;

1825 3632 1957 3686 Luc.
2016 3633 2138 3706 ιιι).
2199 3633 2257 3688 Si
2294 3650 2422 3706 ergo
2483 3652 2700 3692 crucem
2751 3639 2937 3695 tollere
2974 3650 3029 3697 et
3058 3651 3132 3711 te,
3192 3645 3282 3715 qui
3312 3662 3410 3716 per

1827 3740 2044 3780 crucem
2107 3726 2442 3796 triumphans
2509 3737 2723 3785 terrena
2790 3733 3103 3790 cmlestibus
3167 3738 3408 3806 sociasti,

1825 3822 2000 3891 sequi,
2038 3831 2093 3877 et
2124 3823 2415 3894 imaginem
2463 3825 2690 3880 Cazsaris
2742 3824 2945 3880 Caesari
3001 3831 3226 3884 reddere
3251 3831 3411 3887 debe-

1826 3927 1969 3979 mus,
2003 3928 2111 3968 non
2163 3922 2288 3968 sunt
2333 3913 2592 3982 imagines
2648 3913 2797 3967 cruci
2842 3916 3259 3983 aaquiparandae,
3299 3936 3410 3974 non

1829 4003 2133 4070 adorandae,
2173 4019 2280 4057 non
2309 4003 2563 4066 colendae,
2594 4003 2688 4055 sed
2713 4001 2839 4054 huic
2865 4005 3066 4057 mundo
3104 4020 3225 4058 cum
3248 4013 3409 4077 caete-

1827 4093 1906 4148 ris
1962 4110 2082 4164 quae
2120 4095 2304 4150 mundi
2343 4102 2470 4148 sunt
2520 4092 2904 4161 relinquendae,
2946 4101 3002 4147 et
3030 4101 3086 4146 tu
3135 4095 3282 4150 solus
3311 4098 3408 4151 ad-

1828 4187 2084 4252 orandus,
2129 4196 2183 4242 tu
2222 4187 2370 4242 solus
2410 4185 2732 4255 sequendus,
2766 4193 2826 4239 tu
2854 4185 3002 4240 solus
3042 4186 3296 4243 colendus
3325 4204 3406 4257 es,

1830 4277 1922 4346 qui
1970 4278 2026 4331 in
2079 4279 2283 4332 unitate
2347 4277 2662 4332 substantiae
2718 4291 2841 4332 cum
2906 4275 3067 4334 Patre
3101 4285 3152 4334 et
3201 4276 3409 4350 Spiritu

1829 4376 2018 4426 sancto
2046 4370 2309 4442 perpetim
2337 4384 2551 4440 regnas.

2388 4501 2616 4559 CAPUT
2650 4502 2843 4559 XXIX.

1832 4593 1984 4674 Quod
2005 4595 2434 4674 praesumptiveet
2462 4596 2668 4674 indocte
2689 4612 2778 4674 eas
2807 4595 3060 4653 Tarasius
3085 4615 3203 4674 eum
3223 4617 3410 4674 sequa-

1881 4665 2024 4718 cibus
2054 4666 2162 4719 suis
2187 4668 2407 4720 sacratis
2445 4667 2581 4718 vasis
2613 4670 2938 4737 wquiparare
2964 4685 3068 4723 non
3091 4665 3357 4740 formidét.

1896 4755 2076 4810 Facile
2125 4757 2354 4826 quisque
2394 4755 2610 4810 falletur
2637 4755 2696 4810 in
2749 4759 2988 4814 minimis
3030 4761 3123 4828 qui
3152 4760 3408 4819 facillime

1827 4844 2032 4901 fallitur
2078 4848 2134 4901 in
2185 4847 2412 4917 magnis,
2479 4863 2580 4902 nec
2646 4848 2952 4904 mirandum
3005 4849 3052 4902 si
3077 4851 3319 4903 brevium
3352 4858 3410 4906 et

1826 4953 1964 5008 pene
2018 4939 2364 4995 invisibilium
2422 4941 2624 4995 erroris
2672 4939 2975 5008 jaculorum
3023 4939 3408 4994 inevitabiliter

1825 5027 2064 5096 perferat
2088 5030 2226 5083 ictus
2255 5030 2348 5098 qui
2385 5030 2591 5084 evitare
2611 5029 2799 5097 nequit
2824 5029 3086 5082 immanes
3111 5032 3168 5078 et
3197 5025 3266 5081 ad
3291 5027 3406 5082 evi-

1828 5118 2050 5172 tandum
2092 5118 2280 5174 faciles
2319 5119 2551 5187 pilorum
2601 5117 2881 5186 impulsus.
2919 5112 3059 5178 Quid
3088 5114 3272 5186 itaque
3305 5119 3408 5173 mi-

1828 5211 2057 5264 randum
2082 5220 2165 5266 est
2206 5211 2252 5264 si
2298 5214 2467 5268 sacris
2495 5211 2638 5266 vasis
2669 5208 2920 5263 Tarasius
2941 5214 3013 5270 et,
3060 5208 3146 5260 cui
3167 5211 3400 5276 praefuit,

1831 5301 2083 5371 synodus,
2142 5303 2403 5373 imagines
2458 5302 2789 5371 aequiparare
2841 5298 3064 5362 nitatur,
3101 5313 3226 5350 cum
3264 5314 3405 5352 arcae

1828 5393 2137 5447 testamenti
2209 5394 2421 5449 Domini
2450 5400 2504 5446 et
2548 5390 2798 5445 omnibus
2835 5402 2955 5456 quae
3003 5387 3059 5442 in
3096 5403 3160 5441 ea
3186 5394 3242 5440 et
3284 5402 3406 5455 qua:

1830 5482 1975 5538 circa
2004 5498 2124 5538 eam
2153 5482 2319 5539 fuisse
2340 5489 2650 5542 noscuntur,
2685 5479 2799 5533 sive
2829 5479 3088 5547 mysterio
3112 5477 3407 5534 Dominica:

1829 5576 2026 5639 crucis,
2067 5591 2278 5630 necnon
2305 5571 2547 5640 corporis
2572 5577 2626 5623 et
2680 5568 2960 5638 sanguinis
3001 5567 3264 5624 Dominici
3293 5569 3407 5624 evi-

1829 5665 2144 5722 dentissimo
2172 5674 2228 5719 et
2257 5674 2457 5719 nostrae
2491 5660 2682 5717 salutis
2714 5661 2995 5732 aptissimo
3043 5671 3404 5730 sacramento,

1827 5773 1922 5817 eas
1964 5753 2295 5824 mquiparare
2354 5761 2597 5810 conetur.
2665 5753 2830 5827 Cujus
2894 5754 3144 5812 videlicet
3189 5753 3246 5809 in
3309 5769 3404 5811 co-

2894 5851 2970 5911 35
