4026 6156
599 286 734 345 1099

1460 273 1521 327 Β.
1561 273 1815 330 CAROLI
1853 271 2069 330 MAGNI
2105 269 2257 329 OPP.
2297 270 2476 328 PARS
2509 271 2576 328 Il.
2617 271 2860 329 SECTIO
2895 269 2961 328 II.

3711 271 3829 330 "00

595 393 871 469 :equandis
905 391 990 446 his
1027 389 1197 446 sacris
1237 386 1381 442 vasis
1408 391 1562 439 error
1589 400 1711 439 cum
1737 399 1930 454 magno
1965 389 2177 452 poterat
2200 386 2253 446 Α
2277 383 2575 449 destinatae,
2602 391 2656 437 et
2679 385 2778 453 per
2798 383 3072 438 momenta
3112 380 3430 437 saeculorum
3481 382 3550 437 ad
3608 381 3840 436 humana:

596 481 852 541 admirari
893 489 1132 551 stupore,
1186 474 1290 531 nisi
1337 481 1490 528 tanto
1536 475 1923 544 prasveniretur
1967 485 2171 529 errore.

594 576 806 645 Quanta
865 587 995 641 ergo
1057 564 1373 624 excellentia
1430 575 1556 619 vasa
1601 559 1785 620 divino
1829 564 1998 620 cultui
2025 573 2178 618 man-

594 667 771 736 cipata
799 659 1122 732 imaginibus
1146 657 1442 720 emineant,
1472 654 1667 710 divinae
1688 654 1824 726 legis
1850 655 2177 709 instrumen-

595 765 649 810 ta
686 757 1100 810 demonstrant:
1140 761 1264 804 cum
1287 747 1477 816 utique
1513 747 1625 813 illa,
1674 747 2024 817 praecipiente
2068 747 2175 801 Do-

597 848 765 911 mino,
792 857 890 916 per
914 842 1133 913 Moysen
1160 840 1217 894 in
1243 837 1538 895 testimonii
1564 836 1911 893 tabernaculo
1936 837 2171 903 condita,

592 943 646 992 et
682 933 998 990 instituente
1059 937 1244 984 vatum
1297 927 1639 983 sanctissimo
1671 927 1838 982 David
1884 939 1984 997 per
2018 925 2174 981 Sales

591 1039 810 1081 monem
839 1023 898 1079 in
925 1022 1127 1092 templo
1138 1019 1526 1091 Hierosolymis
1556 1019 1771 1074 condita
1793 1026 1953 1088 atque
1975 1018 2171 1084 dicata,

593 1127 649 1171 et
675 1116 981 1189 typlcorum
1025 1123 1283 1169 sensuum
1334 1121 1530 1165 arcana
1575 1111 2015 1181 signiﬁcaverim,
2041 1111 2174 1165 etin

593 1207 680 1264 his
708 1215 830 1276 quas
854 1204 922 1259 ad
947 1202 1043 1258 Dei
1069 1202 1273 1257 cultum
1311 1201 1582 1270 pertinent
1617 1200 1856 1255 diuturni
1888 1199 2176 1253 ministerii

593 1298 829 1355 cilicium
871 1295 1219 1367 gestaverint.
1280 1293 1377 1348 Hae
1411 1301 1591 1349 autem
1621 1292 1767 1348 salva
1802 1292 2009 1347 ratione
2036 1291 2178 1347 Che—

594 1389 796 1455 rubim,
824 1387 941 1442 sive
965 1388 1129 1442 boum
1155 1392 1212 1440 et
1235 1384 1471 1452 leonum,
1499 1384 1591 1455 qui
1616 1399 1722 1438 non
1746 1385 1815 1439 ad
1843 1382 2179 1438 adorandum

593 1484 690 1540 sed
727 1483 797 1538 ad
853 1489 1035 1536 rerum
1096 1478 1400 1533 lhturarum
1467 1475 1914 1548 signiﬁcationem
1974 1474 2177 1530 conditi

594 1583 740 1643 sunt,
771 1591 880 1632 non
901 1574 1073 1631 solum
1104 1589 1135 1628 a
1172 1587 1444 1643 quoquam
1484 1580 1794 1628 sanctorum
1819 1585 1926 1626 non
1949 1568 2180 1624 conditae

592 1668 679 1723 vel
703 1666 984 1729 dedicatas,
1029 1664 1126 1718 sed
1149 1677 1288 1733 pene
1314 1667 1634 1716 cunctorum
1665 1661 1858 1716 divina:
1892 1659 2028 1729 legis
2057 1671 2180 1712 ora-

2279 476 2471 530 s'alutis
2500 473 2864 531 emolumenta
2893 474 3142 529 clementi
3187 473 3521 528 exhibitione
3565 486 3843 536 concessa},

2278 567 2622 637 habeantque
2663 573 2914 621 auctores
2956 574 3171 620 sanctos
3219 579 3284 619 ac
3334 563 3672 619 venerabiles
3720 564 3848 619 viros

2278 659 2540 713 virtutum
2573 656 2908 727 lampadibus
2931 667 2984 712 et
3017 655 3406 711 miraculorum
3441 655 3748 726 insignibus
3772 671 3851 710 co-

2277 758 2592 815 ruscantes,
2623 749 2708 804 vel
2736 756 2886 805 certe
2924 747 3102 818 ipsum
3146 748 3451 813 Dominum,
3480 747 3575 816 qui
3623 747 3852 815 carperis

2277 850 2332 897 et
2354 842 2630 912 sanguinis
2651 843 2735 896 sui
2767 841 3083 912 mysterium
3114 840 3230 895 sive
3259 841 3436 896 crucis
3463 847 3854 894 sacramentum

2278 941 2478 991 nostrte
2500 934 2658 990 saluti
2688 950 2986 1005 congruum
3016 935 3284 989 concessit
3309 947 3324 988 :
3355 934 3474 988 ista!
3502 935 3632 986 vero
3663 937 3721 986 et
3744 945 3854 1002 grn-

2278 1027 2453 1082 tilium
2485 1033 2767 1082 auctOrum
2785 1028 3024 1082 vanitate
3043 1023 3266 1096 Prolata:
3296 1026 3424 1091 sint,
3455 1027 3509 1080 et
3543 1024 3753 1079 nullam
3785 1039 3856 1078 sa-

2277 1119 2406 1174 lutis
2441 1120 2852 1185 exhibitionem,
2879 1119 3081 1183 nullam
3107 1119 3437 1174 sacramenti
3464 1115 3702 1185 alicujus
3728 1123 3859 1170 mor-

2279 1211 2476 1266 talibhs
2505 1211 2918 1282 praerogativam
2965 1210 3256 1276 adducant,
3293 1208 3388 1264 sed
3433 1207 3605 1263 oculis
3635 1213 3860 1262 tantum-

2278 1302 2441 1357 modo
2477 1300 2711 1368 i'aveant,
2745 1317 2844 1374 per
2876 1309 3014 1372 quos
3041 1302 3195 1372 quasi
3232 1310 3332 1372 per
3373 1295 3635 1371 quosdam
3672 1299 3854 1368 legatos

2279 1399 2554 1465 gestarum
2584 1403 2769 1450 rerum
2804 1395 3123 1450 memoriam
3172 1394 3424 1450 cordibus
3472 1394 3743 1447 m'andent.
3783 1387 3855 1446 Eo

2279 1487 2479 1542 etenim
2507 1491 2746 1557 tempore
2764 1501 2870 1558 quo
2892 1487 3103 1559 Moyses
3118 1503 3242 1542 cum
3266 1485 3463 1557 populo
3481 1485 3577 1540 Dei
3606 1485 3664 1538 in
3691 1498 3858 1539 eremo

2279 1579 2623 1645 morabatur,-
2655 1585 2714 1634 et
2757 1579 3105 1649 przecipiente
3151 1578 3382 1633 Domino
3415 1587 3582 1632 sacrae
3609 1575 3741 1645 legis
3775 1574 3859 1629 do-

2283 1670 2514 1723 ctrinam
2541 1675 2596 1724 et
2626 1672 3071 1726 caeremoniarum
3096 1669 3490 1725 sacratissimos
3518 1667 3652 1722 ritus
3671 1664 3860 1737 populo

597 1757 844 1813 culorum
899 1751 1224 1809 testimoniis
1277 1767 1664 1823 usquequaque
1710 1757 1836 1806 sunt
1889 1749 2174 1805 abdicatus.

2285 1765 2553 1830 tradebat,
2578 1772 2632 1820 et
2655 1781 2821 1836 genus
2850 1765 3148 1820 humanum
3178 1765 3247 1820 ad
3280 1750 3443 1821 divini
3478 1762 3657 1818 cultus
3695 1759 3860 1815 erudi-

596 1852 724 1904 Haec
755 1860 969 1918 quoque
1012 1859 1140 1901 vasa
1167 1859 1287 1916 quae
1313 1845 1382 1898 ad
1409 1844 1712 1916 peragenda
1738 1849 1936 1898 nostrae
1970 1840 2181 1895 redem-

594 1937 796 2010 ptionis
821 1935 1080 2009 mysteria
1105 1942 1295 1992 sancta
1316 1936 1478 1990 habet
1504 1935 1766 2000 Ecclesia,
1819 1946 2029 2002 semper
2053 1936 2179 1985 sunt

593 2030 848 2086 ﬁdelibus
913 2029 1241 2094 necessaria,
1300 2041 1619 2098 semperque
1681 2027 1737 2082 in
1808 2025 1989 2079 divino
2032 2023 2178 2078 cultu

592 2121 857 2179 ofﬁciosa.
890 2119 951 2176 In
998 2121 1142 2176 vasis
1192 2120 1361 2192 igitur
1410 2120 1521 2174 Deo
1570 2117 1914 2182 sacriﬁcium,
1963 2131 2069 2170 non
2120 2115 2179 2168 in

593 2212 920 2282 imaginibus
945 2211 1204 2269 oli‘ertur:
1246 2212 1302 2266 in
1348 2211 1492 2266 vasis
1523 2211 1892 2281 thymiamata,
1944 2205 2178 2261 lumina-

591 2307 676 2361 ria
703 2304 789 2361 vel
820 2314 1017 2362 caetera
1056 2305 1252 2360 divinis
1281 2304 1518 2359 cultibus
1555 2309 1698 2372 apta,
1746 2316 1853 2354 non
1896 2299 1951 2353 in
1980 2299 2176 2368 imagi-

590 2398 752 2454 nibus
795 2396 1155 2462 dedicantur;
1199 2396 1256 2450 in
1309 2394 1506 2464 quibus
1554 2400 1734 2447 tamen
1764 2397 1820 2446 et
1841 2390 1888 2446 si
1930 2391 2178 2461 quaedam

589 2489 858 2561 imagines
908 2497 1053 2554 sunt,
1094 2502 1200 2541 non
1257 2485 1379 2540 ideo
1430 2490 1556 2539 sunt
1607 2491 1668 2538 ut
1721 2484 2034 2550 adorentur,
2085 2489 2179 2538 aut

591 2582 749 2653 quasi
776 2581 896 2637 sine
931 2580 1020 2635 his
1059 2593 1336 2636 sacrorum
1371 2577 1758 2633 charismatum
1785 2591 1981 2632 munus
2017 2576 2178 2631 viles-

591 2687 716 2728 cere
745 2679 925 2742 queat,
957 2671 1053 2725 scd
1075 2677 1136 2725 ut
1162 2669 1440 2740 pulchrior
1479 2670 1564 2725 his
1597 2669 1873 2740 impressis
1925 2669 2177 2723 materia-

587 2777 712 2819 rum
757 2759 992 2833 qualitas
1031 2761 1164 2816 ﬁat:
1201 2760 1432 2830 denique
1483 2759 1600 2817 sine
1646 2761 1968 2830 imaginibus
2012 2767 2067 2814 et
2099 2757 2178 2812 la-

589 2857 740 2915 vacri
803 2857 968 2922 unda,
999 2863 1056 2911 et
1097 2855 1238 2912 sacri
1300 2855 1526 2925 liquoris
1593 2855 1776 2911 unetlo
1838 2852 2062 2924 percipi,
2123 2859 2177 2906 et

585 2948 942 3020 thymiamata
1004 2947 1227 3013 adoleri,
1278 2955 1333 3002 et
1406 2947 1765 3002 luminaribus
1821 2946 1937 3000 loca
1987 2953 2175 2998 sancta

582 3039 926 3111 perlustrari,
983 3049 1038 3094 et
1082 3038 1325 3108 corporis
1353 3043 1407 3093 et
1435 3037 1712 3110 sanguinis
1754 3029 2020 3089 Dominici
2046 3047 2174 3088 con-

585 3133 819 3188 secratio
845 3128 989 3186 eitici
1017 3138 1214 3200 potest,
1247 3132 1365 3186 sine
1392 3131 1535 3186 vasis
1564 3143 1692 3184 vero
1715 3139 2008 3196 nunquam.
2036 3125 2173 3178 Nam

585 3233 644 3281 et
668 3232 870 3280 nostra:
898 3223 1093 3279 salutis
1130 3231 1319 3278 auctor
1367 3238 1490 3278 cum
1528 3233 1583 3276 et
1615 3220 1795 3277 Veteri
1828 3217 2176 3273 Testamento

584 3317 880 3392 terminum
919 3324 973 3371 et
997 3315 1146 3372 Novo
1194 3316 1407 3370 initium
1453 3323 1698 3386 poneret,
1728 3328 1836 3368 non
1866 3311 2178 3382 imaginem,

584 3408 683 3465 sed
722 3410 949 3464 calicem
975 3407 1250 3477 accepisse
1285 3406 1619 3477 perhibetur,
1651 3411 1705 3459 et
1733 3419 1831 3473 per
1858 3403 2178 3473 prophetam

564 3502 848 3559 Dominus
891 3517 999 3556 non
1028 3502 1125 3566 ait,
1156 3497 1516 3563 Handamini,
1553 3499 1645 3566 qui
1678 3497 1806 3551 fcrti
1833 3514 1858 3549 s
1890 3498 2174 3566 imagines,

583 3593 702 3655 sed,
753 3591 1092 3643 Mundamini
1149 3591 1241 3657 qui
1291 3589 1437 3657 fertis
1488 3603 1614 3639 vasa
1641 3583 1856 3638 Domini
1886 3581 2021 3656 (Isa.
2051 3583 2173 3655 ιιι).

580 3679 945 3749 Babylonicus
1010 3691 1143 3746 ergo
1213 3691 1309 3730 rex
1371 3689 1480 3729 non
1506 3673 1575 3730 ob
1637 3672 1863 3743 alicujus
1920 3665 2177 3741 injﬂriam

582 3766 838 3838 imaginis
894 3765 1203 3836 corripitur,
1264 3762 1360 3821 sed
1381 3763 1507 3833 quia
1537 3777 1666 3818 vasa
1710 3762 1908 3818 divinis
1937 3763 2176 3818 cultibus

583 3856 849 3924 ofﬁciosa,
879 3870 999 3926 quae
1049 3855 1253 3910 abavus
1303 3855 1370 3910 de
1418 3852 1603 3908 Judaca
1634 3851 1795 3906 allata
1831 3853 1887 3906 in
1933 3851 2175 3907 delubris

581 3965 806 4010 suorum
840 3956 1096 4021 posuerat
1147 3947 1432 4013 idolorum,
1487 3944 1765 4017 religionis
1827 3938 2095 4015 siquidem
2123 3951 2180 3998 et

582 4043 908 4101 reverentiae
957 4056 1121 4098 causa
1150 4082 1167 4109 ,
1239 4041 1384 4096 inter
1439 4036 1863 4094 comessationes
1935 4035 2175 4090 delubris

581 4137 774 4204 eximi,
823 4144 879 4192 et
902 4136 1092 4191 usibus
1120 4134 1371 4189 humanis
1397 4131 1638 4187 exhibita
1682 4128 2020 4200 peregrinari
2049 4142 2179 4182 cen-

582 4230 774 4292 suerit,
820 4236 875 4283 et
902 4243 1149 4302 prmsago
1181 4225 1428 4283 miraculi
1471 4232 1691 4296 stupore
1739 4222 2021 4285 attonitus,
2052 4235 2175 4292 qua:

582 4318 691 4375 sibi
721 4327 949 4372 ventura
978 4329 1165 4376 essent
1195 4320 1422 4382 audivit,
1474 4325 1530 4372 et
1557 4319 1697 4372 inter
1724 4315 1948 4371 hostiles
1975 4329 2178 4370 cuneos

2281 1857 2484 1912 tionem
2526 1855 2873 1923 informabat,
2905 1856 3142 1929 CecrOps
3179 1857 3399 1928 quidam
3442 1871 3535 1910 rex
3581 1853 3866 1908 Athenien-

2282 1949 2422 2003 sium
2465 1947 2779 2006 'dzemonico
2832 1949 3046 2004 illectus
3099 1961 3339 2017 veneno,
3385 1948 3547 2002 rudes
3594 1944 3868 2017 gentilium

2281 2049 2494 2096 mentes
2525 2045 2592 2098 ad
2629 2043 2922 2114 imaginum
2951 2043 3474 2109 simulacrorumque
3507 2048 3561 2094 et
3604 2039 3672 2093 ad
3713 2051 3874 2092 vano-

2280 2149 2405 2188 rum
2432 2135 2654 2189 deorum
2678 2135 2915 2189 culturas
2938 2133 3222 2196 excitavit;
3266 2133 3320 2184 et
3353 2141 3458 2198 quo
3501 2135 3752 2195 tempore
3789 2141 3878 2195 po<

2281 2227 2442 2296 pulus
2468 2226 2562 2280 Dei
2591 2225 2843 2279 mandata
2867 2226 2991 2278 vita:
3019 2223 3275 2292 percepit,
3311 2222 3414 2273 hoc
3458 2219 3546 2270 ille
3582 2219 3885 2273 illiciendis

2283 2317 2563 2371 animabus
2583 2324 2854 2385 perpetuae
2875 2312 3065 2365 mortis
3083 2309 3275 2380 pocula
3307 2317 3362 2362 et
3390 2307 3628 2363 diuturni
3657 2309 3884 2363 erroris

2282 2405 2569 2462 seminaria
2591 2401 2943 2474 praeparavit:
2963 2402 3028 2457 de
3050 2417 3158 2471 quo
3180 2409 3264 2455 est
3286 2399 3418 2453 illud
3445 2397 3684 2452 Sedulii:

2431 2518 2562 2576 Quos
2586 2515 2767 2566 lelhale
2791 2515 2967 2565 malum
2994 2528 3116 2576 quos
3139 2517 3280 2564 vanis
3300 2512 3622 2576 deditacuris

2429 2575 2590 2630 Attica
2611 2579 2856 2640 CecrOpei
2875 2575 3032 2640 serpit
3067 2576 3285 2626 doctrina
3305 2575 3504 2626 veneni.

2281 2680 2433 2739 Unde
2471 2680 2768 2751 imaginum
2794 2693 2944 2745 usus,
2969 2677 3062 2748 qui
3102 2689 3132 2731 a
3164 2676 3447 2747 gentilium
3487 2674 3872 2732 traditionibus

2281 2771 2527 2837 inolevit,
2555 2785 2722 2825 sacrae
2758 2769 2892 2840 legis
2922 2769 3074 2823 libris
3099 2766 3548 2836 aequipararinec
3583 2770 3748 2822 debet
3775 2783 3871 2823 nec

2281 2861 2445 2926 valet,
2471 2860 2598 2931 quia
2624 2859 2678 2914 in
2704 2859 2876 2924 libris,
2903 2873 3011 2912 non
3035 2859 3089 2911 in
3119 2855 3743 2927 imaginibus,doctrina:I
3769 2857 3872 2926 spi-

2281 2952 2458 3006 ritalis
2484 2951 2844 3007 eruditionem
2883 2949 3158 3004 discimus.
3206 2947 3323 3002 Non
3359 2948 3503 3002 enim
3552 2948 3631 3013 ait
3682 2943 3874 3003 Paulus

2280 3041 2558 3109 apostolus
2611 3059 2623 3093 :
2687 3041 3034 3108 Quaecunque
3067 3039 3233 3115 .picta
3285 3047 3448 3106 sunt,
3500 3039 3570 3094 ad
3629 3049 3871 3096 nostram

2283 3131 2585 3187 doctrinam
2622 3129 2768 3198 picta
2807 3137 2952 3195 sunt,
2989 3129 3084 3184 sed
3126 3130 3204 3184 ait
3243 3146 3258 3184 :
3301 3131 3644 3204 ancunque
3685 3135 3871 3203 scripta

2282 3231 2424 3287 sunt,
2449 3222 2519 3276 ad
2545 3229 2776 3275 nostram
2811 3220 3109 3274 doctrinam
3143 3207 3339 3294 scripta
3371 3232 3491 3278 sunt
3539 3221 3729 3294 (Rom.
3764 3223 3869 3294 xv),

2282 3320 2343 3368 ut
2384 3329 2484 3384 per
2522 3312 2842 3383 patientiam
2890 3319 2945 3366 et
2995 3313 3424 3370 consolationem
3464 3313 3874 3384 Scripturarum

2282 3423 2434 3478 spem
2460 3409 2754 3461 habeamus
2780 3407 2848 3461 ad
2875 3405 3065 3460 Deum.
3114 3407 3225 3463 Nec
3271 3409 3366 3475 ait,
3410 3409 3597 3465 Omnis
3645 3410 3873 3478 pictura,

2282 3499 2395 3564 sed,
2427 3497 2610 3552 Omnis
2640 3495 2919 3567 Scriptura
2951 3496 3199 3554 divinitus
3240 3489 3497 3570 inspirata
3531 3497 3675 3552 utilis
3703 3506 3778 3552 est
3807 3493 3880 3550 ad

2283 3587 2596 3652 docendum,
2632 3587 2700 3640 ad
2733 3587 3081 3658 urguendum,
3112 3588 3183 3642 ad
3227 3590 3592 3657 erudiendum,
3623 3597 3682 3643 ut
3710 3589 3875 3660 perfe-

2283 3689 2396 3734 ctus
2425 3681 2493 3733 sit
2525 3679 2677 3733 honto
2714 3679 2812 3733 Dei
2855 3681 2924 3735 ad
2969 3697 3120 3735 omne
3165 3699 3295 3752 opus
3349 3681 3540 3737 bonum
3589 3683 3872 3738 instructas

2283 3769 2371 3844 (11
2404 3770 2538 3825 Tim.
2571 3770 2676 3843 in).
2705 3772 3163 3842 Quinquagesimo
3187 3773 3416 3842 denique
3459 3775 3545 3829 die
3596 3786 3724 3844 post
3755 3773 3870 3842 agni

2283 3862 2709 3917 immolationem
2738 3871 2792 3917 et
2823 3864 2988 3919 maris
3019 3865 3170 3918 rubri
3199 3865 3508 3933 transitum,
3537 3867 3797 3922 Dominus
3820 3866 3869 3918 in

2283 3968 2524 4012 montem
2581 3955 2730 4011 Sinai
2776 3959 3125 4025 descendens,
3157 3959 3351 4030 legem,
3382 3977 3489 4016 non
3528 3963 3752 4032 pictam,
3782 3961 3871 4016 sed

2285 4043 2542 4117 scriptam
2568 4037 2738 4120 Moysi
2763 4049 2927 4116 dedit,
2954 4053 3007 4104 et
3032 4051 3084 4104 in
3118 4053 3314 4106 tabulis
3346 4052 3573 4124 lapideis
3601 4071 3703 4109 non
3731 4053 3867 4106 ima-

2285 4142 2458 4213 gines,
2482 4144 2576 4199 sed
2601 4144 2780 4212 apices
2809 4144 2901 4213 qui
2931 4144 3136 4200 indices
3159 4159 3342 4201 rerum
3369 4147 3484 4204 sive
3509 4149 3654 4219 signa
3683 4137 3869 4201 verbo-

2283 4251 2406 4290 rum
2431 4251 2551 4290 esse
2577 4237 2926 4305 perhibentur
2943 4276 2958 4303 ,
2989 4237 3226 4292 tradidit.
3253 4237 3400 4293 ldem
3427 4255 3638 4310 quoque
3662 4237 3870 4310 Moyses

2284 4329 2548 4399 originem
2577 4328 2761 4382 mundi
2786 4344 2892 4382 non
2913 4330 3201 4400 pingendo,
3217 4333 3311 4386 sed
3332 4332 3618 4387 scribendo
3636 4331 3866 4396 edocuit,

583 4409 714 4466 vita:
737 4409 945 4479 pariter
969 4410 1231 4480 regnique
1259 4408 1534 4477 jacturam
1558 4407 1748 4462 sensit.
1791 4403 1894 4472 Qui
1942 4407 2177 4480 prophe-

2285 4431 2340 4477 et
2368 4423 2546 4476 omnia
2577 4436 2693 4490 quae
2717 4437 2816 4491 per
2841 4423 3088 4491 spiritum
3111 4421 3428 4496 prophetiae,
3446 4427 3559 4481 sive
3574 4428 3634 4482 dc
3650 4434 3868 4494 pl‘iDlt‘.l‘-

584 4509 674 4560 tas
695 4502 818 4566 scit,
850 4516 915 4557 ea
947 4515 1071 4571 quae
1096 4498 1328 4554 dicimus
1352 4497 1654 4566 cognoscit.

1159 4611 1386 4669 CAPUT
1433 4608 1604 4668 XXX.

587 4727 790 4786 Contra
807 4743 901 4783 eoa
920 4729 1012 4800 qui
1037 4727 1238 4794 dicunt,
1263 4727 1414 4784 Sicut
1449 4729 1645 4786 divinae
1668 4729 1963 4799 Scriptura:
1989 4731 2174 4798 libros,

658 4802 735 4857 ita
773 4800 1032 4871 imagines
1059 4800 1129 4856 ob
1161 4801 1484 4871 memoriam
1506 4802 1869 4857 venerationis
1896 4803 2174 4870 habemus,

656 4881 856 4927 nostra:
891 4870 1018 4926 ﬁdei
1052 4870 1342 4942 puritatem
1373 4873 1741 4928 observantes.

659 4987 716 5042 Si
748 4986 837 5042 hic
858 4999 1013 5041 error
1037 5000 1144 5056 quo
1171 4985 1366 5042 divinze
1393 4986 1687 5056 Scriptura:
1719 4984 1871 5039 libris
1916 4982 2179 5054 imagines

587 5079 924 5149 aequiparare
952 5079 1218 5148 nituntur,
1243 5080 1454 5136 caeteris
1480 5093 1672 5134 eorum.
1714 5075 1992 5131 erroribus
2030 5091 2178 5131 com-

584 5178 830 5243 paretur,
851 5187 1160 5244 quanquam
1188 5188 1318 5244 erga
1353 5186 1412 5226 se
1443 5171 1514 5226 sit
1555 5184 1765 5241 magna:
1811 5167 2176 5239 enormitatis,

584 5263 708 5319 aliis
727 5277 856 5321 vero
881 5271 1243 5337 comparatus,
1269 5261 1464 5332 quibus
1487 5276 1580 5317 eas
1607 5267 1660 5315 et
1692 5277 1832 5318 arca:
1860 5261 2092 5329 Domini,
2120 5271 2178 5318 et

585 5355 830 5425 corporis
850 5365 904 5413 et
925 5355 1201 5428 sanguinis
1225 5353 1493 5409 Dominici
1524 5363 1882 5420 sacramento,
1909 5362 1964 5409 et
1998 5353 2176 5410 crucis

583 5447 844 5518 mysterio
869 5450 1206 5521 aequiparare
1229 5448 1334 5506 nisi
1367 5459 1526 5518 sunt,
1555 5449 1732 5504 minor
1775 5449 1962 5518 procul
2013 5449 2176 5504 dubio

583 5536 876 5605 reperitur,
889 5542 1191 5610 praesertim
1212 5557 1336 5598 cum
1359 5557 1462 5598 nec
1478 5541 1604 5608 illis,
1618 5556 1721 5596 nec
1742 5541 1861 5595 istis
1881 5541 1984 5595 rite
2005 5540 2176 5610 aequi-

585 5625 770 5689 parari
793 5635 1001 5693 possint
1031 5649 1188 5690 :cum
1211 5636 1458 5691 videlicet
1473 5637 1577 5692 mae
1597 5636 1764 5691 solius
1788 5636 1883 5691 Dei
1909 5635 2176 5696 altissimo
2211 5612 2227 5638 ⁷

588 5725 897 5785 “namque
918 5737 984 5779 ac
1003 5739 1250 5794 praesago
1269 5726 1473 5797 judicio
1507 5731 1616 5788 sint
1637 5736 1764 5788 ante
1785 5730 1982 5789 saecula
2025 5746 2172 5804 prae-

2287 4516 2379 4571 itis
2427 4516 2704 4585 cognovit,
2743 4522 2802 4570 ut
2859 4532 2925 4572 ea
2967 4532 3089 4587 quae
3135 4519 3201 4576 de
3255 4519 3442 4574 mundi
3494 4519 3782 4588 principio,
3806 4518 3870 4572 de

2285 4609 2560 4664 creatione
2582 4607 2838 4673 hominis,
2864 4609 2929 4665 de
2950 4609 3171 4677 diluvio,
3190 4611 3303 4667 sive
3327 4613 3391 4667 de
3415 4614 3619 4667 emt—eris
3630 4611 3868 4677 patriar-

2284 4701 2509 4756 charum
2536 4716 2634 4770 per
2653 4702 2898 4755 ordinem
2927 4703 3170 4758 historiis
3192 4702 3560 4774 promulgavit,
3587 4699 3699 4754 sive
3737 4713 3867 4767 quae

2280 4794 2537 4865 praesenti
2561 4793 2662 4848 sibi
2690 4800 2931 4862 tempore
2954 4794 3172 4862 ﬁebant,
3201 4806 3260 4853 ut
3287 4813 3346 4852 ea
3379 4810 3496 4865 quae
3517 4809 3611 4864 per
3639 4792 3871 4847 Balaam

2281 4884 2396 4939 sive
2429 4882 2641 4948 Balaae,
2671 4883 2784 4938 sive
2813 4899 2912 4953 per
2936 4893 3161 4944 caeteros
3183 4889 3276 4959 qui
3308 4887 3384 4942 illi
3413 4887 3666 4940 absentes
3690 4892 3872 4950 erant,

2281 4975 2598 5046 agebantur,
2623 4976 2901 5046 comperit,
2930 4979 3041 5033 sive
3071 4995 3136 5034 ea
3170 4995 3292 5048 quae
3320 4978 3385 5032 de
3413 4977 3606 5033 futuris
3633 4974 3868 5045 Spiritus

2281 5067 2453 5122 sancti
2473 5065 2689 5122 ﬂamine
2723 5067 2931 5125 aiIlatus
2959 5070 3236 5136 intellexit,
3271 5080 3330 5126 ut
3355 5080 3438 5126 est
3463 5071 3593 5125 illud
3621 5070 3772 5140 quod
3808 5069 3869 5124 de

2279 5159 2721 5230 praevaricatione
2741 5161 2923 5231 populi
2946 5159 3252 5218 Judzeorum
3273 5164 3388 5219 sive
3403 5163 3471 5218 de
3491 5178 3684 5218 eorum
3705 5162 3868 5232 capti—

2280 5253 2447 5308 vitate
2477 5252 2560 5307 vel
2587 5252 2749 5308 etiam
2776 5254 2841 5309 de
2872 5255 3103 5310 adventu
3133 5254 3339 5312 Christi
3383 5254 3587 5310 dixisse
3625 5254 3825 5326 legitur
3854 5271 3868 5306 :

2281 5345 2336 5400 in
2372 5345 2611 5416 quinque
2635 5344 2787 5401 libris
2835 5346 3100 5402 adnotans
3146 5363 3256 5403 non
3298 5348 3588 5419 pingendo,
3615 5347 3716 5403 sed
3740 5344 3870 5401 scri-

2279 5439 2456 5495 bendo
2491 5439 2703 5496 saeculis
2728 5447 2852 5508 post
2887 5438 3082 5494 futuris
3123 5440 3350 5496 Domino
3389 5441 3700 5509 imperante
3726 5454 3872 5495 man—

2281 5531 2455 5599 davit;
2505 5546 2607 5586 nec
2654 5531 2718 5586 de
2763 5546 2828 5586 eo
2877 5531 3166 5588 scribitur;
3193 5532 3415 5601 Accepit
3450 5531 3726 5601 picturas,
3763 5528 3876 5594 sed,

2275 5615 2489 5695 Accepit
2503 5623 2690 5677 librum
2710 5621 2917 5693 Moyses
2938 5632 2987 5678 et
3009 5625 3239 5679 recitavit
3263 5626 3321 5679 in
3343 5641 3496 5678 aures
3517 5624 3707 5694 populi
3727 5621 3877 5679 verba

2241 5706 2250 5717 ’
2278 5715 2400 5769 libri
2431 5714 2619 5786 (Deut.
2646 5714 2827 5784 xxxi).
2868 5714 3019 5772 Unde
3046 5724 3102 5772 et
3129 5716 3419 5788 Apostolus
3447 5716 3647 5774 scribit
3677 5732 3693 5773 :
3727 5715 3876 5773 Lecto
