4026 6156
160 210 290 271 1101

932 199 1111 260 LIBRI
1148 194 1494 258 CAROLINI.
1539 225 1611 236 -
1647 192 1870 255 CAPIT.
1911 194 2001 251 DE
2036 192 2229 251 IMAG.
2269 223 2338 235 —
2376 194 2511 251 LIB.
2549 190 2613 249 II.

3278 197 3416 254 “02

156 327 291 386 enim
316 324 458 381 omni
480 321 728 377 mandato
770 318 899 391 legis
945 333 979 370 a
1030 314 1211 385 Moyse
1258 312 1498 367 universo
1541 306 1733 380 popqu
1759 308 1815 369 Α
1838 315 2012 363 torum
2041 324 2147 363 non
2172 308 2372 363 stetisse
2399 306 2613 381 (Ibid),
2639 306 2695 362 id
2717 314 2834 373 est,
2865 314 3019 363 actus
3052 307 3262 366 vitiosae
3294 326 3423 368 con-

161 416 346 493 (Hebr.
387 416 496 488 ix);
536 420 733 485 etpost
753 425 964 482 pauca:
999 404 1181 479 Ipsum
1214 406 1419 477 quoque
1454 396 1643 457 librum
1686 409 1737 457 et

162 524 359 565 omnem
395 505 645 579 populum
682 503 902 575 aspersit
932 497 1142 573 (Ibid.),
1168 504 1228 552 ut
1266 506 1428 550 nosse
1474 493 1739 565 possimus

157 586 517 674 legislatorem
558 614 666 655 non
706 596 907 652 fucatis
950 591 1206 664 picturis,
1233 589 1328 645 sed
1375 585 1740 644 saluberrimis

162 678 455 761 scripturis
469 696 627 746 uSum
642 685 831 743 fuisse.
848 683 1007 742 Josue
1026 683 1189 738 etiam
1204 680 1487 736 successor
1503 675 1740 746 ejusdem

161 760 351 852 Moysi,
383 779 477 850 qui
529 794 655 836 cum
700 774 894 849 populo
940 772 1034 827 Dei
1078 760 1371 828 Iordanem
1415 767 1560 824 sicco
1606 762 1742 836 pede

164 858 416 941 transiit,
449 880 505 929 et
551 852 918 928 Chananitidis
964 864 1141 938 gentis
1188 858 1479 941 prostratis
1525 856 1745 931 regibus

164 879 416 941 transiit,
449 880 505 929 et
551 879 918 928 Ghananitidis
964 879 1141 938 genus
1231 879 1479 920 r05traus
1525 879 1745 931 regibus

163 950 603 1037 repromissionis
626 970 823 1018 terram
859 944 985 1013 ﬁliis
1026 879 1383 1012 lsraelpsorte
1431 950 1632 1016 divisit,
1663 956 1747 1022 ty-

164 1074 407 1130 pumque
426 1054 728 1113 mediatoris
745 1040 843 1107 Dei
864 1058 918 1106 et
936 1050 1214 1105 hominum
1228 1046 1396 1119 gessit
1419 1063 1432 1101 :
1457 1043 1548 1114 qui
1571 1048 1749 1130 trans-5

169 1120 528 1229 actis-veteris
553 1144 685 1215 legis
709 1142 907 1197 ritibus
930 1155 1029 1210 per
1055 1138 1322 1209 baptisma
1357 1134 1610 1207 populum
1650 1120 1749 1187 Dei

164 1221 235 1291 ad
263 1245 463 1292 terram
498 1229 930 1305 repromissionis
977 1226 1214 1295 adducit,
1250 1236 1312 1282 et
1355 1222 1639 1296 prostratis
1668 1221 1749 1275 vi-

162 1328 362 1384 tiorum
407 1326 519 1381 sive
568 1310 845 1379 aeriarum
889 1314 1221 1391 potestatum
1268 1316 1532 1390 tyrannis,
1555 1314 1751 1385 patriae

161 1402 395 1476 caelestis
415 1415 663 1472 ﬁdelibus
685 1400 890 1485 prsidia
911 1396 1119 1470 confert
1141 1419 1356 1476 cuncta,
1372 1424 1494 1481 qua:
1510 1416 1752 1476 tempore

163 1524 263 1566 suo
304 1500 411 1565 sibi
454 1492 542 1564 vel
577 1492 775 1578 populo
809 1504 895 1560 cui
932 1512 1193 1577 prmerat,
1222 1490 1592 1573 contigerunt,
1620 1497 1753 1554 scri-

161 1588 339 1659 bendo
368 1601 550 1672 potius
588 1614 751 1670 quam
779 1599 1048 1668 pingendo
1096 1594 1375 1650 memoriae
1415 1589 1753 1663 posteritatis

1837 400 2160 457 versationis
2178 401 2395 470 penitus
2418 401 2671 467 evitasse,
2688 399 2782 456 sed
2811 400 2868 455 in
2890 402 3090 457 mundo
3117 404 3422 461 venientem

1836 492 2024 547 mundi
2044 491 2175 546 vitia
2198 490 2542 547 immaculata
2570 492 2983 547 conversatione
3009 493 3268 549 transisse
3292 510 3425 565 pra:-

1839 584 2020 641 dicat:
2046 599 2148 639 nec
2182 599 2311 640 eum
2348 574 2403 640 in
2454 586 2711 641 cathedra
2742 577 3077 655 pestilentiae
3112 586 3332 651 sedisse,
3371 587 3428 642 id

1838 683 1941 742 est,
1968 676 2243 733 doctrinas
2274 676 2684 744 abominabiles,
2706 692 2828 747 quae
2868 676 3172 748 pestilentis
3208 676 3428 748 dogma-

1840 768 1915 823 tis
1938 782 2145 823 venena
2175 768 2550 836 disseminant,
2574 768 2671 824 sed
2694 768 2884 825 mundi
2924 770 3150 826 vulnera
3192 769 3430 825 medica-

1841 859 1937 918 bili
1972 860 2358 930 praedicatione
2395 875 2619 917 sanasse
2658 860 2900 917 declarat
2931 879 2946 916 :
2982 876 3217 932 eumque
3256 861 3431 917 tribus

1845 953 1954 1009 illis
1977 954 2153 1009 modis
2186 954 2383 1023 quibus
2410 954 2677 1009 humanos
2703 961 2916 1009 constat
2955 955 3239 1023 provenire
3280 969 3434 1010 erro-

1845 1063 1955 1112 res,
1982 1047 2337 1119 cogitatione,
2364 1046 2510 1102 l'acto
2550 1045 2802 1100 videlicet
2836 1053 2892 1099 et
2921 1046 3095 1111 dicto,
3117 1048 3294 1102 modis
3315 1063 3435 1103 om-

1847 1139 2012 1195 nibus
2051 1136 2294 1194 caruisse
2344 1144 2754 1203 commemorat,
2786 1135 3131 1206 declaratque
3170 1152 3295 1192 eum
3334 1154 3436 1195 nec

1849 1230 2076 1301 impium
2100 1229 2269 1286 fuisse
2293 1228 2387 1298 qui
2422 1228 2478 1284 in
2516 1227 2687 1283 Deum
2723 1237 3024 1297 peccasset,
3051 1243 3116 1283 eo
3150 1229 3295 1297 quod
3337 1245 3436 1286 ue-

1851 1335 2122 1392 quaquam
2165 1321 2222 1376 in
2274 1304 2446 1375 Deum
2486 1318 2797 1389 peccaverit
2848 1319 2940 1389 qui
2993 1332 3205 1389 semper
3253 1320 3439 1390 utique

1850 1413 2185 1470 voluntatem
2207 1412 2387 1469 Patris
2410 1410 2634 1478 fecerit;
2665 1427 2769 1467 nec
2792 1420 3137 1482 peccatorem
3164 1413 3256 1483 qui
3284 1414 3341 1468 in
3383 1428 3443 1470 se

1855 1506 2160 1576 deliquerit,
2183 1506 2277 1576 qui
2297 1506 2483 1575 utique
2505 1505 2582 1561 ait
2611 1520 2627 1560 :
2664 1503 2815 1559 Venit
2840 1506 2977 1560 enim
2998 1507 3238 1577 princeps
3257 1505 3443 1561 mundi

1855 1599 2015 1669 hujus
2032 1608 2082 1654 et
2101 1599 2159 1652 in
2185 1614 2269 1652 me
2304 1608 2409 1654 non
2430 1598 2625 1652 invenit
2649 1595 2935 1667 quidquam
2962 1596 3142 1667 (Joan.
3169 1597 3315 1668 mv);
3341 1611 3447 1653 nec

162 1668 464 1751 mandavit.
494 1668 714 1773 Samuel
736 1704 973 1760 quoque,
1011 1703 1220 1759 magna:
1249 1684 1550 1742 sanctitatis
1572 1690 1628 1738 et
1654 1696 1753 1737 ex-
1785 1668 1835 1728 Β
1856 1668 2199 1761 pestilentem
2227 1690 2321 1759 qui
2346 1703 2625 1758 umquam
2652 1688 2959 1758 proximum
2986 1690 3341 1759 depopulatus
3373 1690 3445 1744 si;

164 1784 435 1841 cellentiai
463 1783 571 1849 vir,
592 1781 686 1854 qui
719 1780 884 1836 matri
911 1778 1116 1852 petenti
1142 1784 1264 1850 post
1289 1791 1536 1848 magnam
1562 1774 1756 1831 oratio-

165 1877 259 1933 nis
303 1875 618 1933 instantiam
657 1873 845 1929 divino
897 1886 1122 1928 munere
1177 1870 1404 1926 collatus
1458 1870 1557 1933 est,
1591 1873 1646 1922 et
1689 1866 1756 1921 ab

166 1968 307 2041 ipsis
328 1965 606 2024 cunabulis
625 1966 681 2021 in
706 1946 918 2021 Domini
945 1960 1291 2041 tabernaculo
1316 1959 1504 2015 militia
1524 1940 1757 2028 prophe-

166 2061 270 2116 tali
295 2060 566 2128 militavit,
598 2058 735 2129 etin
765 2055 1082 2113 deliniendis
1115 2053 1336 2129 regibus
1363 2050 1638 2121 exemplar
1662 2064 1758 2103 ex-

162 2153 329 2221 stitit,
355 2124 612 2209 historias
636 2124 912 2216 iudicum,
935 2149 1050 2204 sive
1064 2124 1234 2214 Ruth,
1251 2144 1336 2200 vel
1359 2144 1525 2200 etiam
1550 2140 1762 2212 Regum

165 2264 343 2320 usque
365 2248 435 2303 ad
457 2246 628 2303 David
647 2259 757 2300 non
782 2241 1131 2314 imaginibus,
1162 2240 1260 2294 sed
1283 2237 1527 2309 apicibus
1550 2248 1763 2308 praeno-

166 2339 330 2394 tavit.
352 2336 421 2392 Et
445 2344 571 2406 post
595 2335 740 2390 hunc
767 2347 866 2403 per
895 2329 1067 2387 David
1088 2343 1178 2385 res
1203 2342 1303 2383 suo
1330 2333 1574 2399 tempore
1594 2331 1763 2396 gesta:

170 2405 529 2496 conscriptae,
556 2425 669 2480 sive
698 2430 1015 2479 caeterorum
1042 2436 1231 2493 regum
1258 2405 1498 2476 historiae
1530 2426 1624 2473 aut
1665 2432 1765 2487 per

168 2537 369 2595 reges,
394 2526 489 2576 aut
517 2532 617 2590 per
642 2516 933 2586 prophetas
973 2514 1066 2584 qui
1109 2523 1243 2569 tunc
1280 2510 1539 2583 temporis
1588 2510 1763 2578 fuere,

168 2615 519 2684 conscriptae,
544 2625 720 2682 usque
748 2607 818 2663 ad
860 2606 1175 2675 Jeremiam,
1206 2607 1298 2677 qui
1340 2621 1531 2662 omnes
1576 2619 1767 2676 regum

168 2706 439 2765 historias
467 2704 527 2760 in
561 2717 732 2759 unum
766 2699 1043 2768 colligens,
1068 2697 1353 2754 Malachim
1387 2704 1563 2753 totum
1601 2695 1769 2753 edidit

168 2801 244 2858 ad
268 2806 518 2856 nostram
547 2809 717 2864 usque
750 2793 1086 2859 memoriam,
1112 2806 1223 2848 non
1247 2806 1345 2862 per
1360 2790 1651 2861 picturam,
1676 2787 1771 2845 sed

167 2908 276 2965 per
316 2890 669 2960 scripturam,
689 2888 879 2945 delatae
906 2895 1050 2943 sunt.
1074 2884 1361 2956 Prophetas
1383 2884 1549 2939 etiam
1576 2881 1771 2953 singuli

1857 1793 2021 1853 atque
2056 1782 2275 1847 laeserit,
2296 1782 2391 1852 qui
2418 1781 2475 1837 in
2498 1782 2603 1837 hoc
2621 1781 2769 1837 venit
2791 1790 2852 1836 ut
2869 1780 3071 1836 salvum
3092 1780 3288 1850 faceret
3305 1780 3446 1851 quod

1857 1876 2083 1947 perierat
2112 1873 2263 1946 (Luc.
2291 1872 2431 1945 1n).-
2464 1873 2593 1929 Haae
2630 1873 2774 1929 enim
2811 1873 2984 1945 ﬁgura
3009 1873 3153 1943 apud
3174 1874 3446 1944 gamma;

1863 1966 2000 2022 ticos
2020 1981 2122 2036 pro
2149 1980 2215 2021 eo
2254 1966 2397 2035 quod
2428 1965 2643 2036 singula
2678 1967 2844 2021 verba
2889 1964 3116 2036 singulis
3144 1966 3448 2035 quibusque

1862 2065 1987 2129 apte
2011 2057 2266 2115 clausulis
2299 2057 2373 2113 ibi
2405 2056 2821 2128 subjunguntnr,
2852 2059 3150 2124 ὑκόςευξις,
3179 2064 3230 2113 et
3252 2071 3353 2127 pro
3381 2070 3453 2113 eo

1863 2149 2007 2218 quod
2032 2148 2297 2204 dictiones
2316 2147 2503 2217 plures
2526 2147 2690 2203 simili
2710 2148 2871 2203 modo
2895 2148 3170 2211 ﬁniuntur,
3194 2151 3274 2213 ut,
3298 2146 3448 2211 abiit,

1863 2239 2025 2305 stetit,
2052 2238 2208 2305 sedit,
2237 2239 2608 2312 ὅμποῒὲλωτσν
2646 2244 3004 2310 nuncupatur.
3052 2239 3244 2296 Merito
3288 2240 3455 2312 igitur

1864 2332 1956 2389 hic
1980 2333 2227 2403 psalmus
2242 2333 2336 2403 qui
2360 2341 2445 2388 est
2469 2336 2630 2404 caput
2652 2332 2796 2400 libri,-
2826 2338 2880 2388 et
2910 2334 2971 2388 in
2992 2333 3146 2404 cujus
3179 2334 3354 2404 capite
3385 2333 3457 2389 de

1867 2420 2084 2482 Christo
2111 2426 2507 2496 scriptura‘est,
2546 2425 2706 2481 titulo
2749 2430 2898 2481 caret
2937 2443 2951 2479 :
2991 2427 3106 2481 sive
3135 2426 3263 2496 quia
3289 2425 3457 2495 capiti

1868 2525 2078 2586 nostro,
2089 2520 2233 2589 quod
2255 2526 2339 2574 est
2360 2510 2630 2586 Christus,
2648 2518 2781 2574 nihil
2804 2520 3045 2591 praeponi
3071 2518 3246 2583 debet,
3262 2519 3352 2589 qu'i
3375 2524 3461 2575 est

1871 2612 2129 2678 Verbum,
2155 2612 2511 2682 principium;
2548 2612 2663 2668 Sive
2698 2614 2824 2683 quia
2852 2611 2942 2667 hic
2966 2612 3213 2683 psalmus
3237 2620 3463 2669 ciete-ro-

1871 2720 1993 2760 rum
2020 2705 2349 2776 psalmorum
2387 2704 2527 2761 tituli
2551 2713 2623 2773 et,
2661 2716 2721 2762 ut
2747 2708 2823 2762 ita
2851 2697 3101 2773 dixerim,
3127 2706 3465 2778 pricfa‘tionis

1872 2799 2055 2854 locum
2106 2806 2251 2854 tenet
2290 2818 2304 2853 :
2343 2799 2622 2869 titioniam,
2670 2808 2980 2869 quanquam
3008 2800 3098 2853 alii
3148 2798 3342 2868 psalmi
3396 2802 3463 2854 de

1874 2889 2092 2945 Christo
2121 2886 2291 2944 multa
2320 2888 2520 2955 dicant,
2555 2886 2733 2944 nullus
2757 2888 2939 2943 tamen
2963 2888 3029 2943 de
3054 2886 3169 2956 ejus
3209 2895 3329 2956 quae
3361 2886 3466 2943 fuit

165 2985 268 3088 qui
296 2985 469 3088 libros
495 2984 717 3048 habent,
747 2980 1060 3084 prophetiae
1084 2994 1213 3083 suas
1236 2984 1360 3088 po‘st
1374 2976 1767 3082 tuturissazcu-
1793 3023 1843 3088 ο
1875 2982 1930 3037 in
1959 2982 2121 3037 terris
2155 2981 2562 3037 comersatione
2589 2989 2700 3035 tam
2733 2979 3011 3036 evidenter
3042 2978 3285 3048 loquitur
3314 2995 3328 3031 :
3370 2978 3464 3048 qui

164 3075 240 3133 lis
272 3074 623 3147 profuturas,
650 3088 760 3131 non
809 3072 867 3128 in
919 3071 1175 3143 picturis,
1219 3072 1316 3128 sed
1370 3069 1429 3124 in
1481 3067 1769 3139 scripturis

164 3168 528 3225 constituere.
562 3165 712 3223 Unde
744 3172 801 3220 et
820 3163 1010 3220 Daniel
1034 3178 1145 3219 non
1170 3163 1230 3218 in
1263 3161 1521 3219 coloratis
1548 3160 1763 3230 ﬁguris,

165 3260 265 3315 sed
289 3258 352 3315 in
378 3256 534 3315 libris
556 3255 825 3312 intellexit
847 3268 1137 3310 numerum
1161 3262 1432 3308 annorum
1472 3265 1580 3321 quo
1598 3266 1769 3322 popu-

165 3350 253 3407 lus
269 3351 375 3408 Dei
400 3350 459 3407 in
480 3348 796 3420 captivitate
812 3346 1143 3418 Babylonica
1162 3343 1393 3402 detineri
1412 3342 1656 3400 deberet.
1677 3339 1771 3397 Ait

165 3442 319 3498 enim
350 3456 368 3497 :
395 3440 513 3511 Ego
534 3438 727 3495 Daniel
753 3437 985 3495 intellexi
1012 3439 1072 3492 in
1096 3436 1245 3493 libris
1282 3450 1562 3493 numerum
1601 3448 1770 3488 anno-

166 3552 293 3590 rum
324 3535 388 3588 in
410 3548 515 3603 quo
537 3532 708 3602 [actus
732 3540 810 3587 est
833 3546 1004 3593 sermo
1028 3529 1241 3585 Domini
1270 3527 1434 3598 (Dan.
1470 3525 1572 3600 ix).
1597 3524 1771 3581 David

168 3635 403 3694 quoque
427 3620 804 3677 sanctissimis
841 3620 1252 3690 prophetarum,
1300 3618 1394 3687 qui
1440 3617 1509 3674 de
1564 3613 1773 3672 Christi

165 3711 589 3776 incarnatione,
632 3710 941 3775 nativitate,
984 3711 1265 3779 passione,
1292 3716 1497 3775 morte,
1523 3720 1771 3765 resurre-

164 3805 385 3868 ctione,
418 3801 615 3873 gloria,
641 3815 830 3870 regno,
857 3800 997 3855 sicut
1020 3800 1233 3856 caeteris
1254 3798 1508 3857 Patrihus
1544 3799 1598 3854 in
1626 3797 1770 3869 ejus-

163 3897 299 3952 dem
320 3883 545 3950 Ι)οωίἁὶ
564 3891 863 3949 secundum
883 3890 1275 3947 humanitatem
1302 3889 1615 3961 genealogia
1632 3903 1773 3958 prae-

162 3987 315 4043 latus
365 3993 474 4052 est,
508 3992 569 4040 ut
614 3982 865 4040 videlicet
914 3984 1058 4040 idem
1108 3983 1371 4039 Dominus
1410 3982 1554 4039 ﬁlius
1605 3981 1775 4038 David

164 4084 540 4149 nuncupetur,
572 4077 653 4132 ita
694 4076 861 4130 etiam
901 4076 1114 4132 caeteris
1163 4075 1381 4131 uberius
1428 4072 1773 4144 apertiusque

166 4170 417 4226 cantavit
444 4185 458 4222 :
487 4169 565 4224 ita
586 4168 646 4222 in
669 4180 907 4236 persona
945 4167 1150 4223 Christi
1200 4166 1401 4223 dixisse
1443 4164 1662 4235 legitur,
1704 4161 1775 4218 In

166 4264 339 4335 capite
367 4262 496 4317 libri
525 4263 782 4333 scriptum
806 4270 884 4317 est
916 4262 984 4318 de
1007 4278 1092 4317 me
1118 4260 1294 4336 (Psal.
1324 4261 1439 4335 xu).
1466 4260 1587 4318 Non
1626 4260 1773 4316 enim

1872 3088 1999 3131 cum
2025 3082 2151 3130 eum
2177 3086 2274 3144 per
2297 3081 2547 3129 octavam
2590 3072 2826 3143 speciem
2879 3068 3229 3136 deﬁnitionis,
3258 3070 3357 3141 per
3397 3074 3465 3125 e‘a

1870 3181 1991 3239 quae
2010 3176 2121 3222 non
2140 3164 2329 3221 fecerit
2348 3164 2565 3221 beatum
2587 3152 2875 3227 deﬁnierit,
2904 3162 3157 3232 protinus
3179 3152 3251 3217 ad
3273 3168 3466 3218 secun-

1872 3260 1997 3316 dam
2023 3257 2377 3314 nihilominus
2405 3256 2735 3319 deﬁnitionis
2767 3256 3003 3327 speciem
3052 3266 3171 3325 quae
3215 3244 3283 3307 ab’
3331 3253 3466 3306 arti-

1871 3349 2092 3421 graphis
2120 3346 2469 3422 ἐννοημάὴκή,
2495 3348 2553 3403 id
2586 3354 2669 3404 est
2691 3347 2863 3411 notio,
2896 3346 3109 3409 dicitur,
3137 3338 3465 3412 doiivolai'it,

1871 3436 1927 3497 et
1952 3454 2053 3513 per
2070 3446 2134 3496 ea
2168 3454 2288 3509 quae
2313 3436 2425 3511 egit
2448 3439 2603 3509 quasi
2625 3453 2725 3510 per
2748 3434 2997 3509 quaedam
3038 3437 3191 3506 signa
3234 3437 3293 3491 in
3323 3437 3468 3492 noti-

1873 3532 2007 3588 tiam
2033 3528 2310 3598 devocata,
2338 3534 2447 3587 non
2473 3528 2603 3601 quid
2636 3531 2739 3599 sit,
2763 3524 2861 3587 sed
2881 3529 3012 3600 quid
3041 3530 3150 3600 egit
3168 3569 3183 3595 ,
3214 3527 3467 3598 spectari-

1872 3616 1957 3681 ter
1982 3618 2241 3680 indicavit
2269 3622 2475 3690 dicens,
2500 3622 2607 3679 Se‘lt
2634 3623 2691 3679 in
2724 3622 2834 3694 lege
2858 3618 3071 3677 Domini
3096 3621 3198 3692 fuit
3225 3616 3467 3675 voluntas

1873 3717 2009 3788 ejus,
2045 3726 2100 3772 et
2127 3722 2325 3773 czetera
2368 3710 2541 3789 (Psal.
2569 3715 2635 3791 ι).
2690 3708 2826 3784 Quia
2876 3726 3011 3771 vero
3052 3713 3213 3785 paulo
3256 3711 3469 3785 longius

1874 3798 2068 3880 capitis
2093 3798 2217 3866 libri
2248 3809 2529 3866 dulcedine
2555 3809 2701 3881 capti
2728 3823 2759 3863 a
2788 3816 2953 3862 caiisa
2982 3806 3295 3863 secedentes
3342 3812 3469 3861 eva-

1875 3904 1984 3977 gati
2012 3916 2217 3969 sumus,
2252 3906 2423 3957 restat
2454 3910 2512 3955 ut
2553 3894 2622 3955 ad
2650 3899 2985 3970 propositum
3014 3894 3319 3953 redeamus.
3363 3894 3470 3951 Ve-

1876 3995 2089 4053 nlamus
2114 4008 2259 4049 nunc
2289 3993 2357 4048 ad
2403 3990 2712 4061 Evangelia,
2753 3988 3028 4042 videamus
3073 3994 3255 4041 utrum
3301 3992 3469 4039 evan-

1877 4087 2098 4160 gelistrc,
2116 4103 2185 4142 an
2212 4086 2325 4155 ipse
2357 4083 2634 4147 Dominus,
2653 4080 2947 4150 imaginum
2969 4092 3037 4133 an
3060 4077 3468 4146 Scripturarum

1876 4177 2106 4236 fecerint
2164 4177 2515 4232 mentionem.
2568 4171 2660 4227 Ait
2700 4171 2845 4226 enim
2892 4162 3236 4240 Evangelista
3283 4181 3300 4221 :
3351 4165 3471 4222 Sio-

1878 4278 1935 4327 ut
1977 4273 2228 4345 scriptum
2265 4266 2343 4324 est
2388 4269 2444 4322 in
2484 4264 2616 4320 libro
2660 4278 2959 4319 sermonum
3002 4259 3162 4317 Isaia:
3206 4258 3470 4333 praphetat

168 4352 247 4406 ait
282 4352 530 4422 pictum,
565 4353 664 4408 sed
709 4352 1015 4421 scriptum:
1046 4366 1149 4408 nec
1187 4351 1244 4405 in
1300 4352 1477 4420 capite
1500 4350 1763 4420 parietum

1881 4360 2035 4438 (Luc.
2071 4362 2169 4435 iv).
2216 4360 2488 4431 Scriptum
2527 4357 2694 4424 dixit,
2718 4372 2826 4412 non
2852 4355 3077 4426 pictum,
3106 4358 3161 4410 et
3205 4354 3261 4409 in
3307 4351 3468 4418 libro,

169 4444 291 4500 sive
315 4445 645 4512 tabularum,
668 4446 767 4501 sed
806 4445 863 4500 in
890 4444 1069 4516 capite
1110 4444 1256 4500 libri.
1284 4443 1344 4499 ln
1372 4443 1548 4514 capite
1585 4444 1770 4513 itaque

169 4535 305 4592 libri
329 4535 629 4602 Geneseos,
650 4537 741 4606 qui
766 4537 953 4607 utique
973 4543 1291 4593 cunctorum
1318 4537 1581 4592 librorum
1606 4542 1772 4604 caput

167 4637 275 4697 est,
302 4630 385 4685 ita
432 4629 716 4696 scribitur,
743 4627 814 4684 In
845 4630 1103 4701 principio
1122 4629 1315 4684 creavit
1335 4627 1479 4683 Deus
1504 4626 1688 4682 oletum
1723 4634 1774 4682 et

168 4729 370 4776 terram
406 4718 568 4794 (Gen.
602 4722 677 4794 1);
727 4722 789 4777 in
823 4722 1114 4793 principio,
1143 4722 1199 4778 id
1236 4728 1349 4788 est,
1372 4721 1430 4776 in
1472 4718 1632 4785 Filio,
1656 4719 1775 4788 ipse

169 4817 320 4874 enim
343 4817 562 4874 Iudaeis
587 4819 1053 4897 iulerrogantibus
1085 4821 1211 4891 quis
1242 4827 1387 4875 esset
1399 4844 1419 4885 ,ι
1441 4818 1721 4888 respondit
1751 4833 1771 4873 ε

172 4908 292 4979 Egit
317 4908 441 4965 ιω
466 4909 805 4982 Minui,
822 4913 951 4983 quia
968 4921 1019 4966 et
1038 4912 1225 4984 loquor
1250 4912 1392 4966 vobis
1423 4908 1606 4983 (lacn.
1624 4908 1770 4981 vm).

59 5060 85 5081 η
178 4998 373 5055 Potest
397 5006 561 5057 etiam
589 5014 645 5060 et
678 5006 737 5060 in
766 5007 873 5063 hoc
922 5015 1081 5062 versu
1113 5006 1279 5077 primi
1324 5006 1523 5076 psalmi
1564 5003 1771 5076 princi-

176 5093 341 5165 pium
367 5095 607 5169 intelligi,
639 5101 734 5170 qui
775 5102 841 5156 de
875 5100 1079 5156 Christi
1107 5101 1476 5156 incarnatione
1505 5101 1771 5167 adoritur,

180 5191 243 5243 θε
280 5194 388 5254 Per
413 5195 651 5244 octavam
680 5193 913 5262 speciem
940 5192 1271 5248 deﬁnitidnis
1298 5204 1459 5263 quam
1501 5192 1774 5249 dialectici

181 5274 303 5331 κατ’
327 5276 595 5351 ἀφαίρεσιν
612 5287 709 5334 τοῦ
733 5283 976 5349 iras-ride,
991 5283 1047 5338 id
1070 5292 1154 5339 est
1168 5282 1270 5354 per
1291 5285 1619 5354 privantiam
1640 5284 1774 5339 (ἑω-

181 5366 344 5421 trarii
372 5363 490 5434 eius
525 5370 671 5438 quod
709 5373 978 5441 deﬁnitur,
1033 5372 1313 5432 Christum
1361 5382 1465 5431 non
1516 5376 1685 5430 abisse
1717 5374 1777 5427 in

178 5460 419 5516 concilia
450 5462 733 5535 impiorum
766 5460 936 5541 (Psat.
976 5469 1040 5542 ι),
1068 5471 1123 5526 id
1157 5477 1261 5537 est,
1293 5469 1638 5527 detestabiles
1683 5480 1776 5524 co-

178 5553 480 5625 gitationes
526 5564 664 5627 quas
715 5549 815 5616 sibi
873 5567 1039 5633 genus
1085 5563 1381 5618 humanum
1427 5561 1775 5634 peculiariter

178 5647 449 5717 vindicat,
473 5660 584 5708 non
611 5650 859 5712 habuisse
892 5657 1261 5722 demanﬂrat;
1300 5662 1348 5710 et
1378 5657 1435 5711 in
1469 5657 1555 5712 via
1590 5666 1774 5729 pecca-

1878 4475 1987 4513 nou
2012 4458 2066 4512 in
2090 4455 2324 4526 quadam
2350 4451 2604 4519 materia;
2629 4454 2684 4507 et
2707 4450 2848 4505 idem
2866 4448 3125 4504 Dominus
3156 4461 3220 4501 ac
3244 4442 3471 4499 Redem-

1876 4559 2002 4623 ptor
2035 4556 2218 4605 noster
2253 4548 2380 4604 dum
2426 4546 2635 4615 antiqui
2680 4544 2852 4600 hostis
2896 4543 3332 4598 machinamenta
3374 4538 3466 4593 de-

1879 4648 2136 4707 strueret,
2164 4640 2280 4697 sive
2317 4639 2372 4694 in
2414 4636 2665 4709 plurimis
2695 4653 2806 4692 suae
2861 4632 3265 4707 praedicationis
3307 4628 3471 4697 locis,

1882 4732 2317 4804 Scripturarum,
2349 4746 2459 4785 non
2505 4730 2872 4802 picturarum,
2895 4727 3138 4799 exempla
3182 4723 3475 4794 protulisse

1878 4827 2315 4898 perhibeturzet
2344 4824 2471 4879 dum
2505 4823 2699 4879 mulier
2721 4822 2775 4877 in
2819 4818 3070 4874 adulterii
3117 4821 3270 4867 reatu
3321 4814 3471 4866 cum-

1879 4912 2169 4988 preliensa,
2196 4916 2356 4987 eique
2410 4915 2646 4986 stipante
2687 4916 2902 4968 caterva
2951 4906 3129 4961 oblata
3158 4901 3384 4965 fuisset,
3418 4902 3474 4953 et

1880 5000 2139 5065 Pharismi
2167 5006 2313 5063 illius
2339 5006 2656 5077 deceptione
2674 4996 2819 5075 pleni
2854 4993 3151 5083 syllogismi
3185 4991 3279 5062 qui
3313 5007 3343 5046 a
3371 5005 3473 5046 sui-

1879 5103 2149 5161 cularium
2171 5100 2473 5156 litterarum
2498 5094 2774 5167 magistris
2794 5087 3033 5161 ἆφυκθος,
3059 5086 3113 5142 id
3132 5092 3234 5149 est,
3255 5086 3475 5139 inevita-

1880 5192 2020 5258 bilis,
2046 5199 2404 5262 nuncupatur,
2432 5178 2636 5244 cornua
2680 5182 2918 5244 evitans,
2950 5177 3042 5246 qui
3092 5190 3193 5228 nec
3242 5174 3476 5229 crudelis

1879 5278 2028 5341 esset
2077 5282 2459 5354 sanguinisque
2491 5274 2806 5330 effusionem
2831 5268 3205 5327 consentiens,
3240 5266 3335 5332 qui
3380 5277 3479 5332 per

1882 5352 2227 5434 severitatem
2251 5374 2437 5445 legalis
2462 5368 2659 5435 rigoris
2680 5358 2985 5417 adulteram
3018 5352 3260 5445 lapidare
3288 5354 3480 5422 jussis-

1882 5481 1985 5538 set,
2012 5482 2113 5526 nec
2134 5469 2266 5541 legis
2293 5436 2662 5523 transgressor
2679 5450 3147 5541 peccatorumque
3170 5436 3373 5541 fautor,
3391 5443 3487 5512 qui

1880 5528 2069 5620 contra
2096 5528 2229 5628 legis
2254 5544 2576 5609 sententiam
2600 5535 2858 5599 eamdem
2879 5538 3196 5628 indemnem
3215 5528 3498 5628 dimittere

1871 5617 2127 5722 ἀξιεεεεεει
2145 5617 2177 5716 ξ
2197 5645 2292 5701 sed
2330 5640 2512 5708 justus
2551 5636 2608 5686 et
2652 5635 2996 5690 mansuetus
3034 5617 3380 5699 gravissima
3414 5633 3509 5676 eos

1826 5802 1864 5860 ξύ
