4026 6156
235 349 378 406 H05

1009 337 1189 397 LIBRI
1221 335 1565 394 CAROLINI.
1607 361 1680 373 —
1716 328 1941 388 CAPIT.
1980 333 2070 390 DE
2107 335 2302 393 IMAG.
2337 334 2409 377 -'-
2445 334 2574 393 LIB.
2614 334 2680 391 II.

3367 341 3509 398 “06

236 480 355 539 gum
379 464 704 535 peritissimo
737 462 963 518 docente
990 461 1298 539 didicimus,
1335 457 1580 528 quaedam
1619 454 1815 511 divinae
1837 448 1895 511 Δ
1915 462 2035 508 est:
2069 453 2264 510 Omnia
2289 455 2345 510 in
2382 454 2788 525 Scripturarum
2813 464 3126 512 sanctarum
3154 460 3509 530 amplissimis

237 537 528 625 Scriptura:
571 553 805 625 Hebrmo
852 537 1064 622 dactvlo
1116 549 1473 619 spondacoquc
1496 587 1512 613 ,
1573 544 1817 615 quaedam

231 624 526 716 anapaesto,
570 624 830 714 quaedam
871 658 1002 698 vero
1032 643 1210 698 iambo
1231 641 1385 710 juxta
1416 641 1552 695 artis
1581 640 1815 709 rigorem

232 739 546 793 decurrunt.
591 736 709 790 Illic
753 735 914 788 etiam
958 733 1192 788 inveniet
1238 734 1470 788 nitorem
1513 741 1568 786 et
1604 730 1816 800 copiam

229 827 575 896 eloquentiae,
623 841 822 896 genera
855 839 1138 878 causarum
1176 831 1232 878 et
1270 833 1472 890 status;
1512 823 1622 878 illic
1650 837 1814 877 exor-

231 918 323 973 dia
357 919 554 987 quibus
599 916 874 981 benevoli,
923 915 1122 970 dociles
1170 916 1253 971 vel
1306 916 1497 970 attenti
1542 915 1817 970 auditores

233 1007 406 1074 ﬁunt;
458 1008 566 1062 illic
611 1007 943 1061 narrationes
987 1013 1203 1075 apertas
1248 1014 1303 1059 et
1344 1008 1564 1070 breves,
1623 1019 1817 1060 causas

234 1101 402 1154 etiam
437 1108 490 1154 et
527 1101 731 1168 longas,
761 1111 880 1164 qua:
906 1110 1015 1149 non
1042 1096 1147 1150 nisi
1183 1095 1389 1165 Spiritu
1435 1102 1622 1150 sancto
1670 1110 1816 1150 rese-

234 1202 388 1248 rantc
416 1192 746 1263 panduntur;
790 1189 902 1244 illic
940 1189 1314 1244 conclusiones
1351 1189 1546 1257 quibus
1569 1185 1818 1258 proprie-

230 1292 316 1338 tas
379 1299 558 1338 rerum
618 1291 988 1348 monstratur;
1058 1281 1551 1352 argumentationes
1617 1279 1817 1348 quibus

224 1376 389 1430 animi
433 1375 766 1430 audientium
801 1377 1141 1431 concitantur
1187 1375 1255 1429 ad
1304 1373 1574 1443 implenda
1604 1386 1667 1426 ea
1695 1384 1817 1440 quae

226 1466 507 1533 dicuntur;
554 1467 666 1521 illic
715 1467 862 1538 leges
909 1467 1023 1521 sive
1075 1466 1358 1522 sentcntiae
1381 1506 1396 1532 ,
1454 1464 1568 1518 illic
1620 1477 1816 1532 magna

222 1560 526 1628 granditer,
585 1575 751 1629 parva
806 1561 1072 1615 submisse
1096 1603 1110 1624 ,
1166 1558 1463 1614 mediocria
1517 1562 1817 1624 temperate

219 1661 577 1723 promuntur;
609 1653 721 1706 illic
747 1653 1204 1720 prosopopoeiam,
1234 1650 1562 1719 ethopceiam
1591 1647 1676 1701 vel
1700 1661 1816 1701 om-

223 1757 325 1796 nes
352 1741 556 1810 ﬁguras
579 1739 912 1794 locutionum
948 1755 1070 1808 quae
1110 1755 1140 1793 a
1179 1739 1488 1793 rhetoribus
1530 1737 1814 1791 traduntur

1916 548 2085 616 pratis
2127 565 2224 619 per
2266 557 2450 620 partes
2493 550 2722 604 inveniri
2759 565 2918 644 posse
2951 567 3072 621 qua:
3110 555 3408 625 artigraphi
3449 555 3508 613 in

1917 651 2138 692 suorum
2181 641 2459 694 hortorum
2502 641 2701 695 arcolis
2738 641 2967 711 posuere
2991 662 3003 697 :
3030 644 3396 710 inveniuntur,
3426 645 3507 702 in-

1917 741 2100 796 quam,
2138 729 2336 785 virtute
2365 747 2640 799 sensuum,
2685 749 2795 787 non
2830 735 2885 788 in
2921 737 3354 807 promulgatione
3379 747 3505 792 vcr-

1915 818 2147 885 borum;
2204 821 2260 874 in
2318 824 2560 879 radicum
2606 825 3079 894 profunditatibus,
3131 845 3238 884 non
3267 829 3322 883 in
3354 827 3509 884 folio-

1917 924 2039 963 rum
2081 910 2339 978 lapsihus.
2386 912 2478 968 Sic
2519 916 2664 970 enim
2705 916 2760 969 in
2795 918 3160 985 profunditate
3201 913 3510 975 divinarum

1919 999 2325 1070 Scripturarum
2365 1005 2617 1061 liberales
2647 1015 2794 1062 artes
2822 1009 2890 1061 ab
2916 1011 3170 1066 studiosis
3203 1014 3508 1082 quibusque

1919 1104 2237 1161 cernuntur,
2286 1097 2425 1152 sicut
2458 1098 2583 1152 vina
2619 1099 2673 1152 in
2701 1100 2921 1164 vitibus,
2957 1112 3168 1172 segetes
3196 1105 3250 1156 in
3281 1095 3510 1160 semini;

1917 1185 2039 1252 bus,
2067 1185 2285 1242 frondes
2306 1187 2362 1240 in
2389 1189 2680 1252 radicibus,
2712 1189 2919 1244 fructus
2941 1191 2995 1244 in
3019 1193 3202 1256 ramis,
3230 1195 3510 1250 arborum-

1919 1293 2027 1346 que
2075 1277 2473 1348 magnitudines
2520 1293 2682 1333 sensu
2738 1282 3170 1349 contemplantur
3196 1284 3249 1336 in
3281 1285 3506 1340 nucleis.

1917 1369 2016 1423 Est
2043 1369 2202 1438 plane
2230 1369 2411 1424 divina
2444 1370 2725 1439 Scriptura
2754 1386 2941 1436 verax,
2969 1381 3053 1426 est
3078 1372 3203 1438 ﬁxa,
3231 1384 3313 1429 est
3334 1386 3507 1443 casta,

1919 1465 2004 1512 est
2045 1458 2283 1513 cmlestis
2334 1459 2630 1528 magisterii
2682 1461 3137 1529 instrumentum,
3198 1472 3253 1518 et
3305 1472 3509 1520 aeterna

1918 1549 2233 1618 praedicatio
2266 1550 2556 1619 purissimo
2599 1551 2778 1606 nitens
2814 1552 3045 1622 eloquio,
3075 1563 3158 1609 est
3179 1554 3271 1609 lux
3305 1564 3510 1610 morta-

1919 1639 2130 1705 talium,
2169 1640 2380 1695 dicente
2402 1640 2671 1709 Propheta
2695 1661 2708 1694 :
2738 1641 2976 1696 Lucerna
2999 1645 3215 1712 pedibus
3241 1647 3369 1699 meis
3398 1663 3509 1700 ver-

1923 1731 2045 1784 bum
2093 1741 2260 1796 tuum,
2294 1731 2536 1796 Domine,
2596 1740 2643 1785 et
2681 1731 2859 1787 lumen
2907 1735 3104 1788 semitis
3155 1737 3282 1790 meis
3329 1735 3503 1808 (Psal.

225 1832 486 1896 inveniet,
528 1840 584 1887 ct
605 1832 788 1901 plures
826 1833 933 1887 illis
972 1833 1327 1903 angustiores,
1361 1847 1480 1900 quae
1507 1831 1812 1902 percepisse

1916 1824 2088 1895 cxrx);
2124 1831 2205 1878 est
2229 1824 2386 1877 vivax
2417 1833 2471 1877 et
2500 1825 2638 1878 mori
2662 1826 2926 1890 nesciens,
2969 1827 3180 1882 dicente
3211 1827 3504 1897 Apostolo:

223 1937 288 1978 se
316 1924 588 1993 gaudebit,
633 1926 700 1980 ad
744 1940 880 1994 quas
914 1939 1013 1980 nec
1053 1927 1530 1994 grammaticorum
1559 1939 1660 1979 nec
1689 1925 1814 1979 rhe-

223 2022 410 2071 torum
453 2017 635 2072 schola
665 2018 970 2087 pertingere
1005 2019 1212 2086 potuit;
1256 2017 1364 2072 illic
1402 2032 1618 2086 quoque
1663 2017 1811 2072 inve-

219 2111 337 2164 niet
380 2111 646 2180 isagogas,
676 2125 795 2179 qua:
820 2110 888 2164 ad
912 2110 1260 2179 inquirendas
1298 2125 1385 2165 res
1419 2109 1675 2164 lectorem
1711 2109 1816 2164 uti-

217 2198 344 2255 liter
388 2200 774 2264 introducunt;
828 2201 1144 2270 categorias,
1203 2215 1322 2268 quae
1366 2199 1814 2270 prtedicamento-

216 2305 340 2346 rum
369 2291 599 2346 utilitate
627 2293 694 2345 ad
720 2291 1124 2360 investigandas
1161 2305 1251 2346 res
1285 2290 1595 2355 excellunt;
1626 2289 1814 2344 deﬁni-

220 2383 401 2437 tiones
423 2383 509 2435 vel
534 2383 722 2437 modos
745 2384 1204 2453 syllogismorum,
1235 2398 1355 2452 quae
1381 2383 1565 2437 subtili
1592 2383 1814 2452 indaga-

225 2476 379 2530 tione
412 2489 477 2528 ea
504 2475 568 2529 de
599 2476 795 2543 quibus
831 2477 1104 2548 dubitatur
1145 2475 1452 2541 afﬁrmant;
1489 2476 1666 2544 topica
1691 2490 1814 2544 quae

224 2565 356 2621 dum
385 2567 496 2619 sint
526 2565 702 2620 fontes
726 2581 979 2620 sensuum
1011 2576 1065 2620 et
1087 2568 1322 2635 origines
1348 2568 1665 2632 dictionum,
1696 2582 1814 2621 om-

219 2657 384 2712 nibus
435 2658 816 2722 communiter,
868 2660 1236 2725 grammaticis
1286 2659 1552 2723 videlicet,
1605 2658 1809 2728 poetis,

221 2748 536 2802 oratoribus
584 2748 671 2802 vel
724 2748 885 2801 etiam
927 2748 1262 2816 philosophis
1313 2755 1628 2818 argumenta
1675 2763 1814 2816 prae-

222 2843 391 2896 stant,
425 2853 546 2906 quae
590 2853 696 2892 non
727 2838 899 2892 solum
947 2839 1288 2903 scholastico,
1320 2840 1432 2894 'sed
1483 2839 1645 2893 etiam
1692 2839 1812 2893 vul-

222 2926 346 2994 gari
377 2933 434 2980 et
465 2928 792 2982 tumultuoso
815 2929 1052 2982 sermoni
1075 2938 1335 2998 perpetuo
1362 2930 1652 2984 cohaerent.
1677 2928 1811 2983 Nam

219 3031 538 3085 quanquam
609 3018 1010 3083 tumultuosus,
1077 3033 1386 3088 quanquam
1450 3017 1683 3087 vulgaris
1741 3019 1813 3073 sit

216 3121 421 3168 sermo,
454 3107 499 3162 si
525 3123 626 3177 pro
659 3110 987 3178 quibuslibet
1014 3110 1138 3165 vita:
1168 3109 1492 3164 utilitatibus
1517 3108 1808 3178 profertur,

1926 1913 2085 1968 Vivus
2116 1922 2188 1969 est
2219 1915 2316 1968 Dei
2346 1932 2513 1969 sermo
2553 1924 2602 1969 et
2627 1916 2842 1985 efﬁcax,
2881 1928 2930 1972 et
2955 1920 3327 1989 penetrabilior
3365 1921 3508 1974 omni

1917 2006 2097 2078 gladio
2145 2007 2378 2077 ancipiti,
2435 2017 2481 2060 et
2526 2009 2823 2079 pertingens
2873 2028 3032 2081 usque
3078 2011 3146 2064 ad
3199 2012 3506 2066 divisionem

1919 2097 2110 2150 animm
2140 2097 2442 2166 acospiritus
2472 2095 2658 2166 (Hebr.
2685 2098 2791 2169 ιν);
2821 2109 2903 2155 est
2928 2103 3270 2156 tenebrarum
3302 2103 3508 2158 discus-

1918 2189 2021 2253 sio,
2051 2188 2338 2243 Salomone
2363 2196 2652 2244 attestante
2674 2191 2764 2258 qui
2790 2192 2865 2245 ait
2893 2192 3167 2264 {Lucerna
3195 2203 3268 2248 est
3289 2195 3510 2248 manda-

1918 2286 2028 2332 tum
2051 2278 2201 2349 legis,
2219 2288 2267 2333 et
2291 2279 2385 2333 lux
2411 2280 2550 2346 vitae,
2567 2291 2614 2334 et
2629 2282 2940 2352 increpatio,
2957 2293 3004 2337 et
3026 2284 3303 2355 disciplina
3320 2285 3504 2357 (Prov.

1917 2369 2028 2439 v1);
2073 2371 2139 2425 de
2188 2384 2297 2438 quo
2335 2385 2435 2439 per
2475 2370 2669 2425 Isaiam
2717 2372 2948 2426 dicitur:
2976 2373 3050 2428 De
3101 2385 3248 2429 nocte
3289 2377 3506 2445 spiritus

1917 2474 2062 2519 meus
2088 2458 2266 2528 vigilat
2302 2459 2370 2512 ad
2395 2470 2466 2525 te,
2491 2460 2652 2526 Deus,
2695 2463 2818 2532 quia
2845 2462 2936 2516 lucc
2976 2475 3232 2535 prwcepta
3263 2476 3355 2520 tua
3383 2476 3509 2522 sunt

1917 2565 2075 2619 super
2094 2561 2291 2606 terram
2327 2552 2462 2623 (Isa.
2487 2557 2658 2626 xxvi).
2695 2555 2920 2626 Semper
2957 2558 3098 2612 enim
3125 2559 3506 2628 vitalia.jubct,

1918 2643 2079 2697 noxia
2106 2644 2376 2712 prohibet,
2404 2658 2617 2702 terrena
2641 2658 2900 2714 removet,
2927 2650 3168 2705 cmlcstia
3195 2653 3507 2720 persuadet.

1917 2737 2032 2802 Est,
2072 2737 2314 2806 inquam,
2339 2739 2460 2794 fons
2501 2743 2738 2797 atthereo
2781 2744 2847 2797 de
2891 2745 3136 2814 margine
3182 2745 3505 2810 scaturiens,

1918 2828 1986 2883 de
2011 2844 2118 2898 quo
2158 2837 2362 2898 quanto
2407 2831 2637 2901 amplius
2678 2833 2942 2897 hauritur,
2989 2842 3139 2889 tanto
3187 2835 3370 2890 minus
3413 2851 3513 2890 ex-

1916 2922 2189 2989 pcnditur,
2219 2931 2275 2977 et
2303 2931 2503 2991 quanto
2537 2923 2594 2977 in
2617 2923 2800 2992 plures
2825 2932 3005 2994 partes
3029 2926 3320 2990 derivatur,
3351 2935 3509 2985 tanto

1915 3011 2146 3081 amplius
2177 3012 2234 3068 in
2261 3015 2510 3069 sensibus
2539 3023 2946 3086 augmentatur;
2983 3026 3068 3071 est
3094 3017 3336 3086 pecuniae
3359 3034 3509 3074 mar-

1919 3101 2152 3172 supium,
2184 3103 2249 3158 de
2275 3119 2384 3174 quo
2413 3120 2513 3160 nec
2539 3120 2603 3158 ea
2631 3121 2752 3175 qua:
2787 3107 2984 3161 dantur
3018 3109 3357 3174 amittuntur,
3404 3124 3510 3167 nec

217 3155 421 3168 ..-_..--,
454 3155 499 3162 τ-
525 3155 622 3177 ,ην
662 3155 987 3178 Ὶν-υ--ι-ηινν
1026 3155 1138 3165 ν--νν
1170 3155 1490 3164 -----νν----η--ν
1518 3155 1688 3178 ιν--ι-ν-
1705 3155 1808 3175 wn,
1932 3155 1935 3156 ν
1983 3155 2002 3172 ι
2137 3155 2151 3168 ι
2192 3155 2243 3158 ν-
2282 3155 2378 3174 -ιῄν
2414 3155 2510 3160 --ν-
2547 3155 2603 3158 -τ
2637 3155 2750 3175 1—"
2792 3155 2975 3161 *ν---ν--
3018 3155 3357 3174 -··--““·-“·-ν
3404 3155 3506 3167 ην*

213 3196 283 3250 ad
311 3198 488 3268 topica
522 3201 730 3264 veniet;
765 3215 861 3270 per
886 3215 950 3254 ea
991 3201 1142 3269 quasi
1167 3216 1264 3270 per
1287 3201 1535 3270 quaedam
1562 3200 1817 3270 magiste-
1841 3155 1888 3221 α
1918 3195 2333 3250 diminutionem
2355 3198 2605 3253 assiduus
2627 3199 2787 3253 dandi
2823 3215 2955 3254 usus
2980 3200 3157 3267 aﬂ‘ert,
3185 3203 3279 3257 sed
3301 3210 3506 3272 quanto

214 3287 298 3342 ria
326 3287 528 3344 locales
553 3291 766 3358 regulas
793 3293 991 3360 quibus
1022 3293 1238 3362 evagari
1271 3299 1364 3345 aut
1390 3307 1499 3345 non
1528 3292 1697 3360 possit
1722 3298 1818 3346 aut
1854 3355 1859 3362 ,

213 3396 325 3436 non
360 3382 570 3444 debeat,
603 3381 875 3450 inveniet;
925 3385 982 3439 in
1023 3384 1133 3440 illis
1176 3384 1339 3440 etiam
1372 3383 1686 3449 terminum,
1721 3385 1815 3453 qui

211 3473 335 3529 sine
375 3488 568 3528 sensus
606 3474 888 3543 dispendio
923 3476 1226 3547 transgredi
1274 3473 1608 3539 difﬁcile'sit,
1643 3489 1701 3530 se
1729 3489 1816 3529 re-

210 3563 430 3632 perisse
454 3572 760 3630 cognoscet.
789 3565 857 3618 Et
880 3575 940 3620 ut
964 3575 1158 3621 cuncta
1198 3569 1434 3622 breviter
1470 3567 1668 3633 dicam,
1697 3581 1815 3621 om-

216 3651 309 3705 nis
335 3665 540 3714 sermo,
575 3653 678 3705 nisi
707 3654 772 3706 ad
799 3655 976 3722 topica
1019 3655 1247 3717 venerit,
1292 3656 1602 3711 indeﬁnitus
1625 3655 1815 3726 procul

214 3742 393 3797 dubio
429 3744 749 3797 remanebit.
776 3744 887 3800 Illic
910 3750 1030 3822 πιρι
1055 3746 1370 3820 Ἐρμηνεὶας,
1399 3764 1629 3818 quarum
1664 3764 1814 3804 scru-

211 3835 434 3908 pulosis
477 3836 685 3890 semitis
711 3843 764 3890 et
790 3837 1066 3894 laciniosis
1106 3839 1435 3896 diverticulis
1478 3841 1814 3911 profunditas

213 3927 676 3982 inveniendorum
707 3943 961 3983 sensuum
996 3930 1388 3999 dubiorumque
1412 3931 1700 3989 afﬁrmatio
1731 3935 1814 3990 in-

212 4022 472 4083 venitur,
527 4022 830 4092 quibusque
886 4024 1318 4094 syllogismorum
1367 4026 1450 4080 vel
1499 4035 1813 4085 caaterarum

213 4113 757 4184 argumentationum
791 4115 924 4169 silva
955 4117 1220 4181 exoritur,
1250 4131 1368 4185 qua:
1390 4119 1568 4172 omnia
1595 4121 1814 4189 proprie

215 4207 350 4260 artis
394 4213 525 4260 sunt
557 4206 874 4263 dialectica
906 4207 1018 4263 Illic
1044 4210 1098 4262 in
1126 4210 1365 4265 numeris
1389 4226 1485 4279 per
1512 4211 1811 4268 arithmeti-

214 4312 333 4351 cam
368 4307 546 4352 artem
582 4314 781 4354 arcana
823 4315 1080 4356 sensuum
1121 4302 1619 4374 profunditatesque
1659 4321 1811 4376 repe-

217 4388 341 4449 riet,
379 4390 655 4457 quoniam,
685 4391 895 4446 dicente
939 4392 1127 4447 eadem
1175 4394 1476 4463 Scriptura,
1529 4395 1719 4452 Omnia
1752 4399 1811 4452 in

1919 3285 2044 3340 inde
2082 3286 2312 3354 amplius
2353 3285 2515 3342 dandi
2563 3287 2852 3344 devotione
2896 3288 3129 3358 eiicitur,
3161 3298 3330 3346 'tanto
3371 3292 3506 3349 illud

1919 3377 2094 3448 magis
2137 3377 2415 3448 magisque
2448 3380 2766 3450 completur.
2795 3381 2942 3437 Nihil
2971 3384 3134 3454 igitur
3158 3384 3352 3438 horum
3383 3400 3506 3454 quae

1916 3467 2364 3540 perstrinximus,
2427 3471 2541 3526 sive
2594 3471 2680 3527 his
2723 3473 3000 3539 similium,
3055 3491 3174 3545 quae
3218 3476 3505 3534 brevitatis

1917 3557 2098 3616 studio
2137 3560 2598 3629 praetermisimus,
2644 3563 2701 3617 in
2745 3564 3086 3634 imaginibus,
3131 3581 3165 3621 o
3205 3567 3504 3638 imaginum

1916 3651 2200 3715 adorator,
2250 3665 2283 3704 ο
2326 3665 2509 3706 rerum
2535 3651 2939 3709 inseusatarum
2990 3655 3166 3712 cultor
3186 3698 3202 3724 ,
3257 3657 3503 3714 invenire

1913 3754 2073 3810 posse
2102 3749 2156 3794 te
2183 3748 2416 3808 constat,
2454 3757 2576 3812 quae
2614 3744 2743 3799 dum
2773 3745 2858 3799 his
2887 3749 3140 3804 omnibus
3184 3750 3504 3806 meritorum

1912 3835 2286 3904 prmrogativis
2321 3844 2560 3900 careant,
2602 3837 2858 3893 dolendus
2891 3842 3072 3908 potius
3096 3858 3258 3912 quam
3292 3846 3502 3900 miran-

1915 3927 2016 3981 dus
2041 3942 2101 3982 es
2136 3942 2234 3982 cur
2254 3943 2347 3983 eas
2367 3929 2566 3983 divinae
2593 3927 2888 3996 Scriptum
2916 3931 3088 3998 libris,
3116 3934 3172 3986 in
3200 3936 3396 4002 quibus
3420 3943 3504 3991 tot

1911 4018 2052 4071 bona
2090 4017 2450 4086 reperiuntur,
2491 4017 2826 4085 aequiparare
2855 4019 3105 4075 aﬂ‘ectes?
3136 4022 3215 4078 Tu
3241 4027 3333 4094 qui
3374 4027 3502 4085 ﬁdei

1913 4117 2018 4162 tua:
2060 4109 2353 4178 puritatem
2405 4109 2458 4162 in
2509 4109 2835 4178 imaginibus
2880 4127 3199 4169 conservare
3241 4123 3292 4170 te
3337 4119 3498 4187 dicis,

1912 4203 2135 4272 supplex
2161 4203 2241 4257 eis
2267 4210 2444 4257 astare
2464 4211 2738 4257 memento
2759 4217 2880 4257 cum
2905 4207 3366 4275 thymiamatibus,
3398 4228 3498 4268 nos

1909 4302 2178 4364 prtecepta
2206 4293 2418 4347 Domini
2449 4294 2635 4350 solerti
2666 4295 3009 4365 indagatione
3033 4301 3410 4369 perquiramus
3440 4304 3497 4360 in

1915 4385 2109 4440 divinae
2152 4387 2284 4457 legis
2333 4388 2629 4443 codicibus.
2684 4388 2765 4442 Tu
2814 4389 3171 4450 luminarihus
3226 4398 3499 4466 perlustra

221 4493 470 4532 mensura
515 4490 560 4532 et
605 4498 818 4536 numero
856 4494 903 4537 et
948 4487 1175 4554 pondere
1218 4487 1360 4541 Deus
1415 4489 1534 4558 fecit
1563 4487 1616 4559 (Ι
1641 4489 1801 4543 Esdr.

1914 4479 2178 4547 picturas,
2217 4495 2315 4534 nos
2351 4478 2754 4549 frequentemus
2801 4482 3010 4540 divinas
3055 4485 3380 4556 Scripturas.
3416 4490 3498 4547 Tu

221 4571 366 4640 vui).
415 4568 528 4624 Illic
568 4573 730 4626 etiam
773 4577 994 4632 musica:
1044 4593 1155 4632 non
1205 4579 1378 4633 solum
1424 4568 1803 4638 consonantias

217 4659 688 4731 instrumentaque
727 4666 923 4733 quibus
948 4666 1190 4736 plerique
1233 4677 1542 4726 sanctorum
1580 4670 1804 4728 Patrum

218 4751 299 4805 usi
326 4760 472 4818 sunt,
502 4755 597 4808 sed
620 4757 783 4811 etiam
813 4766 1144 4828 repertorem
1168 4762 1422 4817 inveniet.

284 4841 530 4900 Inveniet
563 4862 783 4917 quoque
831 4859 1099 4905 terrarum
1142 4853 1278 4910 situs
1312 4855 1801 4928 dimensionesque,

221 4948 340 4998 quae
359 4938 577 5020 proprie
600 4941 735 4994 artis
766 4948 894 4995 sunt
928 4945 1286 5012 geometrica}.
1323 4946 1433 5004 Nec
1461 4963 1569 5004 non
1592 4958 1648 5004 et
1673 4965 1806 5020 quo-

227 5019 470 5074 rumdam
515 5024 753 5080 siderum
794 5043 988 5082 cursus
1012 5037 1066 5083 et
1090 5033 1400 5099 positiones,
1426 5045 1481 5089 et
1500 5019 1805 5105 temporum

227 5105 514 5166 varietates
539 5154 554 5179 ,
613 5117 880 5172 mensium
939 5136 1310 5191 annorumque
1372 5125 1486 5181 sive
1545 5128 1804 5182 horarum

226 5196 518 5267 curricula,
565 5205 704 5260 diem
751 5210 915 5264 etiam
967 5218 1022 5266 et
1064 5228 1281 5268 causam
1316 5217 1638 5274 conditihnis
1663 5219 1806 5274 side-

226 5301 374 5352 rum,
402 5304 524 5358 quae
557 5296 772 5364 proprie
803 5299 934 5355 artis
961 5311 1086 5357 sunt
1114 5309 1473 5374 astronomim,
1511 5310 1618 5364 illic
1654 5324 1806 5380 repe-

226 5379 367 5434 risse
398 5397 457 5437 se
485 5385 754 5443 studiosus
789 5392 1011 5462 quisque
1044 5407 1349 5467 cognoscet.
1386 5400 1492 5455 Sed
1515 5401 1643 5456 dicit
1667 5379 1806 5458 forte

223 5471 444 5542 aliquis,
475 5473 587 5532 Nec
617 5479 830 5533 nomina
856 5485 1676 5561 principalitendisciplinarum,
1705 5509 1805 5550 nec

223 5565 654 5640 uniuscujusque
713 5573 1000 5647 disciplinae
1057 5581 1370 5650 singillatim
1429 5590 1612 5654 partes
1635 5623 1650 5649 ,
1705 5600 1805 5643 nec

223 5657 649 5729 uniuscujusque
693 5666 860 5732 partis
899 5671 1142 5725 membra
1193 5671 1504 5742 singillatim
1538 5671 1594 5727 in
1636 5677 1804 5734 sacris

223 5755 444 5813 Litteris
476 5755 848 5830 inveniuntur;
879 5761 1076 5833 quibus
1100 5763 1337 5824 breviter
1373 5767 1804 5838 respondendum

1908 4567 2215 4624 fucatorum
2256 4578 2542 4626 venerator
2577 4581 2694 4627 esto
2724 4572 2986 4643 colorum,
3017 4593 3116 4633 nos
3148 4589 3498 4641 veneratores

1906 4676 1962 4722 ct
1989 4682 2214 4738 capaces
2262 4669 2432 4724 simus
2466 4685 2721 4725 sensuum
2758 4688 3103 4731 arcanorum.
3158 4676 3238 4732 Tu
3270 4678 3498 4750 depictis

1907 4760 2214 4815 demulcere
2253 4761 2472 4828 tabulis,
2503 4777 2601 4818 nos
2629 4763 2828 4821 divinis
2856 4769 3191 4825 mulceamur
3219 4771 3492 4840 alloquiis.

1908 4850 1986 4907 Tu
2035 4853 2224 4924 ﬁguris
2269 4868 2452 4908 rerum
2492 4854 2635 4910 insta
2680 4855 2735 4909 in
2785 4859 2982 4926 quibus
3027 4875 3127 4914 nec
3171 4858 3338 4922 visus,
3393 4873 3497 4916 nec

1907 4944 2142 5010 auditus,
2175 4959 2274 4999 nec
2311 4955 2524 5016 gustus,
2571 4961 2671 5001 nec
2708 4946 2985 5012 odoratus,
3029 4963 3132 5002 nec
3165 4954 3343 5003 tactus
3372 4958 3488 5019 est;

1906 5050 2006 5092 nos
2049 5037 2313 5092 instemus
2360 5037 2556 5092 divina:
2589 5037 2694 5106 legi
2721 5052 2840 5106 quae
2872 5043 2955 5090 est
2977 5035 3489 5110 irreprehensibilis,

1908 5124 1964 5178 in
1986 5140 2093 5194 qua
2131 5128 2498 5184 testimonium
2534 5128 2746 5182 Domini
2785 5125 3014 5195 justitiae
3052 5129 3165 5185 sive
3199 5141 3489 5202 praecepta,

1908 5219 2070 5274 timor
2115 5219 2228 5273 sive
2262 5218 2467 5289 judicia
2520 5218 2638 5287 ejus
2684 5218 3051 5274 inveniuntur.
3104 5219 3234 5285 Quae
3278 5221 3490 5291 singula

1905 5310 2129 5381 pulchre
2177 5312 2630 5385 Psalmographus
2679 5327 2776 5380 per
2827 5310 3110 5379 septimam
3163 5311 3491 5371 deﬁnitionis

1906 5403 2140 5474 speciem
2176 5420 2339 5475 quam
2378 5401 2644 5459 dialemici
2678 5403 2808 5456 κατὰ
2845 5407 3146 5477 μεταφορὰν,
3185 5401 3239 5455 id
3277 5411 3361 5456 est
3395 5421 3491 5473 per

1907 5495 2320 5560 translationem,
2370 5498 2582 5555 vocant,
2630 5506 2697 5547 eo
2737 5495 2880 5562 quod
2916 5508 3033 5548 rem
3061 5493 3310 5562 aliquam
3334 5495 3489 5555 brevi

1904 5591 2176 5660 prmconio
2203 5603 2323 5657 quae
2345 5585 2416 5638 sit
2435 5584 2694 5653 ostendit,
2721 5585 2819 5641 sub
2842 5586 3041 5641 senarii
3063 5588 3274 5644 numeri
3303 5589 3486 5660 perfe-

1905 5682 2111 5749 ctione,
2164 5682 2256 5751 qui
2288 5679 2444 5746 Ξυιιει
2487 5676 2852 5743 arithmeticae
2897 5685 3283 5754 experientiam
3329 5689 3489 5744 disci-

1903 5771 2064 5845 Ριίηθθ
2103 5771 2374 5842 Petimus
2415 5764 2684 5849 habetur,
2732 5789 2798 5835 eo
2836 5776 2979 5848 quod
3007 5779 3119 5836 suis
3139 5780 3383 5850 partibus
3404 5777 3485 5831 dio
