4008 6154
562 357 702 415 1107

1434 356 1495 411 Β.
1538 354 1791 414 CAROLI
1826 353 2048 412 MAGNI
2082 352 2238 411 099.
2272 353 2460 412 PARS
2491 356 2563 415 ll.
2600 355 2853 417 senato
2887 361 2956 417 Il.

3688 362 3824 419 “08

560 483 803 535 mensus.
824 471 883 529 et
904 466 990 527 his
1010 467 1210 529 iterum
1241 464 1299 529 in
1320 477 1494 527 unum
1528 466 1785 533 redactis,
1810 466 2017 536 absque
2036 464 2148 525 ιιΠο
2172 466 2230 535 Δ
2246 465 2421 535 stilari
2458 470 2771 533 reverentia
2814 479 3174 543 nundinatum
3202 473 3263 533 In
3285 472 3434 533 omni
3470 486 3605 545 ergo
3628 477 3833 537 sancti-

562 559 891 631 detrimento
929 566 1021 617 aut
1060 556 1396 621 incremento
1420 555 1507 617 sui
1533 556 1589 610 in
1621 571 1683 615 se
1710 555 1881 624 redit;
1906 557 1982 611 ita
2011 554 2148 615 deﬁ-

561 651 699 707 nivit
728 650 950 711 dicens:
977 648 1086 703 Lex
1137 646 1353 705 Domini
1396 647 1887 721 irrepreltensibiiis,
1937 665 2150 705 conuer-

556 754 677 811 tens
716 744 943 813 ,animas,
986 741 1340 799 testimonium
1374 741 1589 805 Domini
1624 742 1798 811 ﬁdele,
1837 743 2148 813 sapientiam

558 845 815 911 prazstans
842 832 1095 906 parvulis.
1125 832 1360 895 Iustitia:
1393 832 1609 903 Domini
1643 843 1778 887 recte
1817 833 2147 902 lwtiﬁcantes

560 928 743 1001 mdo,
773 934 1090 1001 prat’ceptttm
1115 924 1327 991 Domini
1356 923 1589 983 lucidum
1614 923 1921 989 illuminari;
1944 923 2144 987 oculos.

564 1018 744 1083 Timor
777 1017 993 1087 Domini
1040 1024 1255 1085 sanctus
1297 1032 1610 1088 permanens
1652 1018 1714 1085 in
1756 1015 2009 1083 circulum
2049 1033 2148 1077 ste-

559 1111 689 1185 puli,
714 1110 918 1180 iudicia
942 1107 1158 1181 Domini
1179 1124 1299 1179 pem
1314 1108 1615 1179 justiﬁeata
1650 1109 1707 1171 in
1729 1110 2027 1181 semetipsa,
2056 1108 2152 1165 de—

556 1205 868 1277 siderabilia
917 1222 1072 1275 super
1112 1220 1304 1273 aurum
1338 1212 1390 1263 et
1423 1202 1651 1274 lapidem
1689 1204 1975 1275 pretiosum
2010 1200 2150 1263 mul-

560 1308 698 1369 tum,
742 1307 795 1363 et
826 1295 1073 1359 dulciora
1116 1311 1273 1367 super
1320 1294 1423 1350 mel
1467 1303 1517 1351 et
1559 1295 1737 1365 {auum
1780 1294 1956 1367 (Psal.
2005 1294 2144 1367 ιιι).

564 1387 698 1459 Qua:
732 1387 918 1455 omnia
961 1386 1083 1443 ideo
1123 1384 1327 1455 senarii
1372 1386 1589 1447 numeri
1621 1384 1954 1455 perfectione
1992 1386 2152 1443 deco-

564 1488 774 1550 rentur,
806 1479 935 1550 quia
964 1492 1273 1548 quoniamut
1312 1478 1545 1547 quodam
1588 1477 1749 1537 modo
1797 1479 1944 1536 inter
1982 1494 2043 1535 se
2070 1479 2152 1537 di-

566 1580 715 1637 εμνβ
738 1571 1038 1641 νίάεᾎιὲιιῌὸ
1063 1568 1272 1638 singula
1294 1576 1474 1625 tamen
1495 1570 1564 1625 ad
1585 1570 1975 1640 perfectionem
1995 1571 2149 1643 legis,

564 1678 673 1733 qua
700 1662 799 1727 viri
826 1660 1004 1728 sancti
1035 1659 1263 1730 perfecti
1288 1658 1617 1728 clnculum,
1647 1663 1940 1731 pertinent.
1962 1664 2009 1720 E
2031 1666 2152 1735 qui-

567 1757 671 1817 bus
704 1755 844 1817 sicut
866 1768 980 1817 uno
1004 1754 1286 1815 subtracto
1306 1762 1501 1811 sextus
1527 1770 1785 1813 numerus
1808 1756 2032 1813 minime
2056 1757 2154 1814 ad-

2250 566 2365 623 tate
2391 569 2638 620 versatur
2664 563 2758 634 qui
2796 579 2956 623 suum
2973 563 3210 634 iudicem
3238 577 3295 623 et
3325 567 3520 623 timere
3546 568 3831 637 cognosci-

2250 659 2342 719 tur
2365 661 2421 711 et
2449 669 2652 713 amare.
2688 656 2836 715 Inter
2860 658 3116 718 timorem
3146 674 3377 730 namque
3405 659 3621 717 Domini
3644 668 3703 725 et
3720 659 3831 716 lor-

2251 743 2510 811 midinem
2539 746 2829 811 humanam
2857 750 2962 811 hoc
3000 749 3227 808 intereat
3270 751 3409 819 quod
3451 749 3692 805 formido
3732 751 3831 806 hu-

2248 855 2409 903 mana
2455 857 2579 907 cum
2622 852 2867 915 tempore
2914 852 3315 912 commutatur;
3367 846 3432 901 de
3456 858 3539 910 ea,
3569 845 3628 898 ni
3656 843 3832 911 fallor,

2251 931 2452 993 dictum
2498 942 2619 993 est:
2652 936 2896 1006 Perfecta
2949 938 3181 997 charitas
3223 937 3368 1007 foras
3396 936 3554 989 mittit
3590 935 3831 990 timorem

2248 1023 2306 1097 (ι
2332 1026 2493 1083 Joan.
2526 1027 2624 1098 tv).
2660 1028 2846 1085 Timor
2869 1037 3050 1089 autem
3081 1030 3292 1085 Domini
3338 1046 3370 1084 a
3410 1031 3640 1099 proprio
3691 1039 3832 1086 statu

2250 1114 2397 1175 nulla
2426 1119 2714 1188 temporali
2736 1123 3091 1178 conversione
3110 1130 3370 1187 mutatur,
3401 1122 3497 1177 sed
3519 1122 3575 1175 in
3598 1123 3834 1192 idipsum

2246 1209 2561 1281 sinceritate
2591 1214 2748 1271 bona:
2769 1215 3114 1273 conscientiae
3136 1223 3464 1286 perseverat.
3496 1214 3676 1273 Porro
3697 1214 3839 1283 iudi-

2248 1300 2336 1357 cia
2379 1302 2499 1371 Dei,
2550 1319 2675 1375 qua
2707 1315 2762 1361 et
2790 1323 2918 1373 vera
2940 1307 3314 1377 etiustiﬁcata
3357 1309 3414 1363 in
3464 1309 3751 1378 semetipsa
3799 1322 3833 1361 a

2248 1394 2513 1464 propheta
2548 1396 2953 1465 describuntur,
2993 1400 3247 1455 mandata
3289 1408 3415 1456 sunt
3443 1400 3582 1471 eius,
3630 1416 3746 1469 quae
3776 1400 3835 1454 in

2252 1486 2437 1542 Veteri
2482 1495 2540 1543 et
2588 1488 2736 1547 Novo
2786 1491 3143 1548 Testamento
3188 1493 3495 1561 conscripta
3544 1492 3836 1555 habentur.

2251 1580 2380 1649 quia
2422 1570 2702 1637 reverse:
2734 1581 2939 1651 iudicio
2973 1592 3101 1640 sunt
3135 1585 3371 1654 prolata.
3406 1585 3565 1649 Vera,
3594 1584 3840 1653 inquam,

2250 1673 2619 1744 metonymice
2654 1683 2710 1729 et
2742 1673 3058 1743 iustiﬁcata,
3088 1677 3217 1747 quia
3244 1690 3469 1732 veraces
3497 1684 3553 1731 et
3572 1673 3843 1744 iustiﬁca-

2252 1771 2341 1819 tos
2358 1764 2744 1822 observatores
2766 1782 2895 1822 suos
2920 1767 3181 1823 efﬁciunt.
3208 1767 3356 1825 Inter
3373 1767 3641 1838 iudicium
3663 1776 3846 1821 tamen

565 1847 839 1918 impletur,
868 1846 942 1902 ita
970 1847 1017 1903 si
1049 1846 1252 1915 aliquid
1274 1847 1612 1913 detrahatur,
1638 1848 1990 1933 perfectionis
2015 1827 2229 1934 inte—_B
2254 1855 2354 1912 Dei
2405 1865 2460 1911 et
2502 1855 2707 1928 iudicia
2753 1857 2870 1929 ejus
2924 1860 3031 1915 hoc
3081 1860 3331 1927 interest,
3373 1827 3522 1930 quod
3579 1858 3846 1929 iudicium

566 1941 736 2013 gritas
780 1939 1082 2011 mutilatur,
1132 1940 1245 2001 Lex
1292 1940 1439 2013 enim
1486 1942 1982 2012 irreprehensibilis
2032 1955 2149 2017 est,

565 2032 693 2102 quia
716 2031 958 2103 perlecta
983 2031 1212 2093 veritate
1241 2034 1512 2103 consistit,
1551 2050 1671 2104 qua:
1694 2050 1793 2105 per
1816 2034 2151 2093 Salvatorem

560 2139 674 2187 non
704 2125 1052 2191 reprehensa,
1083 2125 1180 2183 scd
1207 2125 1387 2193 potius
1428 2126 1691 2195 probatur
1732 2129 1994 2198 impleta:
2026 2130 2149 2184 Non

560 2217 697 2282 veni,
726 2216 922 2286 inquit,
953 2216 1122 2295 legent
1154 2216 1368 2283 solvere,
1395 2219 1486 2273 sed
1512 2220 1796 2292 adimplere
1824 2220 2037 2293 (Matth.
2063 2222 2145 2296 tr).

563 2309 635 2369 Et
676 2316 739 2369 ut
781 2324 941 2367 nosse
984 2324 1271 2378 possemus
1316 2309 1666 2382 Evangelium
1710 2328 1927 2383 quoque
1978 2313 2151 2385 legem

562 2401 780 2460 Domini
820 2416 958 2466 esse,
986 2408 1042 2456 et
1073 2401 1283 2457 duobus
1315 2402 1693 2469 Testamentis,
1726 2405 1874 2461 Novo
1898 2405 2152 2462 videlicet

560 2501 622 2552 et
664 2495 869 2559 Veteri,
926 2494 1100 2563 legem
1156 2494 1473 2559 consistere,
1527 2494 1794 2564 adiunxit,
1838 2495 2151 2553 Gonvertens

562 2586 769 2655 ordinas
797 2584 969 2657 (Psal.
993 2583 1132 2656 xu),
1156 2586 1413 2655 quoniam
1448 2587 1658 2643 Veteris
1697 2589 2032 2661 Testamenti
2058 2607 2152 2662 pa-

560 2677 693 2750 gina
714 2676 950 2749 rigorem
972 2677 1132 2733 habet
1152 2679 1639 2751 irreprehensibilis
1659 2683 1995 2751 severitatis;
2015 2684 2148 2741 Novi

562 2780 696 2828 vero
721 2768 1162 2827 convocationem
1204 2778 1259 2826 et
1304 2774 1796 2841 mansuetudinem,
1846 2790 1943 2845 per
1987 2792 2150 2848 quam

559 2868 808 2920 errantes
840 2863 1206 2935 corrigantur,
1252 2871 1307 2919 et
1330 2865 1403 2920 ad
1444 2864 1647 2922 Christi
1681 2868 1913 2938 gratiam
1944 2871 2151 2926 anima-

564 2968 687 3013 rum
715 2956 994 3012 conversio
1020 2955 1135 3011 ﬁat.
1165 2954 1554 3017 Testimonium
1570 2972 1710 3036 _ergo
1732 2960 1945 3015 Domini
1972 2961 2148 3028 ﬁdele,

565 3045 825 3115 quoniam
856 3061 1195 3115 quascunque
1226 3047 1511 3115 pollicetur
1542 3049 1684 3105 Deus
1704 3053 2019 3122 plenissima
2056 3068 2149 3107 ve-

564 3136 729 3196 ritate
788 3135 1143 3206 mplentur.
1202 3134 1359 3203 Quod
1400 3141 1774 3201 testimonium
1829 3145 2148 3213 sapientiam

562 3236 789 3302 ment
826 3228 1084 3297 parvulis,
1148 3243 1257 3284 non
1304 3230 1493 3301 utique
1538 3236 1786 3305 superbis
1814 3251 1913 3291 nec
1948 3238 2152 3293 tumida

562 3338 628 3380 se
660 3322 894 3378 elatione
928 3320 1279 3390 iactantibus,
1326 3324 1422 3381 sed
1466 3327 1553 3383 his
1598 3332 1838 3399 parvulis
1864 3333 1929 3388 de
1958 3333 2155 3403 quibus

564 3415 857 3486 Apostolus
883 3415 1031 3483 dicit,
1066 3414 1245 3470 Nolite
1279 3418 1429 3488 pueri
1462 3422 1596 3492 elﬁci
1638 3424 1894 3490 sensibus,
1923 3426 2012 3479 sed
2043 3443 2157 3480 ma-

566 3505 685 3562 litia
720 3507 923 3578 parvuli
960 3516 1122 3562 estote
1152 3506 1207 3580 (Ι
1232 3507 1356 3563 Cor.
1379 3512 1517 3583 ΧΠ).
1569 3515 1672 3569 Bat
1701 3517 1880 3585 itaque
1913 3517 2156 3570 testimo-

564 3597 720 3653 nium
764 3597 944 3665 Pater,
988 3600 1079 3653 dat
1110 3598 1299 3667 Filius,
1329 3603 1421 3659 dat
1444 3612 1500 3660 et
1524 3605 1758 3677 Spiritus
1798 3615 2050 3673 sanctus;
2100 3616 2154 3664 et

566 3687 712 3745 siem
752 3696 879 3743 sunt
923 3690 1085 3745 unius
1130 3696 1378 3752 essentiae
1413 3704 1469 3752 et
1504 3707 1729 3761 naturas,
1777 3698 1852 3751 ita
1890 3698 2054 3751 etiam
2097 3698 2154 3754 in

566 3778 844 3835 reddendo
868 3781 1178 3841 testimonio
1198 3789 1475 3845 sublimes.
1506 3790 1580 3843 De
1601 3788 1762 3842 Patre
1783 3788 1837 3841 in
1862 3787 2154 3859 Evangelio

567 3870 767 3942 legitur
795 3873 937 3942 quod
974 3875 1345 3937 testimonium
1392 3881 1457 3934 de
1506 3878 1642 3933 Filio
1685 3878 2053 3947 perhibuerit;
2087 3881 2153 3935 de

567 3966 706 4023 Filio
729 3976 912 4027 autem
949 3967 1241 4040 Apostolus
1267 3974 1333 4027 ad
1362 3972 1701 4025 Timotheum
1742 3969 1930 4025 scribit
1955 3985 1970 4025 :
2003 3970 2154 4027 Prte-

568 4062 704 4131 cipio
753 4062 850 4127 tibi
891 4079 1070 4117 coram
1106 4064 1221 4119 Deo
1256 4064 1344 4133 qui
1376 4061 1597 4130 uiviﬁcat
1642 4063 1837 4127 omnia,
1869 4072 1918 4117 et
1944 4063 2153 4119 Christo

567 4152 697 4209 Iesu
738 4156 827 4225 qui
862 4156 1217 4210 testimonium
1261 4151 1484 4206 reddidit
1523 4153 1620 4207 sub
1665 4152 1855 4209 Pontio
1898 4154 2072 4209 Pilato
2101 4156 2154 4229 (Ι

566 4243 706 4301 Tim.
731 4246 840 4317 vi);
881 4247 950 4303 de
986 4248 1191 4319 Spiritu
1214 4259 1428 4315 quoque
1451 4254 1641 4303 sancto
1678 4248 1821 4304 idem
1866 4249 2155 4320 Apostolus

569 4336 704 4390 dicit
744 4350 761 4388 :
806 4336 946 4392 Nam
983 4349 1034 4397 et
1079 4340 1187 4409 ipse
1236 4335 1465 4407 Spiritus
1514 4341 1866 4395 testimonium
1924 4343 2155 4413 perhibet

567 4427 780 4497 spiritui
826 4439 1002 4485 nostra
1038 4427 1213 4502 (Psal.
1254 4428 1646 4502 x1x).lustiti:e
1701 4433 1883 4503 itaque
1940 4435 2154 4490 Domini

2171 3183 2225 3248 Β

2255 1962 2486 2004 numero
2543 1948 2806 2020 singulari
2853 1950 2987 2017 illud
3018 1953 3273 2022 generale
3322 1967 3548 2008 examen
3596 1961 3685 2007 est
3709 1993 3727 2020 ,
3768 1950 3851 2022 iu-

2254 2038 2399 2093 dicia
2432 2054 2563 2096 vero
2582 2039 2703 2110 eius
2723 2056 2948 2098 onmem
2968 2042 3169 2111 plurali
3186 2050 3523 2103 sacramenta
3546 2053 3697 2108 sunt,
3731 2057 3853 2113 quae

2252 2129 2313 2186 in
2362 2132 2572 2189 duobus
2618 2134 2997 2198 Testamentis,
3045 2150 3155 2189 non
3198 2136 3255 2189 in
3300 2133 3626 2202 imaginibus
3658 2150 3774 2189 nec
3800 2136 3856 2187 in

2253 2221 2483 2291 picturis
2524 2225 2892 2288 inveniuntur,
2938 2239 3059 2291 qum
3082 2225 3224 2277 idem
3253 2223 3709 2290 Psalmographus
3744 2240 3861 2292 per

2252 2313 2470 2370 schema
2498 2316 2643 2384 quod
2668 2314 2853 2369 Graece
2888 2312 3122 2380 αὔξησις,
3162 2313 3219 2366 id
3256 2321 3343 2366 est
3382 2320 3752 2383 augmentum,
3780 2328 3860 2370 eo

2252 2403 2395 2472 quod
2419 2402 2679 2471 paulatim
2702 2404 2772 2461 ad
2792 2402 3071 2472 superiora
3094 2411 3429 2469 concrescat,
3456 2404 3535 2457 ita
3560 2405 3853 2471 expressit

2252 2493 2436 2549 dicens
2466 2511 2481 2561 ς
2511 2492 2895 2551 Desiderabilia
2916 2509 3073 2571 super
3095 2509 3290 2547 aurum
3317 2502 3365 2546 et
3387 2492 3619 2562 lapidem
3641 2493 3850 2562 pretio-

2248 2603 2365 2643 sum
2404 2584 2650 2651 multum,
2674 2596 2723 2641 et
2750 2586 2989 2640 dulciora
3023 2603 3181 2655 super
3220 2584 3323 2640 mel
3349 2592 3398 2640 et
3439 2585 3618 2654 favum
3660 2584 3843 2651 (Psal.

2251 2678 2386 2751 xxx).
2416 2677 2573 2733 Sicut
2591 2677 2735 2733 enim
2761 2677 2966 2748 lapides
2994 2676 3218 2747 pretiosi
3244 2691 3379 2731 auro
3394 2674 3769 2745 praferuntur
3788 2678 3845 2732 in

2249 2769 2450 2840 pretio,
2470 2769 2550 2824 ita
2595 2768 2855 2823 nimirum
2896 2782 3031 2823 auro
3060 2778 3117 2829 et
3151 2767 3420 2838 lapidibus
3451 2767 3713 2837 pretiosis
3738 2767 3846 2823 mel

2252 2869 2310 2917 et
2336 2858 2521 2915 favum
2554 2858 2837 2915 dulcedine
2858 2858 3163 2929 pra-Iermr.
3213 2858 3317 2915 Der
3350 2860 3494 2915 hanc
3520 2860 3670 2921 enim
3716 2860 3849 2932 ﬁgu-

2254 2968 2373 3008 ram
2423 2953 2568 3008 idem
2610 2951 2899 3009 Psdmista
2950 2961 3317 3023 susceptorum
3374 2967 3567 3020 suum,
3620 2952 3845 3024 gloriam

2253 3045 2418 3100 etiam
2444 3053 2501 3099 et
2533 3045 2859 3101 exaltantem
2888 3052 3052 3113 caput
3092 3059 3251 3099 suum
3276 3044 3561 3100 Dominum
3591 3059 3718 3101 esse
3758 3047 3847 3101 de-

2254 3142 2441 3191 cantat
2459 3136 2645 3193 ﬁcens
2662 3177 2677 3202 ,
2718 3135 2799 3188 Tu
2835 3145 3030 3202 autem,
3045 3135 3286 3203 Domine,
3312 3147 3583 3210 susceptor
3603 3155 3752 3195 meus
3771 3155 3844 3206 es,

2256 3228 2428 3299 gloria
2477 3245 2613 3293 mea,
2643 3237 2692 3282 et
2737 3227 2976 3285 exultans
3018 3240 3175 3299 caput
3209 3247 3383 3287 meum
3428 3231 3602 3303 (Psal.
3639 3233 3748 3305 In).
3780 3233 3846 3288 Et

2254 3320 2546 3390 Apostolus
2567 3320 2647 3374 ait
2672 3335 2687 3374 :
2716 3318 2847 3385 Quis
2872 3335 2966 3377 nos
2991 3321 3252 3392 separabit
3273 3338 3306 3377 a
3326 3322 3584 3378 charitate
3603 3322 3803 3379 Christi
3821 3325 3847 3378 2

2252 3410 2524 3470 tribulatio
2544 3425 2614 3463 an
2629 3410 2871 3479 angustia
2887 3410 2913 3463 7
2924 3427 2995 3464 an
3008 3412 3296 3480 persecutio
3310 3412 3335 3466 ?
3348 3430 3417 3468 an
3434 3414 3598 3484 fames
3610 3413 3636 3467 ?
3661 3431 3734 3468 an
3756 3432 3846 3470 nu-

2253 3499 2392 3553 ditas
2407 3499 2432 3551 ῖ)
2456 3515 2529 3552 an
2560 3498 2851 3569 periculum
2869 3500 2894 3553 7
2914 3516 2986 3559 an
3017 3500 3228 3581 gladius
3253 3501 3435 3574 (Rom.
3460 3505 3619 3578 vni)?
3652 3505 3708 3560 in
3730 3521 3838 3576 qua

2252 3605 2351 3661 per
2370 3599 2664 3660 augmenta
2696 3592 2980 3648 nominum
3022 3594 3104 3649 rei
3133 3596 3448 3666 magnitudo
3475 3598 3673 3653 sensim
3720 3614 3840 3654 suc-

2253 3685 2469 3741 crescit.
2502 3684 2601 3740 Cui
2626 3700 2937 3757 quanquam
2963 3687 3139 3743 vicina
3172 3689 3244 3743 sit
3268 3689 3474 3761 ﬁgura,
3514 3705 3636 3760 quae
3662 3690 3841 3747 Graece

2253 3777 2430 3847 κλίμαξ
2452 3819 2467 3842 ,
2539 3777 2734 3834 Latine
2793 3779 3037 3849 gradatio
3100 3781 3314 3846 dicitur,
3366 3783 3583 3855 quando
3657 3785 3838 3855 positis

2252 3867 2578 3935 quibusdam
2603 3868 2859 3939 gradibus
2890 3870 3006 3925 sive
3030 3871 3090 3925 in
3116 3871 3293 3937 laude,
3335 3874 3451 3929 sive
3491 3875 3546 3929 in
3569 3876 3837 3948 vitupera-

2255 3961 2440 4029 tione,
2493 3977 2709 4034 semper
2758 3963 3040 4029 accrescit,
3096 3966 3163 4021 ab
3217 3980 3280 4020 ea
3334 3974 3518 4023 tamen
3548 3969 3832 4040 plurimum

2253 4053 2420 4109 distat
2451 4056 2596 4125 quod
2649 4055 2862 4122 αὔξησις
2901 4056 3019 4113 sine
3065 4056 3173 4111 ulla
3220 4057 3510 4117 iteratione
3564 4062 3833 4117 nominum

2250 4162 2440 4202 rerum
2484 4157 2741 4217 procurat
2781 4158 3098 4220 augmenta,
3126 4150 3310 4222 κλίμαξ
3335 4167 3467 4208 vero
3510 4160 3830 4224 postremum

2254 4240 2480 4295 verbum
2509 4239 2654 4309 quod
2682 4247 2769 4294 est
2794 4241 2851 4295 in
2898 4242 3075 4309 primo
3099 4249 3368 4298 commate
3392 4245 3626 4314 positum
3664 4244 3718 4299 in
3754 4256 3834 4298 se-

2254 4333 2439 4401 quenti
2462 4334 2710 4389 membro
2734 4335 2910 4389 modis
2951 4335 3202 4390 omnibus
3224 4338 3437 4406 repetit,
3468 4339 3654 4409 sicque
3693 4338 3831 4392 velut

2254 4432 2445 4479 catena
2480 4424 2624 4481 aliud
2661 4440 2876 4495 semper
2922 4427 2981 4481 in
3035 4426 3140 4483 alio
3184 4428 3441 4494 nectitur,
3476 4437 3536 4485 ut
3578 4436 3658 4485 est
3708 4425 3830 4483 illud

570 4527 736 4576 recta
778 4518 900 4575 ideo
951 4522 1221 4587 dicuntur,
1267 4521 1393 4590 quia
1432 4537 1540 4576 non
1594 4524 1752 4580 aliter
1812 4528 2157 4598 cognoscitur
2185 4536 2234 4598 ι)
2258 4517 2499 4587 Apostoli
2533 4537 2545 4573 :
2578 4517 2812 4575 Scientes
2833 4520 2971 4593 quod
3008 4520 3277 4576 tribulatio
3319 4523 3623 4593 patientiam
3661 4537 3830 4593 opera-

567 4604 762 4665 lecisse
795 4625 960 4679 quam
1009 4611 1210 4675 docuit,
1254 4625 1356 4665 nec
1391 4611 1537 4667 aliud
1571 4612 1671 4670 illi
1699 4616 1755 4671 in
1782 4633 1896 4685 ore,
1923 4619 2069 4674 aliud
2098 4621 2153 4675 in

564 4715 733 4770 opere
783 4709 886 4758 est.
919 4698 1269 4767 Leti/icantes
1317 4712 1437 4757 sunt
1489 4704 1672 4771 corda,
1722 4708 1847 4778 quia
1883 4709 2154 4778 justorum

563 4802 761 4861 mentes
796 4800 1110 4851 liternorum
1134 4796 1472 4863 prtemiorum
1519 4797 1798 4854 collatione
1823 4800 2152 4868 demulcent;

562 4896 797 4952 quem
832 4881 1181 4953 praemiorum
1225 4886 1573 4956 perceptione
1619 4888 1853 4942 conﬁsus
1903 4899 2021 4943 erat
2064 4892 2154 4947 ille

567 4974 663 5042 qui
688 4974 919 5042 diccbat,
944 4973 1023 5031 De
1051 4977 1250 5049 reliquo
1279 4978 1507 5049 reposita
1528 4987 1604 5031 est
1628 4979 1755 5033 mihi
1781 4993 1974 5030 corona
1990 4980 2155 5047 justi-

570 5067 677 5131 liw,
712 5082 873 5135 quam
916 5067 1094 5125 reddet
1138 5071 1268 5124 mihi
1320 5067 1578 5122 Dominus
1609 5067 1667 5118 in
1712 5065 1805 5118 illa
1852 5065 1936 5119 die
1972 5067 2152 5137 justus

564 5156 734 5232 iudex
780 5152 866 5223 (ll
894 5154 1028 5210 Tim.
1064 5158 1165 5230 ιν).
1198 5158 1333 5213 Nam
1380 5162 1709 5223 praeceptum
1758 5155 1969 5213 Domini
2006 5168 2154 5215 recte

562 5247 803 5309 lucidum
829 5247 1043 5314 dicitur,
1071 5252 1186 5305 sive
1208 5248 1335 5315 quia
1356 5262 1388 5300 a
1412 5243 1575 5301 Patre
1602 5245 1865 5303 luminum
1886 5253 2150 5320 procedit,

561 5342 683 5399 sive
724 5340 1105 5411 metonymice,
1158 5337 1304 5405 quod
1350 5335 1561 5402 lucidos
1607 5337 1828 5395 efﬁciat.
1881 5341 2157 5400 llluminat

567 5435 733 5491 etiam
754 5432 963 5495 oculos,
992 5443 1103 5483 non
1126 5429 1392 5497 carnales,
1439 5445 1574 5500 quos
1600 5433 1881 5489 nobiscum
1909 5436 2156 5492 animan-

571 5525 647 5581 tia
674 5536 990 5582 communes
1015 5519 1216 5577 habere
1242 5531 1559 5592 noscuntur,
1587 5526 1681 5582 sed
1719 5528 2025 5593 interiores,
2060 5528 2153 5597 qui

567 5618 740 5673 divini
794 5614 1039 5673 muneris
1085 5614 1279 5684 iubare
1324 5617 1678 5689 spiritualiter
1730 5618 2150 5687 perlustrantur.

574 5705 755 5765 Timor
785 5715 967 5765 autem
1003 5708 1216 5771 Domini
1244 5720 1458 5767 satich
1478 5725 1787 5781 permanens
1814 5709 1873 5767 in
1904 5709 2154 5766 secutum

570 5792 757 5851 seculi
784 5805 806 5846 δ
828 5792 993 5849 mist:
1034 5803 1119 5853 est
1152 5812 1274 5863 cum
1300 5814 1500 5867 pavore
1522 5799 1761 5866 dilectio,
1786 5814 1908 5871 quae
1924 5815 2028 5863 usu
2052 5818 2156 5862 sae-

2258 4616 2366 4673 tur,
2393 4609 2647 4679 patientia
2668 4610 3043 4680 probationem,
3073 4612 3310 4682 probatio
3334 4629 3492 4683 spem,
3525 4629 3636 4681 spes
3658 4618 3822 4663 autem

2259 4717 2363 4755 non
2376 4702 2651 4770 confundit
2672 4702 2943 4775 (Rom.v);
2963 4704 3092 4759 item
3108 4705 3266 4761 illud:
3288 4705 3419 4759 Nam
3429 4720 3557 4776 quos
3571 4700 3819 4774 prwsririt

2259 4797 2308 4842 et
2321 4790 2725 4858 praedestinavit,
2742 4808 2829 4845 eos
2851 4802 2897 4846 et
2920 4796 3151 4861 vocavit;
3175 4806 3223 4851 et
3246 4812 3367 4868 quos
3387 4795 3597 4859 vocavit,
3625 4791 3741 4869 illos
3775 4800 3822 4845 et

2250 4881 2560 4951 iustiﬁcam
2587 4897 2605 4934 :
2641 4898 2770 4951 quos
2792 4892 2965 4937 autem
2982 4886 3314 4957 justiﬁcavit,
3336 4885 3454 4943 illos
3491 4894 3538 4940 et
3567 4882 3823 4957 gloriﬁca-

2259 4972 2530 5047 uit(Rom.
2570 4973 2712 5045 vm).
2751 4973 2885 5029 Nam
2914 4977 2958 5031 si
2996 4977 3136 5034 forte
3179 4988 3259 5044 tu,
3308 4988 3519 5035 amator
3542 4977 3621 5033 vel
3655 4975 3826 5050 potius

2258 5062 2513 5117 adorator
2545 5062 2862 5134 imaginum,
2886 5066 3146 5124 interiore
3169 5070 3409 5138 pectoris
3452 5083 3677 5125 rancore
3712 5065 3827 5135 sub-

2257 5168 2565 5209 murmures
2611 5155 2794 5211 dicens
2840 5172 2855 5211 :
2899 5158 3039 5225 Quid
3091 5176 3315 5217 necesse
3362 5170 3447 5233 est
3490 5168 3702 5237 tantum
3740 5170 3827 5228 per

2257 5236 2536 5300 scliematﬂ
2583 5248 2838 5317 evagari?
2883 5265 3177 5321 cognosces
3226 5267 3290 5308 ea
3329 5254 3489 5308 nobis
3524 5236 3826 5309 amabiliora

2254 5337 2582 5406 imaginibus
2626 5340 2738 5397 sive
2774 5342 2930 5411 pictis
2953 5343 3151 5399 tabulis
3187 5345 3291 5401 tuis
3320 5360 3462 5415 esse,
3494 5354 3553 5401 et
3573 5346 3695 5400 ideo
3724 5351 3825 5397 tan-

2254 5434 2371 5482 tum
2410 5428 2466 5482 in
2486 5429 2592 5485 illis
2648 5438 2897 5502 evagatos
2924 5448 3062 5487 esse.
3110 5433 3222 5490 llas
3265 5438 3468 5490 etenim
3507 5433 3819 5492 dulcedines.

2256 5520 2357 5575 has
2396 5521 2722 5579 refectiones
2759 5523 2817 5577 in
2864 5522 3162 5594 Scripturis
3194 5528 3307 5582 sive
3336 5529 3389 5582 in
3433 5527 3823 5597 Scripturarum

2255 5615 2640 5683 schematibus,
2679 5632 2780 5672 nos
2822 5616 2934 5673 sive
2979 5628 3205 5677 caeteros
3256 5619 3665 5692 Scripturarum
3699 5629 3825 5672 ama-

2252 5714 2402 5763 tores
2449 5709 2687 5778 reperire
2722 5708 3004 5778 cognosCe,
3041 5710 3189 5782 'quas
3221 5721 3281 5768 tu
3327 5713 3440 5769 sive
3487 5712 3623 5768 socii
3674 5708 3748 5765 tui
3778 5704 3826 5759 in

2259 5800 2465 5871 ﬁguris,
2508 5817 2682 5873 neque
2715 5804 2769 5858 in
2811 5804 3028 5871 tabulis,
3062 5804 3119 5862 in
3143 5808 3339 5879 quibus
3382 5806 3561 5864 cordis
3603 5804 3687 5861 tui
3738 5813 3829 5872 pll'
