4008 6154
226 247 369 305 1109

1000 239 1178 299 LIBRI
1212 238 1560 300 CAROLINI.
1599 268 1671 280 —
1707 236 1930 295 CAPIT.
1974 239 2062 297 DE
2099 239 2291 301 IMAG.
2327 275 2399 287 —
2436 245 2569 304 LIB.
2606 247 2677 304 Π.

3356 250 3500 308 11εο

227 359 445 421 ritatam
498 369 717 417 servare
777 364 832 413 te
878 355 1017 412 dicis
1040 395 1057 423 ,
1093 356 1311 426 penitus
1375 368 1485 410 non
1541 351 1801 423 reperies.
1830 351 2078 422 Aelusa,
2120 360 2260 415 hanc
2288 359 2536 418 videntur
2576 361 2868 437 protulisse
2914 364 3277 433 sententiam:
3313 383 3330 417 ι
3368 366 3500 435 Qui-

787 509 1015 573 CAPUT
1065 509 1260 583 XXXI.

223 642 385 714 Quod
420 652 606 701 contra
652 643 945 699 ﬂaminica:
991 641 1127 698 vocis
1168 639 1445 711 iinperium
1481 639 1721 714 faciunt
1759 640 1815 693 hi

296 716 387 788 qui
411 725 650 793 parentes
690 732 816 771 suos
844 710 1327 793 anathemtizant;
1360 720 1409 765 et
1527 710 1815 793 secundum

298 781 357 840 eo
366 781 807 859 nimopinionem
821 785 1217 859 prwdecessores
1234 798 1417 859 eorum
1446 782 1679 859 hwretici
1701 781 1815 850 [ue-

300 872 383 921 re,
415 857 503 909 isti
529 852 591 909 ab
618 852 877 910 haereticis
902 854 1077 925 geniti,
1105 852 1245 907 docti
1276 863 1323 925 et
1344 853 1631 925 coniecrati
1654 861 1775 913 sunt
1794 868 1813 905 :

298 928 408 981 sive
435 927 498 980 de
526 942 632 997 non
674 922 976 997 judicanilis
1018 925 1099 978 his
1138 926 1227 995 qui
1263 923 1327 978 de
1363 922 1553 977 swculo
1598 939 1819 976 recesse-

304 1006 461 1064 runt;
503 995 577 1055 vel
607 995 856 1066 quaedem
876 996 1097 1066 istorum
1129 1011 1280 1048 error
1296 1012 1328 1048 α
1348 1003 1621 1066 parentum
1643 1010 1819 1066 errore

305 1067 593 1147 dissentiat,
617 1064 732 1129 cum
772 1064 1003 1147 videlicet
1032 1065 1113 1121 illi
1138 1066 1393 1138 imagines
1428 1065 1705 1136 frangere,
1730 1064 1831 1147 isti

308 1136 535 1192 adorare
568 1138 881 1192 censuerint.

293 1288 546 1365 Denique
583 1287 658 1342 illi
689 1287 782 1358 qui
804 1302 898 1344 eas
920 1289 1138 1361 corpori
1164 1296 1219 1345 et
1261 1287 1507 1358 sanguini
1533 1284 1818 1342 Dominico

219 1394 512 1450 comquare
558 1388 896 1450 praesumunt
925 1422 941 1448 ,
1012 1390 1164 1437 tanto
1215 1381 1427 1437 illarum
1494 1381 1823 1451 instigantur

223 1485 434 1538 amore,
476 1480 541 1527 ut
587 1473 756 1528 etiam
812 1482 1067 1544 parentes
1112 1489 1240 1531 suos
1285 1474 1378 1544 qui
1421 1487 1515 1530 eas
1554 1474 1823 1544 sprevisse

222 1574 546 1631 noscuntur,
589 1568 1051 1624 anathematizare
1103 1584 1214 1624 non
1264 1568 1528 1632 dubitent,
1580 1584 1823 1629 errorem

221 1657 407 1737 errori
443 1666 751 1724 nectentes;
796 1674 919 1713 eum
941 1660 1194 1715 videlicet
1238 1669 1293 1716 et
1336 1662 1441 1717 illis
1471 1664 1822 1737 incongruam

225 1732 289 1802 et
317 1748 678 1804 inordinatam
705 1750 998 1806 exhibeant
1045 1751 1436 1817 adorationem,
1483 1762 1537 1809 et
1569 1732 1659 1809 his
1681 1754 1763 1811 vel
1790 1732 1823 1810 a

230 1840 436 1910 quibus
457 1854 556 1911 per
584 1842 767 1899 carnis
791 1843 1073 1898 materiam
1111 1844 1394 1915 propagati
1425 1854 1569 1912 sunt,
1596 1846 1679 1901 vel
1724 1846 1823 1901 hos

228 1945 336 2002 per
364 1947 595 2001 quorum
623 1934 1086 1990 consecrationem
1128 1943 1183 1989 et
1219 1935 1470 2005 baptismi
1517 1953 1823 1995 sacramen-

232 2035 354 2081 tum
380 2034 437 2081 et
468 2036 662 2081 cmtera
711 2028 1036 2083 charismata
1071 2044 1373 2098 sumpsere,
1412 2029 1822 2100 inopportunam

230 2117 485 2189 ingemat
531 2121 979 2177 exsecrationem.
1011 2121 1145 2176 Nam
1182 2123 1229 2178 si
1272 2125 1564 2185 secundum
1611 2126 1825 2181 illorum

224 2209 506 2265 vesaniam
534 2226 721 2267 omnes
752 2212 1049 2282 imaginum
1087 2213 1405 2271 adoratione
1438 2199 1687 2279 carentes
1711 2218 1824 2273 lue-

224 2301 386 2356 retici
427 2309 569 2366 sunt,
602 2311 816 2356 constat
846 2304 1084 2374 majores
1106 2320 1295 2359 eorum
1325 2307 1418 2376 qui
1450 2322 1545 2362 eas
1583 2324 1691 2364 non
1733 2309 1827 2363 ad-

228 2407 458 2449 oravere
477 2393 762 2449 haereticos
784 2393 949 2450 fuisse
975 2411 990 2449 :
1016 2397 1106 2466 qui
1129 2398 1175 2452 si
1198 2398 1442 2455 hmretici
1461 2399 1629 2465 fuere,
1648 2416 1826 2472 neque

230 2485 670 2553 consecrationes
727 2486 975 2550 faciendi,
1008 2505 1212 2559 .neque
1269 2507 1462 2555 manus
1512 2494 1825 2564 imponendi

226 2583 555 2646 potestatem
588 2577 923 2647 habuerunt;
964 2580 1056 2650 qui
1100 2582 1146 2639 si
1180 2583 1318 2649 hanc
1342 2600 1449 2651 non
1496 2588 1820 2653 habuerunt,

226 2667 289 2723 hi
324 2668 418 2738 qui
442 2670 511 2737 ab
536 2669 616 2725 eis
641 2670 784 2725 hanc
810 2686 870 2727 se
902 2673 1175 2743 accepisse
1216 2684 1426 2749 putant,
1476 2694 1652 2751 neque
1698 2696 1826 2745 con-

227 2759 594 2815 secrationem
656 2774 834 2830 neque
890 2776 1083 2818 manus
1152 2763 1552 2837 intpositionem
1604 2770 1821 2831 habent.

225 2848 372 2905 Item
407 2850 453 2904 si
486 2851 901 2921 prodecessores
939 2868 1126 2908 eorum
1145 2895 1162 2924 ,
1206 2864 1265 2910 ut
1301 2857 1373 2917 illi
1405 2858 1574 2925 aiunt,
1606 2861 1827 2929 anathe-

230 2942 438 2998 mathis
471 2942 816 3015 colligatione
853 2945 999 3016 digni
1040 2947 1279 3018 fuerunt,
1328 2952 1526 3025 ligandi
1554 2954 1823 3017 solvendi-

1914 465 2123 521 cunque
2154 452 2248 507 lilii
2273 467 2304 507 a
2326 454 2640 523 parentibus
2673 455 2774 511 sub
2815 462 3081 528 praetextu
3112 457 3282 517 divini
3322 458 3502 527 cultus

1915 546 2228 617 abscedunt,
2255 562 2355 601 nec
2376 546 2612 605 debitam
2649 547 3011 615 reverentiam
3034 549 3345 619 dependunt
3371 551 3495 621 illis,

1916 636 2199 690 anathema
2223 637 2349 692 sint.
2379 656 2397 690 ι
2426 636 2485 692 Si
2510 652 2639 692 vero
2662 638 2718 693 bi
2748 640 2841 709 qui
2881 639 2961 699 eis
2985 639 3222 703 debitam
3249 656 3502 699 reveren-

1916 725 2049 780 tiam
2095 742 2204 782 non
2250 728 2587 800 impendunt,
2621 732 3172 803 auathematizantur,
3212 748 3319 805 quo
3344 742 3505 805 putas

1917 820 2279 878 damnationis
2312 824 2527 881 vinculo
2565 825 2658 897 qui
2713 840 2808 885 eos
2860 827 3323 893 anathematizant
3368 843 3503 887 con-

1916 916 2241 970 nectantur?
2277 916 2680 981 Saluberrimus
2721 935 2956 991 namque
3004 936 3037 979 a
3085 922 3290 979 sanctis
3336 920 3507 981 Patri-

1917 1006 2019 1063 bus
2057 1007 2316 1063 Ecclesiis
2375 1008 2607 1077 traditus
2666 1027 2795 1073 usus
2844 1021 2929 1067 est
2974 1027 3074 1083 pro
3131 1012 3509 1079 defunctorum

1838 1143 1849 1151 .
1921 1098 2199 1169 spiritibus
2220 1100 2505 1157 Dominum
2532 1101 2832 1171 deprecari,
2860 1117 3022 1172 quem
3052 1118 3150 1167 nos
3170 1119 3296 1159 cum
3320 1111 3509 1159 sancta

1920 1191 2069 1247 omni
2109 1192 2375 1248 catholica
2398 1199 2453 1245 et
2481 1192 2776 1255 universali
2826 1192 3067 1251 Ecclesia
3098 1192 3501 1264 amplectentes,

1922 1299 2029 1338 non
2069 1283 2242 1341 solum
2271 1298 2370 1353 pro
2404 1292 2714 1341 nostrorum
2752 1288 3066 1355 parentum,
3109 1298 3298 1339 verum
3345 1286 3509 1341 etiam

1922 1390 2021 1445 pro
2070 1374 2369 1429 amicorum
2424 1373 2664 1429 ﬁdelium
2706 1373 2799 1443 qui
2840 1388 2939 1431 nos
2975 1374 3031 1429 in
3059 1388 3192 1445 pace
3230 1374 3511 1431 Dominica

1886 1462 1893 1469 ’
1922 1474 2315 1537 praecesserunt
2340 1466 2620 1538 spiritibus
2651 1464 3133 1523 clementissimum
3162 1466 3376 1520 Domini
3397 1466 3512 1535 pie‘

1927 1556 2498 1627 tatem-exposcimus.
2534 1555 2634 1615 Cui
2674 1557 2995 1625 venerandm
3036 1566 3090 1617 et
3129 1557 3512 1615 ecclesiastica:
3606 1634 3612 1639 η

1928 1648 2301 1704 constitutioni
2328 1664 2434 1702 non
2458 1649 2802 1709 mediocriter
2828 1650 3099 1717 contraire
3126 1650 3379 1709 videntur
3416 1651 3512 1722 qui

1852 1717 1899 1777 Β
1928 1739 2298 1799 defunctorum
2327 1748 2610 1810 parentum
2655 1738 2877 1809 spiritus
2918 1755 3027 1795 non
3062 1741 3398 1799 orationibus
3423 1717 3514 1799 ad-

1919 1832 2132 1915 juvare,
2164 1831 2257 1886 sed
2306 1831 2665 1889 anathematis
2693 1832 2905 1903 vinculo
2931 1832 3185 1904 colligare
3220 1833 3509 1901 nituntur;

1926 1933 1979 1981 et
2004 1925 2093 1995 qui
2121 1940 2278 1981 orare
2300 1926 2462 1997 etiam
2490 1939 2590 1995 pro
2623 1925 2858 1993 inimicis
2901 1926 3211 2001 apqsmlieae
3251 1926 3513 1997 eruditio-

1926 2018 2013 2072 nis
2037 2018 2358 2071 documento
2384 2014 2662 2084 jubentur,
2695 2032 2794 2086 pro
2817 2017 2929 2072 suis
2951 2018 3054 2073 hoc
3095 2016 3273 2076 facere
3314 2034 3514 2081 paren-

1927 2112 2073 2167 tibus
2103 2111 2457 2166 reluctantur.
2492 2110 2600 2164 Nos
2634 2111 2832 2166 nostris
2857 2112 3152 2167 secundum
3188 2112 3515 2167 ecclesiasti-

1926 2217 2049 2256 cum
2076 2218 2231 2257 usum
2258 2217 2357 2277 per
2384 2202 2691 2257 orationum
2715 2210 2769 2258 et
2807 2203 3270 2276 eleemosynarum
3298 2205 3510 2260 instan-

1926 2292 2055 2346 tiam
2085 2292 2425 2363 deposcimus
2450 2292 2681 2358 veniam,
2714 2293 2791 2346 illi
2841 2294 2952 2349 suis
2985 2311 3083 2365 per
3109 2295 3351 2350 inanium
3378 2310 3510 2351 con—

1924 2385 2173 2439 eiliorum
2215 2395 2513 2444 conventus
2567 2394 2825 2457 ex0ptant
2865 2403 3102 2457 poenam.
3148 2388 3257 2443 Nos
3307 2389 3515 2444 nostris

1926 2480 2162 2548 quietem
2209 2478 2551 2548 exposcimus
2602 2492 2699 2549 per
2746 2478 3035 2551 missarum
3084 2479 3380 2546 solemnia,
3430 2479 3511 2534 illi

1927 2573 2037 2626 suis
2066 2573 2314 2642 ingerunt
2358 2572 2597 2627 convicia
2627 2587 2722 2642 per
2776 2572 3079 2633 inordinata
3106 2574 3352 2643 concilia.
3401 2572 3516 2629 Nos

1925 2671 2236 2718 nostrorum
2267 2662 2586 2718 memoriam
2622 2662 2851 2721 facimus
2896 2664 2953 2721 in
2998 2666 3263 2735 oratione,
3293 2665 3370 2737 illi
3398 2665 3515 2729 suis

1928 2757 2213 2810 anathema
2252 2753 2462 2825 jaciunt
2510 2770 2630 2815 cum
2698 2757 2931 2827 quadam
2981 2758 3373 2827 abdicatione.‘
3403 2757 3515 2821 Nos

1925 2855 2235 2917 nostrorum
2282 2846 2506 2919 spiritus
2552 2848 2737 2918 requie
2789 2849 2955 2923 potiri
3008 2866 3227 2909 oramus
3276 2851 3332 2911 in
3390 2852 3514 2923 sinu

1924 2937 2174 3006 Abrahre,
2214 2928 2559 2996 illi'suorum
2601 2949 2788 3015 optant
2833 2943 3080 2999 damnari
3130 2943 3339 3007 animas
3389 2960 3516 3000 cum

227 3050 340 3106 que
371 3044 693 3107 potestatem
714 3053 821 3093 non
844 3038 1151 3105 habuerunt
1182 3061 1194 3099 τ
1220 3058 1381 3114 quam
1408 3047 1454 3102 si
1484 3062 1589 3107 ηοη
1624 3046 1825 3107 Inbue.
1853 3079 1899 3142 C
1928 3034 2074 3098 Ario,
2108 3034 2362 3142 Salie‘l‘lio,
2389 3036 2666 3142 Ilioseoro,
2697 3036 2946 3101 Nestorio
2980 3046 3035 3094 et
3061 3037 3381 3142 Eutychete.
3404 3038 3516 3142 lies

224 3134 359 3181 runt
407 3129 586 3183 omnia
648 3143 983 3201 quaecunque
1029 3134 1099 3188 ab
1154 3134 1236 3191 eis
1294 3135 1349 3199 in
1391 3136 1634 3194 Ecclesia
1671 3147 1821 3210 gesta

229 3224 360 3275 sunt
408 3220 670 3276 cassanda
700 3227 826 3275 sunt
839 3237 854 3295 ;
893 3221 940 3292 si
976 3224 1158 3285 omnia
1184 3226 1467 3297 abnuentis
1513 3238 1660 3293 sunt,
1694 3245 1822 3299 gra-

227 3311 331 3367 dus
369 3319 425 3367 et
466 3312 836 3377 ordinationes
883 3314 1167 3377 abnuenda
1201 3326 1326 3377 sunt
1357 3333 1373 3373 :
1411 3320 1457 3385 si
1501 3319 1666 3390 igitur
1698 3336 1825 3391 pro-

227 3406 546 3463 decessores
594 3407 810 3463 illorum
870 3411 1233 3467 anathemalis
1288 3412 1632 3485 colligatione
1678 3414 1824 3484 digni

227 3497 472 3563 fuerunt,
524 3498 748 3554 istorum
796 3501 993 3571 gradus
1045 3510 1101 3557 et
1146 3505 1516 3562 ordinationes
1561 3508 1825 3563 eassanda

233 3601 385 3648 sunt.
410 3591 530 3644 Non
554 3592 696 3645 enim
731 3594 1096 3651 schismaticis
1139 3605 1194 3651 et
1226 3601 1587 3665 anathematis
1608 3600 1825 3657 vinculo

236 3682 510 3753 colligatis
530 3682 727 3752 ligandi
754 3684 1121 3757 solvendique,
1149 3689 1245 3743 sed
1274 3690 1479 3751 idoneis
1505 3698 1559 3746 et
1597 3692 1827 3751 catholi-

234 3774 316 3830 cis
352 3780 684 3843 potestatem
712 3788 742 3827 a
791 3774 1017 3830 Domino
1051 3776 1278 3848 legimus
1321 3795 1441 3841 esse
1484 3797 1822 3845 concessam.

232 3863 565 3921 Parentibus
602 3863 809 3920 interea
854 3866 1114 3922 honorem
1142 3867 1573 3939 impendendum,
1604 3888 1711 3929 non
1738 3888 1829 3935 so-

233 3955 351 4012 lum
382 3955 593 4027 legalis,
624 3956 941 4031 prophetica
982 3967 1037 4013 et
1083 3960 1395 4033 apostolica,
1441 3977 1628 4019 verum
1664 3964 1829 4027 etiam

231 4049 553 4122 evangelica
601 4050 902 4111 admonitio
953 4053 1130 4121 docet,
1177 4054 1390 4113 dicente
1439 4056 1684 4125 Domino,
1715 4057 1829 4113 IIo-

231 4158 363 4197 nora
388 4150 601 4215 patrem
629 4151 778 4197 tuum
801 4152 851 4197 et
877 4154 1097 4201 matrem
1136 4155 1282 4201 tuam
1329 4146 1542 4220 (Matth.
1584 4150 1696 4220 xv).
1726 4149 1829 4219 Qui

232 4234 373 4287 enim
396 4239 460 4287 et
479 4247 579 4304 per
599 4233 856 4305 paginam
886 4235 1097 4293 Veteris
1135 4236 1504 4307 lnstrumenti,
1533 4248 1589 4297 et
1617 4255 1714 4313 per
1745 4243 1829 4301 sui

233 4325 481 4395 corporis
504 4327 849 4398 prmsentiam
876 4327 980 4385 hoc
1004 4328 1244 4384 salutare
1282 4339 1611 4403 prmeeptum
1642 4343 1830 4397 contu-

1928 3137 2147 3184 nostros
2177 3129 2429 3186 collocari
2473 3131 2807 3202 postulamus
2850 3140 3106 3209 parenws
3131 3133 3272 3205 inter
3297 3134 3516 3205 agmina

1928 3220 2232 3285 beatorum,
2267 3221 2345 3287 illi
2372 3236 2498 3277 suos
2521 3222 2661 3278 inter
2690 3224 2990 3291 obstinatas
3020 3226 3209 3299 turbas
3234 3225 3518 3297 hmretim-

1927 3327 2070 3365 rum.
2088 3311 2218 3378 Qum
2232 3328 2353 3366 cum
2369 3312 2444 3367 ita
2460 3328 2519 3368 se
2530 3313 2784 3389 habeant,
2800 3322 3010 3383 constat
3025 3331 3119 3375 eos
3135 3315 3331 3387 duplex
3342 3317 3399 3385 in
3413 3317 3519 3375 hac

1927 3408 2081 3475 parte
2102 3412 2319 3479 patrare
2344 3404 2658 3474 deliquium,
2685 3422 2808 3471 cum
2830 3414 2884 3477 et
2913 3408 3230 3479 parentibus
3255 3407 3520 3469 honorem

1931 3495 2192 3566 derogent
2232 3504 2421 3551 contra
2452 3498 2743 3555 Dominicaz
2763 3501 2913 3559 vocis
2946 3501 3254 3573 imperium,
3282 3508 3358 3568 et,
3385 3516 3519 3567 con-

1928 3594 2014 3642 tra
2048 3587 2289 3661 Apostoli
2331 3591 2677 3663 sententiam,
2717 3593 2802 3649 his
2825 3593 2918 3671 qui
2948 3608 2980 3648 a
3006 3595 3205 3653 sazculo
3250 3596 3520 3669 migrave-

1928 3686 2056 3733 runt
2099 3681 2449 3737 temerarium
2493 3693 2757 3741 conentur
2806 3684 3006 3745 inferre
3037 3684 3323 3761 judicium.
3362 3686 3521 3757 Quod

1929 3786 2036 3826 non
2062 3772 2132 3826 sit
2151 3787 2281 3844 ergo
2316 3783 2519 3831 temere
2527 3774 2882 3846 judicandum
2909 3780 2976 3839 de
2998 3781 3085 3839 his
3104 3781 3327 3857 qui-iatn
3356 3798 3389 3841 θ
3410 3797 3518 3841 sa:-

1928 3865 2051 3921 culo
2072 3866 2459 3943 migraverunt,
2489 3869 2572 3924 vel
2592 3871 2656 3925 de
2682 3873 2845 3931 rebus
2866 3873 2933 3933 ad
2955 3872 3128 3931 Deum
3154 3876 3327 3945 solum
3346 3876 3518 3953 perti-

1928 3960 2199 4033 nentibus,
2231 3961 2347 4018 haec
2373 3971 2454 4017 est
2484 3962 2625 4025 beati
2659 3962 2813 4031 Pauli
2858 3966 3166 4027 sententia:
3211 3966 3381 4027 Nemo
3420 3983 3520 4033 ua-

1929 4060 2096 4106 strum
2142 4052 2242 4106 sibi
2286 4053 2423 4125 vivit,
2479 4062 2526 4107 et
2574 4068 2723 4123 nemo
2772 4052 2872 4121 sibi
2918 4054 3177 4122 moritur;
3226 4054 3332 4111 sive
3377 4055 3519 4117 enim

1929 4144 2167 4211 vivimus,
2183 4142 2406 4197 Domino
2429 4143 2676 4208 vivimus;
2694 4143 2797 4209 sive
2813 4143 3093 4213 morimur,
3108 4143 3334 4217 Domino
3347 4147 3516 4219 mori-

1932 4252 2051 4293 mur
2080 4252 2099 4290 :
2139 4237 2243 4290 sive
2280 4236 2419 4291 enim
2468 4236 2704 4302 vivimus,
2740 4236 2845 4295 sive
2883 4237 3161 4309 morimur,
3188 4236 3402 4309 Domini
3422 4256 3518 4317 ἐκ·

1930 4346 2066 4395 mus.
2100 4328 2169 4384 In
2194 4328 2291 4383 hoc
2330 4328 2471 4387 enim
2512 4326 2750 4395 Christus
2774 4329 3057 4389 resurrexit
3102 4349 3139 4405 ρ
3169 4332 3409 4405 myrtuig,
3458 4342 3518 4401 ut

236 4413 321 4480 lit,
346 4417 491 4473 idem
533 4417 768 4475 Mosaico
803 4434 899 4475 ore
949 4421 1313 4493 promulgavit
1362 4423 1565 4493 dicens,
1605 4425 1830 4482 Benedi—
1854 4450 1913 4513 ι)
1933 4434 1981 4481 et
2008 4426 2238 4480 vivorum
2267 4433 2316 4480 et
2349 4431 2676 4485 mortuorum
2720 4423 3037 4493 dominetur.
3078 4424 3156 4499 Tu
3188 4432 3367 4499 autem
3389 4427 3518 4498 quid

246 4511 355 4559 ctus
405 4507 499 4578 qui
557 4509 775 4566 honorat
836 4521 1040 4581 patrem
1090 4529 1244 4568 suum
1294 4522 1345 4583 et
1400 4525 1622 4572 matrem
1670 4535 1827 4579 suam
1854 4507 1901 4513 —
1924 4518 2141 4591 judicas
2182 4519 2401 4595 fratrem
2452 4526 2635 4585 tuum,
2683 4527 2774 4575 aut
2832 4534 2995 4597 quare
3044 4520 3249 4593 meriti!
3295 4521 3518 4591 fratrm:

243 4594 437 4669 (Exod.
467 4616 569 4665 xx;
598 4600 753 4657 Deut.
782 4603 837 4675 v)
862 4621 876 4670 ;
919 4612 974 4661 et
996 4618 1029 4660 e
1051 4605 1325 4667 contrario
1352 4620 1367 4661 :
1392 4606 1706 4675 Maledicta;
1737 4613 1828 4684 qui

240 4706 341 4745 non
376 4694 607 4751 honorat
652 4706 855 4767 patrem
902 4716 1058 4761 suum
1085 4710 1135 4755 et
1164 4709 1386 4761 matrem
1433 4720 1583 4759 suam
1628 4704 1823 4776 (Exod.

238 4782 569 4855 xx1;Matth,
600 4800 699 4851 xv;
747 4784 915 4841 Marc.
946 4787 1066 4862 vn).
1103 4788 1257 4863 Unde
1285 4793 1721 4862 perpendendum
1744 4803 1829 4857 est

243 4883 296 4928 et
326 4892 650 4951 magnopere
697 4879 1233 4949 animadvertendum
1287 4892 1505 4955 quanta:
1555 4886 1628 4959 sit
1669 4903 1826 4953 arro-

252 4969 796 5043 gantim,'quant:e,que
820 4973 1145 5039 temeritatis
1171 4982 1246 5045 et,
1272 4984 1332 5039 ut
1356 4976 1428 5033 ita
1447 4978 1695 5047 dixerim,
1714 4994 1826 5043 sce-

254 5053 392 5125 leris,
417 5072 669 5130 parentes
708 5066 1201 5143 anathematizare,
1235 5070 1279 5127 si
1333 5071 1422 5135 ille
1458 5074 1827 5133 maledictioni

258 5146 487 5217 subiacet
529 5156 750 5224 quieos
795 5159 1136 5215 convincitur
1175 5176 1285 5221 non
1350 5164 1639 5221 honorare.
1687 5166 1826 5227 Nam

257 5254 378 5330 cum
400 5243 481 5303 lex
522 5249 705 5317 dicat:
739 5249 863 5309 Non
902 5253 1093 5311 reueles
1120 5257 1499 5329 turpitudinem
1540 5259 1709 5330 patris
1747 5259 1826 5314 tui

260 5329 434 5401 (Lavit.
464 5340 620 5410 xvm)
638 5380 653 5407 ,
678 5349 733 5397 et
754 5343 1080 5416 Apostolus:
1107 5345 1259 5417 Filii,
1304 5348 1504 5409 obedite
1524 5329 1827 5422 parentibus

260 5425 431 5481 vestris
460 5427 676 5515 (Ep/tes.
703 5433 819 5506 vi),
856 5437 945 5505 isti
988 5438 1206 5511 utrique
1254 5448 1524 5513 praecepto
1570 5440 1825 5499 reluctari

258 5515 517 5588 videntur,
549 5539 674 5579 cum
711 5541 813 5582 nec
843 5531 1230 5601 turpitudinem
1277 5532 1474 5598 celare,
1512 5548 1614 5591 nec
1656 5534 1825 5592 bono-

258 5621 369 5662 rem
407 5613 647 5672 nituntur
695 5618 1020 5691 impendere.
1075 5622 1228 5680 Sacri
1274 5624 1436 5695 igitur
1477 5640 1710 5684 canones
1760 5631 1825 5686 de

255 5711 361 5757 non
406 5710 809 5768 contemnendis
847 5713 1171 5784 parentibus
1221 5714 1369 5772 omni
1410 5715 1695 5777 occasione
1740 5734 1827 5778 se-

1932 4609 2122 4667 tuum?
2158 4626 2331 4665 omnes
2354 4611 2492 4665 enim
2525 4609 2777 4667 stabimus
2805 4619 2926 4673 ante
2955 4610 3187 4671 tribunal
3214 4611 3332 4683 psi.
3365 4611 3516 4681 Scri-

1928 4711 2073 4777 ptum
2124 4712 2199 4757 est
2238 4703 2396 4768 enim,
2460 4701 2579 4759 Vivo
2610 4719 2725 4775 ego,
2764 4704 2890 4760 dicit
2922 4704 3221 4777 Dominus,
3268 4707 3519 4779 quoidam

1928 4792 2056 4845 mihi
2085 4794 2255 4863 ﬂectet
2303 4808 2455 4853 omne
2497 4811 2651 4865 genu,
2700 4804 2750 4859 et
2783 4797 2949 4861 omnis
2978 4796 3162 4871 lingua
3189 4798 3521 4868 conﬁtebitur

1928 4888 2059 4957 Deo.
2082 4889 2270 4961 Itaque
2290 4892 2643 4965 unusquisque
2665 4903 2901 4951 nostrum
2926 4911 3021 4965 pro
3043 4910 3098 4948 se
3119 4894 3373 4951 rationem
3400 4890 3519 4951 red-

1929 4984 2013 5041 det
2039 4984 2169 5039 Deo.
2218 4984 2273 5040 Ν
2276 5002 2344 5040 οη
2370 5003 2491 5057 ergo
2515 4986 2741 5058 amplius
2760 4987 3057 5056 judicemus
3073 5000 3093 5049 ;
3121 4982 3213 5039 sed
3242 4983 3340 5041 hoc
3356 4981 3514 5052 judi-

1929 5082 2042 5127 cate
2062 5075 2252 5143 magis,
2280 5092 2343 5129 ne
2372 5078 2578 5148 ponatis
2602 5074 2975 5147 o/fendiculum
3006 5073 3161 5144 fratri
3186 5072 3264 5135 uel
3289 5074 3515 5133 scanda-

1928 5161 2038 5217 lum
2066 5162 2244 5235 (Rom.
2279 5166 2413 5238 xiv).
2443 5166 2518 5222 De
2556 5182 2662 5237 qua
2708 5180 2767 5220 re
2813 5164 2979 5231 etiam
3026 5172 3229 5231 saneta
3258 5164 3514 5223 Ecclesia:

1928 5252 2188 5323 Romanae
2221 5256 2450 5312 antestis
2489 5255 2809 5313 Anastasius
2855 5252 3147 5309 Anastasio
3198 5252 3513 5322 imperatori

1928 5344 2008 5400 sic
2035 5346 2354 5417 perhibetur
2379 5345 2699 5414 scripsisse:
2729 5360 2748 5393 ι
2778 5342 2857 5398 Ne
2882 5344 3026 5414 quod
3071 5343 3141 5397 sit
3187 5342 3246 5403 in
3291 5342 3395 5399 hoc
3429 5340 3513 5396 of-

1927 5436 2255 5497 £8ndiculum
2300 5439 2357 5495 in
2383 5434 2646 5503 Ecclesia,
2679 5435 2827 5501 dum,
2855 5434 3000 5506 quod
3038 5433 3215 5487 facere
3246 5445 3355 5485 non
3386 5446 3513 5500 pos-

1926 5547 2134 5601 sumus,
2166 5534 2232 5589 de
2274 5530 2360 5586 his
2391 5523 2483 5593 qui
2524 5524 2645 5594 iam
2689 5525 3023 5591 transierunt
3060 5521 3326 5590 judicare
3353 5534 3516 5578 cone-

1926 5640 2050 5683 mur
2071 5666 2086 5697 ,
2139 5611 2544 5678 observandum
2598 5628 2721 5677 esse
2771 5614 3136 5687 tranquillitas
3176 5618 3273 5665 tua
3319 5624 3517 5679 cogno-

1927 5722 2063 5771 scat-
2107 5734 2128 5769 ι
2159 5711 2296 5778 Ωιιία
2337 5715 2470 5771 ενεο
2495 5718 2618 5769 nec
2646 5728 2684 5769 a
2705 5701 2839 5759 ﬁliis
2880 5713 3126 5779 parentes
3142 5700 3516 5762 inhonorandi,
