4008 6154
159 249 297 310 HIS

667 383 894 442 CAPUT
929 382 1218 439 PRIMUM.

158 524 435 595 Confessio
478 521 602 592 ﬁdei
650 519 924 574 catholica
973 534 1128 588 quam
1163 533 1194 568 a
1235 514 1446 595 sanctis.
1483 511 1731 567 Patribus

279 584 568 666 occepimus
587 633 602 656 ,
627 600 862 645 tenemus
898 597 945 642 et
973 584 1100 658 puro
1129 586 1284 640 corde
1306 584 1588 638 credimus.

229 728 511 785 Credimus
538 726 592 780 in
617 725 790 779 Deum
806 723 1016 776 Patrem
1043 718 1490 787 omnipotentem,
1515 720 1736 770 cuncto-

153 839 278 879 rum
309 822 608 877 visibilium
630 829 686 873 et
706 815 1043 872 invisibilium
1063 813 1417 869 conditorem.
1449 809 1732 865 Credimus

151 922 212 970 et
233 915 289 969 in
321 913 614 969 Dominum
642 918 878 965 nostrum
905 905 1086 960 Jesum
1135 904 1410 960 Christum
1436 918 1532 971 per
1568 917 1730 972 quem

151 1006 346 1062 omnia
375 1011 553 1059 creata
583 1010 724 1067 sunt,
755 1014 939 1054 verum
965 998 1154 1062 Deum,
1185 996 1520 1065 unigenitum
1545 1003 1601 1049 et
1646 1010 1737 1050 ve-

151 1112 282 1151 rum
304 1095 398 1150 Dei
436 1094 647 1157 Filium,
700 1106 809 1145 non
868 1089 1069 1142 factum
1131 1095 1222 1143 aut
1269 1087 1597 1155 adoptivum,
1641 1087 1737 1142 sed

149 1187 398 1257 genitum
447 1192 501 1238 et
534 1183 687 1238 unius
715 1196 839 1235 cum
869 1180 1028 1234 Patre
1060 1179 1402 1243 substantiae,
1451 1185 1613 1246 atque
1659 1176 1734 1231 ita

147 1291 249 1345 per
273 1276 453 1329 omnia
478 1272 736 1343 aequalem
766 1273 878 1325 Deo
906 1271 1091 1334 Patri,
1120 1279 1179 1324 ut
1218 1285 1318 1324 nec
1347 1277 1586 1337 tempore
1633 1281 1736 1323 nec

152 1367 322 1436 gradu
351 1381 450 1421 nec
478 1371 746 1436 potestate
766 1378 886 1417 esse
909 1363 1077 1431 possit
1102 1360 1326 1415 inferior
1354 1375 1368 1412 :
1413 1366 1734 1426 tantumque

151 1474 273 1513 esse
293 1458 608 1514 conﬁtemur
647 1457 800 1510 illum
823 1455 913 1524 qui
940 1464 1022 1508 est
1052 1454 1263 1523 genitus
1277 1460 1514 1521 quantus
1535 1457 1620 1503 est
1645 1448 1735 1502 ille

150 1548 241 1614 qui
267 1547 468 1617 genuit.
493 1545 610 1600 Non
636 1554 817 1599 autem
844 1545 969 1613 quia
996 1543 1225 1597 dicimus
1249 1542 1487 1611 genitum
1515 1556 1547 1593 a
1571 1539 1734 1594 Patre

145 1632 349 1695 Ftl'ium
366 1681 381 1704 ,
419 1640 612 1693 divinae
639 1646 695 1692 et
718 1636 974 1691 ineffabili
997 1636 1332 1706 generationi
1358 1635 1575 1704 aliquod
1597 1641 1732 1688 tem-

145 1745 256 1798 pus
282 1728 625 1793 ascrihimus,
650 1727 758 1794 sed
778 1742 878 1780 nec
906 1726 1122 1779 Patrem
1176 1725 1463 1794 aliquando
1507 1725 1735 1793 coepisse

144 1834 259 1874 nec
280 1819 508 1885 Filium;
534 1834 644 1872 non
658 1818 804 1872 enim
825 1817 983 1871 aliter
1002 1816 1247 1871 conﬁteri
1273 1831 1556 1884 possumus
1579 1827 1736 1870 :eter-

148 1929 289 1967 num
315 1913 547 1976 Patrem,
577 1912 684 1966 nisi
712 1911 1066 1966 conﬁteamur
1101 1911 1262 1964 etiam
1288 1919 1614 1965 comternum
1645 1909 1736 1966 Fi-

146 2003 289 2058 lium
328 2021 344 2058 :
391 2018 458 2057 ex
491 2002 630 2057 Filio
660 2001 804 2056 enim
832 2000 993 2054 Pater
1029 2000 1240 2064 dicitur,
1307 2008 1361 2054 et
1385 2000 1477 2069 qui
1523 2014 1735 2068 semper
1777 2003 1788 2018 ‘

144 2094 314 2148 Pater
337 2094 458 2158 fuit,
485 2109 700 2162 semper
735 2093 925 2148 habuit
959 2091 1155 2147 Filium
1190 2105 1237 2144 δ.
1266 2090 1549 2146 Credimus
1586 2099 1642 2145 et
1679 2091 1736 2145 in

144 2185 412 2256 Spiritum
446 2194 723 2248 sanctum,
766 2184 937 2237 Deum
968 2198 1156 2237 verum
1206 2198 1272 2237 ex
1326 2183 1488 2236 Patre
1513 2189 1568 2236 et
1596 2179 1736 2236 Filio

143 2278 550 2348 procedentem,
593 2275 856 2345 aequalem
906 2290 1002 2344 per
1047 2274 1229 2329 omnia
1281 2273 1428 2328 Patri
1473 2281 1528 2328 et
1573 2272 1733 2340 Filio,

142 2369 446 2430 voluntate,
471 2375 754 2437 potestate,
801 2367 1124 2432 mtemitate,
1151 2366 1451 2420 substantia
1479 2382 1492 2417 :
1521 2380 1623 2421 nec
1651 2372 1738 2420 est

142 2475 376 2529 prorsus
403 2459 599 2528 aliquis
623 2459 676 2511 in
701 2457 963 2511 Trinitate
984 2460 1181 2528 gradus
1198 2499 1213 2524 ,
1239 2459 1374 2513 nihil
1402 2460 1546 2528 quod
1596 2457 1734 2512 infe-

144 2549 267 2602 rius
292 2546 608 2618 superiusve
634 2547 739 2602 dici
772 2548 970 2616 possit,
1007 2548 1100 2602 sed
1129 2556 1238 2602 tota
1264 2548 1529 2603 Deitassui
1554 2547 1734 2618 perfe-

141 2641 296 2694 tione
317 2639 543 2709 aequalis
565 2648 664 2703 est,
693 2647 755 2693 ut
780 2640 1020 2708 exceptis
1049 2639 1325 2694 vocabulis
1345 2655 1464 2708 quae
1490 2640 1735 2709 proprie-

145 2737 317 2784 tatem
341 2745 698 2797 personarum
721 2729 983 2794 indicant,
1007 2731 1270 2800 quidquid
1291 2731 1358 2808 de
1381 2746 1486 2784 una
1501 2746 1733 2800 persona

143 2821 368 2885 dicitur,
399 2821 464 2874 de
502 2821 675 2875 tribus
700 2821 1014 2889 dignissime
1055 2812 1226 2891 possit
1264 2822 1489 2890 intelligi
1530 2839 1542 2874 :
1575 2830 1733 2890 atque

141 2920 208 2965 ut
240 2911 628 2966 confundentes
664 2911 854 2965 Arium
908 2928 1070 2967 unam
1101 2913 1453 2982 eamdemque
1505 2913 1733 2969 dicimus

140 3003 434 3058 Trinitatis
459 3019 579 3058 esse
603 3005 992 3070 substantiam,
1044 3014 1100 3059 et
1137 3021 1302 3059 unum
1331 3008 1382 3060 in
1411 3007 1584 3060 tribus
1609 3021 1731 3075 per-

141 3097 293 3151 sonis
329 3095 569 3150 fatemur
605 3096 794 3161 Deum,
828 3097 900 3150 ita
931 3097 1259 3166 impietatem
1293 3097 1512 3153 Sabellii
1565 3099 1730 3154 decli-

139 3196 356 3251 nantes,
389 3194 499 3240 tres
528 3202 788 3256 personas
826 3202 1111 3257 expressas
1139 3190 1239 3244 sub
1263 3191 1596 3258 proprietate
1621 3189 1731 3244 dis-

136 3277 430 3348 jungimus,
471 3293 579 3333 non
634 3279 810 3347 ipsum
837 3278 938 3333 sibi
987 3278 1235 3343 Patrem,
1293 3279 1469 3347 ipsum
1501 3279 1604 3333 sibi
1645 3279 1735 3333 Fi-

142 3370 274 3424 lium
299 3412 313 3434 ,
355 3372 534 3441 ipsum
573 3371 832 3441 Spiritum
887 3380 1134 3428 sanctum
1162 3386 1281 3426 esse
1319 3371 1562 3426 dicentes
1585 3411 1599 3437 ,
1639 3371 1732 3426 sed

139 3461 304 3515 aliam
338 3461 538 3524 Patris,
569 3462 727 3515 aliam
753 3462 894 3525 Filii,
927 3463 1087 3517 aliam
1131 3462 1367 3532 Spiritus
1393 3462 1570 3518 sancti
1608 3476 1732 3518 esse

134 3568 454 3622 personam.
482 3552 598 3606 Non
618 3554 763 3608 enim
785 3555 1003 3609 nomina
1019 3556 1412 3619 tantummodo,
1443 3555 1538 3610 sed
1563 3555 1732 3609 etiam

136 3640 428 3694 nominum
455 3640 831 3708 proprietates,
863 3643 917 3696 id
937 3651 1023 3696 est
1042 3657 1321 3711 personas,
1342 3643 1448 3707 vel,
1477 3651 1537 3697 ut
1554 3641 1731 3698 Graeci

136 3733 476 3801 exprimunt,
506 3731 842 3796 ὑποστάσεις,
874 3732 981 3786 hoc
1017 3741 1101 3788 est
1130 3733 1534 3800 subsistentias,
1563 3734 1733 3790 conﬁ-

135 3836 344 3883 temur.
374 3823 485 3879 Nec
508 3825 674 3878 Pater
710 3824 830 3878 Filii
865 3834 958 3878 aut
984 3827 1156 3880 sancti
1186 3827 1420 3896 Spiritus
1444 3844 1730 3898 personam

135 3917 438 3987 aliquando
477 3917 755 3970 excludit:
785 3932 884 3972 nec
911 3932 1099 3970 rursus
1147 3917 1316 3972 Filius
1364 3927 1456 3972 aut
1501 3919 1731 3988 Spiritus

140 4019 364 4066 sanctus
404 4009 588 4063 Patris
646 4025 840 4064 nomen
899 4023 1292 4078 personamque
1356 4009 1586 4077 recipit,
1638 4012 1732 4065 sed

141 4099 301 4177 Pater
320 4118 540 4171 semper
571 4103 733 4157 Pater
773 4102 1082 4167 est,Filius
1104 4117 1314 4172 semper
1338 4101 1529 4167 Filius,
1562 4102 1732 4172 Spiri-

142 4202 230 4249 tus
259 4203 480 4249 sanctus
505 4208 720 4262 semper
734 4193 970 4264 Spiritus
991 4203 1210 4250 sanctus
1236 4208 1250 4247 :
1278 4195 1462 4263 itaque
1482 4194 1731 4249 substan-

143 4287 216 4340 tia
236 4303 404 4342 unum
431 4296 572 4352 sunt,
600 4288 848 4356 personis
868 4302 933 4341 ac
959 4287 1272 4342 nominibus
1300 4287 1726 4358 distinguuntur.

143 4379 328 4448 Ipsum
353 4389 532 4433 autem
555 4380 648 4433 Dei
679 4379 896 4444 Filium,
928 4379 1020 4448 qui
1053 4380 1256 4450 absque
1278 4381 1429 4435 initio
1457 4380 1730 4434 :eternita-
1755 4409 1808 4470 Β

150 4481 258 4525 tem
282 4487 408 4526 cum
433 4471 592 4525 Patre
635 4481 688 4526 et
719 4472 921 4542 Spiritu
952 4483 1140 4528 sancto
1186 4476 1442 4543 possidet,
1496 4476 1727 4529 dicimus

145 4562 200 4618 in
219 4563 332 4618 ﬁne
346 4561 662 4616 seculorum
683 4563 980 4632 perfectum
1004 4574 1213 4619 naturae
1226 4573 1428 4620 nostrae
1450 4566 1727 4620 hominem

151 4655 450 4724 suscepisse
469 4668 536 4709 ex
568 4654 736 4708 Maria
771 4671 986 4725 semper
1002 4656 1213 4726 virgine
1227 4697 1241 4722 ,
1279 4666 1334 4710 et
1356 4657 1591 4711 Verbum
1609 4671 1729 4709 car-

149 4760 264 4800 ne."
291 4759 414 4799 esse
446 4742 649 4799 factum
676 4746 996 4800 assumendo
1030 4746 1332 4809 hominem,
1377 4760 1728 4814 non~permu-

153 4837 306 4891 tando
347 4836 603 4891 deitatem
635 4854 647 4888 :
688 4852 805 4900 nec,
833 4847 895 4891 ut
924 4837 1142 4907 quidam
1171 4839 1585 4894 sceleratissime
1610 4839 1729 4908 opi-

154 4935 364 4991 nantur,
387 4928 650 4997 Spiritum
676 4937 921 4983 sanctum
945 4929 1174 4984 dicimus
1199 4929 1363 4984 fuisse
1382 4946 1480 4999 pro
1499 4931 1724 4995 semine,

156 5016 248 5068 sed
268 5021 503 5084 potentia
525 5035 590 5075 ac
613 5020 818 5075 virtute
844 5020 1120 5076 Creatoris
1154 5030 1455 5091 operatum.
1499 5021 1590 5076 Sic
1631 5036 1727 5076 au-

158 5116 265 5160 tem
293 5110 606 5166 conﬁtemur
627 5114 684 5167 in
706 5114 923 5168 Christo
943 5131 1105 5168 unam
1134 5115 1255 5169 Filii
1279 5131 1396 5171 esse
1418 5131 1724 5185 personam,

159 5206 214 5250 ut
234 5198 475 5254 dicamus
498 5203 627 5257 duas
650 5203 917 5273 perfectas
964 5213 1124 5274 atque
1165 5206 1402 5275 integras
1436 5223 1555 5262 esse
1609 5208 1728 5262 sub-

157 5290 399 5357 stantias,
452 5291 509 5346 id
558 5303 657 5359 est,
712 5297 952 5359 deitatis_
981 5306 1036 5351 et
1066 5299 1452 5365 humanitatis,
1492 5314 1612 5368 quae
1661 5314 1728 5354 ex

157 5381 332 5435 anima
382 5383 687 5439 continetur
710 5395 764 5442 et
793 5403 1019 5458 corpore
1049 5406 1062 5443 :
1102 5399 1264 5461 atque
1305 5398 1365 5444 ut
1399 5391 1727 5445 condemna-

158 5488 270 5528 mus
299 5473 592 5532 Photinum
620 5480 712 5548 qui
740 5481 913 5535 solum
942 5490 998 5537 et
1026 5483 1229 5537 nudum
1280 5484 1556 5540 hominem
1602 5497 1730 5538 con-

220 5606 556 5685 “.Credimus
602 5619 652 5685 et
693 5612 748 5665 in
783 5613 1040 5685 Spiritum
1069 5625 1328 5685 sanctum,
1359 5618 1527 5671 Deum
1556 5631 1730 5673 verum

154 5691 212 5732 ea:
234 5677 391 5737 Patre
406 5681 800 5748 procedentem.
815 5677 1030 5750 Addidi.
1051 5703 1116 5744 ex
1132 5687 1293 5744 Patre
1314 5677 1364 5745 ξι
1385 5687 1530 5749 Filio
1555 5703 1730 5747 vroce-

936 245 1113 302 LIBRI
1148 245 1494 304 CAROLINI.
1537 274 1608 285 ——
1644 241 1867 298 CAPIT.
1906 243 1992 299 DE
2029 244 2220 302 IMAG.
2259 260 2332 287 -—‘
2363 244 2492 301 LIB.
2535 246 2619 302 III.

1757 355 1814 416 Δ
1836 354 2017 410 ﬁtetur
2038 358 2094 410 in
2124 357 2360 424 Christo,
2392 358 2466 412 ita
2488 352 3019 420 anathematizamus
3052 367 3423 437 Apollinarem

3248 260 3419 316 ’1114

1835 459 1889 506 et
1915 450 2031 520 ejus
2064 452 2282 516 similes,
2314 453 2407 521 qui
2435 452 2620 507 dicunt
2647 456 2743 510 Dei
2772 457 2973 512 Filium
3005 462 3182 517 minus
3213 465 3418 533 aliquid

1837 542 1901 596 de
1939 543 2174 598 humana
2197 543 2500 612 suscepisse
2533 553 2724 601 natura
2751 589 2766 615 ,
2823 557 2879 603 et
2929 552 3012 604 vel
3043 552 3097 606 in
3145 569 3308 609 carne
3337 555 3422 611 vel

1837 630 1894 686 in
1927 635 2126 698 anima,
2153 637 2237 688 vel
2261 638 2316 690 in
2342 653 2500 692 sensu
2525 651 2864 711 assumptum
2885 645 3158 702 hominem
3187 649 3271 704 his
3297 667 3423 720 pro-

1835 733 1957 796 pter
1994 742 2129 795 quos
2180 739 2488 800 assumptus
2529 742 2614 786 est
2647 733 2815 791 fuisse
2869 738 3218 806 dissimilem,
3260 757 3421 811 quem

1843 818 2045 884 absque
2069 816 2179 870 sola
2213 822 2421 887 peccati
2465 823 2676 878 macula
2707 841 2828 894 quae
2876 832 3138 886 naturalis
3189 847 3298 887 non
3341 841 3425 888 est

1844 905 1998 959 nobis
2038 904 2359 961 conﬁtemur
2409 926 2529 964 esse
2558 912 2910 970 conformem.
2953 919 3173 974 Illorum
3207 938 3421 992 quoque

1839 996 2087 1052 similiter
2122 1009 2471 1053 exsecramur
2499 1001 2892 1070 blasphemiam
2909 1046 2922 1069 ,
2972 1010 3063 1076 qui
3091 1026 3230 1064 novo
3258 1028 3420 1069 sensu

1839 1103 2084 1144 asserere
2110 1099 2375 1144 conantur
2401 1108 2430 1144 a
2454 1100 2699 1161 tempore
2720 1105 2982 1166 suscepta:
3011 1103 3191 1156 carnis
3238 1107 3416 1160 omnia

1838 1195 1959 1250 qua:
1983 1186 2140 1234 erant
2163 1179 2377 1235 deitatis
2409 1183 2464 1235 in
2490 1184 2765 1238 hominem
2796 1188 3124 1257 demigrasse
3159 1210 3172 1244 :
3204 1201 3260 1246 et
3303 1210 3422 1248 rur-

1839 1286 1957 1326 sum
1993 1286 2112 1339 qum
2145 1279 2300 1324 erant
2327 1271 2678 1328 humanitatis
2708 1276 2762 1328 in
2787 1277 2956 1331 Deum
2987 1295 3106 1334 esse
3127 1283 3418 1350 transfusa,

1837 1372 1899 1419 ut
1920 1365 2064 1434 quod
2089 1365 2234 1419 nulla
2255 1382 2491 1436 unquam
2516 1369 2742 1425 haeresis
2769 1371 2953 1428 dicere
2976 1389 3106 1430 ausa
3136 1384 3218 1431 est
3243 1379 3425 1434 videa-

1838 1463 1929 1510 tur
1980 1456 2084 1511 hac
2119 1456 2454 1523 confusione,
2518 1468 2749 1530 utraque
2783 1463 3057 1518 exinanita
3119 1468 3424 1524 substantia

1840 1545 2046 1601 scilicet
2071 1545 2284 1600 deitatis
2308 1555 2363 1602 et
2392 1549 2759 1614 humanitatis,
2788 1561 2842 1607 et
2866 1570 2896 1606 a
2930 1556 3149 1624 proprio
3185 1566 3329 1612 statu
3366 1559 3423 1614 in

1843 1639 1987 1694 aliud
2011 1655 2131 1694 esse
2159 1648 2367 1693 mutata
2415 1655 2428 1693 :
2482 1643 2576 1711 qui
2603 1650 2712 1696 tam
2755 1645 2924 1700 Deum
2962 1649 3334 1718 imperfectum
3363 1654 3422 1708 in

1761 1702 1813 1765 Β
1841 1729 1981 1784 Filio
2016 1746 2177 1799 quam
2207 1731 2478 1786 hominem
2502 1736 2844 1801 conﬁtentur,
2882 1746 2941 1790 ut
2972 1702 3072 1794 nec
3095 1741 3262 1796 Deum
3294 1759 3424 1800 vere

1836 1836 1940 1876 nec
1964 1821 2237 1877 hominem
2265 1829 2447 1876 tenere
2485 1825 2795 1880 credantur.
2830 1827 2939 1883 Nos
2965 1839 3144 1886 autem
3184 1833 3259 1887 ita
3288 1835 3424 1890 dici-

1836 1928 1978 1978 mus,
2028 1921 2338 1982 susceptum
2370 1931 2399 1967 a
2431 1915 2527 1968 Dei
2573 1915 2711 1971 Filio
2759 1921 3014 1987 passibile
3045 1933 3313 1990 nostrum,
3363 1934 3425 1982 ut

1838 2002 2376 2071 deitasimpassibilis
2414 2016 2776 2073 permaneret.
2816 2009 3016 2066 Passus
3054 2015 3200 2068 enim
3249 2015 3423 2072 Filius

1836 2109 1948 2152 non
1983 2097 2224 2166 putative
2247 2096 2339 2151 sed
2375 2112 2520 2162 vere,
2551 2099 2734 2153 omnia
2759 2115 2879 2169 quae
2930 2101 3210 2172 Scriptura
3255 2112 3423 2160 testa-

1838 2197 1944 2254 tur,
1984 2190 2039 2243 id
2069 2197 2153 2244 est
2195 2189 2449 2255 esuriem,
2499 2191 2662 2253 sitim,
2720 2192 3112 2260 lassitudinem,
3155 2195 3419 2263 dolorem,

1837 2287 2068 2335 mortem
2090 2287 2145 2334 et
2175 2288 2370 2334 caetera
2401 2279 2707 2348 hujusmodi
2737 2282 3034 2337 secundum
3064 2284 3195 2340 illud
3227 2301 3421 2356 passus

1836 2371 2082 2438 estquod
2128 2370 2240 2438 pati
2274 2378 2516 2439 poterat,
2564 2371 2619 2426 id
2643 2381 2743 2438 est,
2785 2388 2892 2428 non
2930 2375 3223 2430 secundum
3270 2375 3420 2430 illam

1836 2461 2192 2515 substantiam
2216 2477 2337 2530 qua:
2358 2462 2665 2532 assumpsit,
2702 2465 2795 2518 sed
2821 2466 3114 2520 secundum
3139 2466 3284 2521 illam
3298 2481 3422 2536 qua:

1836 2559 2113 2620 assumpta
2141 2559 2241 2605 est.
2277 2552 2394 2620 Ipse
2418 2553 2561 2606 enim
2597 2553 2694 2609 Dei
2734 2554 2901 2610 Filius
2932 2559 3226 2612 secundum
3253 2559 3423 2613 deita-

1837 2649 1944 2696 tem
1972 2657 2123 2697 suam
2150 2643 2494 2712 impassibilis
2520 2653 2684 2699 estut
2707 2645 2884 2712 Pater,
2901 2647 3423 2718 incomprehensibi-

1835 2734 1901 2790 lis
1926 2742 1984 2788 ut
2027 2734 2205 2798 Pater,
2237 2733 2522 2789 invisibilis
2575 2744 2633 2790 ut
2678 2735 2858 2802 Pater,
2909 2738 3338 2795 inconvertibilis
3363 2747 3424 2795 ut

1833 2827 2012 2883 Pater.
2033 2829 2102 2882 Et
2125 2829 2371 2896 quamvis
2397 2828 2616 2896 propria
2638 2843 2868 2897 persona
2903 2831 3048 2895 Filii,
3087 2832 3140 2886 id
3163 2841 3273 2897 est,
3322 2834 3420 2892 Dei

1835 2922 2069 2976 Verbum
2097 2923 2333 2991 suscepit
2353 2923 2662 2991 passibilem
2685 2923 2978 2990 hominem,
3009 2925 3082 2978 ita
3107 2932 3286 2979 tamen
3302 2924 3418 2992 ejus

1836 3011 2167 3066 habitatione
2237 3013 2530 3067 secundum
2595 3029 2750 3067 suam
2823 3015 3183 3069 substantiam
3245 3015 3420 3072 deitas

1838 3103 2000 3159 Verbi
2039 3104 2172 3158 nihil
2215 3120 2373 3174 passa
2403 3113 2506 3169 est,
2533 3113 2595 3158 ut
2625 3113 2736 3159 tota
2766 3105 3003 3161 Trinitas
3027 3121 3189 3176 quam
3216 3107 3420 3179 impas-

1836 3196 2045 3250 sibilem
2071 3209 2291 3249 necesse
2317 3203 2402 3249 est
2436 3195 2702 3249 conﬁteri.
2752 3195 2996 3251 Mortuus
3036 3205 3118 3252 est
3147 3211 3278 3267 ergo
3325 3198 3422 3253 Dei

1835 3285 2006 3340 Filius
2027 3284 2322 3340 secundum
2347 3284 2687 3353 Scripturas,
2720 3283 2876 3353 juxta
2909 3287 2964 3342 id
2995 3289 3136 3357 quod
3163 3289 3300 3343 mori
3322 3302 3421 3357 po-

1836 3386 1977 3434 terat
2001 3417 2016 3442 ,
2044 3377 2340 3430 resurrexit
2366 3377 2526 3431 tertia
2546 3377 2650 3442 die,
2677 3379 2922 3432 ascendit
2944 3379 3000 3432 in
3023 3379 3242 3444 caelum,
3265 3379 3420 3434 sedet

1835 3472 1904 3526 ad
1929 3471 2207 3523 dexteram
2244 3469 2339 3524 Dei
2372 3468 2552 3524 Patris
2587 3479 2840 3527 manente
2873 3486 2936 3526 ea
2989 3480 3185 3526 natura
3235 3471 3419 3527 carnis

1836 3563 1889 3616 in
1914 3576 2018 3630 qua
2045 3569 2204 3614 natus
2237 3569 2290 3613 et
2323 3574 2518 3628 passus
2544 3570 2647 3628 est,
2679 3562 2734 3616 in
2761 3577 2866 3633 qua
2897 3561 3061 3616 etiam
3097 3561 3419 3617 resurrexit.

1833 3651 1950 3706 Non
1977 3652 2120 3705 enim
2146 3651 2419 3706 exinanita
2448 3659 2531 3706 est
2572 3653 2927 3707 humanitatis
2971 3653 3294 3718 substantia,
3325 3653 3422 3709 sed

1833 3743 2150 3816 gloriﬁcata,
2175 3744 2229 3797 in
2253 3753 2517 3800 aeternum
2531 3761 2654 3800 cum
2681 3746 2878 3802 deitate
2894 3761 3170 3802 mansura.
3183 3746 3422 3815 Accepta

1833 3850 1962 3905 ergo
1992 3851 2028 3899 a_
2056 3835 2216 3888 Patre
2235 3843 2502 3907 potestate
2530 3836 2772 3889 omnium
2795 3851 2914 3904 qua:
2944 3835 2999 3889 in
3037 3836 3175 3890 ccelo
3216 3842 3344 3889 sunt
3366 3841 3424 3890 et

1833 3929 1888 3983 in
1910 3936 2074 3993 terra,
2108 3936 2366 3984 venturus
2397 3936 2481 3982 est
2504 3926 2571 3980 ad
2606 3924 2871 3993 judicium
2895 3926 3141 3980 vivorum
3168 3940 3232 3980 ac
3268 3941 3418 3980 mor-

1836 4028 2065 4082 tuorum,
2092 4028 2151 4073 ut
2175 4028 2231 4073 et
2253 4017 2432 4085 justos
2457 4022 2766 4070 remaneret
2793 4022 2847 4070 et
2867 4015 3056 4083 puniat
3077 4021 3414 4110 peccatores.

1832 4109 2306 4164 B'esurrectionem
2337 4106 2517 4162 carnis
2542 4105 2613 4158 ita
2655 4104 2925 4160 credimus
2954 4112 3014 4158 ut
3045 4105 3288 4160 dicamus
3317 4104 3418 4159 n'os

1832 4200 1886 4255 in
1915 4202 2102 4255 eadem
2134 4200 2189 4254 in
2234 4214 2339 4268 qua
2365 4212 2511 4252 nunc
2536 4211 2722 4249 sumus
2767 4196 2997 4249 veritate
3046 4193 3418 4250 membrorum

1831 4307 1951 4349 esse
1980 4293 2328 4364 reparandos,
2363 4289 2655 4358 qualesque
2702 4287 2869 4342 semel
2907 4295 3032 4358 post
3063 4285 3418 4342 resurrectio-

1832 4401 1955 4440 nem
1985 4384 2247 4440 fuerimus
2275 4380 2452 4436 eﬁ'ecti
2499 4380 2554 4433 in
2583 4386 2846 4448 perpetuo
2878 4391 3192 4442 mansuros;
3248 4392 3415 4433 unam

1831 4492 1949 4532 esse
1969 4476 2136 4530 vitam
2154 4481 2486 4536 sanctorum,
2515 4468 2608 4525 sed
2621 4469 2841 4539 prremia
2857 4484 2955 4545 pro
2967 4467 3148 4524 labore
3170 4466 3412 4533 diversa;

1831 4585 1861 4625 e
1887 4567 2162 4623 contrario
2175 4581 2274 4636 pro
2303 4564 2462 4619 modo
2488 4561 2807 4617 delictorum
2829 4569 3174 4632 peccatorum
3201 4573 3418 4628 quoque

1829 4675 1949 4716 esse
1992 4658 2272 4729 supplicia.
2305 4655 2578 4724 Baptisma
2605 4669 2775 4708 unum
2826 4662 3092 4717 tenemus,
3127 4651 3271 4721 quod
3307 4651 3418 4706 his-

1792 4814 1796 4816 _
1829 4749 1952 4804 dem
1977 4747 2301 4803 sacramenti
2329 4745 2510 4799 verbis
2537 4745 2591 4798 in
2623 4743 2923 4800 infantibus
2948 4743 3144 4814 quibus
3175 4740 3419 4794 etiamin

1830 4835 2124 4906 majoribus
2154 4850 2272 4891 esse
2317 4833 2721 4889 celebrandum.
2757 4833 3043 4889 Hominem
3076 4830 3122 4884 si
3154 4835 3278 4896 post
3319 4828 3417 4880 ba-

1828 4933 2085 5002 ptismum
2122 4931 2306 5000 lapsus
2355 4926 2532 4992 fuerit,
2573 4943 2670 4996 per
2724 4925 3100 4996 paenitentiam
3137 4917 3414 4973 credimus

1789 5088 1792 5090 γ
1829 5039 1986 5094 posse
2011 5023 2233 5078 salvari.
2258 5020 2468 5075 Novum
2490 5029 2544 5074 et
2575 5020 2741 5074 Vetus
2767 5019 3170 5072 Testamentum
3207 5010 3412 5082 recipi-

1827 5129 1948 5168 mus
1975 5113 2028 5166 in
2055 5127 2239 5167 eorum
2262 5111 2524 5166 librorum
2547 5122 2774 5182 numero
2803 5119 2964 5173 quem
2995 5111 3197 5159 saneta:
3222 5101 3414 5159 catho-

1827 5205 1946 5260 lica:
1969 5203 2224 5258 Ecclesiae
2260 5201 2482 5256 tradidit
2505 5198 2820 5253 auctoritas.
2855 5194 3080 5248 Animas
3113 5207 3144 5245 a
3166 5192 3276 5244 Deo
3299 5190 3416 5244 dari

1828 5297 2099 5353 credimus
2126 5309 2263 5364 quas
2289 5295 2355 5347 ab
2379 5293 2496 5361 ipso
2532 5288 2706 5341 factas
2739 5284 2972 5340 dicimus
2998 5325 3012 5348 ,
3053 5281 3414 5335 anathemati-

1829 5395 2013 5444 zantes
2053 5402 2148 5442 eos
2174 5384 2266 5453 qui
2297 5381 2503 5434 animas
2535 5374 2690 5443 quasi
2734 5379 2953 5443 partem
2987 5373 3082 5430 Dei
3107 5369 3298 5424 divina;
3335 5369 3416 5423 ἀί.

1829 5492 1959 5539 cunt
1993 5495 2116 5538 esse
2149 5468 2477 5531 substantiae.
2514 5464 2717 5517 Eorum
2739 5476 2968 5531 quoque
3003 5462 3419 5522 condemnamug

1829 5622 2054 5674 dentem.
2099 5610 2312 5666 volente
2361 5605 2412 5650 et
2447 5595 2671 5674 iubente
2715 5596 2941 5674 Carolo,
2969 5602 3108 5660 intra
3149 5609 3271 5664 cap,
3297 5595 3336 5650 ’δ
3374 5599 3432 5648 (τι

1831 5659 2366 5760 ’δι’Ᾰάτὶωιο
2388 5659 2525 5736 papa
2551 5665 2608 5721 in
2628 5659 2980 5733 Capitulari,
