4008 6154
671 278 812 337 1115

1545 272 1604 330 Β.
1640 271 1893 330 CAROLI
1929 268 2146 331 MAGNI
2183 267 2332 326 OPP.
2373 269 2554 326 PARS
2588 271 2654 332 Il.
2691 270 2935 330 SECTIO
2965 270 3035 330 Il.

3777 281 3911 342 “i6

664 401 906 450 errorem
921 386 1017 459 qui
1044 401 1139 444 eas
1159 394 1283 443 ante
1306 399 1566 456 peccasse
1589 386 1671 440 vel
1699 386 1754 440 in
1778 384 1933 442 caelis
1954 397 2240 440 conrersa-
2261 387 2318 453 Α
2345 390 2492 437 tanto
2561 397 2619 438 se
2667 381 2961 451 majoribus
3011 399 3256 455 errorum
3298 387 3528 446 nexibus
3581 395 3909 461 praepedivit.

666 492 747 538 tas
773 480 942 538 fuisse
964 481 1148 542 dicunt
1171 494 1332 548 quam
1359 479 1415 533 in
1440 492 1668 548 corpora
1697 478 2059 544 mitterentur.

732 574 1095 630 Exsecramur
1121 572 1284 627 etiam
1311 587 1501 628 eorum
1526 571 1917 642 blasphemiam
1940 573 2034 642 qui
2055 573 2243 631 dicunt

661 665 994 738 impossibile
1017 661 1222 732 ahquid
1247 661 1453 720 homini
1483 678 1512 717 a
1548 663 1661 721 Deo
1712 678 1834 720 esse
1889 673 2236 735 praeceptum,

661 767 715 811 et
748 756 1000 810 mandata
1030 753 1125 815 Dei
1151 769 1260 807 non
1305 769 1338 808 a
1379 754 1635 824 singulis,
1667 757 1765 812 sed
1795 757 1865 813 ab
1908 757 2159 818 omnibus
2183 758 2240 814 in

658 862 944 906 commune
970 861 1129 916 posse
1150 849 1380 913 servari,
1408 848 1494 902 vel
1528 850 1620 918 qui
1641 849 1845 918 primas
1873 851 2088 921 nuptias
2112 867 2238 908 cum

658 941 974 1005 Manichaee,
1004 948 1098 995 aut
1121 942 1384 996 secundas
1417 958 1540 996 cum
1565 942 1920 1014 Cataphrygis
1956 943 2235 999 damnant.

654 1034 1194 1092 Anatbematizamus
1219 1035 1383 1090 etiam
1413 1036 1537 1091 illos
1572 1037 1664 1106 qui
1695 1037 1790 1092 Dei
1829 1037 2026 1093 Filium
2049 1053 2240 1094 neces-

657 1129 817 1185 sitate
841 1131 1022 1185 carnis
1044 1131 1330 1186 mentitum
1352 1146 1472 1187 esse
1501 1132 1708 1197 dicunt,
1755 1141 1810 1188 et
1847 1149 1970 1189 eum
2019 1146 2241 1206 propter

657 1229 991 1290 assumptum
1015 1221 1291 1278 hominem
1320 1239 1429 1279 non
1450 1225 1632 1280 omnia
1655 1224 1836 1280 facere
1858 1227 2097 1296 potuisse
2121 1243 2241 1297 quae

654 1313 843 1368 voluit.
875 1311 1145 1369 Joviniani
1171 1330 1384 1385 quoque
1406 1317 1724 1371 damnamus
1748 1319 2000 1384 hzeresin,
2035 1320 2126 1389 qui
2159 1320 2240 1374 di-

656 1407 732 1462 cit
753 1407 955 1462 nullam
977 1409 1032 1463 in
1049 1408 1231 1463 futuro
1254 1410 1572 1464 meritorum
1601 1425 1720 1468 esse
1748 1411 2080 1477 distantiam,
2111 1429 2237 1468 nos-

655 1516 762 1571 que
809 1517 904 1556 eas
936 1502 1012 1558 ibi
1045 1502 1326 1558 habituros
1359 1504 1590 1559 virtutes
1622 1519 1757 1573 quas
1781 1505 1872 1560 hic
1911 1506 2113 1560 habere
2139 1519 2235 1561 ne-

655 1592 1002 1662 glexerimus.
1047 1593 1300 1650 Liberum
1350 1594 1430 1649 sic
1480 1593 1799 1649 conﬁtemur
1848 1595 2132 1650 arbitrium
2179 1603 2240 1650 ut

656 1683 900 1739 dicamus
918 1699 1019 1738 nos
1048 1699 1263 1752 semper
1289 1684 1383 1738 Dei
1406 1684 1645 1755 indigere
1671 1685 1892 1750 auxilio,
1916 1693 1970 1741 et
1993 1695 2101 1740 tam
2117 1686 2237 1742 illos

2343 471 2479 526 Nam
2513 473 2561 527 si
2606 474 2961 544 inopportuna
2993 477 3287 549 imaginum
3317 481 3630 536 adoratione
3669 483 3912 556 inoppor-

2344 573 2474 620 tuna
2503 567 2774 622 ordinatio
2810 568 3039 624 stabiliri
3066 578 3261 640 potest,
3289 571 3451 627 facile
3483 588 3572 628 res
3607 572 3813 632 illicita;
3840 594 3914 634 re-

2342 656 2444 714 bus
2474 666 2729 727 poterunt
2753 658 2955 714 ﬁrmari
2999 661 3222 728 illicitis,
3251 671 3305 717 et
3332 664 3376 718 si
3414 679 3502 719 res
3530 663 3741 722 illicitae
3769 669 3914 725 rebus

2340 760 2594 823 poterunt
2629 753 2834 809 ﬁrmari
2873 755 3102 822 illicitis,
3151 757 3402 818 facillime
3444 758 3657 829 impura
3705 777 3917 835 quaeque

2341 846 2660 916 quibusdam
2693 847 2922 916 impuris
2959 849 3106 904 ablui
3145 858 3420 919 poterunt.
3452 851 3572 910 Non
3598 863 3784 916 autem
3825 857 3915 914 im-

2340 953 2474 1008 pura
2514 953 2741 1008 quaeque
2780 939 3101 1008 quibusdam
3146 941 3378 1010 impuris
3439 943 3585 997 ablui
3635 955 3914 1014 poterunt:

2341 1046 2448 1087 non
2491 1032 2654 1101 igitur
2696 1032 3050 1104 inopportuna
3086 1034 3354 1092 ordinatio
3401 1038 3726 1097 adcretione
3783 1043 3918 1115 in0p-

2339 1132 2570 1192 portuna
2608 1124 2962 1180 nihilominus
2997 1125 3292 1196 imaginum
3322 1131 3716 1196 quoquomodo
3739 1134 3920 1201 poterit

2339 1215 2590 1272 stabiliri.
2636 1217 2704 1272 Et
2748 1217 2792 1272 si
2838 1217 3227 1273 ecclesiastica:
3277 1218 3635 1278 ordinationis
3687 1224 3868 1294 regula
3893 1241 3918 1281 a

2340 1309 2542 1364 sanctis
2594 1307 2850 1366 Patribus
2891 1310 3090 1366 tradita
3151 1310 3471 1368 intemerata
3512 1313 3773 1370 servanda
3820 1325 3918 1381 est,

2341 1401 2452 1456 imo
2475 1400 2601 1470 quia
2625 1404 2892 1458 servanda
2915 1411 3019 1468 est,
3053 1404 3274 1459 omnino
3297 1405 3572 1474 corrumpi
3595 1422 3701 1466 non
3724 1408 3915 1464 debet:

2341 1499 2397 1548 et
2428 1493 2475 1548 si
2503 1494 2720 1548 omnino
2745 1495 3023 1566 corrumpi
3051 1510 3162 1551 non
3192 1497 3368 1561 debet,
3395 1512 3497 1552 nec
3523 1513 3622 1568 pro
3647 1501 3769 1555 utili
3799 1517 3919 1570 qua-

2343 1584 2464 1638 dam
2493 1598 2552 1637 re
2575 1585 2851 1654 corrumpi
2881 1585 3100 1655 quidem
3140 1586 3300 1642 debet
3325 1604 3337 1641 :
3372 1595 3427 1642 et
3451 1588 3500 1644 si
3528 1603 3626 1658 pro
3652 1592 3773 1656 utili
3803 1608 3918 1662 qua-

2341 1674 2465 1729 dam
2501 1690 2563 1729 re
2594 1675 2901 1732 nullatenus
2939 1678 3214 1748 corrumpi
3242 1680 3438 1747 debet,
3467 1681 3637 1737 multo
3664 1699 3795 1755 ergo
3825 1685 3918 1738 mi-

654 1789 840 1829 errare
861 1776 952 1843 qui
975 1790 1095 1830 cum
1118 1763 1410 1830 Manichzeo
1451 1777 1635 1831 dicunt
1654 1777 1926 1833 hominem
1953 1787 2230 1847 peccatum

2341 1781 2443 1822 nus
2463 1781 2562 1836 pro
2589 1766 2764 1821 inutili
2793 1770 3068 1838 corrumpi
3095 1770 3280 1837 debet;
3299 1787 3423 1827 eum
3444 1773 3702 1831 videlicet
3722 1785 3920 1830 utrum-

655 1866 827 1920 vitare
849 1881 955 1920 non
976 1881 1155 1936 posse,
1180 1881 1343 1936 quam
1373 1866 1493 1921 illos
1515 1868 1610 1936 qui
1640 1881 1760 1922 eum
1780 1867 2066 1924 Joviniano
2093 1883 2237 1922 asse-

654 1966 784 2012 runt
810 1959 1085 2013 hominem
1109 1974 1216 2013 non
1247 1975 1406 2030 posse
1431 1975 1657 2029 peccare
1682 1976 1698 2015 :
1723 1969 1951 2031 uterque
1967 1961 2111 2016 enim
2140 1964 2239 2018 tol-

652 2048 717 2102 lit
746 2049 957 2103 arbitrii
987 2049 1310 2105 libertatcm.
1362 2050 1470 2107 Nos
1517 2067 1646 2107 vero
1701 2053 1932 2108 dicimus
1963 2054 2236 2110 hominem

651 2154 869 2210 semper
889 2148 944 2195 et
965 2156 1191 2210 peccare
1217 2151 1273 2197 et
1297 2159 1405 2198 non
1434 2159 1660 2213 peccare
1701 2160 1879 2215 posse,
1917 2152 1976 2199 ιιι
2021 2159 2238 2216 semper

653 2246 754 2287 nos
783 2231 942 2288 liberi
974 2234 1328 2290 conﬁteamur
1352 2252 1472 2291 esse
1496 2238 1726 2292 arbitrii.
1756 2238 1881 2292 Haac
1906 2245 1989 2293 est
2011 2239 2237 2293 catholi-

651 2337 733 2378 ca:
771 2323 1079 2379 traditionis
1122 2325 1244 2380 ﬁdei
1280 2341 1408 2380 vera
1439 2327 1752 2396 integritas,
1810 2342 1973 2395 quam
2022 2327 2236 2384 sincero

651 2416 817 2471 corde
850 2415 1122 2471 credimus
1163 2425 1216 2470 et
1244 2416 1500 2480 fatemur,
1543 2424 1598 2471 et
1641 2417 1696 2472 in
1743 2418 1846 2473 hoc
1879 2433 2043 2488 opere
2088 2420 2234 2474 beati

651 2506 968 2576 Hieronymi
987 2507 1168 2560 verbis
1183 2521 1494 2575 expressam
1519 2509 1843 2563 taxavimus.
1861 2509 1987 2564 Haec
2005 2518 2086 2564 est
2108 2525 2234 2566 vera

651 2599 814 2664 fides,
871 2600 1011 2653 hanc
1039 2598 1435 2655 confessionem
1470 2615 1854 2657 conservamus
1883 2609 2044 2672 atque
2079 2612 2230 2658 tene-

649 2703 794 2754 mus,
832 2703 996 2758 quam
1020 2690 1248 2760 quisque
1276 2691 1591 2747 inconvulse
1629 2699 1683 2746 et
1705 2693 2030 2750 intemerate
2052 2699 2232 2748 custo-

651 2779 833 2848 dierit,
863 2791 1179 2854 perpetuam
1211 2784 1441 2840 salutem
1472 2786 1710 2842 habebit.

1275 2897 1505 2955 CAPUT
1539 2900 1603 2955 ll.

579 3033 582 3036 .
647 2977 801 3052 Quod
823 2985 1076 3042 Tarasius
1104 2988 1168 3042 ab
1197 3004 1372 3043 errore
1397 3007 1624 3046 errorem
1646 2991 1798 3048 linire
1826 3003 2044 3049 conatus
2071 2994 2157 3059 sit,
2185 3003 2234 3048 et

711 3059 935 3134 quod‘ab
960 3060 1360 3134 wgritudinecd
1383 3064 1741 3132 aegritudinem
1756 3065 1991 3134 dilapsus
2013 3067 2099 3129 sit,
2115 3081 2234 3118 cum

2342 1873 2448 1928 que
2484 1866 2540 1912 et
2579 1859 2842 1930 imagines
2886 1862 3113 1917 adorare
3135 1902 3149 1926 ,
3181 1869 3237 1917 et
3279 1862 3394 1917 sine
3429 1863 3624 1923 ordine
3672 1865 3918 1936 graduum

2339 1949 2707 2018 pontiﬁcalem
2739 1953 3052 2011 cathedram
3079 1953 3260 2010 subire
3292 1954 3480 2012 inutile
3515 1957 3606 2014 sit.
3638 1957 3750 2015 Sed
3781 1974 3920 2030 quor

2343 2055 2462 2096 sum
2503 2041 2646 2097 ista?
2679 2044 3017 2100 Aceedamus
3059 2045 3127 2100 ad
3169 2045 3519 2116 Apostolum,
3551 2051 3845 2106 veniamus
3870 2050 3923 2105 ad

2343 2132 2452 2188 Vas
2493 2133 2799 2200 electionis,
2851 2135 3243 2206 interrogemus
3289 2141 3562 2208 egregium
3609 2144 3926 2210 praedicato-

2341 2238 2457 2278 rem
2483 2264 2498 2289 ,
2547 2225 2754 2280 intonet
2804 2227 2960 2281 nobis
2987 2227 3134 2294 quid
3184 2227 3252 2281 de
3293 2228 3636 2283 ordinatione
3684 2234 3930 2302 episcopi

2340 2324 2584 2380 censeat;
2621 2316 2710 2383 qui
2737 2316 2924 2384 procul
2957 2316 3120 2372 dubio
3157 2317 3547 2387 respondebit:
3585 2318 3796 2376 Manus
3835 2327 3930 2378 cito

2336 2405 2528 2459 uentini
2560 2406 2868 2473 imposuerit
2898 2403 2952 2476 (Ι
2983 2404 3118 2459 Tim.
3156 2406 3233 2476 ν).
3264 2407 3332 2462 Et
3372 2423 3610 2463 rursus:
3639 2409 3775 2465 Non
3817 2430 3932 2468 neo-

2332 2497 2576 2566 phytum,
2615 2511 2678 2549 ne
2725 2495 2783 2550 in
2822 2496 3066 2566 superbia
3112 2496 3280 2552 elatus
3326 2498 3383 2551 in
3419 2498 3696 2567 judicium
3730 2502 3928 2558 incidat

2333 2583 2530 2638 diaboli
2569 2584 2622 2655 (Ι
2648 2583 2783 2638 Tim.
2819 2585 2938 2657 tu);
2983 2599 3052 2640 ne
3089 2586 3340 2642 videlicet
3373 2589 3503 2644 dum
3535 2600 3694 2659 putat
3727 2608 3794 2648 se
3828 2612 3924 2651 non

2333 2681 2446 2728 tam
2470 2674 2832 2732 ministerium
2861 2676 3182 2733 humilitatis
3210 2694 3373 2748 quam
3398 2679 3923 2741 administrationem

2335 2766 2614 2823 saecularis
2657 2769 2940 2836 potestatis
2995 2770 3247 2839 adeptum
3271 2811 3286 2836 ,
3341 2773 3803 2831 condemnatione
3848 2793 3922 2832 su—

2335 2859 2538 2927 perbia
2592 2859 2733 2914 sicut
2779 2854 3024 2918 diabolus
3087 2875 3185 2930 per
3236 2860 3556 2931 jactantiam
3618 2863 3916 2933 dejiciatur.

2345 2951 2492 3007 Unde
2517 2953 2976 3021 periculosissima
3000 2963 3085 3010 est
3113 2955 3236 3011 talis
3263 2957 3553 3024 ordinatio,
3594 2961 3651 3015 in
3681 2977 3795 3032 qua
3823 2964 3920 3018 dia-

2337 3042 2446 3096 boli
2472 3042 2738 3110 judicium
2779 3046 3119 3114 suspicatur:
3145 3056 3202 3103 et
3233 3047 3805 3109 formidolosissimum
3847 3063 3920 3111 est

712 3125 948 3186 uidelicet
970 3125 1178 3210 repente
1196 3130 1409 3216 ex'laico
1429 3125 1775 3216 Eonuersuset
1797 3125 2233 3216 cd'episcopatum
2262 3125 2309 3190 C
2338 3132 2454 3201 ejus
2481 3133 2748 3201 doctrina,
2783 3151 2888 3204 qua
2923 3136 3186 3208 imagines
3231 3138 3458 3197 adorare
3495 3151 3698 3211 censet,
3734 3145 3836 3212 uti,
3873 3146 3916 3199 in

715 3208 982 3275 promotus
1032 3200 1654 3275 nititurﬁocrmendare
1698 3207 1753 3260 in
1792 3200 2079 3275 imaginum
2133 3205 2233 3258 ad-

717 3269 954 3352 orationc
993 3270 1130 3352 quod
1169 3270 1383 3340 admisit
1429 3273 1485 3342 in
1520 3276 1790 3346 repentina
1828 3269 2232 3331 corisecrationis

715 3349 1058 3410 susceptione.

713 3429 1018 3486 Peritorum
1039 3441 1194 3488 vetus
1216 3432 1320 3490 iste
1347 3435 1682 3492 medicorum
1706 3452 1825 3494 mos
1845 3446 1948 3504 est,
1973 3439 2050 3493 sic
2071 3438 2232 3494 unius

641 3523 974 3594 aegritudinis
1000 3525 1262 3582 molestiis
1287 3529 1734 3586 medicaminibus
1759 3533 1968 3586 crebris
1991 3532 2229 3586 curando

639 3615 865 3678 instare,
898 3624 956 3669 ut
979 3625 1161 3672 tamen
1187 3618 1410 3674 alterius
1433 3622 1605 3690 pestis
1629 3622 1884 3691 nequitiae
1909 3637 2018 3676 non
2046 3622 2228 3676 videa-

642 3711 733 3757 tur
762 3705 1085 3761 adminicula
1115 3718 1393 3777 praestare,
1415 3716 1670 3782 quoniam
1696 3715 1945 3784 qumdam
1972 3729 2060 3769 res
2087 3716 2228 3770 sicut

547 3866 554 3870 _
641 3797 801 3852 unius
831 3798 974 3854 vires
1007 3807 1331 3869 extenuant,
1366 3803 1440 3861 ita
1480 3807 1734 3862 adhibitae
1762 3807 1986 3861 alterius
2023 3808 2228 3864 viribus

641 3886 895 3943 alimenta
933 3890 1247 3947 ministrant
1285 3910 1300 3948 :
1339 3901 1393 3948 et
1436 3895 1693 3965 spiritalis
1740 3894 1912 3951 vineae
1957 3896 2226 3952 cultorum

639 3990 741 4048 est,
793 3982 871 4039 sic
917 3987 1273 4055 quorumdam
1328 3987 1631 4042 convellere
1690 3987 1948 4044 vitiorum
2006 3991 2222 4061 stirpes,

637 4084 698 4142 ιι
737 4084 915 4132 tamen
959 4077 1191 4134 aliorum
1237 4079 1397 4148 nullis
1442 4079 1820 4136 convalescant
1873 4082 2225 4157 incrementis

639 4171 884 4236 radices,
937 4173 1191 4241 quoniam
1246 4173 1602 4243 quorumdam
1661 4176 1915 4232 vitiorum
1968 4178 2225 4248 pestifera

637 4259 900 4338 plantatio
928 4260 1155 4317 aliorum
1199 4263 1487 4318 abolitione
1516 4264 1777 4322 vitiorum
1828 4269 2096 4334 inolescit,
2129 4269 2228 4323 sic-

635 4339 741 4419 que
781 4349 868 4403 alii
893 4354 1032 4420 pesti
1065 4354 1306 4408 subsidia
1352 4357 1599 4426 praebens
1645 4375 1776 4430 agro
1804 4361 2003 4415 mentis
2036 4341 2222 4425 ofﬁcit,

2337 3241 2444 3295 quo
2495 3233 2607 3280 tam
2655 3226 2854 3282 atrocis
2897 3227 3129 3297 exempli
3171 3229 3329 3285 ruina
3384 3230 3744 3301 formidatur;
3808 3250 3918 3290 cum

2333 3319 2668 3388 prohibitum
2707 3321 2781 3376 sit
2817 3321 3132 3391 popularem
3169 3323 3449 3380 hominem
3488 3329 3780 3383 sacerdotii
3816 3345 3918 3384 ma-

2334 3414 2616 3483 gisterium
2673 3415 2965 3485 adimplere
3044 3419 3270 3486 debere,
3347 3419 3501 3491 cujus
3545 3437 3644 3478 nec
3683 3424 3916 3480 officium

2331 3503 2590 3569 tenuisse,
2628 3519 2727 3560 nec
2753 3505 3090 3577 disciplinam
3123 3511 3366 3567 creditur
3389 3514 3686 3583 agnovisse,
3711 3523 3772 3570 et
3796 3529 3914 3570 eum

2331 3608 2395 3648 ea
2422 3595 2616 3650 docere
2645 3611 2804 3666 posse
2833 3615 2953 3668 quae
2983 3610 3198 3657 constat
3229 3619 3355 3658 eum
3388 3620 3728 3676 nequaquam
3765 3615 3912 3663 antea

2330 3685 2603 3742 didicisse.
2653 3689 2730 3744 De
2769 3690 2861 3743 tali
2899 3695 3084 3762 itaque
3121 3695 3462 3751 ordinatione
3499 3698 3616 3754 haec
3659 3707 3746 3754 est
3778 3698 3909 3755 beati

2327 3777 2576 3851 Gregorii
2612 3782 2867 3838 Romanae
2901 3785 3053 3840 urbis
3091 3788 3353 3843 antistitis
3388 3790 3658 3844 sententia
3694 3808 3708 3844 :
3743 3809 3763 3842 σ
3787 3790 3910 3857 Qui-

2328 3872 2455 3928 dam
2508 3875 2777 3932 desiderlo
2829 3878 3050 3934 honoris
3104 3879 3272 3935 inflati
3330 3881 3600 3938 defunctis
3655 3882 3908 3955 episcopis

2329 3972 2703 4032 tonsurantur,
2741 3974 2797 4021 et
2844 3975 3065 4036 repente
3105 3969 3242 4024 ﬁunt
3277 3985 3346 4025 ex
3389 3971 3544 4027 laieis
3587 3976 3902 4034 sacerdotes,

2328 4066 2491 4128 atque
2535 4060 2896 4115 inverecunde
2930 4061 3169 4133 religiosi
3197 4065 3460 4134 propositi
3496 4067 3742 4121 ducatum
3769 4066 3908 4120 arri-

2326 4149 2501 4219 piunt,
2533 4151 2624 4219 qui
2663 4166 2764 4207 nec
2801 4167 2921 4207 esse
2961 4153 3139 4208 adhuc
3177 4155 3378 4212 milites
3419 4158 3737 4214 didicerunt.
3768 4156 3906 4224 Quid

2327 4250 2598 4311 putamus,
2650 4244 2780 4314 quid
2822 4245 2914 4300 isti
2960 4245 3215 4315 subjectis
3258 4251 3572 4318 praestaturi
3612 4259 3767 4318 sunt,
3817 4247 3903 4319 qui

2328 4344 2616 4406 antequam
2654 4336 3009 4407 discipulatus
3049 4339 3213 4395 limen
3251 4341 3547 4413 attingant,
3602 4351 3785 4398 tenere
3827 4339 3902 4394 loc

639 4454 758 4510 qua-3
778 4455 879 4522 per
905 4456 962 4495 se
983 4443 1197 4496 ofﬁcere
1227 4459 1332 4495 non
1354 4446 1539 4502 valens
1563 4429 1902 4505 suisiviribus
1925 4451 2222 4518 exstirpata

2333 4441 2451 4482 cum
2487 4429 2788 4500 magisterii
2826 4445 2934 4486 non
2973 4429 3301 4488 formidant?
3341 4433 3458 4502 Qua
3497 4436 3564 4492 de
3598 4450 3657 4490 re
3693 4447 3903 4490 necesse

2333 4526 2407 4543 ηηι
2439 4528 2496 4543 -.ι
2533 4528 2580 4543 ,ιι
2617 4519 2660 4543 ,2
2704 4520 2956 4543 :_---I_-‘:
2992 4523 3211 4543 ..__!-_-_-
3247 4523 3311 4543 ,ΞΑ
3342 4525 3513 4543 κ---ᾼε.ε
3580 4533 3695 4543 -_a_
3732 4533 3897 4543 .-..--_

638 4515 873 4586 fatescit.
899 4530 1142 4596 Quorum
1170 4538 1526 4606 utrorumque
1553 4539 1935 4607 praestantibus
1958 4541 2217 4608 moribus,

641 4622 753 4675 sive
797 4623 1095 4692 peritorum
1149 4624 1505 4694 medicorum,
1550 4631 1664 4685 sive
1695 4631 2014 4699 spiritalium
2051 4633 2222 4688 culto—

642 4725 783 4776 rum,
833 4726 940 4765 non
987 4712 1334 4770 mediocriter
1362 4718 1618 4774 Tarasius
1668 4719 1986 4786 perhibetur
2027 4722 2219 4791 obniti,

639 4800 729 4874 qui
767 4817 864 4876 per
898 4816 1011 4858 rem
1040 4805 1256 4876 penitus
1299 4809 1640 4864 interdictam
1674 4817 1728 4862 et
1762 4811 2069 4868 nullatenus
2097 4829 2223 4883 pro-

638 4891 910 4949 ﬁcientem
952 4895 1144 4951 nititur
1168 4901 1458 4954 emendare
1491 4914 1605 4952 rem
1636 4899 1850 4970 penitus
1880 4902 2221 4960 interdictam

637 4993 693 5041 et
719 5000 941 5055 prorsus
967 4987 1310 5044 officientem.
1360 4989 1429 5043 Et
1470 4988 1632 5042 veluti
1665 4989 1710 5043 si
1736 4990 1858 5059 quis
1897 4991 2220 5050 lutulentum

639 5076 769 5142 quid
805 5078 1012 5148 ingesta
1058 5079 1377 5150 impuritate
1421 5077 1602 5132 eluere
1643 5080 1884 5151 cupiens,
1923 5083 2050 5138 dum
2080 5085 2222 5141 lutu-

637 5163 799 5220 lentis
849 5167 1200 5225 nihilominus
1247 5167 1428 5222 eluere
1466 5167 1660 5223 nititur
1697 5174 1871 5241 aquis,
1914 5191 2019 5244 quo
2051 5178 2221 5250 magis

639 5257 856 5315 abluere
887 5263 1110 5330 appetit,
1139 5275 1203 5315 eo
1227 5261 1400 5330 magis
1441 5259 1643 5316 eisdem
1695 5263 2094 5334 impuritatibus
2143 5271 2222 5325 in-

639 5350 750 5406 ﬁcit
783 5369 797 5409 :
827 5354 902 5407 ita
935 5353 1077 5408 idem
1107 5368 1171 5406 ex
1203 5350 1340 5406 laico
1371 5362 1590 5422 repente
1624 5358 1690 5410 ad
1718 5358 2115 5430 episcopatum,
2163 5369 2223 5417 ut

637 5442 826 5508 fertur,
853 5449 1153 5513 promotus,
1188 5444 1312 5498 dum
1353 5447 1690 5515 repentinam
1725 5452 1858 5504 tanti
1884 5453 2080 5522 gradus
2105 5457 2222 5507 sus-

637 5535 938 5604 ceptionem
974 5549 1069 5604 per
1095 5535 1412 5594 insolentem
1471 5540 1624 5595 nisus
1650 5549 1733 5596 est
1757 5544 2045 5596 emendare
2085 5543 2219 5598 ima-

2325 4526 2412 4573 est
2439 4528 2500 4573 ut
2529 4528 2585 4574 et
2617 4519 2663 4574 si
2703 4520 2960 4590 inculpati
2987 4523 3216 4593 quisque
3242 4523 3314 4582 sit
3339 4525 3535 4591 meriti,
3573 4533 3702 4580 ante
3728 4533 3902 4578 tamen

2324 4625 2423 4681 per
2462 4612 2746 4670 distinctos
2778 4614 2994 4670 ordines
3024 4616 3406 4672 ecclesiasticis
3438 4623 3756 4671 exerceatur
3777 4613 3902 4668 om-

2323 4703 2424 4758 ciis
2453 4719 2467 4756 :
2495 4703 2674 4759 videat
2707 4706 2853 4774 quod
2890 4706 3149 4772 imitetur,
3195 4707 3359 4763 discat
3397 4707 3535 4774 quod
3573 4706 3782 4768 doceat,
3813 4703 3902 4757 in-

2321 4793 2589 4848 formetur
2623 4796 2690 4849 ad
2723 4795 2778 4849 id
2813 4796 2955 4864 quod
2992 4805 3204 4866 teneat,
3248 4807 3305 4853 ut
3335 4805 3517 4868 postea
3554 4811 3662 4852 non
3703 4796 3903 4852 debeat

2322 4899 2507 4940 errare
2547 4885 2638 4954 qui
2693 4886 2910 4957 eligitur
2962 4890 3106 4948 viam
3155 4892 3458 4948 errantibus
3505 4890 3896 4945 demonstrare.

2322 4977 2424 5032 Diu
2461 4992 2591 5049 ergo
2628 4978 2880 5050 religiosa
2933 4982 3282 5039 meditatione
3316 4985 3548 5054 poliatur
3580 4991 3640 5038 ut
3659 4983 3891 5054 placeat:

2321 5078 2374 5125 et
2415 5071 2494 5125 sic
2529 5070 2746 5126 lucerna
2780 5087 2942 5143 super
2977 5076 3362 5132 candelabrum
3404 5078 3577 5147 posita
3616 5076 3812 5144 luceat,
3845 5082 3896 5127 ut

2322 5164 2546 5219 adversa
2575 5173 2860 5221 ventorum
2889 5168 2971 5223 vis
2994 5169 3205 5225 irruens
3231 5179 3548 5240 conceptam
3587 5168 3894 5225 eruditionis

2321 5258 2593 5312 flammam
2638 5275 2747 5316 non
2788 5262 3130 5333 exstinguat,
3183 5267 3278 5320 sed
3313 5272 3508 5334 augeat
3551 5281 3564 5317 :
3611 5279 3735 5318 nam
3780 5275 3892 5316 cum

2321 5349 2582 5418 scriptum
2623 5351 2719 5416 sit,
2757 5352 2915 5407 Prius
2944 5355 3062 5424 quis
3103 5355 3368 5425 probetur,
3416 5363 3465 5410 et
3505 5356 3584 5410 sic
3623 5354 3889 5412 ministret,

2320 5441 2490 5496 multo
2519 5443 2749 5513 amplius
2781 5453 2904 5500 ante
2933 5448 3243 5516 probandus
3271 5457 3374 5515 est,
3398 5448 3490 5518 qui
3523 5446 3704 5518 populi
3733 5447 3889 5499 inter-

2320 5548 2506 5590 cessor
2547 5537 2858 5602 assumitur,
2903 5553 2971 5592 ne
3010 5539 3143 5594 ﬁant
3188 5555 3352 5596 causa
3389 5541 3560 5594 ruinae
3599 5537 3780 5609 populi
3818 5549 3894 5590 sa-

638 5624 823 5689 sinum
877 5625 1277 5697 adorationem,
1320 5630 1565 5689 illicitum
1623 5632 1811 5690 illicito
1845 5635 2113 5704 apposuit,
2163 5645 2220 5692 et
2313 5629 2565 5692 .cerdotes
2600 5630 2749 5688 mali.
2806 5629 2959 5688 Nulla
3006 5631 3172 5704 igitur
3217 5641 3408 5708 contra
3449 5633 3557 5708 hoc
3599 5628 3894 5696 excusatio,

642 5714 843 5771 quanto
876 5726 1046 5766 unum
1081 5731 1318 5783 errorem
1349 5722 1525 5778 altero
1565 5738 1753 5799 errore
1789 5724 2212 5810 linire‘putavit,
2311 5723 2465 5812 nulla
2507 5729 2684 5794 potitet
2746 5738 2868 5782 esse
2910 5725 3190 5794 defensio.
3254 5728 3384 5799 (ιιιὶᾶ
3431 5725 3650 5796 cum!“
3693 5721 3897 5793 liquido
