4008 6154
181 251 320 316 ut?

952 247 1129 303 LIBRI
1161 245 1507 303 οΑιωιιιΜ.
1547 275 1618 290 -—
1649 245 1876 303 CAP".
1918 251 2006 306 DE
2040 251 2234 311 WAG.
2273 282 2346 302 ισο-
2379 255 2511 313 UB.
2551 257 2638 313 m.

3279 263 3417 321 ms

177 371 370 422 notum
412 368 496 417 est
547 375 664 431 quae
707 362 782 417 sit
823 361 878 416 in
929 360 1090 430 hujus
1131 361 1211 416 rei
1249 360 1521 430 diligentia
1563 369 1748 414 sancta
1777 364 1829 422 Α
1854 371 2153 422 tortuosum
2190 377 2284 423 aut
2321 369 2652 439 ambiguum,
2687 378 2781 426 ant
2807 371 3040 441 quodam
3085 373 3271 428 nubilo
3298 389 3420 430 και.

176 453 384 523 egregii
411 451 710 513 sollicitudo
743 453 997 516 doctoris,
1024 467 1129 522 qua
1158 451 1484 520 neopbytum
1507 450 1578 506 ad
1609 449 1751 506 ordi-

175 560 278 602 nes
317 552 458 603 vetat
497 560 686 602 sacros
729 546 1008 601 accedere.
1060 543 1212 598 Sicut
1252 551 1430 596 autem
1470 550 1599 596 tunc
1627 557 1752 596 neo-

174 635 379 705 pbytus
401 636 689 692 dicebatur
711 637 807 705 qui
836 637 988 690 initio
1013 643 1210 689 sanctte
1237 633 1358 687 ﬁdei
1385 641 1502 686 erat
1529 647 1752 686 conver-

173 727 389 782 satione
426 729 722 796 plantatus,
755 731 834 784 sic
859 730 1012 790 modo
1045 727 1346 798 neopbytus
1367 727 1645 782 habendus
1670 733 1754 780 est

174 818 272 886 qui
297 827 518 887 repente
543 820 600 875 in
626 820 897 890 religionis
923 819 1106 872 habitu
1127 818 1398 886 plantatus
1420 818 1487 870 ad
1510 816 1754 870 ambien-

174 911 281 966 dos
317 912 550 968 honores
579 927 760 967 sacros
790 910 1086 979 irrepserit.
1121 909 1320 964 Ordine
1353 924 1481 976 ergo
1509 908 1576 961 ad
1601 907 1751 961 ordi-

174 1015 311 1058 nem
366 1003 723 1062 accedendum
767 1010 868 1055 est.
921 1000 1037 1054 Non
1079 1001 1302 1070 gradum
1344 1014 1558 1054 sacrum
1608 1006 1754 1053 recte

171 1093 385 1160 appetit
410 1094 503 1161 qui
532 1093 597 1146 ad
623 1107 832 1146 summa
857 1091 966 1146 loci
992 1090 1205 1160 fastigia
1229 1091 1538 1160 postpositis
1572 1088 1753 1159 gradi-

170 1183 279 1240 bus
321 1198 420 1251 per
469 1185 695 1252 abrupta
747 1183 943 1250 quaerit
994 1197 1273 1238 ascensum
1297 1199 1316 1236 :
1343 1191 1400 1236 et
1441 1197 1563 1236 cum
1609 1181 1753 1235 idem

172 1269 465 1339 Apostolus
515 1272 704 1330 doceat
742 1271 886 1328 inter
920 1272 1025 1326 alia
1064 1272 1207 1328 sacri
1254 1273 1457 1326 ordinis
1502 1271 1752 1325 instituta

175 1360 524 1430 discipulum,
557 1378 752 1418 manus
785 1379 892 1418 non
935 1378 1054 1418 esse
1090 1363 1342 1432 aliquam
1377 1363 1539 1417 citius
1583 1363 1755 1431 impo-

173 1452 409 1518 nendas,
457 1452 585 1521 quid
630 1454 734 1508 hoc
777 1454 1041 1517 celerius,
1089 1455 1286 1523 quidve
1331 1454 1753 1524 praecipitandus

171 1558 339 1610 quam
365 1551 427 1598 ut
463 1545 737 1600 exoriatur
773 1562 804 1599 a
837 1546 1145 1599 summitate
1168 1545 1508 1612 principium,
1536 1551 1595 1597 ut
1627 1551 1753 1597 ante

171 1644 300 1690 esse
347 1632 573 1700 incipiat
621 1633 902 1701 episcopus
947 1649 1113 1701 quam
1168 1634 1443 1699 magister.
1487 1653 1507 1684 ι
1556 1633 1751 1688 Contra

1850 456 2041 511 borum
2074 459 2366 515 obductum
2407 459 2590 525 fuerit,
2627 475 2883 533 magnam
2918 462 3076 518 ali‘ert
3102 465 3301 520 dicenti
3335 468 3420 522 vel

1850 549 2085 605 audienti
2113 551 2400 620 iacturam.
2439 553 2517 606 Ex
2550 553 2708 609 Patre
2743 557 2887 610 enim
2922 565 2976 610 et
2999 557 3136 612 Filio
3159 558 3419 627 Spiritum

1851 645 2118 704 sanctum,
2151 656 2258 696 non
2292 659 2359 696 ex
2386 642 2547 696 Patre
2583 659 2680 712 per
2703 643 2897 700 Filium
2930 648 3241 714 procedere,
3274 656 3420 703 recte

1851 728 2107 794 creditur,
2137 739 2191 784 et
2215 734 2415 788 usitate
2447 735 2736 789 conﬁtetur
2765 754 2778 789 :
2809 737 2934 805 quia
2961 754 3067 792 non
3095 753 3192 807 per
3223 737 3418 802 Filium

1850 825 1908 872 ut
1945 826 2070 887 pote
2109 829 2360 875 creatura
2400 838 2518 891 qua:
2559 839 2656 892 per
2697 825 2875 896 ipsum
2919 826 3061 882 facta
3106 831 3204 894 sit,
3245 845 3420 899 neque

1851 909 2001 978 quasi
2032 913 2297 977 posterior
2335 920 2596 982 tempore,
2637 923 2731 967 aut
2775 917 2953 970 minor
2997 926 3280 984 potestate,
3325 928 3421 974 aut

1852 999 2070 1054 alterius
2112 1001 2446 1068 substantiae,
2485 1003 2748 1071 procedit,
2785 1007 2878 1059 sed
2920 1021 2988 1059 ex
3017 1007 3179 1063 Patre
3206 1016 3260 1061 et
3281 1009 3420 1065 Filio

1853 1098 1910 1142 ut
1941 1096 2261 1154 coaeternus,
2299 1099 2360 1144 ut
2389 1095 2879 1159 consubstantialis,
2919 1104 2979 1147 ut
3016 1098 3322 1164 coieqnalis,
3354 1105 3422 1151 ut

1851 1180 2008 1235 unius
2052 1180 2265 1250 gloriae,
2297 1182 2581 1249 potestatis
2626 1191 2790 1249 atque
2833 1183 3130 1238 divinitatis
3177 1201 3298 1238 cum
3343 1187 3421 1243 eis

1851 1273 2086 1332 existens
2132 1273 2422 1340 procedere
2461 1273 2719 1328 creditur.
2769 1274 3007 1328 Alteram
3047 1290 3280 1343 namque
3311 1278 3418 1334 vim

1853 1367 2012 1421 habet
2037 1381 2102 1419 ex
2125 1365 2450 1434 praepositio,
2479 1375 2533 1420 et
2563 1365 2785 1422 alteram
2816 1383 2925 1437 per.
2952 1365 3103 1422 Unde
3127 1375 3184 1422 et
3209 1368 3305 1426 Dei
3331 1368 3422 1424 Fi-

1852 1456 1956 1511 lius
1981 1466 2142 1511 natus
2174 1471 2240 1510 ex
2277 1458 2492 1514 homine
2526 1474 2630 1512 non
2659 1473 2758 1526 per
2784 1456 3054 1513 hominem
3082 1459 3334 1522 creditur,
3366 1460 3421 1518 id

1851 1555 1953 1610 est,
1975 1562 2080 1600 non
2106 1561 2202 1615 per
2225 1547 2444 1610 coitum,
2468 1563 2575 1601 non
2595 1562 2693 1615 per
2716 1547 3004 1604 humanam
3029 1549 3414 1615 operationem,

1852 1637 1945 1692 sed
1977 1653 2042 1692 ex
2077 1638 2282 1706 virgine
2313 1652 2531 1692 carnem
2566 1639 2888 1692 assumenda
2915 1646 3092 1694 natus.
3126 1639 3193 1694 Et
3219 1640 3418 1696 idcirco

171 1740 347 1792 quam
376 1724 750 1780 ecclesiasticae
782 1725 1133 1780 institutionis
1167 1739 1413 1779 normam
1442 1727 1565 1780 dum
1595 1740 1749 1794 supe-
1775 1704 1826 1766 .
1851 1727 2020 1794 quaeri
2042 1704 2217 1794 potest
2239 1736 2418 1780 utrum
2445 1734 2590 1780 recte
2615 1727 2718 1781 dici
2747 1735 2926 1795 queat,
2952 1725 3181 1797 Spiritus
3207 1740 3416 1788 sanctus

173 1818 300 1874 rius
344 1826 673 1873 memoratus
713 1818 966 1872 Tarasius
1024 1818 1351 1878 sacerdotale
1397 1817 1636 1882 culmen,
1690 1824 1750 1871 ut

171 1909 366 1973 aiunt,
417 1909 719 1975 contendit,
775 1910 989 1963 turbare
1031 1908 1208 1978 potius
1245 1924 1406 1976 quam
1447 1909 1749 1978 gubernare

173 1999 483 2058 dinoscitur
512 1999 709 2067 plebes.
754 1998 866 2055 Nec
913 2000 1215 2054 mirandum
1249 2008 1331 2054 est
1369 2001 1413 2053 si
1457 2014 1562 2061 non
1603 2006 1747 2053 recte

170 2091 436 2160 pradicet
469 2093 558 2159 qui
600 2092 667 2146 ad
709 2093 1108 2161 praedicationis
1161 2091 1393 2148 ofﬁcium
1441 2109 1550 2145 non
1605 2098 1747 2146 recte

170 2182 436 2251 pervenit.
476 2183 553 2237 De
596 2181 748 2252 cujus
798 2183 1102 2237 inordinata
1144 2183 1548 2237 consecratione
1579 2181 1749 2236 multa

167 2282 486 2332 sanctorum
521 2274 743 2328 Patrum
782 2274 906 2342 poni
955 2275 1264 2329 testimonia
1314 2282 1580 2343 poterant,
1629 2287 1747 2340 quae

169 2376 361 2422 tamen
406 2367 685 2421 brevitatis
729 2383 889 2422 causa
931 2368 1128 2423 omissa
1170 2376 1318 2426 sunt.
1367 2366 1492 2422 llaec
1536 2372 1745 2419 tantum

173 2457 245 2514 de
272 2457 377 2529 δερ
405 2473 467 2514 re
488 2457 729 2528 posuisse
751 2457 1001 2512 suﬁiciat.

783 2589 1012 2660 CAPUT
1051 2590 1134 2644 ιιι.

175 2680 369 2736 Utrum
406 2679 658 2752 Tag-asins
695 2691 828 2752 recte
863 2683 1047 2736 sentiat
1074 2681 1164 2752 qui
1208 2679 1463 2752 Spiritum
1505 2687 1744 2734 sanctum

246 2768 354 2805 non
383 2768 447 2805 ea:
470 2749 627 2804 Patre
652 2760 697 2805 et
721 2750 862 2805 Filio
891 2749 1171 2804 secundum
1198 2749 1515 2804 verissimam
1551 2757 1744 2802 sancta:

1851 1833 1882 1868 a
1906 1815 2065 1876 Patre
2088 1832 2177 1886 per
2207 1813 2250 1868 ιε’
2252 1815 2399 1870 ilium
2439 1815 2732 1884 procedere,
2767 1830 2838 1871 ne
2885 1816 3007 1872 dum
3055 1817 3266 1872 incaute
3304 1819 3419 1872 b:ec

1848 1907 2142 1976 propositio
2165 1924 2258 1976 per
2283 1908 2338 1960 in
2371 1908 2504 1961 tanti
2540 1907 2779 1977 mysterii
2811 1907 3143 1976 professione
3178 1910 3414 1979 ponitur,

1847 1998 2035 2054 Ariani
2065 1998 2209 2054 illius
2236 1998 2440 2053 erroris
2464 1998 2698 2052 virosum
2736 1998 2987 2067 cuiquam
3024 2000 3271 2067 poculum
3303 2002 3417 2058 λωί-

1847 2088 2070 2150 nistret,
2104 2089 2196 2156 qui
2231 2088 2493 2157 Spiritum
2539 2097 2784 2144 sanctum
2827 2099 3128 2150 creaturam
3183 2107 3320 2156 esse.
3361 2101 3420 2154 et

1846 2195 1942 2248 per
1972 2179 2164 2234 Filium
2191 2180 2332 2234 sicut
2351 2187 2405 2234 et
2426 2188 2618 2240 caetera
2647 2197 2767 2250 quae
2790 2191 2972 2238 creata
2998 2191 3140 2248 sunt,
3169 2192 3417 2242 creamur

1848 2287 1966 2328 esse
1992 2271 2328 2340 hlaspbemat
2358 2289 2372 2325 :
2407 2271 2498 2341 qui
2535 2273 2698 2328 etiam
2725 2273 2810 2328 sui
2835 2275 3170 2343 baptismatis
3200 2277 3414 2334 tinctio-

1846 2377 1968 2416 nem
1991 2377 2097 2416 non
2115 2361 2269 2430 juxta
2297 2361 2457 2417 ﬁdem
2477 2363 2863 2432 evangelicam,
2897 2366 2956 2422 in
2982 2367 3189 2424 nomine
3214 2366 3413 2432 Patris,

1845 2462 1893 2507 et
1919 2450 2079 2516 Filii,
2137 2461 2186 2505 et
2221 2450 2452 2521 Spiritus
2505 2455 2672 2506 sancti
2709 2453 2924 2523 (Matth.
2968 2455 3190 2525 xxviii).
3239 2455 3333 2514 sed
3359 2457 3416 2510 in

1846 2543 2054 2598 nomine
2076 2540 2252 2598 Patris
2275 2558 2366 2611 per
2386 2540 2585 2600 Filium
2609 2543 2665 2598 in
2687 2542 2889 2613 Spiritu
2914 2554 3092 2603 sancto
3116 2543 3418 2604 inielicibus

1843 2636 2146 2704 quibusque
2169 2635 2237 2690 ad
2268 2649 2328 2694 se
2359 2637 2633 2692 conversis
2661 2636 2976 2705 impertivit.
3006 2637 3242 2708 Spiritus
3264 2655 3417 2694 nam-

1844 2742 1948 2795 que
1993 2734 2211 2782 sanctus
2234 2743 2344 2782 non
2375 2735 2641 2792 creatura,
2689 2729 2786 2784 sed
2818 2738 3032 2786 creator
3065 2743 3185 2788 ene
3210 2730 3300 2790 bis
3329 2738 3411 2784 te-

247 2821 374 2890 ﬁdei
387 2820 638 2891 regulam,
668 2821 758 2875 sed
785 2838 849 2875 ex
871 2821 1030 2874 Patre
1049 2837 1139 2891 per
1166 2819 1364 2873 Filium
1391 2819 1744 2890 procedentem
1843 2819 2112 2873 stimoniis
2146 2819 2491 2887 approbatur.
2523 2817 2614 2872 Ait
2656 2817 2800 2872 enim
2830 2817 2997 2876 David
3033 2833 3048 2872 ε
3108 2817 3270 2880 Verbo
3307 2818 3418 2876 Do-

243 2892 302 2956 iﬂ
331 2908 442 2952 διιαδ
467 2891 785 2948 “caluum
813 2891 1030 2946 ίεσιίοηε
1053 2892 1381 2961 ρνοβιεατυν·
1841 2908 1971 2964 mini
1999 2906 2112 2962 caeli
2137 2907 2333 2975 ﬁrmati
2361 2914 2511 2971 sunt,
2539 2914 2586 2960 et
2616 2903 2817 2975 Spiritu
2841 2907 2946 2968 oris
2971 2905 3086 2975 ejus
3120 2906 3289 2968 omnis
3314 2907 3420 2959 vir-

238 3000 454 3057 Hostris
478 3002 876 3056 memorialihus
897 3016 1236 3070 nequaquam
1261 2998 1527 3058 subtraxit
1546 2998 1744 3054 oblivio
1773 3051 1816 3070 η
1847 3007 1930 3052 ωε
1961 3013 2140 3054 eorum
2185 2996 2359 3068 (Prol.
2397 2994 2622 3067 xxxui);
2677 3004 2733 3049 et
2771 2996 3028 3056 Salomon
3057 2995 3188 3054 dicit
3226 3013 3242 3054 ε
3297 2994 3419 3066 Ipse

167 3051 677 3160 εειῖὲὲιζὶιῖειῦὸῖίᾘ
687 3051 1743 3161 EéiHJriiaE‘iJjLELtislhnimione
1767 3051 1818 3114 ε
1846 3051 2035 3145 creauit
2058 3051 2121 3144 ἓα
2151 3051 2242 3160 pi}
2264 3089 2516 3159 Spiritum
2543 3051 2780 3144 sanctum
2812 3051 3098 3161 (ea-4,;
3137 3051 3266 3146 rei.
3315 3051 3420 3146 oa-

169 3186 262 3241 citi
291 3201 476 3240 sumus
503 3186 633 3240 nihil
664 3203 761 3241 nos
787 3187 1147 3242 indiscussum
1177 3186 1478 3249 relicturos,
1507 3185 1746 3254 nihilque
1845 3183 1954 3250 vid,
1978 3181 2170 3237 Emitte
2196 3181 2450 3252 Spiritum
2477 3191 2626 3238 tuum
2646 3191 2694 3236 et
2717 3183 3048 3248 creabantur,
3070 3191 3118 3236 et
3141 3186 3411 3245 renouabis

173 3279 385 3336 silentio
426 3279 816 3352 prieterimros,
859 3280 1004 3348 quod
1043 3279 1098 3338 in
1141 3277 1330 3332 eadem
1378 3276 1584 3346 synodo
1627 3291 1746 3344 quae
1843 3274 2033 3343 {aciem
2059 3283 2210 3327 terra:
2241 3273 2413 3343 (Ptol.
2441 3272 2580 3344 CIV);
2629 3283 2688 3334 α
2738 3273 2794 3328 in
2837 3273 2976 3336 libro
2995 3271 3095 3330 Job
3128 3275 3414 3334 scribitur:

170 3382 269 3436 pro
306 3369 595 3424 adorandis
633 3370 956 3439 intaginibus
995 3376 1147 3438 gesta
1177 3376 1287 3431 est,
1331 3367 1745 3435 reprehensione
1846 3364 2077 3432 Spiritus
2124 3363 2329 3420 divinus
2372 3373 2478 3427 est,
2530 3364 2734 3433 inquit,
2783 3369 2875 3436 qui
2919 3367 3109 3424 creavit
3155 3383 3236 3427 me
3270 3366 3415 3438 (Job.

172 3457 394 3526 dignum
440 3458 790 3523 inveniretur,
832 3459 938 3514 nisi
983 3457 1120 3512 forte
1160 3455 1306 3525 quod
1334 3465 1426 3510 aut
1462 3456 1745 3512 dillicultas
1843 3455 2072 3524 xxxnt);
2110 3461 2165 3508 et
2193 3454 2406 3511 inlibro
2428 3455 2632 3519 Iudith,
2660 3456 2792 3521 Tibi,
2813 3457 3011 3527 inquit,
3037 3460 3221 3514 seruiet
3247 3463 3418 3519 omnis

173 3547 470 3604 inordinati
510 3549 772 3604 sermonis
803 3558 990 3604 nostro
1022 3549 1310 3604 intellectui
1345 3550 1619 3617 impertire
1653 3564 1746 3604 ne-
1844 3555 2086 3602 creatura
2124 3553 2213 3598 tua
2241 3561 2258 3598 :
2294 3547 2541 3615 quoniam
2582 3547 2760 3604 dixisti
2788 3558 2837 3602 et
2868 3549 3009 3619 facta
3041 3559 3193 3614 sunt;
3227 3551 3418 3608 misisti

173 3647 362 3710 garct,
403 3649 494 3693 aut
537 3639 755 3706 puerilis
793 3640 916 3694 dicti
953 3641 1207 3708 ineptiam
1263 3642 1555 3695 reverentia
1597 3641 1746 3696 cohi-

1846 3635 2101 3706 Spiritum
2138 3645 2306 3700 tuum,
2338 3644 2386 3690 et
2429 3637 2707 3706 tudificavit
2760 3638 2990 3710 (Iudith.
3035 3639 3171 3712 xvr).
3231 3641 3418 3699 Tantm

171 3732 337 3786 bcnte
363 3738 550 3784 nostra
575 3729 864 3799 diSputatio
892 3731 1139 3798 persequi
1165 3731 1486 3798 despiceret;
1521 3733 1745 3800 ideoque
1839 3727 1988 3782 enim
2021 3727 2302 3797 potestatis
2333 3727 2448 3784 sive
2474 3729 2688 3792 virtutis
2719 3727 2956 3798 Spiritus
2987 3741 3206 3790 sanctus
3236 3741 3419 3792 osten—

175 3837 287 3876 non
325 3829 413 3874 est
450 3835 783 3888 consequens
825 3828 886 3873 ut
924 3821 991 3874 ab
1029 3821 1131 3874 hoc
1172 3827 1354 3874 nostra
1392 3823 1746 3890 suspendatur
1845 3819 2006 3882 ditur,
2045 3828 2105 3876 ut
2139 3819 2254 3889 ipso
2278 3827 2603 3888 cooperante
2633 3807 2828 3886 corpus
2855 3822 3067 3876 Domini
3098 3825 3267 3882 nostri
3289 3823 3418 3882 Jesu

169 3910 470 3978 disputatio
512 3911 655 3978 quod
683 3909 935 3964 Tarasius
965 3910 1221 3978 Spiritum
1260 3918 1500 3965 sanctum
1541 3927 1646 3965 non
1678 3926 1745 3966 ex
1839 3909 2064 3975 Christi,
2087 3911 2232 3980 quod
2260 3919 2342 3964 est
2374 3917 2556 3968 nostra
2582 3909 2898 3976 redemptio,
2938 3912 2992 3966 in
3015 3921 3170 3968 utero
3191 3913 3417 3981 virginis

174 4002 333 4056 Patre
377 4009 618 4067 tantum,
662 4002 801 4056 sicut
828 4002 1042 4070 quidam
1071 4002 1163 4070 qui
1188 4017 1491 4071 quanquam
1520 4018 1640 4057 eum
1680 4019 1746 4058 ex
1843 3998 2186 4064 formaretur,
2213 3997 2535 4067 evangelista
2567 3996 2778 4058 dicente
2805 4014 2818 4050 :
2853 3997 2936 4052 Ne
2965 3999 3168 4063 timeas,
3199 3999 3412 4068 Jorep/i,

175 4093 310 4148 Filio
352 4091 647 4160 procedam
694 4093 1086 4160 quodammodo
1137 4093 1422 4154 tacuerint,
1467 4101 1643 4147 tamen
1679 4106 1745 4147 ex
1843 4093 2076 4160 accipere
2106 4091 2337 4145 Mariam
2387 4089 2660 4160 conjugem
2693 4097 2873 4153 tuam;
2901 4088 3038 4158 quod
3081 4090 3216 4148 enim
3263 4091 3317 4144 in
3351 4109 3414 4160 en

177 4181 334 4238 Patre
367 4192 419 4236 et
443 4181 578 4238 Filio
601 4183 984 4250 procedentem
1011 4182 1230 4238 omnino
1263 4182 1620 4250 crediderunt,
1651 4199 1746 4241 ne-

173 4286 277 4340 que
307 4287 376 4328 ex
395 4271 553 4327 Patre
585 4279 641 4328 et
667 4270 824 4336 Filio,
852 4270 991 4326 sicut
1019 4271 1196 4327 omnis
1217 4271 1592 4328 univcrsaliter
1613 4287 1744 4342 ron-

1845 4189 2025 4240 natum
2054 4188 2150 4246 est,
2189 4180 2252 4236 de
2285 4179 2486 4250 Spiritu
2531 4188 2710 4242 sancto
2765 4188 2839 4232 est
2881 4178 3096 4249 (Matth.
3135 4178 3208 4249 1);
3259 4179 3410 4246 item,

1845 4270 2060 4338 Inventa
2080 4280 2152 4332 est
2173 4271 2232 4324 in
2253 4279 2397 4326 utero
2417 4270 2608 4328 habens
2630 4269 2693 4324 de
2713 4268 2918 4339 Spiritu
2938 4278 3118 4332 sancto
3139 4269 3290 4341 (Luc.
3314 4272 3409 4343 ll);

179 4361 365 4418 utetur
406 4370 460 4416 et
497 4361 666 4418 credit
709 4361 950 4418 Ecclesia
995 4377 1116 4416 eum
1169 4363 1492 4431 procedere,
1531 4365 1628 4422 sed
1673 4379 1744 4421 ex
1766 4399 1824 4463 υ
1845 4379 1952 4420 non
2001 4362 2144 4432 quod
2178 4360 2470 4426 Salvatoris
2513 4361 2684 4418 nostri
2724 4358 2956 4429 Spiritus
3002 4370 3221 4416 sanctus
3255 4361 3415 4418 Pater

180 4451 346 4506 Patre
377 4466 470 4519 per
493 4450 684 4508 Filium
714 4453 769 4508 in
805 4469 915 4508 sure
936 4453 1060 4509 ﬁdei
1091 4453 1424 4522 professione
1451 4457 1743 4523 procedere
1766 4450 1816 4463 ’⁷
1848 4457 2106 4520 dicendus
2132 4464 2233 4521 est,
2261 4464 2320 4510 ut
2343 4454 2448 4510 duo
2470 4463 2654 4524 patres
2681 4455 2988 4517 credantur,
3022 4454 3116 4514 sed
3147 4454 3291 4523 quod
3315 4453 3414 4510 Pa-

179 4543 460 4602 confessus
488 4553 588 4600 est.
616 4544 675 4600 ln
700 4561 800 4615 qua
827 4546 1160 4615 professione
1185 4547 1290 4602 nisi
1317 4548 1526 4616 paritas
1548 4556 1604 4602 et
1635 4549 1745 4608 sin-

180 4638 377 4691 ceritas
415 4635 593 4692 cordis
635 4636 708 4692 sit
742 4652 860 4705 qua:
906 4636 1093 4692 credat
1129 4653 1253 4692 eum
1287 4654 1397 4694 non
1437 4645 1742 4693 creaturam

181 4741 312 4792 esse,
337 4727 437 4784 sed
466 4734 794 4791 creatorem,
829 4743 929 4783 nec
959 4727 1120 4784 Patre
1155 4727 1397 4797 Filioque
1457 4731 1737 4798 minorem,

183 4820 270 4877 sed
313 4821 394 4882 eis
436 4819 699 4888 aequalem
737 4828 792 4876 et
832 4821 1340 4880 consubstantialem
1384 4828 1442 4876 et
1494 4825 1562 4879 ab
1595 4832 1744 4880 utro-

117 4973 132 4988 .
189 4922 285 4976 que
320 4910 640 4988 procedere,
688 4910 1051 4978 perniciosum
1096 4912 1245 4972 virus
1287 4913 1485 4980 poterit
1517 4914 1738 4970 exoriri.

187 4995 427 5060 Omnium
461 5015 592 5071 ergo
647 5014 827 5062 rerum
872 5000 1112 5064 deﬁnitio
1151 5001 1274 5060 talis
1309 5017 1426 5060 esse
1462 5003 1618 5066 debet
1657 5013 1736 5069 ut,

191 5089 432 5146 omnibus
462 5091 878 5155 obscuritatibus
905 5107 998 5152 seu
1025 5094 1460 5163 ambiguitatibus
1481 5096 1739 5165 explosis,

187 5185 254 5240 ad
279 5185 702 5244 demonstranda
728 5190 805 5244 rei
836 5198 982 5246 recto
1005 5191 1226 5247 tramite
1251 5193 1432 5247 tendat
1457 5194 1736 5258 indicium,

191 5281 243 5327 et
268 5275 311 5330 si
345 5275 568 5332 aliarum
590 5294 764 5334 rerum
792 5279 1030 5338 deﬁnitio
1055 5290 1166 5338 tam
1189 5283 1470 5351 perspicua
1523 5292 1740 5352 tamque

191 5363 341 5426 debet
365 5381 484 5424 esse
507 5368 750 5434 dilucida,
812 5381 871 5427 ut
900 5385 961 5431 ea
989 5388 1108 5440 quie
1137 5373 1553 5430 demonstranda
1592 5382 1736 5441 sunt,

188 5457 456 5520 evidenter
496 5461 823 5527 demonstret
843 5503 856 5526 ,
907 5464 1074 5524 multo
1117 5466 1290 5534 magis
1333 5465 1455 5524 ﬁdei
1501 5465 1740 5524 deﬁnitio

189 5546 404 5610 dihtcida
442 5560 498 5616 et
525 5553 806 5622 perspicua
839 5559 891 5614 e’t
921 5557 1071 5618 omni
1108 5556 1460 5626 ambiguitate
1496 5555 1608 5613 sive
1638 5566 1743 5614 tor-

127 5639 135 5693 i
188 5641 432 5714 mittite
479 5657 676 5716 carens
721 5658 838 5718 esse
879 5645 1059 5716 debet.
1102 5647 1164 5716 tu
1197 5663 1307 5719 sua
1337 5649 1385 5727 si
1423 5647 1625 5720 inquit
1647 5664 1743 5718 aut

1845 4549 1947 4602 tris
1993 4554 2047 4600 et
2092 4545 2212 4600 Filii
2263 4545 2404 4599 idem
2455 4543 2691 4614 Spiritus
2739 4552 2957 4604 sanctus
2995 4552 3312 4615 cooperator
3361 4553 3415 4600 et

1844 4638 2005 4693 unius
2029 4635 2310 4706 potestatis
2338 4648 2460 4690 cum
2495 4635 2696 4690 eisdem
2727 4650 2848 4692 esse
2876 4636 3145 4702 credatur,
3190 4637 3416 4693 Domino

1843 4727 2158 4792 afﬁrmante,
2180 4723 2276 4792 Ite,
2292 4724 2773 4798 inquitdiscipulis,
2787 4727 3045 4799 baptizate
3055 4743 3230 4784 omnes
3243 4739 3414 4796 gentes

1839 4818 1896 4874 in
1923 4817 2129 4886 nomine
2162 4814 2370 4880 Patris,
2418 4822 2466 4869 et
2487 4813 2650 4883 Filii,
2672 4824 2725 4880 et
2752 4815 2978 4888 Spiritus
3006 4816 3172 4868 sancti
3197 4813 3410 4882 (Matth.

1842 4907 2054 4978 xxvnt).
2086 4905 2236 4965 Sicut
2255 4905 2404 4968 enim
2426 4888 2687 4972 Dominus
2728 4905 2994 4976 apostolos
3022 4903 3090 4955 ad
3115 4901 3413 4970 praedican-

1843 4999 1970 5056 dum
2007 4997 2311 5061 destinavit,
2345 4997 2462 5066 pari
2503 4997 2667 5054 etiam
2711 4995 2872 5050 modo
2916 4993 3148 5061 Spiritus
3195 5003 3414 5052 sanctus

1842 5087 2022 5144 facere
2068 5088 2389 5148 declaratur.
2434 5085 2704 5156 Scribitur
2745 5084 2887 5144 enim
2931 5084 2985 5138 in
3019 5083 3247 5146 Actibus
3287 5101 3413 5156 apo-

1836 5180 2100 5248 stolorum
2132 5180 2276 5252 quod
2314 5179 2474 5238 Petro
2514 5174 2784 5241 COBitante
2820 5175 2886 5236 de
2923 5175 3147 5241 visione,
3191 5177 3323 5240 dicit
3363 5179 3412 5232 ei

1843 5270 2076 5340 Spiritus
2121 5277 2339 5330 sanctus
2371 5285 2382 5319 :
2409 5266 2542 5328 Ecce
2590 5263 2685 5320 viri
2730 5273 2972 5332 quierunt
3020 5275 3097 5329 te;
3134 5281 3411 5333 exsurgens

1841 5359 1970 5420 vade
2001 5376 2117 5416 cum
2147 5362 2222 5424 eis
2255 5354 2386 5428 nihil
2421 5350 2681 5414 άιιὺὶβαηδν
2718 5351 2841 5418 quia
2877 5370 2976 5424 ego
3007 5371 3091 5410 eos
3117 5355 3235 5410 misi
3265 5353 3332 5406 ad
3365 5362 3414 5406 te

1843 5452 1980 5526 (Act.
2010 5454 2100 5528 1);
2132 5461 2192 5516 et
2230 5451 2356 5508 item
2376 5459 2395 5528 _=
2430 5438 2709 5528 ἔφηφαλέ
2743 5441 2872 5492 ﬁli/ti
2924 5445 3155 5508 Paulum
3215 5456 3260 5498 et
3294 5442 3424 5500 Bar-

1841 5519 2132 5604 nabam'dd
2151 5549 2287 5608 ρρομ
2319 5526 2383 5584 αά
2404 5523 2538 5596 (Ινοά
2565 5519 2697 5594 βίεθί
2717 5541 2803 5579 eos
2825 5527 3000 5595 (Act.
3023 5530 3176 5604 ira);
3201 5540 3253 5586 et
3272 5531 3432 5588 item:

1841 5632 2101 5711 ἁηέιβμάὶιιε
2133 5623 2281 5705 nobis
2313 5622 2360 5692 βε
2387 5613 2618 5688 Mitem
2647 5615 2793 5684 stest
2829 5617 2904 5676 in
2956 5645 3078 5700 ,ηρ
3114 5635 3210 5682 m
3237 5616 3458 5688 spiritu
