4008 6154
594 327 733 384 1119

1494 321 1556 376 B.
1597 319 1852 379 mou
1888 275 2106 377 metu
2139 319 2290 378 opp.
2325 319 2507 378 psus
2539 323 2604 379 ιι.
2633 323 2884 382 SECTIO
2919 327 2985 381 ιι.

3738 342 3883 398 “ﬁt!

588 449 799 499 sanctus
838 436 1106 491 constituit
1141 434 1408 506 episcopos
1455 432 1594 503 (Act.
1630 432 1745 503 xx).
1783 431 1917 486 Nam
1955 440 2010 485 et
2053 431 2176 486 uni-
2206 435 2260 496 Α
2281 448 2600 489 maneamus
2643 444 2698 490 et
2730 436 2846 505 ipse
2890 437 2946 491 in
2985 439 3139 496 nobis
3171 458 3183 495 :
3231 445 3373 502 unde
3409 454 3466 502 et
3503 447 3562 503 in
3591 450 3768 507 donis
3790 453 3884 510 Dei

590 548 747 589 versa
774 546 898 587 cum
922 529 1082 584 Patre
1116 536 1170 582 et
1196 526 1353 591 Filio,
1391 532 1452 579 ut
1482 533 1761 579 ostensum
1791 531 1894 590 est,
1921 538 2175 593 procrea-

589 625 688 689 vit,
727 630 781 678 et
807 622 951 676 Deus
986 633 1106 674 esse
1135 617 1295 671 unius
1325 631 1449 671 cum
1480 616 1672 670 iisdem
1703 614 1952 669 essentia":
1980 615 2065 668 his
2100 621 2179 667 te-

593 716 862 774 stimoniis
890 712 1240 782 approbatur.
1271 708 1440 762 David
1465 709 1609 761 enim
1644 707 1719 760 ait
1749 720 1763 758 :
1795 706 2020 758 Audiam
2050 705 2176 775 quid

591 806 836 875 loquatur
881 802 939 853 in
985 815 1066 852 me
1089 797 1343 851 Dominus
1386 795 1548 849 Deus.
1591 795 1736 848 Luce
1770 795 1949 861 itaque
1980 793 2176 847 clarius

592 899 803 950 constat
827 889 970 960 quod
999 904 1189 943 omnes
1213 886 1490 956 prophetae
1526 901 1634 938 non
1661 885 1766 939 nisi
1794 899 1894 952 per
1918 882 2178 952 Spiritum

592 994 838 1044 sanctum
889 983 1209 1038 annuntient
1260 980 1344 1035 vel
1388 980 1700 1049 loquantur,
1761 977 1989 1032 Domino
2042 983 2180 1030 atte-

592 1087 792 1144 stante,
816 1079 909 1149 qui
927 1077 1031 1131 ait:
1057 1075 1189 1129 Cum
1213 1076 1407 1128 venerit
1431 1073 1662 1143 Spiritus
1686 1071 1773 1125 ille
1793 1079 2003 1124 sanctus
2027 1087 2181 1141 quem

595 1171 757 1226 Pater
774 1170 939 1223 mittet
964 1169 1019 1221 in
1041 1167 1250 1220 nomine
1273 1181 1407 1228 meo,
1430 1165 1539 1234 ipse
1562 1179 1648 1217 vos
1668 1161 1869 1215 docebit
1893 1169 1941 1214 et
1966 1169 2182 1214 ventura

595 1262 926 1316 annuntiabit
976 1260 1117 1315 vobis
1160 1258 1342 1330 (Joan.
1383 1254 1496 1327 xv).
1539 1255 1672 1309 ltem
1714 1268 1812 1323 per
1861 1253 2180 1321 prophetam

594 1354 856 1410 Dominus
875 1353 1031 1407 dicit:
1061 1349 1114 1403 N
1117 1348 1359 1402 oluerunt
1386 1347 1573 1401 audire
1597 1362 1859 1399 sermones
1889 1361 2030 1398 meos
2051 1360 2182 1414 quos

593 1447 840 1502 mandavi
871 1448 925 1499 in
951 1444 1154 1515 Spiritu
1182 1458 1295 1495 meo
1321 1457 1413 1511 per
1437 1456 1494 1492 os
1518 1439 1887 1508 prophetarum
1922 1438 2180 1507 priorum,

594 1541 722 1593 dicit
746 1538 1021 1592 Dominus.
1054 1534 1252 1590 Paulus
1273 1546 1488 1602 quoque
1517 1527 1790 1598 apostolus
1827 1529 1895 1582 ad
1925 1528 2182 1583 Hebraeos

595 1631 838 1686 scribens
860 1629 936 1682 ait
965 1645 976 1681 :
1008 1626 1339 1694 Testiﬁcatur
1371 1623 1518 1676 nobis
1549 1619 1752 1690 Spiritu
1780 1628 1982 1682 sancto,
2013 1627 2062 1672 et
2086 1619 2184 1674 hoc

593 1732 666 1776 est
706 1727 1070 1775 testamentum
1105 1716 1242 1787 quod
1274 1715 1494 1784 dispono
1540 1710 1608 1764 ad
1643 1727 1728 1764 eos
1764 1718 1878 1781 post
1901 1710 2012 1763 dies
2039 1708 2182 1776 illos,

593 1775 721 1864 dicit
751 1811 1006 1862 Dominus
1044 1775 1230 1877 (Hebr.
1258 1804 1332 1874 χ).
1358 1775 1435 1857 Ἰιι
1465 1801 1692 1856 Actibus
1722 1775 1938 1869 quoque
1968 1805 2186 1868 aposto-
2211 1775 2262 1838 Β

595 1903 770 1956 lorum
798 1900 864 1954 ad
891 1898 1154 1953 Ananiam
1198 1895 1397 1949 dixisse
1444 1902 1717 1963 pastorem
1757 1893 2015 1948 Ecclesia:
2048 1893 2184 1965 legi-

595 2007 758 2048 mus:
785 1990 854 2044 Ut
887 1989 1013 2060 quid
1045 1989 1273 2044 Satanas
1311 1985 1542 2057 implevit
1583 2003 1674 2039 cor
1709 1994 1857 2038 tuum
1895 1987 2101 2040 mentiri
2136 1994 2186 2040 te

599 2082 821 2152 Spiritui
854 2089 1034 2135 sancto
1071 2080 1208 2146 (Act.
1249 2077 1359 2151 1v)?
1397 2077 1466 2132 Et
1519 2077 1809 2132 ostendens
1850 2092 1974 2132 eum
2012 2077 2186 2133 Deum

597 2187 737 2236 esse,
769 2173 826 2226 in
856 2172 1306 2241 subsequentibus
1331 2170 1462 2225 dicit
1487 2188 1500 2223 :
1528 2170 1652 2224 Non
1676 2186 1729 2224 es
1752 2168 1996 2222 mentitus
2015 2167 2190 2221 homi-

600 2263 773 2327 nibus,
798 2263 888 2316 sed
910 2263 1038 2316 Deo.
1077 2263 1275 2317 Paulus
1301 2277 1516 2332 quoque
1549 2277 1645 2315 vas
1677 2259 1957 2314 electionis
1986 2258 2052 2312 ad
2083 2257 2188 2314 Co-

600 2355 830 2409 rinthios
868 2355 1090 2410 scribit:
1117 2354 1410 2407 Divisianes
1455 2361 1628 2406 autem
1666 2351 2010 2404 donationum
2043 2356 2186 2415 sunt,

599 2447 738 2500 idem
773 2464 889 2501 vero
918 2447 1148 2516 Spiritus
1173 2461 1191 2499 :
1215 2454 1262 2499 et
1289 2445 1568 2497 divisiones
1604 2441 2013 2494 ministeriorum
2043 2447 2186 2506 sunt,

600 2538 738 2589 idem
761 2538 869 2605 ipse
906 2534 1161 2588 Dominus
1197 2549 1215 2586 :
1248 2541 1295 2585 et
1319 2531 1600 2584 divisiones
1643 2530 2002 2600 operationum
2045 2537 2187 2594 sunt,

602 2630 741 2681 idem
791 2644 906 2682 vero
949 2627 1107 2689 Deus,
1151 2625 1241 2695 qui
1281 2633 1527 2693 operatur
1569 2624 1744 2677 omnia
1783 2623 1838 2676 in
1863 2623 2101 2677 omnibus
2136 2621 2189 2692 (Ι

609 2718 732 2772 Cor.
768 2716 889 2789 xu).
921 2716 1127 2783 Quibus
1150 2714 1462 2784 apostolicis
1491 2713 1672 2769 verbis
1699 2712 1931 2783 Spiritus
1973 2718 2191 2768 sanctus

606 2810 749 2864 idem
791 2809 950 2873 Deus,
997 2807 1137 2862 idem
1181 2803 1441 2860 Dominus
1483 2805 1809 2860 declaratur.
1869 2803 2017 2859 Idem
2057 2817 2190 2858 vero

607 2899 867 2954 Dominus
899 2899 953 2952 iu
981 2897 1270 2966 Evangelio
1292 2897 1452 2952 dicit:
1484 2895 1716 2967 Spiritus
1741 2903 1814 2950 est
1840 2895 1982 2950 Deus
2008 2895 2190 2967 (Joan.

607 2989 706 3061 tv).
756 2991 888 3044 Item
927 2991 993 3044 ad
1019 2988 1326 3044 Corinthios
1347 2989 1545 3043 Paulus
1591 2990 1835 3044 scribens
1864 2989 1940 3042 ait
1974 2986 2196 3042 :Domi-

609 3097 706 3135 nus
742 3089 917 3134 autem
941 3078 1173 3149 Spiritus
1197 3088 1270 3133 est
1312 3078 1398 3150 (II
1423 3077 1546 3134 Cor.
1579 3080 1696 3152 ιιι);
1725 3088 1782 3135 et
1808 3080 1876 3134 ad
1902 3079 2193 3148 Ephesios:

613 3171 821 3236 Nolite,
882 3171 1086 3240 inquit,
1139 3172 1438 3226 contristari
1486 3171 1744 3243 Spiritum
1810 3181 2052 3226 sanctum
2100 3170 2198 3224 Dei

612 3262 827 3335 (Ep/tes.
856 3263 963 3334 tv);
997 3263 1125 3318 item
1164 3264 1233 3318 ad
1250 3262 1558 3320 Corinthios
1584 3282 1599 3320 :
1627 3264 1710 3318 An
1741 3263 1967 3326 nescitis,
2002 3261 2195 3332 inquit,

614 3355 742 3426 quia
781 3354 1011 3408 membra
1063 3364 1230 3408 vestra
1276 3355 1523 3427 templum
1567 3365 1691 3411 sunt
1739 3355 1972 3426 Spiritus
2031 3357 2201 3410 sancti

614 3463 762 3518 quem
787 3446 982 3500 habetis
1013 3463 1044 3499 a
1070 3445 1179 3499 Deo
1207 3445 1261 3517 (Ι
1286 3445 1408 3500 Cor.
1440 3445 1555 3517 vr)?
1583 3454 1637 3501 et
1663 3461 1788 3500 eum
1815 3446 1988 3499 Deum
2013 3445 2069 3498 in
2100 3445 2202 3498 hu-

616 3536 788 3590 manis
813 3536 1129 3605 corporibus
1156 3536 1490 3592 habitantem
1531 3538 1822 3591 ostendens
1859 3534 2120 3602 adjungit,
2145 3541 2203 3588 et

587 3623 745 3682 .dicit
769 3642 779 3680 ;
809 3625 1113 3694 Glori/icate
1143 3643 1264 3697 ergo
1290 3636 1339 3681 et
1359 3634 1562 3696 portate
1586 3625 1756 3678 Deum
1794 3625 1849 3676 in
1878 3638 2095 3692 corpore
2119 3641 2202 3678 ve-

617 3728 746 3773 stro.
781 3718 883 3784 Qui
913 3718 1039 3772 dum
1065 3720 1149 3774 his
1175 3718 1502 3774 testimoniis
1534 3725 1590 3770 et
1613 3723 1830 3771 creator
1859 3723 1913 3770 et
1938 3716 2080 3770 Deus
2110 3731 2204 3786 ap-

617 3811 894 3882 probetur,
935 3818 987 3865 et
1020 3827 1085 3867 ex
1109 3813 1268 3867 Patre
1294 3820 1348 3867 et
1371 3810 1507 3866 Filio
1535 3811 1602 3864 ab
1628 3809 1778 3864 omni
1809 3810 2076 3866 catholica
2104 3811 2204 3865 Ec-

619 3902 785 3957 clesia
832 3904 1122 3972 procedere
1169 3903 1443 3968 credatur,
1498 3901 1846 3971 quaerendum
1893 3907 1978 3956 est
2021 3908 2205 3956 utrum

617 4007 840 4049 necesse
867 3994 938 4048 sit
958 4009 1081 4048 eum
1111 4008 1208 4062 per
1235 3993 1434 4048 Filium
1471 4007 1502 4047 a
1530 3993 1693 4048 Patre
1721 3999 1776 4047 et
1804 4009 1911 4048 non
1934 3993 2116 4062 potius
2139 4008 2207 4048 ex

619 4082 778 4141 Patre
805 4094 860 4140 et
883 4085 1020 4139 Filio
1048 4086 1340 4154 procedere
1367 4083 1627 4155 profiteri,
1668 4100 1793 4139 cum
1835 4084 2208 4154 hujuscemodi

619 4177 886 4246 professio
914 4191 1088 4245 neque
1125 4176 1178 4230 in
1203 4177 1441 4243 Niczeno,
1485 4192 1663 4248 neque
1703 4176 1759 4230 in
1781 4175 2208 4232 Cbalcedonensi

621 4268 864 4337 symbolo
893 4282 925 4320 a
954 4267 1158 4324 sanctis
1187 4266 1440 4324 Patribus
1466 4267 1610 4324 facta
1641 4267 1968 4323 inveniatur.
1994 4266 2099 4322 Per
2121 4267 2210 4320 Fi-

623 4355 752 4407 lium
801 4355 946 4407 enim
995 4371 1158 4424 super
1201 4360 1476 4426 apostolos
1516 4359 1572 4412 in
1623 4358 1747 4430 igne
1794 4359 2062 4429 apparuit,
2113 4371 2210 4427 per

622 4443 818 4498 Filium
858 4445 1168 4499 hominibus
1204 4447 1360 4501 datus
1389 4456 1502 4512 est,
1553 4450 1813 4517 quoniam
1863 4451 1931 4505 ab
1959 4449 2210 4505 omnibus
2232 4475 2289 4536 Β

625 4533 859 4601 Spiritus
894 4541 1111 4588 sanctus
1146 4535 1315 4603 accipi
1351 4551 1460 4590 non
1489 4537 1595 4592 nisi
1630 4554 1728 4607 per
1749 4539 1945 4595 Filium
1978 4546 2208 4608 poterat.

624 4621 727 4674 Per
752 4623 948 4675 Filium
991 4637 1117 4675 vero
1155 4639 1278 4678 eum
1331 4642 1360 4679 a
1396 4626 1557 4683 Patre
1600 4631 1896 4699 procedere
1943 4628 2209 4698 profiteri,

626 4709 896 4777 synodicae
937 4711 1263 4769 confessioni
1306 4717 1623 4773 inusitatum
1662 4728 1746 4776 est
1773 4739 1787 4777 :
1816 4722 2071 4789 quoniam
2094 4720 2216 4790 Spi-

627 4798 764 4854 ritus
802 4809 1020 4857 sanetus
1061 4814 1119 4858 ut
1153 4821 1183 4861 a
1208 4807 1369 4866 Patre
1403 4813 1663 4881 procedat
1701 4827 1810 4866 non
1841 4824 1964 4883 eget
1992 4814 2216 4868 alterius

627 4892 915 4963 adjutorio,
950 4904 1010 4952 ut
1041 4912 1138 4966 per
1163 4901 1396 4972 aliquem
1430 4903 1721 4972 procedat,
1771 4917 1895 4954 cum
1927 4905 2111 4971 utique
2146 4905 2220 4958 sit

624 4987 786 5041 tertia
833 4989 888 5042 in
926 4989 1114 5044 eadem
1153 5001 1337 5048 sancta
1377 4994 1645 5047 Trinitate
1686 5006 1919 5061 persona
1963 5001 2019 5047 et
2055 4995 2216 5050 unius

627 5093 750 5132 cum
789 5079 951 5136 Patre
999 5091 1055 5137 et
1094 5083 1233 5139 Filio
1277 5087 1348 5138 sit
1392 5083 1681 5152 potestatis
1729 5089 1892 5150 atque
1940 5086 2212 5140 essentia.

628 5165 730 5232 Qui
755 5183 876 5222 cum
904 5187 935 5225 a
960 5186 1018 5226 se
1045 5173 1184 5228 Deus
1207 5176 1296 5237 sit,
1330 5175 1399 5228 ad
1422 5187 1523 5225 nos
1557 5181 1739 5228 autem
1772 5173 1996 5231 relative
2016 5175 2216 5232 donum

627 5265 725 5317 est,
758 5258 1087 5318 distribuens
1108 5263 1337 5332 singulis
1364 5270 1526 5331 prout
1562 5264 1677 5319 vult
1721 5269 2019 5338 gratiarum
2055 5272 2214 5328 dona.

629 5345 763 5402 Nam
802 5358 855 5405 et
889 5353 1200 5422 prophetias
1227 5352 1424 5422 quibus
1459 5354 1574 5411 vult
1619 5357 1878 5429 impertit,
1911 5370 1966 5416 et
2000 5372 2221 5433 peccata

627 5441 826 5508 quibus
851 5444 962 5498 vult
983 5443 1223 5509 dimittit,
1251 5462 1371 5516 qua:
1397 5449 1516 5505 sine
1544 5451 1636 5509 illo
1665 5469 1772 5509 non
1800 5456 2069 5511 donantur
2093 5475 2104 5508 ε
2129 5459 2223 5525 qui

630 5533 754 5591 inde
775 5537 992 5605 proprie
1029 5535 1268 5594 Charitas
1302 5546 1662 5614 nuncupatur,
1691 5547 1777 5602 vel
1804 5545 1932 5616 quia
1963 5547 2225 5602 naturali-

631 5629 715 5709 ter
739 5639 834 5678 eos
868 5643 896 5679 a
927 5627 1125 5696 quibus
1145 5634 1390 5700 procedit
1414 5635 1712 5709 coniungit,
1737 5645 1792 5691 et
1817 5653 1874 5692 se
1898 5653 2064 5691 unum
2097 5655 2223 5695 eum

634 5706 718 5761 eis
745 5719 1145 5785 esse-ostendit,
1173 5723 1257 5778 vel
1279 5725 1408 5792 quia
1435 5726 1492 5783 in
1516 5706 1674 5787 nobis
1701 5729 1758 5788 id
1782 5729 1913 5800 agit,
1945 5738 2007 5787 ut
2029 5730 2088 5790 in
2111 5732 2224 5790 Deo

2225 3125 2272 3189 C

2279 525 2415 577 nihil
2442 524 2613 594 majus
2633 535 2718 581 est
2736 528 3017 596 charitate,
3045 540 3101 586 et
3129 533 3333 590 nullum
3360 546 3444 593 est
3465 538 3888 608 majus.donum

2281 616 2378 670 Dei
2411 632 2574 686 quam
2611 617 2846 687 Spiritus
2875 631 3134 678 sanctus:
3172 626 3284 696 ipse
3317 636 3400 682 est
3431 638 3487 684 et
3522 632 3734 700 gratia,
3768 649 3887 704 quae

2281 706 2406 774 quia
2436 723 2541 762 non
2570 710 2779 764 meritis
2808 713 3030 778 nostris,
3058 716 3153 770 sed
3181 717 3361 773 divina
3396 720 3689 777 voluntate
3718 727 3887 794 gratis

2282 799 2457 863 datur,
2493 800 2618 855 inde
2652 805 2824 872 gratia
2851 817 3217 876 nuncupatur.
3255 810 3407 865 Sicut
3437 821 3627 869 autem
3662 817 3886 872 unicum

2282 889 2376 944 Dei
2423 892 2659 946 Verbum
2714 896 2929 964 proprie
2975 913 3234 954 vocamus
3281 903 3498 958 nomine
3557 904 3885 974 Sapientiae,

2282 999 2405 1038 cum
2441 985 2513 1037 sit
2550 986 2931 1043 universaliter
2968 999 3022 1044 et
3059 989 3295 1059 Spiritus
3346 1003 3567 1050 sanctus
3616 1005 3683 1050 et
3725 999 3890 1054 Pater

2283 1074 2396 1142 ipse
2423 1073 2730 1143 Sapientia,
2771 1078 2846 1131 ita
2889 1078 3122 1148 Spiritus
3163 1091 3382 1138 sanctus
3409 1085 3632 1154 proprie
3678 1104 3890 1142 nuncu-

2281 1173 2440 1232 patur
2470 1168 2732 1224 vocabulo
2770 1171 3072 1236 charitatis,
3105 1187 3226 1228 cum
3263 1175 3335 1228 sit
3362 1184 3418 1230 et
3436 1176 3596 1231 Pater
3629 1187 3692 1233 et
3719 1180 3889 1238 Filius

2285 1257 2662 1314 universaliter
2681 1263 2940 1318 ebaritas.
2971 1264 3068 1319 Est
3095 1266 3240 1320 enim
3269 1266 3502 1336 Spiritus
3527 1270 3712 1327 Patris
3742 1281 3890 1328 atte-

2284 1357 2482 1416 stante,
2515 1352 2761 1418 Domino,
2794 1355 2886 1423 qui
2928 1357 3043 1411 ait:
3071 1357 3195 1412 Non
3216 1362 3354 1414 enim
3388 1378 3476 1416 vos
3512 1366 3634 1418 estis
3666 1369 3762 1435 qui
3804 1367 3890 1420 lo-

2283 1441 2532 1509 quimini,
2589 1443 2680 1496 sed
2720 1442 2954 1513 Spiritus
2987 1447 3170 1503 Patris
3206 1453 3361 1504 vestri
3402 1455 3494 1523 qui
3538 1454 3780 1525 loquitur
3832 1459 3890 1512 in

2284 1529 2424 1582 vobis
2450 1528 2644 1599 (Marc.
2674 1532 2817 1602 xm).
2853 1534 2950 1589 Est
2983 1545 3038 1591 et
3079 1537 3313 1606 Spiritus
3349 1541 3494 1607 Filii,
3524 1544 3698 1602 Paulo
3748 1555 3891 1602 atte-
3928 1605 3930 1607 ,

2286 1626 2486 1684 stante,
2511 1621 2604 1688 qui
2634 1622 2739 1675 ait:
2773 1622 3025 1695 Quisquis
3054 1638 3227 1683 autem
3255 1629 3513 1701 Spiritum
3543 1634 3742 1690 Christi
3779 1654 3892 1691 non
3926 1635 3937 1669 ³

2287 1709 2463 1794 liabet,
2492 1710 2577 1763 hic
2616 1728 2724 1766 non
2749 1722 2825 1767 est
2855 1715 2969 1784 ejus
3013 1715 3192 1788 (Rom.
3221 1719 3368 1794 vni),
3401 1737 3465 1777 ac
3491 1738 3590 1792 per
3616 1725 3723 1779 hoc
3761 1724 3892 1794 Spi-

2276 1779 2426 1885 ritus
2457 1801 2742 1856 amborum
2778 1779 2999 1872 dicitur,
3021 1779 3161 1877 quia
3194 1825 3264 1866 ex
3295 1779 3455 1867 Patre
3491 1779 3547 1868 et
3581 1815 3729 1870 Filio
3761 1779 3888 1884 pio-

2287 1891 2486 1947 cedens
2524 1894 2684 1948 unius
2722 1895 2985 1963 probatur
3029 1914 3150 1954 esse
3195 1903 3509 1959 substantiae
3550 1914 3603 1960 et
3639 1915 3889 1962 naturae:

2289 1983 2382 2052 qui
2445 1984 2490 2038 si
2546 1985 2818 2054 ingenitus
2851 1989 3144 2058 diceretur,
3195 1995 3300 2049 duo
3341 2005 3523 2064 patres
3560 1999 3896 2068 proﬁteren-

2290 2081 2406 2139 tur;
2455 2076 2501 2129 si
2543 2078 2776 2144 genitus,
2811 2079 2915 2135 duo
2949 2081 3046 2136 ﬁlii
3077 2083 3503 2153 iucompetenter
3545 2089 3898 2144 dicerentur.

2292 2162 2400 2218 Sed
2419 2165 2544 2234 quia
2570 2181 2672 2222 nec
2691 2167 2854 2222 Pater
2879 2179 2963 2224 est
2986 2187 3084 2225 nec
3096 2172 3281 2236 Filius,
3307 2175 3425 2227 ideo
3445 2189 3548 2229 nec
3578 2178 3905 2246 ingenitus,

2291 2273 2392 2312 nec
2436 2260 2682 2327 genitus,
2755 2261 2848 2313 sed
2905 2274 2971 2312 ex
3019 2269 3244 2329 utroque
3298 2264 3594 2331 procedens
3653 2269 3912 2324 dicitur.

2291 2343 2449 2398 Pater
2468 2346 2610 2398 enim
2631 2345 2776 2400 solus
2797 2360 2904 2399 non
2927 2356 3008 2402 est
3031 2348 3096 2402 de
3115 2349 3239 2414 alio,
3264 2350 3384 2406 ideo
3406 2354 3554 2408 solus
3574 2357 3908 2432 appellatur

2288 2434 2573 2504 ingenitus,
2604 2450 2710 2490 non
2737 2436 2957 2505 quidem
2993 2439 3049 2493 in
3075 2439 3393 2509 Scripturis,
3424 2446 3521 2498 sed
3548 2445 3607 2498 in
3645 2461 3897 2505 consue-

2289 2529 2470 2583 tudine
2498 2529 2888 2598 disputantium
2907 2539 2964 2586 et
2983 2533 3049 2588 de
3069 2548 3129 2588 re
3155 2542 3309 2588 tanta
3334 2551 3644 2592 sermonem
3665 2541 3895 2608 qualem

2289 2621 2558 2677 valuerint
2594 2623 2662 2677 ad
2697 2625 3049 2692 praesentium
3085 2626 3201 2680 sive
3235 2625 3543 2682 futurorum
3580 2629 3899 2698 profectum

2290 2711 2681 2785 proferentium
2713 2731 2725 2766 :
2753 2713 2922 2769 Filius
2957 2715 3102 2770 solus
3131 2715 3199 2770 de
3221 2715 3386 2772 Patre
3412 2725 3498 2772 est
3539 2727 3720 2786 natus,
3769 2720 3894 2776 ideo

2296 2802 2445 2858 solus
2485 2803 2686 2859 dicitur
2720 2804 2965 2874 genitus;
2999 2804 3231 2873 Spiritus
3260 2813 3482 2862 sanctus
3509 2809 3659 2863 solus
3686 2812 3760 2865 de
3787 2810 3891 2864 Pa-

2301 2901 2381 2948 tre
2401 2903 2456 2949 et
2473 2893 2614 2951 Filio
2633 2893 2895 2964 procedit,
2920 2895 3041 2950 ideo
3067 2896 3214 2951 solus
3239 2897 3524 2952 amborum
3545 2911 3895 2970 nuncupatur

2302 2984 2556 3055 Spiritus.
2600 2985 2855 3040 Procedit
2901 2987 3044 3040 enim
3086 3001 3152 3040 ex
3179 2996 3430 3058 utroque,
3461 3005 3569 3045 non
3594 2993 3891 3059 nascendo,

2300 3085 2360 3132 ut
2389 3077 2617 3146 alicujus
2658 3079 2800 3132 ﬁlius
2839 3078 2944 3132 dici
2979 3080 3172 3147 possit.
3204 3081 3489 3136 Diceretur
3527 3091 3708 3138 autem
3749 3084 3894 3140 ﬁlius

2302 3169 2478 3224 Patris
2503 3176 2558 3223 et
2577 3168 2719 3232 Filii,
2747 3169 2814 3232 si,
2841 3170 2982 3237 quod
3007 3171 3264 3225 abhorret
3287 3174 3355 3227 ab
3379 3175 3624 3228 omnium
3650 3174 3891 3231 ﬁdelium

2303 3261 2568 3324 sensibus,
2598 3275 2721 3313 eum
2753 3262 2911 3314 ambo
2937 3263 3252 3330 genuissent
3279 3282 3290 3317 :
3319 3281 3428 3319 non
3456 3266 3621 3335 igitur
3645 3269 3713 3322 ab
3746 3276 3895 3324 utro-

2305 3370 2409 3424 que
2439 3363 2523 3410 est
2551 3355 2781 3424 genitus,
2823 3357 2914 3410 sed
2951 3359 3196 3425 procedit
3235 3361 3304 3414 ab
3333 3369 3564 3431 utroque
3607 3365 3894 3420 amborum

2305 3443 2557 3511 Spiritus.
2601 3442 2646 3495 A
2693 3443 2850 3498 Patre
2889 3445 3040 3500 illum
3079 3455 3259 3502 autem
3298 3453 3588 3519 procedere
3625 3453 3897 3510 Dominus

2307 3543 2490 3587 noster
2513 3533 2671 3589 Jesus
2692 3534 2942 3591 Christus
2971 3538 3264 3609 discipulos
3294 3543 3478 3599 docuit
3499 3544 3682 3600 dicens
3705 3564 3720 3599 ε
3756 3545 3892 3601 Cum

2306 3632 2482 3676 autem
2518 3625 2744 3684 venerit,
2783 3626 2976 3695 inquit,
3017 3628 3340 3697 Paraclitus,
3372 3650 3524 3703 quem
3561 3651 3652 3704 ego
3691 3637 3892 3688 mittam

2286 3713 2447 3767 vobis
2474 3731 2505 3766 a
2526 3712 2686 3767 Patre
2712 3714 2967 3786 Spiritum
2995 3720 3244 3786 veritatis,
3268 3723 3359 3791 qui
3393 3740 3425 3776 a
3456 3723 3622 3778 Patre
3641 3725 3891 3795 procedit,

2307 3803 2397 3858 ille
2426 3805 2778 3859 testimonium
2805 3808 3086 3876 perhibebit
3119 3810 3183 3863 de
3211 3829 3293 3865 me
3325 3812 3507 3883 (Joan.
3534 3816 3652 3886 xv).
3685 3817 3749 3870 Et
3776 3832 3892 3870 rur-

2309 3911 2431 3951 sum
2463 3897 2578 3966 ipse
2614 3896 2711 3951 Dei
2751 3905 2804 3950 et
2849 3899 3128 3952 hominum
3164 3902 3434 3956 mediator
3455 3904 3721 3960 Dominus
3743 3905 3891 3961 Jesus

2311 3987 2558 4043 Christus
2605 3997 2726 4057 post
2775 3991 3224 4046 resurrectionem
3273 4009 3447 4060 suam,
3491 4004 3552 4051 ut
3592 4000 3892 4053 ostenderet

2313 4096 2344 4135 a
2380 4096 2438 4136 se
2464 4081 2758 4150 procedere
2801 4080 3060 4150 Spiritum
3105 4092 3352 4139 sanctum
3401 4087 3543 4142 sicut
3572 4098 3624 4143 et
3650 4103 3679 4141 a
3712 4088 3887 4156 Patre,

2313 4171 2590 4226 insufllans
2641 4174 2694 4226 in
2737 4172 3030 4242 discipulos
3067 4190 3194 4230 suos
3232 4177 3329 4243 ait,
3379 4179 3610 4250 Accipite
3640 4179 3890 4250 Spiritum

2312 4275 2550 4318 sanctum
2593 4264 2774 4335 (Joan.
2807 4265 2932 4336 xx);
2980 4267 3073 4336 qui
3104 4267 3207 4322 nisi
3247 4270 3316 4323 ab
3343 4283 3410 4324 eo
3436 4273 3774 4341 procederet,
3804 4285 3892 4325 ue-

2313 4367 2584 4423 quaquam
2613 4369 2736 4407 eum
2766 4354 3042 4410 insufﬂans
3071 4357 3350 4427 discipulis
3373 4361 3544 4415 daret.
3599 4361 3749 4418 Unus
3770 4372 3891 4430 ergo

2314 4451 2398 4498 est
2426 4444 2659 4513 Spiritus
2687 4443 2867 4500 Patris
2903 4453 2959 4499 et
2986 4444 3129 4510 Filii,
3176 4464 3333 4513 unus,
3359 4460 3418 4504 ut
3442 4466 3607 4520 supra
3635 4465 3893 4508 memora-

2316 4534 2521 4601 vimus,
2565 4535 2849 4591 amborum
2905 4536 3160 4606 Spiritus.
3217 4539 3371 4606 Quod
3426 4543 3471 4595 si
3520 4544 3643 4611 quis
3693 4549 3892 4612 quaerat

2316 4628 2584 4696 quomodo
2618 4626 2791 4682 Filius
2819 4645 2848 4682 a
2875 4627 3035 4683 Patre
3069 4633 3339 4687 nascendo
3367 4634 3622 4701 procedit.
3653 4633 3884 4699 Spiritus

2316 4731 2445 4772 vero
2469 4727 2688 4774 sanctus
2720 4721 3075 4787 procedendo'
3102 4739 3210 4777 non
3237 4723 3495 4786 nascitur;
3535 4732 3628 4776 aut
3651 4738 3754 4777 cur
3779 4737 3891 4778 non

2317 4815 2545 4876 uterque
2581 4811 2689 4862 sint
2725 4808 2840 4872 ﬁlii,
2891 4825 3012 4864 cum
3055 4823 3284 4885 uterque
3315 4830 3345 4869 a
3372 4813 3535 4870 Patre
3561 4817 3892 4884 procedant;

2318 4907 2412 4954 aut
2441 4915 2540 4955 cur
2574 4915 2680 4956 non
2719 4910 2773 4957 et
2811 4904 3047 4974 Spiritus
3095 4919 3312 4965 sanctus
3350 4910 3560 4965 dicatur
3603 4911 3893 4979 ingenitus,

2292 4993 2458 5048 sicut
2480 4991 2670 5060 Pater;
2708 5005 2801 5051 aut
2828 5002 3096 5068 quomodo
3137 5005 3204 5058 ab
3243 5012 3475 5073 utroque
3505 5005 3784 5073 procedat,
3813 5011 3895 5058 aut

2321 5099 2419 5139 cur
2434 5085 2602 5141 Filius
2625 5087 2767 5143 dicat
2793 5108 2805 5143 :
2833 5090 2980 5145 Sicut
3001 5094 3152 5147 habet
3170 5094 3333 5149 Pater
3353 5097 3513 5149 vitam
3534 5096 3589 5149 in
3611 5097 3892 5166 semetipso,

2321 5175 2396 5230 sic
2430 5176 2573 5230 dedit
2609 5175 2751 5232 Filio
2792 5183 2948 5235 vitam
2980 5184 3166 5238 habere
3212 5186 3268 5239 in
3303 5188 3582 5256 semetipso
3620 5185 3800 5258 (Joan.
3825 5184 3894 5257 ν),

2322 5269 2475 5337 quasi
2505 5276 2660 5325 antea
2704 5272 2820 5327 sine
2844 5274 2952 5328 vita
2987 5275 3126 5330 idem
3161 5277 3330 5334 Filius
3359 5279 3660 5344 exstiterit,
3691 5289 3746 5334 et
3767 5279 3896 5333 hanc

2322 5358 2482 5414 Patre
2503 5361 2662 5415 dante
2683 5366 3005 5434 susceperit;
3039 5376 3131 5422 aut
3155 5373 3424 5438 quomodo
3447 5371 3612 5426 Pater
3633 5385 3895 5440 nunquam

2325 5451 2439 5507 sine
2463 5451 2621 5518 Filio,
2655 5463 2709 5510 et
2750 5464 2927 5513 tamen
2957 5458 3116 5514 Pater
3145 5463 3330 5530 genuit
3372 5462 3602 5529 Filium;
3647 5472 3744 5518 aut
3777 5478 3897 5533 quo—

2324 5545 2483 5600 modo
2513 5546 2683 5602 Filius
2723 5565 2995 5619 nunquam
3045 5553 3161 5608 sine
3193 5555 3417 5624 Spiritu,
3467 5566 3522 5611 et
3574 5568 3757 5614 tamen
3793 5558 3895 5613 ait:

2327 5637 2449 5694 Nisi
2485 5655 2576 5707 ego
2615 5641 2811 5707 abiero,
2847 5641 3144 5701 Paraclitus
3175 5665 3278 5702 non
3307 5650 3474 5704 veniet
3497 5651 3569 5704 ad
3608 5667 3697 5706 vos
3724 5650 3898 5723 (Joan.

2325 5737 2473 5807 xvi);
2519 5745 2613 5796 aut
2649 5741 2918 5810 quomodo
2945 5740 3114 5799 Filius
3143 5757 3250 5803 non
3288 5747 3355 5803 de
3398 5762 3474 5816 se,
3508 5745 3606 5805 sed
3640 5747 3710 5805 de
3745 5745 3901 5802 Patro
