4008 6154
141 223 277 278 1m
356 295 360 299 Α

914 221 1094 279 LIBRI
1130 221 1472 284 CAROLINI.
1511 255 1582 266 —
1618 225 1840 284 CAPIT.
1880 229 1968 288 DE
2003 232 2192 291 IMAG.
2233 261 2304 276 -—-
2339 235 2469 293 LIB.
2507 238 2597 294 III.

3255 248 3398 304 1122

128 344 240 401 εει,
268 350 370 390 nec
401 343 576 390 tamen
603 335 654 390 ei
681 341 765 390 est
787 338 1056 404 posterior
1080 338 1146 392 de
1171 355 1278 430 quo
1301 347 1414 404 est;
1444 349 1553 430 aut
1577 356 1711 409 quo-
1735 345 1791 404 Α
1812 347 2084 413 generatio
2127 347 2248 402 Filii
2294 350 2361 404 de
2405 350 2566 404 Patre
2612 350 2947 423 intelligitur,
2992 355 3110 412 sine
3154 366 3397 430 tempore

123 428 298 482 modo
321 426 548 495 Spiritus
576 434 792 481 sanctus
814 427 878 482 de
897 427 1060 481 Patre
1083 429 1324 496 procedit
1349 438 1403 483 et
1428 429 1581 494 Filio,
1614 445 1712 485 nec

125 524 316 573 tamen
343 520 410 574 ab
433 519 510 572 eis
531 519 853 588 praeceditur
875 535 905 572 a
924 521 1118 588 quibus
1146 521 1415 589 procedit:
1442 523 1580 576 sciat
1599 523 1712 576 haec

119 616 180 663 et
210 609 295 663 his
320 609 515 664 similia
543 611 794 664 humanze
822 610 1132 679 fragilitatis
1157 613 1403 666 sensibus
1441 613 1708 666 inscruta-

121 699 258 755 bilia
287 709 341 756 et
363 701 933 771 incomprehensibilia
963 716 1098 754 esse.
1128 702 1260 766 Quis
1285 703 1430 757 enim
1458 704 1559 757 ista
1582 718 1710 757 con-

119 790 362 847 sideret?
405 793 528 862 quis
571 794 675 849 ista
706 793 1154 862 comprehendat?
1186 793 1244 848 Si
1272 795 1414 848 enim
1461 797 1709 850 humanae

117 888 432 943 nativitatis
461 888 668 944 Christi
705 897 910 943 secreta
942 903 1048 942 non
1077 889 1342 958 capimus,
1376 888 1570 942 divina:
1605 904 1705 942 na-

113 984 266 1032 turae
287 981 544 1049 mysteria
563 979 824 1049 quomodo
844 980 1153 1049 capiemus?
1174 981 1372 1036 Verum
1393 981 1518 1049 quia
1540 981 1594 1034 in
1617 981 1708 1035 illa

113 1077 398 1124 coaeterna
423 1079 479 1124 et
509 1070 696 1140 aequali
722 1078 777 1125 et
805 1072 1129 1140 incorporali
1155 1081 1208 1126 et
1237 1072 1574 1128 ineﬂ‘abiliter
1607 1073 1708 1126 im-

111 1162 370 1215 mutabili
390 1171 550 1231 atque
579 1163 917 1231 inseparabili
942 1163 1208 1219 Trinitate
1234 1164 1600 1220 difﬁcillimum
1624 1173 1708 1220 est

113 1254 520 1320 generationem
549 1271 579 1308 a
600 1257 947 1324 processione
973 1258 1322 1330 distinguere,
1351 1258 1580 1314 sufﬁciat
1603 1261 1707 1315 hoc

115 1344 358 1409 credere,
377 1345 479 1400 hoc
506 1346 732 1402 ﬁrmiter
756 1356 960 1414 tenere,
978 1351 1082 1405 hoc
1106 1360 1219 1406 toto
1241 1353 1402 1406 corde
1432 1352 1588 1407 fateri
1607 1353 1707 1406 Pa-

114 1440 254 1489 trem
277 1436 598 1506 ingenitum,
622 1437 821 1493 Filium
845 1441 1104 1510 genitum,
1124 1441 1386 1512 Spiritum
1413 1459 1545 1498 vero
1577 1459 1704 1498 san—

114 1535 262 1582 ctum
289 1546 389 1586 nec
413 1540 660 1586 creatum
685 1548 785 1587 nec
806 1534 1063 1601 genitum,
1090 1537 1186 1589 sed
1215 1550 1282 1589 ex
1305 1535 1467 1590 Patre
1489 1544 1543 1590 et
1569 1535 1706 1590 Filio

111 1609 502 1689 procedentem
536 1640 550 1674 :
595 1623 667 1674 ita
712 1623 974 1677 duntaxat
1009 1632 1070 1678 ut
1109 1624 1164 1678 in
1201 1624 1540 1680 confessione
1582 1626 1704 1681 ﬁdei

1809 435 1970 489 etiam
1998 440 2271 506 processio
2300 441 2534 508 Spiritus
2560 444 2731 497 sancti
2762 445 2828 499 de
2852 452 3100 515 utroque.
3131 448 3228 503 Est
3251 453 3396 507 enim

1808 522 1969 580 Pater
1995 527 2131 584 Filio
2176 531 2496 600 principium
2541 548 2647 587 non
2680 535 2931 601 creando,
2971 537 3065 592 sed
3107 539 3392 610 gignendo,

1808 628 1916 666 non
1936 623 2176 685 tempore
2197 620 2558 687 procedendo,
2597 623 2690 677 sed
2719 623 3002 680 ineﬁ‘abilis
3026 627 3187 683 Pater
3213 629 3398 684 ineffa-

1807 701 1968 756 bilem
2018 702 2215 759 Fiiium
2263 708 2381 764 sine
2416 725 2524 779 quo
2567 726 2842 782 nunquam
2889 715 3007 781 fuit,
3057 717 3399 776 ineﬁ‘abiliter

1807 793 1909 848 sibi
1949 795 2440 864 consempiternum
2469 803 2797 870 generando.
2841 805 2940 860 Est
2977 815 3032 862 et
3061 808 3231 866 Filius
3252 812 3398 881 priu~

1807 881 2004 953 cipium
2035 899 2144 939 non
2187 885 2356 953 Patri,
2408 891 2502 944 sed
2546 893 2708 948 rebus
2749 910 2780 947 a
2811 909 2870 949 se
2907 899 3170 967 conditis;
3216 910 3301 957 est
3344 909 3401 958 et

1809 972 2041 1042 Spiritus
2084 984 2306 1032 sanctus
2353 979 2680 1049 principium
2728 985 2980 1040 omnibus
3040 1003 3158 1056 quae
3208 992 3276 1046 ab
3331 1007 3397 1046 eo

1807 1072 1988 1119 creata
2019 1073 2162 1129 sunt,
2196 1067 2324 1134 quia
2350 1068 2496 1123 nullo
2536 1071 2696 1124 modo
2725 1075 2966 1141 separari
2992 1085 3171 1144 potest
3200 1079 3270 1133 ab
3299 1094 3396 1148 ap-

1805 1155 2094 1224 pellatione
2117 1155 2410 1211 Creatoris.
2442 1158 2579 1212 Sunt
2603 1157 2766 1213 Pater
2794 1169 2848 1215 et
2868 1161 3036 1216 Filius
3071 1165 3400 1236 principium

1808 1246 2034 1316 Spiritui
2077 1256 2266 1304 sancto
2309 1265 2416 1304 non
2464 1251 2750 1322 gignendo,
2799 1254 2924 1321 quia
2953 1271 3060 1310 non
3099 1265 3182 1311 est
3208 1258 3398 1327 Filius,

1806 1353 1981 1407 neque
2007 1341 2258 1405 creando,
2309 1342 2435 1411 quia
2483 1359 2590 1397 non
2639 1352 2724 1398 est
2763 1352 3032 1412 creatura,
3057 1349 3151 1402 sed
3200 1347 3396 1418 dando,

1809 1429 1935 1497 quia
1964 1430 2031 1483 ab
2057 1439 2286 1499 utroque
2326 1434 2591 1501 procedit.
2635 1433 2730 1488 Est
2767 1435 2898 1488 item
2942 1435 3103 1491 Pater
3145 1446 3199 1491 et
3231 1438 3402 1496 Filius

1806 1526 1862 1573 et
1889 1519 2121 1588 Spiritus
2147 1529 2364 1575 sanctus
2391 1538 2559 1576 unum
2606 1524 2954 1593 principium,
2990 1528 3241 1584 omnibus
3279 1545 3401 1599 quae

1806 1626 1838 1664 a
1873 1627 1934 1666 se
1961 1613 2076 1668 solo
2101 1621 2156 1668 et
2199 1627 2309 1667 uno
2350 1624 2594 1669 creatore
2639 1625 2820 1670 creata
2872 1627 3014 1673 sunt.
3063 1621 3131 1675 Et
3169 1639 3292 1677 cum
3331 1625 3402 1679 sit

111 1726 307 1766 omnes
350 1713 712 1780 opinationes,
756 1729 945 1770 omnes
980 1716 1268 1770 verborum
1309 1718 1574 1772 novitates
1617 1734 1704 1775 ca-

1808 1703 1965 1758 Pater
1991 1705 2334 1775 principium,
2372 1713 2427 1760 et
2455 1705 2622 1760 Filius
2666 1707 3010 1778 principium,
3063 1718 3118 1765 et
3166 1713 3400 1783 Spiritus

106 1810 351 1855 veantur
387 1819 401 1854 :
457 1810 511 1857 et
556 1803 642 1856 his
690 1804 868 1859 verbis
911 1805 1102 1874 hisque
1149 1808 1433 1861 sententiis
1472 1808 1703 1863 fidelium

107 1894 391 1948 confessio
464 1895 750 1949 roboretur
811 1911 930 1964 qua:
983 1905 1183 1953 sancta:
1255 1907 1310 1954 et
1375 1899 1704 1956 universales

106 1986 313 2054 synodi
347 1985 405 2040 in
435 1985 683 2057 symbolo
713 1995 1052 2042 taxaverunt.

740 2097 966 2152 CAPUT
1003 2099 1093 2153 IV.

110 2184 303 2242 Utrum
326 2185 629 2258 Theodorus
643 2187 911 2258 episwpus
933 2186 1422 2258 Hierosolymorum
1447 2199 1578 2242 recte
1599 2206 1709 2244 sen-

181 2259 300 2321 tiat,
327 2258 414 2326 qui
443 2273 560 2309 cum
587 2255 799 2329 Patrem
819 2257 931 2329 sine
948 2255 1205 2329 principio
1224 2259 1430 2327 penitus
1455 2269 1502 2311 et
1521 2261 1705 2329 sempi-

179 2325 390 2398 ternum
413 2343 465 2398 se
487 2325 691 2378 credere
710 2325 920 2398 dixerit,
941 2325 1137 2380 Filium
1157 2325 1328 2381 nescio
1354 2329 1448 2382 sub
1470 2346 1571 2398 qua
1594 2325 1708 2382 am-

184 2397 317 2465 bage
346 2396 617 2478 verborum
639 2411 750 2478 non
776 2395 919 2476 aliud
950 2398 1282 2478 principium.
1303 2415 1460 2478 quam
1481 2395 1705 2478 Patrem

183 2473 552 2534 agnoscentem
603 2473 650 2517 et
707 2480 770 2518 ex
824 2466 935 2534 ipso
990 2466 1372 2522 subsistentiam
1434 2469 1706 2524 habentem

179 2536 456 2608 professus
482 2535 570 2588 sit.

180 2626 255 2680 Et
281 2626 560 2696 superiore
607 2623 825 2693 quidem
877 2625 1111 2695 capitulo
1146 2627 1386 2683 exsecuti
1418 2643 1617 2694 sumus,
1652 2629 1706 2684 in

108 2725 320 2774 sanctae
365 2716 492 2772 ﬁdei
539 2716 878 2773 confessione
923 2717 1212 2773 dilucidam
1266 2727 1321 2774 et
1371 2720 1707 2790 perspicuam

107 2809 487 2866 deﬁnitionem
517 2809 636 2864 ﬁeri
657 2810 869 2874 debere,
899 2819 952 2864 et
975 2826 1120 2866 nunc
1145 2811 1453 2867 necessario
1477 2812 1707 2882 idipsum

106 2900 486 2970 exsequimur.
530 2899 796 2966 Quoniam
845 2901 949 2954 nisi
985 2910 1135 2956 recto
1176 2901 1408 2966 tramite,
1460 2891 1707 2957 omnibus

107 2990 438 3059 ambagibus
464 2989 591 3044 hinc
618 2990 743 3043 inde
766 2990 1096 3060 postpositis,
1128 2990 1197 3044 ad
1235 2991 1706 3045 demonstrandam

108 3082 187 3136 rei
215 3077 503 3136 veritatem
524 3095 706 3135 sermo
733 3081 1027 3150 gradiatur,
1067 3087 1122 3134 et
1144 3079 1213 3135 de
1252 3079 1368 3149 ejus
1393 3096 1424 3134 a
1451 3097 1558 3150 quo
1581 3097 1709 3152 pro-

108 3170 280 3226 fertur
318 3171 444 3227 ﬁdei
489 3171 801 3241 integritate
840 3171 908 3226 ab
952 3169 1298 3225 audientibus
1329 3171 1624 3239 dubitatur,
1653 3181 1710 3228 et

109 3260 379 3318 heretica:
400 3262 657 3333 pravitati
691 3270 747 3317 et
769 3260 816 3316 si
843 3276 953 3316 non
974 3269 1121 3327 voto,
1149 3275 1283 3316 sono
1309 3269 1490 3315 tamen
1517 3275 1710 3332 appro-

108 3357 376 3426 pinquare
397 3355 629 3410 videtur.
660 3353 812 3410 Unde
851 3355 1148 3411 cavendum
1179 3362 1265 3409 est
1302 3368 1371 3408 ne
1394 3353 1452 3408 in
1494 3351 1709 3423 profes-

107 3449 260 3504 sione
283 3448 411 3503 ﬁdei
444 3447 711 3502 Theodori
737 3447 992 3518 episcopi,
1031 3447 1124 3517 qui
1149 3447 1275 3501 dum
1303 3444 1521 3500 Patrem
1565 3444 1710 3499 dicat

105 3543 229 3598 sine
255 3540 546 3610 principio,
574 3548 630 3592 et
659 3539 854 3593 Filium
879 3554 989 3594 non
1011 3537 1155 3592 aliud
1183 3537 1509 3607 principium
1544 3551 1710 3606 quam

105 3626 337 3688 Patrem
393 3637 790 3698 agnoscentem,
822 3637 877 3684 et
904 3631 970 3683 ab
1003 3630 1121 3698 ipso
1167 3628 1575 3682 subsistentiam
1612 3628 1710 3682 ha.

106 3723 354 3789 bentem,
407 3723 570 3778 Pater
604 3719 820 3786 Filium,
876 3727 970 3772 aut
1008 3727 1267 3788 tempore,
1321 3718 1412 3787 qui
1441 3717 1544 3772 sibi
1583 3732 1720 3772 conc

107 3815 481 3883 sempiternus
517 3818 632 3875 est;
682 3816 774 3863 aut
818 3808 1141 3873 substantia,
1186 3807 1280 3876 qui
1324 3807 1426 3862 sibi
1473 3793 1709 3862 consub-

110 3906 388 3965 stantialis
448 3913 532 3960 est
583 3922 598 3971 ;
657 3912 750 3958 aut
795 3904 1019 3968 honore,
1067 3902 1159 3971 qui
1199 3902 1302 3957 sibi
1341 3901 1562 3972 aequalis
1603 3910 1706 3967 est,

112 3997 422 4070 praecedere
453 3997 779 4066 suspicetur.
817 3994 973 4062 Quod
1018 3995 1235 4064 quidem
1273 3995 1375 4050 etsi
1421 4010 1452 4049 a
1488 3992 1712 4064 przefato

115 4090 227 4145 viro
248 4097 400 4145 recte
424 4097 480 4143 et
507 4087 776 4143 catholice
817 4086 1074 4151 creditur,
1119 4086 1195 4141 ita
1225 4124 1234 4154 -_
1245 4093 1424 4140 tamen
1462 4085 1715 4156 ambigue

115 4181 350 4251 positum
372 4186 470 4244 est,
503 4186 564 4232 ut
591 4176 793 4248 legenti
822 4177 886 4231 de
913 4175 1028 4244 ejus
1056 4175 1160 4231 ﬁde
1179 4177 1350 4246 possit
1375 4176 1506 4233 oriri
1533 4177 1708 4247 suspi-

117 4271 216 4338 cio,
243 4271 388 4342 quod
416 4271 732 4340 plerumque
754 4284 861 4324 non
889 4269 1103 4323 inﬁrma
1134 4269 1445 4337 credulitas,
1471 4271 1568 4326 sed
1597 4285 1708 4326 ser-

1733 3039 1783 3106 C

1803 1802 2023 1850 sanctus
2069 1796 2413 1865 principium,
2451 1811 2560 1850 non
2597 1804 2776 1851 tamen
2822 1799 2924 1853 tria
2969 1801 3252 1870 principia,
3306 1806 3401 1861 sed

1803 1900 1972 1939 unum
2010 1891 2095 1939 est
2118 1885 2461 1955 principium,
2502 1902 2609 1940 una
2633 1885 2904 1954 divinitas,
2938 1905 3044 1943 una
3072 1893 3393 1960 substantia,

1803 1995 1912 2034 una
1931 1979 2342 2049 omnipotentia.
2369 1979 2496 2034 Haec
2516 1980 2659 2033 enim
2689 1996 2808 2048 qua:
2828 1982 3065 2036 breviter
3081 1987 3399 2053 perstrinxi-

1802 2085 1945 2135 mus,
1997 2068 2365 2138 praadicatoris
2397 2070 2596 2140 egregii
2637 2070 2922 2139 Augustini
2970 2074 3147 2128 verbis
3195 2091 3392 2145 appro-
3433 2103 3441 2118 ι

1802 2161 1978 2216 banda
2009 2169 2154 2214 sunt.
2188 2160 2279 2214 Ait
2306 2161 2486 2216 enim:
2527 2178 2546 2212 ‹
2575 2161 2782 2216 Dicitur
2799 2178 2928 2233 ergo
2967 2164 3188 2219 relative
3212 2165 3394 2234 Pater,

1805 2251 2054 2322 idemque
2075 2252 2297 2308 relative
2332 2252 2532 2306 dicitur
2564 2253 2907 2322 principium,
2939 2264 2994 2310 et
3019 2257 3064 2310 si
3091 2257 3219 2326 quid
3259 2258 3399 2314 forte

1806 2343 1950 2398 aliud
1979 2344 2096 2413 ipse
2117 2343 2279 2398 Pater
2311 2344 2380 2398 ad
2409 2342 2605 2398 Filium
2636 2344 2833 2399 dicitur
2864 2364 2876 2398 :
2919 2347 3241 2416 principium
3269 2364 3398 2404 vero

1806 2433 1876 2486 ad
1897 2433 2078 2488 omnia
2125 2448 2245 2502 qua:
2284 2434 2352 2488 ab
2380 2432 2497 2504 ipso
2547 2443 2692 2489 sunt.
2745 2435 2879 2491 Item
2934 2437 3130 2491 dicitur
3175 2439 3398 2495 relative

1804 2522 1993 2589 Filius,
2027 2524 2252 2579 relative
2281 2523 2480 2579 dicitur
2523 2533 2578 2579 et
2602 2528 2846 2592 verbum,
2899 2535 2952 2582 et
2999 2529 3195 2600 imago,
3241 2539 3296 2584 et
3338 2532 3395 2584 in

1805 2615 2055 2671 omnibus
2106 2616 2192 2670 his
2241 2615 2515 2670 vocabulis
2567 2617 2633 2672 ad
2686 2618 2902 2673 Patrem
2953 2619 3202 2687 refertur,
3260 2622 3399 2676 nihil

1807 2715 1987 2760 autem
2013 2706 2209 2758 horum
2236 2703 2397 2759 Pater
2421 2705 2635 2760 dicitur.
2682 2707 2748 2760 Et
2771 2709 3094 2778 principium
3119 2710 3286 2766 Filius
3316 2712 3397 2766 di-

1808 2795 1949 2850 citur
1974 2811 1988 2849 :
2013 2812 2134 2850 cum
2159 2796 2304 2851 enim
2327 2797 2598 2854 diceretur
2624 2798 2692 2863 ei,
2725 2799 2805 2852 Tu
2837 2801 2958 2868 quis
2983 2802 3076 2854 es?
3098 2802 3394 2870 respondit,

1807 2889 2138 2959 Principium
2169 2892 2295 2960 quia
2323 2901 2377 2946 et
2407 2892 2598 2961 loquor
2627 2891 2797 2944 vobis.
2831 2891 2935 2946 Sed
2958 2893 3200 2961 nunquid
3222 2892 3400 2948 Patris

1808 2980 2165 3050 principium?
2185 2992 2446 3037 creatura:
2466 2997 2526 3037 se
2543 2983 2740 3052 quippe
2761 2982 3046 3038 ostendere
3066 2983 3254 3048 voluit,
3272 3000 3396 3038 cum

1812 3089 1872 3130 se
1891 3075 2025 3131 dixit
2052 3091 2170 3132 esse
2191 3077 2535 3146 principium,
2559 3078 2699 3132 sicut
2721 3087 2776 3131 et
2790 3078 2950 3132 Pater
2968 3079 3290 3149 principium
3318 3087 3404 3135 est

1815 3176 2077 3222 creatura:
2105 3169 2248 3236 quod
2277 3170 2346 3224 ab
2374 3169 2492 3239 ipso
2531 3177 2656 3224 sunt
2697 3170 2896 3223 omnia.
2928 3169 3064 3223 Nam
3101 3178 3155 3225 et
3189 3179 3402 3226 creator

1814 3258 2036 3313 relative
2074 3259 2272 3313 dicitur
2301 3259 2369 3313 ad
2397 3267 2722 3324 creaturam,
2752 3260 2892 3313 sicut
2921 3259 3169 3314 dominus
3191 3261 3257 3314 ad
3287 3275 3403 3314 ser-

1815 3366 1963 3405 vum.
1992 3350 2060 3404 Et
2085 3351 2206 3406 ideo
2235 3366 2358 3404 cum
2387 3351 2614 3405 dicimus
2641 3358 2696 3405 et
2724 3350 2940 3405 Patrem
2972 3350 3314 3421 principium,
3346 3358 3403 3404 et

1815 3441 2011 3498 Filium
2039 3442 2380 3511 principium,
2421 3458 2528 3497 non
2557 3443 2662 3497 duo
2689 3443 2952 3512 principia
2982 3449 3240 3496 creaturae
3269 3443 3405 3497 dici-

1816 3553 1956 3602 mus,
1988 3537 2113 3606 quia
2139 3534 2301 3588 Pater
2325 3543 2381 3588 et
2407 3534 2576 3589 Filius
2605 3533 2765 3588 simul
2803 3534 2870 3588 ad
2902 3541 3206 3588 creaturam
3233 3550 3402 3590 unum

1815 3628 2136 3700 principium
2163 3635 2266 3693 est,
2294 3626 2433 3680 sicut
2457 3641 2596 3681 unus
2634 3635 2864 3691 creator,
2898 3625 3037 3679 sicut
3064 3640 3204 3680 unus
3238 3625 3399 3682 Deus.

1819 3719 1878 3774 Si
1914 3727 2095 3773 autem
2122 3717 2383 3788 quidquid
2426 3717 2483 3770 in
2509 3733 2568 3772 se
2597 3725 2778 3770 manet
2807 3724 2861 3769 et
2890 3716 3060 3786 gignit
3083 3717 3285 3786 aliquid
3319 3717 3406 3773 vel

1816 3816 2088 3878 operatur,
2103 3807 2424 3878 principium
2447 3815 2530 3861 est
2549 3807 2598 3860 ei
2618 3807 2698 3859 rei
2711 3820 2873 3874 quam
2888 3806 3059 3873 gignit
3072 3805 3156 3859 vel
3171 3807 3220 3860 ei
3240 3821 3402 3874 quam

1817 3909 2086 3970 operatur,
2117 3915 2224 3954 non
2250 3884 2538 3968 possumus
2564 3912 2762 3965 negare
2796 3898 2960 3950 etiam
2991 3897 3251 3965 Spiritum
3277 3914 3403 3952 san-

1817 3999 1963 4046 ctum
1983 4001 2128 4046 recte
2149 3991 2253 4046 dici
2279 3989 2619 4058 principium,
2646 3988 2772 4055 quia
2799 4001 2906 4039 non
2935 4000 3059 4038 eum
3085 4001 3402 4063 separamus

1815 4087 1884 4142 ab
1909 4083 2262 4153 appellatione
2282 4079 2575 4145 Creatoris,
2601 4087 2655 4130 et
2681 4075 2940 4144 scriptum
2955 4083 3039 4130 est
3058 4077 3123 4130 de
3147 4075 3238 4128 illo
3259 4075 3402 4143 quod

1815 4186 2086 4246 operetur,
2106 4184 2158 4229 et
2179 4173 2362 4241 utique
2398 4171 2454 4224 in
2484 4185 2543 4224 se
2569 4183 2794 4223 manens
2818 4175 3090 4235 operatur.
3112 4165 3229 4220 Non
3254 4165 3402 4219 enim

1815 4266 1872 4321 in
1897 4267 2099 4336 aliquid
2124 4279 2312 4320 eorum
2334 4277 2453 4331 quin
2480 4267 2752 4330 operatur,
2795 4257 2909 4328 ipse
2937 4263 3177 4310 mutatur
3211 4263 3265 4310 et
3286 4270 3403 4310 ver-

117 4370 293 4424 monis
328 4368 466 4422 solet
485 4368 694 4423 efﬁcere
719 4365 1022 4422 difficultas.
1052 4365 1316 4433 Quoniam
1337 4368 1500 4437 igitur
1527 4368 1583 4421 in
1603 4367 1706 4422 hac

1814 4358 1964 4424 titur,
1991 4365 2047 4412 et
2082 4373 2202 4426 qua:
2244 4361 2499 4424 operatur
2533 4351 2674 4406 vide.
2712 4347 3023 4436 Unicuique,
3072 4348 3147 4400 ait
3179 4347 3405 4418 Aposto-

118 4458 456 4530 professione
474 4474 580 4512 non
606 4460 780 4513 elucet
800 4458 1079 4513 evidenter
1102 4465 1286 4512 utrum
1314 4458 1430 4528 ejus
1455 4457 1588 4512 ﬁdes
1611 4466 1705 4511 aut

120 4550 335 4621 probari
365 4557 460 4603 aut
487 4550 776 4619 improbari
821 4551 1032 4615 debeat,
1066 4565 1189 4604 cum
1215 4565 1334 4604 eam
1372 4550 1705 4619 probandam

83 4652 92 4672 ι
125 4644 292 4710 potius
316 4656 482 4713 quam
506 4639 913 4711 improbandam
951 4654 1072 4696 esse
1110 4648 1295 4694 nostra
1322 4639 1505 4693 mallet
1530 4640 1707 4694 inten-

127 4737 212 4802 tio,
243 4747 415 4794 restat
442 4738 666 4807 utquod
701 4739 766 4792 de
791 4737 894 4792 hac
929 4752 991 4792 re
1015 4751 1047 4790 a
1071 4736 1274 4791 sanctis
1304 4734 1554 4791 Patribus
1579 4750 1703 4804 per-

127 4832 373 4900 cepimus,
394 4831 665 4887 credimus
683 4837 738 4883 et
757 4837 1023 4894 tenemus,
1044 4829 1284 4884 breviter
1306 4843 1664 4898 exsequamur
1686 4847 1698 4883 :

129 4920 232 4975 hoc
255 4923 394 4976 enim
420 4923 476 4978 in
500 4921 598 4976 tali
625 4920 961 4991 professione
1000 4919 1461 4990 expavescendum
1497 4927 1600 4984 est,
1636 4933 1706 4974 ne

131 5008 258 5062 dum
289 5009 442 5065 Pater
469 5012 584 5067 sine
613 5011 880 5082 principio
908 5010 1122 5075 dicitur,
1151 5018 1206 5064 et
1227 5009 1396 5064 Filius
1427 5025 1535 5064 non
1560 5008 1706 5063 aliud

131 5099 445 5168 principium
471 5117 631 5171 quam
657 5102 875 5158 Patrem
904 5105 1211 5172 agnoscere,
1249 5102 1522 5170 antiquior
1546 5100 1708 5156 Pater

132 5186 266 5242 Filio
307 5190 431 5257 quia
477 5193 733 5260 genuerit,
772 5201 827 5248 et
860 5192 1028 5247 Filius
1064 5193 1329 5262 posterior
1371 5192 1530 5245 Patre
1580 5192 1707 5262 quia

136 5278 342 5346 genitus
364 5280 433 5334 sit
462 5282 776 5350 suspicetur,
807 5299 931 5339 cum
956 5283 1203 5337 videlicet
1240 5282 1373 5337 nihil
1401 5282 1471 5336 sit
1499 5281 1554 5335 in
1584 5297 1708 5336 san-

137 5380 222 5429 cta
261 5375 522 5433 Trinitate
547 5383 782 5438 anterius
804 5383 1157 5452 posteriusve,
1186 5381 1277 5435 ubi
1308 5379 1440 5434 nihil
1474 5395 1542 5434 ex
1571 5386 1709 5432 tem-

137 5477 261 5533 pore
293 5467 593 5534 inchoatur,
646 5480 707 5526 ut
750 5471 1098 5540 consequenti
1138 5468 1451 5539 perﬁciatur
1491 5467 1546 5519 in
1572 5472 1708 5518 tem-

139 5569 276 5624 νοτε.
321 5560 585 5629 Quoniam
616 5563 755 5618 sicut
801 5570 914 5618 tres
954 5577 1197 5631 personae
1225 5553 1706 5616 consubstantiales

141 5647 234 5708 sibi
256 5662 391 5723 sunt,
434 5654 515 5710 ita
547 5655 716 5712 etiam
741 5653 1201 5725 consempiternae.
1230 5651 1298 5710 Et
1325 5649 1442 5708 sine
1468 5654 1709 5714 tempore

1807 4449 1911 4512 lus,
1953 4449 2114 4502 datur
2155 4445 2508 4516 manifestatio
2561 4442 2791 4513 Spiritus
2835 4440 2902 4494 ad
2947 4431 3223 4493 utilitatem
3251 4456 3270 4491 :
3307 4439 3402 4492 alii

1805 4539 2013 4610 quidem
2040 4539 2198 4592 datur
2217 4555 2307 4608 per
2330 4537 2587 4607 Spiritum
2609 4549 2778 4588 sermo
2805 4532 3094 4604 sapientiae,
3120 4529 3211 4584 alii
3231 4544 3401 4585 sermo

1805 4633 2036 4686 scientia:
2101 4629 2388 4684 secundum
2446 4626 2684 4680 eumdem
2735 4624 3012 4696 Spiritum,
3067 4629 3121 4678 et
3172 4623 3399 4693 reliqua.

1804 4721 1938 4776 Item
1963 4722 2104 4777 idem
2129 4728 2251 4789 post
2270 4734 2441 4790 pauca
2470 4735 2482 4770 :
2511 4715 2648 4770 Nam
2677 4723 2732 4770 et
2758 4715 3036 4786 sigillatim
3078 4713 3124 4767 si
3171 4714 3403 4768 interro—

1806 4829 1994 4884 gemur
2040 4814 2107 4874 de
2159 4812 2366 4880 Spiritu
2422 4818 2627 4874 sancto,
2683 4809 2968 4864 verissime
3017 4804 3402 4872 respondemus

1806 4907 1948 4974 quod
1975 4906 2117 4961 Deus
2140 4905 2231 4969 sit,
2255 4912 2309 4957 et
2333 4918 2457 4958 cum
2481 4902 2643 4956 Patre
2668 4911 2723 4954 et
2746 4898 2886 4953 Filio
2912 4893 3071 4949 simul
3092 4906 3231 4946 unus
3257 4890 3401 4944 Deus

1805 5005 1905 5051 est.
1956 4996 2134 5052 Unum
2178 5010 2307 5065 ergo
2358 4991 2682 5064 principium
2732 4989 2802 5042 ad
2847 4989 3152 5038 creaturam
3201 4977 3399 5033 dicitur

1807 5089 1966 5153 Deus,
2007 5104 2114 5142 non
2143 5088 2247 5141 duo
2279 5085 2363 5139 vel
2390 5085 2490 5138 tria
2523 5078 2808 5150 principia,
2861 5073 2927 5126 ad
2958 5085 3015 5124 se
3041 5079 3224 5126 autem
3252 5067 3395 5123 invi-

1805 5196 1924 5236 cem
1962 5181 2017 5233 in
2054 5179 2334 5242 Trinitate,
2359 5177 2404 5229 si
2434 5174 2657 5244 gignens
2685 5167 2756 5220 ad
2795 5162 2850 5254 id
2891 5160 3035 5254 quod
3058 5161 3229 5230 gignit
3249 5159 3398 5254 prin-

1805 5272 2005 5341 cipium
2044 5276 2148 5333 est,
2204 5267 2364 5321 Pater
2406 5262 2471 5315 ad
2513 5255 2711 5309 Filium
2748 5249 3072 5341 principium
3120 5255 3222 5311 est,
3268 5249 3398 5341 quia

1805 5335 1989 5433 genuit
2026 5375 2170 5415 eum.
2204 5358 2396 5415 Utrum
2434 5352 2612 5400 autem
2641 5347 2698 5392 et
2732 5339 2800 5392 ad
2841 5335 3108 5403 Spiritum
3140 5339 3397 5433 sanctum

1805 5420 2123 5527 principium
2151 5453 2222 5506 sit
2246 5449 2424 5502 Pater,
2451 5427 2706 5499 quoniam
2747 5427 2963 5482 dictum
3006 5436 3108 5490 est,
3136 5423 3207 5474 De
3238 5420 3397 5470 Patre

1802 5516 2056 5618 procedit,
2073 5559 2180 5598 non
2207 5546 2373 5608 parva
2408 5517 2633 5592 (ιιιεεειίο
2651 5525 2735 5571 εει
2802 5516 2948 5618 quia
2990 5525 3043 5579 si
3066 5521 3140 5572 ita
3170 5516 3408 5618 emine-[‘1'

2388 5585 2445 5668 ei
2465 5612 2672 5662 tantum
2699 5605 2778 5660 rei
2801 5602 2916 5658 erit.
2951 5618 3144 5682 qnam
3153 5595 3316 5668 gignit
3328 5598 3425 5646 aut
