4008 6154
590 269 731 328 1127

1491 266 1552 324 Β.
1588 267 1839 328 CAROLI
1870 268 2086 330 MAGNI
2121 271 2272 331 OPP.
2312 275 2490 332 PARS
2525 275 2589 333 Il.
2631 276 2869 336 SECTIO
2905 277 2990 347 ΗΑ

3699 285 3841 344 “28

586 383 645 441 in
682 382 804 438 ﬁdei
832 379 1186 451 promissione
1215 378 1419 433 illatum
1453 377 1620 436 fuisse
1655 383 1920 452 perlegit:
1955 399 2081 454 quia
2108 395 2165 440 et
2188 387 2244 449 Α
2267 389 2539 443 tummodo
2577 390 2882 444 somniavit.
2921 388 3000 443 Ita
3029 389 3173 443 enim
3205 402 3429 446 exorsus
3462 397 3547 447 est
3584 408 3598 445 :
3641 411 3663 446 ι
3707 395 3846 452 Con-

585 475 743 531 miles
765 472 858 542 qui
887 473 1154 543 quondam
1178 470 1462 540 pugnavit,
1491 479 1585 526 aut
1609 477 1928 542 quandoque
1959 490 2162 545 pugna-

583 573 742 622 turus
767 573 869 632 est,
913 581 1016 620 non
1060 564 1179 618 ideo
1218 544 1464 633 arguitur
1497 564 1542 618 si
1584 567 1653 620 ad
1683 573 1894 634 tempus
1933 582 2039 621 non
2066 583 2164 636 pu-

585 670 730 731 gnet,
759 659 852 714 sed
878 658 921 712 si
955 655 1079 724 fuga
1112 654 1294 724 lapsus
1324 663 1380 710 et
1413 671 1566 710 suam
1597 656 1932 712 nobilitatem
1958 659 2165 727 ignobi-

583 751 717 816 litet,
745 759 800 803 et
822 749 1087 803 sociorum
1109 747 1251 802 vires
1280 747 1458 802 inutili
1484 749 1728 818 exemplo
1749 760 1988 805 enervet.
2018 752 2165 806 Dixit

582 841 726 897 enim
765 837 1025 908 praefatus
1062 838 1363 907 episcopus,
1417 848 1703 909 postquam
1741 841 2032 912 imaginum
2070 843 2164 899 ad-

579 930 876 986 orationem
901 937 955 984 et
979 928 1364 984 osculationem
1393 929 1533 984 inter
1555 930 1731 999 prima
1756 946 1866 986 suae
1891 931 2014 986 ﬁdei
2037 948 2158 986 mu-

578 1024 822 1080 nimenta
865 1023 1042 1079 fassus
1083 1030 1208 1077 est:
1248 1041 1267 1074 ‹
1301 1023 1463 1078 ﬁdem
1501 1039 1559 1078 se
1599 1024 1801 1078 habere
1838 1023 2162 1094 participare

581 1113 690 1169 illis
716 1097 1157 1168 sanctificatione.
1189 1131 1207 1164 ι
1239 1109 1348 1166 Nec
1370 1112 1637 1167 immerito
1663 1113 1824 1166 rebus
1851 1111 2160 1179 inscnsatis,

581 1211 638 1258 et
671 1219 778 1257 non
812 1203 986 1257 solum
1013 1201 1439 1258 sanctiﬁcatione
1472 1203 1566 1256 sed
1599 1204 1764 1258 etiam
1799 1203 1906 1256 vita
1937 1203 2163 1257 carenti-

580 1294 702 1358 bus,
729 1293 1051 1362 participare
1071 1293 1280 1363 dignus,
1302 1293 1396 1360 qui
1417 1301 1534 1362 post
1551 1292 1943 1347 confessionem
1963 1303 2160 1346 sancta:

582 1393 637 1440 et
662 1384 832 1439 unica:
856 1384 1137 1438 Trinitatis
1163 1385 1218 1437 in
1244 1384 1441 1437 talibus
1467 1385 1656 1439 naeniis
1691 1385 1847 1439 ﬁdem
1875 1401 1932 1439 se
1962 1385 2161 1439 habere

581 1474 735 1539 dixit,
778 1483 833 1530 et
871 1489 934 1528 ea
971 1489 1090 1542 qua:
1131 1473 1272 1526 inter
1309 1474 1482 1543 prima
1523 1474 1844 1530 Christiana:
1885 1475 2160 1544 religionis

581 1563 904 1618 charismata
933 1563 1296 1616 enumeranda
1323 1572 1478 1626 sunt,
1511 1564 1883 1620 remissionem
1914 1565 2162 1620 videlicet

577 1661 943 1724 peccatorum,
986 1654 1164 1708 carnis
1204 1655 1654 1710 resurrectionem
1692 1665 1746 1711 et
1785 1657 1951 1712 vitam
1990 1656 2157 1712 futuri

2265 477 2422 532 ﬁteor
2454 486 2507 532 et
2538 479 2812 546 promitto,
2844 487 2899 532 et
2935 479 3186 546 suscipio,
3224 488 3278 534 et
3315 480 3547 545 osculor,
3589 488 3646 535 et
3683 485 3847 541 adoro

2265 567 2542 637 imagines.
2574 587 2592 620 ι
2620 569 2664 624 Ο
2689 569 2824 622 mira
2849 567 3119 626 confessio
3147 570 3409 638 episcopi!
3444 568 3489 624 Ο
3516 571 3743 639 pulchra
3769 576 3848 631 di-

2265 657 2372 712 ctio
2398 659 2720 714 sacerdotis!
2753 659 2798 714 0
2828 659 3092 714 laudanda
3127 660 3336 716 devotio
3368 662 3644 730 praesulis!
3683 664 3846 720 Tacet

2264 747 2654 803 confessionem
2703 749 3165 804 excellentissima:
3216 749 3539 817 majestatis,
3597 760 3652 806 et
3702 753 3846 810 inso-

2265 846 2359 890 nat
2391 838 2780 893 confessionem
2815 839 3248 894 insolentissimaz
3286 841 3561 895 vanitatis.
3604 842 3684 897 Ab
3726 844 3844 912 ejus

2266 927 2602 985 confessione
2621 931 2810 998 pedem
2854 931 3082 985 retrahit
3110 931 3200 998 qui
3230 931 3382 993 dixit,
3414 930 3598 986 Omnis
3623 937 3710 1003 qui
3755 953 3839 992 me

2264 1021 2528 1090 confessus
2567 1023 2722 1090 fuerit
2770 1038 2945 1076 coram
2981 1022 3294 1088 hominibus,
3337 1023 3623 1092 conﬁtebor
3658 1036 3707 1078 et
3752 1044 3844 1097 ego

2262 1129 2380 1166 eum
2421 1130 2597 1167 coram
2643 1113 2802 1166 Patre
2829 1129 2940 1166 meo
2962 1113 3050 1182 qui
3081 1122 3155 1166 est
3209 1113 3265 1165 in
3315 1111 3457 1166 cretis
3500 1113 3718 1183 (Matth.
3773 1133 3837 1182 x;

2262 1202 2389 1256 Luc.
2421 1202 2520 1272 xu)
2568 1211 2623 1257 et
2648 1203 2701 1256 in
2735 1203 3022 1272 imaginum
3051 1202 3443 1258 confessionem
3465 1206 3592 1259 totis
3613 1221 3673 1260 se
3695 1223 3845 1276 gres-

2262 1291 2410 1346 sibus
2434 1291 2614 1346 infert.
2651 1291 2817 1346 Taeet
2844 1293 2985 1360 quod
3013 1301 3067 1346 et
3118 1294 3205 1346 ille
3252 1293 3408 1348 fateri
3431 1303 3485 1347 et
3529 1303 3745 1350 caeteros
3777 1307 3838 1352 ut

2261 1381 2558 1436 faterentur
2579 1383 2761 1437 debuit
2789 1383 2994 1437 hortari
3006 1406 3030 1448 ,-
3045 1392 3099 1438 et
3142 1383 3316 1439 fassus
3340 1393 3421 1440 est
3441 1381 3581 1454 quod
3622 1403 3720 1442 nec
3749 1389 3840 1444 ille

2260 1472 2418 1528 fateri
2441 1482 2495 1528 et
2516 1490 2583 1529 ne
2611 1477 2792 1531 caeteri
2821 1476 3124 1530 faterentur
3143 1477 3328 1532 debuit
3355 1479 3635 1544 reluctari;
3669 1488 3723 1534 et
3746 1483 3836 1550 qui

2260 1578 2527 1633 opponere
2563 1582 2772 1620 murum
2801 1581 2900 1635 pro
2925 1568 3086 1622 domo
3128 1568 3292 1622 lsrael
3318 1567 3501 1623 debuit
3518 1578 3570 1623 et
3597 1577 3745 1626 stare
3782 1571 3837 1625 in

2257 1653 2445 1721 prmlio
2462 1654 2516 1707 in
2538 1654 2624 1707 die
2644 1655 2876 1719 Domini,
2904 1653 3018 1724 ipse
3039 1657 3106 1710 ad
3129 1657 3412 1711 deditionis
3433 1658 3676 1722 dedecus,
3697 1659 3834 1727 proh

577 1744 760 1800 saeculi
808 1743 1072 1798 desidiose
1117 1743 1483 1812 praetermisit.
1534 1745 1664 1802 Esto
1718 1747 1976 1818 denique,
2026 1750 2158 1805 utile
2186 1735 2235 1796 B
2263 1744 2442 1799 dolor!
2477 1754 2665 1813 sponte
2697 1745 2990 1814 dilabitur;
3018 1748 3143 1817 quia
3194 1748 3436 1803 videlicet
3465 1748 3556 1817 qui
3579 1749 3758 1803 debuit
3803 1765 3834 1803 a

579 1834 829 1903 quiddam
856 1840 940 1888 est
979 1833 1239 1902 imagines
1279 1834 1526 1901 adorare,
1566 1836 1690 1906 quid
1715 1837 1969 1892 adimitur
2001 1838 2157 1894 Chri-

578 1926 764 1981 stianae
812 1925 1057 1995 religioni
1106 1924 1150 1979 si
1189 1923 1338 1979 inter
1383 1926 1588 1995 primas
1628 1926 1751 1982 fidei
1797 1928 2157 1997 professiones

576 2017 717 2072 illius
742 2032 954 2088 quoque
983 2017 1060 2072 rei
1097 2015 1360 2086 professio
1396 2035 1500 2073 non
1531 2019 1703 2086 detur,
1744 2035 1867 2075 cum
1903 2020 2158 2090 pleraque

575 2106 684 2161 sint
706 2122 827 2176 quae
854 2107 994 2161 inter
1019 2116 1242 2162 catteras
1270 2107 1646 2162 ecclesiastica:
1669 2109 2022 2164 institutionis
2046 2119 2160 2165 tra-

575 2197 807 2252 ditiones
833 2197 1076 2252 ﬁdelibus
1118 2198 1316 2252 tradita
1353 2209 1497 2264 sunt,
1543 2216 1771 2268 quorum
1792 2202 1893 2254 etsi
1936 2201 1991 2255 in
2033 2198 2157 2256 ﬁdei

574 2287 908 2344 confessione
929 2290 1190 2358 professio
1214 2299 1436 2354 tacetur,
1460 2291 1592 2345 nihil
1614 2298 1793 2346 tamen
1816 2292 1936 2346 ideo
1956 2301 2157 2348 sanctae

574 2379 819 2448 religioni
845 2381 1133 2435 adimitur?
1169 2382 1275 2435 Aut
1306 2383 1360 2435 in
1387 2398 1491 2450 quo
1514 2381 1858 2450 prmjudicat,
1899 2384 1945 2438 si
1971 2401 2156 2440 earum

575 2469 818 2523 adoratio
840 2477 1099 2534 taceatur,
1127 2472 1250 2526 ﬁdei
1273 2473 1596 2540 integritati,
1623 2489 1743 2528 cum
1769 2490 1799 2528 a
1835 2475 2034 2529 sanctis
2056 2474 2158 2530 Pa-

573 2560 748 2614 tribus
779 2561 1003 2615 inhibita
1032 2562 1209 2630 potius
1234 2577 1396 2630 quam
1428 2563 1670 2617 instituta
1711 2565 1981 2619 credatur.
2039 2565 2155 2620 Non

573 2649 719 2703 enim
757 2665 821 2703 eo
861 2652 1020 2706 modo
1068 2651 1380 2721 prmjudicat
1428 2654 1810 2722 prtetermissio
1861 2654 2154 2725 imaginum

574 2741 905 2798 adorationis
932 2759 1100 2798 sacrm
1131 2743 1252 2798 ﬁdei
1283 2745 1527 2814 puritati,
1569 2761 1689 2814 quae
1731 2745 2016 2800 interdicta
2058 2761 2154 2814 po-

572 2831 680 2885 tius
720 2848 882 2900 quam
918 2833 1163 2888 instituta
1191 2841 1291 2899 est,
1337 2833 1475 2888 sicut
1515 2834 1865 2903 przejudicant
1907 2834 2154 2890 remissio

568 2931 936 2992 peccatorum,
967 2927 1147 2982 carnis
1183 2927 1511 2981 resurrectio
1537 2936 1591 2981 et
1624 2928 1733 2981 vita
1770 2927 1938 2983 futuri
1973 2926 2150 2982 saeculi

569 3012 697 3067 siin
726 3013 1063 3070 confessione
1101 3017 1604 3084 praetermittantur,
1642 3033 1761 3086 qua:
1787 3017 1973 3086 utique
2007 3025 2062 3071 et
2093 3017 2150 3070 in

570 3102 811 3156 omnium
834 3101 1237 3173 Scripturarum
1265 3115 1571 3162 sanctarum
1598 3109 1738 3164 serie
1766 3109 2146 3177 praedicantur,

571 3200 656 3257 et,
681 3200 741 3248 ut
764 3193 971 3264 prtefati
999 3211 1203 3263 sumus,
1233 3200 1300 3253 ab
1331 3200 1586 3270 apostolis
1615 3201 1672 3258 in
1701 3201 1943 3272 symbolo
1969 3200 2154 3257 lauda-

569 3282 664 3339 bili
693 3285 958 3342 brevitate
981 3302 1238 3343 connexa:
1269 3298 1535 3346 tenentur.

1173 3381 1399 3438 CAPUT
1440 3384 1547 3438 VII.

569 3463 747 3543 De‘eo
796 3467 933 3536 quod
984 3467 1303 3543 Theodosius
1343 3473 1529 3543 Amori
1581 3474 1848 3543 episcopus
1895 3474 2150 3527 desidiose

638 3535 1098 3612 ﬁflqtnsanctwet
1139 3542 1306 3595 unicae
1340 3535 1620 3596 Trinitatis
1643 3535 1893 3612 tacuerit,
1923 3543 1988 3595 de
2016 3543 2150 3612 ima-

638 3605 841 3670 ginibus
873 3623 988 3659 vero
1016 3609 1222 3662 incaute
1249 3620 1296 3662 et
1323 3613 1735 3666 extraordinarie
1755 3605 1946 3664 dixerit
1973 3629 1985 3663 :
2010 3609 2149 3664 Con-

639 3671 795 3753 ﬁteor
817 3681 870 3727 et
889 3677 1165 3743 promitto,
1197 3688 1251 3733 et
1277 3682 1535 3753 suscipio,
1560 3690 1614 3735 et
1642 3680 1876 3753 osculor,
1901 3688 1954 3733 et
1982 3680 2147 3753 adoro

639 3749 925 3810 imagines;
963 3756 1010 3797 et
1047 3757 1159 3819 post
1195 3766 1362 3819 pauca
1387 3767 1406 3806 :
1439 3751 1539 3816 Qui
1579 3766 1684 3804 non
1724 3750 1997 3819 instruunt
2026 3749 2148 3803 dili-

639 3820 826 3879 genter
853 3829 1065 3886 omnem
1095 3817 1306 3873 Christo
1342 3821 1592 3874 dilectum
1629 3817 1880 3886 populum
1917 3819 2147 3874 adorare

636 3887 692 3933 et
711 3885 1158 3942 venerari'sacras
1180 3897 1234 3943 et
1257 3889 1593 3944 honorandus
1620 3885 1880 3956 imagines
1903 3887 2144 3942 omnium

633 3960 942 4009 sanctorum
963 3957 1055 4025 qui
1081 3973 1112 4010 a
1132 3960 1325 4014 saeculo
1346 3959 1454 4012 Deo
1474 3958 1813 4025 placuerunt,
1834 3957 2139 4011 anathema.

635 4042 892 4099 Basilium
923 4046 1169 4102 Anchiraa
1192 4049 1498 4117 episcopum
1526 4047 1581 4100 in
1606 4046 1885 4116 superiore
1909 4047 2143 4116 capitulo

564 4137 897 4202 arguendum
920 4147 1067 4194 recte
1087 4143 1436 4206 ostendimus,
1462 4157 1527 4197 eo
1546 4143 1688 4213 quod
1714 4159 1825 4199 sua:
1853 4143 1975 4198 ﬁdei
1994 4142 2141 4212 jacto

563 4223 872 4282 fundamine
911 4228 965 4282 in
1002 4232 1227 4287 aediﬁcio
1267 4240 1376 4286 tam
1415 4235 1725 4292 excellentis
1767 4237 2013 4308 mysterii
2054 4251 2141 4291 res

563 4315 718 4369 valde
754 4320 1086 4376 necessarias
1123 4322 1550 4391 supertediﬁcare
1583 4327 1896 4398 neglexerit,
1933 4335 1988 4380 et
2022 4327 2138 4381 vice

564 4415 750 4458 earum
797 4419 884 4460 res
923 4409 990 4461 ab
1031 4411 1177 4465 omni
1223 4413 1436 4481 penitus
1481 4416 1750 4486 religionis
1791 4413 1996 4468 fabrica
2043 4417 2140 4469 ab-
2163 4405 2220 4469 Ι)

561 4494 799 4549 nuendas
839 4499 1264 4564 supertediﬁcare
1299 4504 1448 4558 nisus
1481 4505 1552 4558 sit
1590 4522 1603 4555 :
1641 4503 1695 4555 in
1725 4503 1977 4568 praesenti
2010 4518 2139 4560 vero

562 4580 917 4637 Theodosium
952 4587 1135 4645 Amori
1165 4594 1471 4662 episcopum
1495 4593 1692 4655 rectius
1717 4596 2135 4662 competentius-

561 4683 666 4737 que
701 4676 1029 4741 arguendum
1061 4685 1415 4746 decernimus,
1441 4681 1556 4748 qui,
1594 4682 1741 4736 nullo
1778 4699 1890 4740 suze
1923 4685 2047 4742 ﬁdei
2083 4687 2138 4743 in

559 4756 783 4828 praefata
812 4769 1014 4836 synodo
1038 4773 1212 4840 posito
1242 4771 1608 4836 fundamento,
1651 4787 1739 4827 res
1775 4781 1982 4830 tantum
2019 4777 2136 4831 ina-

557 4864 656 4906 nes
703 4863 756 4909 et
797 4859 1003 4915 ratione
1046 4861 1281 4915 seclusae
1325 4860 1556 4914 inaniter
1600 4869 1654 4917 et
1695 4864 2135 4922 irrationabiliter

553 4941 824 5002 mdiﬁcare
867 4949 1048 5017 erepit.
1081 4949 1138 5001 In
1182 4947 1324 5004 illius
1363 4951 1506 5005 enim
1543 4951 1770 5009 azdiﬁcio
1810 4955 1858 5009 si
1896 4956 1952 5010 id
1991 4959 2135 5025 quod

557 5029 791 5090 inaniter
835 5036 1068 5090 surrexit
1113 5035 1412 5110 dejiciatur,
1462 5044 1650 5099 saltem
1698 5045 1753 5102 id
1806 5049 1949 5116 quod
1996 5049 2133 5104 bene

555 5119 836 5176 fundatum
880 5132 963 5177 est
1010 5130 1338 5198 remanebit;
1397 5133 1450 5188 in
1499 5135 1654 5194 istius
1697 5153 1824 5194 vero
1873 5141 1920 5195 si
1971 5156 2133 5196 omne

549 5213 696 5284 quod
728 5213 887 5268 inane
915 5222 969 5270 et
1006 5216 1253 5276 frivolum
1281 5231 1364 5279 est
1391 5225 1724 5295 destituatur,
1758 5232 1835 5287 nil
1873 5234 2015 5302 quod
2045 5247 2131 5287 re-

551 5310 767 5357 maneat
791 5305 896 5359 erit
921 5324 932 5360 :
959 5307 1004 5362 si
1027 5323 1157 5380 ergo
1179 5311 1256 5366 illi
1283 5323 1425 5370 recte
1446 5329 1793 5377 suceensetur
1812 5325 1904 5392 qui
1928 5333 2129 5379 sanctae

549 5401 606 5448 et
643 5397 817 5453 unicae
845 5398 1126 5457 Trinitatis
1157 5404 1478 5462 confessioni
1522 5410 1813 5482 imaginum
1860 5415 2129 5468 adoratio-

550 5493 670 5570 nem
702 5485 943 5551 inseruit,
986 5490 1154 5545 multo
1188 5496 1384 5551 rectius
1424 5498 1552 5553 huic
1586 5502 1991 5556 succensebitur
2033 5503 2126 5570 qui

550 5567 694 5660 illius
721 5577 916 5631 summi
949 5586 1003 5632 et
1032 5579 1314 5638 ineﬁ‘abilis
1340 5588 1582 5655 mysterii
1610 5588 1945 5645 confessione
1971 5567 2122 5660 post-

552 5654 748 5725 Posita,
774 5664 840 5720 de
863 5667 1076 5725 illarum
1098 5672 1411 5762 adoratione
1437 5675 1637 5760 frivola
1654 5680 1837 5761 nescio
1861 5654 1991 5756 qua):
2009 5691 2126 5742 tan-

2257 1848 2424 1904 prava
2470 1835 2812 1891 confessione
2864 1847 2918 1891 et
2965 1852 2996 1890 a
3043 1837 3331 1892 ridiculoso
3373 1853 3560 1892 errore
3611 1838 3839 1892 aliorum

2258 1935 2468 1980 mentes
2497 1941 2749 1982 coercere
2780 1927 3176 1997 praadicationis
3200 1929 3397 1995 studio,
3450 1929 3563 1997 ipse
3603 1929 3836 1997 primum

2258 2015 2365 2070 illis
2387 2011 2598 2072 errandi
2623 2019 2707 2073 via
2736 2018 2964 2073 edicitur
2986 2036 3165 2090 prava:
3186 2021 3539 2076 confessionis
3564 2022 3835 2091 exemplo.

2259 2104 2412 2171 Quod
2436 2122 2563 2162 vero
2593 2110 3007 2162 anathematizat
3051 2124 3236 2163 omnes
3262 2110 3350 2176 qui
3403 2125 3506 2162 non
3554 2110 3841 2163 instruunt

2259 2211 2470 2250 omnem
2495 2196 2709 2251 Christo
2734 2199 2980 2251 dilectum
3017 2197 3271 2262 pepulum
3310 2196 3534 2247 adorare
3566 2205 3623 2247 et
3669 2213 3842 2252 venev

2259 2285 2370 2338 rari
2400 2286 2654 2351 imagines
2691 2286 2924 2337 omnium
2975 2291 3281 2334 sanctorum
3308 2283 3398 2348 qui
3429 2296 3458 2334 a
3485 2282 3686 2335 saeculo
3718 2283 3848 2337 Deo

2253 2378 2589 2447 placuerunt,
2642 2390 2799 2442 quam
2839 2372 3069 2427 absurde
3109 2388 3379 2441 quamque
3420 2373 3639 2426 incaute
3668 2383 3833 2442 agat,

2252 2467 2482 2535 prudens
2527 2465 2698 2518 lector
2735 2465 3022 2528 advertat,
3069 2464 3374 2531 praesertim
3413 2463 3504 2530 qui
3541 2464 3836 2517 anathema

2253 2557 2392 2627 quod
2420 2555 2538 2609 aliis
2555 2555 2844 2609 temeraria
2865 2555 3286 2622 praesumptione
3307 2552 3506 2606 inferre
3531 2556 3830 2618 contendit,

2250 2647 2305 2702 in
2331 2663 2388 2702 se
2411 2661 2643 2714 suosque
2663 2646 3023 2700 irreverenter
3044 2645 3333 2712 intorquet,
3356 2651 3406 2697 et
3428 2643 3591 2696 telum
3618 2659 3722 2711 quo
3743 2643 3832 2698 sui

2252 2741 2454 2794 erroris
2479 2747 2788 2794 extraneam
2807 2739 2999 2793 nititur
3023 2737 3305 2808 perfodere
3325 2747 3560 2805 partem,
3594 2737 3650 2789 in
3677 2751 3831 2792 suam

2254 2831 2556 2900 civiumque
2605 2831 2839 2886 deflectit
2879 2845 3088 2884 necem.
3133 2828 3243 2882 Nec
3289 2827 3485 2882 liberat
3535 2827 3829 2896 imaginum

2253 2925 2494 2979 adoratio
2528 2925 2595 2977 ab
2621 2922 2975 2976 anathematis
3018 2919 3355 2989 colligatione
3389 2933 3535 2983 suos,
3573 2934 3693 2987 qua:
3737 2934 3827 2971 ne-

2252 3028 2398 3073 ctere
2423 3018 2792 3071 tantummodo
2821 3017 3093 3070 nitebatur
3114 3023 3348 3068 exteros.
3391 3012 3824 3066 Anatliematizat

2257 3110 2400 3164 enim
2426 3108 2516 3176 qui
2545 3122 2651 3160 non
2681 3107 2952 3159 instruunt
2977 3120 3194 3158 omnem
3220 3099 3435 3158 Christo
3453 3101 3705 3156 dilectum
3730 3116 3825 3170 po-

2253 3199 2440 3268 pulum
2469 3197 2693 3251 adorare
2736 3195 3018 3264 imagines.
3072 3193 3469 3262 Nunquidnam,
3501 3201 3562 3246 ut
3603 3201 3829 3246 caeteros

2252 3297 2482 3353 taceam,
2512 3290 2565 3342 in
2592 3288 2693 3342 sibi
2717 3288 3003 3342 commissa
3025 3287 3178 3358 plebe
3206 3301 3392 3341 omnes
3414 3285 3688 3340 instruunt
3712 3300 3826 3339 om-

2251 3395 2375 3435 nem
2414 3379 2629 3435 Christo
2668 3378 2926 3432 dilectum
2969 3379 3225 3446 populum
3266 3378 3523 3446 imagines
3563 3378 3824 3440 adorare,

2251 3471 2341 3540 qui
2364 3484 2462 3523 nec
2487 3467 2786 3522 instruendi
2807 3468 3005 3522 habent
3033 3467 3284 3532 ofﬁcium,
3307 3483 3406 3522 nec
3426 3467 3828 3536 prmdicationis

2249 3560 2506 3630 gradum?
2533 3559 2774 3626 nunquid
2799 3567 2853 3612 et
2897 3558 3011 3627 ipse
3047 3573 3262 3612 omnem
3308 3557 3521 3612 Christo
3564 3557 3825 3611 dilectum

2247 3651 2498 3721 populum
2530 3651 2779 3704 instruit?
2816 3650 2948 3704 Cum
2976 3649 3225 3705 videlicet
3254 3665 3392 3718 pene
3420 3657 3564 3703 totus
3592 3649 3826 3703 mundus

2247 3741 2442 3796 Christi
2479 3743 2675 3810 populo
2705 3742 2896 3810 plenus
2926 3743 3034 3796 sit:
3079 3743 3331 3811 quoniam
3379 3743 3540 3796 desiit
3583 3751 3822 3796 tantum-

2245 3833 2404 3890 modo
2432 3833 2486 3885 in
2512 3831 2695 3887 Judaaa
2726 3841 2884 3888 notus
2913 3849 3033 3888 esse
3059 3835 3219 3899 Deus,
3248 3833 3340 3889 sed
3384 3834 3440 3888 in
3467 3849 3681 3888 omnem
3717 3843 3826 3888 ter-

2245 3938 2360 3976 ram
2388 3923 2554 3978 exivit
2575 3939 2740 3979 sonus
2767 3926 3133 3993 apostolorum
3151 3967 3165 3993 ,
3207 3936 3262 3981 et
3292 3927 3498 3995 repleta
3528 3935 3612 3981 est
3650 3927 3824 3980 omnis

2242 4019 2387 4066 terra
2421 4014 2592 4084 gloria
2618 4015 2847 4078 Domini,
2871 4022 2926 4069 et
2949 4031 3136 4070 omnes
3157 4025 3343 4086 gentes
3385 4017 3607 4072 veniunt
3633 4025 3685 4070 et
3729 4017 3822 4071 ad-

2244 4115 2401 4159 orant
2427 4108 2478 4159 in
2504 4113 2788 4174 conspectu
2804 4106 3037 4170 Domini,
3049 4106 3204 4174 juxta
3216 4107 3492 4163 Malachize
3507 4106 3816 4160 vaticinium

2242 4193 2298 4248 in
2319 4196 2480 4250 verbo
2493 4195 2704 4249 Domini
2731 4195 2978 4262 dicentis,
3003 4197 3079 4249 Ab
3103 4208 3221 4250 ortu
3242 4197 3370 4252 solis
3398 4215 3557 4268 usque
3579 4197 3646 4250 ad
3671 4213 3821 4250 occa-

2241 4299 2357 4337 sum
2380 4300 2627 4354 magnum
2658 4293 2731 4337 est
2761 4301 2947 4339 nomen
2971 4302 3141 4339 meum
3161 4287 3218 4339 in
3243 4287 3501 4356 gentibus,
3530 4296 3577 4341 et
3601 4288 3657 4339 in
3680 4285 3818 4339 omni

2243 4370 2354 4426 loco
2372 4373 2701 4440 sacriﬁcatur
2713 4382 2762 4426 et
2776 4374 2994 4441 offertur
3006 4376 3132 4427 mihi
3158 4377 3327 4429 hostia
3341 4377 3539 4429 munda
3557 4374 3816 4446 (Malaclt.

2243 4459 2329 4530 ιι),
2357 4467 2411 4514 et
2429 4469 2612 4528 pastor
2629 4462 2907 4527 Ecclesia},
2935 4465 3020 4518 cui
3044 4467 3096 4518 in
3124 4465 3293 4534 ﬁgura
3315 4467 3449 4520 disci
3480 4466 3818 4520 diversorum

2243 4550 2593 4606 animantium
2621 4553 2908 4623 generibus
2928 4555 3070 4624 pleni
3097 4564 3239 4610 totus
3260 4557 3405 4610 orbis
3434 4557 3660 4609 diversis
3683 4571 3817 4622 gen-

2239 4639 2386 4695 tibus
2420 4641 2610 4710 plenus
2647 4644 2714 4698 ad
2759 4644 2854 4698 Dei
2893 4645 3121 4714 gratiam
3160 4645 3420 4701 vocandus
3467 4642 3802 4707 ostenditur,

2239 4729 2367 4784 dicit
2390 4729 2487 4783 :In
2504 4733 2714 4784 veritate
2739 4735 2962 4801 comperi
2983 4750 3225 4803 quoniam
3247 4749 3344 4786 non
3367 4741 3439 4785 est
3457 4747 3808 4802 personarum

2238 4827 2474 4886 acceptor
2493 4818 2653 4883 Deus,
2684 4820 2771 4873 sed
2797 4820 2853 4872 in
2879 4823 3019 4875 onmi
3034 4835 3182 4892 gente
3199 4827 3285 4895 qut
3311 4823 3449 4875 timet
3475 4837 3592 4874 eum
3615 4829 3662 4873 et
3690 4837 3813 4890 ape-

2237 4917 2385 4961 ratur
2409 4908 2694 4978 justitiam,
2723 4922 2961 4981 acceptus
2996 4923 3071 4968 est
3095 4915 3173 4968 illi
3201 4915 3337 4987 (Act.
3366 4914 3442 4984 x).
3483 4911 3618 4966 Nam
3643 4912 3691 4965 si
3726 4926 3812 4966 se-

2236 4999 2466 5054 cundum
2492 5000 2606 5069 ejus
2627 5003 3035 5068 deliramentum
3061 5010 3368 5078 quicunque
3393 5023 3498 5062 non
3530 5007 3810 5060 instruunt

2235 5105 2448 5146 omnem
2470 5093 2682 5149 Christo
2712 5096 2963 5153 dilectum
2987 5101 3263 5170 populum,
3294 5101 3640 5154 anathemate
3661 5098 3809 5170 digni

2233 5191 2378 5250 sunt,
2406 5199 2580 5253 neque
2617 5187 2730 5256 ipse
2763 5189 2925 5256 idem,
2965 5206 3138 5261 neque
3165 5193 3470 5262 coepiscopi
3511 5191 3606 5260 qui
3643 5192 3698 5245 in
3721 5205 3811 5244 ea-

2233 5284 2354 5338 dem
2380 5285 2584 5353 synodo
2618 5285 2782 5342 fuisse
2809 5291 3180 5358 perhibentur,
3220 5308 3398 5363 neque
3431 5292 3540 5348 illis
3578 5291 3810 5347 subdita:

2230 5381 2414 5451 plebes
2441 5387 2798 5442 anathematis
2817 5389 3031 5445 vinculo
3053 5408 3242 5448 carere
3263 5394 3510 5462 quibunt,
3546 5393 3676 5462 quia
3704 5391 3809 5446 etsi

2230 5484 2503 5542 instruunt
2541 5488 2767 5543 duarum
2811 5499 2903 5544 aut
2939 5492 3099 5546 trium
3149 5493 3233 5546 vel
3274 5505 3421 5547 certe
3449 5492 3804 5560 plurimarum

2227 5586 2625 5654 provinciarum
2654 5597 2853 5656 gentes,
2895 5605 3002 5645 non
3039 5599 3218 5646 tamen
3245 5605 3462 5646 omnem
3486 5590 3702 5646 Christo
3723 5589 3810 5642 di-

2227 5686 2434 5773 lectum,
2459 5685 2731 5770 populum‘
2759 5687 3058 5773 instruunt,
3110 5707 3248 5775 cum
3268 5706 3372 5775 per
3397 5699 3526 5775 tam
3560 5691 3808 5775 prolixus
