4008 6154
187 280 329 338 1129

972 282 1152 339 LIBRI
1185 281 1527 340 CAROLINI.
1552 239 1641 324 Q4
1666 238 1895 341 caput
1938 288 2024 344 DE
2061 289 2246 346 uno.
2288 318 2359 329 —
2394 286 2522 345 LIB.
2559 287 2642 345 ιιι.

3301 291 3441 345 “'50

190 410 415 475 tamque
434 411 618 459 vastas
651 401 830 457 mundi
864 408 1048 471 partes
1077 401 1149 479 sit
1184 400 1447 455 catholica
1491 400 1729 456 Ecclesia
1748 441 1763 466 ,
1792 408 1846 465 Α
1870 410 1972 468 tur,
2014 408 2253 461 omnium
2278 414 2457 461 tamen
2483 420 2789 462 sermonum
2813 407 2925 461 sive
2950 406 3243 462 dictionum
3272 408 3443 464 series

192 515 317 571 quae
351 497 538 566 utique
567 494 770 551 Christi
801 493 1032 548 dilectus
1055 491 1279 561 populus
1323 499 1427 557 est,
1465 492 1677 558 diffusa,
1714 502 1768 547 et

190 599 311 645 tam
333 602 433 658 per
467 587 777 641 inaccessas
801 591 857 638 et
891 584 1102 655 ignotas
1138 583 1383 637 nationes
1414 583 1505 648 sit,
1545 582 1768 638 Domino

188 679 486 750 largiente,
505 678 748 733 dilatata.
765 675 871 731 Aut
888 691 1015 745 ergo
1027 689 1240 729 omnem
1252 674 1452 731 Christi
1474 674 1769 730 Ecclesium

190 777 268 832 ab
298 774 509 831 oriente
543 788 720 841 usque
753 771 818 825 ad
835 771 1185 835 occidentem,
1223 786 1255 825 a
1296 770 1656 840 septentrione
1679 786 1770 824 us-

190 884 304 939 que
338 868 408 922 ad
445 865 755 927 meridiem,
782 878 840 918 se
880 876 1111 932 suosque
1140 862 1431 932 imaginum
1460 861 1773 916 adoratione

192 962 476 1017 instruere
523 954 860 1027 perdocebit,
897 962 990 1007 aut
1033 954 1326 1008 secundum
1366 967 1476 1008 suae
1518 951 1773 1005 vanitatis

192 1050 528 1107 sententiam
549 1061 671 1102 cum
707 1043 867 1100 sociis
890 1044 1003 1098 sive
1031 1042 1258 1098 subditis
1291 1039 1618 1096 anathemati
1651 1040 1776 1095 sub—

190 1142 428 1210 iacebit:
449 1137 703 1209 quoniam
727 1134 829 1189 etsi
853 1148 1068 1189 omnem
1089 1132 1345 1202 populum
1364 1133 1633 1187 instruere
1652 1145 1775 1201 pos-

188 1236 346 1293 sent,
383 1243 494 1282 non
530 1226 694 1296 igitur
736 1224 979 1278 omnium
1027 1232 1337 1278 sanctorum
1373 1222 1465 1292 qui
1507 1237 1538 1275 a
1580 1221 1775 1278 83301110

190 1318 304 1373 Deo
350 1316 673 1386 placuerunt
723 1314 986 1384 imagines
1036 1312 1092 1367 in
1132 1327 1358 1382 quarum
1405 1311 1776 1366 adorationem

188 1406 607 1465 universitatem
649 1403 831 1474 populi
882 1404 1239 1469 instruerent,
1271 1402 1471 1457 habere
1505 1408 1772 1470 poterant,

192 1514 425 1569 quorum
445 1496 738 1553 multitudo
759 1502 911 1550 tanta
931 1502 1035 1559 est,
1056 1502 1116 1548 ut
1138 1495 1203 1548 de
1222 1492 1310 1547 his
1336 1507 1435 1561 per
1452 1491 1780 1560 Prophetam

192 1603 265 1644 ex
288 1603 523 1659 persona
546 1586 674 1641 Filii
711 1584 781 1639 ad
804 1586 1022 1638 Patrem
1044 1584 1256 1637 dicatur
1279 1597 1293 1634 :
1327 1581 1501 1634 Nimis
1540 1581 1779 1635 honorati

192 1690 317 1736 sunt
338 1680 501 1733 amici
514 1679 612 1743 tui,
638 1677 798 1741 Deus,
830 1676 983 1728 nimis
1004 1674 1329 1743 confortatus
1357 1681 1431 1727 est
1458 1674 1778 1744 principatus

1875 496 2260 565 quadripertita
2285 497 2493 552 ratione
2517 497 2791 551 dividitur.
2829 496 3017 552 Omnis
3045 506 3225 552 autem
3262 512 3443 554 sermo

1875 594 1969 639 aut
2010 588 2223 654 sapiens
2247 596 2328 643 est
2359 596 2414 642 et
2439 586 2686 651 disertus,
2720 588 3043 656 autsapiens
3063 595 3118 643 et
3142 602 3252 642 non
3280 589 3447 644 diser»

1877 681 1983 738 tus,
2011 683 2103 728 aut
2128 676 2362 731 disertus
2394 684 2449 732 et
2476 692 2584 732 non
2607 678 2839 746 sapiens,
2867 686 2959 731 aut
2981 693 3082 733 nec
3106 676 3318 747 sapiens
3343 691 3444 733 nec

1877 764 2128 819 disertus.
2165 766 2392 836 Sapiens
2439 783 2569 839 ergo
2597 776 2679 824 est
2708 768 3031 834 etdiscrtus,
3067 771 3205 825 sicut
3226 769 3445 841 plurimi

1825 925 1837 938 .
1878 856 2180 911 divinarum
2207 856 2609 928 Scripturarum
2631 860 2775 925 libri,
2803 869 2937 915 etut
2964 871 3187 918 caeteros
3213 871 3444 930 taceam,

1879 955 1938 1001 ut
1957 954 2041 1001 est
2063 946 2199 1001 liber
2226 948 2376 1003 Isaiae
2407 950 2703 1018 prophetae,
2728 949 2881 1017 cujus
2915 967 3090 1006 sermo
3142 960 3195 1007 et
3227 956 3445 1024 sapiens

1832 1064 1846 1080 ο
1877 1046 1979 1103 est,
2006 1046 2190 1109 utpote
2215 1056 2376 1109 quem
2399 1039 2631 1108 Spiritus
2678 1049 2897 1095 sanctus
2937 1044 3251 1109 dictaverit,
3292 1054 3346 1100 et
3371 1048 3450 1101 di-

1879 1136 2075 1193 sertus,
2099 1128 2226 1198 quia
2268 1129 2337 1183 ab
2363 1128 2556 1184 illustri
2594 1137 2649 1184 et
2672 1131 2881 1185 urbano
2917 1132 3035 1186 viro
3068 1133 3308 1202 prolatus
3331 1146 3448 1201 ,est.

1882 1216 2108 1288 Sapiens
2129 1226 2309 1274 autem
2354 1227 2409 1275 et
2456 1234 2564 1273 non
2591 1219 2859 1294 disertus,
2906 1230 2967 1275 ut
2996 1222 3213 1291 quidam
3240 1225 3296 1278 in
3321 1226 3454 1294 ipsis

1880 1306 2044 1360 etiam
2081 1307 2277 1362 divinis
2308 1292 2603 1377 Scripturis
2634 1309 2921 1364 habentur.
2943 1310 3170 1382 Sapiens
3202 1292 3454 1371 videlicet

1881 1394 1937 1449 in
1965 1397 2353 1452 sententiarum
2380 1398 3221 1461 celsitudinibusdiviniﬂaminis
3236 1413 3456 1463 nectare

1881 1485 2254 1555 promulgatis,
2283 1486 2577 1543 indisertus
2602 1503 2729 1543 vero
2754 1496 2846 1543 aut
2877 1491 3219 1562 simplicitate
3243 1505 3456 1553 sancto-

1884 1590 2005 1628 rum
2026 1576 2285 1643 virorum,
2324 1593 2355 1632 a
2399 1579 2595 1646 quibus
2618 1580 2860 1648 prolatus
2911 1593 3014 1648 est,
3050 1587 3142 1655 qui
3198 1604 3455 1644 sensuum

1883 1667 2062 1734 potius
2094 1683 2257 1736 quam
2285 1669 2573 1723 verborum
2614 1673 2986 1729 venustatith
3022 1677 3103 1731 uti
3129 1664 3453 1749 maluerunt,

192 1785 388 1823 eorum
424 1785 443 1824 :
465 1766 807 1822 dinumerabo
836 1782 943 1829 eos,
974 1774 1023 1818 et
1048 1780 1203 1835 super
1229 1779 1442 1817 arenam
1468 1762 1784 1834 multiplica-
1809 1772 1861 1835 Β
1886 1760 1981 1804 aut
2004 1752 2375 1822 indigenarum
2402 1753 2655 1823 loquendi
2675 1772 2795 1824 “Sil:
2822 1758 2964 1839 inter
2987 1777 3123 1831 quos
3159 1767 3329 1821 sancti
3353 1768 3459 1823 viri

203 1858 405 1912 buntur
446 1855 618 1928 (Psal.
677 1855 918 1923 cxxxrx).
968 1852 1121 1919 Quod
1177 1852 1277 1907 etsi
1322 1851 1664 1922 hyperbolice
1705 1852 1785 1907 di-

203 1958 360 2005 ctum
407 1947 499 2013 sit,
534 1952 681 2000 tanta
704 1959 888 2000 eorum
913 1943 1005 2012 qui
1032 1943 1099 1998 ab
1142 1942 1297 2015 initio
1325 1942 1435 1997 Deo
1468 1942 1785 2011 placuerunt

202 2046 338 2094 sunt
367 2036 604 2107 agmina,
633 2043 695 2089 ut
726 2049 825 2090 nec
847 2032 995 2103 pingi
1014 2048 1115 2087 nec
1138 2032 1465 2087 dinumerari
1483 2032 1692 2101 possint
1719 2033 1786 2088 ab

199 2125 334 2192 alio,
364 2125 470 2180 nisi
489 2125 558 2179 ab
591 2139 655 2179 eo
676 2123 732 2176 in
754 2120 905 2190 cujus
926 2121 1068 2176 libro
1088 2136 1275 2176 eorum
1304 2121 1504 2189 scripta
1524 2121 1787 2176 habentur

199 2217 445 2272 nomina.
473 2214 609 2269 Nam
632 2214 733 2268 sia
759 2227 817 2267 se
840 2212 1036 2282 prolati
1061 2211 1204 2266 idem
1239 2213 1524 2281 episcopus
1560 2212 1787 2265 anathe-

201 2306 372 2360 matis
400 2304 665 2372 iacturam
690 2302 863 2357 vitare
900 2301 1067 2371 cupit,
1096 2315 1319 2357 necesse
1344 2308 1428 2356 est
1457 2307 1516 2356 ut
1544 2300 1788 2356 omnium

202 2402 526 2451 sanctorum
550 2393 644 2461 qui
664 2408 761 2461 per
790 2393 1026 2447 diversas
1062 2393 1250 2448 mundi
1298 2400 1481 2461 partes
1519 2392 1588 2447 ab
1634 2392 1789 2446 initio

206 2486 327 2541 Deo
367 2486 702 2555 placuerunt,
735 2483 994 2554 imagines
1040 2492 1095 2539 et
1139 2484 1337 2538 habeat
1380 2491 1435 2538 et
1482 2484 1698 2550 adoret;
1735 2491 1790 2538 et

204 2575 257 2632 si
298 2590 393 2631 cas
430 2590 543 2644 prae
573 2574 915 2629 multitudine
946 2574 1029 2629 sui
1069 2574 1271 2629 habere
1316 2574 1635 2642 nequiverit,
1680 2573 1789 2628 imo

206 2665 343 2734 quia
399 2664 677 2734 nequibit,-
710 2680 742 2718 a
768 2678 845 2721 se-
869 2678 999 2735 ergo
1034 2663 1245 2734 prolato
1289 2663 1619 2719 anathemati
1655 2662 1791 2720 colla

207 2756 521 2812 submittat.

814 2825 1041 2883 CAPUT
1077 2825 1210 2881 VIII.

210 2918 380 2984 Quod
411 2935 539 2987 pene
567 2918 631 2971 de
659 2918 890 2987 omnium
908 2917 1013 2987 ﬁde
1054 2917 1354 2986 ambigitur,
1397 2932 1513 2987 cum
1536 2915 1792 2986 Spiritum

277 2986 529 3057 sanctum
553 2986 768 3057 quidam
796 3004 829 3040 a
859 2986 1019 3057 [iatre
1045 2994 1270 3057 tantum,
1319 2986 1675 3057 quidamivero
1704 3003 1793 3039 ne-

278 3074 382 3129 que
402 3074 434 3110 α
456 3054 618 3111 Patre
642 3073 803 3126 neque
823 3074 855 3111 a
876 3054 1018 3109 Filio
1042 3054 1400 3125 procedentem
1421 3056 1642 3125 confessi
1666 3057 1789 3109 sint.

280 3147 366 3201 Ex
404 3145 564 3201 Patre
592 3152 645 3199 et
696 3144 835 3200 Filio
877 3143 1137 3214 Spiritum
1183 3152 1428 3199 sanctum
1454 3146 1750 3213 procedere
1774 3184 1789 3210 ,

208 3244 478 3309 quantum
503 3235 694 3290 attinet
729 3236 1134 3290 adbrevitatem
1158 3233 1318 3302 hujus
1343 3234 1471 3305 styli
1500 3235 1587 3287 cui
1613 3234 1793 3290 stude-

206 3343 357 3393 mus,
388 3326 617 3381 Domino
643 3332 929 3390 annuente,
965 3324 1021 3378 in
1046 3324 1413 3394 superioribus
1433 3331 1795 3379 monstratum

208 3427 316 3474 est.
347 3418 486 3473 Nam
528 3434 654 3473 cum
694 3433 830 3488 pene
858 3432 1045 3473 omnes
1089 3419 1146 3472 in
1182 3418 1406 3489 praefata
1450 3419 1656 3489 synodo
1693 3419 1797 3473 hoc

209 3516 312 3561 aut
334 3509 553 3576 penitus
575 3513 865 3575 tacuerint,
901 3517 994 3564 aut
1036 3508 1284 3577 ambigue
1332 3496 1673 3577 protulerint,
1697 3524 1798 3564 nos

209 3599 385 3668 quasi
426 3598 673 3653 homines
710 3600 945 3654 humana
977 3598 1348 3654 imbecillitate
1388 3599 1795 3669 cogitationum,

207 3698 268 3744 et
301 3702 498 3743 eorum
537 3703 656 3757 qua:
680 3702 781 3750 nec
803 3689 1051 3744 audimus
1078 3702 1181 3743 nec
1207 3688 1434 3759 legimus
1458 3689 1650 3758 ignari,
1697 3701 1800 3743 nec

206 3794 415 3836 eorum
429 3777 553 3833 ﬁdei
579 3778 948 3835 testimonium
965 3779 1310 3847 perhibemus
1338 3781 1430 3848 qui
1451 3780 1556 3834 hoc
1583 3778 1798 3834 silentio

204 3867 627 3939 praeterierunt,
657 3881 760 3920 nec
796 3881 982 3920 eorum
1007 3867 1101 3934 qui
1143 3866 1390 3935 ambigue
1428 3867 1796 3934 protulerunt,

206 3974 318 4015 nec
364 3958 491 4013 ideo
540 3969 730 4012 eorum
771 3956 1143 4010 credulitatem
1182 3956 1495 4021 abnuimus,
1537 3956 1660 4026 quia
1698 3958 1802 4014 hoc

208 4054 513 4104 tacuerunt
548 4046 634 4101 vel
674 4046 923 4115 ambigue
944 4045 1300 4115 protulerunt.
1345 4046 1608 4113 Quoniam
1633 4048 1801 4117 quali-

208 4146 300 4192 ter
324 4144 552 4192 teneant
582 4135 875 4203 nescimus,
907 4137 1003 4191 sed
1025 4137 1166 4191 hanc
1199 4151 1313 4191 rem
1349 4147 1404 4192 et
1448 4137 1800 4195 indiscussam

211 4232 522 4301 praeterire,
570 4244 641 4284 ne
669 4230 748 4284 eis
784 4228 1010 4285 tacendo
1046 4243 1326 4285 assensum
1362 4232 1606 4300 praebere
1628 4232 1801 4290 videa-

211 4336 366 4386 mur,
392 4329 447 4375 et
476 4321 602 4388 quia
634 4336 742 4376 non
785 4327 1032 4390 patenter
1059 4319 1235 4375 elucet
1264 4322 1390 4391 quid
1414 4323 1561 4389 velit,
1600 4324 1800 4395 impro-

212 4412 357 4466 bare
397 4410 668 4475 timentes,
707 4410 850 4467 illius
881 4412 1116 4467 examini
1157 4425 1492 4469 reservamus
1518 4430 1677 4484 quem
1707 4431 1798 4472 oc—

217 4498 375 4553 culta
403 4512 513 4551 non
538 4496 744 4553 fallunt.
782 4500 991 4557 Scimus
1027 4501 1257 4571 denique
1304 4519 1398 4561 eos
1436 4505 1581 4559 haud
1613 4508 1803 4575 procul

213 4591 287 4645 ab
324 4602 520 4645 errore
547 4603 687 4657 esse,
714 4591 804 4661 qui
832 4593 879 4646 si
919 4594 986 4648 ab
1028 4576 1094 4648 eo
1125 4593 1245 4649 ideo
1287 4594 1635 4665 elongantur,
1676 4599 1803 4667 quia

212 4682 359 4735 bene
413 4679 481 4735 de
521 4681 625 4735 hac
668 4697 729 4736 re
760 4682 1025 4749 sentiunt,
1062 4683 1183 4739 ideo
1213 4691 1393 4739 tamen
1417 4686 1467 4740 ei
1516 4687 1803 4756 appropin-

216 4779 416 4840 quant,
467 4771 591 4840 quia
629 4773 772 4841 quod
807 4782 954 4829 recte
1019 4774 1257 4830 sentiunt
1295 4785 1443 4831 recte
1502 4774 1662 4831 fateri
1705 4792 1803 4832 ne-

219 4860 530 4927 glexerunt,
556 4858 701 4929 quod
740 4869 920 4917 autem
942 4872 1088 4918 recte
1114 4863 1274 4918 corde
1297 4864 1535 4919 creditur
1559 4862 1802 4932 addusti-

224 4951 384 5018 tiam,
409 4961 554 5009 recte
577 4968 672 5009 ore
698 4953 858 5010 debet
882 4955 1123 5025 proﬁteri
1143 4955 1211 5010 ad
1234 4955 1482 5012 salutem.

840 5042 1066 5100 CAPUT
1103 5044 1191 5100 IX.

224 5130 317 5219 De
331 5148 394 5219 eo
414 5136 545 5219 quod
572 5138 617 5190 si
645 5136 777 5219 forte
806 5136 995 5219 aliquis
1024 5154 1170 5219 error
1208 5138 1265 5219 in
1290 5137 1650 5219 Aprtefatorum
1693 5137 1801 5207 epi-

296 5218 578 5277 scoporum
619 5206 979 5277 sententiis'de
1012 5206 1346 5277 ﬁdeprolatis
1371 5207 1697 5261 indiscussus
1720 5206 1800 5259 re-

300 5274 587 5346 manserit,
601 5284 805 5345 propter
841 5274 1196 5346 difﬁcultatem
1219 5286 1267 5329 et
1298 5277 1651 5346 enormitatem
1692 5292 1802 5329 ser-

303 5341 477 5414 monis
528 5341 734 5414 illorum
790 5341 1113 5410 remanebit,
1168 5347 1257 5414 qui
1308 5344 1605 5414 plerumque
1655 5354 1802 5399 tanta

300 5412 525 5485 ignavia,
557 5413 751 5468 obsitus
774 5417 867 5485 ‘est
892 5455 907 5479 ,
930 5424 986 5485 ut
1006 5415 1131 5485 quid
1160 5412 1457 5485 signiﬁcare
1491 5412 1608 5466 velit
1655 5415 1802 5482 quive

298 5497 484 5537 sensus
510 5484 567 5537 in
592 5499 652 5537 eo
680 5484 1046 5554 intelligendus
1075 5484 1161 5548 sit,
1192 5484 1401 5536 minime
1421 5491 1615 5551 pateat.

294 5569 438 5627 Cum
467 5572 638 5627 multa
664 5573 1028 5628 elocutionum
1052 5573 1161 5631 sint
1197 5587 1412 5643 genera,
1443 5586 1607 5642 quaea
1634 5588 1806 5643 gram-

222 5661 443 5721 maticis
468 5663 584 5721 sive
619 5678 652 5716 a
695 5661 1006 5719 rhetoribus
1040 5664 1256 5734 copiose
1304 5679 1369 5721 ac
1411 5666 1560 5724 varie
1584 5666 1805 5726 tradun-

520 5775 797 5837 Punon.
835 5774 1121 5841 XCVIII.

1888 1842 2054 1896 divini
2091 1843 2241 1897 verbi
2285 1842 2483 1898 latores
2514 1846 2625 1899 nati
2674 1854 2765 1901 aut
2808 1852 3105 1906 conversati
3151 1852 3318 1910 fuisse
3364 1872 3463 1913 no-

1886 1938 2133 1997 scuntur,
2156 1932 2295 1987 sicut
2340 1934 2406 1988 de
2443 1935 2603 1989 beato
2633 1934 2866 1992 Jeremia
2905 1939 3263 2013 Hieronymus
3307 1947 3460 2014 dicit,

1886 2022 2029 2093 quod
2055 2023 2370 2094 simplicitas
2397 2029 2663 2083 sermonis
2690 2029 2756 2084 de
2778 2030 2894 2086 loco
2919 2034 2970 2087 ei
3001 2034 3238 2091 Anatoth
3278 2039 3334 2094 in
3352 2056 3463 2110 quo

1886 2124 2046 2169 natus
2073 2121 2155 2168 est
2188 2119 2495 2172 accesserit.
2539 2118 2780 2176 Disertus
2827 2138 2953 2193 ergo
2992 2133 3044 2180 et
3082 2144 3189 2182 non
3228 2131 3464 2200 sapiens,

1888 2203 2028 2258 sicut
2051 2204 2332 2274 gentilium
2372 2208 2691 2276 scriptorum
2718 2219 2817 2276 est,
2848 2215 2939 2282 qui
2970 2217 3072 2271 etsi
3093 2229 3350 2277 venustus
3378 2231 3465 2279 est

1887 2292 2245 2384 humanarum
2266 2296 2464 2352 artium
2485 2299 2803 2371 eruditione,
2843 2303 3099 2377 insipiens
3119 2318 3308 2369 tamen
3342 2321 3427 2371 est
3445 2358 3463 2384 ,

1890 2383 2016 2451 quia
2043 2392 2098 2438 et
2118 2385 2235 2439 veri
2274 2384 2370 2440 Dei
2404 2388 2595 2444 notitia
2616 2401 2672 2445 et
2697 2393 2972 2451 salutifera
3011 2409 3159 2455 caret
3208 2383 3467 2461 exhorta-

1889 2472 2057 2529 tione.
2084 2474 2179 2530 Est
2201 2484 2255 2530 et
2277 2480 2632 2546 quorumdam
2658 2484 3033 2544 haereticorum
3075 2508 3253 2549 sermo
3296 2497 3473 2553 diser-

1889 2572 1996 2631 tus,
2024 2580 2124 2623 nec
2149 2575 2329 2624 tamen
2357 2572 2589 2641 sapiens,
2618 2576 2711 2644 qui
2758 2579 2863 2633 etsi
2906 2580 3265 2639 humanorum
3313 2563 3472 2660 inge-

1889 2658 2105 2713 nierum
2139 2658 2405 2715 industria
2434 2671 2518 2717 est
2542 2665 2827 2734 expolitus,
2852 2671 3128 2740 sapientia:
3150 2658 3393 2732 veritate-
3415 2689 3478 2735 et

1888 2748 2154 2804 virtutum
2176 2750 2513 2807 documentis
2536 2762 2620 2808 est
2644 2758 2863 2811 omnino
2885 2762 3137 2818 nudatus.
3162 2766 3238 2820 De
3252 2768 3473 2827 disertis

1860 2855 2019 2899 ,vero
2046 2856 2148 2896 nec
2180 2848 2361 2896 tamen
2412 2844 2744 2913 sapientibus
2781 2862 2878 2916 per
2921 2850 3115 2907 Isaiam
3151 2858 3473 2925 prophetam
3546 2828 3555 2837 .

1860 2936 1865 2943 '
1894 2930 2090 2985 dicitur
2115 2946 2129 2985 :
2171 2932 2435 3003 Populum
2458 2936 2595 2989 enim
2615 2938 2992 3007 imprudentem
3022 2960 3123 2997 non
3143 2947 3357 3014 videbis,
3378 2967 3473 3020 po—

1894 3020 2074 3090 pulum
2095 3022 2191 3077 alti
2214 3027 2489 3093 sermonis,
2511 3027 2589 3081 ita
2607 3036 2665 3081 ut
2692 3045 2794 3083 non
2819 3034 2983 3101 possis
2999 3033 3285 3107 intelligere
3310 3040 3476 3096 diser-

1813 3122 1866 3186 c
1896 3111 2169 3165 titudinem
2197 3111 2390 3184 linguae
2434 3116 2550 3184 ejus
2575 3121 2632 3172 in
2659 3135 2763 3188 qua
2787 3120 2931 3175 nulla
2960 3132 3033 3176 est
3050 3126 3306 3197 sapientia
3334 3129 3473 3200 (Isa.

1899 3201 2114 3271 nam).
2138 3202 2250 3258 Nec
2270 3203 2503 3261 disertus
2513 3221 2642 3279 ergo
2664 3224 2764 3264 nec
2785 3213 2996 3280 sapiens
3016 3224 3117 3281 est,
3147 3218 3286 3272 sicut
3307 3220 3477 3289 pluri-

1896 3306 2111 3345 morum
2160 3294 2253 3361 qui
2292 3300 2496 3351 temere
2529 3298 2599 3353 ad
2634 3300 2883 3368 qutelibet
2931 3302 3167 3359 docenda
3214 3310 3479 3365 accedunt

1900 3388 2187 3450 antequam
2208 3383 2695 3443 sacratissimorum
2709 3405 2961 3446 sensuum
2984 3394 3208 3462 dapibus
3232 3397 3478 3456 reﬁcian-

1900 3478 1989 3524 tur
2014 3480 2069 3525 et
2095 3471 2414 3542 eloquentia:
2440 3480 2772 3535 ornamentis
2810 3481 3148 3549 imbuantur,
3172 3486 3257 3540 vel
3306 3489 3475 3547 etiam

1901 3571 1959 3620 ut
1991 3565 2147 3620 istius
2172 3567 2360 3636 synodi
2407 3568 2673 3639 scriptura
2704 3581 2807 3640 est,
2852 3571 3003 3641 cujus
3042 3590 3255 3633 errores
3296 3579 3478 3637 discu-

1902 3663 2014 3709 tere
2042 3654 2285 3721 nitimur,
2318 3657 2374 3711 in
2403 3657 2555 3727 cujus
2577 3665 2859 3718 sententiis
2898 3682 3001 3721 nec
3038 3683 3293 3725 sensuum
3323 3688 3478 3742 repe-

1900 3747 2040 3801 ritur
2072 3754 2324 3816 ornatus,
2382 3766 2484 3806 nec
2527 3768 2592 3806 ex
2639 3754 2958 3823 eloquentia:
2998 3755 3218 3813 ﬂumine
3260 3764 3479 3831 quidam

1901 3836 2181 3891 deducitur
2208 3838 2430 3894 rivulus.
2457 3840 2669 3894 Etcum
2699 3843 2875 3896 omnis
2897 3845 3163 3914 scriptura
3198 3848 3312 3902 aut'
3330 3854 3477 3908 culta

1901 3925 1972 3979 sit
1994 3934 2049 3980 et
2073 3934 2274 3995 aperta,
2307 3934 2400 3981 aut
2433 3927 2575 3980 culta
2602 3937 2658 3982 et
2684 3934 3034 3996 non'aperta,
3067 3943 3159 3987 aut
3182 3936 3385 3992 inculta
3421 3952 3479 3996 et

1900 4026 2107 4087 aperta,
2136 4026 2229 4073 aut
2260 4032 2359 4073 nec
2399 4019 2544 4073 culta
2594 4035 2693 4075 nec
2730 4029 2938 4090 aperta,
2991 4032 3047 4078 et
3101 4026 3217 4081 hsce
3267 4028 3478 4087 duabus

1899 4108 2091 4175 primis
2150 4110 2270 4165 istis
2307 4110 2589 4178 speciebus
2636 4118 2721 4165 est
2770 4111 2974 4179 aliena,
3025 4122 3079 4169 et
3132 4115 3340 4173 duabus
3390 4137 3477 4178 se-

1899 4201 2190 4269 quentibus
2211 4202 2431 4257 omnino
2445 4210 2714 4268 conserta,
2730 4203 2857 4272 quia
2877 4219 2979 4259 nec
2993 4219 3303 4263 sermonum
3326 4210 3475 4268 cultu

1900 4300 1995 4346 aut
2022 4293 2339 4363 eloquentize
2359 4294 2623 4349 cothurno
2642 4292 2922 4361 attollitur,
2953 4309 3053 4351 nec
3076 4298 3310 4366 puritate
3327 4317 3477 4372 aper-

1903 4392 1971 4441 tae
1993 4386 2280 4444 locutionis
2299 4388 2521 4454 texitur,
2551 4388 2695 4460 quod
2721 4390 2776 4443 in
2799 4388 2966 4444 altero
2988 4392 3058 4445 ob
3080 4391 3161 4445 sui
3184 4393 3479 4460 puritatem

1826 4464 1885 4526 D
1906 4477 1975 4531 ad
2017 4477 2416 4549 intelligendum
2452 4488 2783 4548 promoveat.
2829 4479 2941 4536 Nec
2977 4482 3120 4538 culta
3156 4492 3238 4538 est
3280 4491 3335 4539 et
3371 4500 3481 4541 non

1908 4577 2115 4657 aperta,
2151 4570 2277 4637 quia
2302 4586 2411 4624 non
2442 4570 2617 4640 longis
2640 4572 2877 4640 periodis
2912 4574 3220 4641 involvitur,
3255 4591 3364 4633 non
3385 4592 3480 4657 va-_

1910 4649 2008 4716 riis
2040 4661 2339 4729 topicorum
2361 4663 2806 4732 perplexitatibus
2839 4676 3150 4735 exornatur,
3187 4686 3289 4727 nec
3311 4649 3488 4728 labri:

1910 4752 1990 4807 eis
2018 4751 2446 4822 syllogismorum
2485 4756 2918 4816 conclusionibus
2942 4776 3009 4816 ex
3054 4761 3316 4817 industria
3367 4762 3482 4819 dia-

1909 4843 2116 4900 lecticae
2160 4845 2291 4900 artis
2314 4847 2651 4905 venientibus
2677 4858 2995 4907 catenatur:
3040 4865 3160 4918 quae
3204 4849 3385 4904 omnia
3423 4858 3483 4906 et

1906 4936 2053 4991 culta
2077 4943 2221 5002 sunt,
2251 4944 2435 5006 utpote
2454 4954 2575 5008 quae
2602 4942 2896 5008 sophiStico
2916 4938 3189 5006 poliuntur
3199 4938 3475 5008 cylindro;

1904 5034 2089 5081 etnon
2108 5035 2312 5096 aperta,
2334 5029 2460 5096 quia
2484 5043 2516 5082 a
2539 5029 2857 5097 simplicium
2876 5026 3137 5080 lectorum
3165 5030 3333 5083 sensu
3346 5043 3480 5098 pro-

1905 5117 1993 5173 cui
2025 5125 2232 5173 remota
2257 5119 2739 5175 eruditissimorum
2757 5120 3129 5173 tantummodo
3158 5135 3218 5175 se
3239 5121 3481 5177 inferunt

1906 5206 2139 5275 ingenio.
2177 5205 2283 5261 Sed
2319 5212 2627 5275 aut-aperta
2668 5212 2770 5266 est,
2808 5217 2927 5270 quae
2957 5206 3260 5261 eruditione
3286 5222 3481 5262 carens

1906 5298 2154 5352 omnibus
2180 5297 2478 5368 legentibus
2505 5296 2615 5346 sive
2636 5291 2977 5346 audientibus
3002 5303 3176 5363 patet;
3208 5303 3299 5349 aut
3327 5295 3480 5346 inor-

1911 5388 2089 5442 dinate
2107 5395 2159 5441 et
2184 5388 2452 5450 incompte
2486 5379 2709 5444 digesta,
2733 5383 2789 5428 et
2832 5368 3159 5437 soltiecismis
3210 5375 3479 5444 mutilata,

1909 5478 2259 5534 barbarismis
2279 5475 2548 5533 corrupta,
2590 5462 2797 5514 (imitaris
2836 5461 3107 5527 vitiorum
3140 5467 3337 5526 nubilis
3383 5465 3490 5521 ob-

3513 5359 3574 5403 ‘1.

1913 5571 2088 5636 ducta,
2115 5578 2169 5624 et
2195 5562 2459 5621 luculenta
2485 5552 2723 5605 oratione
2748 5564 2972 5617 carens,
3000 5570 3060 5616 et,
3091 5563 3275 5618 ordine
3302 5563 3504 5610 texen—

1910 5662 2102 5719 dorum
2135 5661 2392 5715 sensuum
2447 5639 2676 5707 exploso:
2707 5652 2804 5690 nec
2831 5639 3001 5701 culta
3030 5662 3119 5710 est
3143 5669 3240 5710 nec
3292 5645 3524 5712 aperta.

3052 5753 3139 5830 36‘
3512 5818 3547 5831 α
