4008 6154
544 5856 593 5890 \

565 294 693 365 1151
1448 283 1511 337 B.
1551 275 1804 336 CAROLI
1840 265 2061 327 MAGNI
2095 263 2245 324 OPP.
2279 263 2460 319 PARS
2495 263 2561 323 Il.
2602 261 2846 320 SECTIO
2880 258 2951 316 ll.
3658 253 3817 311 1152

560 421 790 486 [deoque
819 410 866 467 si
893 409 1030 466 forte
1076 403 1271 475 aliquis
1303 413 1455 454 error
1492 397 1548 451 in
1590 389 1872 450 sententiis
1909 387 1976 441 de
2025 382 2130 439 ﬁde
2156 386 2207 445 Α
2233 396 2461 451 sequens
2495 386 2550 434 et
2576 379 2796 434 vitanda
2818 376 3012 440 vitans,
3044 387 3154 429 non
3180 386 3302 429 eam
3323 369 3671 443 postmodum
3694 388 3823 444 pas-

559 464 782 584 pmlatis
819 464 1539 558 indiscussusremanserit,
1567 485 1653 539 his
1688 498 1718 535 a
1740 477 1894 535 nobis
1923 489 1981 531 se
2017 481 2137 528 tue-
2234 474 2407 528 nitere
2432 477 2723 534 constaret,
2763 467 2856 523 sed
2885 466 3140 537 quidquid
3166 464 3233 520 de
3276 466 3382 521 hac
3417 479 3477 519 re
3514 464 3704 534 plures
3730 478 3827 522 se-

1270 581 1321 584 ---
1445 578 1457 584 -
1725 571 1757 584 ..
1902 582 1912 584 _
1958 564 2105 584 194.9-
2244 562 2468 584 “una--.”
2529 558 2869 584 -......n..1:.....~.
2942 556 3326 584 =nnl=O--I:nnnm
3380 562 3566 584 ΙΔηΛιηι
3616 554 3827 584 nulla...

563 554 1081 659 quia
1119 599 1178 639 se
1213 581 1411 636 talibus
1444 571 1920 643 incompositarum
1947 564 2139 622 dictio-
2236 562 2473 618 cundum
2504 558 2873 629 .apostolicam
2942 556 3329 612 institutionem
3380 562 3567 610 tenere
3616 554 3831 613 vellent

564 646 702 751 iis;
969 646 1290 738 involucris;
1329 677 1383 725 et
1411 684 1441 722 a
1477 665 1634 721 nobis
1671 662 1793 716 ideo
1810 653 2138 727 deprehendi
2235 653 2512 718 Ecclesiae,
2537 652 2653 721 ipsa
2676 665 2888 721 quoque
2915 656 3160 713 teneret;
3199 655 3255 702 et
3279 662 3400 718 quae
3426 646 3674 716 pluribus
3691 663 3831 705 ωη,

565 738 826 850 ξξιῖιὶξίι,
843 773 970 844 quia
996 769 1176 824 adnos
1200 761 1509 822 difﬁcultate
1533 753 1802 813 sermonis
1820 747 1977 821 quasi
1998 758 2139 817 quo-
2239 743 2593 800 sentientibus
2628 741 2863 810 antiquis
2905 739 3332 796 institutionibus
3366 738 3538 803 obniti
3584 746 3831 799 tentaret

2251 840 2291 850 -.
2336 832 2581 850 μέμ---
2616 838 2788 850 _-_.-
2827 831 2885 850 ,ι
2914 829 3260 850 unum“--.
3303 827 3646 850 ---ιμεμηλ
3699 845 3789 850 --μ

568 827 890 938 Ξῖιῗρᾆὶίῖ)
909 861 1118 919 obsitus
1143 854 1380 913 advenit.
2241 840 2295 888 et
2324 832 2591 888 obstinata
2615 838 2793 886 mente
2824 831 2892 885 ab
2914 829 3264 884 universitate
3298 827 3646 884 ecclesiastici
3690 845 3828 886 cor—

1189 941 1417 1003 CAPUT
1463 938 1532 995 Χ.
2242 922 2391 993 poris
2416 936 2475 976 se
2503 921 2755 977 dirimere
2778 918 2955 983 vellet,
2994 918 3135 973 hanc
3163 917 3509 974 detestationi
3548 917 3827 978 multaret.

570 1047 874 1105 Ridiculose
896 1052 942 1099 et
962 1038 1229 1115 pueriliter
1246 1036 1451 1115 dictum
1472 1032 1527 1084 in
1550 1016 2147 1115 sententis
2245 1009 2380 1115 ἔξω)
2407 1011 2529 1115 quis
2551 1007 2702 1066 furor
2722 1017 2825 1074 est,
2853 1023 3039 1078 quaeve
3068 1008 3337 1064 dementia
3364 1016 3425 1064 ut
3467 1011 3628 1065 unius
3658 1014 3833 1082 partis

642 1092 1076 1187 ib'ri"£§i£é¢§si}
1096 1092 1367 1163 VMirabilis
1414 1104 1554 1156 Deus
1584 1099 1640 1152 in
1686 1094 1887 1176 sanctis
1902 1092 2060 1172 suis;
2094 1092 2151 1167 et

754 1187 782 1199 "
1048 1180 1134 1199 --εΑ
1172 1178 1252 1199 —--=
1285 1177 1336 1199 2-
1364 1182 1505 1199 ιιι-..η
1535 1176 1657 1199 κει-ηε
1704 1180 1817 1199 num
1846 1160 2151 1199 munﬁnamt

2282 1105 2490 1161 Ecclesia
2514 1118 2628 1159 rem
2648 1119 2767 1174 quae
2786 1118 2959 1173 neque
2979 1101 3046 1157 ab
3067 1102 3343 1173 apostolis,
3358 1118 3533 1174 neque
3553 1106 3621 1161 ab
3641 1121 3834 1161 eorum

645 1160 761 1175 ”ν”’
809 1160 1027 1187 'r"'"l"
1056 1160 1297 1191 '.'77777.7-
1737 1166 1747 1176 '
1902 1162 1913 1172 ⁸
1953 1160 1963 1170 ’
2094 1160 2122 1190 ι’
2312 1160 2315 1161 ν
2664 1160 2683 1174 ³
2873 1160 2891 1173 ⁸
3099 1160 3119 1173 ⁵
3328 1160 3341 1169 ”
3445 1160 3465 1174 ⁸
3690 1160 3695 1161 ⁷
3780 1160 3827 1161 i7

645 1187 908 1247 continuo,
939 1190 1139 1262 βίωςιιε
1165 1192 1340 1262 qm}?!
1364 1160 2151 1262 ῑὲἷῖἶξδᾞξξξμξῖ
2249 1196 2653 1253 successoribus
2706 1203 2906 1250 statuta
2956 1202 3073 1260 est,
3121 1194 3300 1249 nitens
3352 1202 3589 1253 statuere
3610 1237 3627 1262 ,
3669 1198 3834 1253 totius

645 1227 1348 1315 ἱῖιέιὶὶέζῖὀῖιῖἧῑᾰίὲεἚίεᾷέ
1398 1227 1535 1315 inter
1586 1227 1748 1301 illos;
1774 1244 2023 1303 tanquam
2065 1227 2150 1282 hic

646 1285 1890 1387 liiii‘éizli'iiiltl“;;§m“nauseant”
2252 1286 2437 1342 mundi
2468 1285 2738 1342 Ecclesias
2787 1292 3012 1342 conetur
3062 1286 3541 1352 anathematizam.
3592 1295 3647 1349 et
3678 1304 3835 1347 com-

881 1410 1025 1483 quod
1049 1377 1359 1463 Theodorus
1407 1377 1689 1471 episcopus
1711 1396 1813 1450 hos
1844 1392 1979 1446 duos
2005 1384 2156 1442 Psal-
2252 1378 2520 1483 pellantur
2549 1386 2643 1433 aut
2666 1377 2977 1448 apostolicis
3000 1377 3266 1433 institutis
3311 1378 3597 1445 contraire,
3629 1388 3725 1434 aut
3759 1380 3835 1436 ab

577 1468 1092 1567 misitc'versiculos
1144 1498 1216 1550 ita
1262 1468 1543 1560 interiecta
1602 1484 1867 1567 particula
1917 1477 2156 1535 adverbii
2256 1468 2365 1525 illis
2401 1469 2609 1539 prolato
2643 1470 2934 1524 vanissimo
2980 1469 3314 1524 anathemati
3360 1468 3677 1541 subiacere?
3728 1469 3839 1527 Sed

579 1602 842 1663 continuo,
868 1597 926 1650 in
954 1608 1119 1650 unum
1142 1588 1382 1661 prmum,
1404 1559 1566 1654 quasi
1595 1582 1732 1636 alter
1761 1560 1988 1632 merum
2012 1571 2158 1628 nulla
2257 1573 2382 1614 cum
2425 1559 3143 1663 illorumnementissimum
3191 1561 3477 1617 anathema
3509 1562 3607 1616 illis
3656 1564 3841 1632 potius

578 1648 1226 1758 intercapedinealiorum
1251 1648 1505 1731 versuum
1529 1668 1846 1740 interposita
1869 1666 2160 1732 subsequa-
2192 1662 2422 1758 “(illam
2463 1648 2620 1758 “Obi's
2636 1648 2917 1758 iacturam
2962 1650 3265 1719 impertiat,
3314 1651 3522 1707 dicente
3562 1651 3843 1722 Apostolo,

579 1738 923 1758 -..πηκτηη
966 1738 971 1739 ,
1672 1738 1690 1740 _

579 1792 689 1847 tur,
721 1795 841 1836 eum
870 1775 1117 1830 videlicet
1140 1771 1230 1825 hic
1251 1766 1547 1823 versiculus
1565 1777 1724 1834 quem
1747 1759 1893 1813 illum
1917 1753 2160 1809 continuo

2282 1739 2450 1840 Neque
2484 1738 2730 1847 maledici
2772 1757 2987 1811 regnum
3013 1739 3110 1794 Dei
3128 1741 3458 1811 possidebunt
3500 1740 3555 1814 (Ι
3589 1740 3708 1796 Cor.
3735 1739 3842 1815 γι),

581 1873 837 1945 subsequi
858 1872 1002 1934 dicit,
1021 1883 1129 1923 non
1151 1864 1324 1921 solum
1344 1860 1627 1918 confestim
1653 1871 1760 1911 non
1781 1853 2160 1918 subsequatur,

582 1966 679 2023 sed
700 1940 868 2021 etiam
894 1959 1063 2015 ferme
1084 1965 1210 2012 ante
1234 1952 1621 2025 quinquaginta
1643 1946 1898 2019 psalmos,
1913 1940 2001 1997 cui
2022 1943 2166 2008 post-

581 2058 803 2130 ponitur
822 2053 1130 2127 praecedere
1166 2054 1436 2109 noscatur,
1472 2058 1581 2099 non
1629 2041 1749 2095 ideo
1781 2035 1939 2091 nobis
1984 2042 2166 2103 repre-

585 2119 1006 2205 hendere-libuit
1031 2141 1174 2213 quod
1198 2138 1323 2194 fidei
1351 2134 1619 2206 quoddam
1641 2126 2009 2213 praeiudicium
2039 2119 2169 2176 affe-

585 2249 693 2306 rat,
724 2237 818 2294 sed
840 2236 965 2306 quia
1002 2212 1229 2290 ridiculo
1265 2230 1349 2285 sui
1381 2219 1779 2296 reprehensioni
1815 2212 2088 2306 subiaceat
2113 2219 2169 2265 et

585 2302 1103 2399 rep'rehendentibus
1138 2315 1415 2377 deridendi
1459 2310 1743 2369 materiam
1783 2302 2041 2365 conferat,
2075 2314 2169 2369 pa-

587 2429 805 2490 teatque
834 2417 996 2472 talem
1038 2413 1361 2481 scripturam
1390 2422 1499 2462 non
1524 2418 1643 2459 esse
1671 2401 1941 2462 idoneam,
1969 2403 2029 2450 ut
2056 2408 2171 2449 ma-

588 2528 693 2584 gna
719 2509 923 2577 absque
946 2516 1129 2559 errore
1153 2502 1403 2563 instruat,
1429 2510 1549 2565 quze
1576 2493 1632 2547 in
1653 2488 1837 2561 parvis
1863 2486 2069 2554 absque
2092 2482 2172 2537 vi-

589 2573 719 2675 gore
750 2573 964 2661 titubat,
996 2610 1097 2650 nec
1138 2593 1335 2647 habere
1376 2602 1495 2643 eam
1521 2586 1631 2639 vim
1663 2596 1750 2639 res
1783 2577 1975 2634 dubias
2022 2573 2168 2633 atlir-

590 2666 777 2750 inandi
802 2697 857 2746 et
893 2685 1192 2757 incognitas
1230 2678 1475 2743 docendi,
1503 2690 1622 2746 qua:
1666 2688 1773 2727 non
1817 2669 1982 2723 habet
2024 2666 2171 2735 inge-

591 2783 745 2841 nium
773 2795 862 2836 res
909 2755 1243 2832 nonvdubias
1285 2766 1542 2825 narrandi
1570 2772 1624 2819 et
1655 2770 1811 2820 notas
1842 2755 2169 2830 proferendi.

592 2872 871 2945 Quomodo
899 2884 1029 2940 ergo
1052 2866 1197 2921 illius
1240 2862 1430 2934 synodi
1461 2858 1659 2929 poterit
1700 2854 1867 2923 recipi
1906 2848 2169 2913 doctrina,

591 2942 744 3035 cujus
772 2963 828 3017 in
855 2966 936 3015 tot
964 2957 1096 3014 locis
1133 2950 1544 3024 reprehenditur
1568 2942 1881 3015 scriptura?
1906 2949 1999 2995 aut
2035 2951 2172 3006 quo-

593 3027 755 3115 modo
778 3069 902 3109 cum
927 3048 1139 3106 caeteris
1161 3043 1506 3117 synodalibus
1541 3056 1574 3095 a
1597 3037 1801 3095 sanctis
1823 3032 2067 3104 patribus
2096 3027 2176 3083 di-

595 3148 765 3223 gestis
785 3145 872 3201 vel
900 3140 1165 3211 susceptis
1186 3135 1404 3206 scriptis
1430 3130 1706 3193 societatis
1731 3124 1931 3199 poterit
1952 3118 2179 3190 adipisci

597 3209 934 3312 dignitatem,
981 3209 1101 3303 quae
1137 3244 1326 3286 earum
1357 3238 1612 3282 sensuum
1654 3229 1710 3278 et
1732 3218 2019 3274 verborum
2041 3209 2180 3281 fugit

596 3308 951 3391 societatem?
987 3325 1097 3381 Illa:
1139 3322 1285 3378 enim
1326 3320 1381 3375 in
1418 3317 1564 3373 nullo
1594 3310 2087 3386 reprehenduntur,
2127 3308 2184 3357 et

599 3425 725 3483 ideo
764 3422 821 3478 in
865 3418 1112 3476 omnibus
1161 3413 1569 3483 suscipiuntur:
1621 3409 1740 3464 haec
1780 3418 1909 3461 vero
1954 3398 2081 3470 quia
2124 3394 2184 3452 in

597 3513 787 3572 multis
816 3508 1243 3581 reprehenditur,
1270 3519 1379 3561 non
1397 3501 1670 3559 immerito
1686 3511 1825 3570 pene
1851 3494 1908 3550 in
1933 3488 2183 3547 omnibus

600 3602 937 3674 repudiatur.

1208 3681 1433 3748 CAPUT
1482 3681 1577 3739 XI.

607 3779 761 3852 Quod
785 3775 1040 3852 inutiliter
1059 3781 1107 3828 et
1133 3774 1340 3852 incaute
1365 3771 1537 3852 Gnaei
1558 3755 2186 3852 Ecclesiom_eqtitplimni

678 3848 1120 3906 anathematizare
1165 3844 1339 3913 conati
1373 3825 1477 3896 sint
1521 3842 1577 3893 in
1623 3848 1802 3913 eorum
1851 3825 2079 3913 δερηοάρἸ
2124 3842 2186 3880 eo

674 3897 1208 3994 ⁷ἷιιιιιῇιιέιςιιοιι
1242 3912 1443 3994 crderet,
1487 3923 1602 3988 cum
1628 3903 1803 3985 utique
1823 3897 1968 3971 prius
1989 3897 2185 3994 delige-

676 3968 1272 4048 1n'wntwonini‘itoscrutari
1302 3968 1441 4053 quid
1454 3968 1864 4053 uniuscujusque
1887 3969 2053 4041 partis
2086 3968 2187 4020 Ec—

674 4045 835 4118 clesia
860 4060 925 4114 de
956 4057 1054 4110 hoc
1077 4071 1237 4109 causa
1265 4045 1454 4107 sentire
1478 4045 1644 4100 vellet.

674 4148 1070 4211 Ecclesiasticae
1105 4146 1250 4202 tubae
1284 4136 1594 4212 praedicatio
1626 4134 1858 4200 intonat,
1876 4136 2190 4203 peccantem

606 4248 835 4304 fratrem
868 4240 1043 4311 primo
1066 4237 1206 4295 clam
1229 4230 1658 4301 corripiendum;
1689 4227 1783 4297 qui
1804 4226 1851 4282 si
1880 4225 2067 4283 audire
2094 4236 2191 4277 no~

608 4336 773 4394 luerit
791 4373 810 4400 ,
854 4310 1099 4388 seorsum
1145 4322 1402 4383 adhibitis
1451 4320 1710 4377 fratribus
1749 4318 1836 4374 vel
1883 4310 2189 4385 corrigendi

610 4425 809 4491 studio,
829 4422 915 4478 vel
943 4414 1305 4478 conveniendi.
1328 4413 1636 4470 testimonio
1664 4406 2034 4467 admonendus
2063 4411 2145 4458 est
2169 4418 2184 4469 ;

612 4518 709 4592 qui
740 4517 788 4574 si
812 4524 869 4573 et
890 4515 1015 4571 illos
1037 4512 1224 4569 audire
1256 4507 1669 4579 contempserit,
1716 4510 1848 4555 tunc
1890 4498 2074 4557 multis
2103 4510 2190 4551 res

610 4590 941 4667 notescenda
962 4612 1066 4672 est,
1097 4612 1159 4660 ut
1186 4598 1530 4658 detestationi
1555 4609 1678 4650 eum
1716 4592 1967 4655 habeant,
2009 4599 2073 4647 et
2098 4590 2192 4660 qui

611 4700 861 4773 neglivit
894 4696 1094 4756 salvari
1118 4692 1344 4767 pudore,
1385 4688 1565 4744 saltim
1590 4683 1894 4753 opprobriis
1914 4682 2186 4748 salvetur;

612 4794 707 4868 qni
736 4794 785 4852 si
808 4807 984 4865 neque
1009 4787 1305 4849 multorum
1339 4778 1694 4835 admonitioni
1731 4792 2015 4835 assensum
2048 4793 2190 4849 pm.

611 4887 823 4957 buerit,
864 4884 1206 4942 ethnicorum
1248 4873 1364 4927 sive
1402 4869 1811 4941 publicanorum
1852 4885 2003 4924 more
2046 4870 2192 4924 dcte-

613 4978 842 5045 stantius
882 4981 989 5033 est.
1022 4966 1121 5025 Cui
1149 4959 1517 5033 praedicationi
1543 4974 1652 5013 non
1682 4957 2027 5014 mediocriter
2072 4958 2193 5013 illo-

613 5082 738 5131 rum
784 5061 1033 5123 Ecclesia
1071 5051 1342 5110 contraire
1381 5049 1593 5107 videtur
1636 5064 1756 5119 quae
1798 5049 1965 5105 totius
2005 5048 2193 5104 mundi

615 5159 889 5220 Ecclesias
902 5150 1213 5221 priusquam
1234 5159 1385 5201 more
1408 5142 1773 5201 ecclesiastico
1790 5158 1888 5213 per
1906 5143 2193 5214 epistulare

614 5249 892 5321 eloquium
920 5237 1246 5299 consulendo
1274 5237 1389 5293 sive
1409 5237 1699 5294 scrutando
1717 5238 2040 5308 alloquatur,
2061 5224 2194 5310 pra:-

618 5336 915 5411 sumptive,
933 5333 1049 5390 sive
1078 5333 1313 5399 incaute,
1331 5330 1791 5388 anathematizare
1821 5344 2065 5389 conatur.
2097 5333 2200 5388 De-

619 5441 814 5505 pucrat
846 5431 996 5490 enim
1030 5428 1095 5485 ad
1138 5424 1634 5495 circumiacentium
1664 5426 2060 5495 provinciarum
2094 5427 2198 5482 Ec-

620 5529 817 5589 clesiae
854 5522 1177 5594 legationem
1210 5517 1593 5573 seiscitativam
1630 5514 1825 5579 facere,
1858 5529 2036 5571 utrum
2068 5517 2203 5571 imae

623 5620 778 5685 gines
821 5614 1038 5671 adorari
1089 5618 1184 5667 aut
1225 5624 1334 5665 non
1379 5608 1594 5665 adorari
1629 5608 1905 5672 deberent,
1934 5615 2012 5676 ut,
2044 5605 2199 5676 juxta

626 5701 906 5786 enim
922 5701 1181 5781 sapientis
1199 5713 1409 5767 vocem,
1428 5713 1527 5779 per
1555 5699 1837 5757 consilium
1856 5708 1913 5759 et
1932 5702 2198 5776 sequenda

2268 1829 2431 1884 etiam
2459 1829 2503 1883 si
2532 1831 2927 1899 quodammodo
2952 1830 3144 1887 laedere
3175 1840 3374 1901 posset,
3404 1830 3736 1887 tolerabilius
3757 1846 3852 1888 no-

2265 1922 2351 1977 bis
2374 1930 2520 1978 esset
2545 1922 2674 1977 illud
2697 1925 2903 1993 perpeti
2928 1939 3089 2000 quam
3122 1924 3488 1994 apostolorum
3529 1924 3646 1980 sive
3691 1931 3857 1981 caste-

2268 2028 2455 2069 rorum
2483 2024 2793 2070 sanctorum
2825 2015 3045 2070 Patrum
3068 2016 3286 2073 monitis
3308 2016 3496 2082 obniti,
3528 2016 3732 2086 quippe
3765 2013 3861 2085 qui

2270 2120 2394 2160 cum
2420 2103 2667 2161 Susanna
2701 2105 2949 2172 dicimus,
2985 2104 3174 2159 Melius
3198 2117 3274 2160 est
3301 2105 3527 2159 incidere
3567 2106 3625 2158 in
3663 2120 3866 2159 manus

2270 2195 2558 2261 hominum,
2591 2213 2746 2267 quam
2772 2195 3119 2263 derelinquere
3143 2193 3305 2260 legem
3332 2191 3432 2243 Dei
3468 2193 3637 2247 nostri
3679 2193 3872 2262 (Dan.

2270 2289 2416 2361 xm),
2439 2297 2492 2342 et
2512 2287 2743 2356 pastoris
2770 2282 3022 2339 Ecclesia:
3044 2280 3223 2337 verbis
3258 2277 3612 2350 perdocemur
3637 2279 3879 2336 obedire

2272 2391 2503 2450 oportere
2523 2377 2629 2430 Deo
2663 2375 2831 2444 magis
2869 2388 3027 2444 quam
3067 2370 3363 2431 hominibus
3404 2368 3543 2440 (Act.
3577 2366 3659 2440 γ).
3702 2366 3875 2424 Sicut

2270 2472 2410 2527 enim
2446 2470 2664 2527 cuilibet
2691 2468 2892 2525 civium
2929 2467 3043 2522 sive
3073 2462 3335 2536 principis
3369 2460 3631 2518 societate
3656 2458 3874 2531 τωθῃή

2268 2578 2302 2619 a
2325 2559 2596 2617 seditiosis
2621 2558 2945 2628 quihusdam
2972 2556 3065 2627 qui
3086 2560 3277 2610 contra
3302 2550 3601 2622 principem
3628 2560 3682 2611 et
3708 2551 3875 2608 cives

2269 2660 2455 2726 agunt.
2501 2649 2837 2707 tolerabilius
2870 2656 2953 2704 est
2983 2648 3050 2703 ab
3091 2645 3197 2702 illis
3226 2645 3375 2703 illata
3403 2642 3647 2701 convicia
3689 2645 3872 2700 susti-

2272 2760 2425 2810 nere,
2474 2758 2637 2813 quam
2678 2757 2804 2797 cum
2842 2741 2921 2798 eis
2962 2740 3016 2795 in
3054 2737 3371 2794 seditionem
3414 2734 3748 2804 conspirare,
3784 2735 3869 2790 ita

2274 2838 2531 2896 nimirum
2560 2834 2901 2892 tolerabilius
2919 2832 3074 2890 nobis
3099 2838 3203 2896 est,
3242 2828 3441 2885 abillis
3467 2827 3740 2883 exsecrari
3764 2827 3865 2896 qui

2276 2930 2441 2991 etiam
2467 2942 2595 2983 suos
2616 2932 2872 2996 parentes
2901 2922 3171 2980 exsecrari
3202 2935 3315 2977 non
3352 2919 3662 2984 formidant,
3696 2934 3865 2987 quam

2279 3032 2403 3073 cum
2438 3017 2546 3072 illis
2579 3031 2669 3070 res
2690 3016 2992 3070 insensatas
3018 3017 3206 3067 contra
3231 3010 3531 3066 divinarum
3556 3008 3860 3080 Scriptura-

2200 3089 2251 3154 α
2282 3122 2403 3164 rum
2446 3106 2693 3162 instituta
2735 3105 2981 3158 adorare.
3015 3101 3329 3158 Exsecratio
3356 3116 3587 3171 namque
3625 3100 3740 3156 sine
3777 3115 3859 3153 ra-

2281 3201 2446 3264 tione,
2476 3206 2530 3255 et
2550 3199 2630 3253 ira
2659 3196 2777 3252 sine
2806 3202 3093 3266 potestate,
3118 3202 3174 3250 ct
3198 3193 3470 3250 damnatio
3499 3195 3615 3250 sine
3641 3194 3859 3250 auctori

2285 3300 2415 3359 tate,
2442 3297 2704 3361 quantum
2732 3304 2825 3345 eos
2862 3295 3051 3343 contra
3086 3303 3222 3358 quos
3259 3287 3470 3342 inhiant
3515 3287 3735 3342 minime
3777 3286 3862 3342 lae.

2281 3382 2435 3448 dunt,
2476 3389 2627 3434 tanto
2652 3388 2901 3433 auctores
2929 3393 3055 3434 suos
3082 3377 3378 3447 majoribus
3406 3378 3574 3433 tardiis
3601 3376 3872 3441 alliciunt,

2282 3482 2338 3530 et
2361 3473 2532 3543 magis
2569 3470 2782 3526 desides
2821 3478 2877 3525 et
2918 3469 3258 3540 impatientes
3304 3485 3420 3525 esse
3462 3467 3711 3538 produnt.
3750 3465 3871 3523 Nisi

2281 3579 2412 3636 ergo
2444 3578 2539 3619 eos
2562 3570 2772 3618 vetusta
2796 3561 3064 3633 pernicies
3092 3569 3147 3617 et
3170 3562 3391 3633 antiqua
3416 3560 3549 3627 lues,
3583 3561 3693 3616 dux
3727 3574 3861 3614 mor-

2283 3658 2374 3724 tis,
2407 3656 2563 3712 radix
2584 3655 2869 3722 malorum,
2900 3670 3020 3725 quae
3055 3660 3109 3710 et
3147 3654 3367 3726 angelos
3400 3656 3470 3709 ab
3513 3654 3868 3708 aethereorum

2284 3749 2484 3804 civium
2511 3748 2786 3810 societate,
2818 3754 2871 3800 et
2900 3745 3145 3800 homines
3173 3761 3203 3799 a
3236 3743 3499 3815 ﬂorigerze
3524 3744 3670 3800 sedis
3696 3743 3871 3813 digni-

2288 3846 2400 3895 tate
2428 3838 2652 3908 expulit,
2679 3836 2912 3892 stimulis
2940 3851 3052 3892 suae
3080 3836 3335 3905 nequitiae
3365 3834 3748 3902 inflammaret,
3776 3849 3873 3889 nec

2287 3929 2552 4003 synodum
2596 3929 2664 3984 ob
2709 3928 3010 3984 adorandas
3061 3926 3324 3998 imagines
3371 3926 3492 3982 sine
3534 3925 3869 3982 conhibentia

2286 4024 2641 4096 plurimarum
2672 4017 3058 4077 catholicarum
3096 4026 3153 4073 et
3191 4018 3301 4074 Deo
3346 4017 3582 4077 fidelium
3609 4016 3872 4074 Ecclesia-

2288 4130 2444 4181 rum,
2493 4121 2835 4184 aggrcgatam
2873 4108 3232 4173 universalem
3272 4111 3553 4168 nominare
3596 4115 3868 4173 curarent,

2290 4220 2392 4262 nec
2414 4211 2494 4259 tot
2517 4208 2800 4272 tantasque
2819 4199 3087 4255 Ecclesias
3109 4213 3229 4269 quae
3250 4199 3436 4270 utique
3454 4214 3652 4270 corpus
3677 4196 3872 4255 Christi

2291 4303 2437 4362 sunt,
2473 4303 2585 4351 tam
2620 4293 2912 4349 insolenter
2945 4291 3410 4349 anathematizare
3453 4291 3732 4357 auderent,
3777 4304 3873 4345 nec

2292 4406 2475 4448 rerum
2499 4390 2896 4445 insensatarum
2921 4385 3190 4442 culturam
3215 4393 3272 4440 et
3295 4384 3668 4440 adorationem
3689 4390 3874 4440 contra

2292 4483 2600 4540 divinarum
2647 4479 2860 4549 apicum
2893 4478 3284 4543 institutionem
3311 4485 3551 4533 statuere
3581 4482 3869 4533 tentarent.

2294 4574 2464 4632 Nemo
2511 4573 2669 4638 enim,
2723 4569 2800 4624 ait
2845 4567 3164 4639 Apostolus,
3212 4569 3269 4623 in
3300 4569 3482 4640 spiritu
3511 4565 3614 4618 Dei
3654 4564 3870 4633 [aqum

2293 4668 2421 4723 dicit
2446 4667 2723 4720 anathema
2746 4662 2875 4718 Jesu
2899 4660 2952 4734 (Ι
2977 4659 3099 4716 Cor.
3127 4659 3247 4733 xu).
3275 4657 3418 4715 Unde
3440 4654 3739 4711 cavendum
3760 4660 3867 4720 est,

2292 4775 2363 4814 ne
2392 4760 2519 4813 dum
2548 4755 2843 4811 Ecclesiam
2872 4767 2991 4822 quae
3017 4759 3101 4808 est
3125 4764 3315 4823 corpus
3337 4744 3535 4804 Christi
3564 4744 3875 4803 inconsulte

2293 4860 2349 4909 et
2374 4852 2586 4905 incaute
2606 4844 3063 4903 anathematizare
3086 4840 3449 4917 nituntur,illi
3462 4839 3555 4912 qui
3573 4836 3693 4907 ejus
3710 4845 3877 4908 caput

2301 4949 2385 4998 est
2429 4937 2680 5007 injuriam
2726 4935 2924 5001 inferre
2958 4937 3259 4992 videantur.
3308 4933 3480 5003 Tanta
3524 4931 3710 5001 itaque
3742 4929 3875 4985 dile-

2300 5030 2479 5087 ctione
2502 5029 2604 5084 sibi
2629 5026 2874 5083 Christus
2897 5026 3192 5083 Ecclesiam
3220 5023 3432 5090 ascivit,
3461 5031 3521 5079 ut
3549 5020 3875 5092 inseparabi-

2299 5123 2422 5179 liter
2445 5122 2513 5186 ei,
2558 5126 2743 5189 utpote
2771 5126 2931 5190 caput
2953 5119 3183 5188 corpori,
3222 5116 3589 5187 praeemineat,
3624 5120 3683 5168 et
3707 5111 3799 5167 illa
3824 5111 3874 5166 ei

2298 5213 2581 5288 perpetim,
2617 5219 2801 5282 utpote
2826 5227 3022 5281 corpus
3053 5209 3215 5280 capiti
3246 5208 3543 5271 cohtereat,
3582 5212 3644 5261 ut
3672 5217 3876 5273 nequa-

2300 5321 2462 5379 quam
2489 5304 2701 5375 corpori
2731 5310 2825 5359 aut
2850 5301 3044 5371 iniuria
3078 5310 3171 5356 aut
3195 5295 3610 5356 honoriﬁcentia
3634 5293 3879 5350 exhibea-

2299 5407 2392 5455 tur
2424 5399 2565 5469 quod
2610 5412 2718 5453 non
2748 5396 2815 5450 ad
2858 5401 3017 5463 caput
3062 5390 3349 5447 referatur.
3384 5388 3639 5444 Ecclesiae
3681 5383 3879 5441 etenim

2300 5490 2731 5562 persecutionem
2761 5501 2790 5539 a
2819 5483 3016 5540 ludatis
3042 5483 3243 5538 illatam
3272 5496 3426 5535 suam
3457 5478 3710 5535 Christus
3736 5472 3880 5530 refe-

2301 5587 2474 5649 rebat,
2507 5598 2629 5645 cum
2672 5579 2853 5649 rapaci
2884 5579 3008 5648 lupo
3036 5577 3217 5641 Saulo,
3244 5574 3472 5630 necdum
3505 5570 3696 5635 Paulo,
3725 5576 3883 5622 mane
3924 5630 3929 5639 ‘

2300 5678 2538 5763 praedam
2564 5675 2620 5737 in
2644 5671 2999 5741 vastationem
3019 5667 3277 5733 Ecclesiae
3294 5662 3624 5735 comedenti,
3655 5668 3885 5741 vespere
