4008 6154
356 292 393 305 νε.

140 333 293 392 ,1156

916 322 1096 380 LIBRI
1130 316 1472 380 CAROLINL
1511 344 1584 356 —
1614 314 1838 373 CAPET.
1878 318 1965 374 DE
2004 318 2195 377 IMAG.
2233 347 2308 363 --—
2342 319 2473 377 LIB.
2514 320 2604 378 Ill.

3250 336 3390 394 i135

143 447 321 521 spolia
344 444 398 501 εη
422 440 772 501 saluberrima
796 435 1178 508 praedicatione
1216 434 1327 488 sive
1367 428 1717 521 cpistolarum
1741 428 1793 491 Α
1819 430 2087 486 suetudo?
2120 430 2208 487 vel
2244 437 2307 484 tu
2332 427 2626 486 fortissima
2643 432 2797 495 furiis
2821 435 2935 493 sive
2954 442 3162 497 cunctis
3185 443 3392 505 levibus

145 518 402 597 missione
426 533 680 594 divisuro,
732 528 984 584 dicebat:
1026 522 1209 587 Saule,
1242 519 1437 585 Saule,
1476 518 1599 589 quid
1641 533 1721 575 me

143 625 462 698 persequeris
496 623 633 693 (Act.
665 619 791 691 ix)?
827 616 949 671 Non
995 615 1137 685 quod
1168 612 1257 666 ille
1285 610 1562 665 Christum
1603 621 1723 677 per-

143 728 463 789 sequeretur
486 716 541 770 in
574 712 817 771 :etheriis
838 709 1049 765 arcibus
1071 712 1404 776 regnantem,
1426 700 1523 755 sed
1542 698 1723 754 Eccle-

144 807 280 864 siam
305 806 425 878 jam
460 814 590 861 tunc
617 802 966 875 pullulantem
987 807 1042 853 et
1061 797 1116 851 in
1149 794 1311 864 hujus
1343 791 1523 848 saeculi
1547 789 1724 846 horri-

140 901 295 957 sonis
327 900 582 956 ﬂuctibus
617 898 949 951 natitantem.
980 890 1227 947 Christus
1252 901 1380 958 ergo
1417 886 1475 943 in
1497 896 1723 953 tmpore

138 1005 264 1057 suo,
293 991 441 1061 quod
483 996 569 1044 est
610 986 865 1048 Ecclesia,
910 983 1073 1038 etiam
1108 995 1253 1037 nunc
1295 974 1724 1048 persecutionem

138 1083 399 1149 sustinet,
449 1096 555 1137 non
600 1079 814 1148 quidem
853 1074 1236 1144 corporaliter,
1284 1079 1344 1127 ut
1387 1069 1587 1125 dudum
1623 1081 1726 1137 pro

138 1174 334 1230 mundi
359 1173 547 1237 salute,
581 1169 676 1225 sed
712 1168 945 1239 quadam
970 1165 1190 1235 pietatis
1212 1159 1578 1250 ηξξςεωξοηθ,
1615 1173 1725 1229 qua

137 1280 369 1322 suorum
396 1263 776 1323 membrorum,
814 1258 867 1313 id
894 1266 995 1322 est,
1022 1240 1265 1312 ﬁdelium?
1285 1240 1571 1307 in'u'uitate
1597 1265 1724 1304 san-

137 1365 238 1414 ctae
275 1356 530 1412 Ecclesia:
564 1351 1021 1411 commanentium
1064 1362 1276 1417 semper
1309 1346 1614 1408 miseretur,
1656 1342 1725 1397 de

139 1445 335 1516 quibus
367 1452 485 1501 erat
515 1444 605 1499 ille
627 1442 723 1512 qui
756 1441 1010 1496 dicebat:
1050 1437 1264 1494 Gaudeo
1301 1437 1357 1490 in
1392 1432 1723 1504 passionibus

137 1539 287 1603 meis,
314 1538 439 1609 quia
461 1535 640 1607 expleo
668 1552 731 1590 ea
755 1550 873 1605 quin
892 1533 1078 1588 desunt
1113 1531 1418 1602 passionum
1443 1526 1639 1583 Christi
1668 1524 1725 1578 in

138 1643 295 1682 carne
315 1644 433 1682 mea
457 1635 666 1696 propter
690 1641 876 1693 corpus
900 1623 1015 1693 ejus
1050 1620 1190 1691 quod
1213 1628 1289 1674 est
1318 1615 1556 1671 Ecclesia
1586 1611 1726 1684 (Co-

137 1717 265 1774 loss.
298 1717 373 1788 t).
406 1717 557 1773 Hanc
581 1716 908 1784 passionem,
936 1727 1098 1783 quam
1140 1710 1388 1767 Christus
1421 1709 1478 1763 in
1522 1706 1723 1763 sanctis

1822 523 2185 580 incitamentis
2221 523 2440 579 inimica
2484 526 2785 594 patientia?
2818 529 2932 593 me
2976 533 3261 592 abieratis?
3287 555 3393 608 quo

1821 612 2219 679 discesseratis,
2262 630 2387 671 cum
2425 622 2535 669 tam
2580 616 2822 673 incautas
2857 625 3068 689 tamque
3112 640 3394 694 perversae

1821 702 2236 758 constitutiones
2258 719 2290 757 a
2340 711 2417 758 tot
2460 706 2828 760 sacerdotibus
2865 714 3069 775 patrari
3111 713 3390 788 videretis,

1823 805 1948 847 cum
1980 790 2239 847 Ecclesia:
2275 799 2358 853 tot
2385 795 2787 853 anathematum
2816 798 3029 855 vincula
3054 800 3253 860 inferre
3274 824 3383 866 cer.

1820 881 2066 939 neretis?
2102 881 2212 938 Cur
2232 898 2340 941 non
2368 885 2551 940 saltim
2583 887 2638 941 in
2669 888 2877 945 duobus
2910 890 2993 944 vel
3018 892 3191 950 tribus
3218 896 3384 967 hospi»

1822 975 1956 1030 tium
1993 974 2303 1031 habuistis?
2337 974 2447 1033 Cur
2475 991 2663 1034 omnes
2690 981 3007 1049 sprevistis‘l
3042 983 3154 1039 Cur
3186 991 3381 1057 cuncti;

1823 1073 2061 1122 vestram
2089 1067 2391 1122 absentiam
2424 1071 2793 1137 przesentastis
2810 1071 2835 1123 ?
2870 1071 2979 1126 Cur
3009 1091 3117 1130 non
3137 1091 3231 1132 eos
3249 1096 3281 1134 a
3314 1092 3378 1143 to.

1823 1158 1981 1228 nugis
2002 1157 2170 1214 vestri
2194 1159 2578 1214 moderaminis
2615 1162 3018 1229 compescuistis
3054 1167 3264 1225 l‘ranis?
3283 1171 3379 1232 6hr

1823 1263 1934 1305 non
1975 1261 2007 1303 a
2035 1255 2117 1303 tot
2149 1246 2519 1304 deliramentis
2543 1254 2736 1304 vestrae
2773 1250 3048 1306 industriae
3088 1260 3375 1323 coercuitis

1823 1335 2090 1393 habenis?
2127 1336 2452 1393 Stimulante
2477 1351 2710 1407 namque
2732 1336 2995 1406 iactantia
3021 1340 3134 1396 sive
3168 1354 3373 1413 vesica

1825 1426 1999 1482 laudis
2021 1427 2280 1497 appetitu,
2305 1435 2361 1482 et
2383 1426 2688 1482 ministram
2709 1442 2884 1493 suam,
2911 1428 3023 1484 oris
3050 1429 3299 1488 videlicet
3318 1432 3368 1489 ἰ..

1825 1520 2234 1585 continentiam,
2281 1528 2467 1575 contra
2512 1534 2611 1575 nos
2652 1528 3013 1589 pugnaturam
3059 1522 3367 1592 impellente

1825 1627 1945 1683 quae
1972 1612 2154 1667 omnia
2189 1617 2251 1666 ut
2275 1619 2471 1665 cetera
2494 1611 2758 1665 malorum
2796 1611 3032 1667 fomenta
3067 1629 3175 1670 non
3217 1614 3407 1672 incon-

1825 1715 1960 1771 grue
1993 1710 2194 1757 nostra:
2222 1700 2463 1770 legiones
2506 1708 2783 1766 respuunt,
2810 1702 2878 1755 ab
2902 1701 2982 1755 eis
3020 1703 3405 1772 abscessimus,

136 1810 256 1869 suis
274 1784 523 1871 sustinet,
538 1806 707 1862 David
728 1804 1104 1875 praeﬁgurabat
1126 1817 1251 1859 cum
1270 1801 1510 1857 dicebat:
1537 1799 1719 1854 Adhuc
1746 1784 1799 1846 Β
1822 1800 1879 1848 et
1896 1793 2039 1861 apud
2058 1808 2151 1849 eos
2174 1793 2388 1849 tandem
2411 1792 2673 1861 hospitari
2694 1792 3048 1861 nequivimus,
3064 1809 3198 1863 quos
3217 1798 3409 1855 talium

137 1896 331 1955 ludant
355 1906 405 1952 et
430 1898 583 1953 uilior
604 1896 861 1967 apparebo
899 1893 988 1966 (11
1014 1893 1141 1963 Reg.
1170 1892 1278 1964 vi),
1317 1892 1442 1962 quia
1489 1891 1617 1949 dum
1664 1903 1727 1947 se

139 1990 438 2047 humilians
481 2003 651 2058 usque
693 1988 761 2043 ad
808 1995 1036 2042 mortem
1083 1985 1152 2043 ad
1196 1984 1374 2040 crucis
1416 1982 1725 2053 perveniret

138 2081 484 2153 mysterium,
512 2086 566 2133 et
602 2094 634 2133 a
667 2092 957 2149 synagoga,
995 2091 1115 2145 quas
1152 2073 1353 2130 sterilis
1387 2087 1455 2127 ex
1479 2081 1610 2127 tunc
1636 2084 1724 2124 re-

138 2171 361 2237 mansit,
391 2170 779 2239 despiceretur,
814 2167 867 2221 in
892 2166 1090 2222 sudore
1134 2163 1428 2233 sanguineo
1456 2162 1725 2217 membro-

138 2275 260 2315 rum
303 2275 524 2315 suorum
558 2260 839 2328 passiones
860 2257 1179 2314 ostendebat
1223 2270 1341 2310 esse
1382 2253 1612 2319 futuras,
1662 2267 1727 2307 ac

138 2360 332 2407 contra
388 2350 643 2407 Ecclesia:
692 2338 991 2407 exhibitam
1040 2346 1507 2403 honoriﬁcentiam
1569 2361 1723 2401 suam

136 2457 263 2498 esse
298 2450 524 2499 testatur
546 2459 670 2498 cum
707 2443 871 2498 dicit:
914 2441 1018 2507 Qui
1047 2457 1134 2496 uos
1162 2441 1374 2510 recipit,
1418 2456 1501 2495 me
1543 2441 1725 2510 recipit

140 2531 364 2603 (Matth.
390 2530 469 2601 ι).
496 2533 584 2597 Et,
618 2531 864 2597 Quandiu
898 2532 1091 2601 fecistis
1116 2533 1207 2586 uni
1238 2533 1301 2586 de
1325 2533 1555 2587 minimis
1583 2532 1719 2597 istis,

140 2625 275 2679 milli
294 2624 489 2693 fecistis
513 2623 726 2695 (Matth.
744 2623 892 2694 xxv).
913 2622 972 2677 Si
991 2637 1121 2693 ergo
1146 2622 1218 2677 illi
1248 2622 1316 2679 de
1334 2624 1724 2695 quibussermo

141 2727 245 2787 est,
274 2723 552 2778 custodem
588 2721 867 2787 virtutum,
896 2722 1211 2792 magistram
1238 2724 1523 2788 bonorum,
1554 2724 1727 2778 humi-

139 2811 353 2869 litatem
375 2812 845 2883 amplecterentur,
881 2829 982 2868 nec
1008 2828 1201 2883 corpus
1217 2813 1441 2880 Christi,
1472 2815 1614 2882 quod
1642 2822 1728 2870 est

139 2897 406 2963 Ecclesia,
442 2900 903 2968 impudentissime
944 2900 1396 2956 anathematizare
1433 2907 1724 2968 tentarent,

139 3003 247 3044 nec
274 2990 344 3044 ob
368 3005 481 3046 sua:
522 2990 633 3044 imo
660 3006 816 3044 vanis
841 2990 1014 3045 laudis
1058 2991 1347 3059 appetitum
1384 3004 1485 3060 pro
1519 3005 1579 3045 re
1610 3000 1726 3047 tam

141 3079 321 3139 inutili
359 3089 578 3150 tamque
606 3079 896 3135 inolliciosa
922 3081 1184 3151 synodum
1212 3088 1584 3153 aggregareut.

741 3214 969 3271 CAPUT
1006 3215 1119 3270 Xll.

146 3306 299 3390 Quod
323 3322 621 3390 magnaOea:
663 3316 809 3376 parte
856 3307 1308 3390 mansuetudinem
1338 3314 1386 3360 et
1414 3308 1722 3390 patientiam

209 3377 492 3501 pbjecezint
527 3378 583 3431 in
620 3394 724 3431 non
749 3377 1058 3431 continendo
1087 3394 1144 3431 os
1170 3394 1325 3432 suum
1350 3387 1397 3432 et
1416 3377 1725 3431 inordinate

231 3464 396 3517 oquen
438 3465 488 3502 o.

208 3539 513 3609 Aggregata
543 3537 703 3607 igitur
723 3538 929 3608 synodo
952 3537 999 3593 si
1020 3538 1075 3593 in
1097 3524 1162 3595 ea
1187 3538 1552 3594 ecclesiastico
1573 3549 1724 3592 more

142 3630 405 3701 egissent,
433 3643 522 3682 res
558 3630 887 3684 necessarias
911 3637 967 3684 et
993 3629 1239 3685 ﬁdelibus
1265 3629 1576 3699 profuturas
1600 3643 1725 3698 per-

143 3726 467 3783 tractantes,
498 3732 684 3781 omnes
711 3733 900 3774 vocum
922 3719 1187 3774 novitates
1211 3728 1265 3774 et
1286 3720 1618 3775 inordinatas
1645 3719 1727 3774 lo-

143 3811 429 3869 cutionum
463 3807 669 3863 naeniae
708 3808 993 3873 evitarent,
1024 3818 1080 3864 et
1120 3811 1504 3868 mediocritatis
1533 3809 1726 3867 callem

145 3910 400 3957 tenentes
432 3914 610 3967 neque
655 3899 724 3952 ab
768 3898 1078 3967 apostolicis
1114 3899 1369 3954 doctrinis
1389 3941 1404 3964 ,
1449 3916 1624 3969 neque
1655 3900 1726 3956 ab

144 3992 499 4060 antiquarum
532 3988 863 4059 synodorum
889 3988 1314 4044 institutionibus
1356 3989 1725 4055 dissentirent,

148 4084 237 4139 sed
282 4081 561 4153 patientia:
608 4087 662 4135 et
704 4079 1130 4134 mansuetudinis
1172 4082 1501 4137 ornamentis
1530 4082 1725 4147 ornati,

150 4187 486 4245 nequaquam
506 4169 750 4227 dicentes
774 4172 971 4226 bonum
994 4171 1195 4225 malum
1216 4179 1271 4227 et
1291 4172 1488 4227 malum
1509 4173 1727 4239 bonum,

151 4278 409 4339 ponentes
430 4283 675 4322 amarum
697 4264 857 4323 dulce
874 4273 931 4319 et
954 4265 1110 4321 dulce
1130 4280 1394 4330 amarum,
1418 4265 1729 4335 prophetico

153 4361 385 4417 sermoni
413 4360 779 4424 contrairent;
808 4365 864 4413 et
891 4373 953 4413 ea
974 4373 1095 4428 qua}
1114 4359 1423 4414 necessario
1445 4358 1729 4414 statuenda

154 4462 307 4508 erant
328 4452 615 4519 prudenter
647 4457 963 4511 statuerent.
987 4455 1045 4504 et
1064 4463 1186 4518 qua:
1204 4449 1428 4505 dicenda
1446 4449 1730 4521 diligenter

1825 1898 2071 1941 errorum
2098 1883 2414 1938 tumultibus
2442 1883 2659 1941 invasos
2679 1898 2798 1940 esse
2829 1886 3207 1954 comperimus.
3246 1888 3408 1947 Nulla

1824 1977 1969 2035 enim
2009 1983 2093 2031 est
2117 1975 2347 2032 societas
2372 1975 2476 2031 luci
2504 1985 2560 2031 et
2586 1976 2840 2041 tenebris,
2868 1992 2968 2033 nec
2990 1978 3234 2047 quaedam
3258 1994 3409 2037 com—

1824 2069 2123 2125 municatio
2144 2067 2349 2124 Christi
2370 2076 2423 2123 et
2448 2067 2632 2133 Belial,
2656 2068 2929 2136 quoniam,
2948 2066 3103 2136 juxta
3128 2068 3411 2139 cujusdam
3484 2072 3493 2081 ‘

1823 2158 2084 2227 sapientis
2113 2157 2456 2222 sententiam,
2500 2156 2721 2224 spiritus
2759 2156 2876 2223 Dei,
2908 2159 2998 2228 qui
3023 2160 3208 2230 utique
3234 2163 3413 2223 nostri

1826 2252 2096 2308 exercitus
2138 2250 2245 2306 dux
2276 2257 2387 2314 est,
2430 2247 2649 2319 ellugiet
2675 2249 2856 2305 ﬁctum
2875 2291 2889 2314 ,
2921 2266 3029 2307 non
3052 2252 3317 2309 habitabit
3348 2256 3410 2311 in

1826 2356 2050 2411 corpore
2078 2341 2293 2397 subdito
2332 2341 2588 2411 peccatis.
2634 2339 2749 2395 Non
2796 2342 2939 2396 enim
2984 2358 3083 2398 nos
3126 2343 3183 2399 in
3226 2346 3409 2403 medio

1826 2431 1961 2501 ejus,
1993 2447 2095 2488 nec
2123 2432 2212 2488 ille
2245 2432 2297 2487 in
2333 2431 2510 2487 medio
2544 2432 2713 2486 nostri
2742 2432 3003 2488 habitavit
3031 2436 3123 2505 qui
3150 2436 3277 2493 facit
3315 2455 3380 2495 su

1823 2522 2087 2593 perbiam.
2116 2521 2400 2588 Quoniam,
2422 2530 2576 2590 juxta
2602 2523 2767 2577 verba
2784 2520 2913 2578 Iesu
2935 2523 3028 2579 ﬁlii
3053 2524 3264 2591 Sirach,
3287 2529 3409 2582 odi-

1826 2615 1945 2671 bilis
1978 2632 2154 2671 coram
2181 2616 2292 2670 Deo
2326 2623 2375 2670 et
2413 2616 2707 2673 hominibus
2742 2616 3015 2685 superbia,
3049 2627 3100 2671 et
3128 2635 3407 2692 synagoga:

1826 2710 2166 2780 superbon
2191 2725 2296 2764 non
2318 2710 2416 2762 erit
2445 2709 2645 2763 sanitas
2666 2725 2684 2762 :
2721 2709 2896 2778 frutex
2932 2709 3071 2764 enim
3094 2713 3290 2781 peccati
3319 2730 3409 2768 ra-

1825 2802 2088 2859 dicabitur
2119 2802 2174 2855 in
2203 2800 2309 2854 illis
2353 2799 2567 2870 (Eccli.,
2600 2798 2742 2870 xm).
2775 2800 2947 2855 Tanto
2973 2803 3115 2856 enim
3140 2804 3196 2857 in
3216 2819 3407 2861 eorum

1826 2896 2031 2966 synodo
2051 2892 2309 2962 discipula
2333 2892 2614 2962 superbiae,
2636 2891 2748 2947 oris
2767 2890 2973 2946 scilicet
2994 2893 3406 2964 incontinentia,

1826 2986 2014 3055 viguit,
2042 2996 2246 3054 quanto
2265 2983 2527 3040 modestia
2550 2982 2664 3039 sive
2684 2982 2969 3052 prudentia
2994 2983 3175 3053 vigere
3197 2985 3405 3055 debuit,

1827 3087 1883 3133 et
1904 3077 2055 3146 cujus
2082 3093 2182 3135 nec
2202 3080 2679 3149 extremaquidem
2707 3094 2899 3134 manus
2932 3079 2987 3133 in
3018 3079 3111 3133 tali
3136 3089 3260 3136 actu
3282 3082 3408 3139 duci

1744 3155 1795 3220 α
1823 3168 2027 3235 debuit,
2076 3170 2467 3240 principatum,
2517 3172 2656 3240 proh
2698 3170 2880 3226 dolor!
2934 3172 3137 3238 tenuit;
3185 3181 3240 3228 et
3286 3190 3409 3244 quas

1820 3262 2183 3332 principatum
2222 3271 2402 3317 tenere
2427 3262 2627 3327 debuit,
2651 3276 2751 3315 nec
2780 3268 3023 3316 extrema
3047 3263 3264 3332 quidem
3291 3264 3413 3333 ejus

1824 3368 2017 3409 manus
2055 3353 2266 3407 ilorum
2298 3355 2527 3409 coetibus
2557 3353 2821 3409 interfuit.
2866 3354 2983 3409 Tuo
3008 3354 3189 3423 itaque
3216 3354 3414 3409 instin-

1826 3453 1936 3508 ctu,
1966 3458 2001 3497 o
2026 3442 2415 3497 incontinentia
2452 3445 2581 3508 oris,
2620 3461 2742 3514 quae
2776 3459 2994 3515 gressus
3035 3445 3312 3500 hominum
3348 3445 3410 3501 in

1826 3544 1973 3590 terra
2009 3533 2306 3588 viventium
2350 3533 2509 3603 dirigi
2556 3537 2827 3603 prohibes,
2868 3538 3081 3593 dicente
3120 3538 3407 3607 Propheta,

1841 3622 1930 3678 Vir
1942 3624 2213 3695 linguosus
2226 3640 2329 3678 non
2341 3624 2595 3695 dirigetur
2603 3644 2758 3698 super
2770 3639 2963 3684 terram
2978 3628 3127 3702 (Psal
3134 3669 3148 3682 .
3161 3630 3413 3702 cxxxtx),

1827 3723 1884 3771 et
1912 3715 2065 3784 Cujus
2092 3717 2219 3771 anni
2246 3718 2328 3772 sui
2352 3729 2632 3787 peccatum
2657 3737 2764 3776 non
2786 3723 2956 3789 deest,
2974 3721 3129 3793 juxta
3150 3722 3300 3789 illud,
3324 3722 3416 3779 Eat

1825 3805 2156 3877 multiloquio
2184 3823 2288 3862 non
2313 3810 2530 3880 e/fugies
2555 3821 2843 3882 peccatum,
2872 3831 3092 3883 parcens
3127 3823 3300 3868 autem
3327 3813 3415 3868 la-

1828 3896 1925 3951 biis
1948 3897 2153 3966 sapiens
2174 3898 2276 3952 eris
2300 3897 2481 3967 (Prov.
2509 3899 2586 3968 χ),
2611 3908 2666 3953 et
2685 3914 2785 3967 per
2801 3917 2962 3970 quam
2984 3903 3165 3956 anima
3179 3904 3411 3970 laeditur,

1824 3985 1973 4058 juxta
1998 3988 2254 4056 sapientis
2274 4002 2459 4043 vocem
2483 3988 2727 4051 dicentis,
2769 3988 2875 4052 Qui
2898 3990 3079 4044 multis
3104 3994 3271 4047 utitur
3291 4010 3407 4047 ver-

1830 4078 1928 4145 bis,
1955 4078 2099 4132 lwdtt
2126 4078 2356 4133 animum
2377 4092 2528 4130 suam
2560 4075 2752 4146 (Eccli.
2780 4076 2897 4147 xx),
2939 4086 2998 4132 et
3031 4092 3152 4148 quae
3178 4095 3289 4136 non
3312 4095 3406 4136 so-

1828 4171 1943 4227 lum
1971 4173 2294 4242 respondere
2317 4178 2603 4239 antequam
2638 4169 2849 4238 audias,
2875 4185 3067 4228 verum
3092 4173 3256 4229 etiam
3285 4188 3413 4231 san-

1830 4276 1977 4325 ctam
1992 4265 2288 4322 Ecclesiam
2307 4262 2784 4329 anathemauzare,
2802 4270 3091 4335 antequam
3110 4264 3415 4336 adloquatur

1830 4367 1953 4417 tuos
1976 4372 2253 4429 sequaces,
2280 4355 2574 4427 compellis,
2605 4352 2760 4425 juxta
2789 4356 2922 4413 illud
2938 4398 2954 4425 ,
3006 4357 3111 4426 Qui
3140 4360 3413 4431 respondet

1829 4448 2039 4506 verbum
2070 4434 2376 4521 priusquam
2408 4448 2611 4514 audiat,
2641 4445 2866 4503 stultitia
2903 4457 2980 4505 est
3007 4450 3109 4518 illi,
3150 4458 3198 4506 et
3224 4466 3415 4523 oppro-

157 4540 418 4615 dicerent,
446 4547 502 4592 et
525 4548 702 4607 spreto
724 4554 1056 4609 supervacuo
1071 4547 1128 4595 et
1148 4541 1575 4597 extraordinario
1598 4557 1727 4598 ana-
1748 4533 1805 4596 D
1830 4546 2000 4601 brium
2023 4543 2205 4616 (Prov.
2238 4542 2418 4615 xvm),
2452 4551 2508 4600 te
2544 4553 2769 4614 urgente
2807 4544 2883 4600 ita
2908 4546 3125 4616 penitus
3164 4553 3421 4604 nostrum-

156 4631 413 4696 themate,
445 4643 532 4685 res
551 4629 710 4685 utiles
748 4631 1096 4699 perdocerent
1116 4672 1132 4698 ,
1162 4647 1252 4687 res
1284 4642 1415 4689 vero
1448 4634 1731 4703 ambiguas

158 4731 248 4778 aut
273 4731 424 4780 certe
448 4721 666 4779 inutiles
687 4721 898 4778 silentio
929 4723 1241 4789 multarent,
1265 4731 1322 4778 et
1342 4730 1540 4779 nostra:
1560 4724 1733 4794 partis

160 4816 269 4873 sive
288 4823 609 4873 ceterarum
639 4815 822 4871 mundi
851 4816 1082 4884 partium
1113 4815 1369 4872 Ecclesia:
1399 4830 1585 4872 eorum
1619 4823 1733 4872 sta-

162 4907 286 4963 tutis
301 4914 573 4977 parercnt.
599 4904 706 4962 Sed
733 4906 984 4975 quoniam
1008 4906 1336 4975 impossibile
1353 4913 1514 4963 estet
1541 4923 1732 4964 eorum

166 4997 372 5051 statuis
399 5011 681 5052 assensum
706 4997 944 5065 praebere
977 5005 1034 5053 et
1067 4997 1303 5066 antiquis
1328 5007 1543 5067 patrum
1570 4997 1729 5054 insti-

168 5085 454 5143 tutionibus
472 5102 823 5158 parere,cum
846 5087 1095 5143 videlicet
1119 5087 1259 5143 inter
1281 5101 1339 5142 se
1359 5087 1571 5143 diversa
1598 5088 1731 5155 sint,

172 5185 226 5231 et
249 5187 497 5245 quantum
522 5179 613 5235 lux
648 5179 904 5245 tenebris,
932 5180 1043 5234 vita
1071 5189 1262 5244 morte,
1291 5180 1430 5235 visio
1468 5180 1731 5246 caecitate,

170 5268 407 5339 probitas
456 5270 822 5340 improbitate,
871 5270 1078 5340 puritas
1134 5270 1472 5338 impuritate,
1528 5270 1734 5326 sanitas

171 5362 498 5432 aegritudine,
529 5370 732 5418 tantum
765 5378 954 5419 eorum
990 5363 1231 5417 instituta
1256 5378 1286 5414 a
1312 5371 1617 5417 sanctorum
1639 5376 1735 5430 pa—

174 5460 310 5507 trum
347 5455 601 5510 institutis
627 5457 847 5522 distent,
881 5457 1102 5520 ideirco,
1126 5454 1481 5510 deterioribus
1507 5455 1731 5522 spretis,

169 5546 458 5616 potioribus
488 5550 725 5603 contenti
761 5563 965 5611 sumus,
998 5554 1055 5600 et
1094 5544 1430 5611 contemptis.
1457 5542 1736 5600 fallacibus

170 5637 490 5694 diverticulis
515 5649 726 5695 certum
760 5655 825 5695 ac
861 5637 1065 5709 regium
1094 5635 1365 5689 tramitem
1394 5643 1577 5690 tenere
1598 5636 1737 5691 desi-

172 5728 429 5797 deramus.
467 5731 598 5801 Ubi,
635 5744 849 5809 quaeso,
897 5726 1345 5805 praestantissima
1382 5726 1554 5784 virtus
1586 5741 1737 5787 man-

1830 4639 2068 4694 abnuere
2108 4637 2443 4691 consortium
2456 4675 2472 4700 ,
2523 4642 2588 4689 ut
2627 4642 2814 4692 nostra
2843 4639 3073 4696 societas
3120 4638 3177 4694 in
3223 4653 3415 4697 eorum

1829 4725 2104 4781 mentibus
2139 4737 2242 4778 nec
2272 4723 2389 4779 leve
2423 4722 2643 4792 quidem
2681 4735 2866 4796 posset
2899 4727 3209 4800 imprimere
3246 4729 3417 4787 vesti-

1830 4818 1997 4889 gium.
2028 4813 2139 4871 Nos
2165 4814 2312 4872 enim
2337 4815 2489 4885 sequi
2507 4817 2674 4874 decor
2690 4819 2818 4876 vita;
2838 4827 2942 4886 est,
2968 4829 3025 4877 et
3041 4837 3137 4877 nos
3157 4834 3419 4889 spernere

1830 4921 1986 4964 error
2009 4906 2255 4973 insaniat,
2282 4914 2342 4964 et
2364 4910 2657 4966 secundum
2684 4911 2956 4982 magistra
2978 4918 3174 4965 nostrae
3201 4910 3416 4978 sapien-

1831 5002 1922 5058 tia.-
1934 5016 2144 5067 vocem,
2161 4998 2354 5056 Exitus
2377 5002 2543 5058 nostri
2563 5002 2732 5057 exitus
2751 5002 2868 5055 vita
2885 5007 3010 5052 sunt
3024 4994 3213 5070 (Et-cli.
3234 4998 3414 5069 xxiv).

1831 5092 1948 5149 Nisi
1970 5095 2115 5151 enim
2150 5092 2426 5164 legislator
2469 5101 2778 5149 nostrorum
2826 5087 3156 5141 monitorum
3206 5100 3415 5158 sequax

1832 5184 2043 5251 fuisset,
2062 5192 2118 5240 et
2138 5185 2310 5239 nostri
2330 5183 2716 5240 moderaminis
2736 5175 3050 5232 retinaculis
3069 5190 3287 5247 gressus
3304 5192 3418 5234 sua

1835 5277 2031 5331 mentis
2074 5289 2348 5331 connexos
2387 5274 2681 5336 habuisset,
2727 5267 2939 5322 dicente
2986 5265 3303 5336 Scriptura:
3344 5266 3419 5321 Et

1835 5374 1947 5419 erat
1992 5363 2199 5435 Moyses
2239 5369 2542 5419 mansuetus
2578 5373 2686 5429 pra!
2713 5348 2954 5406 omnibus
2982 5353 3298 5416 hominibus,
3324 5352 3417 5419 qui

1836 5464 1957 5510 sunt
1995 5471 2153 5526 super
2186 5464 2398 5512 terram,
2427 5453 2766 5512 nequaquam
2790 5441 3052 5526 tantoties
3077 5440 3271 5526 divinis
3291 5436 3419 5526 alle-

1839 5545 1979 5614 quiis
1998 5522 2286 5604 frueretur,
2305 5546 2476 5600 neque
2497 5540 2579 5584 tot
2590 5522 3225 5614 mysteriorum‘arcanis,
3243 5524 3421 5601 Domi-

1839 5610 1912 5692 tio
1927 5637 2252 5695 insinuante,
2280 5624 2631 5685 imbueretur,
2650 5630 2751 5672 nec
2767 5610 2833 5662 de
2851 5621 2916 5660 eo
2939 5612 3011 5664 ab
3032 5614 3221 5669 eodem
3239 5625 3425 5667 rerum

1840 5726 2084 5787 omnium
2113 5719 2340 5779 Domino
2361 5707 2679 5767 diceretur:
2703 5702 2770 5762 At
2797 5710 2896 5753 non
2916 5699 3055 5756 sicut
3081 5717 3257 5759 servus
3280 5712 3437 5762 meus
