4008 6154
1470 236 1539 290 B.‘
1558 230 1821 291 'CAROLI
1857 228 2074 288 MAGNI
2110 225 2186 285 OF

2303 225 2485 283 PARS
2522 227 2586 283 Il.
2629 226 2870 285 SECTIO
2898 218 2975 284 ill.
3703 230 3866 285 1136

603 250 740 307 “'55

603 360 828 428 Moyses,
859 355 929 409 ad
950 369 1101 427 quem
1135 351 1314 418 looaor
1343 345 1478 416 facie
1523 346 1595 400 ad
1621 346 1826 416 faciem,
1863 344 1996 397 sicut
2023 338 2165 412 loqui
2191 339 2246 401 Α
2266 337 2350 392 nsi
2374 345 2518 404 sunt,
2549 339 2635 394 his
2674 341 2853 395 verbis
2880 340 3162 397 Psalmista
3201 354 3258 396 se
3283 338 3581 396 coercitum
3605 353 3728 397 esse
3760 342 3865 399 de-

598 450 729 507 solet
768 451 921 503 homo
949 447 1018 501 ad
1059 441 1279 501 amicum
1315 454 1469 493 suum
1510 438 1709 510 (Num.
1734 437 1864 510 ιιι).
1889 437 2171 493 Patientiae
2269 437 2482 486 cantat:
2506 429 2653 496 Dixi,
2698 430 3002 487 Custodiam
3027 434 3137 487 vias
3161 448 3302 486 meas
3331 438 3387 485 ut
3412 446 3517 484 non
3547 429 3864 502 delinquant

600 541 786 609 itaque
829 543 883 592 et
928 528 1348 590 mansuetudinis
1387 528 1561 583 virtus
1600 535 1657 582 et
1697 528 1764 583 ab
1809 526 1917 582 illis
1949 540 2172 596 prorsus
2269 525 2326 579 in
2351 524 2532 596 lingua
2552 540 2688 590 mea,
2711 525 2861 596 posui
2882 527 2962 580 ori
2982 542 3095 609 meo
3111 524 3401 579 custodiam
3424 521 3599 593 (Psal.
3623 524 3859 597 xxnx);

605 602 808 701 abiecta
834 638 949 681 esse
990 623 1320 693 perhibetur,
1356 621 1447 690 qui
1473 634 1691 692 pessum
1719 627 1774 676 et
1801 619 2171 693 extraordina-
2268 621 2326 670 et
2351 622 2413 670 ut
2430 614 2670 671 coerceri
2691 616 2798 670 rite
2827 602 3037 698 valeat,
3054 615 3141 669 his
3166 612 3414 686 precibus
3436 612 3727 668 Dominum
3756 614 3865 670 im‘

605 693 685 778 rie
700 722 763 774 ad
794 713 1115 771 catholicam
1134 711 1431 767 Ecclesiam
1454 710 2015 767 anathematizandam
2040 723 2169 779 syn-
2266 707 2483 780 plorare
2514 693 3010 775 contenditz'Pone,
3031 708 3275 775 Domine,
3298 706 3591 761 custodiam
3616 723 3695 760 ori
3716 723 3862 775 meo,

607 808 760 867 odum
800 818 1091 877 aggregare
1116 801 1220 857 nisi
1259 808 1404 868 sunt,
1430 809 1487 857 et
1506 817 1625 857 eam
1655 816 1773 872 qua:
1800 799 2172 856 benedictione
2267 808 2320 856 et
2366 803 2556 856 ostium
2601 802 3008 855 circumstantia:
3039 800 3190 854 labiis
3220 800 3346 854 meis
3365 840 3379 865 ,
3406 806 3463 852 ut
3496 814 3597 852 non
3624 799 3864 855 declines

605 902 852 974 perpetua
893 891 1172 949 benedicta
1210 897 1310 954 est,
1343 889 1664 945 maledicere
1708 888 1915 944 insanis
1951 887 2173 942 ausibus
2268 907 2361 947 eor
2381 908 2553 946 meum
2578 893 2635 947 in
2659 892 2811 946 verba
2839 891 3056 946 malitia:
3082 890 3254 963 (Psal.
3282 890 3450 961 cm).
3490 888 3549 944 Si
3581 904 3711 961 ergo
3736 906 3859 945 om-

607 990 778 1051 eonati
811 993 954 1051 sunt,
990 991 1045 1038 et
1090 997 1123 1037 a
1156 980 1313 1037 nobis
1364 978 1491 1035 ﬁdei
1517 978 1740 1035 brachio
1788 985 1843 1033 et
1869 976 2170 1033 dilectionis
2268 984 2359 1038 nia
2387 999 2507 1053 qua:
2534 998 2632 1053 per
2661 983 2981 1053 patientiam
3011 992 3066 1037 et
3092 980 3562 1037 mansuetudinem
3596 995 3627 1034 a
3654 980 3863 1036 sanctis

605 1096 762 1139 manu
780 1086 833 1135 et
857 1074 1035 1134 cordis
1055 1073 1307 1143 amplexu
1332 1071 1509 1128 modis
1535 1070 1788 1127 omnibus
1816 1076 1900 1124 est
1926 1067 2166 1123 adeunda
2267 1075 2512 1145 patribus
2538 1075 2649 1130 sive
2670 1074 2939 1141 iuvem-3,
2958 1075 3071 1129 sive
3082 1074 3139 1128 in
3162 1071 3311 1128 Novo
3333 1071 3685 1127 Testamento
3706 1078 3860 1141 gesta

607 1179 665 1228 et
691 1170 943 1242 perpeti!!!
988 1164 1290 1221 relinenda-
1329 1162 1422 1218 Ait
1450 1164 1598 1218 enim
1621 1161 1906 1217 Psalmista
1935 1174 1951 1213 ε
1984 1158 2167 1213 Dulcis
2268 1171 2396 1220 sunt
2432 1164 2856 1229 innumeremus,
2908 1172 2964 1219 et
3006 1179 3037 1218 e
3081 1162 3351 1218 contrario
3379 1176 3502 1232 quae
3533 1176 3634 1232 per
3665 1177 3857 1231 supcr-

607 1270 657 1320 et
682 1264 964 1315 nonsuetus
992 1256 1281 1322 Dominus,
1309 1263 1518 1327 prapter
1544 1255 1641 1308 hoc
1670 1252 1831 1323 legem
1862 1251 2045 1305 statuit
2079 1250 2171 1305 de-

2286 1255 2414 1312 Jiam
2451 1257 2566 1313 sive
2606 1258 2718 1313 oris
2747 1256 3198 1313 incontinentiam
3227 1270 3260 1309 a
3294 1253 3526 1325 perditis
3551 1255 3859 1324 quibusque

606 1349 940 1419 liquentibus
984 1348 1043 1402 in
1076 1348 1196 1401 via:
1225 1346 1406 1416 dirigit
1436 1345 1586 1399 mites
1620 1345 1675 1397 in
1708 1343 1936 1413 judicio,
1968 1341 2168 1396 docebit
2267 1355 2575 1419 perpetrata
2609 1357 2755 1415 sum,
2794 1349 3007 1405 edicere
3045 1361 3316 1413 curemus,
3364 1353 3421 1400 et
3469 1345 3662 1414 quibus
3699 1342 3860 1399 testi-

607 1446 885 1499 uansuetos
914 1438 1025 1492 vias
1053 1453 1177 1490 suas
1199 1434 1371 1507 (Psal.
1398 1433 1570 1505 xxiv).
1603 1432 1755 1489 Unde
1783 1434 1944 1489 datur
1974 1430 2171 1487 intelli-
2268 1434 2464 1491 moniis
2493 1435 2599 1492 hoc
2622 1438 2813 1492 vitium
2838 1437 3209 1507 perhibeatur,
3236 1449 3345 1489 non
3377 1433 3555 1489 dicam
3576 1433 3737 1488 unius
3764 1448 3858 1488 ca-

590 1528 660 1600 gi,
690 1529 833 1599 quod
851 1529 945 1599 qui
969 1526 1479 1583 mansueti'Domini
1504 1540 1706 1595 sequax
1729 1539 1851 1581 esse
1877 1523 2165 1590 desiderat,
2266 1523 2442 1592 pituli,
2471 1525 2568 1581 sed
2596 1541 2695 1581 nec
2738 1525 2957 1595 quidem
2997 1526 3157 1580 unius
3183 1524 3308 1579 libri
3336 1529 3517 1578 textus
3539 1529 3730 1577 cuncta
3754 1535 3857 1591 po-

583 1620 1054 1674 mansuetudinem
1096 1633 1206 1673 non
1234 1617 1392 1672 debet
1437 1630 1711 1687 spernere,
1760 1615 1855 1671 sed
1882 1622 1943 1669 ut
1971 1614 2037 1669 de
2063 1614 2166 1670 viis
2193 1682 2233 1687 _
2270 1613 2398 1668 terit
2422 1614 2718 1670 continere.
2742 1614 2898 1670 Nunc
2921 1622 3106 1669 autem
3132 1613 3447 1670 monstratis
3471 1627 3539 1668 ex
3555 1620 3704 1682 parte
3725 1624 3852 1678 quae

584 1709 800 1767 Domini
828 1711 1106 1778 doceatur,
1134 1725 1254 1767 eam
1288 1710 1340 1764 ei
1363 1682 1616 1765 convenit
1638 1708 1907 1778 amplecti.
1946 1707 2006 1762 In
2033 1682 2243 1765 Ρι“(›-’Β
2269 1706 2501 1776 egerint,
2536 1721 2723 1776 quaeve
2752 1720 2914 1777 agere
2951 1705 3254 1771 debuerint,
3280 1711 3334 1760 et
3360 1703 3579 1758 illorum
3604 1700 3759 1769 nugis
3784 1714 3857 1753 ex

582 1801 787 1857 verbiis
833 1816 1049 1872 quoque
1081 1800 1378 1857 scribitur:
1410 1799 1717 1855 Mansuetus
1754 1799 1834 1852 vir
1860 1797 2033 1852 cordis
2058 1815 2167 1852 me-
2263 1803 2420 1866 parte
2453 1796 2732 1863 discussis,
2767 1797 2836 1852 ad
2879 1796 2984 1852 alia
3013 1812 3133 1868 quae
3182 1794 3308 1850 huic
3350 1793 3505 1864 operi
3547 1788 3857 1849 necessaria

500 1964 508 1970 θ
587 1893 737 1968 dicas
766 1901 839 1948 est
870 1910 889 1949 :
917 1894 1059 1948 tinea
1096 1899 1271 1947 autem
1301 1890 1501 1946 ossibus
1545 1905 1636 1943 cor
1659 1887 1953 1959 intelligens
1982 1887 2164 1962 (Prov.
2266 1895 2414 1956 sunt,
2444 1888 2675 1944 Domino
2698 1889 3044 1944 accedamus.

579 1986 719 2058 xw).
747 1987 880 2041 Item
908 1986 982 2041 ibi
1005 2001 1021 2040 :
1050 1984 1242 2040 Melior
1267 1994 1344 2040 est
1367 1991 1669 2039 mansuetus
1713 2000 1831 2038 cum
1855 1983 2167 2051 humilitate,
2854 2000 3084 2058 CAPUT
3121 2000 3257 2058 xm.

582 2096 742 2151 quam
764 2080 852 2151 qui
872 2078 1056 2133 dividit
1079 2077 1314 2144 praedam
1334 2094 1452 2130 cum
1482 2074 1883 2131 contumeliosis.
1907 2075 1965 2129 ln
1985 2074 2173 2130 Eccle-

2286 2093 2414 2160 Quia
2441 2096 2633 2149 mulier
2650 2096 2704 2148 in
2724 2093 2922 2163 synodo
2942 2093 3128 2163 docere
3152 2107 3253 2163 non
3273 2088 3436 2163 debet,
3464 2086 3601 2137 sicut
3617 2084 3861 2139 Haerent!

582 2173 804 2228 siastico
825 2186 1040 2242 quoque
1066 2170 1266 2242 legitur
1295 2187 1309 2223 :
1342 2168 1472 2234 Fili,
1504 2170 1560 2222 in
1588 2168 1988 2223 mansuetudine
2015 2184 2172 2239 opera
2257 2154 2312 2244 θ
2586 2165 2641 2216 in
2673 2154 2850 2216 eorum
2875 2160 3072 2229 synodo
3098 2159 3279 2225 fecisse
3307 2154 3514 2222 legitur.

584 2272 678 2317 tua
703 2262 910 2332 perﬁce,
938 2270 986 2315 et
1026 2260 1090 2314 ab
1125 2261 1267 2314 omni
1310 2250 1516 2313 homine
1547 2258 1761 2330 diligere
1788 2256 1977 2329 (Eccli.
2014 2258 2162 2329 xm).
2339 2256 2474 2311 Cum
2498 2269 2633 2324 pene
2669 2254 2721 2307 in
2757 2251 3007 2306 omnibus
3045 2248 3135 2302 illa
3178 2246 3414 2318 synodus
3436 2259 3557 2313 qua:
3594 2258 3727 2332 pro,
3763 2243 3869 2298 ad-

582 2330 719 2405 Item
741 2350 833 2405 ubi
860 2365 1021 2420 supra
1055 2364 1071 2403 :
1101 2349 1232 2403 Esto
1256 2342 1579 2402 mansuetus
1606 2348 1675 2402 ad
1710 2348 2029 2402 audiendum
2064 2365 2170 2402 ver-
2269 2342 2822 2411 orandisimaginibus
2847 2347 3135 2409 aggregata
3157 2344 3257 2400 est,
3286 2334 3595 2389 divinarum
3608 2330 3863 2401 Scriptu-

584 2440 729 2506 bum,
753 2449 809 2493 ut
831 2439 1111 2508 intelligas,
1138 2447 1187 2493 et
1211 2454 1328 2491 cum
1357 2438 1614 2508 sapientia
1638 2436 1846 2507 loquere
1869 2455 2170 2509 responsum
2268 2448 2453 2489 rarum
2476 2432 2845 2488 saluberrimis
2870 2429 3133 2484 institutis
3157 2425 3480 2495 refragetur,
3504 2424 3562 2477 in
3596 2421 3700 2476 hac
3724 2438 3861 2493 quo-

583 2548 763 2587 verum
806 2530 997 2599 (Eccli.
1033 2530 1111 2601 v).
1165 2528 1300 2584 Nam
1340 2537 1395 2585 et
1425 2529 1713 2600 praefectus
1736 2531 1892 2587 Jesus
1920 2531 2062 2588 ﬁlius
2087 2532 2172 2588 Si-
2269 2538 2373 2601 quc
2398 2521 2759 2593 partcoppido
2771 2517 3031 2589 refragari
3043 2515 3149 2571 illis
3164 2516 3394 2579 videtur,
3410 2512 3556 2582 quod
3576 2511 3860 2566 mulierem

587 2625 722 2680 rach
743 2597 1081 2678 ita—intonat;
1103 2621 1233 2689 Fili,
1261 2624 1319 2677 in
1342 2597 1739 2679 mansuetudine
1765 2642 1913 2679 serva
1938 2625 2172 2679 animum
2271 2597 2655 2670 institntricem
2698 2613 2813 2667 sive
2851 2610 3148 2666 doctriccm
3188 2604 3443 2662 habuisse
3485 2601 3797 2672 perhibetur
3840 2622 3854 2655 :

586 2724 759 2779 tuam,
795 2723 843 2768 et
864 2713 933 2767 da
976 2712 1058 2767 illi
1085 2715 1335 2767 honorem
1369 2714 1654 2768 secundum
1684 2715 1991 2787 dignitatem
2019 2732 2173 2769 suam
2272 2708 2417 2779 quod
2439 2708 2656 2778 quidem
2683 2721 2792 2761 non
2814 2704 2987 2760 solum
3009 2702 3201 2757 divina
3224 2698 3356 2770 legis
3384 2696 3738 2762 documentis,
3763 2696 3859 2751 sed

585 2802 779 2875 (Eccli.
824 2802 902 2875 ιι).
951 2800 1149 2859 Doctor
1189 2802 1371 2874 itaque
1415 2805 1654 2876 gentium
1704 2807 1779 2862 ita
1810 2808 1879 2863 ad
1911 2808 2173 2878 Ephesios
2272 2797 2444 2868 ipsius
2487 2804 2696 2851 naturae
2741 2794 2859 2866 lege
2893 2792 3184 2848 inhibetur.
3216 2789 3335 2845 Non
3366 2788 3511 2844 enim
3553 2803 3678 2842 eam
3702 2802 3859 2842 sexus

580 2896 771 2954 scribit
802 2911 815 2951 ε
848 2895 1073 2953 Obsecro
1100 2892 1532 2970 vos'egoivinctus
1571 2900 1630 2954 in
1653 2899 1900 2966 Domino,
1938 2908 1994 2953 ut
2017 2899 2174 2970 digne

2286 2886 2540 2960 fragilitas
2568 2888 2682 2943 sive
2726 2886 2894 2941 animi
2939 2883 3211 2938 mobilitas
3247 2881 3505 2937 doctrinae
3532 2880 3647 2935 sive
3670 2880 3858 2949 praela-

580 2986 858 3088 ambuletis
886 2987 1171 3055 vocatione,
1197 3004 1303 3059 qua
1326 2991 1494 3043 vocati
1521 2991 1664 3056 estis,
1689 3006 1808 3044 cum
1833 2990 1973 3044 omni
1997 2990 2172 3043 humi-
2193 3020 2247 3088 α
2277 2979 2440 3035 tionis
2465 2993 2628 3088 super
2649 2978 2804 3080 ,νὶΐοε
2831 2974 3257 3088 ερὶοθξιιλῑθιξθιε
3296 2972 3587 3088 gemini}...
3610 2973 3704 3027 sed

580 3075 729 3130 litate
769 3084 817 3130 et
855 3077 1275 3143 mansuetudine,
1329 3094 1447 3133 cum
1474 3081 1926 3152 magnanimitate,
1953 3096 2174 3151 suppor-
2194 3063 2247 3088 “
2265 3084 2440 3153 .quam
2466 3067 2732 3123 inﬁrmius
2754 3082 2848 3121 vas
2868 3073 2924 3121 et
2948 3066 3018 3120 ad
3045 3064 3419 3135 decipiendum
3444 3063 3657 3119 facilius
3682 3063 3861 3119 subdi-

580 3176 753 3223 tantes
782 3168 1002 3222 invicem
1030 3169 1087 3223 in
1118 3172 1391 3237 charitate,
1422 3172 1634 3228 solliciti
1677 3189 1883 3228 servare
1920 3174 2174 3229 unitatem

2286 3174 2389 3219 tam
2417 3169 2474 3216 et
2514 3159 2659 3215 virili
2708 3157 3031 3213 auctoritate
3069 3170 3374 3227 repressam
3403 3168 3524 3211 esse
3569 3153 3859 3224 compellit.

581 3258 799 3329 spiritus
819 3258 874 3311 in
892 3256 1097 3312 vinculo
1115 3260 1260 3329 pacis
1274 3260 1491 3332 (Ephes.
1518 3263 1619 3334 ιν).
1638 3260 1954 3319 EtJacobus
1965 3254 2185 3333 aposto-'
2279 3256 2434 3313 Unde
2454 3263 2511 3310 et
2536 3252 2732 3309 divinis
2756 3252 2967 3322 legibus
2996 3249 3266 3305 sancitum
3298 3257 3400 3315 est,
3432 3250 3679 3318 quaedam
3708 3247 3865 3302 femi-

582 3347 672 3415 lus
699 3348 834 3404 diCit
864 3366 876 3402 =
910 3347 1042 3414 Quis
1055 3351 1287 3421 prudens
1304 3361 1353 3406 et
1373 3354 1542 3409 sciens
1566 3362 1813 3420 vestrum,
1839 3364 2091 3409 monstret
2111 3354 2177 3409 de
2278 3350 2473 3403 narum
2499 3352 2624 3398 vota
2654 3342 2797 3396 virili
2824 3341 3213 3397 deliberatione
3239 3341 3443 3397 cassari
3474 3355 3651 3410 posse,
3679 3348 3733 3394 et
3758 3341 3865 3394 hu-

581 3440 715 3495 bono
745 3456 897 3511 opere
939 3443 1381 3497 conversationem
1424 3461 1574 3499 suam
1613 3444 1669 3497 in
1694 3444 2091 3498 mansuetudine
2128 3452 2176 3496 et
2277 3437 2453 3492 manis
2481 3434 2833 3490 constitutum
2881 3441 2982 3496 est,
3016 3432 3245 3488 feminas
3292 3434 3560 3503 innuptas,
3613 3433 3867 3501 quamvis

584 3529 868 3600 prudentia
896 3528 1106 3599 (Iacob.
1134 3530 1244 3599 ιιι).
1282 3531 1490 3596 Quibus
1514 3531 1767 3585 omnibus
1787 3531 2072 3600 praeceptis
2099 3530 2178 3586 illi
2277 3536 2547 3600 provectae
2571 3526 2680 3581 sint
2703 3525 2898 3592 relatis,
2916 3533 3136 3596 propter
3158 3526 3332 3595 ipsam
3366 3526 3530 3580 animi
3559 3525 3864 3592 levitatem,

583 3617 775 3689 procul
809 3618 972 3672 dubio
1003 3617 1169 3672 renisi
1204 3627 1332 3673 sunt
1374 3621 1466 3687 qui
1498 3627 1725 3689 propter
1752 3620 2047 3689 imaginum
2085 3622 2175 3677 ad-
2279 3621 2334 3675 in
2359 3619 2527 3674 tutela
2561 3617 2858 3673 consistere
2891 3617 3106 3672 debere.
3137 3615 3398 3671 Novimus
3439 3615 3588 3671 enim
3609 3614 3867 3671 feminam

586 3705 894 3761 orationem
918 3704 1179 3761 Ecclesia:
1205 3706 1326 3761 ausi
1355 3715 1482 3762 sunt
1508 3708 1800 3763 anathema
1819 3708 2040 3774 inferre,
2059 3724 2182 3779 quae
2279 3725 2442 3766 causa
2481 3708 2669 3779 prolis,
2719 3722 2882 3764 causa
2930 3705 3202 3775 adjutorii,
3231 3721 3393 3762 causa
3438 3705 3864 3771 incontinentiae,

584 3796 776 3868 utique
808 3803 960 3854 tanto
1008 3803 1092 3852 est
1143 3796 1402 3854 immunis
1445 3800 1514 3855 ab
1560 3814 1750 3855 eorum
1796 3800 2183 3858 maledictione
2277 3802 2398 3856 viro
2441 3799 2661 3856 concedi
2694 3800 2910 3855 solere:
2940 3813 3107 3854 causa
3146 3812 3276 3854 vero
3325 3798 3555 3854 docendi
3601 3812 3863 3867 nusquam

585 3904 708 3960 qua:
732 3888 930 3958 injusta
954 3896 1058 3956 est,
1099 3897 1301 3960 quanto
1342 3891 1613 3947 aChristo
1653 3892 1745 3962 qui
1784 3907 1908 3947 eam
1950 3892 2181 3951 redemit
2279 3893 2770 3965 penitus'legimus.
2801 3893 2975 3948 Causa
3016 3893 3239 3963 inquam
3274 3893 3462 3963 prolis,
3489 3893 3634 3949 utin
3671 3892 3862 3948 Genesi

587 3979 844 4037 delinitur
855 3981 1112 4037 unctione
1126 3980 1345 4046 laetitiae,
1364 3983 1966 4052 quaeimmarcescibilis
1981 3992 2037 4039 et
2056 4000 2184 4055 per-
2279 3984 2479 4057 legitur
2507 4003 2520 4038 :
2554 3984 2623 4038 Et
2653 3983 2910 4039 benedixit
2935 4000 3022 4039 eos
3046 3984 3223 4039 dicens
3250 4000 3269 4038 :
3295 3984 3522 4040 Crescite
3547 3994 3594 4039 et
3615 3983 3865 4054 multipli-

526 4134 534 4145 .
586 4078 747 4142 petua
782 4082 886 4129 est.
915 4074 992 4128 De
1015 4072 1301 4143 prudentia
1325 4088 1542 4145 quoque
1569 4082 1625 4130 et
1648 4076 1909 4145 patientia
1929 4084 1985 4131 et
2009 4078 2184 4133 conti-
2281 4074 2472 4128 camini
2494 4071 2656 4145 (Gen.
2689 4074 2765 4144 ι).
2803 4073 2919 4128 Hoc
2955 4080 3038 4128 est
3087 4074 3233 4129 enim
3276 4075 3683 4130 matrimonium
3726 4073 3866 4143 quod

587 4163 773 4217 nentia
800 4163 912 4218 oris
940 4164 1206 4232 scriptum
1230 4170 1314 4223 est
1338 4178 1353 4217 :
1386 4162 1490 4230 Qui
1516 4166 1687 4236 parcit
1708 4168 1919 4222 verbum
1947 4167 2183 4239 proferre
2280 4178 2457 4235 neque
2481 4164 2780 4219 secundum
2812 4163 3089 4234 Pelagium
3111 4170 3396 4234 peccatum
3423 4178 3544 4219 esse
3573 4163 3867 4234 putandum

590 4251 804 4319 durum,
855 4254 1063 4322 prodest
1105 4255 1153 4308 ei
1188 4271 1208 4307 :
1232 4255 1434 4323 patiens
1482 4265 1657 4310 autem
1704 4257 1782 4310 vir
1824 4259 2030 4328 sapiens
2082 4268 2178 4313 est.
2281 4264 2384 4321 est,
2402 4270 2579 4324 neque
2600 4251 3254 4309 secundumlovinianum
3269 4254 3571 4325 virginitati
3590 4267 3868 4321 coaequan»

596 4342 751 4409 Quod
784 4342 927 4397 enim
966 4345 1393 4411 verbum‘potest
1425 4358 1544 4399 esse
1576 4345 1776 4401 durius.
1793 4348 2180 4403 anathemate?
2206 4380 2262 4442 Β
2285 4348 2412 4403 dum
2444 4365 2457 4400 :
2490 4348 2585 4402 sed
2608 4346 2889 4416 virginitas
2908 4344 2987 4400 illi
3006 4343 3339 4414 praeferenda
3366 4353 3450 4399 est
3474 4353 3699 4415 propter
3718 4359 3867 4398 mun-

593 4434 741 4504 quod
764 4431 811 4487 si
836 4433 1082 4505 proferre
1123 4433 1339 4487 incaute
1366 4443 1672 4501 parcerent,
1706 4450 1815 4490 non
1838 4435 1996 4504 longe
2040 4451 2069 4490 a
2092 4438 2179 4493 via
2206 4428 2258 4479 ’θ
2284 4439 2430 4495 ditite
2475 4439 2819 4494 sanctitatem
2866 4444 2920 4492 et
2966 4433 3207 4506 corporis
3248 4428 3638 4508 integritatem,
3663 4436 3868 4508 «mente

593 4523 951 4580 discederent.
982 4522 1091 4576 Aut
1115 4538 1234 4592 quae
1274 4523 1533 4592 patientia
1566 4534 1660 4581 aut
1683 4527 1971 4596 prudentia
1993 4528 2050 4582 in
2077 4528 2197 4585 hoc.
2283 4531 2541 4601 Apostolo
2572 4549 2585 4584 :
2620 4530 2802 4600 Nupta
2829 4529 3021 4599 cogitat
3048 4544 3166 4598 qua:
3202 4538 3323 4582 sunt
3372 4528 3571 4591 mundi,
3605 4524 3860 4594 quomodo

594 4610 812 4682 negotio
858 4610 964 4665 illis
1012 4610 1197 4665 utilior
1240 4620 1402 4679 esset,
1453 4630 1616 4683 quam
1648 4625 1711 4672 ut
1760 4618 2058 4675 Ecclesium
2086 4634 2183 4690 per
2282 4619 2484 4691 placeat
2529 4620 2675 4684 viro;
2704 4620 2847 4689 virgo
2878 4628 3053 4672 autem
3091 4619 3281 4689 cogitat
3303 4633 3416 4687 qua:
3457 4624 3577 4668 sunt
3623 4614 3861 4678 Domini,

595 4704 839 4761 diversas
862 4702 1045 4757 mundi
1079 4710 1260 4772 partes
1286 4704 1636 4760 constitutam
1656 4708 1769 4764 suis
1789 4711 2185 4779 apicibuscon-

595 4798 858 4863 sulerent,
887 4803 942 4852 et
960 4796 1107 4866 quod
1132 4790 1377 4853 omnium
1402 4811 1659 4853 assensus
1684 4800 2028 4868 decrevisset,
2054 4820 2185 4873 pru-

596 4894 787 4947 denter
802 4897 858 4945 et
877 4888 1143 4960 patienter
1167 4887 1476 4943 sancirent?
1490 4887 1698 4943 Dicitur
1716 4890 1858 4944 enim
1881 4905 1979 4960 per
2000 4907 2185 4961 quem.

596 4979 724 5034 dam
781 4979 1077 5050 sapientem
1109 4995 1122 5031 :
1154 4975 1429 5048 Palpebrte
1483 4986 1589 5033 tua:
1641 4980 1938 5049 prmcedant
1979 4998 2184 5052 gressus

596 5080 718 5127 tuos
749 5070 933 5141 (Prov.
962 5070 1059 5142 ιν).
1107 5069 1166 5123 In
1191 5083 1299 5138 quo
1336 5067 1481 5123 dicto
1524 5069 1652 5125 dum
1700 5071 2060 5143 metonymice
2090 5088 2188 5143 per

597 5160 884 5232 palpebras
905 5160 1192 5230 providens
1216 5167 1340 5214 ante
1362 5168 1481 5213 acta
1512 5160 1816 5227 consilium,
1845 5171 1899 5218 et
1919 5178 2018 5233 per
2039 5178 2187 5233 gres-

598 5267 695 5310 sus
728 5253 875 5322 ipsas
900 5253 1139 5308 actiones
1182 5252 1468 5324 signiﬁcet,
1497 5254 1651 5308 nobis
1688 5255 2073 5322 perspicaciter
2097 5256 2184 5311 in-

602 5356 750 5411 nuit,
779 5357 838 5400 ut
879 5360 1091 5414 semper
1134 5355 1442 5400 nostrarum
1475 5347 1750 5401 actionum
1779 5348 2034 5402 exercitia
2063 5363 2189 5417 pro-

601 5437 727 5492 vida
751 5444 804 5490 et
830 5436 1112 5505 prudentia
1131 5435 1464 5504 praeveniunt
1489 5436 1732 5501 consilia,
1760 5444 1820 5490 ut
1846 5446 2005 5491 antea
2031 5452 2185 5492 men-

606 5526 680 5581 tis
722 5509 910 5579 oculus
935 5524 1227 5594 praevideat
1250 5524 1305 5578 in
1349 5526 1545 5593 quibus
1572 5542 1632 5582 se
1662 5527 2001 5597 postmodum
2033 5537 2188 5586 actus

609 5612 882 5671 extendat.
910 5612 958 5669 A
981 5612 1316 5685 multiloquio
1337 5614 1503 5685 igitur
1529 5633 1638 5688 quo
1671 5617 1751 5677 illi
1771 5619 1828 5678 in
1850 5634 1949 5678 sua
1981 5623 2188 5697 synodo

2283 4713 2541 4784 quomodo
2575 4711 2778 4781 placeat
2813 4711 3069 4779 Domino,
3109 4722 3167 4766 ut
3216 4712 3279 4766 sit
3324 4719 3507 4765 sancta
3550 4723 3767 4777 corpore
3816 4714 3863 4760 et

2284 4804 2470 4874 spiritu
2505 4802 2557 4873 (1
2588 4800 2710 4856 Cor.
2751 4802 2872 4873 vn).
2900 4800 3037 4856 Illud
3076 4818 3207 4875 vero
3234 4800 3542 4873 quanquam
3565 4798 3736 4854 altero
3762 4797 3866 4852 sibi

2284 4895 2507 4967 pnelato
2534 4910 2643 4949 non
2680 4900 2764 4949 est
2798 4893 3174 4963 abjiciendum,
3202 4909 3380 4965 neque
3412 4892 3632 4949 omnino
3653 4898 3869 4961 postpo-

2286 4986 2541 5052 nendum,
2584 4986 2676 5041 sed
2707 5002 2829 5041 cum
2859 4987 3032 5057 gratia
3066 4987 3152 5042 his
3188 4987 3386 5057 quibus
3430 4984 3689 5055 competit
3717 4996 3867 5053 appe-

2287 5080 2528 5145 tendum,
2556 5079 2808 5148 quoniam
2838 5089 2921 5135 est
2951 5088 3005 5135 et
3026 5095 3151 5152 erga
3174 5095 3233 5136 se
3253 5096 3361 5135 non
3383 5078 3867 5136 extraordinarium

2287 5176 2342 5225 et
2375 5180 2498 5236 erga
2536 5168 2901 5239 virginitatem
2946 5170 3261 5226 secundum.
3291 5170 3392 5225 Est
3425 5170 3572 5224 enim
3600 5168 3869 5240 virginita-

2289 5259 2359 5314 tis
2383 5259 2751 5326 seminarium,
2779 5261 2905 5329 quia
2947 5261 3086 5315 sicut
3126 5275 3231 5315 uva
3271 5276 3380 5316 non
3417 5261 3635 5316 aliunde
3678 5260 3780 5315 nisi
3806 5274 3864 5312 cx

2287 5352 2400 5408 vite
2440 5354 2696 5415 nascitur,
2742 5353 2818 5406 ila
2859 5360 2915 5406 et
2961 5352 3242 5420 virginitas
3270 5368 3380 5407 non
3428 5353 3646 5406 aliunde
3680 5351 3782 5405 nisi
3807 5365 3867 5401 ex

2289 5446 2636 5502 matrimonio
2651 5445 2916 5516 gignitur;
2945 5454 3000 5500 et
3018 5460 3328 5516 quanquam
3353 5447 3427 5501 sit
3446 5444 3732 5515 virginitas
3752 5456 3871 5494 cett-

2289 5539 2516 5595 tcsimus
2558 5538 2781 5602 fructus,
2834 5539 2997 5594 habet
3041 5547 3221 5595 tamen
3256 5538 3396 5594 infra
3429 5555 3487 5594 se
3518 5539 3869 5595 tricesimum,

2291 5630 2347 5687 id
2374 5640 2458 5689 est
2499 5630 2921 5701 matrimonium,
2952 5631 3094 5688 inter
3111 5647 3248 5702 quos
3273 5632 3484 5690 medius
3503 5630 3875 5700 sexagesimus
