4008 6154
172 256 294 313 1157

931 237 1108 297 LIBRI
1146 231 1494 295 canoram.
1537 258 1609 271 -
1646 225 1868 285 CAPIT.
1910 226 2002 287 DE
2038 229 2229 289 lMAG.
2268 200 2339 273 —;
2372 226 2501 288 LIB;
2542 232 2632 288 III.

3279 233 3421 306 1158

171 380 266 436 est,
293 367 385 438 qui
410 366 467 420 in
490 362 663 419 viduis
681 373 791 415 non
812 357 1233 425 incompetenter
1254 348 1533 419 accipitur.
1561 343 1734 438 Causa
1761 342 1817 402 Α
1840 345 1983 410 quod
2029 348 2376 416 prmeminere
2421 344 2631 438 cmteris
2683 346 2942 402 membris
2994 345 3185 415 debet,
3235 347 3420 421 inﬁma

169 436 344 532 itaque
366 456 615 526 adjutorii
640 453 839 509 femina
861 451 980 505 viro
1000 459 1258 502 concessa
1273 447 1376 503 est,
1402 439 1612 532 dicente
1634 436 1739 490 D0-

168 530 310 608 miuo
338 566 353 604 :
386 549 508 605 Non
528 558 600 602 est
619 547 810 601 bonum
831 542 1091 596 hominem
1115 536 1282 589 solum
1311 546 1442 595 esse,
1484 530 1737 599 faciamus

165 646 210 699 ei
236 642 559 713 adjutorium
588 638 758 694 simile
781 636 881 690 sibi
907 631 1057 704 (Gen.
1086 628 1170 699 It).
1202 627 1374 681 Causa
1401 637 1532 713 vero
1558 621 1740 689 incon-

166 712 420 800 tinentiae,
453 731 609 800 juxta
644 727 774 785 illud
811 720 1049 795 Apostoli
1087 734 1100 772 :
1136 717 1240 783 Qui
1270 712 1594 800 incontinens
1625 715 1736 800 _est,

164 824 321 878 nubat
342 841 362 889 ;
389 795 663 876 et—iterum
690 837 705 873 :
731 815 918 870 Melius
944 819 1017 866 est
1046 809 1236 863 nubere
1251 820 1407 876 quam
1426 800 1511 856 uri
1534 795 1590 869 (Ι
1612 796 1735 893 Ger.

161 913 278 972 vn).
320 887 719 979 interrogemus
753 919 879 975 ergo
926 898 1265 971 Apostolum,
1307 895 1453 949 dicat
1492 887 1740 960 egregius

159 1004 516 1074 prmdicator,
569 1000 708 1055 dicat
758 1010 854 1050 vas
899 992 1218 1056 electionis,
1279 995 1462 1042 utrum
1510 982 1740 1074 feminas

157 1072 358 1149 docere
386 1092 678 1162 permittat,
705 1103 771 1142 an
800 1087 858 1141 in
883 1084 1033 1139 viros
1058 1080 1337 1137 dominari.
1367 1076 1459 1130 Ait
1490 1073 1637 1129 enim
1671 1072 1741 1127 ad

158 1185 502 1239 Timotheum
529 1197 544 1236 :
580 1178 772 1233 Mulier
794 1178 852 1230 in
874 1174 1082 1229 silentio
1108 1173 1274 1225 discat
1304 1185 1421 1223 cum
1448 1165 1589 1220 omni
1614 1163 1739 1217 sub-

156 1275 378 1338 iectione
405 1289 423 1326 :
454 1271 634 1325 docere
679 1275 852 1320 autem
892 1262 1101 1317 mulieri
1132 1277 1233 1314 non
1277 1257 1538 1329 permitto,
1575 1269 1738 1324 neque

154 1363 415 1417 dominari
443 1362 498 1416 in
527 1361 712 1422 virum,
752 1355 841 1410 sed
885 1370 996 1408 esse
1039 1354 1098 1407 in
1141 1350 1346 1406 silentio
1381 1347 1433 1420 (Ι
1471 1345 1607 1400 Tim.
1647 1342 1733 1414 ιι).

155 1455 253 1522 Qui
279 1454 435 1525 quasi
485 1453 930 1517 interrogaretur,
962 1459 1060 1500 cur
1095 1457 1216 1498 eam
1256 1447 1312 1496 et
1339 1440 1533 1493 docere
1561 1442 1616 1489 et
1644 1434 1741 1489 do-

153 1546 349 1601 minari
379 1546 435 1598 in
476 1543 653 1596 virum
677 1537 1033 1610 prohibuerit,
1077 1535 1270 1599 Adam,
1306 1532 1499 1601 inquit,
1536 1529 1738 1600 primus

152 1638 412 1707 formatus
450 1642 546 1697 est,
579 1632 700 1685 inde
725 1631 869 1694 Eva;
910 1635 965 1682 et
992 1614 1164 1681 Adam
1207 1642 1317 1680 non
1344 1631 1429 1679 est
1462 1622 1735 1686 seductus,

1837 440 2005 503 petat,
2035 446 2089 492 et
2108 439 2271 509 pedes
2297 437 2390 507 qui
2423 435 2633 492 caeteris
2660 438 2920 495 membris
2946 441 3421 509 praeeminentibus

1838 524 2022 582 intima
2063 529 2179 585 loca
2224 538 2430 596 tenent,
2477 530 2687 585 caeteris
2726 530 3139 602 praeeminentes
3166 533 3237 588 ad
3262 547 3421 602 supe-

1838 617 1986 674 riora
2029 622 2303 690 tollantur,
2345 625 2532 693 sicque
2579 634 2787 681 natura:
2831 629 2965 683 ordo
3007 630 3329 697 permutatis
3356 643 3422 686 ac

1837 712 2019 779 potius
2043 718 2310 782 perversis
2325 717 2530 787 legibus
2554 716 2805 774 fmdetur.
2833 721 2973 776 Nam
2991 721 3036 775 si
3057 719 3198 777 forte
3224 721 3424 791 aliquis

1838 798 1926 856 his
1944 805 2300 860 sacrosanctis
2324 807 2631 875 apostolicis
2656 809 3082 867 institutionibus
3109 811 3280 868 obniti
3303 819 3422 867 ten-

1837 896 1982 957 tans,
2004 892 2257 949 mulieres
2280 896 2427 951 viros
2449 898 2643 953 docere
2667 899 2905 969 virisque
2939 916 3190 971 prteesse,
3219 910 3274 957 et
3294 918 3421 974 syn-

1968 951 1979 957 -
2726 951 2901 969 ηἺ-η-
2941 951 3190 971 rm"--.
3224 951 3319 958 η-
3359 951 3397 960 .-

1836 983 1973 1041 odos
2007 985 2289 1042 instituere
2327 987 2540 1053 debere,
2592 989 2713 1044 ideo
2746 990 3014 1047 afﬁrmare
3053 994 3206 1049 nisus
3234 951 3419 1061 fuerit,

1841 1080 1982 1150 quod
2006 1079 2302 1134 secundum
2341 1080 2663 1151 evangeliea:
2687 1083 2829 1138 tuba
2861 1087 3194 1151 praeconium
3223 1087 3420 1143 mulie-

1841 1186 1930 1225 res
1954 1172 2143 1227 crebro
2162 1171 2445 1226 mediatori
2470 1172 2567 1226 Dei
2589 1180 2645 1227 et
2665 1173 2944 1228 hominum
2973 1175 3419 1244 ministraverint,

1842 1262 1909 1318 ad
1931 1262 2095 1332 pedes
2119 1262 2324 1317 scilicet
2347 1261 2462 1331 ejus
2488 1263 2755 1329 sedentes,
2780 1273 2835 1320 et
2854 1267 3079 1321 verbum
3107 1281 3175 1324 ex
3195 1285 3291 1326 ore
3307 1272 3425 1341 ejus

1841 1354 2136 1417 audientes,
2162 1370 2227 1409 ac
2258 1355 2404 1410 circa
2425 1354 2682 1426 frequens
2706 1358 3066 1415 ministerium
3094 1369 3423 1434 satagentes,

1841 1452 1896 1499 et
1916 1444 2169 1515 lacrymis
2196 1445 2361 1514 pedes
2381 1444 2499 1514 ejus
2525 1446 2784 1517 rigantes,
2810 1456 2867 1504 et
2894 1451 3105 1520 capillis
3128 1458 3423 1524 tergentes,

1839 1540 1896 1589 et
1921 1549 2115 1602 corpus
2146 1532 2265 1603 ejus
2301 1536 2439 1591 miro
2469 1546 2866 1608 unguentorum
2910 1540 3119 1611 liquore
3146 1543 3418 1613 linientcs,

1840 1636 2072 1693 eumque
2097 1623 2166 1679 ad
2185 1624 2493 1693 passionem
2524 1637 2836 1698 pergentem
2877 1633 3029 1700 sequi
3057 1649 3166 1688 non
3203 1635 3424 1693 distule-

153 1694 350 1784 inulier
403 1732 583 1780 autem
633 1722 853 1777 seducta
902 1720 958 1773 in
1014 1715 1458 1788 praevaricatione
1506 1712 1610 1767 fuit
1638 1730 1652 1765 :
1680 1716 1743 1769 ut
1768 1694 1821 1759 Β
1844 1714 1971 1779 rint,
2015 1721 2071 1770 et
2109 1722 2233 1785 post
2256 1716 2709 1772 resurrectionem
2736 1716 2852 1787 ejus
2879 1718 2948 1773 ad
2968 1719 3083 1789 ejus
3109 1737 3424 1781 monumen-

153 1836 319 1876 nosse
345 1832 627 1889 possemus
651 1814 852 1870 idcirco
875 1813 926 1867 ei
966 1819 1019 1867 et
1047 1810 1305 1867 doctrina:
1334 1814 1394 1890 et.
1414 1805 1737 1861 dominatio-

152 1911 240 1965 nis
263 1908 582 1978 dignitatem
604 1906 673 1961 ab
693 1902 949 1973 Apostolo
972 1902 1024 1956 in
1045 1900 1220 1955 virum
1237 1898 1456 1952 minime
1477 1910 1597 1951 esse
1613 1910 1743 1951 con-

151 2012 387 2061 cessam,
410 1996 536 2065 quia
558 2010 663 2049 non
687 2000 748 2048 ut
772 1993 1010 2055 doceret,
1039 1990 1133 2044 sed
1154 1995 1214 2041 ut
1240 1987 1517 2056 adjuvaret
1544 1984 1739 2051 virum,

150 2104 257 2143 nec
286 2097 347 2142 ut
369 2088 420 2142 ei
446 2092 723 2156 prmesset,
759 2084 855 2139 sed
877 2083 1139 2148 subesset,
1165 2078 1381 2134 condita
1407 2091 1526 2132 esse
1558 2075 1742 2144 perhi-

148 2180 330 2244 betur,
356 2179 470 2233 sive
493 2177 623 2247 quia
649 2176 831 2229 animo
852 2181 937 2228 est
966 2171 1234 2226 inﬁrmior
1258 2176 1313 2222 et
1334 2168 1401 2223 ad
1430 2166 1744 2221 tentandum

150 2271 382 2326 facilior.
412 2269 537 2324 Non
561 2270 719 2334 enim,
744 2273 806 2321 ut
831 2267 907 2320 ait
926 2263 1236 2336 Apostolus,
1266 2262 1346 2316 vir
1365 2270 1576 2333 propter
1594 2260 1746 2330 femi-

149 2380 299 2427 nam,
329 2362 417 2415 sed
443 2361 639 2431 femina
662 2368 870 2430 propter
902 2359 1068 2413 virum
1098 2364 1276 2409 creata
1317 2362 1391 2406 est
1414 2351 1467 2425 (I
1490 2349 1612 2406 Cor.
1637 2350 1740 2421 XI).

150 2454 295 2509 Nam
319 2455 366 2509 si
394 2454 513 2523 quis
553 2452 692 2507 forte
718 2452 856 2506 tanti
889 2450 1090 2506 erroris
1133 2445 1611 2519 praesumptionem
1639 2443 1746 2499 hoc

149 2544 319 2599 ancili
363 2544 504 2598 tueri
546 2544 771 2608 nitatur,
826 2541 967 2612 quod
1009 2541 1150 2595 idem
1196 2536 1486 2608 apostolus,
1524 2551 1648 2591 cum
1678 2534 1743 2589 de

148 2636 344 2692 habitu
364 2632 429 2691 ’et
457 2635 789 2691 continentia
813 2647 1013 2687 annum
1042 2637 1245 2702 ageret,
1270 2629 1365 2693 ait,
1389 2628 1527 2681 Bene
1555 2626 1744 2679 docen-

148 2737 226 2782 tes
256 2726 311 2798 (1
350 2727 487 2781 Tim.
520 2726 595 2799 v),
627 2724 724 2782 sed
764 2723 1105 2796 prudentiam
1133 2722 1380 2785 doceant,
1408 2716 1745 2788 perpendant

147 2820 303 2888 quod
346 2834 457 2873 non
490 2833 586 2873 eas
616 2818 814 2873 docere
835 2815 1120 2887 quamdam
1155 2811 1422 2869 insaniam
1446 2808 1532 2864 vel
1559 2824 1745 2878 quam-

146 2910 281 2964 dam
305 2908 652 2964 traditionem
690 2906 1049 2963 sacrosanctis
1068 2906 1290 2961 Patrum
1317 2902 1746 2959 institutionibus

146 3000 522 3068 resistentem,
548 3000 632 3056 vel
655 3009 803 3056 certe
827 2999 1108 3069 cujusdam
1124 2998 1431 3067 insensatae
1455 2996 1534 3051 rei
1562 2994 1747 3051 adora-

147 3092 376 3155 tionem,
432 3091 528 3147 sed
572 3090 918 3162 prudentiam
955 3097 1010 3145 et
1056 3089 1195 3145 bene
1236 3086 1451 3143 vivendi
1499 3085 1747 3156 exempla

146 3183 492 3254 permiserit;
519 3198 622 3239 nec
665 3196 759 3238 eas
797 3182 853 3238 id
890 3181 1071 3237 facere
1109 3181 1166 3235 in
1192 3180 1445 3246 ecclesia,
1484 3192 1660 3247 neque
1690 3178 1747 3232 in

147 3281 439 3338 conventu,
472 3288 650 3344 neque
691 3273 749 3328 in
795 3272 1022 3345 synodo,
1055 3271 1151 3327 sed
1195 3271 1450 3343 privatim
1490 3270 1748 3341 longaeva:

146 3368 327 3424 aetatis
352 3367 686 3436 experientia
717 3374 773 3422 et
816 3365 1054 3436 explosis
1078 3371 1302 3434 propter
1323 3363 1425 3418 mvi
1456 3361 1749 3417 maturita—

147 3466 257 3514 tem
295 3458 559 3514 vitiorum
603 3458 904 3524 incentivis,
956 3458 1098 3513 inter
1132 3457 1458 3512 domesticos
1483 3455 1745 3526 permise-

143 3550 249 3618 rit;
288 3565 392 3604 nec
415 3565 624 3615 omnes,
655 3550 751 3604 sed
770 3566 863 3605 eas
898 3564 1019 3619 qua:
1054 3550 1110 3603 in
1138 3550 1392 3620 Operibus
1413 3548 1571 3604 bonis
1593 3546 1748 3602 testi-

141 3640 403 3694 monium
426 3639 644 3702 habent,
676 3655 793 3708 quae
816 3641 1061 3710 hospites
1077 3641 1359 3710 recipiunt,
1391 3655 1511 3710 qum
1532 3645 1750 3695 sancto-

140 3747 273 3786 rum
326 3731 495 3802 pedes
535 3730 747 3796 lavant,
794 3744 913 3799 quae
962 3731 1361 3787 tribulationem
1417 3730 1749 3802 patientibus

140 3820 594 3885 subministrant,
635 3836 755 3890 qua:
806 3836 968 3875 omne
1017 3836 1153 3890 opus
1194 3822 1393 3876 bonum
1446 3822 1748 3877 subsecuta:

140 3922 299 3977 sunt,
332 3928 563 3982 quarum
584 3919 640 3967 et
664 3911 780 3981 ipse
816 3910 1081 3974 incessus,
1104 3917 1300 3975 motus,
1322 3910 1521 3975 vultus,
1546 3925 1745 3976 sermo,

144 3999 451 4067 silentium,
488 4001 779 4070 quamdam
814 4016 983 4055 sacrae
1007 3999 1354 4056 continentiae
1383 4007 1552 4069 gestet
1579 4000 1749 4054 hone-

145 4099 372 4147 statem.
402 4090 565 4145 Aliud
604 4098 691 4145 est
724 4091 871 4146 enim
913 4088 1378 4145 matremfamilias
1428 4089 1750 4146 domesticos
1792 4160 1805 4171 κ

1791 4183 1808 4263 ς
1850 4198 1966 4235 rum
1992 4180 2334 4253 approbatum
2355 4196 2387 4232 a
2408 4177 2517 4233 Deo
2561 4178 2836 4232 virtutibus
2864 4187 2915 4233 et
2952 4181 3134 4250 signis,
3161 4196 3279 4252 qua:
3309 4182 3432 4251 fecit

148 4185 333 4239 verbis
379 4192 433 4239 et
468 4183 734 4253 exemplis
778 4184 1014 4248 erudire,
1050 4184 1195 4238 aliud
1245 4184 1590 4240 antestitibus
1615 4186 1750 4272 .sive

146 4274 299 4329 omni
338 4274 706 4330 ecclesiastico
749 4274 927 4329 ordini
969 4275 1054 4330 vel
1080 4275 1244 4330 etiam
1273 4276 1503 4346 publicae
1546 4277 1749 4347 synodo

1846 1810 1960 1858 tum
1980 1813 2325 1861 recurrentes
2348 1804 2465 1873 ejus
2479 1806 2858 1863 sacratissimte
2878 1812 3290 1868 resurrectionis
3309 1813 3426 1882 glo-

1843 1893 2049 1949 riosum
2070 1895 2390 1966 mysterium
2416 1903 2472 1950 et
2491 1895 2678 1966 primae
2702 1899 3048 1967 cognoverint
3072 1909 3129 1956 et
3149 1901 3426 1973 discipulis

1844 1985 2177 2052 nuntiarent,
2231 1986 2626 2042 animadvertat
2658 1990 2801 2059 quod
2839 1990 2983 2047 aliud
3033 1993 3104 2047 sit
3153 1995 3221 2050 ad
3264 1998 3427 2065 pedes

1844 2078 2057 2134 Domini
2103 2080 2309 2148 sedere,
2349 2088 2405 2135 et
2437 2090 2633 2138 caetera
2671 2097 2792 2152 qua:
2832 2085 3190 2153 praemisimus
3244 2103 3424 2159 agere,

1844 2172 1989 2227 aliud
2018 2173 2251 2244 synodos
2273 2182 2529 2242 statuere,
2564 2175 2619 2231 in
2655 2178 3008 2234 conventibus
3037 2180 3182 2237 viros
3208 2182 3427 2248 docere,

1842 2278 2125 2332 perversas
2169 2267 2581 2323 constitutiones
2619 2268 2861 2336 tradere,
2882 2300 2892 2311 -
2912 2279 2968 2326 et
3005 2272 3138 2328 viris
3182 2274 3428 2343 praeferri

1844 2360 2115 2423 appetere.
2139 2355 2247 2410 lllae
2273 2356 2472 2410 etenim
2496 2350 2681 2428 typum
2709 2367 2909 2414 sanctae
2933 2346 3189 2417 Ecclesia:
3209 2374 3429 2434 gestan-

1844 2451 1928 2499 tes
1952 2444 2178 2501 Domino
2220 2447 2616 2515 ministravere,
2652 2454 2707 2504 e‘t
2748 2451 3130 2509 sacratissimis
3156 2453 3274 2524 ejus
3297 2455 3431 2514 allo-

1844 2538 1988 2608 quiis
2018 2538 2283 2595 inhaesere
2311 2555 2326 2593 :
2354 2540 2474 2596 istae
2503 2555 2631 2597 vero
2655 2543 2701 2597 si
2743 2557 2863 2612 qua:
2908 2552 3055 2611 sunt,
3088 2545 3319 2603 Athaliae
3344 2549 3431 2604 ni-

1843 2630 2040 2685 mirum
2082 2630 2327 2701 exempla
2359 2638 2675 2701 sequuntur,
2703 2648 2824 2702 quae
2869 2632 2995 2689 dum
3031 2635 3163 2692 viris
3198 2651 3433 2707 przeesse

1844 2719 2230 2792 incompetenti
2271 2721 2537 2778 desiderio
2571 2724 2797 2793 appetit,
2849 2739 3006 2793 pene-
3038 2742 3198 2783 omne
3244 2744 3432 2787 semen

1844 2812 2051 2882 regium
2079 2811 2331 2878 extinxit,
2363 2821 2419 2868 et
2459 2812 2543 2868 sui
2584 2810 2954 2869 nefandissimi
2983 2816 3175 2885 capitis
3209 2818 3431 2873 interitu

1846 2903 1913 2959 ad
1943 2903 2195 2959 ultimum
2224 2904 2502 2976 indignam
2525 2903 2695 2960 vitam
2717 2904 2876 2977 digna
2909 2916 3085 2963 morte
3108 2907 3301 2963 finivit.
3326 2908 3432 2966 Fe-

1770 3036 1822 3104 ο
1848 2994 1995 3049 mina
2026 3009 2156 3051 vero
2179 2995 2385 3051 idcirco
2406 2995 2619 3051 Domini
2648 3003 2705 3051 et
2736 2997 3023 3054 salvatoris
3048 2999 3220 3054 nostri
3246 3014 3433 3056 resur-

1848 3084 2104 3141 rectionis
2125 3086 2424 3141 nuntiatrix
2450 3101 2573 3143 esse
2614 3086 2978 3155 existimatur,
3005 3095 3067 3144 ut
3093 3090 3219 3159 quia
3253 3089 3434 3147 fuerat

1844 3179 1896 3235 ei
1918 3176 2119 3234 femina
2143 3179 2211 3235 de
2229 3178 2383 3235 caelis
2400 3178 2468 3235 ad
2488 3185 2663 3236 terras
2682 3180 2921 3238 venienti
2938 3181 3063 3248 iter,
3090 3181 3247 3238 ﬂeret
3265 3183 3436 3242 etiam

1844 3272 1949 3328 eia
1977 3270 2139 3326 terris
2164 3269 2233 3325 ad
2257 3268 2423 3326 caelos
2452 3270 2701 3327 redeunti
2729 3270 2911 3339 index,
2953 3278 3010 3327 et
3028 3287 3188 3343 quem
3212 3273 3436 3331 venien-

1846 3371 1955 3419 tem
1996 3361 2165 3417 Maria
2203 3362 2354 3432 virgo
2388 3365 2588 3420 mundo
2613 3363 2796 3430 edidit,
2833 3365 3145 3422 redeuntem
3173 3366 3434 3425 nimirum

1847 3454 2014 3509 Maria
2036 3468 2068 3507 a
2090 3452 2317 3509 Domino
2343 3462 2534 3509 sanata
2558 3454 2835 3526 discipulis
2863 3457 3155 3512 nuntiaret.
3188 3457 3292 3526 Qui
3317 3474 3436 3515 me-

1847 3544 2024 3600 diator
2049 3543 2146 3598 Dei
2173 3551 2229 3598 et
2266 3544 2549 3600 hominum
2576 3561 2687 3602 non
2713 3546 2917 3604 ideirco
2946 3548 3014 3605 de
3040 3550 3241 3605 femina
3270 3558 3435 3611 natus

1841 3648 1965 3698 esse
1988 3635 2321 3705 perhibetur,
2346 3642 2408 3690 ut
2434 3636 2726 3694 femineum
2758 3653 2949 3695 sexum
2971 3640 3103 3698 viris
3130 3641 3433 3713 praeferret,

1846 3725 1941 3780 sed
1962 3733 2023 3779 ut
2046 3732 2335 3795 utrumque
2358 3739 2551 3781 sexum
2577 3727 2633 3782 in
2651 3727 2866 3798 culpam
2891 3728 3100 3799 lapsum
3123 3745 3235 3787 suae
3255 3731 3438 3788 incar-

1847 3814 2082 3871 nationis
2122 3816 2385 3888 mysterio
2432 3817 2720 3873 redimeret
2752 3818 2970 3872 :virum
2996 3820 3267 3888 videlicet,
3309 3824 3438 3892 quia

1847 3906 1931 3960 vir
1974 3906 2092 3961 fieri
2135 3922 2235 3976 pro
2275 3914 2459 3961 nostra
2495 3906 2669 3961 salute
2698 3906 2949 3976 dignatus
2982 3915 3085 3973 est,
3115 3907 3277 3977 juxta
3302 3912 3436 3968 illud

1845 4000 2252 4070 propheticum:
2279 3997 2416 4052 Ecce
2441 3997 2603 4051 veniet
2628 3998 2726 4063 vir,
2764 3997 2937 4052 oriens
2978 4010 3054 4053 est
3084 4015 3271 4055 nomen
3317 4003 3434 4071 ejus

1849 4088 2034 4160 (Zach.
2064 4089 2169 4161 vt);
2198 4088 2263 4144 de
2290 4102 2396 4157 quo
2433 4084 2721 4151 scribitur,
2747 4085 2931 4140 Jesum
2974 4086 3317 4141 Nazarenam
3358 4090 3434 4143 vi-

1848 4289 1940 4343 per
1965 4271 2116 4326 illum
2158 4270 2414 4325 Dominus
2454 4269 2590 4341 (Act.
2615 4267 2714 4341 II);
2744 4268 3003 4325 feminam
3027 4287 3176 4341 vero,
3211 4274 3338 4344 quia
3362 4273 3434 4331 de

146 4363 403 4434 quaedam
443 4365 652 4421 inutilia
696 4365 979 4422 docentem
1027 4366 1306 4432 interesse,
1343 4383 1465 4422 cum
1498 4367 1746 4424 videlicet
1768 4388 1828 4454 ι)
1849 4362 2051 4418 femina
2088 4362 2203 4418 sine
2229 4362 2339 4418 ullo
2363 4360 2646 4417 masculini
2686 4378 2848 4419 sexus
2873 4365 3124 4435 contagio
3162 4368 3314 4423 nasci
3353 4366 3435 4422 di-

147 4450 261 4506 ista
294 4466 416 4520 quae
457 4454 774 4511 domesticos
821 4457 1158 4523 exhortatur,
1198 4473 1386 4513 eorum
1413 4464 1467 4514 et
1491 4472 1649 4515 suum
1685 4458 1744 4516 in

146 4538 447 4597 comtiihne
470 4545 691 4615 adipisci
711 4548 889 4618 cupiat
907 4549 1231 4619 profectum,
1263 4551 1354 4606 illa
1375 4567 1505 4607 vero
1532 4552 1588 4607 in
1614 4569 1744 4610 con-

147 4642 315 4690 ventu
374 4644 613 4693 ventosa:
654 4646 861 4695 tantum
903 4642 1077 4698 laudis
1111 4650 1166 4698 et
1209 4644 1375 4700 solius
1419 4630 1755 4718 arrogantiae

149 4725 357 4780 ambiat
398 4729 718 4797 appetitum.
775 4730 927 4788 Sicut
976 4734 1139 4804 igitur
1172 4744 1335 4805 caput
1364 4736 1461 4791 viri
1490 4737 1742 4794 Christus

150 4824 249 4883 est,
278 4817 357 4871 ita
396 4819 655 4875 nimirum
695 4831 857 4893 caput
901 4825 1144 4881 mulieris
1180 4826 1283 4891 vir,
1315 4842 1379 4883 ac
1417 4843 1515 4898 per
1554 4830 1658 4887 hoc
1696 4830 1744 4885 si

153 4908 346 4962 mulier
376 4910 508 4967 viris
545 4927 783 4982 praeesse
828 4915 1015 4983 debet,
1045 4916 1158 4985 jam
1187 4932 1377 4974 eorum
1422 4929 1583 4990 caput
1608 4928 1693 4977 est
1723 4935 1760 4994 εΔ

152 5003 275 5057 etsi
300 5003 389 5058 illa
407 5021 595 5063 eorum
615 5018 777 5079 caput
793 5018 897 5077 est,
925 5011 1001 5065 illi
1022 5014 1331 5075 necessario
1356 5023 1516 5084 caput
1536 5006 1741 5070 Christi

152 5100 340 5146 erunt.
372 5094 483 5152 Non
517 5107 698 5155 autem
722 5101 863 5157 ullus
889 5112 1050 5173 caput
1076 5102 1279 5160 Christi
1306 5113 1506 5175 praeter
1524 5104 1741 5161 Patrem

151 5196 278 5237 esse
318 5193 511 5254 potest,
570 5192 867 5248 secundum
919 5192 1238 5264 Apostolum
1286 5196 1380 5265 qui
1426 5196 1520 5260 ait,
1570 5194 1743 5266 Caput

152 5272 358 5329 Christi
398 5276 535 5333 Deus
558 5281 608 5353 (Ι
634 5284 757 5339 Cor.
776 5284 876 5357 χι),
906 5292 960 5339 et
984 5285 1052 5341 de
1075 5301 1182 5355 quo
1219 5287 1275 5340 in
1305 5286 1542 5342 Canticis
1568 5287 1740 5343 cauti-

150 5381 349 5423 corum
377 5370 596 5427 dicitur:
622 5374 790 5447 Caput
815 5377 930 5447 ejus
959 5394 1150 5432 aurum
1176 5378 1428 5448 optimum
1455 5377 1630 5449 (Cant.
1661 5378 1737 5449 ν).

85 5506 91 5512 .
150 5459 273 5516 Non
313 5462 474 5531 igitur
498 5467 693 5522 mulier
731 5468 864 5524 viris
902 5485 962 5524 se
1000 5469 1338 5540 prmferendo
1370 5483 1559 5524 eorum
1581 5478 1743 5537 caput

148 5565 271 5608 esse
297 5553 475 5623 debet,
504 5573 575 5614 ne
594 5560 724 5614 dum
745 5576 907 5616 sexus
933 5560 1157 5616 inferior
1179 5560 1320 5615 ultra
1347 5575 1406 5616 se
1426 5575 1592 5631 quam
1610 5561 1743 5619 ordo

152 5646 412 5734 exposcit,
458 5649 685 5721 attollit,
730 5661 786 5711 et
818 5652 1275 5729 ,superiorisexui
1305 5652 1547 5729 prtefert,
1578 5662 1742 5723 caput

545 5781 567 5811 .'
646 5786 667 5811 ἡ

1849 4461 2042 4525 gnatus
2070 4460 2173 4520 est,
2200 4461 2257 4508 et
2283 4453 2564 4525 utriusque
2593 4466 2757 4511 sexus
2791 4454 2933 4511 sicut
2957 4471 3118 4513 verus
3160 4458 3434 4526 conditor,

1846 4546 1922 4602 ita
1948 4546 2115 4603 etiam
2145 4561 2309 4602 verus
2327 4554 2612 4617 permanet
2635 4556 2992 4608 restaurator.

2427 4659 2653 4718 CAPUT
2689 4662 2831 4720 XIV.

1848 4773 2044 4828 Contra
2071 4788 2157 4827 eos
2177 4772 2267 4844 qui
2292 4773 2494 4848 dicunt,
2517 4774 2614 4831 Dei
2642 4765 2998 4848 cooperantes
3018 4797 3116 4838 nos
3143 4783 3438 4839 direximus

1917 4858 2253 4920 congregare
2285 4860 2401 4910 vos,
2445 4847 2550 4901 sive
2575 4847 2929 4920 congregavit
2954 4868 3050 4908 vos
3074 4854 3216 4907 Deus
3254 4855 3436 4907 consi-

1917 4914 2049 4969 lium
2072 4916 2351 4986 proprium
2380 4923 2620 4973 statuere
2644 4914 2852 4975 voletis.
3236 4952 3243 4962 -

1917 5006 1977 5061 ln
2002 5008 2176 5078 primo
2221 5008 2380 5078 hujus
2427 5010 2606 5078 operis
2648 5010 2786 5064 libro
2828 5010 2882 5064 in
2904 5012 3086 5085 prima
3109 5021 3262 5084 parte
3288 5013 3435 5081 libri,

1848 5112 1974 5153 cum
2016 5112 2204 5152 eorum
2229 5113 2382 5153 error
2407 5098 2764 5154 discuteretur
2792 5098 2887 5165 qui
2922 5100 3111 5156 dicunt
3131 5104 3301 5159 Deum
3336 5105 3439 5160 sibi

1849 5204 2186 5259 conregnare,
2220 5187 2611 5258 aliquantulum
2658 5187 2994 5254 disputatum
3035 5200 3150 5260 est,
3178 5192 3443 5253 undehic

1850 5296 2065 5352 quoque
2110 5296 2283 5348 error,
2320 5293 2429 5350 quo
2470 5292 2530 5332 se
2559 5277 2658 5331 Dei
2698 5288 3038 5344 cooperantes
3087 5279 3446 5349 superciliose

1844 5375 2071 5446 jactant,
2095 5375 2299 5432 cassari
2334 5374 2545 5441 potest:
2571 5366 2821 5432 quoniam
2837 5376 2894 5422 et
2921 5369 3098 5427 Deum
3123 5369 3224 5426 sibi
3246 5380 3450 5428 conte?

1850 5484 2033 5539 gnare,
2058 5478 2113 5525 et
2140 5470 2236 5524 Dei
2280 5462 2628 5528 cooperanies
2664 5469 2806 5519 esse,
2839 5473 2955 5513 non
2996 5462 3290 5521 humiliter,
3330 5470 3455 5514 non

1851 5569 2161 5618 sanctorum
2186 5565 2378 5626 regum
2417 5540 2671 5610 exemplis
2690 5545 2930 5596 οοηιθιιιὶ
2949 5586 2972 5611 ,
3000 5566 3110 5607 non
3135 5554 3461 5604 sanctarum

1826 5651 2253 5729 ’Scriptuj‘arum
2278 5632 2706 5707 institutionibus
2726 5630 3018 5708 ἱιιδιινμᾳιί,
3047 5640 3147 5703 sed
