4008 6154
594 322 736 389 “39

1466 326 1532 385 B.
1571 327 1823 387 CAROLI
1859 326 2079 388 MAGNI
2110 318 2265 389 OPP;
2297 328 2479 387 PARS
2514 330 2579 388 ll.
2618 328 2860 391 SECTIO
2891 332 2957 391 Π.

3696 324 3868 391 tuo

590 445 810 526 etfastu
835 444 1160 514 arrogantiae
1178 442 1304 499 elati
1324 442 1584 511 delirant;
1610 453 1664 500 et
1685 444 1809 500 dum
1832 452 2087 514 appetunt
2108 442 2165 497 id
2191 443 2242 505 Α
2266 441 2426 498 licum
2441 447 2752 513 perenniter
2762 445 3016 501 exstinxit
3035 444 3275 501 exitium.
3290 442 3662 513 Cogitationes
3688 463 3857 502 nam-

588 537 697 592 sibi
714 550 975 606 usurpare
1006 535 1147 607 quod
1170 551 1278 591 non
1296 535 1569 604 competit,
1600 535 1891 590 timendum
1911 541 1995 590 est
2020 548 2088 588 ne
2108 531 2163 587 id

568 668 569 671 η
594 626 843 680 amittant
866 626 1009 696 quod
1045 626 1316 695 competit,
1345 626 1470 695 quia
1502 626 1746 695 quisquis
1769 625 1935 679 ambit
1956 623 2159 689 illicita,

595 718 843 773 amittere
863 718 998 773 solet
1023 716 1305 788 acquisita.
1326 715 1432 771 Sed
1459 716 1735 784 quoniam,
1758 722 1819 768 ut
1840 711 2050 782 praefati
2071 722 2165 767 su—

590 826 731 876 mus,
756 812 811 865 in
831 811 1196 880 superioribus
1208 809 1297 865 hic
1320 824 1473 865 error
1492 824 1556 865 ex
1580 818 1732 879 parte
1760 807 2031 861 discussus
2056 809 2162 870 est,

586 917 735 958 nunc
763 904 830 958 ad
855 904 913 958 id
940 904 1081 973 quod
1104 903 1225 959 ideo
1256 903 1376 958 illos
1387 903 1478 973 qui
1502 903 1554 956 in
1570 902 1753 956 eadem
1769 898 1971 970 synodo
1998 896 2164 953 fuisse

586 999 885 1047 noscuntur
907 1000 1259 1063 congregatos
1276 992 1478 1057 dicunt,
1509 998 1569 1045 ut
1586 1005 1683 1059 per
1706 1003 1799 1044 eos
1827 988 1968 1041 Deus
1989 986 2163 1041 consi-

588 1081 724 1136 lium
756 1098 913 1139 suum
943 1090 1222 1147 statueret,
1260 1089 1459 1137 nostrae
1489 1078 1863 1148 disputationis
1889 1084 2162 1131 vertamus

587 1176 898 1231 articulum.
938 1176 1131 1230 Dicunt
1158 1173 1341 1230 enim:
1377 1170 1714 1241 Congregavit
1749 1185 1835 1223 vos
1855 1166 1995 1221 Deus
2032 1183 2158 1220 con-

588 1263 767 1318 silium
803 1267 1068 1336 proprium
1098 1274 1324 1318 statuere
1352 1262 1543 1327 volens,
1562 1261 1714 1330 quasi
1741 1276 1848 1313 non
1902 1258 2160 1327 scriptum

590 1355 679 1419 sit,
697 1355 801 1420 Qui
825 1357 942 1410 vivit
968 1358 1025 1411 in
1043 1365 1291 1410 aeternum
1318 1344 1505 1409 creavit
1535 1354 1710 1407 omnia
1737 1350 1913 1416 simul,
1929 1360 1982 1405 et
2007 1351 2163 1419 quasi

590 1446 701 1501 Deo
726 1449 968 1516 quasdam
997 1463 1132 1504 nova
1159 1448 1408 1503 voluntas
1438 1460 1557 1514 quae
1583 1453 1742 1499 antea
1783 1459 1891 1497 non
1924 1458 2162 1498 accesse-

588 1542 694 1600 rat,
726 1537 982 1591 accedat:
1013 1538 1078 1592 de
1101 1552 1208 1605 quo
1228 1549 1327 1605 per
1348 1535 1667 1604 prophetam
1715 1534 2003 1589 scribitur:
2039 1532 2163 1587 Sta-

589 1627 688 1679 tuit
712 1643 773 1680 ea
800 1626 852 1680 in
874 1635 1122 1681 aeternum
1154 1634 1203 1680 et
1226 1626 1282 1679 in
1301 1623 1550 1681 swculum
1582 1622 1762 1679 steculi
1785 1665 1798 1687 ,
1848 1631 2162 1695 praeceptum

587 1719 775 1788 posuit,
799 1727 847 1772 et
884 1734 987 1772 non
1020 1718 1301 1789 prmteribit
1350 1716 1526 1789 (Psal.
1556 1718 1811 1788 chvm);
1869 1723 1961 1770 aut
2004 1714 2159 1784 quasi

590 1764 775 1788 r'vm'v
800 1764 844 1772 ν’
885 1764 987 1772 ""'
1021 1764 1297 1789 r"""'""'
1355 1764 1402 1789 κ’
1428 1764 1526 1772 "'"
1559 1764 1811 1788 “⁴¹·“·¹’···Ιν
1870 1764 1959 1770 """
2009 1764 2159 1784 ‘l““"

590 1808 753 1863 ullius
799 1808 1418 1879 adminiculo‘indiguus
1445 1809 1647 1864 idcirco
1671 1808 1804 1862 alios
1841 1813 2157 1875 congregat,
2190 1764 2237 1838 Β

588 1905 649 1952 ut
666 1898 899 1967 plurium
934 1900 1318 1955 deliberatione
1360 1899 1487 1968 quid
1517 1913 1675 1966 agere
1705 1897 1897 1951 debeat
1943 1902 2160 1949 statuat.

591 1990 686 2044 Est
712 1990 856 2044 enim
885 1990 1157 2045 consilium
1192 2006 1223 2045 a
1268 1989 1597 2045 consulendo
1627 1989 1829 2043 dictum
1853 2025 1869 2052 ,
1924 2001 2031 2056 quo
2068 1984 2167 2039 ali-

588 2080 720 2149 quid
738 2087 831 2134 aut
858 2079 1089 2135 faciendi
1119 2087 1212 2134 aut
1254 2094 1361 2134 non
1387 2077 1617 2134 faciendi
1653 2077 1871 2133 assidua
1921 2076 2166 2132 conside-

590 2170 799 2225 ratione
823 2171 1149 2226 decernitur.
1174 2171 1269 2224 Est
1292 2169 1435 2225 enim
1463 2184 1632 2241 genus
1658 2173 1837 2222 causa:
1867 2166 2009 2235 quod
2039 2180 2164 2220 ora-

589 2265 739 2315 tores
761 2260 1163 2316 deliberativum
1194 2259 1417 2325 dicunt,
1470 2260 1527 2312 in
1562 2273 1669 2327 quo
1694 2270 1889 2327 genere
1940 2254 2010 2310 de
2048 2255 2166 2324 qui-

589 2349 823 2405 buslibet
844 2351 965 2405 vitae
990 2351 1311 2405 utilitatibus
1336 2350 1465 2418 quid
1498 2356 1590 2404 aut
1610 2348 1803 2403 debeat
1818 2353 1911 2400 aut
1932 2361 2041 2399 non
2074 2346 2166 2400 (le-

588 2440 713 2497 heat
739 2442 855 2497 ﬁeri
882 2450 1160 2499 tractatur.
1191 2441 1327 2496 Sunt
1353 2442 1496 2495 enim
1524 2441 1577 2495 in
1597 2456 1662 2496 eo
1687 2439 1867 2495 suasio
1884 2446 1939 2492 et
1962 2438 2165 2493 dissua-

589 2532 692 2597 sio,
723 2533 777 2587 id
797 2541 900 2598 est,
924 2534 990 2588 de
1029 2533 1323 2602 expetendo
1354 2538 1409 2586 et
1442 2529 1715 2601 fugiendo,
1738 2530 1804 2585 de
1838 2527 2083 2583 faciendo
2110 2535 2165 2583 et

588 2636 700 2680 non
734 2623 999 2679 faciendo.
1032 2625 1089 2678 in
1118 2625 1368 2680 suasione
1398 2633 1574 2679 autem
1600 2625 1704 2679 duo
1749 2630 1872 2678 sunt
1900 2620 2120 2677 fortiora
2142 2662 2158 2687 ,

592 2727 718 2784 spes
739 2723 794 2769 et
821 2722 1015 2771 metus.
1048 2715 1182 2782 Quia
1214 2716 1374 2785 igitur
1402 2714 1543 2770 Deus
1563 2714 1902 2783 omnipotens
1927 2713 2162 2778 est,ideo

591 2804 790 2860 nullius
815 2813 899 2861 est
945 2806 1212 2875 indiguus,
1235 2806 1461 2875 ideoque
1505 2820 1608 2860 nec
1639 2804 1859 2859 alterius
1914 2803 2164 2858 suasione

592 2898 661 2952 ad
680 2912 743 2954 ea
769 2911 889 2967 quia:
916 2912 1023 2953 non
1053 2897 1167 2951 vult
1195 2898 1495 2967 peragenda
1531 2904 1879 2967 promovetur
1899 2936 1915 2961 ,
1962 2909 2064 2950 nec
2096 2894 2163 2949 ab

593 2989 680 3044 his
706 3003 825 3058 quae
845 3002 1002 3059 agere
1031 2989 1146 3043 vult
1166 2988 1326 3044 ullius
1351 2989 1686 3044 dissuasione
1706 2996 2032 3051 removetur,
2064 2998 2164 3039 nec

2261 547 2366 602 que
2389 535 2569 591 cordis
2595 535 2711 603 ejus
2739 537 3260 607 pmdestinationem
3286 534 3482 589 interni
3513 532 3634 602 ejus
3654 535 3863 604 iudicii

2261 622 2509 682 innuunt.
2536 624 2592 678 in
2615 628 2811 696 quibus
2833 636 3026 682 cuncta
3050 627 3283 695 reposita
3321 633 3446 680 sunt
3472 640 3597 695 qua:
3619 629 3706 683 vel
3737 628 3853 684 fue

2260 721 2389 769 runt
2411 715 2495 768 vel
2549 719 2897 785 sequentibus
2924 719 3135 774 saeculis
3162 717 3340 771 futura
3367 716 3689 774 succedunt.
3741 721 3851 775 llo

2259 803 2465 861 minum
2487 809 2685 862 etenim
2710 809 2933 864 consilia
2978 810 3292 879 plerumque
3333 806 3710 865 frustrantur:
3745 812 3866 879 Dp-

2238 894 2392 951 'mini
2419 908 2596 955 autem
2623 901 2905 955 consilium
2930 908 3212 971 permanet
3257 899 3310 952 in
3338 907 3617 954 aeternum.
3665 901 3864 958 Homo

2260 988 2403 1042 enim
2430 992 2674 1047 mortalis
2700 992 2897 1048 caduca
2943 993 3100 1061 sapit,
3126 990 3363 1045 aeternus
3409 989 3669 1047 Dominus
3703 1011 3865 1048 nun-

2261 1094 2419 1147 quam
2454 1083 2892 1150 reprehendenda
2924 1082 3221 1138 constituit.
3255 1080 3408 1137 Unde
3435 1079 3620 1136 ethoc
3661 1084 3859 1138 consi-

2259 1171 2393 1226 lium
2407 1175 2548 1242 quod
2581 1175 2653 1228 illi
2682 1176 2863 1230 dicunt
2878 1176 3019 1245 quod
3032 1189 3128 1245 per
3141 1189 3234 1229 eos
3254 1173 3513 1227 Dominus
3543 1176 3855 1241 statuisset,

2260 1261 2381 1317 ideo
2406 1279 2437 1317 a
2465 1263 2691 1320 Domino
2727 1274 2989 1320 statutum
3019 1280 3137 1320 esse
3178 1264 3400 1318 minime
3428 1263 3685 1333 creditur,
3713 1267 3854 1337 quia

2260 1352 2553 1411 Dominicis
2578 1359 2861 1428 praeceptis
2904 1358 3173 1413 contraire
3216 1357 3566 1425 dignoscatur,
3605 1373 3727 1413 cum
3760 1359 3857 1411 vi-

2261 1446 2454 1501 delicet
2475 1456 2529 1502 et
2548 1464 2645 1518 per
2671 1448 2884 1505 Veteris
2910 1458 2965 1505 et
2996 1465 3092 1519 per
3140 1448 3274 1504 Novi
3308 1432 3635 1504 Testamenti
3681 1450 3853 1519 pagi-

2261 1552 2386 1590 nam
2410 1537 2552 1593 Deus
2579 1555 2638 1594 se
2675 1540 2850 1595 solum
2886 1541 3100 1595 adorari
3146 1555 3240 1595 seu
3274 1540 3377 1594 coli
3414 1539 3723 1605 instituerit,
3754 1539 3856 1593 isti

2262 1637 2442 1683 autem
2468 1630 2727 1698 quasdam
2754 1648 2841 1686 res
2867 1632 3171 1688 insensatas
3200 1632 3502 1688 adorandas
3520 1631 3630 1685 sive
3661 1630 3853 1686 colen-

2264 1720 2361 1774 das
2416 1736 2535 1775 esse
2592 1722 2978 1777 absurdissima
3031 1723 3412 1779 deliberatione
3469 1726 3853 1793 percenseant.

2262 1808 2379 1865 Non
2406 1811 2551 1864 enim
2582 1810 2725 1866 Deus
2758 1813 3153 1868 commutabilis
3181 1821 3279 1877 est,
3319 1822 3379 1868 ut
3428 1828 3549 1884 qua:
3577 1820 3732 1866 antea
3766 1812 3857 1864 in-

2257 1891 2513 1954 hibuerat
2541 1901 2701 1955 modo
2727 1902 3026 1972 peragenda
3067 1901 3360 1966 concedat,
3418 1903 3512 1957 sed
3537 1901 3682 1971 quod
3722 1906 3858 1952 ante

2264 1990 2459 2045 smcula
2491 1992 2546 2045 in
2576 1994 2801 2047 consilio
2835 2010 2951 2060 suo,
2976 1996 3077 2049 hoc
3097 2003 3199 2059 est,
3226 1995 3279 2048 in
3307 1993 3443 2048 Filio
3469 2035 3483 2059 ,
3527 1991 3857 2056 constituit,

2262 2095 2478 2151 semper
2497 2084 2708 2138 stabilia
2729 2100 2846 2139 esse
2866 2085 3144 2153 permittit,
3174 2085 3309 2139 lsaia
3337 2092 3632 2138 attestante
3665 2082 3765 2151 qui
3792 2095 3862 2134 ex

2252 2164 2494 2242 persona
2522 2174 2617 2231 Dei
2661 2177 2836 2231 Patris
2883 2177 2985 2230 ait:
3020 2176 3183 2229 Omne
3218 2174 3490 2227 consilium
3525 2190 3703 2225 meum
3741 2180 3866 2226 sta-

2265 2263 2366 2318 bile
2385 2267 2502 2329 erit,
2534 2276 2581 2319 et
2616 2268 2788 2318 omnia
2829 2278 3144 2333 quwcunque
3172 2260 3391 2328 cogitavi
3429 2259 3662 2326 efﬁciam
3695 2258 3867 2327 (Isa.

2264 2356 2430 2425 XLVI).
2457 2355 2567 2407 Hoc
2596 2354 2793 2406 etenim
2826 2349 3127 2411 consilium,
3152 2349 3202 2401 id
3236 2355 3318 2401 est
3360 2347 3550 2409 Filius,
3577 2354 3633 2398 et
3670 2352 3869 2398 testa—

2261 2457 2498 2504 mentum
2546 2445 2755 2507 dicitur,
2787 2443 2926 2498 unde
2956 2449 3010 2496 et
3038 2439 3297 2496 Jeremias
3342 2440 3455 2492 ait:
3485 2438 3546 2491 Si
3587 2454 3693 2489 non
3717 2446 3866 2490 esset

2260 2548 2617 2597 testamentum
2644 2554 2815 2590 meum
2837 2536 2892 2588 in
2918 2533 3153 2587 custodia
3191 2531 3273 2585 die
3296 2547 3356 2583 ac
3388 2536 3558 2592 nocte,
3585 2535 3865 2597 prtecepta

2260 2630 2373 2685 caeli
2391 2640 2438 2685 et
2454 2640 2606 2683 terra:
2626 2644 2729 2682 non
2750 2625 3025 2679 dedissem.
3049 2622 3124 2677 De
3142 2637 3249 2691 quo
3268 2626 3593 2675 testamento
3612 2618 3826 2672 dicitur
3840 2632 3860 2672 :

2262 2723 2333 2777 Et
2376 2728 2737 2775 testamentum
2783 2717 2927 2788 pacis
2975 2716 3072 2768 erit
3109 2714 3165 2767 in
3192 2710 3508 2767 Jerusalem.
3565 2707 3861 2776 Quomodo

2263 2828 2391 2885 ergo
2412 2812 2553 2867 Deus
2576 2810 2695 2864 illos
2729 2809 2849 2863 ideo
2869 2812 3214 2875 congregaret
3240 2811 3301 2856 ut
3321 2817 3418 2871 per
3444 2816 3537 2855 eos
3557 2799 3856 2855 consilium

2262 2907 2540 2978 proprium
2563 2911 2845 2968 statueret,
2868 2909 2928 2955 ut
2975 2899 3047 2953 illi
3080 2898 3390 2962 somniant,
3447 2896 3500 2950 in
3534 2910 3641 2964 quo
3694 2902 3854 2949 tanta

2264 3005 2349 3053 est
2373 2997 2597 3052 scientia
2618 3004 2677 3049 ut
2704 3009 2804 3048 nec
2827 2991 3098 3062 praeterita
3141 2989 3188 3043 ei
3218 2986 3481 3058 quaedam,
3508 3000 3609 3040 nec
3643 2983 3850 3051 futura,

588 3080 823 3150 quodam
866 3088 1013 3136 metu
1046 3081 1117 3135 ab
1143 3080 1426 3151 aliquibus,
1450 3095 1570 3151 quae
1610 3094 1768 3151 agere
1795 3079 1909 3134 vult
1956 3076 2161 3147 agenda

2265 3092 2359 3145 sed
2383 3090 2563 3143 omnia
2596 3086 2879 3157 praesentia
2933 3084 3059 3145 sint,
3090 3081 3243 3151 cujus
3282 3080 3639 3135 substantiam
3684 3078 3854 3132 sicuti

591 3172 854 3238 hortatur,
884 3186 984 3228 nee
1021 3187 1144 3229 eum
1198 3172 1305 3228 alio
1362 3172 1570 3228 consilii
1591 3172 1676 3227 sui
1725 3169 2162 3227 deliberationem

592 3265 796 3319 statuit.
825 3263 1029 3331 Quibus
1059 3266 1309 3321 omnibus
1332 3266 1378 3321 si
1427 3265 1690 3336 indigeret
1712 3303 1728 3329 ,
1788 3261 2167 3316 necessitatem

588 3364 885 3428 pateretur,
911 3361 1253 3429 omnipotens
1278 3373 1387 3412 non
1437 3367 1581 3414 esset
1609 3375 1623 3412 :
1660 3365 1743 3412 est
1770 3362 1949 3411 autem
1994 3354 2196 3410 omni»

586 3458 803 3519 potens,
831 3449 1035 3505 nullam
1060 3450 1226 3520 igitur
1271 3448 1620 3520 indigentiam
1645 3448 1825 3513 habet,
1854 3461 1918 3502 ac
1941 3461 2040 3515 per
2064 3445 2168 3500 hoc

590 3542 867 3599 incautum
888 3552 974 3598 est
992 3544 1169 3598 dicere
1197 3557 1212 3595 :
1244 3541 1585 3612 Congregavit
1612 3557 1700 3595 vos
1724 3538 1865 3593 Deus
1895 3535 2167 3590 consilium

586 3637 861 3708 proprium
887 3642 1113 3687 statuere
1141 3630 1334 3684 volens.
1354 3630 1651 3685 Consilium
1675 3640 1910 3693 namque
1953 3624 2047 3677 Dei
2073 3623 2167 3676 Fi-

588 3725 705 3781 lius
726 3731 829 3785 est,
854 3722 948 3790 qui
984 3734 1090 3774 non
1128 3727 1362 3773 statutus
1402 3729 1488 3774 est
1528 3735 1556 3773 a
1588 3718 1749 3772 Patre
1774 3717 2003 3787 quadam
2034 3715 2167 3772 deli-

588 3812 894 3876 beratione,
922 3811 1015 3865 sed
1048 3808 1258 3879 genitus
1285 3816 1412 3864 ante
1457 3807 1652 3866 saecula
1681 3805 1937 3862 ineffabili
1975 3806 2170 3861 nativi-

594 3907 729 3966 tate,
755 3912 917 3971 quem
961 3899 1122 3955 Pater
1158 3898 1442 3970 gemuisse,
1478 3908 1537 3956 et
1576 3900 1693 3954 sine
1738 3913 1846 3968 quo
1891 3912 2169 3967 nunquam

597 3989 765 4046 fuisse
789 4005 822 4044 a
844 3989 1089 4046 ﬁdelibus
1132 3990 1388 4048 creditur.
1434 3990 1531 4047 Est
1570 3990 1715 4045 enim
1758 3988 2021 4059 sapientia
2074 3986 2169 4043 Dei

598 4081 775 4137 Patris
819 4094 941 4153 quae
980 4082 1033 4137 ei
1080 4082 1506 4151 eonsempiterna
1549 4088 1631 4137 est
1653 4123 1667 4146 ,
1721 4089 1776 4137 et
1825 4095 1945 4151 quae
2001 4080 2167 4136 dicit:

597 4178 728 4230 Ante
754 4173 909 4229 colles
958 4190 1051 4245 ego
1082 4174 1431 4245 parturiebar,
1460 4174 1632 4228 adhuc
1657 4182 1851 4226 terram
1900 4186 2004 4225 non
2030 4171 2167 4241 fece-

596 4278 701 4332 rat,
731 4267 940 4338 quando
964 4264 1183 4337 parabat
1214 4264 1382 4330 calas,
1418 4265 1633 4331 aderam
1656 4261 1770 4329 illi;
1804 4262 1929 4315 dum
1952 4261 2170 4316 vallaret

594 4355 735 4410 mari
758 4357 1062 4421 terminauit,
1089 4364 1137 4409 et
1181 4354 1341 4423 legem
1368 4364 1577 4424 poneret
1605 4354 1777 4423 aquis,
1811 4369 1903 4422 ego
1928 4368 2045 4406 cum
2078 4350 2170 4405 illo

2266 3188 2368 3245 est,
2399 3179 2543 3233 nulla
2579 3184 2757 3248 potest
2798 3175 3062 3244 attingere
3105 3172 3320 3241 opinio,
3371 3171 3517 3225 nulla
3560 3168 3853 3238 complecti

2267 3271 2526 3333 deﬁnitio,
2551 3269 2801 3339 quoniam
2834 3266 2953 3336 plus
2998 3272 3081 3319 est
3104 3280 3265 3333 quam
3310 3260 3567 3332 quidquid
3618 3262 3725 3317 dici
3754 3270 3854 3315 aut

2267 3361 2491 3432 cogitari
2527 3360 2733 3429 potest?
2758 3357 2853 3411 Est
2885 3356 3027 3409 enim
3072 3356 3294 3424 spiritus
3344 3360 3537 3408 natura
3572 3352 3801 3422 simplex
3831 3393 3849 3419 ,

2264 3444 2360 3504 lux
2383 3447 2783 3509 inaccessibilis,
2812 3446 3112 3511 invisibilis,
3144 3443 3547 3508 inmstimabilis,
3576 3443 3849 3508 inﬁnitus,

2266 3538 2556 3610 perfectus,
2595 3537 2795 3592 nullius
2815 3553 2978 3608 egens
3000 3578 3014 3602 ,
3064 3546 3314 3599 aeternus,
3349 3533 3662 3591 immortalis
3686 3574 3702 3598 ,
3755 3532 3851 3588 cui

2265 3629 2447 3685 omnia
2467 3629 2673 3692 vivunt,
2705 3644 2737 3681 a
2764 3644 2869 3696 quo
2895 3628 3075 3682 omnia
3124 3628 3335 3682 initium
3368 3634 3656 3683 consecuta
3678 3632 3808 3680 sunt
3830 3666 3846 3691 ,

2266 3720 2626 3785 venerandus,
2653 3717 2970 3789 diligendus,
2989 3719 3324 3780 metuendus,
3352 3727 3506 3773 extra
3527 3732 3690 3787 quem
3713 3713 3847 3769 nihil

2267 3819 2372 3876 est,
2404 3811 2512 3863 i‘mo
2545 3809 2600 3863 in
2627 3824 2733 3878 quo
2786 3816 2910 3862 sunt
2948 3807 3130 3861 omnia
3181 3821 3403 3876 qumque
3461 3814 3589 3860 sunt
3631 3818 3846 3859 sursum

2269 3904 2601 3965 deorsumve,
2641 3916 2847 3957 summa
2883 3907 2936 3955 et
2972 3901 3096 3963 ima,
3124 3899 3465 3968 omnipotens
3490 3939 3504 3964 ,
3558 3897 3740 3953 omnia
3769 3905 3848 3950 te.

2269 4009 2420 4059 nens,
2447 4008 2573 4048 vere
2599 3994 2652 4048 in
2670 3993 2919 4048 omnibus
2950 3992 3100 4045 dives
3122 4032 3135 4055 ,
3187 3991 3313 4061 q'uia
3352 3990 3489 4043 nihil
3515 3998 3599 4044 est
3622 3989 3712 4043 ubi
3740 4002 3844 4040 non

2270 4088 2360 4153 sit,
2384 4101 2483 4141 nec
2509 4086 2704 4154 aliquis
2730 4084 2779 4138 ei
2805 4083 2954 4138 locus
2987 4083 3182 4137 absens
3228 4090 3329 4145 est,
3354 4081 3596 4150 exceptis
3648 4077 3839 4147 impio-

2270 4193 2391 4234 rum
2424 4176 2694 4239 cordibus,
2718 4175 2809 4229 ubi
2836 4174 3080 4243 quamvis
3117 4173 3186 4226 sit
3233 4187 3329 4241 per
3351 4174 3644 4242 potentiam
3670 4213 3686 4237 ,
3734 4187 3842 4226 non

2270 4279 2354 4326 est
2374 4277 2553 4324 tamen
2588 4282 2686 4336 per
2721 4265 2965 4336 gratiam,
3010 4264 3103 4334 qui
3136 4264 3334 4333 ubique
3362 4278 3480 4318 esse
3528 4263 3613 4318 his
3653 4262 3842 4316 divina:

2270 4359 2404 4430 legis
2427 4356 2749 4412 testimoniis
2777 4354 3176 4423 comprobatur.
3203 4350 3294 4406 Ait
3342 4352 3487 4406 enim
3526 4352 3837 4407 Psalmista:

594 4462 742 4502 eram
768 4446 949 4520 (Prov.
972 4451 1115 4518 vm).
1142 4444 1277 4511 Quae
1306 4446 1470 4498 etiam
1498 4444 1870 4499 celsitudinem
1897 4457 2050 4497 suam
2084 4443 2170 4496 his
2199 4462 2253 4533 ι)
2277 4448 2393 4515 Quo
2418 4447 2502 4500 ibo
2539 4446 2602 4499 ab
2625 4444 2810 4515 spiritu
2835 4451 2943 4507 tuo,
2969 4452 3016 4496 et
3042 4461 3073 4495 a
3100 4443 3235 4513 {acie
3268 4451 3359 4495 tua
3374 4459 3477 4512 quo
3502 4441 3745 4513 fugiam?
3785 4439 3842 4495 Si

597 4536 778 4592 ventis
799 4536 1130 4592 demonstrat
1156 4536 1338 4588 dicens
1363 4551 1376 4586 :
1408 4534 1520 4603 Ego
1546 4534 1601 4588 in
1633 4535 1897 4588 altissimis
1938 4534 2166 4587 habitavi

599 4638 651 4684 et
691 4629 906 4681 thronus
940 4641 1084 4679 meus
1106 4625 1166 4678 in
1191 4622 1434 4678 columna
1474 4625 1623 4679 nubis
1651 4624 1838 4697 (Eccli.
1884 4625 2067 4695 xxiv);
2108 4631 2166 4678 et

547 4722 581 4762 -‘
600 4719 795 4777 iterum
819 4731 834 4769 :
865 4715 1062 4786 Gyrum
1086 4715 1199 4770 caeli
1227 4716 1438 4772 circuivi
1454 4717 1568 4773 sola
1586 4756 1603 4783 ,
1642 4726 1690 4772 et
1714 4733 1769 4770 tn
1792 4717 2033 4788 ﬂuctibus
2054 4732 2167 4770 ma-

592 4809 673 4869 ris
695 4806 973 4873 ambultwi,
994 4808 1051 4861 in
1084 4823 1285 4862 omnem
1313 4818 1513 4879 gentem
1548 4818 1597 4864 et
1622 4811 1678 4864 in
1698 4827 1900 4865 omnem
1918 4808 2167 4880 populum

596 4900 877 4977 primatum
917 4897 1089 4964 tenui;
1122 4905 1181 4953 et
1221 4898 1417 4953 iterum
1451 4917 1465 4954 :
1507 4898 1622 4970 Ego
1675 4901 1825 4968 quasi
1867 4897 2166 4951 terebinthis

597 4991 823 5065 expendi
864 5005 1037 5045 ramos
1080 5005 1239 5045 meos.
1279 4989 1392 5062 Ego
1438 4991 1536 5062 feci
1560 4999 1613 5043 ut
1641 4991 1866 5042 oriretur
1901 4986 2089 5054 lucifer
2108 4986 2167 5039 in

598 5082 1188 5155 calo.Egoomsqui
1223 5099 1305 5137 me
1346 5090 1524 5137 amant
1576 5079 1755 5148 diligo.
1801 5077 1990 5131 Exitus
2029 5075 2166 5130 enim

596 5175 700 5232 utsi
726 5174 896 5230 euitus
926 5175 1042 5231 vita
1062 5183 1203 5230 sunt.
1255 5174 1330 5228 De
1358 5173 1461 5227 hoc
1501 5170 1646 5224 enim
1674 5167 1902 5223 consilio
1927 5166 2167 5221 Psalmo-

596 5266 833 5339 graphus
858 5266 1029 5323 dixit:
1059 5263 1350 5320 Consilium
1376 5260 1589 5315 Domini
1619 5268 1793 5314 manet
1808 5260 1865 5314 in
1891 5268 2163 5323 aeternum,

595 5361 932 5433 cogitationes
944 5359 1116 5415 cordis
1125 5358 1241 5426 ejus
1255 5356 1309 5409 in
1322 5352 1568 5410 saeculum
1589 5353 1766 5409 steculi
1783 5353 1953 5426 (Psal.
1974 5362 2162 5424 xxxv).

595 5450 699 5519 Qui
715 5451 832 5507 ideo
848 5447 1131 5506 consilium
1151 5445 1368 5513 dicitur,
1386 5458 1455 5501 eo
1480 5444 1623 5515 quod
1642 5443 2029 5500 incarnationis
2049 5442 2166 5512 ejus

596 5556 851 5597 arcinnum
870 5540 944 5595 ad
957 5536 1602 5594 consulendumehumano
1626 5534 1809 5605 generi
1846 5533 1919 5587 sit
1938 5546 2160 5590 conces-

597 5631 905 5698 sum,de
929 5628 1213 5684 consilium
1242 5627 1385 5683 nulla
1421 5634 1583 5683 atate
1617 5623 1943 5688 dissolvitur,
1975 5622 2069 5678 sed
2109 5623 2165 5678 in

600 5726 858 5777 meram
878 5721 1221 5789 manet,’quia
1238 5718 1580 5789 triumphalis
1595 5730 1742 5777 more
1755 5717 1968 5776 Domini
1982 5718 2163 5777 diabo-

2267 4536 2547 4596 ascendero
2584 4535 2640 4589 in
2663 4533 2868 4598 caelum,
2893 4541 2949 4586 tu
2976 4529 3083 4586 illic
3108 4549 3179 4595 es,
3206 4542 3254 4586 et
3281 4534 3327 4587 si
3348 4532 3662 4586 descendere
3685 4534 3739 4587 in
3767 4533 3843 4585 in-

2267 4631 2494 4703 fernum,
2524 4626 2680 4690 ades;
2710 4625 2756 4679 si
2786 4639 3049 4694 sumpsero
3089 4638 3285 4694 pennas
3318 4640 3456 4677 meas
3493 4632 3615 4674 ante
3644 4622 3827 4681 lucem,

2266 4731 2317 4777 et
2342 4721 2637 4776 habitavere
2661 4717 2718 4770 in
2741 4716 2981 4769 extremis
3006 4716 3170 4769 maris
3193 4756 3209 4782 ,
3261 4714 3437 4768 ctenim
3482 4709 3609 4763 illuc
3646 4725 3833 4764 manus

2266 4820 2360 4866 tua
2387 4809 2603 4863 deducet
2660 4821 2741 4858 me
2770 4843 2785 4870 ,
2844 4812 2891 4857 et
2928 4804 3114 4857 tenebit
3174 4819 3253 4858 me
3294 4802 3502 4855 dextera
3536 4808 3632 4854 tua
3660 4796 3834 4870 (Psal.

2267 4898 2551 4970 cxxxviu).
2578 4896 2639 4952 In
2665 4894 2802 4951 Isaia
2824 4910 3038 4966 quoque
3076 4896 3312 4967 legitur:
3355 4890 3579 4948 Sanctus
3629 4901 3839 4946 sanctus

2265 5002 2476 5049 sanctus
2500 4989 2751 5043 Dominus
2787 4986 2927 5041 Deus
2960 4986 3210 5051 Sabaoth,
3232 4986 3384 5057 plena
3410 4994 3483 5039 est
3508 4992 3647 5037 terra
3676 4984 3843 5055 gloria

2265 5081 2555 5153 majestatis
2580 5088 2682 5133 tua:
2710 5076 2845 5151 (Isa.
2872 5074 2969 5149 vx).
2999 5075 3105 5132 Per
3123 5075 3411 5130 Jeremiam
3442 5084 3657 5143 quoque
3679 5072 3836 5127 dicit:

2266 5173 2412 5229 Deus
2434 5170 2851 5242 appropinquans
2889 5183 2982 5238 ego
3010 5183 3147 5232 sum,
3178 5166 3306 5220 dicit
3336 5163 3615 5228 Dominus,
3642 5173 3691 5217 et
3738 5178 3837 5215 non

2266 5265 2408 5321 Deus
2440 5262 2505 5317 de
2532 5260 2810 5331 longinquo
2833 5277 2852 5315 :
2876 5257 3014 5330 quod
3038 5259 3083 5311 si
3111 5258 3393 5312 absconsus
3420 5255 3579 5326 fuerit
3616 5253 3765 5307 homo
3788 5251 3842 5303 in

2266 5354 2475 5420 abditis,
2499 5367 2590 5424 ego
2618 5367 2735 5406 eum
2764 5350 2966 5405 videbo.
3018 5348 3210 5404 Nonne
3232 5346 3417 5402 coelum
3457 5355 3505 5399 et
3531 5355 3726 5399 terram
3752 5354 3842 5407 ego

2265 5444 2490 5516 impleo?
2512 5444 2637 5497 dicit
2665 5442 2916 5496 Dominus
2945 5438 3160 5509 (Jerem.
3209 5437 3389 5506 xxul).
3420 5435 3584 5489 Liber
3633 5444 3843 5502 quoque

2269 5536 2555 5606 Sapientiae
2580 5534 2740 5589 dicit:
2786 5530 3010 5586 Sanctus
3038 5529 3174 5582 enim
3219 5527 3432 5599 spiritus
3456 5524 3754 5587 sapientia',
3790 5525 3841 5570 et

2268 5644 2372 5683 non
2399 5627 2629 5681 liberavit
2651 5622 2982 5677 maledictum
3002 5637 3035 5673 α
3057 5620 3211 5674 labiis
3233 5620 3364 5681 suis,
3388 5619 3639 5693 quoniam
3662 5625 3841 5666 renum

2264 5721 2411 5777 illius
2439 5718 2581 5774 testis
2599 5725 2673 5772 est
2694 5715 2853 5777 Deus.
2874 5723 2926 5769 et
2961 5712 3137 5767 cordis
3168 5710 3314 5766 illius
3343 5707 3640 5779 speculator
3662 5713 3737 5760 est
3759 5717 3844 5759 ve-

3900 1220 3907 1231 ι
