4008 6154
170 315 300 373 1111
938 307 1117 366 LIBRI
1149 302 1491 365 CAROLINI.
1530 332 1603 346 —
1638 300 1859 359 CAPIT.
1898 297 2213 356 DEIMAG.
2250 325 2322 338 —
2354 294 2486 352 LIB.
2523 293 2612 351 III.
3266 284 3411 348 ΗΜ

171 444 275 493 rus,
298 434 346 481 et
378 426 568 497 linguae
613 425 844 491 auditor,
868 423 996 495 quia
1026 421 1243 493 spiritus
1268 419 1484 475 Domini
1521 416 1735 489 replebit
1761 416 1811 477 Α
1828 414 2103 483 jestatibus
2129 413 2324 483 faciens
2357 409 2599 480 prodigia
2634 406 2832 469 (Exod.
2856 406 2988 477 xv)?
3010 407 3090 462 De
3114 420 3223 476 quo
3248 407 3412 461 etiam

172 516 344 571 orbem
406 525 665 569 terrarum
704 514 860 585 (Sap.
883 511 948 585 ι).
998 512 1061 566 In
1106 509 1485 566 Ecclesiastico
1526 519 1742 577 quoque
1838 520 1934 574 per
1980 505 2323 560 Psalmistam
2378 499 2900 565 diciturzﬂuoniam
2953 499 3069 570 quis
3111 500 3165 551 in
3194 497 3414 553 nubibus

171 605 457 664 scribitur:
488 603 747 670 Quoniam
770 603 939 659 multa
964 602 1219 672 sapientia
1240 600 1354 664 Dei,
1378 599 1537 669 [ortis
1564 599 1619 652 in
1644 611 1739 667 po-
1839 595 2130 664 (equabitur
2172 593 2417 657 Domino,
2455 600 2546 644 aut
2589 592 2706 660 quis
2754 589 2941 644 similis
2989 588 3088 644 erit
3119 588 3229 643 Deo
3282 590 3417 643 inter

171 697 344 760 tentia,
374 695 552 751 videns
587 712 765 750 omnes
792 697 904 750 sine
944 692 1351 756 intermissione;
1387 691 1480 761 qui
1515 689 1742 743 bonitate

170 801 265 840 sua
290 801 407 839 eum
431 785 522 855 qui
552 801 656 838 non
682 793 798 838 erat
833 781 1036 844 creavit,
1050 779 1263 849 justitia
1291 794 1408 833 eum
1432 777 1525 847 qui
1562 791 1744 846 pecca-

170 883 309 930 verat
332 874 716 939 condemnavit,
748 870 1101 927 misericordia
1149 871 1255 923 imo
1306 885 1495 939 magna
1540 867 1746 921 miseri-

170 964 352 1019 cordia
376 980 496 1018 eum
529 964 619 1035 qui
654 965 874 1034 perierat
908 962 1217 1016 restauravit
1243 959 1432 1033 (Eccli.
1464 958 1618 1030 xvn).
1667 958 1746 1013 De

171 1071 278 1126 quo
327 1071 427 1125 per
458 1055 775 1125 Prophetam
811 1055 1010 1109 dicitur
1036 1068 1050 1107 :
1081 1053 1281 1124 Magna
1333 1068 1489 1123 opera
1532 1050 1746 1104 Domini

171 1147 429 1218 exquisita
452 1146 506 1200 in
542 1163 714 1200 omnes
746 1145 1035 1200 voluntates
1080 1145 1194 1216 ejus
1217 1161 1237 1199 :
1267 1144 1522 1213 confessio
1547 1152 1596 1197 et
1632 1159 1749 1197 ma-

167 1237 467 1308 gniﬁcentia
489 1254 615 1308 opus
635 1237 777 1306 ejus,
814 1244 861 1290 et
890 1237 1100 1303 iustitia
1141 1237 1256 1307 ejus
1294 1243 1468 1289 manet
1494 1236 1550 1288 in
1581 1249 1750 1288 sarcu-

170 1323 276 1379 lum
302 1326 481 1380 διεσαιὶ
511 1325 682 1398 (Psal.
720 1325 831 1398 ev).
858 1326 927 1380 Et
957 1327 1188 1381 iterum:
1221 1325 1487 1380 Universw
1516 1326 1611 1379 vite
1639 1323 1750 1378 Do-

168 1422 295 1475 mini
323 1423 683 1477 misericordia
729 1433 779 1478 et
809 1426 998 1478 veritas
1029 1424 1199 1493 (Psal.
1251 1424 1410 1493 xxv);
1463 1431 1519 1478 et
1545 1424 1632 1479 cui
1654 1437 1754 1492 per

169 1511 411 1568 eumdem
424 1511 747 1583 Prophetam
770 1514 999 1569 dicitur:
1025 1514 1095 1568 Et
1121 1525 1200 1580 tu,
1222 1515 1448 1571 Domine
1467 1516 1626 1582 Deus,
1650 1517 1751 1570 mi-

167 1615 366 1661 serator
393 1617 442 1661 et
477 1608 797 1673 misericors,
849 1610 1050 1677 patiens
1078 1618 1124 1662 et
1161 1608 1340 1663 multa:
1383 1609 1754 1664 misericordia:

168 1703 216 1749 et
235 1712 395 1749 verax
423 1695 598 1767 (Psal.
641 1696 883 1767 LXXXVI).
931 1697 1186 1767 Nunquid
1230 1712 1353 1752 eum
1378 1713 1539 1766 quem
1586 1698 1756 1753 domi-

1836 683 1975 751 ﬁlios
1996 684 2131 737 Dei?
2153 684 2292 738 Deus
2313 682 2403 753 qui
2424 679 2754 751 gloriﬁcatur
2771 680 2827 733 in
2849 676 3069 733 consilio
3093 686 3414 742 sanctorum,

1837 790 2057 844 magnus
2085 783 2132 828 et
2155 774 2460 828 metuendus
2484 788 2641 843 super
2667 776 2843 825 omnes
2865 770 2954 841 qui
2974 771 3029 823 in
3056 768 3277 823 circuitu
3304 766 3419 837 ejus

1839 871 1979 918 sunt.
2012 863 2231 918 Domine
2252 864 2394 918 Deus
2422 864 2690 928 virtutum,
2721 862 2837 934 quis
2856 861 3046 916 similis
3069 860 3202 914 tibi?
3229 857 3421 912 Potens

1842 970 1916 1020 es,
1955 953 2197 1021 Domine,
2235 963 2285 1009 et
2328 955 2517 1009 veritas
2571 964 2662 1009 tua
2732 955 2788 1009 in
2841 955 3061 1009 circuitu
3114 962 3203 1008 tuo
3248 950 3418 1024 (Psal.

1845 1044 2088 1117 Lxxmx).

2443 1133 2671 1191 CAPUT
2708 1133 2826 1189 ΧΨ.

1849 1251 2043 1306 Contra
2080 1267 2164 1305 eos
2202 1251 2291 1322 qui
2315 1249 2493 1322 dicunt
2520 1265 2536 1303 :
2563 1249 2621 1322 Si
2645 1249 2787 1304 enim
2812 1246 3114 1322 imperiales
3130 1245 3427 1322 efﬁgieset

1920 1323 2180 1392 imagines
2205 1316 2430 1374 emissas
2454 1321 2506 1374 in
2537 1321 2780 1392 civitates
2811 1326 2865 1392 et
2902 1317 3208 1392 provincias
3243 1316 3427 1370 obvia-

1919 1389 2053 1447 buut
2070 1393 2250 1463 populi
2275 1406 2398 1463 cum
2418 1392 2590 1463 cereis
2614 1389 3142 1463 etthymiamatlbus,
3173 1401 3279 1441 non
3305 1402 3431 1441 cera

1920 1457 2190 1533 perfusam
2228 1462 2461 1533 tabulam
2505 1457 2853 1533 honorantes,
2873 1457 3001 1533 sed
3011 1458 3425 1533 imperatorem,

1922 1527 2125 1608 quanto
2157 1532 2325 1608 magis
2356 1540 2565 1608 oportet
2599 1528 2938 1608 in_Elcc_l¢rsiis
2960 1528 3166 1608 Christi
3212 1527 3428 1608 depingi

1926 1599 2186 1673 imagines
2208 1599 2491 1655 salvatoris
2512 1600 2677 1655 nostri
2706 1600 2798 1673 Dei
2821 1607 2873 1653 et
2896 1599 3225 1653 intemeratae
3241 1599 3430 1652 matris

1926 1670 2059 1743 ejus
2074 1683 2131 1729 et
2155 1680 2464 1729 sanctorum
2489 1670 2764 1726 omnium?

168 1788 422 1842 nationes
442 1786 689 1853 adorant,
713 1796 949 1842 tremunt
970 1797 1258 1858 potestates
1284 1829 1298 1851 ,
1353 1798 1411 1844 et
1448 1789 1755 1846 coelestibus
1784 1780 1830 1843 Β
1925 1788 2178 1857 Quisquis
2234 1783 2458 1853 alicujus
2502 1783 2633 1837 artis
2682 1780 2865 1839 sedula
2894 1778 3239 1834 meditatione
3287 1776 3437 1847 cupit

173 1879 396 1949 hymnis
421 1878 724 1934 lzetabunda
750 1879 1062 1948 angelorum
1084 1880 1348 1936 collaudat
1364 1881 1572 1946 militia,
1597 1896 1757 1952 quem

174 1970 459 2025 cherubim
487 1979 542 2025 et
568 1972 858 2040 serapbim,
890 1973 1145 2029 sublimes
1173 1974 1397 2030 virtutes
1438 1974 1554 2044 ejus
1577 1977 1755 2031 scien-

174 2062 254 2116 tia
284 2062 522 2132 repletce,
549 2060 665 2129 ejus
691 2078 874 2119 amore
897 2065 1168 2131 ardentes,
1190 2080 1351 2121 sensu
1373 2067 1594 2122 minime
1611 2082 1761 2122 com-

171 2153 514 2223 prehendere
539 2153 737 2219 valent,
769 2169 929 2223 quem
975 2170 1134 2209 nemo
1155 2156 1303 2211 novit
1340 2158 1446 2212 nisi
1474 2157 1643 2213 Filius
1667 2158 1760 2227 qui

172 2244 361 2313 utique
390 2244 550 2298 unius
576 2251 660 2300 est
689 2261 812 2299 cum
850 2261 915 2300 eo
944 2246 1277 2312 substantize,
1308 2249 1528 2303 credere
1569 2263 1763 2318 oppor-

175 2340 370 2387 tunum
406 2341 489 2387 est
534 2341 592 2388 ut
618 2332 842 2389 alterius
875 2335 1103 2392 consilio
1149 2338 1343 2406 egeat?
1378 2346 1432 2391 et
1456 2338 1581 2393 ideo
1625 2338 1763 2393 alios

176 2431 442 2479 convocet
465 2433 521 2477 ut
540 2439 636 2492 per
657 2424 790 2479 alios
815 2427 1099 2483 consilium
1127 2445 1284 2484 suum
1333 2430 1565 2485 statuat?
1590 2429 1636 2485 0
1665 2430 1762 2485 de-

178 2514 577 2568 mentissimum
609 2515 827 2580 dictum,
850 2532 882 2570 o
914 2520 1118 2575 insulsa
1147 2520 1363 2586 locutio,
1386 2536 1421 2576 o
1452 2522 1617 2577 verba
1633 2504 1766 2576 cun—

177 2603 289 2660 ctis
311 2603 505 2658 divinis
538 2605 720 2660 verbis
762 2607 1088 2662 obnitentia!
1118 2625 1237 2679 quae
1254 2612 1299 2666 si
1325 2612 1393 2666 ab
1436 2612 1518 2667 his
1568 2613 1767 2682 quibus

180 2694 326 2750 dicta
363 2702 488 2749 sunt
519 2695 895 2765 defendamur,
923 2699 1147 2754 insaniae
1176 2701 1355 2755 vicina
1380 2712 1535 2766 sunt;
1569 2704 1615 2757 si
1657 2718 1767 2758 non

178 2784 566 2852 defenduntur,
597 2788 915 2856 ignorantia:
937 2798 992 2845 et
1021 2790 1244 2860 ignaviae
1289 2792 1592 2861 deputanda
1619 2773 1763 2848 sunt.

176 2874 480 2931 Adhaerere
509 2881 651 2934 enim
676 2879 785 2933 Deo
835 2883 956 2950 quis
1008 2891 1184 2951 potest
1239 2886 1395 2941 bonis
1441 2887 1651 2943 actibus
1680 2888 1766 2942 in—

179 2968 463 3034 sistendo,
505 2972 645 3025 sicut
699 2969 793 3025 ille
826 2974 1074 3042 cupiebat
1111 2976 1201 3045 qui
1236 2976 1390 3041 dixit,
1420 2977 1554 3032 Mihi
1594 2989 1768 3033 autem

175 3056 457 3113 adhaerere
488 3060 597 3115 Deo
640 3062 829 3117 bonum
862 3074 937 3118 est
973 3064 1147 3134 (Psal.
1199 3068 1432 3139 exnvn);
1482 3070 1768 3125 consilium

1856 1879 2059 1936 habere
2085 1877 2357 1947 peritiam,
2388 1890 2492 1929 non
2514 1873 2908 1944 imperitorum,
2923 1871 3015 1925 sed
3039 1869 3336 1938 peritorum
3357 1883 3440 1922 ar-

1858 1970 2064 2025 tiﬁcum
2102 1966 2320 2023 monitis
2346 1965 2666 2022 adhaerendo
2690 1965 2954 2019 discenda:
2989 1963 3091 2017 arti
3128 1963 3333 2033 prmbet
3356 1962 3440 2016 in-

1860 2066 2134 2129 stantiam,
2160 2064 2261 2119 nec
2284 2061 2498 2117 aliectat
2542 2075 2730 2115 eorum
2758 2060 2858 2114 sibi
2887 2058 3252 2128 magisterium
3274 2073 3435 2111 usur-

1860 2175 2010 2230 pare,
2037 2174 2172 2228 quos
2219 2158 2365 2211 videt
2414 2156 2467 2210 in
2510 2155 2729 2225 propria
2765 2163 2881 2210 arte
2931 2155 3109 2209 minus
3155 2152 3341 2209 doctos
3384 2160 3443 2209 et

1862 2249 2214 2321 despicabiles
2242 2262 2379 2311 esse,
2414 2262 2481 2301 ne
2515 2248 2640 2303 dum
2667 2243 3164 2323 desideratinstanti
3189 2258 3351 2314 opere
3370 2260 3441 2300 ex

1863 2345 2054 2413 adepta
2083 2349 2197 2395 arte
2227 2340 2450 2409 adipisci
2476 2338 2685 2393 laudem
2710 2378 2726 2405 ,
2778 2337 3047 2392 incassum
3070 2344 3124 2390 et
3152 2350 3309 2389 suum
3340 2335 3438 2390 de-

1861 2434 2050 2504 perdat
2072 2448 2225 2501 opus,
2257 2439 2311 2485 et
2329 2430 2539 2485 cmteris
2562 2431 2629 2484 sit
2651 2429 2703 2483 in
2735 2427 3225 2483 subsannationem.
3254 2423 3368 2479 Hoc
3408 2438 3445 2479 a

1863 2524 2165 2578 liberalium
2196 2522 2391 2576 artium
2430 2520 2800 2581 sectatoribus,
2830 2518 2935 2573 hoc
2963 2533 2991 2572 a
3024 2514 3265 2581 medicis,
3287 2516 3391 2570 hoc
3413 2528 3449 2572 a

1866 2614 2204 2669 metallorum
2227 2609 2608 2667 conﬂatoribus
2631 2609 2742 2664 sive
2769 2608 3129 2679 sculptoribus
3148 2648 3160 2671 ,
3192 2607 3296 2662 hoc
3317 2622 3347 2660 a
3377 2605 3449 2661 li-

1867 2722 2094 2779 gnorum
2114 2705 2455 2774 lapidumque
2481 2702 2792 2763 cresoribus,
2810 2702 2913 2757 hoc
2937 2702 3003 2756 ab
3018 2714 3271 2771 agrorum
3283 2698 3453 2754 culto-

1868 2799 2019 2853 ribus
2040 2797 2144 2851 lixa
2166 2796 2377 2850 ratione
2400 2790 2751 2849 observatur:
2780 2792 2951 2847 solum
2976 2794 3043 2846 ab
3066 2792 3150 2846 his
3166 2793 3455 2847 observem

1869 2889 2175 2960 negligitur,
2206 2888 2297 2958 qui
2322 2896 2383 2941 ut
2408 2885 2669 2956 imagines
2691 2894 2917 2938 adorare
2945 2883 3249 2946 instituant,
3275 2897 3305 2935 a
3329 2897 3456 2950 pra-

1867 2980 1950 3033 vis
1980 2980 2141 3033 rebus
2170 2977 2415 3046 exempla
2443 2990 2655 3031 sumere
2684 2974 2956 3038 alfectant,
2980 2980 3032 3027 et
3069 2988 3185 3027 rem
3236 2980 3344 3026 tam
3370 2972 3457 3026 in-

1871 3068 2056 3122 utilem
2096 3076 2311 3137 tamque
2337 3081 2646 3137 perversam
2684 3080 3068 3133 nonuunquam
3110 3062 3269 3119 bonis
3295 3063 3456 3120 rebus

176 3156 368 3201 autem
394 3148 470 3202 illi
506 3150 635 3205 dare
662 3167 820 3207 nemo
838 3164 1034 3222 potest,
1058 3166 1143 3211 est
1169 3158 1313 3213 enim
1356 3171 1545 3216 auctor
1567 3169 1623 3215 et
1644 3160 1765 3216 fons
1789 3153 1835 3215 C
1868 3160 2310 3229 incompetenter,
2335 3158 2648 3227 plerumque
2667 3156 2937 3228 perversis
2948 3163 3192 3211 astruere
3212 3154 3458 3212 nituntur

175 3238 424 3292 omnium
448 3240 731 3307 bonorum,
762 3251 837 3308 et,
865 3253 923 3298 ut
944 3248 1136 3303 crebro
1171 3249 1421 3314 diximus,
1453 3251 1650 3306 nullius
1684 3254 1771 3307 in-

178 3327 397 3398 diguus.
423 3328 672 3402 Magnus,
698 3333 773 3388 ait
797 3334 1086 3407 Propheta,
1116 3338 1371 3395 Dominus
1394 3351 1569 3417 noster
1591 3352 1641 3397 et
1659 3359 1774 3397 ma-

178 3433 283 3487 gna
311 3420 477 3473 virtus
510 3422 657 3491 ejus,
701 3432 748 3477 et
778 3428 1048 3496 sapientia:
1090 3430 1205 3500 ejus
1232 3448 1336 3487 non
1388 3442 1462 3487 est
1502 3449 1770 3489 numerus.

178 3504 302 3573 Dic,
341 3523 526 3577 quasso
571 3520 756 3567 sancte
780 3514 966 3582 lsaias,
996 3519 1082 3574 dic
1107 3521 1440 3578 nobilissime
1459 3532 1663 3590 vatum,
1684 3525 1776 3580 dic

176 3595 487 3652 Dominicae
522 3601 910 3661 incarnationis
938 3616 995 3662 et
1026 3611 1265 3677 gentium
1288 3613 1587 3670 vocationis
1607 3629 1775 3670 evan-

176 3687 362 3756 gelice
398 3689 579 3756 potius
601 3705 763 3759 quam
792 3698 1106 3765 prophetice
1144 3710 1394 3758 narrator
1419 3743 1434 3768 ,
1476 3705 1563 3759 dic
1590 3714 1774 3759 utrum

178 3779 389 3851 aliquis
418 3797 637 3838 sensum
657 3786 863 3841 Domini
892 3804 1214 3860 cognoscere
1240 3804 1435 3864 potest,
1460 3807 1551 3850 aut
1569 3799 1620 3853 ei
1646 3813 1777 3853 con-

176 3874 429 3930 siliarius
463 3875 603 3932 elIici
629 3877 808 3933 valet?
847 3879 980 3946 Quis
1005 3883 1145 3936 enim
1181 3888 1413 3955 cognovit
1433 3904 1638 3943 sensum
1668 3890 1778 3943 Do-

176 3966 363 4018 mini?
385 3975 477 4019 aut
508 3968 624 4037 quis
659 3969 994 4026 consiliarius
1026 3972 1141 4042 ejus
1181 3974 1323 4043 fuit?
1367 3993 1485 4030 cum
1530 3994 1631 4047 quo
1661 3979 1778 4032 iniit

180 4056 491 4121 consilium,
516 4066 567 4112 et
599 4060 823 4115 erudivit
849 4078 967 4116 eum
996 4064 1232 4130 scientia,
1250 4075 1299 4119 et
1327 4066 1465 4121 viam
1490 4067 1778 4136 prudentia:

139 4222 156 4242 .
183 4149 414 4242 ostendit
446 4149 529 4204 illi
584 4149 723 4223 (Isa.
777 4152 904 4224 XL)?
929 4153 1065 4209 Item
1092 4155 1232 4211 idem
1274 4157 1551 4226 propheta
1603 4157 1773 4212 dicit:

184 4240 448 4313 Nunquid
473 4246 641 4299 nescis
666 4253 716 4299 et
745 4262 855 4300 non
871 4247 1111 4302 audisti?
1132 4249 1276 4304 Deus
1305 4252 1643 4321 sempiternus
1667 4250 1779 4306 Do-

184 4334 362 4388 minus
392 4336 481 4406 qui
504 4337 697 4392 creavit
735 4339 987 4394 terminos
1012 4349 1184 4405 terrte,
1212 4357 1318 4398 non
1352 4350 1429 4395 est
1482 4341 1731 4411 deﬁciens
1758 4382 1774 4408 ,

186 4439 356 4494 neque
398 4425 672 4495 laborans,
719 4445 814 4483 nec
859 4441 936 4484 est
984 4431 1308 4503 investigatio
1357 4435 1630 4504 sapientia
1662 4433 1777 4503 ejus

1873 3252 2249 3321 impudenter;
2281 3251 2398 3305 etin
2425 3251 2641 3305 modum
2657 3250 2955 3314 temulenti,
2979 3249 3248 3321 quinimio
3270 3248 3453 3304 made-

1872 3344 2045 3399 factus
2110 3359 2260 3398 mero
2309 3343 2667 3398 trementibus
2732 3341 3024 3403 membris,
3092 3338 3453 3394 titubantibus

1871 3433 2165 3503 gressibus,
2199 3432 2412 3487 nudatis
2454 3433 2726 3497 sensibus,
2760 3432 2918 3487 modo
2969 3431 3239 3495 barbaris,
3289 3429 3454 3486 modo

1871 3523 2085 3579 Latinis
2110 3522 2281 3578 utitur
2301 3523 2500 3590 verbis,
2526 3523 2685 3579 modo
2708 3524 2910 3596 ignium
2937 3521 3208 3579 caloribus
3232 3562 3247 3587 ,
3293 3520 3457 3576 modo

1873 3618 2189 3689 pruinarum
2235 3615 2535 3672 delectatur
2564 3614 2856 3688 algoribus,
2886 3614 3045 3672 modo
3077 3614 3345 3668 insensate
3367 3608 3459 3680 ja-

1874 3725 2018 3775 cere,
2047 3709 2500 3786 modo‘enerviter
2537 3709 2833 3764 delectatur
2860 3706 3079 3773 ludere,
3124 3712 3180 3760 et
3228 3703 3283 3759 in
3309 3702 3457 3759 nulla

1874 3809 2029 3872 parte
2069 3802 2234 3857 lixam
2257 3803 2462 3857 habens
2486 3800 2839 3855 intentionem
2860 3838 2874 3864 ,
2917 3799 3024 3852 huc
3046 3796 3276 3866 illucque
3298 3802 3458 3850 nuta-

1875 3894 2111 3949 bundam
2133 3900 2188 3948 et
2211 3892 2439 3948 rationis
2458 3882 2679 3961 egenam
2721 3887 2911 3943 eﬂ‘erre
2942 3902 3049 3941 non
3080 3886 3278 3939 desinit
3301 3899 3457 3938 men-

1876 3992 1985 4039 tem
2010 4003 2022 4038 :
2056 3984 2129 4038 ita
2154 3983 2241 4038 isti
2264 3981 2421 4036 modo
2451 3980 2751 4034 divinarum
2786 3976 3186 4045 Scripturarum
3215 3973 3458 4026 testimo-

1877 4076 1984 4131 niis
2008 4076 2433 4143 incompetenter
2468 4067 2723 4124 adhibitis
2745 4107 2759 4133 ,
2807 4066 2969 4122 modo
3015 4078 3232 4119 suarum
3258 4067 3457 4116 “asser-

1880 4168 2083 4223 tionum
2113 4162 2517 4227 deliramentis,
2574 4157 2735 4213 modo
2783 4156 2944 4222 mala,
2985 4154 3144 4209 modo
3194 4151 3459 4207 malarum

1878 4258 2233 4331 quarumdam
2289 4267 2471 4309 rerum
2528 4249 2898 4319 malorumque
2948 4253 3165 4302 actuum
3200 4243 3460 4313 exemplis

1879 4366 2038 4407 suum
2083 4349 2329 4404 nituntur
2370 4356 2753 4413 usquequaque
2786 4339 3001 4395 ﬁrmare
3028 4352 3287 4393 errorem.
3326 4334 3460 4390 Nam

1881 4440 2004 4510 quis
2031 4438 2181 4493 furor
2209 4446 2292 4493 est
2325 4448 2511 4507 qumve
2531 4431 2819 4497 dementia,
2852 4438 2911 4486 ut
2936 4430 3039 4486 hoc
3081 4429 3137 4483 in
3158 4428 3462 4498 exemplum

191 4515 413 4589 (Ibid.).
441 4518 593 4574 Dicat
618 4522 781 4577 etiam
809 4524 1069 4595 magister
1115 4527 1353 4596 gentium
1398 4526 1528 4595 quid
1558 4527 1626 4581 de
1678 4527 1782 4581 hac
1811 4519 1865 4582 Ι)
1886 4527 2283 4584 adorandarum
2313 4527 2609 4598 imaginum
2648 4522 2936 4579 ridiculum
2966 4520 3280 4585 adducatur,
3321 4518 3463 4588 quod

187 4617 254 4657 re
274 4605 497 4658 sentiat.
519 4605 612 4661 Ait
636 4610 807 4665 enim:
836 4611 879 4666 0
907 4613 1135 4669 altitudo
1150 4615 1456 4669 divitiarum
1507 4616 1777 4685 sapientia:

187 4702 235 4747 et
264 4694 506 4748 scientia:
537 4695 638 4751 Dei
659 4713 679 4751 :
705 4716 862 4769 quam
900 4702 1440 4773 incomprehensibilia
1487 4713 1609 4758 sunt
1626 4704 1778 4774 judi-

189 4788 270 4840 cia
307 4788 424 4858 ejus
452 4798 499 4843 et
541 4790 919 4862 investigabiles
963 4796 1059 4850 vite
1085 4796 1202 4866 ejus
1228 4793 1408 4865 (Rom.
1444 4794 1558 4866 1|)l
1612 4794 1777 4864 Cujus

189 4879 334 4934 enim
359 4879 561 4950 judicia
596 4882 1160 4954 incomprehensibilia
1189 4894 1246 4942 et
1280 4887 1381 4941 viae
1428 4887 1781 4959 investigabi-

192 4968 275 5023 les
299 4981 441 5038 sunt,
474 4973 621 5030 nullo
648 4976 809 5032 modo
830 4978 1127 5034 credendus
1156 4986 1241 5033 est
1289 4978 1514 5033 alterius
1550 4978 1779 5034 consilio

176 5058 269 5114 .ad
302 5076 387 5115 res
413 5064 787 5123 deliberandas
818 5083 997 5138 egere,
1027 5070 1156 5139 quia
1198 5070 1342 5126 sicut
1360 5078 1590 5137 natura,
1620 5071 1696 5125 ita
1721 5078 1777 5126 et

194 5149 460 5218 sapientia
491 5170 651 5227 super
676 5174 869 5215 omnes
896 5168 999 5228 est,
1024 5169 1080 5217 et
1097 5162 1241 5218 sicut
1281 5163 1552 5233 coasquari
1578 5163 1629 5218 ei
1657 5163 1780 5231 quis

193 5240 392 5310 nequit
407 5257 504 5312 per
520 5255 788 5314 naturam,
813 5250 889 5305 ita
927 5267 1028 5308 nec
1058 5250 1174 5321 eius
1219 5253 1457 5309 scientiae
1489 5260 1670 5323 potest
1687 5252 1783 5307 ali-

194 5332 334 5404 quid
365 5334 593 5393 conferri
622 5358 720 5413 per
740 5344 1045 5400 consilium.
1100 5344 1394 5400 Consilium
1441 5347 1587 5400 enim
1616 5347 1685 5401 ab
1712 5356 1780 5402 eo

194 5426 480 5496 (ιιιεειίιιιτ,
503 5433 594 5503 qui
617 5444 713 5491 aut
734 5452 832 5508 per
852 5445 1126 5502 naturam,
1145 5444 1241 5492 aut
1254 5450 1353 5507 per
1368 5436 1780 5508 intelligentiam

191 5517 380 5574 socius
408 5530 510 5578 est.
533 5525 645 5582 Deo
666 5536 847 5584 autem
872 5530 1053 5585 nullus
1075 5528 1297 5597 aequalis
1323 5569 1338 5595 ,
1388 5527 1565 5582 nullus
1601 5528 1780 5584 socius

190 5622 298 5681 est,
328 5615 539 5684 dicente
561 5620 783 5693 Moyse:
811 5623 945 5689 Quis
968 5620 1155 5675 similis
1187 5620 1280 5674 tibi
1304 5623 1359 5674 in
1387 5620 1487 5684 dis,
1524 5620 1781 5677 Domine?

190 5709 311 5772 suis
330 5710 653 5787 similistibi,
662 5715 1008 5787 honoriﬁcus,
1035 5721 1272 5783 sanctus,
1289 5711 1566 5781 mirabilis,
1588 5712 1644 5767 in
1664 5730 1777 5769 ma-

1884 4618 2268 4688 imperatorum
2325 4618 2588 4687 imagines
2626 4616 2681 4670 in
2729 4615 3041 4671 civitatibus
3075 4621 3129 4670 et
3176 4612 3233 4667 in
3272 4609 3463 4682 plateis

1883 4680 2196 4773 adorantur,
2211 4716 2266 4761 et
2288 4723 2320 4762 a
2343 4723 2402 4762 re
2428 4680 2617 4762 illicita
2642 4720 2733 4763 res
2757 4706 2944 4763 illicita
2965 4704 3198 4764 stabiliri
3215 4680 3492 4775 paretur?!“

1884 4800 2083 4856 Doctor
2115 4800 2258 4854 enim
2277 4801 2515 4871 gentium
2552 4816 2659 4857 non
2684 4817 2782 4858 vos
2817 4803 3203 4875 imperatorum
3233 4797 3467 4852 imitato-

1881 4908 1989 4959 res,
2014 4891 2108 4949 sed
2143 4907 2288 4960 suos,
2317 4892 2428 4949 imo
2455 4892 2656 4949 Christi
2686 4893 2803 4949 fieri
2822 4896 3072 4950 hortatur
3099 4889 3303 4949 dicens,
3330 4883 3464 4936 Imi-

1884 4991 2077 5039 tatores
2100 4984 2201 5037 mei
2222 4992 2383 5039 estote
2406 4984 2541 5039 sicut
2571 4993 2617 5037 et
2647 4982 2958 5054 ego'Cliristi
2972 4979 3024 5046 (Ι
3044 4974 3165 5030 Cor.
3190 4971 3298 5042 x1);
3329 4979 3383 5025 et
3404 4978 3465 5025 ut

1885 5074 2273 5146 imperatorum
2309 5075 2481 5130 fasces
2531 5074 2643 5128 sive
2666 5072 2811 5141 vulgi
2856 5066 3147 5123 bacchatus
3176 5078 3208 5117 a
3233 5060 3465 5118 Christi-

1887 5166 2130 5222 colarum
2158 5166 2427 5221 mentibus
2455 5164 2750 5226 dirimeret,
2781 5158 2883 5212 ait:
2913 5155 3078 5210 Nobis
3092 5154 3277 5227 quibus
3308 5150 3464 5207 Chri-

1850 5246 1853 5247 ⁷
1888 5264 2001 5310 stus
2026 5255 2308 5324 cruciﬁxus
2338 5264 2432 5320 est,
2475 5250 2599 5323 quid
2633 5249 2779 5302 nobis
2815 5262 2932 5299 cum
2955 5244 3070 5311 foro
3101 5243 3155 5314 (I
3181 5242 3303 5297 Cor.
3351 5240 3465 5309 v1)?

1890 5343 2011 5400 ,ιω
2030 5360 2159 5401 vero
2186 5347 2312 5416 quia
2346 5347 2411 5400 de
2440 5338 2741 5395 forensibus
2769 5336 2885 5388 sive
2907 5332 3137 5402 publicis
3163 5329 3463 5388 actionibus

1891 5438 2134 5507 exempla
2162 5449 2374 5493 sumere
2415 5433 2554 5485 intra
2594 5427 2836 5475 sanctam
2865 5421 3164 5476 Ecclesium
3189 5419 3460 5481 aﬂectant,

1883 5545 1984 5585 cur
2002 5544 2108 5583 non
2158 5525 2397 5583 scenicas
2422 5510 2768 5574 mimicasque
2794 5524 2985 5577 nugas,
3015 5510 3103 5562 vel
3134 5514 3297 5566 etiam
3341 5520 3439 5560 cru

1882 5623 2128 5678 delitates
2155 5633 2271 5688 qua:
2293 5615 2348 5666 in
2376 5597 2602 5688 theatris
2640 5597 2751 5649 sive
2780 5597 2835 5650 in
2861 5598 3166 5658 orchestris
3210 5602 3275 5657 de
3321 5594 3463 5650 ludis

1880 5685 2210 5784 gladiatoriis
2233 5691 2517 5757 infeliciter
2541 5685 2695 5750 ﬁunt,
2723 5686 2824 5741 sibi
2850 5694 3156 5789 usurpant?
3204 5692 3313 5753 Cur
3359 5699 3466 5741 non

2758 5792 2893 5809 ’.ΑΙ

1785 5824 1851 5853 ’⁸1
