4008 6154
506 241 643 299 ηιδ
1372 232 1432 284 Β.
1473 229 1722 287 CAROLI
1762 227 1978 283 MAGNI
2015 224 2161 283 OPP.
2203 225 2381 280 PARS
2419 224 2481 278 ll.
2521 223 2761 282 SECTIO
2797 226 2859 279 ll.
3625 226 3801 286 M44

506 356 684 409 clerus
709 363 831 406 cum
865 347 1117 402 autestite
1163 356 1315 400 more
1357 343 1619 398 secutoris
1640 342 1895 411 populum
1937 340 2083 394 velut
2112 339 2165 399 Α
2186 339 2425 402 machus,
2457 341 2571 394 sive
2599 341 2878 410 imaginem
2909 356 3141 406 auream,
3170 347 3231 396 ut
3255 341 3436 398 caeteri
3470 344 3805 399 transtule—

504 441 786 495 retiarium
812 436 1140 513 insectatur?
1172 434 1280 489 Cur
1328 447 1436 487 non
1463 440 1573 487 tota
1598 432 1728 488 circi
1761 431 1980 501 gentilia
2000 428 2085 482 vel
2189 439 2334 497 runt,
2367 431 2695 486 voluerimus
2730 432 2928 502 legere,
2966 433 3199 490 cultores
3229 434 3326 489 Dei
3368 450 3490 489 eam
3537 436 3811 491 adorare

504 531 689 600 potius
712 527 948 584 infelicia
978 524 1221 594 exempla
1251 530 1510 588 sectatur,
1533 522 1626 592 qui
1666 521 1868 577 Christi
1904 528 2085 574 custo-
2190 538 2297 578 non
2353 525 2565 579 debent.
2613 523 2754 593 Ergo
2793 522 3005 593 judices
3036 532 3085 578 ct
3120 524 3390 594 principes
3438 524 3624 581 saeculi
3683 525 3806 595 qui

505 619 936 677 ditEcclesiam?
965 616 1071 672 Sed
1107 616 1246 670 absit
1265 614 1530 671 catholica
1555 612 1832 683 religione,
1851 619 1911 665 ut
1927 609 2088 664 actio-
2192 615 2572 683 imperatorum
2624 622 2830 669 statuas
2880 615 3100 670 adorant
3134 624 3189 671 et
3233 615 3511 686 imagines,
3562 615 3670 671 hoc
3728 631 3809 671 se

510 722 608 761 nes
635 719 915 776 perversos
957 717 1091 772 quas
1132 702 1340 771 pridem
1365 707 1616 771 proterva
1641 699 1860 770 gerebat
1913 694 2086 766 genti~
2193 702 2370 760 facere
2421 704 2721 775 intelligant
2762 705 2905 774 quod
2949 713 3060 761 tres
3100 706 3253 777 pueri
3298 705 3480 761 facere
3523 706 3812 762 nolentes

514 795 658 861 litas,
689 808 832 849 nunc
884 791 1189 848 Christiana
1233 792 1475 846 imitetur
1512 799 1568 845 et
1609 794 1786 845 servet
1831 785 2086 857 gravitas.
2193 799 2510 867 placuerunt
2552 801 2682 855 υθο,
2729 800 2796 854 Et
2832 802 3065 855 notanda
3093 799 3417 869 proprietas,
3468 799 3593 854 deos
3642 799 3799 863 coli,

441 949 445 958 ι
519 884 721 938 Nostra
776 884 914 938 enim
963 883 1311 948 conversatio,
1371 881 1447 935 ait
1483 879 1799 950 Apostolus,
1850 877 1907 929 in
1950 875 2090 930 cretis

2235 890 2483 960 naginem
2510 891 2727 945 adorari
2754 892 2959 957 dicunt,
2996 892 3137 961 quod
3162 900 3452 959 utrumque
3478 890 3651 944 servis
3676 890 3804 945 Dei

518 988 591 1028 est
623 974 843 1047 (Philip.
867 974 974 1045 ιιι).
1000 974 1230 1041 Ideoque
1245 972 1489 1043 quisquis
1511 971 1603 1025 illo
1631 969 1849 1025 tendere
1879 967 2090 1021 deside-

2235 995 2304 1035 on
2333 981 2601 1037 convenit.
2642 1000 2661 1034 ι
2698 977 2839 1038 Ecce
2859 984 3032 1038 sancti
3063 982 3165 1036 viri
3192 981 3529 1037 documentis
3556 981 3805 1036 instrui—

515 1072 600 1117 rat
637 1079 743 1133 quo
777 1070 938 1132 caput
992 1070 1238 1117 nostrum
1266 1062 1514 1116 Christus
1548 1058 1847 1131 praecessit,
1874 1072 1979 1111 non
2001 1058 2094 1111 de-

2235 1086 2336 1135 llll',
2361 1071 2745 1141 imperatorum
2765 1074 3026 1144 imagines
3050 1073 3265 1127 adorari
3309 1073 3533 1127 minime
3557 1073 3798 1129 debere.

518 1154 607 1207 bet
623 1154 739 1208 ﬁeri
753 1163 987 1209 sectator
998 1152 1294 1208 forensium
1317 1152 1398 1206 vel
1421 1150 1758 1220 publicarum
1788 1149 2092 1215 actionum,
2196 1158 2265 1214 Ει
2288 1160 2410 1230 quis
2434 1168 2546 1216 tam
2569 1178 2858 1232 Demersus
2886 1178 2978 1218 eas
3002 1179 3109 1218 ηοη
3137 1164 3312 1218 solum
3337 1162 3567 1217 adorare
3594 1165 3803 1218 ἀερετ.

2196 1258 2308 1314 nat,
2337 1252 2429 1306 sed
2466 1253 2534 1307 ab
2570 1267 2757 1308 earum
2782 1255 3095 1309 adoratione
3122 1253 3368 1322 exempla
3393 1256 3783 1323 perversitatis

2198 1337 2267 1391 ad
2296 1338 2521 1394 aliarum
2541 1341 2889 1398 nihilominus
2922 1344 3218 1414 imaginum
3241 1344 3609 1399 adorationem
3635 1362 3800 1401 assu-

2200 1430 2356 1484 mat?
2411 1430 2478 1485 Et
2531 1432 2577 1486 si
2620 1433 2865 1489 homines
2912 1434 3171 1488 mortales
3208 1434 3479 1503 protervis
3526 1436 3801 1491 vanitatis

522 1523 666 1579 sunt,
690 1514 828 1569 sicut
851 1522 905 1568 et
930 1513 1173 1568 seductio
1193 1512 1455 1567 malorum
1474 1512 1770 1576 hominum,
1791 1512 1903 1566 sive
1922 1510 2097 1565 socie-
2202 1516 2392 1583 inﬂati,
2446 1534 2643 1588 pompa
2695 1521 2941 1576 saeculari
2996 1522 3142 1586 elati,
3182 1523 3448 1593 honorum
3488 1524 3799 1580 ambitione

521 1615 606 1661 tas
628 1605 967 1674 injustorum,
996 1606 1206 1661 dicente
1229 1605 1455 1662 Domino
1481 1622 1493 1659 :
1520 1605 1645 1659 Non
1660 1606 1842 1659 audies
1860 1603 2098 1657 auditum
2202 1608 2403 1676 cupidi,
2429 1607 2695 1676 jactantia
2722 1610 2885 1678 pleni,
2912 1610 3033 1667 loco
3060 1613 3475 1684 circumscripti,
3518 1615 3622 1668 sim
3650 1630 3799 1669 con-

522 1712 730 1760 vanum,
782 1712 884 1749 non
909 1697 1197 1750 consenties
1247 1712 1365 1749 cum
1394 1697 1592 1766 injuste
1638 1696 1755 1763 ﬁeri
1784 1695 1927 1748 testis
1952 1694 2098 1765 inju-
2123 1685 2176 1747 Β
2199 1699 2355 1765 tenti,
2385 1700 2513 1769 quia
2547 1716 2655 1756 non
2685 1702 2885 1771 ubique
2906 1717 3026 1757 esse
3053 1711 3323 1772 poterant,
3374 1704 3495 1758 ideo
3524 1705 3804 1774 imagines

522 1797 666 1851 δηιδὶ
701 1802 805 1840 ηοη
835 1788 937 1840 eris
967 1803 1084 1839 cum
1118 1784 1355 1855 pluribus
1398 1786 1454 1839 in
1483 1784 1705 1839 ηιαίίιὶα-
1743 1782 1932 1838 Odisse
1953 1782 2099 1837 enim
2200 1808 2326 1848 suas
2349 1794 2660 1850 hominibus
2679 1796 2981 1851 adorandus
2999 1800 3341 1861 mandavere,
3368 1798 3494 1866 quia
3514 1798 3569 1851 in
3592 1796 3805 1865 seipsis

525 1876 686 1932 debet
711 1876 1073 1942 Christianus,
1100 1876 1345 1945 exemplo
1371 1875 1690 1940 Psalmistae,
1712 1889 1806 1929 eos
1835 1875 1926 1944 qui
1975 1875 2102 1929 ode-

2235 1902 2309 1941 on
2330 1886 2530 1956 ubique
2556 1894 2807 1956 poterant
2839 1888 3072 1954 adorari,
3098 1890 3227 1960 quid
3260 1905 3484 1945 necesse
3510 1898 3594 1944 est
3618 1890 3808 1953 Deum

526 1969 947 2023 runtDominum
970 1976 1025 2023 et
1044 1982 1205 2037 super
1226 1968 1472 2023 inimicos
1491 1965 1607 2035 ejus
1633 1968 1906 2021 tabescere
1926 1964 2096 2036 (Psal.

2235 1992 2257 2029 α
2309 1976 2542 2046 imagine
2582 1979 2831 2045 adorare,
2859 1980 2950 2049 qui
3001 1981 3500 2051 incircumscriptus
3543 1991 3650 2049 est,
3696 1979 3813 2050 qui

527 2058 769 2130 cxxxrx).
797 2058 980 2128 Neque
1015 2058 1158 2113 enim
1208 2057 1406 2113 Tobias
1444 2057 1528 2111 vir
1568 2057 1861 2126 probabilis
1893 2063 1947 2110 ct
1992 2056 2103 2110 Deo

2235 2067 2402 2135 bique
2425 2076 2572 2124 totus
2597 2076 2699 2136 est,
2730 2071 2926 2138 ubique
2950 2071 3213 2125 mirabilis
3241 2072 3329 2139 qui
3357 2071 3475 2125 loco
3502 2088 3613 2124 non
3661 2088 3824 2127 con-

528 2150 727 2204 Chams
763 2150 934 2206 mium
959 2166 1117 2205 suum
1139 2151 1383 2220 exempla
1405 2164 1659 2220 Ρθννθνδίι
1682 2149 1875 2204 secum
1922 2148 2104 2202 Ῑὶονιει-
2204 2161 2424 2226 tinetur,
2478 2163 2583 2217 situ
2623 2177 2727 2215 non
2761 2160 3232 2221 circumscribitur,
3282 2172 3463 2226 quem,
3516 2159 3662 2211 sicut
3713 2161 3821 2212 ait

531 2246 706 2308 batur,
735 2257 856 2297 cum
880 2242 1120 2297 dicebat:
1162 2239 1307 2308 Vide,
1328 2241 1751 2310 ﬁli,nesequaris
1777 2240 1876 2291 iter
1902 2239 2106 2309 iniquo-
2208 2248 2480 2315 Salomon,
2508 2248 2689 2301 cmlum
2714 2257 2763 2300 et
2787 2247 2900 2300 εωιὶ
2923 2246 3168 2300 caelorum
3190 2264 3295 2301 ηοη
3315 2248 3528 2317 capiunt
3558 2246 3648 2319 (ΙΙ
3684 2247 3824 2302 Ρα-

529 2351 668 2399 rum,
682 2345 729 2387 et
754 2333 1034 2387 multitudo
1060 2334 1385 2404 peccantium
1406 2348 1509 2386 non
1523 2332 1742 2385 suadeat
1766 2338 1834 2396 te,
1859 2330 2105 2400 quoniam

518 1244 613 1297 sed
640 1243 806 1312 ipsius
841 1243 1034 1319 capitis
1080 1242 1253 1297 nostri
1290 1240 1510 1305 Christi,
1545 1247 1637 1293 aut
1664 1237 1782 1308 ejus
1830 1238 2098 1293 membro-

518 1349 660 1398 rum,
703 1332 1067 1402 apostolorum
1121 1332 1369 1386 videlicet
1416 1331 1529 1385 sive
1572 1327 1991 1398 apostolicorum
2019 1326 2099 1381 vi-

520 1440 726 1478 rorum.
760 1423 1017 1492 Exempla
1046 1423 1191 1477 enim
1230 1436 1395 1491 prava
1435 1421 1512 1474 ita
1561 1419 1841 1475 catholicis
1882 1420 2098 1474 vitanda

2209 2342 2308 2396 ral.
2342 2341 2438 2411 vr),
2463 2355 2621 2409 quem
2646 2354 2753 2394 non
2778 2339 2923 2408 capit
2943 2340 3195 2404 mundus,
3225 2340 3319 2394 sed
3343 2339 3436 2393 ille
3465 2339 3616 2408 capit
3636 2355 3819 2395 mun-

531 2425 791 2495 stipendia
823 2441 1002 2479 eorum
1028 2440 1167 2478 mors
1198 2432 1305 2488 est;
1333 2432 1389 2476 tu
1412 2432 1587 2477 autem
1614 2423 1660 2477 si
1681 2430 1921 2491 operatus
1946 2420 2108 2489 fueris

533 2518 817 2581 veritatem,
865 2517 960 2570 erit
993 2524 1249 2586 respectus
1271 2514 1367 2568 Dei
1394 2516 1450 2568 in
1494 2514 1731 2585 operibus
1756 2514 1875 2577 tuis,
1908 2520 1955 2566 et
1992 2526 2110 2565 cum

536 2607 775 2660 omnibus
801 2608 891 2677 qui
916 2607 1115 2676 faciunt
1126 2608 1393 2677 justitiam
1416 2607 1750 2662 luereditabis
1770 2607 1930 2661 vitam
1962 2590 2113 2661 teter:

540 2713 665 2751 nam
690 2695 841 2770 (Tob.
862 2697 960 2769 ιν).
987 2698 1242 2767 Quisquis
1268 2712 1398 2769 ergo
1424 2699 1612 2755 videns
1641 2698 1901 2770 imagines
1949 2698 2114 2767 impe-

540 2796 785 2843 ratorum
810 2788 1022 2843 adorari
1043 2804 1073 2842 a
1093 2789 1412 2859 populorum
1432 2788 1770 2859 frequentiis,
1802 2791 1904 2845 hoc
1928 2802 2115 2844 exem-

541 2881 632 2950 plo
651 2881 891 2936 munitus
928 2880 1190 2951 imagines
1216 2882 1441 2938 adorare
1464 2890 1751 2952 percenset
1770 2882 1827 2937 in
1854 2880 2115 2945 basilicis,

540 2977 670 3033 huic
713 2976 883 3035 sancti
925 2976 1026 3031 viri
1049 2984 1317 3047 praecepto
1362 2993 1471 3033 non
1497 2977 1840 3033 mediocriter
1866 2973 2119 3030 reluctari

544 3069 904 3135 convincitur,
926 3083 1028 3125 nec
1044 3084 1167 3124 cum
1193 3070 1359 3124 David
1382 3071 1561 3126 dicere
1590 3070 1791 3140 poterit
1818 3084 1833 3122 :
1863 3067 1989 3121 Non
2007 3063 2120 3119 sedi

543 3160 603 3212 in
642 3156 858 3213 consilio
901 3159 1163 3224 vanitatis,
1201 3168 1249 3213 et
1288 3176 1405 3214 cum
1451 3161 1633 3231 iniqua
1675 3156 1968 3230 gerentibus
2016 3170 2123 3209 non

542 3251 805 3317 introibo;
835 3251 954 3306 odio
989 3251 1146 3306 habui
1184 3251 1635 3322 congregationem
1659 3248 2032 3321 malignorum,
2075 3253 2124 3300 et

548 3363 666 3400 cum
686 3346 861 3417 impiis
880 3362 984 3399 non
1008 3344 1226 3409 sedebo;
1257 3343 1437 3398 lavabo
1460 3344 1595 3397 inter
1619 3345 1917 3397 innocentes
1937 3354 2126 3395 manus

546 3451 712 3500 meas,
735 3441 782 3488 et
803 3432 1136 3488 circumdabo
1162 3431 1327 3487 altare
1350 3440 1517 3497 tuum,
1533 3431 1755 3485 Domine
1769 3429 1939 3501 (Psal.
1953 3426 2125 3496 nm).

552 3525 661 3579 Sed
685 3525 731 3578 si
777 3523 1010 3578 fortasse
1050 3520 1274 3587 hujusce
1304 3523 1506 3575 erroris
1554 3519 1805 3573 defensor
1833 3517 1994 3580 dicet,
2029 3514 2130 3567 im-

551 3622 864 3684 peratorum
891 3598 1150 3677 imagines
1174 3610 1399 3662 adorare
1426 3614 1707 3675 peccatum
1731 3620 1839 3660 non
1875 3612 1977 3670 est,
2014 3618 2132 3673 per-

552 3699 753 3769 pendat
777 3704 979 3765 quanta
1003 3694 1173 3765 gloria
1196 3694 1367 3750 tribus
1391 3695 1575 3763 pueris
1596 3695 1651 3749 id
1692 3692 1870 3749 facere
1898 3692 2133 3747 nolenti-

557 3792 660 3843 bus
681 3787 736 3841 in
757 3783 1015 3856 ﬂagrante
1036 3784 1249 3840 camino
1269 3784 1458 3856 angelo
1478 3784 1691 3840 caelitus
1711 3785 1931 3849 emisso,
1955 3783 2136 3839 edacis

558 3878 676 3950 rogi
703 3874 977 3931 ﬂammam
1001 3876 1306 3932 excutiente
1341 3885 1397 3931 et
1438 3874 1777 3932 salutiferum
1813 3890 1993 3931 rorem
2030 3874 2138 3930 illis

562 3971 925 4043 impertiente,
948 3970 1146 4026 collata
1182 3970 1272 4037 sit,
1298 3978 1604 4041 quantoque
1627 3969 1889 4026 miraculo
1916 3968 2140 4041 Babylo-

562 4065 717 4121 nicus
735 4063 987 4134 princeps
1016 4063 1157 4118 inter
1177 4079 1270 4119 eos
1309 4078 1367 4119 se
1391 4063 1589 4118 vidisse
1628 4063 1860 4118 similem
1892 4061 2002 4118 ﬂlio
2042 4061 2141 4117 Dei

568 4163 815 4221 testetur,
840 4169 948 4209 non
976 4154 1044 4210 ad
1080 4166 1255 4219 suam,
1298 4154 1392 4209 sed
1428 4154 1496 4208 ad
1529 4151 1745 4208 illorum
1794 4151 2020 4223 gloriam
2055 4148 2142 4205 vel

566 4249 730 4303 etiam
783 4247 852 4301 ad
896 4262 1047 4302 suam
1100 4246 1457 4315 pertinaciam
1501 4244 1862 4300 refutandam.
1906 4243 2144 4298 Audiam

568 4337 733 4391 etiam
778 4336 999 4390 beatum
1038 4334 1426 4406 Hieronymum
1455 4335 1514 4389 in
1562 4333 1952 4390 commentario
1980 4348 2143 4403 quem

570 4427 626 4481 in
647 4427 784 4482 libro
801 4426 1035 4481 Danielis
1055 4426 1223 4480 edidit
1241 4426 1419 4480 taliter
1437 4426 1704 4481 dicentem
1727 4442 1742 4481 :
1775 4446 1795 4479 ‹
1827 4425 1965 4480 Ecce
1983 4428 2138 4492 enim,

574 4517 767 4585 inquit,
810 4515 951 4569 Deus
981 4522 1156 4567 noster
1187 4531 1339 4585 quem
1377 4513 1594 4570 colimus
1629 4524 1794 4587 potest
1822 4517 2018 4587 eripere
2053 4532 2147 4571 nos

576 4604 640 4657 de
688 4604 892 4656 camino
943 4603 1079 4672 ignis
1105 4603 1356 4671 ardentis,
1391 4613 1441 4659 et
1472 4604 1537 4659 de
1580 4606 1820 4660 manibus
1862 4607 1985 4672 tuis,
2035 4622 2146 4673 rex,

577 4693 816 4746 liberare.
845 4691 1000 4748 Unde
1021 4702 1301 4761 putaverat
1320 4710 1380 4750 se
1408 4703 1613 4751 terrere
1638 4709 1851 4765 pueros,
1888 4696 2011 4752 inde
2033 4710 2153 4752 eer-

579 4783 661 4839 nit
686 4783 740 4838 in
767 4781 847 4839 eis
872 4782 1154 4838 materiam
1177 4784 1527 4841 fortitudinis.
1554 4785 1666 4841 Nec
1687 4787 1742 4840 in
1769 4786 1986 4854 longum
2007 4784 2153 4840 diﬂ'e-

580 4885 727 4943 runt,
757 4876 852 4932 sed
875 4889 1113 4946 praesens
1138 4877 1241 4932 sibi
1260 4877 1581 4947 pollicentur
1601 4876 1859 4931 auxilium
1878 4875 2148 4928 dicentes:

581 4966 723 5023 Ecce
744 4967 887 5022 enim
910 4967 1054 5022 Deus
1079 4976 1262 5023 noster
1283 4984 1441 5039 quem
1468 4967 1714 5029 colimus,
1754 4965 1867 5033 ipse
1892 4978 1991 5018 nos
2013 4971 2068 5017 et
2090 4964 2157 5019 de

584 5072 651 5113 eo
676 5057 819 5126 quod
851 5057 1076 5113 minaris
1098 5060 1365 5123 incendio,
1391 5066 1445 5111 et
1471 5057 1536 5110 de
1572 5055 1677 5109 tuis
1704 5060 1885 5123 potest
1909 5054 2158 5109 manibus

584 5147 834 5205 liberare.
866 5146 1017 5212 Quod
1050 5151 1093 5204 si
1117 5150 1339 5203 noluerit
1363 5164 1381 5200 :
1404 5145 1631 5200 Pulchre
1658 5145 1728 5201 ad
1760 5145 1814 5200 id
1838 5146 1982 5215 quod
2010 5145 2159 5202 dixe-

584 5250 715 5298 rat:
755 5242 929 5298 Potest
958 5247 1153 5315 eripere
1191 5260 1302 5305 nos,
1334 5259 1441 5297 non
1489 5241 1670 5296 intulit
1715 5243 2067 5310 contrarium,
2113 5243 2159 5298 si

591 5352 692 5389 non
715 5337 920 5406 poterit,
980 5335 1092 5398 sed,
1128 5335 1175 5388 si
1204 5333 1461 5389 noluerit:
1501 5342 1559 5389 ut
1586 5350 1693 5389 non
1718 5335 2162 5404 impossibilitatis

590 5420 706 5488 Dei,
759 5424 851 5479 sed
889 5424 1180 5477 voluntatis
1226 5424 1297 5479 sit
1334 5426 1376 5479 si
1405 5425 1681 5495 perierint.
1709 5424 1906 5476 Notum
1936 5424 2029 5477 tibi
2072 5425 2160 5489 sit,

593 5528 703 5575 rex,
728 5516 865 5581 quod
904 5516 1025 5569 deos
1048 5525 1163 5570 tuos
1194 5533 1297 5570 non
1338 5517 1576 5583 colimus,
1602 5526 1650 5571 et
1678 5524 1906 5569 statuant
1949 5530 2164 5568 auream

2209 2435 2371 2491 dum?
2392 2433 2525 2488 Cum
2557 2434 2701 2489 enim
2730 2440 2880 2487 tanta
2904 2431 2972 2487 sit
2998 2431 3115 2500 ejus
3155 2431 3352 2496 virtus,
3406 2439 3561 2485 tanta
3596 2431 3809 2502 gloria,

2208 2535 2356 2584 tanta
2380 2526 2641 2595 potentia,
2656 2540 2765 2580 non
2791 2533 2876 2580 est
2899 2524 3219 2594 quatrendus
3247 2523 3304 2578 in
3326 2523 3668 2593 imaginibus,
3696 2526 3814 2580 sed

2210 2616 2269 2671 in
2300 2615 2517 2671 mundis
2542 2623 2597 2670 et
2621 2615 2822 2670 sanctis
2839 2613 3177 2685 pectoribus;
3218 2628 3327 2669 non
3361 2621 3447 2669 est
3486 2613 3814 2670 adorandus

2214 2710 2273 2765 in
2293 2709 2503 2779 depicta
2528 2707 2731 2773 tabula,
2765 2708 2859 2762 sed
2888 2706 2943 2761 in
2978 2706 3102 2761 aula
3145 2713 3352 2771 sancta,
3398 2704 3613 2761 dicente
3671 2707 3814 2762 Pro-

2216 2800 2399 2870 pheta,
2431 2798 2660 2853 Adorate
2695 2797 2978 2852 Dominum
3012 2797 3069 2850 in
3091 2795 3217 2850 aula
3247 2804 3429 2851 sancta
3462 2797 3579 2866 ejus
3624 2794 3809 2867 (Psal.

2220 2890 2393 2962 xxix),
2424 2890 2517 2960 qui
2550 2905 2658 2945 non
2691 2889 2965 2943 invenitur
2985 2901 3083 2957 per
3107 2887 3377 2956 picturam
3406 2887 3625 2942 statutis
3647 2885 3810 2952 locis,

2223 2985 2319 3039 sed
2343 2998 2441 3052 per
2472 2997 2686 3051 operaa
2720 2980 2990 3036 mentibus
3035 2979 3160 3049 piis,
3213 2993 3372 3049 quem
3395 2990 3523 3035 'non
3560 2978 3615 3033 in
3662 2978 3812 3043 loco,

2223 3090 2333 3131 non
2362 3075 2417 3128 in
2439 3073 2667 3144 pictura,
2694 3087 2803 3127 non
2827 3072 3024 3127 tabulis
3045 3071 3191 3127 Elias
3213 3071 3506 3141 quaerebat,
3539 3071 3635 3125 sed
3680 3069 3812 3124 ubi-

2227 3182 2332 3238 que
2352 3180 2477 3221 eum
2507 3172 2833 3234 praesentem
2869 3164 3073 3218 sciebat
3100 3163 3152 3218 ei
3180 3163 3274 3234 qui
3304 3177 3363 3218 se
3410 3162 3671 3218 instantia
3712 3162 3819 3217 bo-

2227 3273 2422 3315 norum
2444 3271 2667 3325 operum
2692 3263 3013 3324 praesentem
3039 3255 3355 3311 exhibuerat
3396 3270 3518 3308 cum
3546 3254 3764 3309 dicebat
3793 3270 3809 3307 :

2238 3347 2378 3402 Vivit.
2399 3346 2649 3399 Dominus
2666 3346 2720 3398 in
2742 3346 2895 3413 cujus
2917 3354 3191 3414 conspectu
3203 3353 3284 3399 sto
3312 3343 3399 3416 (11
3405 3343 3435 3398 I
3472 3344 3598 3414 Reg.
3640 3343 3811 3414 xvn).

2229 3435 2288 3490 In
2303 3433 2499 3489 tabulis
2517 3448 2646 3503 ergo
2673 3433 2863 3499 Deum,
2888 3433 2982 3504 qui
3017 3433 3262 3490 inlocalis
3276 3442 3330 3489 et
3350 3433 3685 3502 omnipotens
3697 3441 3815 3498 cst,

2232 3526 2456 3581 adorare
2480 3523 2637 3589 velle,
2672 3523 2811 3579 sicut
2838 3524 3065 3594 gentiles
3099 3540 3259 3597 reges
3299 3541 3427 3580 suos
3451 3523 3651 3579 locales
3698 3524 3817 3579 sive

2233 3613 2488 3671 mortales
2528 3614 2843 3679 adorabunt,
2886 3614 3173 3685 profanum
3214 3624 3300 3671 est
3339 3623 3394 3670 et
3445 3614 3819 3670 incredulitati

2233 3707 2488 3763 vicinum.
2535 3704 2747 3760 Nullam
2800 3704 2946 3760 enim
2992 3706 3095 3761 hoc
3141 3705 3316 3761 scelus
3352 3704 3547 3761 fecisse
3589 3704 3816 3774 legimus

2235 3805 2467 3868 gentem,
2508 3795 2615 3850 nisi
2637 3794 2960 3865 Babylonios
2997 3803 3052 3850 et
3076 3795 3363 3861 Romanos,
3399 3794 3484 3850 vel
3515 3809 3612 3849 eas
3632 3802 3817 3865 gentes

2238 3903 2357 3957 quae
2388 3886 2455 3941 ab
2481 3886 2568 3940 his
2592 3893 2687 3939 aut
2713 3886 2967 3953 subactae,
3012 3893 3105 3941 aut
3138 3886 3381 3941 ﬂnitimm
3430 3885 3600 3952 fuere,
3625 3895 3719 3939 aut
3746 3886 3813 3938 ab

2239 3981 2325 4036 his
2351 3978 2595 4049 exempla
2614 3992 2927 4049 sumpsere,
2957 3985 3019 4032 ut
3042 3978 3182 4034 sicut
3211 3978 3268 4032 in
3295 3976 3578 4033 ferocitate
3603 3977 3714 4031 sive
3757 3990 3811 4029 in

2240 4069 2554 4126 fortitudine
2575 4070 2691 4126 haec
2716 4070 2821 4126 duo
2845 4083 3011 4140 regna
3038 4068 3249 4125 caeteris
3273 4070 3462 4124 mundi
3487 4068 3666 4139 regnis
3682 4064 3815 4121 emi-

2241 4165 2424 4219 nuisse
2466 4169 2780 4228 noscuntur,
2832 4161 2907 4216 ita
2950 4160 3114 4215 etiam
3168 4160 3223 4215 in
3265 4160 3507 4216 colendis
3562 4159 3721 4214 idolis
3763 4164 3818 4213 et

2245 4251 2533 4307 aderandis
2550 4251 2805 4320 proniora
2823 4248 2990 4305 fuisse
3010 4249 3318 4305 credantur.
3336 4249 3462 4305 Fuit
3482 4251 3661 4319 itaque
3682 4248 3818 4302 inter

2246 4342 2364 4397 haec
2388 4341 2494 4396 duo
2518 4339 2812 4396 fortissima
2841 4354 3005 4409 regna
3035 4355 3227 4410 magna
3252 4341 3655 4405 concordantia,
3708 4354 3817 4394 ma-

2249 4447 2355 4501 gna
2383 4431 2696 4496 similitudo,
2725 4445 2920 4501 magna
2939 4431 3250 4496 crudelitas,
3274 4446 3469 4501 magna
3508 4431 3677 4485 etiam
3717 4431 3817 4483 lor-

2251 4521 2443 4587 titudo,
2474 4527 2526 4575 et
2546 4534 2734 4575 revera
2764 4519 3020 4575 fortitudo
3044 4536 3164 4590 qua:
3198 4524 3405 4575 caeteris
3430 4519 3613 4573 mundi
3638 4516 3816 4585 regnis

2253 4627 2352 4667 suo
2376 4620 2616 4680 tempore
2653 4612 3017 4681 imperaverit.
3064 4610 3197 4666 Nam
3235 4618 3290 4665 ut
3313 4608 3442 4663 illud
3478 4608 3544 4661 ab
3583 4606 3811 4671 oriente,

2254 4702 2330 4755 ita
2352 4701 2608 4754 nimirum
2632 4701 2775 4754 istud
2798 4699 3024 4753 eminuit
3043 4702 3111 4756 ab
3131 4699 3429 4762 occidente;
3456 4694 3590 4751 illud
3613 4693 3813 4749 mundo

2254 4789 2598 4860 pubescente,
2643 4789 2783 4843 istud
2808 4788 2920 4857 jam
2943 4792 3143 4847 mundo
3177 4796 3505 4847 senescente.
3530 4786 3666 4842 Nam
3708 4803 3820 4844 om-

2258 4891 2402 4940 nem,
2425 4882 2486 4929 ut
2512 4876 2662 4930 aiunt
2688 4877 2946 4944 historiae,
2976 4879 3255 4950 Babylonii
3284 4879 3437 4950 regni
3460 4878 3823 4933 hzereditatem

2260 4975 2313 5025 et
2341 4967 2508 5038 apicis
2533 4968 2807 5024 cumulum
2832 4969 3133 5026 Romanum
3163 4973 3400 5041 suscepit
3427 4970 3735 5041 imperium,
3775 4976 3831 5025 et

2259 5062 2404 5115 inter
2432 5061 2548 5115 hinc
2576 5058 2682 5114 duo
2704 5074 2870 5130 regna
2902 5061 3058 5131 quasi
3082 5061 3225 5116 inter
3264 5069 3475 5131 patrem
3520 5075 3705 5116 senem
3742 5059 3825 5130 qui

2257 5154 2369 5225 jam
2389 5154 2804 5225 possedesierit,
2836 5164 2891 5211 et
2929 5156 3095 5212 lilium
3137 5157 3422 5226 parvulum
3466 5158 3560 5227 qui
3605 5158 3824 5213 necdum

2264 5246 2572 5302 dominandi
2608 5247 2752 5303 vires
2797 5249 3090 5317 acceperit;
3121 5249 3227 5304 duo
3268 5264 3437 5320 regna
3482 5250 3598 5305 vice
3643 5249 3828 5304 tutoris

2265 5337 2549 5392 Persarum
2572 5338 2819 5393 videlicet
2839 5338 2952 5393 sive
2973 5338 3321 5394 Macedonum
3340 5339 3508 5394 fuisse
3529 5339 3827 5393 traduntur.

2265 5428 2335 5481 At
2362 5428 2486 5483 dum
2511 5430 2700 5492 hteres,
2734 5429 2786 5482 id
2812 5435 2911 5493 est,
2955 5427 3256 5484 Romanum
3301 5431 3608 5500 imperiunm,
3656 5429 3831 5485 adole»

2267 5521 2366 5585 vit,
2417 5521 2518 5576 hoc
2565 5519 2706 5589 quod
2757 5519 2956 5575 tutoris
2989 5518 3163 5574 locum
3215 5523 3434 5577 tenebat
3470 5521 3750 5585 abscessit,
3778 5527 3833 5575 et

600 5614 753 5667 quam
779 5605 1007 5671 erexisti,
1038 5623 1137 5661 non
1166 5608 1465 5664 adoramus.
1501 5610 1624 5666 Sive
1650 5618 1898 5675 statuam,
1922 5613 1981 5663 ut
2012 5605 2167 5679 Sym-
2271 5612 2500 5681 suscepit
2552 5610 2913 5675 haereditatem
2962 5614 3101 5674 ﬁlius
3153 5617 3467 5679 adolescens
3503 5632 3666 5688 quam
3691 5622 3837 5687 pater
