4008 6154
199 256 348 312 1143

195 372 463 427 amiserat
501 371 792 425 veteranus
838 374 854 413 :

197 458 585 518 consonantias
618 456 730 510 sive
771 453 1090 509 concordias
1126 453 1379 523 persequi
1414 454 1633 525 longum
1667 463 1774 510 est.

192 551 362 614 Nam,
393 556 449 604 ut
474 554 667 604 caetera
699 552 993 608 taceamus,
1021 544 1075 596 in
1099 543 1198 598 hac
1220 551 1372 611 parte
1417 558 1527 599 non
1557 544 1776 599 minima

191 640 515 696 eorumdem
538 651 828 709 regnorum
867 634 1214 690 consonantia
1248 642 1349 700 est,
1372 636 1517 703 quod
1553 644 1778 705 utraque

191 747 358 803 reges
389 746 516 787 suos
541 730 598 784 in
624 729 820 784 statuis
840 728 950 782 sive
971 725 1289 795 imaginibus
1308 739 1405 795 per
1421 740 1640 795 campos
1665 725 1777 780 sive

188 823 410 894 plateas
440 821 671 875 adorare
694 816 1015 881 censuerint,
1040 822 1095 869 et
1113 814 1230 870 haec
1256 814 1436 871 facere
1472 815 1777 871 nolentibus

189 913 415 968 diversa
469 909 732 980 supplicia
780 906 1074 961 intulerint.
1124 904 1261 960 Nam
1296 906 1400 962 hoc
1428 906 1628 961 malum
1649 922 1773 961 cum

188 1003 419 1058 (ueteris
456 1000 611 1055 malis
654 1014 771 1068 quae
810 996 1010 1051 Christi
1046 995 1280 1051 adventu
1320 996 1579 1052 frustrata
1627 1004 1772 1063 sunt,

186 1094 456 1151 frustrari
482 1093 697 1146 omnino
726 1089 904 1153 debet,
933 1096 989 1142 et
1013 1104 1120 1143 non
1144 1089 1318 1144 solum
1345 1091 1412 1144 ab
1445 1105 1509 1145 eo
1556 1090 1625 1144 ad
1668 1089 1775 1144 alia

183 1187 508 1257 peragenda
555 1181 796 1250 exempla
847 1190 973 1236 sunt
1009 1182 1287 1247 sumenda,
1338 1184 1431 1238 sed
1478 1183 1710 1253 idipsum
1742 1201 1776 1239 a

185 1277 535 1335 Christicolis
572 1274 831 1329 radicitus
856 1280 940 1328 est
963 1273 1385 1343 exstirpandum,
1412 1287 1481 1328 ne
1509 1289 1636 1343 qua,
1683 1289 1774 1330 se-

185 1368 430 1424 cundum
453 1364 789 1434 Apostolum,
821 1363 977 1417 radix
1013 1364 1383 1417 amaritudinis
1410 1380 1622 1418 rursum
1660 1365 1777 1435 pul-

184 1460 320 1513 lulet
341 1469 387 1513 et
409 1460 643 1530 inquinet
661 1456 853 1511 multos
890 1454 1046 1527 (Heb.
1082 1456 1204 1526 xu).
1231 1456 1369 1511 Nam
1399 1472 1524 1511 cum
1559 1465 1777 1525 aposto-

183 1549 312 1605 licis
334 1550 667 1603 instruamur
696 1545 1035 1603 documentis
1065 1545 1269 1599 nullam
1297 1562 1399 1601 nos
1424 1548 1553 1602 dare
1579 1547 1775 1602 debere

182 1640 538 1695 occasionem
560 1638 818 1706 maligno,
868 1652 964 1690 cur
1002 1638 1167 1691 talem
1199 1638 1493 1707 gentilibus
1534 1641 1772 1696 occasio-

979 245 1158 303 LIBRI
1194 222 1535 305 CAROLINI.
1570 274 1644 292 ..-
1681 250 1901 309 CAPIT.
1940 252 2029 310 DE
2065 256 2254 316 lMAG.
2294 287 2363 301 --
2399 261 2528 318 LIB.
2568 263 2657 320 Ill.

904 373 1138 456 quorum
1201 362 1428 456 duorum
1481 376 1772 433 regnorum
1793 367 1849 429 Δ
1873 368 2895 447 (Psat.cxxxrx).EtDominusAbrahae
2917 379 3449 456 dixerit:Sipossunt

3307 274 3448 331 Ηιίϐ

1876 460 2038 517 stella:
2066 466 2179 520 caeli
2211 469 2477 522 numerari
2511 486 2620 539 prae
2654 470 3003 538 multitudine,
3036 489 3210 528 semen
3247 492 3450 545 quoque

1876 558 2023 607 tuum
2078 559 2345 612 numerari
2378 561 2594 625 poterit
2645 558 2800 631 (Cen.
2858 563 2971 633 xv).
3019 561 3214 618 Semen
3265 574 3447 623 autem

1875 642 2103 698 Abrahre
2131 663 2319 703 omnes
2338 650 2621 705 credentes
2645 664 2785 716 esse,
2817 654 3067 708 omnibus
3101 655 3445 713 manifestum

1876 739 1977 787 est.
2015 733 2134 802 Ipse
2175 739 2319 791 enim
2354 748 2437 794 est
2460 748 2618 809 pater
2648 743 2903 812 gentium,
2946 744 3003 799 in
3028 744 3182 813 cujus
3216 747 3443 814 semine,

1876 824 1932 880 id
1968 832 2051 880 est
2077 826 2133 880 in
2157 828 2394 896 Christo,
2437 832 2820 889 benedicentur
2864 850 3053 891 omnes
3092 846 3307 907 gentes;
3355 838 3449 909 qui

1876 917 2167 972 secundum
2203 920 2524 989 apostolum,
2552 938 2659 977 non
2687 939 2751 978 cx
2786 926 3217 994 circumcisione,
3244 928 3339 983 sed
3381 942 3450 983 ex

1876 1007 2193 1063 credulitate
2212 1010 2429 1064 \amicus
2459 1012 2555 1065 Dei
2584 1024 2805 1068 vocatus
2832 1024 2936 1080 est,
2963 1031 3064 1070 nec
3104 1017 3154 1070 ei
3194 1018 3448 1073 observa-

1876 1100 1952 1155 tio
1987 1098 2137 1171 legis,
2185 1102 2280 1155 sed
2324 1103 2614 1158 credulitas
2652 1104 2774 1159 ﬁdei
2808 1106 2876 1160 ad
2899 1103 3167 1173 justitiam
3203 1116 3449 1176 reputata

1875 1199 1957 1247 est
1964 1231 1978 1245 .

2467 1286 2692 1342 CAPUT
2723 1286 2859 1342 XVI.

1876 1380 2070 1435 Contra
2090 1394 2177 1435 eos
2199 1381 2288 1453 qui
2312 1381 2496 1453 dicunt
2516 1381 2654 1452 quod
2684 1380 2932 1453 imaginis
2954 1380 3123 1435 honor
3148 1372 3452 1452 inrprimam

2436 1452 2660 1521 formam
2679 1452 2887 1505 transit.

1946 1544 2366 1601 Usitatissimum
2392 1551 2447 1598 et
2489 1543 2682 1612 oppido
2706 1540 3187 1597 familiarissimum
3210 1541 3315 1597 illis
3356 1541 3448 1612 qui

1875 1638 1929 1691 in
1952 1635 2238 1691 adorandis
2264 1634 2585 1703 imaginibus
2607 1640 2853 1696 :estuant,
2880 1633 2983 1687 hoc
3003 1641 3105 1699 est,
3140 1640 3200 1687 ut
3224 1633 3450 1688 credant

180 1743 322 1781 nem
369 1727 557 1781 demus
600 1725 911 1781 mortalium
958 1741 1144 1795 regum
1189 1728 1451 1796 imagines
1505 1731 1773 1786 adorando
1802 1736 1929 1796 Bct
1954 1735 2200 1782 asscrant
2246 1725 2496 1795 imaginis
2551 1725 2811 1778 honorem
2842 1724 2898 1775 in
2936 1722 3176 1777 eamdem
3221 1722 3449 1777 formam

182 1826 244 1871 et
276 1817 347 1871 ab
382 1817 468 1871 his
493 1816 735 1885 exempla
763 1817 1056 1871 sumendo?
1092 1825 1151 1871 ut
1176 1819 1329 1874 nobis
1364 1819 1605 1889 ingerere
1646 1837 1770 1891 pos-

181 1909 306 1963 sint
355 1909 594 1962 dicentes
630 1926 642 1961 :
681 1907 790 1962 Nos
831 1924 1016 1963 eorum
1060 1910 1343 1966 simulacra
1380 1912 1464 1966 vel
1508 1913 1768 1985 imagines

182 2001 487 2055 adoramus
507 2014 641 2069 quos
665 1998 750 2053 vel
779 2012 905 2052 vera
928 1999 1186 2070 religione
1219 2002 1345 2057 deos
1367 2003 1653 2069 credimus,
1684 2003 1768 2059 vel

180 2089 541 2157 antiquorum
577 2087 958 2145 traditionibus
991 2089 1135 2144 docti
1163 2090 1289 2146 deos
1327 2107 1433 2146 non
1458 2107 1578 2147 esse
1600 2094 1769 2148 nesci-

180 2194 310 2232 mus
343 2196 357 2231 :
390 2193 486 2232 vos
540 2192 690 2242 vero,
726 2178 920 2246 quibus
957 2179 1102 2234 istud
1154 2180 1486 2237 abominatio
1529 2190 1634 2247 est,
1672 2197 1769 2237 cur

181 2268 451 2337 imagines
476 2268 750 2322 hominum
773 2268 856 2322 vel
882 2269 1023 2324 ceris
1049 2270 1222 2338 pictas
1259 2272 1345 2325 vel
1381 2274 1614 2328 metallis
1637 2289 1769 2329 con-

179 2356 346 2411 ﬂatas
371 2359 470 2412 sub
486 2373 668 2427 regum
697 2360 992 2413 reverentia
1020 2361 1180 2415 ctiam
1206 2362 1420 2430 publica
1452 2363 1768 2420 adoratione

180 2447 548 2511 veneramini,
574 2455 649 2512 et,
677 2456 736 2501 ut
764 2448 865 2516 ipsi
889 2451 1207 2518 praedicatis,
1235 2454 1343 2508 Deo
1360 2463 1569 2510 tantum
1595 2458 1767 2513 hono-

183 2552 309 2591 rem
332 2538 568 2592 debitum
589 2538 751 2592 etiam
771 2539 1077 2595 hominibus
1096 2542 1262 2597 datis?
1282 2545 1432 2610 Quod
1450 2546 1496 2601 si
1516 2548 1765 2606 illicitum

182 2626 403 2696 legique
431 2630 761 2683 contrarium
807 2639 910 2696 cst,
942 2648 1039 2686 cur
1078 2633 1180 2687 hoc
1212 2632 1407 2699 facitis,
1450 2637 1761 2708 Christiani,

181 2726 285 2770 aut
316 2733 414 2771 cur
436 2718 603 2772 vestri
641 2735 747 2773 non
773 2720 1061 2789 prohibent
1084 2725 1423 2780 sacerdotes?
1444 2742 1512 2782 ne
1544 2729 1595 2783 id
1624 2731 1767 2799 quod

179 2809 240 2863 id
273 2809 650 2879 ignorantibus
672 2814 828 2868 nobis
847 2829 947 2883 pro
971 2815 1251 2885 sacrilegio
1281 2819 1571 2887 ascribitis,
1598 2824 1766 2878 scien-

182 2909 274 2955 tes
307 2902 408 2955 sub
431 2901 590 2957 ollicii
622 2906 966 2960 excusatione
991 2908 1245 2963 subeatis.
1266 2908 1407 2975 Qua:
1437 2910 1561 2966 dum
1598 2921 1651 2967 et
1680 2915 1764 2970 bis

176 2989 387 3044 similia
408 2992 597 3060 primis
622 2993 740 3048 ﬁdei
764 2996 1096 3063 temporibus
1121 3012 1151 3050 a
1170 2998 1503 3069 philosophis
1523 3004 1765 3074 gentium

1871 1834 2029 1889 posse
2074 1818 2306 1873 transire
2331 1816 2483 1885 cujus
2506 1816 2685 1885 imago
2711 1822 2811 1869 est.
2865 1812 3017 1880 Quod
3048 1812 3262 1882 quidem
3308 1829 3447 1882 quo-

1871 1912 2029 1966 modo
2052 1910 2169 1965 ﬁeri
2196 1910 2391 1974 valeat,
2414 1917 2469 1962 ει
2497 1917 2680 1961 utrum
2706 1906 2821 1962 ﬁcri
2849 1906 3039 1969 valeat,
3065 1905 3209 1960 nulla
3238 1906 3449 1960 ratione

1868 2003 2181 2073 percipitur,
2236 2018 2335 2057 nec
2391 2001 2693 2056 divinorum
2743 1998 3074 2068 eloquiorum
3127 1997 3449 2052 testimoniis

1869 2094 2216 2165 approbatur.
2263 2092 2641 2161 Nunquidnam
2668 2089 2840 2145 sancti
2871 2088 2963 2159 qui
2985 2103 3084 2158 pro
3108 2087 3316 2142 meritis
3337 2086 3449 2141 suis

1868 2187 2106 2242 cwlestia
2153 2199 2318 2253 regna
2349 2183 2713 2239 conscendere
2748 2181 3052 2246 valuerunt,
3093 2193 3319 2248 quorum
3370 2176 3447 2230 illi

1868 2278 2161 2335 inofﬁcioso
2217 2276 2475 2345 obsequio
2523 2274 2783 2344 imagines
2833 2273 3060 2327 adorare
3106 2276 3444 2340 percensent,

1867 2370 2265 2441 superstitiosos
2305 2374 2397 2423 aut
2435 2380 2796 2437 supervacuos
2825 2364 3058 2419 honores
3106 2358 3450 2415 ambicrunt?

1865 2462 2118 2531 Nunquid
2153 2459 2365 2515 adorari
2390 2473 2454 2514 se
2480 2454 2880 2527 permiserunt?
2926 2453 3152 2520 Quidam
3194 2450 3336 2505 enim
3377 2463 3447 2504 ex

1866 2552 1973 2608 illis
1998 2550 2191 2619 abjecti
2213 2565 2333 2606 esse
2357 2549 2661 2619 cupiebant,
2696 2554 2758 2600 ut
2794 2545 3009 2601 Domini
3054 2542 3283 2613 gratiam
3331 2555 3446 2599 me-

1865 2651 2115 2699 rerentur
2143 2657 2158 2695 :
2195 2644 2260 2697 de
2282 2641 2475 2711 quibus
2494 2648 2611 2694 erat
2640 2637 2727 2692 ille
2749 2638 2842 2707 qui
2877 2636 3088 2692 diccbat
3120 2653 3132 2687 :
3169 2632 3319 2702 Elegi
3351 2631 3467 2684 αὑ-.

1856 2735 2030 2805 jectus
2056 2749 2165 2788 esse
2193 2733 2249 2786 in
2292 2732 2447 2785 domo
2479 2729 2573 2783 Dei
2608 2729 2773 2797 magis
2819 2743 2977 2798 quam
3010 2724 3247 2779 habitare
3285 2723 3338 2775 in
3367 2730 3449 2774 ta-

1866 2821 2159 2876 bernaculis
2184 2828 2514 2891 peccatorum
2553 2814 2723 2887 (Psal.
2756 2811 3011 2883 LXXXIV);
3054 2811 3270 2880 quidam
3317 2823 3448 2863 vero

1864 2912 2120 2983 ﬂagellari
2150 2912 2329 2981 potius
2357 2924 2517 2980 quam
2541 2904 2788 2962 venerari
2810 2903 3113 2958 maluerunt
3140 2919 3152 2954 :
3186 2899 3338 2955 testis
3360 2906 3444 2953 est

1867 3003 1953 3057 ille
1984 3003 2075 3073 qui
2104 3003 2237 3057 dixit
2271 3020 2283 3054 :
2324 3001 2438 3071 Ego
2465 3008 2637 3053 autem
2668 2995 2959 3065 non_solum
2989 2992 3219 3063 alligari,
3244 3006 3449 3045 verum-

176 3082 390 3136 nostris
419 3083 564 3137 illata
597 3084 841 3152 fuissent,
866 3087 1037 3141 nostri
1074 3088 1256 3145 taliter
1296 3095 1637 3162 respondisse
1684 3095 1765 3151 [ει
1788 3085 1839 3153 C
1865 3095 2021 3150 etiam
2049 3094 2184 3148 mori
2227 3109 2321 3165 pro
2347 3091 2550 3146 Christo
2594 3097 2811 3160 paratus
2850 3102 2985 3140 sum.
3017 3083 3136 3138 Non
3169 3081 3312 3136 enim
3344 3094 3451 3134 eos

175 3181 380 3228 runtur
429 3193 442 3228 :
490 3175 603 3232 Hoc
649 3192 882 3247 namque
932 3182 1073 3248 quod
1124 3183 1301 3240 dicitis
1348 3201 1447 3241 nec
1506 3187 1766 3245 debemus

174 3269 432 3335 probare,
473 3284 573 3323 nec
602 3284 911 3338 possumus,
939 3274 1065 3343 quia
1102 3276 1443 3333 evidentibus
1461 3279 1559 3334 Dei
1583 3280 1764 3349 dictis,

176 3372 287 3411 non
348 3358 631 3425 elementa,
670 3377 774 3416 non
814 3364 1055 3434 angelos,
1091 3381 1199 3427 nec
1224 3368 1497 3437 quoslibet
1531 3370 1654 3426 caeli
1701 3388 1766 3429 ac

176 3452 349 3499 terrae
395 3446 479 3500 vel
524 3448 664 3502 aeris
712 3450 1046 3520 principatus
1102 3456 1330 3512 adorare
1376 3458 1761 3526 permittimur.

174 3537 366 3590 Divini
392 3539 535 3592 enim
576 3542 803 3608 speciale
832 3543 934 3598 hoc
977 3561 1173 3602 nomen
1201 3558 1286 3603 est
1318 3549 1477 3605 ollicii
1514 3560 1570 3606 et
1604 3553 1768 3610 altius

180 3626 340 3706 omni
383 3634 599 3680 terrena
634 3632 981 3686 veneratione
1020 3633 1105 3686 vel
1137 3638 1455 3702 reverentia,
1499 3641 1594 3695 sed
1623 3642 1766 3698 sicut

180 3713 239 3767 in
264 3711 573 3783 hujusmodi
598 3715 795 3770 malum
822 3720 1053 3786 primum
1075 3723 1306 3779 adolatio
1329 3726 1574 3784 homines
1598 3731 1767 3800 impu-

142 3802 269 3869 'lit,
314 3806 397 3859 sic
436 3822 579 3862 nunc
613 3808 683 3862 ab
714 3824 899 3865 errore
947 3816 1274 3871 consuetudo
1299 3818 1387 3871 vix
1427 3831 1663 3877 revocat.
1705 3822 1767 3878 In

182 3910 296 3963 quo
337 3905 521 3950 tamen
556 3898 772 3954 incauto
798 3901 1058 3973 obsequio
1099 3920 1405 3975 quanquam
1427 3904 1637 3967 divinus
1657 3930 1766 3969 non

182 3984 626 4065 deprehendatur
678 3988 891 4056 cultus,
944 3992 1037 4046 sed
1099 4004 1319 4064 propter
1364 3998 1765 4058 similitudinem

182 4077 496 4134 amabilium
513 4079 756 4135 vultuum
781 4084 975 4152 gaudia
994 4084 1198 4140 intenta
1221 4088 1340 4156 plus
1364 4090 1581 4159 faciant,
1606 4110 1765 4164 quam

184 4179 276 4224 aut
301 4173 358 4226 hi
386 4172 529 4264 forte
573 4176 795 4246 exigant
842 4179 1038 4246 quibus
1086 4181 1343 4251 defertur,
1390 4195 1484 4242 aut
1516 4189 1763 4264 perfungi

184 4270 428 4329 oporteat
442 4263 770 4333 deterentes,
784 4273 1178 4328 reverentiores
1203 4284 1378 4332 tamen
1400 4287 1454 4333 et
1473 4263 1765 4338 districtiO—

185 4363 270 4404 res
281 4351 423 4407 hanc
443 4355 883 4412 consuetudinem
904 4361 1554 4435 perltorrentChristiani,
1568 4372 1762 4440 quibus

1868 3188 2133 3243 honorum
2160 3185 2506 3254 appetitorcs,
2536 3179 2631 3236 sed
2651 3177 2917 3249 spirituali
2942 3176 3128 3248 vigore
3155 3173 3447 3243 ﬂagrantes

1867 3288 1921 3334 et
1944 3286 2132 3333 contra
2173 3277 2401 3330 adversa
2436 3274 2673 3328 munitos
2720 3279 2881 3340 atque
2915 3268 3038 3339 igne
3082 3263 3448 3321 tribulationis

1868 3372 2117 3427 decoctos
2152 3375 2207 3422 et
2246 3366 2532 3421 mundanis
2572 3362 2989 3419 adversitatibus
3031 3360 3282 3415 fortiores
3318 3356 3448 3413 elle-

1867 3467 2003 3525 ctos,
2030 3459 2219 3513 doctor
2242 3456 2483 3528 gentium
2510 3455 2676 3509 fuisse
2698 3458 3105 3517 commemorat,
3134 3464 3257 3504 cum
3283 3462 3448 3517 quos-

1869 3553 1990 3608 dam
2038 3566 2105 3605 ex
2157 3550 2262 3604 illis
2316 3548 2447 3603 dicit
2486 3555 2743 3612 tantatos,
2801 3554 2862 3601 ut
2894 3544 3147 3609 Achiam;
3181 3541 3442 3612 quosdam

1867 3643 2146 3713 lapidatos,
2200 3651 2260 3696 ut
2307 3640 2626 3695 Zachariam
2658 3647 2713 3694 et
2756 3638 3120 3707 Stephanum;
3179 3633 3442 3704 quosdam

1868 3736 2079 3789 illorum
2107 3742 2300 3799 sectos,
2332 3742 2392 3787 ut
2415 3734 2628 3798 Isaiam,
2669 3732 2761 3801 qui
2804 3746 2901 3801 per
2943 3730 3168 3800 ﬁguram
3199 3724 3448 3797 syllepsis

1866 3827 2146 3897 pluraliter
2164 3827 2408 3897 ponitur;
2440 3824 2703 3894 quosdam
2730 3822 2785 3875 in
2811 3822 3083 3877 occisione
3107 3818 3268 3888 gladii
3298 3832 3446 3871 mor-

1869 3924 2004 3981 tuos,
2046 3917 2186 3972 sicut
2243 3917 2424 3985 plures
2464 3914 2847 3982 prophetarum
2896 3909 3063 3961 fuisse
3106 3915 3439 3969 noscuntur;

1866 4009 2123 4077 quosdam
2148 4006 2403 4063 circuisse
2423 4004 2478 4057 in
2508 4000 2811 4061 melotibus,
2842 4014 2898 4051 1n
2919 3996 3147 4067 pellibus
3180 3994 3441 4060 caprinis,

1866 4096 2005 4152 sicut
2043 4096 2215 4150 Eliam
2267 4100 2320 4147 ct
2342 4090 2638 4152 Joannem;
2678 4084 2941 4154 quosdam
2982 4086 3300 4151 angustatos
3327 4079 3441 4133 sive

1864 4195 2082 4257 egentes
2130 4184 2290 4238 fuisse
2323 4180 2531 4248 illisque
2567 4178 2785 4247 dignum
2828 4188 2935 4229 non
2966 4171 3131 4225 fuisse
3156 4170 3438 4237 mundum,

1864 4278 2002 4333 sicut
2048 4277 2115 4331 de
2142 4287 2277 4345 pene
2317 4270 2567 4326 omnibus
2618 4264 2819 4321 sanctis
2871 4261 3072 4334 passim
3115 4260 3440 4316 credendum

1864 4373 1964 4432 est,
2009 4369 2395 4422 commemorat
2427 4358 2585 4432 (Heb.
2612 4355 2691 4429 χι)
2717 4374 2729 4412 :
2771 4357 2966 4427 quibus
2995 4352 3257 4423 exemplis
3289 4367 3443 4407 mon-

188 4440 380 4535 taliter-
418 4444 581 4499 illatis
606 4463 711 4502 non
750 4459 972 4519 apparet
1006 4467 1117 4521 eos,
1167 4463 1297 4512 tunc
1346 4474 1534 4530 regum
1568 4434 1760 4535 iinagi-
1784 4434 1839 4493 Ῑ)
1866 4468 2068 4516 stratur
2116 4474 2225 4513 non
2255 4472 2350 4512 eos
2402 4455 2687 4518 honorum,
2740 4450 2831 4505 sed
2883 4449 3143 4503 virtutum
3174 4445 3442 4501 desiderio

186 4543 284 4584 nes
314 4530 545 4585 adorare
584 4538 878 4606 censuisse,
936 4556 1244 4612 quanquam
1293 4550 1454 4603 rudes
1488 4551 1664 4607 adhuc
1683 4530 1760 4610 iet

183 4623 427 4715 necdum,
465 4624 654 4681 solida:
722 4630 787 4684 ad
835 4634 1242 4702 percipiendum
1266 4638 1521 4715 ﬁolidum
1578 4642 1759 4699 cibum

183 4722 384 4771 mentes
414 4714 696 4772 hominum
746 4718 946 4776 fuerint
998 4722 1064 4779 de
1114 4714 1412 4795 gentilitate
1461 4744 1753 4788 conversae.

183 4800 294 4859 Jam
307 4822 437 4862 vero
461 4808 591 4878 quia
609 4810 791 4864 dicunt
816 4814 1061 4885 exemplo
1083 4815 1440 4885 imperialium
1461 4820 1756 4895 imaginum

189 4893 461 4966 imaginem
487 4901 584 4955 Dei
612 4903 696 4956 vel
738 4913 940 4961 sanctae
987 4907 1084 4962 Dei
1125 4911 1405 4980 genitricis
1444 4893 1623 4972 Mariae
1663 4918 1746 4971 vel

188 4988 413 5071 ninnium
435 5001 745 5047 sanctorum
771 4996 986 5051 adorari
1020 4999 1235 5066 debere,
1261 5017 1422 5071 quam
1460 5006 1531 5059 sit
1566 5008 1756 5062 absur-

191 5069 310 5127 dum
340 5092 559 5146 quamve
584 5082 778 5138 inutile
796 5085 849 5139 in
878 5096 1134 5156 promptu
1170 5069 1465 5155 est,‘ctiam
1510 5096 1624 5150 sive
1654 5098 1757 5153 hoc

189 5164 429 5230 capitulo,
459 5170 569 5227 sive
594 5172 647 5227 in
677 5174 798 5229 aliis
829 5192 896 5230 ex
932 5185 1084 5245 parte
1114 5189 1472 5239 monstratum
1499 5194 1599 5240 cst.
1625 5187 1756 5242 Nul-

188 5250 268 5306 IUS
288 5258 429 5310 enim
462 5270 652 5327 printer
676 5264 847 5320 Deum
882 5269 1307 5338 omnipotentem
1339 5276 1577 5331 omnium
1623 5293 1750 5333 san-

188 5350 388 5402 ctorum
434 5349 691 5423 imagines
750 5357 835 5411 vel
883 5360 1102 5414 nomina
1141 5362 1342 5415 habere
1389 5364 1472 5418 vel
1519 5368 1752 5424 retinere

186 5444 367 5506 Domst,
397 5441 608 5500 dicente
627 5447 897 5517 Propheta
924 5469 935 5503 :
969 5451 1142 5507 Nimis
1173 5453 1416 5507 honorati
1450 5466 1569 5510 sunt
1597 5461 1750 5516 amici

185 5535 271 5600 tul,
299 5537 454 5607 Deus,
490 5543 647 5597 nimis
700 5545 1027 5614 confortatus
1057 5555 1130 5601 est
1171 5548 1493 5617 principatus
1530 5566 1748 5610 eorum:

185 5624 503 5692 dinumerabo
568 5654 656 5697 eos
712 5645 759 5695 ct
796 5654 952 5709 super
1007 5655 1220 5695 arenam
1264 5637 1748 5711 multiplicabuntur

1864 4558 2141 4605 mstuasse.
2171 4547 2306 4603 Nam
2332 4548 2377 4602 si
2415 4545 2706 4600 ambitione
2729 4541 2997 4597 honorum
3022 4539 3148 4595 dum
3192 4536 3441 4592 mortali-

1864 4652 1946 4696 tcr
1996 4643 2258 4704 viverent,
2311 4647 2610 4705 uterentur,
2669 4652 2776 4692 non
2812 4638 2975 4693 hodie
3030 4636 3087 4691 in
3131 4632 3443 4690 coelestibus

1865 4740 2011 4785 tanta
2037 4732 2205 4799 gloria
2231 4730 2569 4796 fruerentur;
2594 4729 2720 4783 dum
2758 4743 2888 4799 ergo
2914 4728 2986 4783 sit
3019 4726 3124 4783 illis
3157 4739 3188 4779 a
3214 4714 3443 4780 Domino

1862 4822 2035 4875 honor
2058 4827 2347 4889 perpetuus
2367 4820 2677 4887 attributus,
2723 4836 2829 4876 non
2857 4826 2983 4875 sunt
3008 4815 3441 4872 transitoriorum

1862 4911 2126 4966 honorum
2158 4909 2379 4981 indigni.

1930 4999 2116 5055 Honor
2168 4999 2349 5068 itaque
2376 4999 2533 5070 digne
2572 5005 2880 5054 sanctorum
2932 4989 3269 5062 corporibus,
3317 4987 3441 5042 reli-

1861 5091 2003 5161 quiis
2048 5091 2161 5145 sive
2209 5091 2446 5146 basilicis
2499 5090 2786 5147 exhibitus,
2823 5091 2878 5135 ct
2921 5080 3275 5153 omnipotenti
3327 5080 3440 5134 Deo

1861 5192 1916 5237 et
1937 5184 2139 5237 sanctis
2168 5182 2283 5251 ejus
2333 5192 2515 5237 manet
2554 5184 2832 5247 acceptus;
2888 5175 3263 5245 incompetens
3310 5185 3442 5227 vero

1860 5282 1914 5328 ct
1961 5275 2234 5341 indecens,
2273 5289 2373 5328 nec
2401 5274 2512 5327 Deo
2537 5286 2635 5324 nec
2684 5260 2887 5319 sanctis
2916 5264 3035 5333 ejus
3063 5268 3244 5318 manet
3290 5271 3444 5312 acce-

1859 5376 1999 5437 plus.

1930 5458 2065 5513 Hinc
2089 5466 2171 5511 est
2192 5453 2331 5526 quod
2362 5452 2547 5503 beatus
2572 5437 2769 5505 Ioseph
2796 5447 2936 5526 post
2965 5434 3300 5513 prophetiam
3322 5445 3451 5489 ossa

1858 5567 1951 5606 sua
1983 5566 2104 5606 cum
2143 5523 2473 5613 adiuratione
2501 5533 2623 5585 ﬁliis
2669 5523 2837 5582 Israel
2892 5536 2973 5587 ad
3012 5540 3215 5586 terram
3259 5536 3452 5588 repro-

1856 5642 2127 5699 missionis
2154 5628 2392 5693 venturis
2439 5638 2618 5678 secum
2673 5613 2989 5703 deferenda
3036 5618 3458 5694 percenseh‘w.
