4008 6154
531 284 667 350 illi

1364 308 1369 315 ε
1409 282 1469 339 n.
1500 268 1757 340 cauom
1789 274 2006 336 MAGNI
2038 272 2190 334 ore.
2227 260 2408 329 rans
2438 272 2505 327 ιι.
2546 262 2788 328 sectio
2812 267 2885 324 ιι.

3621 252 3774 311 im

524 406 654 461 dum
678 397 917 470 Egyptii
935 402 1204 454 molitores
1220 401 1411 451 essent
1430 394 1595 459 illius,
1624 394 1738 448 sive
1763 391 2092 447 administra-
2112 376 2170 449 Δ
2186 385 2317 441 lﬁdei
2354 384 2557 438 habere
2583 380 3021 443 emolumentum
3060 380 3153 470 eo
3184 371 3326 443 quod
3350 369 3609 441 operibus
3652 369 3782 424 sint

526 491 690 549 tionis
709 494 815 559 qua
850 491 909 545 in
950 494 1142 560 magna
1162 492 1406 558 egestate
1432 485 1727 556 Egyptum
1766 482 2097 552 gubernave-

527 590 630 647 rat,
654 581 780 652 eius
808 581 1020 636 ossibus
1050 578 1292 634 inutilem
1312 577 1634 632 exhiberem
1661 573 2093 637 venerationem;

528 673 699 745 etﬁui
721 681 840 728 erat
864 674 920 728 in
950 671 1045 727 Dei
1069 670 1332 726 creatoris
1355 668 1639 724 devotione
1672 666 1942 729 ﬁrmatus,
1978 670 2031 716 et
2067 677 2098 716 a

529 781 666 822 vana
700 764 1082 835 superstitione
1114 762 1491 834 Egyptiorum
1521 759 1741 816 omnino
1764 756 1989 820 alienus,
2035 768 2101 808 eo

529 857 846 928 propensius
878 870 1034 911 suam
1061 855 1368 910 ostenderet
1401 853 1765 921 sanctitatem,
1792 863 1899 919 quo
1930 853 1993 902 et
2015 846 2100 900 vi-

533 962 663 1003 vens
686 946 964 1002 humiliter
989 953 1046 1000 et
1070 953 1218 1001 recte
1242 946 1353 1001 Deo
1374 944 1642 1008 servierit,
1671 950 1728 997 et
1749 947 1871 1010 post
1894 939 2103 994 obitum

533 1039 805 1094 cineribus
833 1038 947 1093 suis
980 1038 1351 1106 incompetens
1388 1036 1705 1105 obsequium
1744 1030 1988 1087 exhiberi
2015 1044 2105 1084 re-

534 1128 822 1185 cusaverit.
848 1126 1144 1197 Cum'ergo
1170 1127 1343 1180 sancti
1386 1126 1488 1179 viri
1522 1132 1579 1179 et
1627 1125 1737 1179 Deo
1784 1136 1882 1192 per
1927 1122 2107 1177 omnia

536 1218 745 1286 accepti
778 1232 915 1270 vana
960 1216 1216 1284 obsequia
1247 1216 1525 1270 hominum
1572 1214 1942 1279 devitaverint,
1971 1213 2110 1267 sicut

536 1308 734 1364 Paulus
755 1317 809 1362 et
831 1308 1104 1362 Barnabas
1124 1307 1428 1376 Lycaonum
1456 1305 1828 1374 Superstitiosa
1852 1302 2112 1372 obsequia

537 1400 806 1455 devitasse
823 1405 1141 1463 noscuntur,
1181 1407 1236 1453 et
1264 1397 1457 1451 Petrus
1482 1396 1719 1452 Cornelii
1747 1395 1991 1450 devotam
2023 1408 2117 1448 ve-

539 1490 874 1546 nerationem
924 1490 1220 1559 spreverit,
1276 1488 1497 1558 angelus
1516 1488 1680 1541 etiam
1712 1487 1766 1541 in
1794 1485 2115 1556 Apocalypsi

544 1582 806 1638 Joannem
841 1597 911 1637 ne
940 1597 998 1637 se
1026 1583 1275 1637 adoraret
1309 1581 1667 1651 prohibuerit,
1717 1581 1838 1650 quis
1860 1593 1953 1633 eos
1993 1593 2113 1633 cre-

541 1678 632 1732 dat
663 1675 955 1746 imaginum
985 1674 1300 1729 adoratione
1327 1672 1604 1737 delectari,
1650 1679 1742 1725 aut
1781 1673 2113 1740 picturarum

2196 474 2419 543 subjecti
2444 475 2728 545 pictorum.
2768 470 2903 525 Nam
2939 470 3097 524 etsia
3120 465 3296 523 doctis
3331 464 3637 533 quibusque
3688 462 3787 516 vi—

2198 567 2299 621 tari
2342 567 2518 637 possit
2556 566 2662 620 hoc
2714 564 2858 634 quod
2904 562 2981 617 illi
3011 562 3066 615 in
3109 557 3395 615 aderandis
3441 553 3784 623 imaginibus

2196 663 2471 721 exercent,
2500 656 2590 725 qui
2612 655 2859 709 videlicet
2874 667 2982 708 non
3007 652 3099 721 qui
3121 651 3246 714 sint,
3270 649 3363 704 sed
3383 645 3511 717 quid
3537 646 3781 700 innuam

2197 756 2540 814 venerantur,
2600 748 2829 803 indoctis
2876 754 3055 800 tamen
3112 743 3411 813 quibusque
3448 737 3780 796 ‘scandalmn

2199 850 2474 913 generant,
2497 843 2591 912 qui
2606 841 2745 896 nihil
2767 841 2909 895 aliud
2932 841 2989 894 in
3006 838 3094 893 his
3112 843 3311 907 prreter
3346 833 3401 889 id
3423 832 3570 902 quod
3591 834 3787 889 vident

2201 940 2527 987 venerantur
2548 939 2603 986 et
2631 932 2877 985 adorant.
2911 928 3064 984 Unde
3087 925 3385 982 cavendum
3403 929 3489 978 est
3513 935 3581 1004 ne
3611 935 3785 979 evan-

2204 1026 2428 1099 gelicum
2479 1026 2800 1081 sententiam
2857 1023 3104 1087 subeant,
3152 1019 3248 1090 qui
3299 1025 3380 1071 tot
3434 1016 3661 1085 pusillos
3710 1014 3787 1071 ad

2207 1118 2673 1174 scandalizandum
2710 1114 3009 1183 impellunt,
3040 1110 3296 1182 quoniam
3325 1108 3370 1162 si
3408 1107 3454 1161 is
3478 1108 3571 1176 qui
3610 1121 3787 1161 unum

2209 1209 2274 1263 de
2318 1207 2529 1277 pusillis
2574 1203 3037 1267 scandalizaverit,
3088 1198 3609 1255 formidolosissimte
3654 1212 3788 1252 sen-

2209 1298 2389 1352 tentia:
2419 1295 2678 1364 subiacet,
2711 1294 2881 1348 multo
2920 1291 3090 1362 magis
3133 1286 3397 1343 exitiabili
3418 1285 3513 1340 ille
3560 1285 3786 1340 ferietur

2210 1390 2516 1452 severitate,
2548 1389 2639 1456 qui
2670 1401 2809 1456 pene
2845 1399 3060 1441 omnem
3100 1380 3301 1437 Christi
3344 1378 3643 1433 Ecclesium
3688 1385 3790 1433 aut

2212 1484 2279 1537 ad
2308 1483 2568 1551 imagines
2594 1482 2897 1536 adorandas
2934 1478 3181 1547 impellit,
3213 1484 3308 1530 aut
3346 1476 3636 1543 imaginum
3687 1474 3793 1529 ad-

2213 1576 2514 1629 orationem
2555 1581 2872 1642 spernentes
2923 1568 3254 1625 anathemati
3301 1567 3584 1623 submittit.
3629 1565 3793 1632 Quod

2214 1675 2512 1734 utrumque
2554 1679 2677 1719 cum
2718 1677 2914 1732 magna
2964 1660 3173 1716 cautela
3199 1661 3372 1714 vitare
3429 1657 3792 1713 necessarium

544 1735 816 1839 obsequiis
837 1767 1149 1832 demulceri,
1174 1773 1269 1820 aut
1299 1767 1529 1836 qualiter
1550 1735 1616 1820 ad
1634 1780 1726 1818 eos
1747 1735 1921 1819 honor
1940 1764 2117 1832 pictu-
2146 1735 2195 1796 Β
2219 1764 2322 1823 est,
2349 1771 2419 1810 ne
2441 1757 2568 1811 dum
2598 1756 2651 1809 in
2680 1753 2991 1808 utramlibet
3016 1759 3226 1821 partem
3251 1750 3373 1819 plus
3395 1763 3455 1803 se
3482 1748 3605 1818 quis
3632 1760 3795 1816 quam

544 1860 619 1914 ris
649 1859 922 1914 exhibitus
947 1873 1066 1928 qua:
1095 1871 1195 1911 nec
1221 1857 1287 1911 de
1314 1856 1527 1910 illorum
1554 1869 1799 1924 corpore,
1834 1864 1928 1908 seu
1956 1853 2123 1907 vesti-

542 1950 645 2006 bus
674 1957 817 2015 sunt,
848 1948 941 2003 sed
975 1962 1074 2018 pro
1097 1954 1256 2017 captu
1282 1947 1482 2017 ingenii
1508 1945 1767 2014 cujusque
1791 1945 1859 1999 ab
1900 1942 2121 1997 artifici-

542 2042 646 2097 bus
671 2048 1065 2112 praeparantur,
1101 2041 1301 2110 poterit
1328 2040 1645 2110 pervenire?
1678 2037 1792 2091 Non
1819 2037 1962 2091 enim
1991 2035 2123 2090 deli-

544 2135 766 2190 niuntur
792 2134 1059 2205 pictorum
1087 2134 1339 2203 operibus
1362 2133 1453 2202 qui
1491 2147 1613 2187 cum
1650 2121 1867 2186 Christo
1895 2135 2122 2199 regnant

546 2224 603 2279 in
632 2221 959 2288 ctelestibus,
1013 2238 1113 2278 nec
1150 2224 1393 2278 ambiunt
1436 2222 1504 2277 ab
1538 2221 1818 2291 opificibus
1843 2221 1897 2273 in
1924 2217 2124 2272 tabulis

547 2314 661 2371 sive
696 2316 751 2370 in
780 2315 1078 2393 parietibus
1102 2314 1270 2385 pingi,
1295 2314 1388 2383 qui
1429 2328 1459 2366 a
1485 2312 1702 2366 Christo
1734 2310 1790 2363 in
1825 2304 1964 2364 libro
1998 2309 2124 2364 vita:

546 2414 863 2462 meruerunt
911 2408 1131 2462 ascribi.
1190 2408 1381 2460 Dicant
1425 2405 1589 2475 igitur
1635 2403 1829 2471 quibus
1875 2401 1979 2456 hoc
2012 2409 2123 2455 tam

545 2500 821 2570 peculiare
845 2506 931 2555 est
960 2497 1156 2561 dicere,
1181 2498 1323 2566 quod
1347 2494 1594 2563 imaginis
1615 2494 1788 2548 honor
1816 2491 1871 2544 in
1894 2491 2122 2559 primam

548 2589 781 2646 formam
809 2591 1023 2655 transit,
1049 2590 1230 2645 dicant
1263 2589 1356 2642 ubi
1402 2588 1504 2641 hoc
1547 2585 1774 2656 legerint
1807 2592 1897 2637 aut
1931 2583 2123 2652 quibus

548 2682 765 2737 valeant
789 2683 1112 2737 testimoniis
1151 2680 1467 2751 approbare.
1503 2679 1762 2734 Dominus
1806 2690 2038 2745 namque
2070 2680 2124 2730 et

552 2769 800 2826 Salvator
829 2780 1013 2826 noster
1043 2786 1147 2824 non
1180 2771 1255 2823 ait
1285 2787 1297 2823 :
1336 2768 1581 2835 Quandiu
1630 2766 1835 2821 fecistis
1881 2764 2126 2835 imagini-

551 2863 673 2928 bus,
705 2862 818 2925 sed,
859 2856 1109 2926 Quandiu
1135 2859 1331 2929 fecistis
1356 2859 1448 2912 uni
1485 2858 1549 2912 de
1576 2858 1807 2911 minimis
1836 2856 1967 2920 istis,
1999 2855 2126 2908 mihi

553 2952 748 3024 fecistis
790 2950 1004 3024 (Matth.
1046 2948 1214 3021 xxv);
1252 2965 1354 3006 nec
1390 2950 1465 3004 ait
1497 2967 1509 3002 :
1554 2947 1656 3015 Qui
1692 2948 1971 3018 imagines,
2009 2944 2122 3008 sed,

555 3042 660 3110 Qui
683 3060 770 3098 vos
798 3044 975 3114 recipit
999 3061 1079 3098 me
1123 3044 1302 3114 recipit
1333 3041 1546 3117 (Matth.
1578 3040 1666 3114 ι);
1701 3056 1799 3095 nec
1838 3038 2127 3108 Apostolus

555 3136 632 3193 ait
660 3153 673 3190 :
712 3135 1006 3207 Diligamus
1024 3136 1302 3207 imagines,
1331 3135 1424 3190 sed
1445 3134 1727 3205 diligamus
1762 3148 1855 3187 nos
1884 3132 2125 3196 invicem,

557 3228 679 3299 quia
717 3227 945 3282 charitas
985 3244 1049 3282 ea:
1077 3226 1184 3282 Deo
1229 3238 1304 3285 est
1348 3225 1524 3299 (Rom.
1563 3242 1681 3290 xm,
1724 3233 1771 3279 et
1815 3222 1845 3277 1
1890 3221 2006 3276 Pet.
2053 3219 2127 3290 1);

560 3334 659 3375 nec
679 3319 973 3391 imaginum
1002 3334 1188 3385 onera,
1231 3319 1322 3373 sed
1381 3326 1565 3371 nostra
1604 3315 1923 3370 alterutrum
1947 3321 2134 3368 mutuo

558 3409 801 3465 vehenda
837 3410 1146 3480 percensuit
1171 3407 1394 3463 dicens:
1436 3406 1583 3460 Alter
1627 3405 1842 3460 alterius
1868 3421 2027 3459 onera
2055 3419 2137 3458 ve-

562 3509 671 3556 stra
690 3510 911 3572 portate,
938 3509 985 3554 et
1005 3501 1080 3554 sic
1101 3496 1447 3571 adimplebitis
1467 3497 1628 3568 legem
1649 3494 1844 3549 Christi
1866 3494 1930 3565 (G
1937 3492 2008 3546 al.
2032 3491 2134 3562 vi).

562 3593 698 3649 Nam
724 3604 848 3647 cum
886 3591 1147 3660 imagines
1181 3589 1495 3657 plerumque
1535 3586 1830 3639 secundum
1863 3583 2140 3653 ingenium

565 3679 832 3736 artiﬁcum
879 3676 1032 3740 ﬂant,
1060 3684 1120 3729 ut
1156 3676 1315 3729 modo
1343 3676 1453 3727 sint
1486 3673 1752 3736 formosae,
1785 3672 1944 3725 modo
1968 3668 2142 3725 defor-

566 3787 701 3839 mes,
728 3778 1108 3840 nOnnunquam
1144 3767 1402 3838 pulchrae,
1433 3765 1718 3836 aliquando
1766 3764 1929 3819 etiam
1964 3762 2140 3829 foedae,

568 3866 814 3940 quaedam
841 3862 948 3919 illis
985 3878 1213 3934 quorum
1244 3869 1369 3917 sunt
1406 3859 1711 3924 simillima},
1745 3857 1991 3929 quadam
2017 3858 2147 3919 vero

571 3944 863 4014 dissimiles
885 3997 901 4025 ,
952 3957 1200 4028 quaedam
1253 3954 1490 4010 novitate
1536 3949 1804 4022 fulgentes
1827 3991 1841 4017 ,
1903 3948 2147 4019 quaedam

572 4051 734 4106 etiam
759 4056 1029 4104 vetustate
1053 4047 1393 4112 fatescentes,
1422 4044 1769 4116 qumrendum
1799 4049 1882 4097 est
1921 4056 2040 4111 quae
2064 4055 2153 4095 ea-

576 4156 698 4197 rum
723 4141 830 4196 sint
859 4139 1306 4205 honorabiliores,
1327 4144 1508 4192 utrum
1538 4150 1616 4190 ea:
1636 4150 1756 4205 quae
1783 4133 2150 4203 pretiosiores,

574 4251 642 4293 an
666 4252 746 4292 ea:
768 4250 890 4306 qua:
910 4235 1129 4290 viliores
1169 4247 1287 4288 esse
1319 4238 1640 4293 noscuntur,
1661 4226 1915 4297 quoniam
1960 4224 2005 4278 Si
2032 4236 2158 4293 pre-

580 4328 832 4384 tiosiores
853 4324 973 4394 plus
996 4326 1195 4380 habent
1220 4322 1462 4386 honoris,
1487 4319 1666 4389 operis
1692 4319 1749 4372 in
1783 4317 1863 4371 eis
1887 4329 2049 4369 causa
2072 4308 2159 4367 vel

2220 1850 2353 1907 ordo
2374 1848 2639 1918 exposcit,
2680 1845 2983 1918 impegerit,
3009 1843 3273 1913 iacturam
3304 1857 3416 1897 suae
3456 1840 3649 1896 salutis
3685 1838 3807 1895 evi-

2220 1952 2336 1999 tare
2371 1957 2480 1997 non
2518 1941 2710 2013 possit.

2791 2007 3017 2065 CAPUT
3066 2006 3223 2063 XVII.

2225 2102 2377 2170 Quod
2424 2103 2655 2173 infausta
2682 2108 2731 2155 et
2764 2098 3145 2173 priscipjtauter
3178 2096 3289 2173 sive
3312 2090 3817 2173 insipienternCott-

2291 2158 2552 2229 stantin'us
2583 2158 2897 2226 Constdntiw
2921 2158 3370 2235 'Cypriepiscopus
3396 2158 3530 2212 dixit
3557 2176 3577 2212 :
3610 2158 3820 2213 Susci-

2293 2245 2382 2314 pio
2405 2253 2458 2297 et
2492 2243 2781 2314 amplector
2808 2232 3185 2314 honorabiliter
3206 2238 3419 2314 sanctas
3438 2236 3501 2314 et
3517 2239 3816 2314 venerari:

2295 2294 2388 2368 35's
2411 2294 2667 2379 imagines
2687 2305 2970 2379 secundum
2997 2299 3281 2379 servitium
3297 2296 3629 2379 adorationis
3650 2294 3823 2362 quod

2290 2364 2725 2437 consubsiantiali
2750 2383 2804 2427 et
2830 2369 3162 2425 vivificatrici
3192 2367 3443 2421 Trinitati
3472 2364 3664 2419 emitto
3693 2381 3710 2427 ;
3750 2372 3820 2418 et

2291 2452 2379 2521 qui
2406 2450 2484 2521 sic
2523 2464 2628 2502 non
2663 2445 2898 2521 sentiunt
2939 2437 3486 2521 neque‘glorillcant,
3537 2448 3570 2487 a
3613 2442 3819 2521 sancta

2290 2507 2551 2576 catholica
2581 2526 2634 2573 et
2674 2512 2963 2583 apostolica
3006 2507 3247 2583 Ecclesia
3288 2519 3535 2583 segrego,
3584 2511 3641 2556 et
3664 2519 3817 2583 ana-

2287 2574 2514 2645 themati
2557 2574 2836 2647 submitto,
2885 2589 2939 2637 et
2982 2578 3124 2649 parti
3155 2576 3245 2647 qui
3277 2574 3676 2649 abnegaverunt
3724 2574 3815 2649 in-_

2292 2642 2573 2717 cei-natam
2591 2667 2646 2712 et
2670 2642 3456 2718 “habilem-dispensationem
3469 2643 3667 2699 Christi
3688 2642 3820 2697 veri

2292 2732 2389 2786 Dei
2417 2729 2592 2786 nostri
2624 2726 2835 2782 emitto.

2296 2822 2469 2890 Quam
2492 2820 2892 2893 praecipitanter
2933 2822 3007 2877 et,
3032 2818 3095 2866 ut
3114 2810 3189 2864 ita
3217 2806 3465 2869 dixerim,
3491 2801 3823 2873 insipienter

2227 2891 2616 2970 Constantinus
2669 2905 2998 2964 Constantine
3043 2900 3206 2971 Cypri
3263 2897 3548 2967 episcopus
3601 2891 3824 2947 caeteris

2228 3001 2689 3061 consentientibus
2712 3012 2770 3052 se
2804 3000 3176 3064 suscqnurum
3211 2994 3266 3042 et
3306 2983 3679 3054 amplexuum
3709 2981 3817 3036 ho-

2151 3076 2203 3143 c
2231 3094 2545 3151 nurabiliter
2566 3088 2826 3160 imagines
2845 3084 3060 3147 dixerit,
3079 3089 3133 3137 et
3154 3077 3432 3135 servitium
3458 3072 3814 3138 adorationis,

2231 3187 2377 3257 quod
2396 3178 2842 3240 comubstantiali
2865 3185 2921 3231 et
2940 3170 3277 3230 viviﬁcatrici
3296 3165 3549 3223 Trinitati
3571 3164 3820 3227 debetur,

2233 3281 2286 3338 ei
2311 3296 2370 3336 se
2400 3278 2735 3334 redditurum
2759 3268 3039 3342 garrierit,
3076 3280 3185 3320 non
3208 3269 3293 3318 est
3317 3260 3606 3331 plurimum
3610 3261 3827 3343 2(nostra

2237 3371 2600 3441 disputatione
2642 3361 3036 3419 discutiendum
3061 3398 3077 3424 ,
3126 3353 3383 3425 quoniam
3429 3349 3677 3407 omnibus
3726 3345 3827 3415 qui

2236 3464 2340 3519 hoc
2366 3461 2452 3516 vel
2487 3460 2670 3526 legunt
2700 3453 2784 3507 vel
2816 3451 3045 3506 audiam
3092 3448 3297 3518 liquido
3333 3450 3482 3515 patet
3517 3441 3668 3496 illum
3702 3452 3820 3492 non

2237 3554 2434 3615 modici
2467 3551 2669 3608 erroris
2707 3545 3056 3617 voraginibus
3090 3544 3406 3598 immersam
3430 3578 3446 3604 ,
3488 3536 3687 3606 quippe
3726 3531 3826 3603 qui

2241 3649 2520 3707 servitium
2564 3644 2664 3701 soli
2691 3643 2928 3699 debitum
2952 3636 3198 3695 Creatori
3235 3634 3493 3690 exhibere
3517 3642 3580 3685 se
3621 3626 3826 3682 fatetur

2243 3740 2505 3800 creaturis
2528 3780 2543 3805 ,
2578 3745 2633 3793 et
2669 3737 2797 3793 dum
2844 3733 2991 3803 cupit
3035 3729 3217 3785 favere
3256 3724 3484 3798 picturis
3523 3721 3825 3778 reluctatur

2245 3831 2454 3889 cunctis
2482 3829 2653 3885 sacris
2678 3824 2990 3895 Scripturis.
3030 3821 3161 3890 Quis
3181 3832 3310 3890 ergo
3334 3828 3574 3885 unquam
3597 3812 3717 3869 sani
3741 3824 3831 3867 ca-

2245 3925 2374 3996 pitis
2401 3923 2564 3979 talem
2590 3918 2975 3977 absurditatem
3014 3914 3100 3970 vel
3130 3911 3329 3973 dixerit
3353 3907 3439 3964 vel
3473 3905 3677 3962 dicenti
3706 3916 3832 3959 con-

2251 4016 2504 4081 senserit,
2553 4013 2703 4070 utin
2751 4017 2900 4065 tanto
2941 4008 3147 4063 honore
3194 4002 3460 4058 habeatur
3493 3998 3823 4069 picturarum

2251 4110 2505 4173 varietas,
2529 4113 2731 4176 quanto
2756 4109 2942 4159 sancta
2959 4141 2973 4166 ,
3002 4096 3323 4153 viviﬁcatrix
3347 4102 3405 4149 et
3423 4092 3660 4149 omnium
3680 4100 3830 4145 crea-

2254 4205 2362 4259 trix
2392 4200 2668 4257 Trinitas?
2696 4207 2753 4254 et
2776 4197 2887 4253 tale
2924 4193 3262 4264 impendatur
3288 4188 3568 4246 servitium
3587 4184 3830 4256 picturae,

582 4363 832 4384 ..νων-υς.
853 4363 973 4394 ,ιι-..τ
996 4363 1195 4380 nunc...
1220 4363 1462 4386 ...,...,....,
1489 4363 1666 4389 ore..-
1692 4363 1749 4372 -..
1786 4363 1861 4371 ν--
1892 4363 2049 4369 -__-_

576 4419 926 4481 materiarum
948 4418 1179 4489 qualitas
1209 4414 1373 4469 habet
1400 4412 1820 4473 venerationem,
1843 4423 1950 4463 non
1978 4405 2148 4460 fervor

2258 4363 2412 4441 illum
2423 4383 2551 4437 talia
2563 4387 2914 4435 nauseantem
2936 4375 3116 4446 potius
3131 4388 3291 4444 quam
3315 4372 3627 4441 loquentem
3650 4363 3837 4419 audire

2335 4485 2345 4489 Α
2447 4482 2459 4489 .
2551 4473 2574 4489 ο
2618 4472 2636 4489 Α
2693 4480 2705 4489 .
2749 4484 2853 4489 ---μ
2891 4482 3042 4489 -____--
3072 4462 3482 4489 ι--ι2-1⁵ι...2.υυ..2-
3510 4468 3708 4489 ..Α-ηαδ
3731 4462 3836 4489 ﬂ

578 4517 912 4581 devotionis;
957 4515 1003 4570 si
1049 4526 1178 4566 vero
1205 4508 1424 4563 viliores
1450 4523 1529 4563 ea:
1569 4521 1688 4575 qua:
1729 4504 1909 4558 minus
1954 4498 2158 4556 similes

580 4616 709 4665 sunt
751 4608 965 4661 illorum
993 4603 1187 4671 quibus
1230 4600 1403 4671 aptari
1450 4604 1725 4669 parantur,
1770 4592 2026 4664 injustum
2055 4598 2157 4658 est,

582 4713 707 4754 cum
746 4697 830 4751 hae
850 4707 973 4763 quae
988 4707 1093 4747 nec
1120 4707 1284 4762 opere
1320 4706 1419 4745 nec
1442 4688 1672 4745 materia
1699 4684 2033 4758 praecellunt,
2060 4695 2163 4737 nec

582 4788 830 4863 personis
850 4784 1054 4842 similes
1080 4798 1200 4840 esse
1222 4792 1537 4847 noscuntur,
1579 4781 1790 4836 auctius
1816 4777 2164 4848 propensius—-

588 4897 692 4952 que
737 4886 1084 4935 venerantur.
1116 4874 1254 4929 Nam
1288 4873 1412 4929 dum
1455 4888 1553 4927 nos
1582 4870 1715 4925 nihil
1745 4870 1799 4922 in
1840 4864 2165 4935 imaginibus

578 4951 906 5044 spernamus
938 4975 1136 5041 praeter
1157 4965 1546 5028 adoratiouem,
1583 4962 1779 5032 quippe
1800 4956 1892 5025 qui
1935 4955 1989 5007 in
2021 4951 2167 5044 basi:

590 5066 711 5121 licis
749 5040 1057 5120 sanctorum
1096 5060 1363 5132 imagines
1411 5072 1518 5112 non
1563 5053 1631 5107 ad
1673 5045 2027 5108 adorandum,
2073 5040 2168 5098 sed

586 5159 664 5214 ad
701 5156 1018 5212 memoriam
1069 5168 1252 5209 rerum
1289 5157 1562 5221 gestarum
1604 5149 1660 5197 et
1699 5144 2034 5194 venustatem
2074 5147 2170 5205 pa-

593 5248 1006 5307 rietumbabere
1026 5244 1409 5317 permittimus,
1434 5237 1509 5292 illi
1529 5248 1659 5289 vero
1668 5247 1804 5304 pene
1823 5244 2039 5286 omnem
2058 5241 2170 5283 suae

595 5338 930 5396 credulitatis
951 5351 1101 5407 spem
1135 5334 1191 5387 in
1229 5329 1551 5400 imaginibus
1578 5323 1866 5387 collucent,
1897 5327 2068 5376 restat
2112 5324 2173 5371 ut

592 5446 697 5486 nos
716 5437 931 5486 sanctos
963 5428 1020 5482 in
1050 5436 1238 5479 eorum
1267 5420 1582 5490 corporibus
1613 5416 1697 5472 vel
1721 5415 1900 5486 potius
1928 5409 2172 5479 reliquiis

581 5537 906 5593 corporum,
951 5534 1047 5575 seu
1073 5516 1238 5573 etiam
1276 5513 1610 5570 vestimentis
1639 5522 1973 5570 veneremur,
2017 5502 2172 5571 juxta

584 5613 951 5691 (antiquorum
985 5612 1206 5667 Patrum
1236 5605 1617 5661 traditionem:
1659 5600 1738 5656 illi
1781 5612 1912 5654 vero
1942 5594 2173 5667 parietes

607 5704 662 5756 et
703 5697 913 5757 tabulas
957 5701 1243 5755 adorantes
1276 5696 1335 5753 in
1378 5709 1445 5752 eo
1481 5708 1540 5752 se
1565 5691 1894 5751 arbitrentur
1910 5700 2174 5765 magnum

2258 4473 2574 4546 pateretur?
2605 4472 2712 4526 Aut
2738 4484 2860 4540 qua:
2888 4482 3046 4523 aures
3072 4462 3485 4520 tanti-facinoris
3510 4468 3710 4517 noxam
3731 4462 3836 4511 non

2258 4568 2509 4624 abdicare
2554 4565 2733 4636 potius
2774 4576 2937 4633 quam
2981 4559 3259 4630 percipere
3298 4551 3641 4612 niterentur?
3686 4548 3833 4612 Quo-

2259 4660 2408 4715 niam
2454 4658 2670 4729 quidem
2718 4666 3031 4726 perversum
3069 4659 3173 4707 est'
3202 4657 3263 4706 ut
3301 4642 3625 4717 quibuslibet
3667 4638 3833 4729 rebus

2261 4728 2551 4809 insensatis
2605 4748 2712 4802 tale
2764 4746 3111 4816 impendatur
3161 4738 3433 4800 servitium
3480 4728 3833 4792 adorationis,

2262 4840 2421 4914 quale
2449 4840 2560 4896 Deo
2584 4836 2937 4906 omnipotenti
2969 4836 3057 4891 cui
3082 4850 3191 4891 non
3218 4839 3300 4889 est
3341 4826 3531 4885 simiiis
3554 4864 3570 4891 ,
3610 4822 3713 4914 cui
3740 4822 3841 4892 per

2266 4912 2606 4990 Salomonem
2640 4930 2838 4986 dicitur
2860 4968 2877 4995 ,
2913 4928 3155 4993 Domine,
3183 4940 3289 4980 non
3329 4930 3404 4978 est
3446 4918 3539 4975 tibi
3574 4913 3764 4972 similis
3787 4912 3846 4968 iis

2267 5025 2392 5081 caelo
2435 5039 2643 5078 sursum
2670 5039 2763 5077 nec
2796 5021 2855 5076 in
2899 5030 3036 5075 terra
3076 5019 3321 5073 deorsum
3386 5012 3476 5087 (11
3506 5006 3696 5065 Parol.
3744 5003 3844 5078 τι).

2267 5117 2401 5174 Cum
2432 5130 2537 5186 qua
2570 5128 2700 5185 ergo
2742 5111 2939 5178 fronte,
2981 5118 3043 5166 ut
3086 5109 3154 5165 de
3197 5105 3412 5163 exteris
3456 5113 3668 5158 taceam
3692 5138 3708 5165 ,
3747 5096 3850 5152 hoc

2269 5220 2437 5263 unum
2466 5220 2675 5262 comma
2718 5204 2911 5259 divinae
2948 5202 3084 5274 legis
3130 5199 3281 5255 audit
3307 5239 3323 5265 ,
3367 5195 3657 5251 Dominum
3685 5189 3850 5245 Deus!

2270 5307 2418 5353 tuum
2457 5297 2721 5363 adorabis,
2761 5307 2807 5351 et
2839 5294 2920 5349 illi
2943 5292 3041 5350 soli
3069 5291 3256 5347 servies
3292 5287 3471 5362 (Deut.
3502 5283 3603 5356 vi),
3630 5281 3722 5353 qui
3750 5280 3851 5334 hoc

2272 5400 2456 5463 spreto
2490 5406 2600 5447 non
2624 5389 2797 5447 solum
2822 5386 3088 5444 creaturis
3126 5383 3326 5448 servit,
3353 5380 3451 5437 sed
3472 5390 3661 5434 earum
3687 5370 3846 5431 servi-

2271 5490 2406 5544 tium
2434 5486 2655 5543 servitio
2682 5482 2793 5539 Deo
2819 5479 2998 5536 debito
3033 5463 3368 5547 aequiparare
3391 5465 3713 5528 contendit?
3739 5463 3851 5521 Stet

2260 5596 2511 5652 namque
2554 5579 2835 5649 episcopus
2876 5574 2932 5627 in
2967 5569 3238 5633 Ecclesia,
3281 5573 3339 5622 et
3367 5563 3535 5635 legat,
3572 5558 3854 5652 Dominum

2274 5641 2445 5734 Dauni
2471 5641 2619 5728 tuum
2641 5641 2908 5735 adorabis,
2932 5671 2983 5720 'et
3010 5661 3090 5719 illi
3116 5659 3217 5716 sati
3239 5656 3455 5724 seruies.
3489 5660 3546 5711 et
3567 5662 3697 5709 mox
3718 5650 3778 5702 ut
3801 5641 3858 5702 ill

2224 5810 2274 5828 ου
2330 5826 2361 5833 α,

2363 5834 2375 5842 ι
