4008 6154
212 272 363 331 1149

992 269 1172 328 LIBRI
1200 266 1551 327 CAROL‘IM.
1589 278 1664 309 -"-
1692 265 1922 324 (ΞΛΜ.
1959 270 2049 330 DE
2084 275 2281 335 IMAG.
2317 309 2390 324 -
2416 279 2551 340 LIB.
2586 281 2670 341 III.

3334 276 3474 341 1150

210 398 484 446 conventu
514 388 713 446 sederit
736 387 917 445 dicat:
958 406 982 440 ς
1016 386 1263 455 Suscipio
1294 393 1351 440 et
1372 383 1666 453 amplector
1686 383 1786 437 ho-
1810 383 1863 442 Δ
1887 391 2074 449 mundi
2100 397 2202 452 hoc
2236 406 2489 465 testatur,
2532 402 2847 469 redemptor
2873 360 3084 469 generis
3107 399 3330 456 humani
3364 392 3473 457 hac

210 484 532 539 norahiliter
557 490 773 538 sanctas
798 488 856 535 et
889 481 1224 535 venerandas
1248 477 1508 546 imagines
1532 516 1548 541 ,
1592 484 1645 530 et
1685 473 1790 528 illis

205 577 491 633 servitium
518 574 871 638 adorationis,
892 572 1036 642 quod
1061 568 1500 627 consubstantiali
1528 574 1583 623 et
1621 565 1789 620 viviﬁ-

203 667 402 722 catrici
425 665 677 720 Trinitati
705 664 952 727 debetur,
970 660 1235 729 impendo,
1268 680 1287 711 ι
1318 658 1504 727 sicque
1537 673 1598 712 se
1632 658 1686 711 in
1715 656 1791 712 di-

204 757 353 812 vinis
390 756 573 811 verbis
617 753 953 815 instabilem,
1000 766 1057 805 se
1098 749 1247 804 aliud
1290 763 1387 804 ore
1425 746 1784 816 proﬁtentem,

203 846 361 901 aliud
396 848 560 903 corde
594 846 917 907 credentem,
959 841 1102 895 aliud
1140 841 1340 895 divinis
1366 839 1575 909 paginis
1599 838 1788 908 legen-

200 946 347 1003 tem,
380 938 528 992 aliud
555 937 612 990 in
635 945 789 991 antro
808 934 1040 1003 pectoris
1066 933 1150 988 sui
1180 940 1453 987 tenentem
1472 972 1486 997 ,
1512 939 1568 985 et
1593 928 1791 984 divinis

203 1028 398 1081 verbis
418 1028 747 1083 obtinentem
765 1065 779 1090 ,
821 1034 874 1078 et
915 1040 1036 1079 suas
1071 1039 1242 1093 nugas
1270 1022 1560 1078 Dominicis
1583 1036 1788 1091 praece-

200 1119 325 1189 ptis
372 1118 740 1188 praeferentem
786 1118 1135 1171 demonstret.
1184 1115 1317 1169 Nam
1360 1129 1481 1168 cum
1521 1112 1623 1166 sibi
1652 1112 1791 1165 suis-

201 1225 319 1279 que
352 1211 697 1279 dignoscatur
732 1207 786 1261 in
815 1222 910 1260 sua
935 1221 1191 1275 perversa
1212 1203 1545 1275 professione
1575 1204 1789 1265 obesse,

199 1300 366 1356 nobis
400 1316 432 1353 e
459 1299 729 1354 contrario
773 1298 867 1368 qui
898 1299 1114 1353 illorum
1156 1298 1312 1367 nugis
1336 1296 1493 1351 reniti
1522 1294 1788 1363 cupimus,

203 1393 543 1464 dignoscitur
572 1394 862 1462 prodesse,
896 1408 1018 1447 cum
1040 1391 1288 1447 videlicet
1313 1403 1559 1444 errorem
1587 1385 1793 1455 detegit

202 1486 518 1548 infaustum,
552 1501 713 1555 quem
745 1484 819 1539 illi
860 1486 1105 1539 videntur
1126 1484 1376 1553 plebibus
1398 1482 1648 1549 ingerere
1671 1476 1791 1546 pal-

201 1577 416 1632 liatum.
463 1577 629 1631 Aiunt
652 1577 841 1630 enim:
897 1593 915 1626 (
958 1575 1074 1629 Non
1111 1576 1399 1629 adoramus
1428 1570 1691 1639 imagines
1734 1574 1794 1621 ut

198 1667 410 1732 Deum,
457 1681 560 1720 nec
588 1665 694 1720 illis
722 1664 889 1720 divini
928 1664 1135 1719 servitii
1161 1665 1367 1719 cultum
1414 1660 1788 1729 impendimus,

1889 492 2136 549 protatnr
2151 505 2162 538 :
2189 496 2242 542 et
2262 492 2384 559 quis
2398 499 2506 544 tam
2518 489 2686 546 hebes
2706 497 2922 560 tamque
2930 492 3470 561 segnisparemillum

1885 571 2110 640 iudicet.
2127 582 2217 649 qui
2240 583 2326 637 his
2339 590 2446 637 tam
2462 582 2787 638 authenticis
2800 584 3019 640 monitis
3031 585 3369 648 contradicit,
3390 582 3474 639 illi

1889 669 1980 737 qui
2006 673 2330 740 comemptis
2359 674 2555 728 divinis
2575 674 2803 742 eloquiis
2813 691 2900 730 res
2923 675 3039 730 sine
3058 689 3219 730 sensu
3247 676 3473 730 adorare

1889 762 2232 816 contemnit?
2270 764 2419 829 Esto,
2454 765 2719 835 imagines
2740 765 2969 821 adorare
2998 767 3172 821 virtus
3192 775 3252 821 et
3268 766 3472 821 bonum

1888 864 2023 919 opus
2062 860 2145 905 est
2170 867 2184 905 :
2207 857 2573 923 nunquidnam
2600 856 2726 911 ﬁdei
2750 858 2952 927 aequari
2980 859 3199 928 potest?
3228 856 3363 914 Cum
3388 866 3474 913 ta-

1888 956 2015 999 men
2039 946 2250 1000 (nnctis
2277 948 2433 1002 bonis
2458 949 2712 1016 operibus
2736 950 3095 1005 insistendum
3118 949 3223 1015 sit,
3266 949 3474 1005 nullum

1890 1050 2026 1104 opus
2048 1036 2250 1089 bonum
2273 1038 2340 1090 ad
2365 1037 2658 1106 perfectam
2701 1039 2931 1093 salutem
2959 1050 3284 1108 quemquam
3310 1039 3477 1093 addu-

1890 1140 2014 1183 cere
2040 1128 2201 1192 valet,
2228 1128 2333 1181 nisi
2355 1128 2477 1183 ﬁdei
2505 1128 2856 1184 fundamento
2877 1115 3270 1198 superponatur
3285 1136 3339 1183 et
3360 1128 3476 1197 ejus

1890 1219 2189 1274 munimine
2216 1218 2492 1274 fulciatur.
2537 1219 2813 1273 Abraham
2854 1220 3085 1289 denique
3118 1235 3226 1274 non
3254 1234 3320 1273 ex
3346 1232 3478 1287 ope-

1890 1309 2061 1373 ribus,
2098 1311 2190 1365 sed
2223 1325 2292 1365 ex
2329 1311 2435 1367 ﬁde
2455 1309 2781 1379 iustiﬁcatus
2804 1317 2923 1377 est;
2955 1310 3164 1380 Moyses
3191 1310 3295 1365 tlde
3319 1320 3478 1380 gran-

1892 1401 1977 1455 dis
2004 1400 2178 1455 l'actus
2205 1408 2327 1468 est;
2375 1402 2548 1456 sancti
2592 1416 2691 1471 per
2724 1400 2884 1456 ﬁdem
2914 1401 3162 1456 vicerunt
3185 1410 3382 1471 regna,
3422 1405 3479 1454 et

1893 1493 2065 1547 sancti
2092 1506 2278 1548 omnes
2304 1492 2457 1562 juxta
2490 1493 2647 1548 ﬁdem
2673 1492 2910 1548 defuncti
2934 1501 3082 1547 sunt.
3114 1493 3181 1547 Et
3206 1490 3479 1562 Propheta

1894 1584 2043 1649 dicit,
2074 1584 2266 1638 Omnia
2292 1601 2447 1654 opera
2470 1585 2587 1654 ejus
2614 1585 2671 1638 in
2696 1583 2800 1652 ﬁde
2832 1582 3005 1655 (Psal.
3031 1582 3224 1654 xxxm)
3251 1600 3266 1650 ;
3291 1590 3345 1638 et
3367 1582 3477 1638 Do-

1895 1675 2077 1729 minus
2106 1676 2159 1728 in
2190 1675 2531 1743 Evangelio,
2550 1673 2709 1728 Fides
2738 1683 2827 1728 tua
2852 1683 2920 1740 te,
2948 1674 3140 1743 inquit,
3171 1672 3370 1728 salvum
3400 1674 3479 1743 fe-

200 1757 309 1814 sed
349 1722 480 1810 dum
513 1755 635 1809 illas
672 1754 959 1823 aspicimus
998 1762 1055 1808 et
1095 1754 1416 1815 adoramus,
1466 1751 1559 1804 illo
1595 1748 1785 1804 mentis

1896 1767 1963 1819 cit
1995 1765 2189 1835 (Marc.
2214 1766 2269 1833 χ)
2295 1783 2310 1832 ;
2341 1722 2471 1820 item
2496 1722 2647 1820 idem
2675 1782 2688 1819 :
2728 1722 3047 1820 Amenydic;
3073 1722 3244 1831 editis,
3283 1767 3329 1820 si
3381 1722 3479 1821 lia-

202 1855 415 1903 nostrte
441 1861 663 1901 acumen
692 1846 992 1915 deligimus,
1028 1844 1121 1898 ubi
1147 1858 1240 1899 eos
1264 1858 1495 1913 quorum
1520 1842 1623 1897 illa:
1644 1848 1788 1905 sunt,

201 1952 333 1993 esse
374 1953 481 1993 non
515 1937 842 2008 ignoramus.
872 1956 892 1989 ι
934 1936 1005 1989 At
1033 1944 1222 1990 contra
1258 1935 1359 1989 iste
1398 1934 1611 1989 illorum
1636 1934 1793 1988 dete-

202 2044 344 2100 gens
386 2044 650 2094 errorem,
672 2037 726 2084 et
764 2044 914 2084 suam
944 2028 1184 2097 pandens
1232 2028 1433 2095 absque
1469 2025 1577 2079 ulla
1603 2026 1794 2079 obum-

197 2120 457 2176 bratione
493 2121 895 2189 cogitationem,
941 2119 1141 2174 fatetur
1168 2135 1226 2174 se
1252 2120 1411 2189 quale
1451 2126 1652 2172 sancta:
1677 2116 1796 2171 Tri-

200 2212 398 2277 nitati,
446 2210 553 2265 tale
582 2210 687 2265 illis
735 2212 993 2265 exhibere
1033 2211 1312 2265 servitium
1336 2251 1351 2274 ,
1405 2210 1676 2278 talemque
1702 2208 1797 2263 ad-

198 2304 526 2369 orationem,
574 2304 758 2372 sicque
786 2304 1173 2359 absurditatem
1220 2318 1384 2372 quam
1415 2303 1492 2357 illi
1525 2304 1794 2357 introrsus

200 2396 444 2450 retinent
476 2394 720 2458 latenter,
761 2396 900 2450 hanc
939 2395 1041 2450 iste
1077 2396 1248 2465 egerit
1270 2402 1539 2463 patenter.
1582 2393 1693 2448 Nec
1717 2393 1797 2447 la-

156 2525 173 2538 .
202 2494 327 2542 tere
362 2487 665 2556 quempiam
694 2493 869 2554 potest
915 2487 1129 2542 illorum
1177 2488 1425 2555 ignavia,
1479 2501 1603 2541 cum
1650 2485 1795 2540 banc

200 2577 408 2649 pandat
454 2576 679 2644 hujusce
732 2575 1083 2644 professionis
1126 2576 1412 2630 sententia.
1475 2574 1610 2642 Quia
1663 2589 1793 2644 ergo

197 2680 397 2721 omnes
421 2665 514 2735 qui
540 2680 639 2719 suo
665 2680 850 2719 errore
879 2665 1201 2720 dissentiunt
1232 2680 1263 2719 a
1298 2674 1486 2721 sancta
1530 2666 1792 2721 catholica

198 2762 259 2810 et
285 2755 580 2823 apostolica
605 2755 846 2810 Ecclesia
893 2771 1177 2825 segregare
1218 2765 1274 2812 et
1311 2758 1642 2812 anathemati
1667 2759 1793 2815 sub—

198 2849 446 2914 mittere,
472 2856 527 2904 et
550 2849 654 2904 illis
668 2852 759 2920 qui
775 2851 984 2906 Domini
1004 2850 1128 2906 Iesu
1146 2852 1340 2908 Christi
1365 2854 1790 2909 incarnationem

202 2937 542 2993 salutiferam
569 2942 787 2995 credere
835 2951 1240 3006 recusaverunt,
1274 2943 1555 2999 admittere
1580 2945 1785 3009 nititur,

1894 1856 2066 1911 (meris
2089 1857 2246 1925 ﬁdem
2272 1865 2320 1911 et
2350 1873 2454 1911 non
2479 1856 2861 1922 Iteesitaveritis,
2900 1871 3006 1910 non
3032 1855 3201 1910 satam
3229 1854 3294 1911 de
3325 1854 3480 1926 ﬁcul-

1894 1965 1992 2003 nea
2020 1949 2253 2018 facietis,
2288 1948 2378 2003 sed
2417 1959 2463 2003 et
2503 1950 2549 2003 si
2589 1949 2708 2002 huic
2747 1949 2911 2002 monti
2937 1949 3174 2004 dixeritis
3197 1965 3216 2004 :
3259 1946 3478 2004 Tolleet

1884 2040 2037 2109 jacta
2067 2048 2115 2093 te
2144 2040 2200 2092 in
2225 2055 2387 2103 mare,
2427 2040 2556 2108 fiet;
2607 2048 2654 2092 et
2682 2039 2856 2093 omnia
2885 2054 3203 2110 quircunque
3226 2037 3479 2110 petieritis

1892 2131 1949 2185 in
1975 2133 2210 2184 oratione
2229 2131 2489 2185 credentes
2515 2131 2776 2200 accipietis
2799 2128 3012 2202 (Matth.
3034 2129 3169 2200 XXI).
3204 2128 3358 2186 Unde
3385 2129 3479 2183 da—

1893 2232 1983 2278 tur
2005 2224 2227 2292 intelligi
2264 2223 2475 2277 caeteris
2496 2223 2787 2277 virtutibus
2808 2223 2967 2278 ﬁdem
2999 2222 3387 2292 prmeminere;
3422 2227 3478 2276 et

1893 2328 2198 2383 quanquam
2238 2313 2289 2367 ei
2328 2328 2450 2383 spes
2488 2321 2543 2368 et
2584 2313 2820 2368 Charitas
2846 2320 3250 2377 connectuntur,
3295 2322 3478 2367 tamen

1891 2420 1990 2475 per
2018 2406 2178 2460 ﬁdem
2223 2406 2292 2461 ad
2333 2419 2426 2461 eas
2462 2406 2792 2475 pervenitur.
2841 2404 2948 2462 Nec
2984 2407 3101 2476 pari
3129 2406 3478 2461 damnatione

1887 2497 2209 2567 iudicandus
2233 2505 2318 2552 est
2352 2497 2445 2567 qui
2478 2498 2535 2551 in
2566 2498 2777 2552 caeteris
2805 2496 3059 2567 operibus
3091 2511 3251 2567 quam
3283 2496 3375 2566 qui
3416 2496 3478 2551 in

1892 2589 1998 2644 ﬁde
2021 2588 2312 2659 delinquit,
2359 2589 2616 2659 quoniam
2659 2590 2876 2659 quidem
2912 2604 3033 2644 cum
3059 2589 3238 2644 nullus
3271 2590 3476 2658 absque

1892 2680 1997 2736 ﬁde
2022 2682 2284 2753 imagines
2304 2683 2584 2737 adorando
2609 2681 2807 2736 salvari
2830 2682 3021 2751 possit,
3054 2680 3479 2737 innumerabiles

1891 2772 1946 2827 in
1972 2774 2178 2828 coelesti
2206 2774 2378 2843 patria
2403 2782 2528 2829 sunt
2543 2773 2780 2843 legiones
2804 2788 2924 2842 quae
2940 2774 3052 2828 sive
3074 2789 3172 2843 per
3191 2773 3473 2845 martyris,

1890 2866 2001 2921 sive
2023 2881 2123 2936 per
2147 2867 2527 2928 innocentiam,
2556 2865 2668 2919 sive
2687 2879 2786 2934 per
2814 2864 3157 2919 solitudinem
3187 2878 3478 2920 conversa-

1889 2960 2081 3025 tionis,
2130 2975 2253 3013 eum
2296 2960 2555 3029 imagines
2597 2959 2812 3028 penitus
2854 2973 2956 3013 nec
3003 2957 3317 3022 habuerint,
3370 2971 3477 3015 nec

198 3034 422 3095 quanta:
450 3028 519 3081 sit
551 3027 807 3084 fatuitatis
848 3032 1058 3085 cunctis
1085 3032 1387 3102 legentibus
1427 3033 1594 3103 liquet
1624 3048 1785 3103 agno-

1896 3051 2253 3115 adoraverint,
2298 3066 2395 3120 per
2412 3027 2541 3106 ﬁdei
2576 3027 2755 3105 tamen
2780 3048 3178 3105 observantiam
3214 3046 3476 3106 coelicolis

198 3133 373 3181 scere,
422 3120 617 3188 quippe
658 3122 744 3189 qui
775 3137 885 3176 sute
917 3124 1142 3192 ignaviae
1182 3126 1462 3181 demersus
1505 3129 1787 3196 barathro,

194 3206 330 3261 dum
358 3216 581 3264 eteteros
608 3212 673 3265 ad
701 3227 759 3266 se
786 3227 969 3268 secum
996 3214 1117 3269 talia
1144 3231 1399 3285 passuros
1422 3220 1710 3287 protrahit,
1745 3221 1791 3276 si

194 3312 336 3367 quos
362 3302 500 3372 μηιί
541 3302 763 3371 periculi
803 3307 1114 3375 voraginem
1156 3310 1330 3365 vitare
1353 3313 1648 3382 conspicit,
1696 3328 1791 3371 eos

197 3390 459 3445 conviciis
503 3401 558 3447 et
586 3395 988 3453 contumeliosis
1032 3398 1279 3456 aﬁ‘atibus
1326 3404 1615 3474 objurgare
1661 3421 1791 3461 con-

194 3480 395 3535 tendit.
425 3482 559 3538 Nam
590 3500 709 3554 quae
738 3486 965 3552 insania,
1004 3492 1090 3546 vel
1120 3506 1241 3561 quae
1268 3497 1505 3551 amentia
1534 3507 1636 3561 est,
1664 3496 1788 3553 ideo

196 3570 408 3627 Christi
454 3575 664 3642 plebem
693 3580 760 3633 ab
786 3579 1043 3635 Ecclesiae
1084 3585 1273 3639 matris
1315 3588 1571 3644 uberibus
1599 3590 1787 3646 conari

198 3663 510 3718 mavellem
533 3704 548 3730 ,
580 3678 645 3721 eo
675 3671 817 3736 quod
850 3673 1132 3726 servitium
1158 3675 1255 3729 soli
1289 3677 1399 3732 Deo
1428 3679 1673 3735 debitum
1698 3694 1788 3737 re-

194 3753 303 3809 bus
347 3769 513 3810 sensu
541 3759 851 3814 carentibus
887 3763 1151 3817 obnititur
1190 3768 1487 3823 exhibere?
1530 3770 1637 3824 Aut
1666 3784 1787 3841 quae

194 3846 534 3913 perversitas
556 3855 640 3902 est
668 3850 902 3918 aequales
924 3851 1171 3921 judicare
1197 3856 1318 3911 illos
1346 3860 1436 3926 qui
1471 3862 1784 3920 mediatoris

195 3933 297 3988 Dei
316 3936 662 3991 ethominum
686 3938 886 3995 Christi
905 3940 1034 3997 Iesu
1050 3944 1448 4003 viviﬁcatricem
1462 3950 1786 4010 incarnatio-

192 4043 318 4085 nem
330 4033 607 4088 obstiuata
624 4043 803 4091 mente
817 4038 1039 4093 credere
1066 4048 1333 4107 recusant,
1353 4042 1457 4097 illis
1471 4044 1557 4113 qui
1568 4087 1583 4111 ,
1600 4056 1783 4116 spreto

1894 3146 2123 3202 coetibus
2144 3145 2333 3202 sociati
2354 3142 2630 3214 perpetuis
2652 3141 2860 3214 gaudiis
2885 3140 3255 3212 perfruuntur.

2458 3298 2685 3356 CAPUT
2725 3296 2913 3355 XVIII.

1893 3416 2047 3484 Quod
2078 3416 2340 3470 Eutimius
2385 3414 2664 3470 Sardensis
2710 3415 2976 3485 episcopis
3006 3428 3044 3467 rt
3082 3412 3291 3485 μναῖαιὶ
3332 3409 3473 3485 σοπτ

1960 3488 2178 3542 stantini
2217 3503 2391 3541 errore
2447 3503 2550 3539 non
2591 3482 2814 3540 multam
2858 3482 3095 3539 dissentit
3131 3484 3187 3537 in
3229 3499 3290 3537 eo
3331 3482 3471 3552 quod

1959 3560 2077 3612 ait:
2121 3558 2201 3612 Ex
2230 3565 2345 3636 toto
2380 3556 2542 3636 corde
2582 3556 2815 3626 suscipio
2852 3553 3471 3636 vene‘raudas‘imagines

1958 3645 2079 3683 cum
2109 3628 2420 3684 condecenti
2448 3628 2652 3682 honore
2681 3625 2741 3683 et
2767 3625 3112 3695 amplectibili
3133 3625 3465 3680 adoratione.

1955 3698 2079 3754 lllos
2117 3701 2262 3754 enim
2304 3702 2394 3770 qui
2436 3699 2598 3753 aliter
2642 3706 2734 3753 aut
2776 3698 3047 3753 contrarie
3091 3696 3329 3770 sentiunt
3372 3701 3469 3748 aut

1955 3768 2337 3840 dogmatizanti
2370 3780 2560 3827 contra
2600 3778 2815 3825 sanctas
2852 3770 3120 3839 imagines
3150 3768 3471 3840 alienos_ca-

1956 3836 2166 3897 tholicze
2194 3842 2449 3898 Ecclesiae
2473 3842 2736 3909 deputans
2759 3848 2814 3893 et
2845 3836 3081 3908 praedico
3103 3846 3158 3893 et
3185 3836 3468 3893 haereticos

1954 3913 2237 3969 annunﬁo.

1951 4032 2085 4089 Cum
2138 4028 2406 4085 Eutimius
2450 4025 2733 4080 Sardensis
2776 4022 3062 4098 episcopus
3107 4022 3462 4078 Constantino

197 4123 491 4177 secundum
537 4125 733 4180 divinae
783 4127 918 4196 legis
950 4128 1233 4198 imperium
1269 4141 1635 4191 creaturarum
1666 4154 1781 4194 om-

1896 4126 2208 4184 30nstantite
2241 4123 2403 4194 Cypri
2447 4120 2697 4189 episcopo
2729 4127 2877 4188 pene
2905 4133 3006 4189 par
3043 4118 3114 4174 sit
3159 4118 3213 4173 in
3249 4116 3462 4175 confes-

197 4212 341 4266 nium
373 4214 617 4283 servitio,
646 4217 745 4272 soli
774 4218 904 4287 Deo,
939 4221 1028 4275 cui
1062 4225 1240 4279 omnia
1278 4225 1627 4295 famulantur,
1660 4246 1777 4285 ser-

1896 4220 2061 4284 tione,
2106 4231 2215 4272 non
2246 4223 2330 4271 est
2363 4212 2670 4282 ambiguum
2719 4222 2904 4280 parem
2929 4226 3023 4266 eos
3056 4211 3257 4266 habere
3301 4210 3460 4267 ﬁdem

197 4305 309 4359 Vite
339 4308 686 4364 desiderant:
735 4312 879 4367 aliud
927 4322 1012 4369 est
1050 4316 1192 4371 enim
1235 4319 1417 4375 mundi
1450 4323 1779 4393 redemptio.
1878 4324 2172 4379 paremque
2215 4306 2504 4375 adepturos
2544 4300 2972 4367 retributionem,
3021 4301 3127 4358 nisi
3157 4302 3462 4357 emendatio

199 4410 321 4451 nem
352 4416 460 4455 non
482 4404 726 4471 credere,
756 4407 900 4462 aliud
929 4410 1028 4465 soli
1054 4412 1162 4465 Deo
1188 4414 1320 4469 velle
1344 4418 1581 4483 servire;
1628 4420 1771 4475 aliud

1899 4418 1934 4457 n
1976 4410 2096 4457 utro
2144 4400 2359 4456 illorum
2410 4394 2765 4467 praecesserit.
2818 4394 2899 4448 Ex
2944 4401 3059 4449 toto
3107 4394 3251 4449 enim
3299 4392 3462 4449 corde

204 4494 284 4577 (ξεῖ
309 4490 538 4545 salutem
565 4497 744 4551 mundi
769 4513 1043 4568 spernere,
1094 4503 1237 4557 aliud
1264 4506 1556 4577 imaginum
1585 4510 1778 4565 adora-
1805 4486 1844 4492 ⁷
1878 4504 2106 4563 uterque
2133 4507 2190 4548 se
2214 4490 2503 4548 conﬁtetur
2527 4488 2800 4556 suscipere
2822 4486 3084 4556 imagines
3108 4499 3231 4540 cum
3248 4500 3460 4541 summo

200 4576 399 4634 tionem
429 4589 769 4641 contemnere
793 4607 807 4653 ;
834 4592 976 4645 aliud
1012 4601 1095 4647 est
1121 4576 1414 4651 salutiferis
1448 4600 1670 4654 monitis
1695 4618 1777 4658 re-

195 4665 391 4740 fragari
406 4711 421 4736 ,
459 4673 604 4730 aliud
625 4679 775 4733 vanis
797 4689 852 4734 et
876 4684 1264 4751 superstitiosis
1288 4687 1562 4756 obsequiis
1588 4692 1769 4745 reniti.

196 4756 330 4852 idem
375 4777 609 4834 namque
646 4764 903 4827 Dominus
943 4783 998 4828 et
1026 4773 1273 4830 Salvator
1312 4792 1434 4831 cum
1472 4787 1526 4834 et
1553 4794 1649 4850 per
1680 4798 1773 4852 pa-

199 4849 366 4937 ginam
416 4856 626 4913 Veteris
673 4860 1001 4918 Testamenti
1049 4867 1312 4937 imagines
1356 4849 1585 4926 adorare
1632 4849 1773 4927 inhi-

203 4935 382 5008 buerit,
409 4955 463 5000 et
486 4960 586 5017 per
606 4953 941 5021 corporalem
962 4935 1305 5023 praesentiam
1340 4960 1629 5032 imaginem
1655 4965 1770 5019 Cte-

206 5031 334 5086 saris
351 5034 543 5093 Ctesari
565 5041 745 5109 potius
764 5045 1091 5100 reddendam
1113 5062 1276 5117 quam
1300 5031 1628 5108 adorandam
1647 5071 1771 5111 cen-

206 5124 381 5212 suerit,
416 5130 536 5185 talia
565 5133 621 5186 in
646 5149 705 5189 se
729 5138 982 5193 credendi
1006 5152 1273 5212 praecepta
1303 5146 1529 5199 contulit
1548 5148 1762 5205 dicens:

206 5208 303 5310 Qui
329 5219 489 5274 credit
522 5223 574 5277 in
612 5241 713 5294 me,
752 5229 906 5284 habet
951 5208 1108 5286 vitam
1148 5208 1394 5290 (sternam
1431 5237 1609 5307 (Joan.
1640 5239 1756 5310 vi);

204 5304 497 5400 etiterum:
534 5312 642 5387 Ego
689 5320 806 5373 sum
836 5324 1025 5376 ostium
1070 5336 1117 5377 et
1158 5327 1296 5392 vita,
1327 5329 1371 5380 si
1402 5304 1520 5398 quis
1563 5347 1655 5400 per

1876 4587 2081 4641 honore
2117 4593 2171 4640 et
2212 4581 2554 4653 amplectibili
2582 4579 2917 4636 adoratione.
2945 4579 2991 4636 Ο
3015 4580 3237 4635 demens
3259 4578 3463 4648 episco—

1873 4694 2065 4748 porum
2104 4674 2410 4739 confessio,
2454 4688 2488 4728 o
2528 4672 2717 4727 insana
2762 4672 3055 4741 prtesulum
3105 4669 3454 4741 prtedicatio!

1871 4767 2112 4822 Ecclesia
2138 4764 2402 4820 catholica
2430 4778 2561 4819 voce
2583 4763 2874 4832 pnesulum
2900 4762 3285 4821 incarnationis
3309 4759 3462 4816 Chri-

1870 4862 1939 4917 sti
1988 4859 2303 4931 mysterium
2328 4874 2389 4914 se
2434 4856 2736 4926 suscepisse
2781 4855 3185 4927 congratulans,
3230 4850 3458 4906 Domino

1869 4955 2038 5011 dicit:
2073 4953 2432 5023 Suscepimus,
2456 4950 2622 5014 Deus,
2656 4948 3073 5003 misericordiam
3097 4952 3243 4994 tuam
3266 4941 3321 4993 in
3349 4956 3457 4994 me-

1866 5049 1955 5104 dio
1979 5046 2154 5117 templi
2190 5046 2286 5112 tui,
2337 5054 2392 5100 et
2416 5044 2504 5098 isti
2533 5041 2757 5097 dicunt:
2809 5036 3137 5105 Suscipimus
3172 5041 3219 5085 et
3260 5031 3455 5086 adora-

1864 5158 1980 5196 mus
2004 5142 2277 5209 intagines.
2319 5140 2547 5193 Caterva
2575 5130 2910 5186 credentium
2941 5127 3215 5183 Christum
3252 5126 3343 5197 qui
3371 5133 3455 5181 est

1862 5249 1967 5303 pax
2005 5241 2210 5295 nostra,
2251 5231 2343 5299 qui
2387 5226 2513 5283 fecit
2538 5230 2772 5290 utraque
2795 5235 2960 5274 unum
2982 5259 2997 5283 ,
3042 5217 3314 5285 apostolos
3338 5218 3453 5272 sive

1863 5324 2186 5395 apostolicos
2226 5322 2373 5375 viros
2410 5313 2685 5377 suscipere
2714 5316 2973 5377 precatur
2997 5306 3222 5361 dicens:
3271 5306 3453 5359 Susci-

202 5395 757 5479 Wroicritsalvabitur,
777 5424 825 5468 et
838 5416 1161 5486 ingredietur
1181 5428 1228 5472 et
1246 5395 1581 5490 regredietur;
1609 5436 1655 5476 et
1674 5441 1763 5493 pa.
1859 5420 2006 5490 piant
2030 5425 2229 5471 montes
2252 5398 2632 5495 pacemAPOPV.”
2660 5403 2771 5467 εαί,
2800 5411 2855 5456 ει
2879 5399 3192 5495 is“
3222 5413 3234 5447 ³
3270 5396 3452 5450 sua"

199 5508 313 5586 ξειια
335 5503 555 5561 inveniet
578 5509 761 5581 (Joan.
790 5510 847 5582 κ)
873 5482 973 5575 ;vet
994 5512 1188 5565 iterum
1215 5529 1228 5565 :
1267 5482 1386 5565 Nisi
1408 5514 1523 5583 quis
1549 5482 1761 5570 renatus
1858 5482 2029 5581 pimus
2077 5482 2328 5574 integit!“
2385 5493 2515 5586 0‘10."
2516 5486 2700 5585 ξξίίωξε
2755 5485 3131 5586 απιβίξσίξδίίίχ
3325 5498 3454 5586 ﬁt?)

201 5584 338 5653 βεήι
364 5613 430 5651 ea:
458 5570 599 5669 αι]αά
627 5610 672 5654 et
934 5610 1145 5667 saneto,
1186 5617 1290 5656 non
1334 5570 1546 5655 intrabit
1582 5603 1639 5657 in
1679 5622 1759 5659 re-

1896 5604 1945 5657 ιιί
1972 5614 2107 5669 pene
2124 5570 2339 5651 omnem
2366 5575 2549 5635 auxilii
2581 5573 2669 5624 sui
2711 5593 2875 5651 spem
2896 5579 2950 5631 in
2979 5570 3306 5678 imaginibqu
3328 5570 3460 5626 de“-

196 5689 333 5743 Ιπυνη
638 5657 821 5764 (feda.
858 5694 969 5769 nt).
1024 5657 1237 5753 Veritas
1272 5696 1376 5756 hoc
1407 5695 1571 5766 dicit,
1612 5657 1755 5756 saltis
1853 5657 2005 5763 gent,
2044 5701 2154 5746 non
2180 5667 2523 5738 mediocriter
2544 5674 2579 5716 α
2608 5673 2839 5730 sancta
2862 5676 2919 5725 et
2938 5658 3233 5721 universali
3254 5657 3475 5720 dinam.

2686 5833 2808 5849 ..,.‘r
