4008 6154
490 251 617 308 1151

1308 262 1319 267 ’
1370 244 1428 299 Β.
1467 241 1716 300 CAROLI
1753 236 1969 296 MAGNI
2006 236 2156 293 OPP.
2195 233 2376 290 PARS
2408 231 2473 289 ll.
2517 231 2758 288 SEC'I‘lO
2792 231 2839 285 Il

3597 220 3771 278 1152

490 366 630 421 tiunt
655 338 912 429 Ecclesia,
950 374 1071 431 quae
1104 373 1253 431 spem
1293 359 1476 415 auxilii
1500 360 1584 415 sui
1622 375 1729 414 non
1759 359 1813 411 in
1840 358 2066 426 pictura:
2088 356 2142 415 Δ
2166 367 2285 407 rum
2327 352 2622 415 dissuasor,
2658 348 2861 404 idcirco
2900 342 3205 402 hominibus
3226 328 3781 413 persuasit-creatu-

490 457 653 519 lucis,
702 469 812 510 non
835 453 892 508 in
930 452 1253 508 manufactis
1279 451 1549 506 artiﬁcum
1573 449 1846 518 operibus,
1887 448 1984 502 sed
2011 446 2069 500 in

490 546 600 601 Deo
625 547 866 600 omnium
902 550 1145 599 creatore
1178 542 1398 612 deﬁgit,
1446 555 1565 609 quae
1609 538 1771 594 habet
1798 536 2070 604 adjutores

489 634 761 704 apostolos
798 644 852 690 et
879 632 1202 702 apostolicos
1227 632 1374 686 viros
1396 670 1413 697 ,
1458 630 1550 699 qui
1586 643 1687 698 pro
1728 643 1792 682 ea
1830 624 2073 695 quotidie

492 724 779 780 Dominum
831 723 1211 794 interpellant,
1266 729 1321 777 et
1363 728 1674 791 susceptum
1722 718 1868 772 dono
1898 713 2070 770 sancti

492 817 726 887 Spiritus
750 815 817 871 de
858 816 1105 885 supernis
1145 815 1362 871 sedibus
1393 814 1622 868 imbrem
1651 817 1850 875 sanctae
1876 806 2074 876 praedi-

491 909 736 972 cationis,
767 915 954 978 utpote
980 908 1176 962 altiora
1202 907 1258 960 in
1283 903 1525 959 Ecclesia
1546 902 1663 957 loca
1692 900 1939 957 ﬁdelibus
1960 897 2073 966 ple-

490 1002 649 1057 bibus
673 1001 788 1055 sive
815 1000 1117 1057 rectoribus
1143 996 1472 1059 diffundunt,
1521 993 1815 1048 secundum
1843 989 1957 1045 Joel
1979 1004 2076 1043 va-

492 1091 740 1145 ticinium
785 1090 1055 1146 dicentis:
1100 1086 1169 1140 Et
1222 1087 1320 1140 erit
1358 1086 1416 1139 in
1454 1083 1549 1138 illa
1595 1083 1699 1147 die,
1749 1078 2076 1134 distillabunt

493 1192 690 1236 montes
729 1182 1055 1235 dulcedinem
1080 1221 1095 1244 ,
1147 1188 1193 1232 et
1239 1177 1395 1231 colles
1433 1178 1595 1246 ﬂuent
1625 1174 1706 1229 lac
1749 1171 1905 1244 (Joel.
1950 1170 2073 1240 ut);

495 1274 638 1343 quod
661 1274 827 1328 etiam
859 1274 944 1327 his
975 1271 1154 1326 verbis
1190 1268 1441 1324 Ezechiel
1474 1268 1682 1322 intonat
1719 1265 1944 1319 dicens:
1981 1260 2081 1315 Ve-

494 1366 590 1420 stri
617 1375 790 1419 autem
810 1372 1008 1419 montes
1049 1361 1220 1426 Israel
1240 1361 1434 1429 facient
1460 1374 1632 1421 uvam,
1667 1364 1714 1409 et
1747 1354 1974 1424 fructum
1998 1367 2081 1407 ue-

494 1465 659 1511 strum
688 1472 839 1527 quem
860 1471 947 1509 vos
974 1451 1361 1508 manducabitis
1388 1448 1610 1519 populus
1631 1464 1797 1501 meus.
1829 1445 1959 1512 Quae
1980 1458 2082 1499 uva

496 1555 551 1601 et
577 1546 669 1616 qui
697 1545 933 1611 fructus,
972 1556 1281 1612 quanquam
1309 1540 1558 1595 Christus
1598 1539 1856 1593 Dominus
1884 1535 2084 1590 intelli-

497 1647 655 1710 gatur
679 1637 773 1707 qui
801 1638 867 1692 de
902 1635 1177 1690 montibus
1203 1632 1366 1688 Israel
1389 1631 1673 1702 processit,
1703 1646 1735 1685 a
1760 1627 2083 1700 patriarchis

2172 458 2262 499 ras
2283 444 2482 508 colere,
2504 448 2565 496 ut
2590 457 2685 497 eos
2717 455 2750 494 a
2773 448 3016 495 creatore
3048 442 3333 500 averteret,
3360 434 3506 488 illius
3524 448 3780 502 persua-

2170 535 2412 590 sionibus
2431 533 2685 603 pessimis
2715 539 2897 587 actum
2927 536 3029 596 est,
3075 535 3136 584 nt
3160 534 3532 583 creaturarum
3556 524 3781 579 adora-

2172 623 2248 677 tio
2298 624 2616 678 inolesceret
2638 662 2655 688 ,
2712 637 2831 691 qua:
2893 621 2993 675 sub
3036 625 3301 690 prastextu
3352 615 3784 686 quodammodo

2171 716 2445 786 religionis
2478 723 2533 769 et
2556 714 2873 770 reverentiae
2907 719 3238 775 sanctorum,
3284 723 3540 779 magnum
3570 709 3625 764 in
3664 708 3789 764 his

2172 806 2347 863 locum
2371 814 2538 871 tenet,
2572 808 2663 877 qui
2689 806 2952 875 imagines
2973 819 3032 859 se
3055 819 3124 859 ex
3153 810 3267 858 toto
3286 802 3451 858 corde
3476 801 3782 871 suscipere

2172 909 2228 956 et
2250 902 2476 957 adorare
2501 900 2759 955 fatentur.
2802 897 2938 952 Nam
2970 898 3096 953 dum
3121 896 3405 951 amborum
3436 907 3590 948 error
3612 909 3785 965 pene

2172 1007 2289 1063 par,
2319 1003 2379 1048 ut
2406 992 2617 1063 prtet‘ati
2665 1006 2882 1055 sumus,
2929 990 3017 1053 sit,
3054 989 3108 1042 in
3138 1003 3204 1043 eo
3228 1000 3463 1056 namque
3495 985 3785 1055 quodam-

2175 1089 2335 1144 modo
2358 1089 2537 1158 dispar
2563 1102 2685 1143 esse
2708 1085 3061 1155 dignoscitur,
3090 1082 3232 1152 quod
3259 1080 3647 1136 Constantinus
3666 1093 3787 1134 eos

2177 1180 2269 1249 qui
2298 1179 2576 1234 servitium
2604 1178 2703 1233 soli
2734 1178 2846 1232 Deo
2889 1174 3128 1230 debitum
3160 1173 3427 1229 creaturis
3454 1171 3783 1240 impendere

2179 1278 2448 1335 recusant,
2491 1271 2736 1326 inﬁdeles
2781 1276 2837 1324 et
2888 1267 3196 1324 incredulos
3234 1264 3459 1334 judicat,
3492 1264 3781 1317 Eutimius

2180 1381 2308 1420 vero
2328 1381 2434 1421 non
2454 1380 2547 1420 eos
2563 1372 2622 1419 ut
2645 1362 2977 1427 incredulos,
3005 1362 3187 1416 sed-ut
3212 1357 3495 1413 hmreticos
3521 1356 3782 1422 damnat,

2181 1458 2271 1529 qui
2295 1466 2474 1514 tamen
2495 1466 2639 1523 sunt,
2663 1464 2723 1512 ut
2750 1458 2827 1512 ait
2863 1455 3114 1511 Sedulius
3151 1453 3218 1509 de
3245 1452 3581 1524 quibusdam,

2336 1548 2491 1598 Ambo
2514 1560 2684 1599 errore
2706 1559 2854 1610 pares
2875 1559 3152 1609 quanquam
3174 1544 3370 1595 diversa
3388 1549 3670 1606 sequentes,

2186 1633 2279 1703 qui
2302 1632 2551 1687 videlicet
2579 1632 2650 1687 ob
2679 1632 2842 1686 unius
2867 1629 3070 1685 erroris
3111 1629 3379 1684 insaniam
3406 1633 3640 1681 sanctam
3665 1638 3791 1678 ca-

495 1730 745 1786 videlicet
781 1727 1057 1783 hominem
1102 1738 1400 1789 assumens,
1445 1729 1625 1793 potest
1663 1722 1823 1777 etiam
1851 1718 2076 1774 dulcedo
2104 1703 2152 1763 B
2183 1725 2433 1780 tholicam
2454 1724 2651 1792 parum
2675 1720 3027 1785 incredulam,
3056 1719 3254 1788 parum
3290 1716 3599 1773 haeretica".
3626 1728 3796 1768 men-

496 1818 894 1894 prtedicationis
916 1816 1084 1872 veteri
1106 1824 1161 1872 et
1184 1831 1324 1871 novo
1342 1815 1688 1871 Testamento
1704 1813 2081 1882 compaginata

498 1911 752 1981 intelligi,
776 1924 894 1978 qua:
916 1906 1233 1962 diffunditur
1246 1921 1344 1975 per
1368 1906 1651 1960 humilium
1677 1904 1916 1960 ﬁdelium
1936 1919 2082 1959 men-

499 2012 581 2057 tes
598 2043 610 2063 ,
647 2008 703 2056 et
725 2000 1126 2055 incredulorum
1151 1997 1314 2052 corda
1341 1998 1410 2053 ad
1432 1997 1761 2053 credendum
1786 2004 1841 2051 et
1881 1996 1949 2049 ad
1971 1994 2086 2049 fru-

500 2102 644 2149 ctum
694 2091 1023 2146 aﬁ‘erendum
1078 2088 1357 2144 molliﬁcat
1381 2129 1397 2153 ,
1454 2096 1510 2142 et
1566 2095 1841 2143 rectorum
1894 2099 2086 2141 sensus

500 2191 716 2238 mterna:
739 2182 853 2252 spei
879 2181 1232 2237 retributione
1255 2179 1512 2244 laetiﬁcat,
1552 2195 1752 2248 eosque
1771 2176 1979 2247 iustitia
2005 2178 2088 2232 in-

502 2275 593 2329 dui
637 2281 837 2329 etcum
878 2271 1135 2340 subjectis
1167 2271 1413 2341 plebibus
1459 2271 1570 2324 Deo
1596 2270 1855 2339 hymnum
1891 2283 2089 2324 canere

501 2367 835 2429 exhortatur,
883 2350 1243 2433 impleturque
1286 2362 1417 2416 illud
1444 2361 1855 2430 propheticum:
1903 2360 2088 2430 Campi

502 2458 578 2510 tui
614 2454 946 2526 replebantur
982 2454 1234 2519 ubertate,
1274 2454 1603 2523 pinguescant
1653 2452 1785 2521 ﬁnes
1812 2452 2001 2507 deserti
2039 2462 2090 2509 et

504 2545 852 2600 exsultatione
901 2543 1056 2597 colles
1097 2544 1476 2614 accingentur;
1521 2543 1693 2597 induti
1735 2553 1857 2598 sunt
1903 2546 2090 2599 arietes

506 2638 677 2711 ovium
711 2645 758 2690 et
798 2633 1055 2689 convalles
1078 2634 1417 2688 abundabunt
1441 2635 1698 2703 frumento
1724 2650 1743 2689 :
1771 2637 1957 2689 etenim
1980 2634 2092 2689 cla-

507 2733 739 2791 mabunt,
781 2736 828 2781 et
870 2727 1119 2798 hymnum
1156 2726 1327 2780 dicent
1372 2724 1543 2797 (Psal.
1574 2724 1722 2795 va).
1759 2724 1926 2780 Levat
1948 2724 2094 2780 enim

506 2822 691 2877 oculos
716 2834 843 2875 suos
868 2819 935 2872 ad
961 2834 1075 2884 eos,
1106 2833 1228 2872 cum
1256 2817 1417 2873 dicit:
1451 2815 1635 2872 Levavi
1659 2814 1837 2872 oculos
1859 2832 1999 2871 meos
2026 2816 2094 2869 ad

507 2922 723 2979 montes,
752 2911 889 2967 unde
911 2912 1073 2966 veniet
1102 2910 1362 2965 auxilium
1397 2900 1527 2964 milii
1558 2909 1733 2983 (Psal.
1759 2911 1932 2979 cxxr).
1976 2909 2097 2964 Non

507 3009 648 3063 enim
676 3007 788 3061 ait:
837 3006 1032 3060 Levavi
1057 3004 1244 3060 oculos
1271 3019 1420 3059 meos
1454 3003 1523 3058 ad
1560 3018 1648 3060 res
1673 3003 1994 3067 insensatas,
2037 3008 2098 3055 ut

509 3059 1065 3166 alii—his‘adjutorium
1111 3094 1479 3164 adipiscerer;
1510 3094 1605 3149 sed
1629 3134 1642 3158 ,
1693 3091 1879 3146 Levavi
1921 3059 2098 3145 oculos
2127 3059 2173 3123 Ο

510 3205 649 3242 meos
674 3188 742 3241 ad
769 3197 987 3251 montes,
1025 3186 1093 3240 ad
1119 3201 1214 3241 eos
1250 3186 1498 3241 videlicet
1523 3192 1736 3240 montes
1766 3196 1927 3252 super
1961 3195 2100 3250 quos

511 3278 755 3333 Ecclesia
775 3277 974 3333 Christi
1000 3275 1218 3331 fundata
1251 3285 1354 3340 est,
1385 3276 1597 3330 dicente
1621 3275 1910 3345 Propheta,
1953 3270 2106 3326 Fun-

513 3371 758 3428 damenta
790 3372 905 3443 ejus
940 3371 995 3424 in
1052 3369 1310 3425 montibus
1345 3370 1540 3423 sanctis
1589 3367 1762 3440 (Psal.
1817 3364 2100 3436 Lxxxvu);

514 3465 606 3536 qui
638 3466 800 3518 etiam
824 3464 1068 3519 videntes
1108 3462 1327 3519 liberari
1368 3462 1624 3532 populum
1662 3460 1754 3514 Dei
1784 3475 1814 3512 a
1841 3458 2106 3513 servitute

516 3556 800 3627 Egyptia,
838 3564 892 3612 ct
917 3557 981 3610 ad
1009 3564 1209 3610 terram
1247 3553 1685 3623 repromissionis
1716 3551 2104 3616 conscendere,

519 3649 575 3703 id
599 3657 703 3710 est,
744 3646 928 3699 mundi
958 3644 1118 3713 hujus
1159 3657 1520 3697 mrumnosam
1552 3640 1887 3703 servitutem,
1922 3639 2107 3695 ﬁdeles

519 3752 762 3809 quosque
785 3748 1060 3804 spernere,
1107 3740 1162 3788 et
1189 3733 1258 3786 ad
1277 3738 1535 3786 aeternam
1563 3730 1794 3800 patriam
1822 3730 2109 3786 convolare

520 3828 812 3891 exsultant,
845 3826 1057 3881 dicente
1090 3825 1279 3880 eodem
1304 3822 1647 3878 sanctissimo
1668 3822 2065 3892 Prophetarum
2090 3837 2105 3876 :

523 3923 723 3978 Montes
751 3918 1137 3976 exsultaverunt
1179 3924 1237 3972 ut
1267 3917 1457 3971 arietes
1480 3957 1494 3982 ,
1531 3926 1576 3970 et
1620 3914 1775 3969 colles
1814 3915 1949 3969 sicut
1988 3916 2111 3986 agni

523 4016 693 4070 ovium
738 4009 909 4084 (Psal.
969 4010 1137 4083 cxrv).
1196 4008 1452 4078 Quisquis
1495 4023 1625 4079 ergo
1663 4008 1730 4063 ad
1774 4007 1873 4063 hos
1898 4013 2113 4061 montes

524 4114 704 4177 spreta
735 4121 859 4160 eum
902 4105 1112 4161 cmteris
1149 4103 1479 4159 vanitatibus
1508 4111 1882 4157 creaturarum
1923 4100 2115 4154 adora-

525 4200 690 4265 tione,
737 4198 837 4254 soli
883 4198 994 4253 Deo
1040 4197 1321 4253 servitium
1367 4196 1650 4259 exhibens,
1685 4192 1882 4251 mentis
1929 4191 2115 4246 oculos

529 4306 718 4347 somno
737 4290 1068 4345 inﬁdelitatis
1089 4282 1310 4360 depulso
1347 4289 1507 4353 levat,
1556 4302 1677 4342 cum
1703 4286 1862 4340 aeriae
1884 4291 2117 4352 potesta-

529 4392 610 4438 tes
639 4382 751 4437 sive
777 4396 961 4435 earum
1000 4395 1258 4450 sequaces
1300 4378 1517 4448 superbi
1548 4376 1749 4445 quique
1776 4374 1845 4428 ad
1870 4373 2119 4428 exitiabi-
2141 4411 2197 4474 Β

531 4474 610 4527 les
639 4470 801 4526 Erebi
831 4470 1124 4524 densitates
1159 4466 1575 4530 descenderint,
1624 4480 1734 4519 non
1766 4463 2016 4527 timebit,
2061 4468 2118 4516 et

532 4578 654 4617 cum
680 4561 890 4615 caeteris
910 4557 1281 4625 hujuscemodi
1303 4557 1614 4613 hominibus
1644 4571 1767 4611 cum
1804 4570 2014 4610 summa
2031 4553 2120 4622 ju-

532 4654 793 4711 bilatione
839 4650 1128 4735 cantabit:
1175 4650 1459 4721 Propterea
1501 4667 1605 4705 non
1657 4649 1951 4704 timebimus
1990 4648 2117 4702 dum

536 4740 932 4798 conturbabitur
951 4748 1111 4805 terra,
1136 4739 1580 4807 ettransferentur
1598 4749 1798 4793 montes
1820 4740 1875 4793 in
1890 4755 1981 4792 cor
2005 4755 2121 4792 ma-

535 4838 627 4891 ris.
661 4834 961 4891 Sonuerunt
998 4838 1045 4885 et
1083 4831 1304 4884 turbata:
1329 4838 1451 4882 sunt
1491 4846 1641 4899 aqua:
1661 4831 1797 4899 ejus,
1827 4828 2121 4882 conturbati

535 4937 654 4985 sunt
683 4936 878 4982 montes
905 4927 961 4979 in
982 4922 1288 4995 fortitudine
1311 4920 1426 4992 ejus
1457 4918 1629 4991 (Psal.
1659 4920 1830 4989 xnvr).
1859 4917 1997 4984 Quia
2029 4915 2125 4986 igi‘

512 5052 516 5056 ο
560 5036 628 5077 ur
652 5020 907 5088 antiquus
941 5015 1131 5081 hostis,
1177 5011 1328 5082 cujus
1367 5012 1626 5068 satellites
1655 5012 1711 5065 in
1737 5009 1906 5066 sacris
1930 5007 2124 5063 litteris

536 5110 851 5184 plerumque
875 5108 1128 5161 montium
1156 5104 1371 5160 nomine
1400 5104 1770 5173 designantur,
1800 5101 2013 5157 illorum
2042 5100 2125 5155 in-

538 5200 845 5258 dubitanter
863 5199 1146 5264 montium,
1167 5195 1522 5267 malignorum
1540 5194 1790 5249 videlicet
1812 5193 2120 5263 spirituum,

540 5293 604 5347 de
648 5290 842 5362 quibus
885 5305 984 5360 per
1022 5289 1233 5344 Nahum
1273 5288 1593 5357 prophetam
1634 5285 1877 5341 dicitur:
1916 5284 2122 5338 litantes

541 5385 780 5438 commoti
811 5392 929 5438 sunt
954 5383 1018 5436 ab
1054 5382 1165 5445 illo,
1214 5388 1260 5435 et
1299 5378 1455 5434 colles
1498 5383 1818 5432 tremuerunt
1859 5373 2122 5445 (Nahum.

543 5475 617 5543 1);
659 5484 713 5527 et
743 5475 809 5529 de
833 5474 1029 5542 quibus
1050 5468 1338 5540 Apostolus
1367 5468 1499 5522 dicit
1525 5486 1537 5519 :
1581 5467 1641 5520 Si
1664 5464 1892 5516 habuero
1922 5473 2124 5513 omnem

547 5564 717 5635 (idem,
757 5567 829 5618 ita
870 5575 926 5618 ut
953 5573 1152 5617 montes
1194 5561 1511 5630 transferam
1554 5557 1605 5629 (Ι
1661 5556 1783 5610 Cor.
1822 5553 1963 5622 xm),
2010 5564 2128 5603 om-

550 5652 697 5716 nium
717 5655 978 5709 malorum
1006 5668 1218 5721 suasor,
1256 5660 1313 5709 et
1333 5667 1364 5709 e
1395 5650 1671 5709 contrario
1694 5646 1937 5707 omnium
1957 5644 2128 5707 bono-

2180 1818 2391 1871 timtur
2437 1815 2756 1869 Ecclesiam.
2796 1812 2934 1867 Nam
2981 1811 3024 1866 si
3078 1826 3178 1866 nos
3227 1825 3415 1865 omnes
3450 1805 3803 1878 generaliter

2180 1909 2495 1972 Christiani,
2523 1907 2612 1976 qui
2628 1906 2827 1976 spretis
2846 1912 3215 1960 creaturarum
3241 1901 3467 1958 culturis
3490 1899 3806 1955 servitium

2182 2000 2281 2055 soli
2308 2000 2421 2054 Deo
2464 1998 2701 2053 debitum
2740 1997 2817 2052 illi
2860 1996 2958 2052 soli
3002 1995 3315 2063 impendere
3358 1992 3626 2061 cupimus,
3686 1987 3803 2043 cui

2183 2090 2380 2144 merito
2425 2088 2525 2143 soli
2552 2089 2794 2153 debetur,
2837 2086 2957 2141 ideo
2983 2084 3240 2147 hazretici,
3294 2082 3419 2149 quia
3446 2079 3821 2147 imaginibus

2184 2194 2295 2233 non
2323 2179 2584 2234 servimus
2605 2218 2619 2241 ,
2668 2179 2736 2230 ab
2774 2175 2889 2229 istis
2916 2173 3258 2241 judicamur,
3290 2168 3367 2220 illi
3413 2166 3821 2234 proculdubio

2186 2273 2301 2328 sive
2327 2280 2449 2326 ante
2485 2270 2770 2323 adventum
2812 2261 3166 2330 redemptoris
3189 2300 3204 2324 ,
3253 2259 3368 2313 sive
3405 2264 3528 2328 post
3568 2256 3826 2310 adven-

2188 2373 2331 2427 tum,
2376 2360 2464 2428 qui
2496 2355 2759 2413 creaturis
2801 2353 3205 2415 inserviebant,
3249 2347 3472 2403 omnino
3519 2345 3817 2401 catholici

2181 2452 2600 2523 judicabuntur;
2642 2455 2699 2501 et
2741 2446 2787 2500 si
2821 2445 2901 2499 illi
2940 2439 3240 2505 increduli,
3287 2446 3343 2493 et
3380 2450 3573 2492 revera
3602 2436 3819 2491 incre-

2187 2543 2317 2608 duli,
2364 2542 2494 2611 quia
2535 2552 2636 2610 pro
2678 2543 2925 2591 creatore
2967 2538 3250 2588 creaturas
3289 2528 3560 2591 colebant,
3604 2527 3812 2582 modis

2189 2634 2440 2692 muribus
2457 2631 2766 2701 iudicantur
2785 2668 2799 2692 ,
2850 2640 2952 2680 nos
2979 2623 3072 2694 qui
3100 2622 3196 2676 uni
3225 2628 3282 2676 et
3306 2620 3407 2676 soli
3448 2620 3559 2674 Deo
3586 2618 3817 2687 spretis

2192 2724 2523 2780 vanitatibus
2556 2720 2845 2781 servimus,
2870 2724 2926 2771 et
2959 2714 3077 2783 ejus
3100 2713 3309 2769 sanctis
3348 2726 3699 2780 consequens
3747 2720 3814 2766 et

2196 2830 2492 2886 congruum
2520 2810 2839 2880 obsequium
2868 2805 3237 2875 impertimus,
3289 2800 3542 2859 catholici
3570 2808 3627 2855 et
3662 2798 3815 2854 ﬁde-

2198 2912 2277 2965 les
2305 2908 2626 2965 habcbimur
2651 2910 2707 2958 et
2734 2899 3125 2971 judicabimur.

2791 3010 3020 3069 CAPUT
3059 3008 3203 3064 XIX.

2204 3133 2403 3190 Inutile
2426 3128 2489 3187 ‘et
2509 3127 2769 3185 dementia
2792 3123 3065 3197 prolatum
3096 3130 3143 3176 et
3171 3121 3284 3197 risu
3325 3118 3569 3197 dignum_
3596 3116 3815 3197 dictum

2272 3187 2459 3276 Argapii
2487 3201 2741 3276 σφεα-τεῳ
2768 3187 3114 3276 Cappadocia:
3146 3190 3371 3276 episcopi
3390 3187 3815 3276 “reprelienditur

2272 3258 2410 3330 ita;
2433 3271 2569 3345 quod
2610 3268 2773 3323 dixit:
2817 3258 3094 3334 Scriptum
3122 3258 3206 3317 est
3243 3258 3542 3315 in‘nostris
3592 3258 3811 3313 Uivinis

2276 3342 2593 3413 Scripturis.
3330 3384 3335 3389 .

2275 3435 2344 3490 Et
2365 3434 2681 3502 plerumque
2718 3426 2987 3497 imperitia
3020 3439 3148 3481 sons
3175 3430 3276 3488 est,
3324 3429 3381 3478 et
3432 3420 3646 3484 insons;
3704 3416 3810 3472 sed

2207 3526 2475 3597 imperitia
2490 3537 2617 3578 sons
2628 3522 2821 3578 crebro
2833 3527 2892 3575 ut
2906 3517 3108 3573 alliciat
3121 3511 3661 3582 elaborat,imperitia
3672 3524 3812 3566 vero

2208 3622 2394 3677 insons
2412 3615 2628 3672 ollicere
2651 3613 2784 3668 nulli
2818 3611 3052 3666 allectat.
3105 3607 3211 3663 Sed
3231 3608 3359 3662 dum
3386 3613 3687 3674 utrumque
3712 3618 3813 3673 ge-

2208 3726 2310 3767 nus
2342 3725 2451 3764 non
2479 3707 2551 3762 sit
2574 3712 2801 3775 peccato
2834 3701 3157 3772 subjectum,
3181 3706 3473 3766 utrumque
3502 3707 3691 3751 tamen
3726 3698 3807 3747 est

2209 3796 2620 3869 reprehensioni
2641 3794 2953 3857 obnoxium,
2994 3792 3249 3861 quoniam
3284 3787 3558 3857 imperitia
3603 3800 3734 3842 sons
3756 3790 3812 3838 et

2207 3897 2434 3959 peccato
2459 3886 2721 3956 subjacet,
2751 3892 2937 3954 utpote
2961 3898 3083 3953 quae
3102 3881 3361 3951 probrosa
3388 3878 3659 3935 oﬂiciendi
3700 3876 3812 3930 im-

2209 3979 2431 4050 pellitur
2448 3978 2743 4041 voluntate,
2767 3982 2822 4030 et
2846 3971 3278 4044 reprehensioni,
3318 3971 3433 4026 sive
3455 3971 3580 4040 quia
3606 3980 3805 4038 pecca-

2215 4080 2328 4126 tum
2350 4086 2455 4126 non
2478 4078 2630 4124 caret
2651 4066 3091 4137 reprehensione,
3126 4064 3240 4119 sive
3261 4063 3389 4133 quia
3410 4063 3551 4133 quod
3573 4060 3654 4115 vel
3676 4072 3802 4128 pro.»

2216 4165 2360 4218 fatur
2377 4163 2463 4218 vel
2498 4168 2775 4231 operatur,
2815 4165 2870 4213 et
2921 4157 3235 4226 insipienter
3262 4156 3318 4211 id
3354 4155 3486 4211 facit
3507 4164 3562 4210 et
3622 4154 3806 4207 ineru-

2217 4256 2355 4321 dite;
2386 4254 2654 4324 imperitia
2680 4265 2809 4306 vero
2834 4251 3020 4317 insons
3041 4249 3148 4306 etsi
3170 4249 3226 4303 in
3249 4264 3317 4304 eo
3349 4255 3579 4318 peccato
3598 4248 3797 4305 careat,

2218 4364 2284 4405 eo
2320 4348 2464 4418 quod
2486 4346 2755 4402 neminem
2793 4343 2959 4409 lazdit,
3001 4342 3416 4414 reprehensione
3469 4350 3647 4396 tamen
3691 4348 3801 4391 non

2219 4448 2389 4505 caret,
2414 4438 2541 4509 quia
2566 4451 2727 4494 omne
2753 4435 3062 4506 imperitum
3081 4433 3412 4489 ineruditum
3439 4440 3544 4498 est,
3572 4440 3626 4488 et
3643 4438 3803 4484 omne

2218 4530 2548 4585 ineruditum
2583 4526 2989 4598 reprehensioni
3028 4525 3349 4581 succumbit.
3433 4525 3509 4578 Ac
3547 4537 3642 4590 per
3689 4520 3796 4571 hoc

2219 4623 2722 4678 ridiculosissimum
2740 4621 2941 4677 dictum
2963 4618 3153 4688 Agapii
3174 4616 3422 4673 Caesareae
3446 4606 3792 4680 Cappadocia:

2220 4715 2474 4784 episcopi,
2524 4713 2669 4782 quod
2689 4712 2824 4767 dixit
2866 4726 2881 4764 :
2924 4710 3191 4780 Scriptum
3210 4716 3283 4763 est
3315 4706 3372 4760 in
3395 4703 3584 4758 nostris
3606 4696 3796 4755 divinis

2221 4804 2525 4875 scripturis:
2560 4809 2653 4856 aut
2685 4802 2859 4857 eidem
2881 4799 3285 4870 reprehensioni
3301 4813 3418 4868 qua:
3442 4802 3662 4867 peccato
3695 4790 3798 4845 ob-

2232 4896 2391 4951 noxia
2416 4901 2518 4959 est,
2557 4900 2652 4948 aut
2678 4893 2852 4948 eidem
2876 4907 2997 4962 qua:
3022 4891 3308 4962 imperitiae
3330 4886 3588 4957 subiacet,
3618 4884 3805 4941 cedere

2231 4987 2632 5059 comprobatur,
2663 4984 2917 5055 quoniam
2945 4993 3040 5039 aut
3082 4988 3393 5053 eopeccato
3425 4978 3658 5035 obnoxia
3705 4981 3803 5036 εει,

2230 5081 2373 5151 quod
2417 5095 2524 5150 quo
2558 5084 2718 5148 pacto
2736 5077 3008 5145 principes
3027 5090 3217 5131 eorum
3246 5076 3374 5130 dum
3400 5070 3510 5128 sint
3548 5067 3805 5126 homines,

2230 5172 2441 5228 caeteris
2469 5167 2795 5224 mortalitate
2838 5183 2948 5223 non
2970 5166 3278 5230 dissimiles,
3305 5166 3475 5221 Deum
3496 5162 3601 5217 sibi
3628 5167 3798 5215 conre-

2231 5278 2397 5336 gnare
2417 5262 2619 5327 dicunt,
2657 5268 2711 5316 et
2737 5275 2794 5314 se
2817 5260 2962 5314 divos
2995 5272 3199 5329 suaque
3218 5266 3373 5326 gesta
3395 5255 3477 5310 vel
3505 5254 3649 5311 dicta
3674 5249 3798 5336 dim-

2227 5335 2299 5410 lia
2327 5362 2659 5424 nuncupant,
2683 5367 2748 5408 eo
2785 5351 3041 5406 nimirum
3061 5358 3223 5421 pacto
3250 5365 3376 5404 suas
3414 5347 3716 5418 Scripturas
3738 5335 3798 5391 ἀί

2228 5447 2371 5501 vinas
2396 5453 2735 5515 nuncupant;
2768 5449 2860 5496 aut
2890 5441 3034 5496 ineo
3057 5438 3473 5511 reprehensioni
3493 5426 3805 5493 succumbit.

2229 5541 2373 5611 quod
2414 5537 2737 5608 eloquentiae
2768 5533 2993 5600 inscius,
3043 5532 3299 5604 loquendi
3327 5530 3634 5586 venustatis
3671 5526 3805 5611 igni:

2229 5606 2324 5695 rus
2349 5633 2477 5701 dum
2498 5606 2677 5691 dicere
2698 5628 2977 5700 debuerat,
3017 5628 3076 5697 in
3121 5625 3327 5695 nostris
3376 5623 3658 5689 codicibus
3683 5606 3831 5707 diva
