4008 6154
174 319 319 377 “5‘5

956 309 1136 368 LIBRI
1172 305 1516 366 CAROLINI.
1558 333 1629 347 -—-
1667 304 1889 363 CAPIT.
1923 305 2011 360 DE
2042 304 2232 365 IMAG.
2272 334 2342 345 —
2377 304 2508 360 LIB.
2547 304 2631 361 Ill.

3290 304 3432 364 1156

175 443 277 487 nas
305 425 611 495 Scripturas
651 419 1085 486 continentibus,
1128 426 1221 473 aut
1261 418 1464 488 aliquid
1497 415 1748 485 hujusce—
1773 418 1829 479 Α
1850 418 2159 471 monasterii
2185 417 2360 472 sancti
2384 417 2614 473 Andreae
2651 416 2708 471 in
2748 430 2891 489 saepe
2935 426 3232 476 memorata
3252 421 3434 478 vanis-

174 516 346 581 modi,
369 515 422 569 id
442 528 473 568 e
493 509 779 567 contrario
793 508 1152 578 incomposite
1174 514 1229 561 et
1249 505 1533 561 ridiculose
1554 502 1750 559 dixisse

172 607 367 671 fertur,
416 606 473 658 in
498 602 689 657 nostris
725 600 919 655 divinis
945 598 1215 668 scripturis
1248 613 1267 651 :
1323 596 1468 666 quod
1515 596 1748 665 quidem,

172 698 315 755 sicut
348 693 561 765 praefati
577 706 786 756 sumus,
815 688 1132 759 arrogantiae
1158 686 1323 752 fastu,
1361 700 1470 755 quo
1504 693 1559 740 et
1584 686 1750 739 Deum

173 789 277 845 sibi
305 798 639 855 conregnare
683 791 739 838 et
759 798 818 841 se
846 783 994 838 divos
1036 793 1348 851 nuncupare
1396 784 1748 848 praesumunt,

169 879 464 951 protulisse
494 876 806 938 creduntur,
840 871 1048 927 insania
1074 878 1178 926 est.
1255 869 1316 924 Si
1334 883 1462 923 vero
1497 867 1643 923 aliud
1671 867 1754 922 di-

171 987 301 1029 cere
329 970 632 1041 cupientes,
651 965 801 1022 aliud
825 964 1030 1029 dixere,
1060 976 1163 1016 nec
1180 968 1334 1017 tanta
1360 960 1418 1015 in
1443 959 1523 1014 eis
1549 959 1755 1013 acumi-

169 1062 267 1133 nis,
284 1062 370 1116 vis
407 1067 516 1137 est,
548 1065 607 1113 ut
640 1071 756 1126 quae
791 1053 956 1109 corde
1006 1051 1335 1121 concipiunt,
1360 1050 1450 1104 vix
1485 1048 1650 1104 certis
1689 1063 1754 1103 ac

169 1152 411 1225 propriis
439 1150 618 1206 verbis
638 1146 944 1218 signiﬁcare
960 1150 1178 1214 queant,
1208 1140 1420 1213 ignavia
1442 1145 1554 1195 est:
1579 1154 1645 1192 ac
1656 1154 1754 1208 per

171 1243 280 1302 hoc
307 1247 364 1300 in
395 1241 658 1299 utramvis
691 1246 899 1308 partem
935 1250 1034 1307 per
1085 1236 1239 1291 devia
1261 1241 1355 1289 aut
1390 1232 1641 1303 superbia
1673 1230 1754 1285 fe—

170 1342 368 1393 runtur
377 1334 526 1399 elati,
557 1338 652 1386 aut
667 1328 986 1401 ignorantia:
1005 1326 1313 1398 caliginosis
1324 1323 1633 1380 retinaculis
1644 1336 1758 1377 cre-

174 1429 370 1483 duntur
388 1423 609 1480 addicti.
677 1420 811 1488 Quis
839 1435 969 1490 ergo
1003 1433 1238 1488 unquam
1262 1416 1379 1471 sani
1421 1415 1615 1484 capitis
1650 1413 1758 1467 tale

173 1518 299 1589 quid
319 1514 555 1571 dixerit?
589 1510 725 1578 Quis
753 1526 900 1566 sanat
918 1509 1114 1564 mentis
1140 1508 1248 1562 tale
1269 1507 1399 1577 quid
1431 1504 1759 1576 protulerit?

173 1610 299 1677 Quae
333 1608 612 1673 vecordia,
649 1621 835 1676 quaeve
873 1605 945 1659 sit
972 1603 1210 1658 amentia
1247 1601 1525 1656 hominem
1555 1606 1759 1653 morta-

170 1700 294 1766 lem,
340 1698 692 1771 passionibus
732 1694 1124 1763 subiacentem,
1166 1691 1376 1746 dicere:
1395 1688 1660 1759 Scriptum
1681 1695 1756 1742 est

1851 510 1985 565 sima
2009 512 2233 582 synodo,
2259 528 2379 582 qua:
2400 526 2499 580 pro
2521 510 3144 581 adorandisimaginibus
3165 520 3312 583 gesta
3331 521 3434 580 cst,

1850 599 2035 665 refert,
2074 600 2191 655 Vidi
2227 601 2471 672 angelum
2502 600 2558 654 in
2580 602 2808 673 imagine
2850 611 3234 675 persequentem
3260 604 3426 658 multi-

1851 692 2084 747 tudinem
2111 694 2476 749 barbarorum.
2501 691 2639 746 Nam
2663 693 2794 747 dum
2822 694 2876 748 bi
2900 695 2991 764 qui
3018 695 3073 750 in
3097 695 3286 750 eadem
3311 712 3438 765 syn-

1853 783 1959 839 odo
1996 783 2165 839 fuisse
2200 793 2588 849 memorantur,
2648 785 3099 854 patriarcharum,
3149 788 3434 857 propheta-

1852 890 1973 930 rum
1998 884 2426 948 cmterorumque
2455 885 2770 932 sanctorum
2795 886 2850 933 ct
2887 877 3175 934 illustrium
3197 880 3438 936 virorum

1851 966 2016 1021 verba
2037 967 2108 1021 ob
2129 966 2426 1037 imaginum
2439 968 2811 1023 adorationem
2832 969 3207 1025 stabiliendam
3225 980 3438 1039 pertur—

1850 1054 1985 1110 bare
2007 1055 2268 1121 nitantur,
2283 1072 2378 1111 eos
2402 1057 2633 1124 denique
2651 1058 2990 1126 patriarchas
3006 1060 3252 1129 quaedam
3267 1063 3442 1131 egisse

1853 1158 1973 1214 qua:
1998 1160 2106 1199 non
2150 1145 2359 1214 egerint
2404 1144 2756 1211 mentiantur,
2814 1160 2923 1199 non
2951 1153 3034 1200 est
3062 1147 3363 1202 mirandum
3398 1150 3441 1203 si

1854 1233 2018 1289 etiam
2030 1234 2294 1289 Joannem
2310 1233 2758 1305 Chrysostomum
2772 1236 2903 1290 talia
2931 1236 3131 1291 dixisse
3155 1238 3431 1294 criminen-

1854 1331 1962 1379 tur.
1990 1323 2244 1394 Nunquid
2263 1325 2409 1379 enim
2436 1324 2693 1396 praefatus
2739 1326 2824 1379 vir
2867 1334 2978 1380 tam
3006 1326 3282 1395 eloquens,
3312 1335 3429 1383 tam.

1856 1429 1962 1485 que
1994 1415 2238 1469 eruditus
2259 1414 2463 1469 diceret
2493 1428 2509 1467 :
2554 1413 2669 1468 Vidi
2715 1414 2958 1485 angelum
2996 1416 3051 1469 in
3076 1417 3302 1487 imagine
3326 1435 3447 1489 per-

1855 1512 2147 1574 sequentem
2165 1502 2512 1559 barbarorum
2534 1504 2945 1571 multitudinem,
2998 1522 3123 1562 cum
3149 1509 3315 1564 sciret
3351 1526 3446 1564 an-

1855 1596 2098 1667 gelorum
2127 1595 2490 1651 immortalem
2511 1604 2763 1651 naturam
2783 1612 3125 1668 nequaquam
3163 1608 3221 1654 ut
3245 1603 3314 1657 ab
3351 1602 3451 1658 ho-

1856 1687 2093 1742 minibus
2126 1687 2375 1744 videatur
2416 1688 2756 1757 picturarum
2786 1703 2907 1743 esse
2931 1690 3226 1760 indignam.
3309 1693 3449 1749 Sunt

169 1793 228 1846 in
263 1770 459 1844 nostris
514 1787 704 1841 divinis
745 1782 1056 1853 scripturis?
1093 1780 1153 1835 Si
1199 1795 1331 1851 ergo
1354 1779 1545 1833 nostris
1568 1818 1583 1843 ,
1632 1793 1765 1847 quo-
1792 1770 1841 1832 B
1871 1776 2013 1831 enim
2046 1784 2239 1831 natura
2272 1775 2513 1846 spiritus,
2549 1774 2726 1831 cilicio
2775 1777 2969 1847 angeli,
3009 1779 3102 1848 qui
3136 1787 3197 1833 ut
3242 1782 3310 1835 ab
3354 1782 3451 1838 ho-

172 1881 340 1938 modo
354 1879 547 1932 divinis
571 1878 596 1930 ?
610 1877 677 1930 Et
708 1875 754 1929 si
774 1874 984 1939 divinis,
1012 1871 1281 1942 quomodo
1301 1870 1531 1926 nostris?
1557 1869 1639 1924 Ab
1659 1869 1762 1923 ho-

171 1973 326 2028 mine
350 1985 478 2041 ergo
506 1968 782 2024 derivatur
812 1966 1098 2030 humanus,
1133 1978 1164 2017 a
1191 1963 1305 2018 Deo
1326 1961 1599 2017 derivatur
1626 1958 1765 2013 divi-

175 2078 301 2114 nus.
372 2060 584 2113 Nostra:
636 2058 837 2113 etenim
882 2055 1165 2125 scripturae
1187 2053 1436 2107 humana:
1463 2058 1618 2116 sunt,
1667 2048 1768 2103 Dei

171 2152 476 2220 Scriptura:
503 2148 699 2203 divinae
746 2154 873 2204 sunt
903 2165 917 2201 :
958 2146 1026 2202 de
1054 2144 1331 2201 codicibus
1361 2152 1537 2198 tamen
1567 2148 1767 2196 sancta:

168 2241 307 2313 legis
352 2242 533 2296 dicere
566 2255 668 2294 nos
698 2240 850 2294 ratio
893 2239 1176 2309 permittit,
1222 2236 1387 2290 nostri
1421 2234 1623 2289 codices
1647 2272 1661 2299 ,
1702 2233 1770 2288 de

173 2334 474 2403 Scripturis
502 2347 628 2387 vero
657 2331 852 2387 divinis
896 2346 1005 2386 non
1044 2329 1206 2383 aliter
1251 2328 1359 2382 nisi
1383 2328 1594 2383 divinas
1622 2325 1770 2381 Scri-

170 2433 367 2499 pturas
388 2431 535 2479 recte
555 2431 610 2476 et
637 2421 1013 2477 convenienter
1049 2419 1347 2475 secundum
1386 2418 1652 2473 rationem
1683 2417 1768 2472 di-

174 2504 602 2570 cere'valemus.
660 2509 811 2575 Esto,
855 2509 959 2564 hoc
977 2509 1181 2563 dictum
1201 2508 1596 2563 rationabiliter
1618 2514 1769 2561 stare

171 2614 414 2680 poterat,
446 2613 777 2660 cumtamen
812 2617 921 2658 non
966 2603 1154 2672 possit,
1196 2617 1304 2672 quo
1324 2617 1425 2657 nec
1451 2602 1516 2656 de
1554 2602 1770 2672 jactan-

172 2698 270 2753 tia:
288 2697 439 2752 fonte
466 2696 759 2751 scaturisse
790 2700 1127 2759 nosceretur,
1158 2708 1258 2748 nec
1278 2694 1344 2749 de
1367 2694 1649 2761 imperitiae
1674 2695 1771 2749 ha-

175 2791 373 2845 rathro
388 2804 638 2844 manasse
662 2789 995 2853 crederetur,
1032 2786 1085 2841 in
1112 2801 1178 2841 eo
1202 2786 1432 2855 denique
1453 2784 1772 2855 reprehendi

172 2884 363 2940 modis
381 2882 635 2938 omnibus
655 2888 926 2951 poterant,
950 2880 1093 2950 quod
1117 2894 1242 2934 cum
1263 2879 1336 2934 sit
1354 2877 1543 2934 inutile
1567 2877 1773 2932 inutili-

174 2983 269 3030 ter
302 2974 368 3029 ad
396 2990 514 3030 rem
562 2974 827 3040 inutilem,
879 2974 946 3029 ad
968 2974 1260 3045 imaginum
1299 2973 1547 3029 videlicet
1579 2972 1773 3029 adora-

171 3065 389 3121 tionem
448 3065 812 3131 astruendam,
870 3064 1144 3133 prolatum
1195 3062 1363 3119 fuisse
1406 3064 1771 3118 monstratur?

1864 1868 2101 1924 minibus
2172 1868 2344 1923 videri
2410 1868 2661 1939 possint,
2726 1883 2954 1938 corpora
3002 1884 3070 1924 ex
3122 1870 3454 1931 lucidissime

1864 1961 2086 2024 a3there,
2138 1975 2241 2016 nec
2260 1975 2328 2014 ex
2351 1960 2619 2030 pictorum
2645 1960 2876 2031 opificiis
2913 1977 3186 2019 assumere
3225 1967 3453 2022 credun-

1864 2056 1984 2103 tur:
2017 2050 2160 2106 unde
2180 2066 2289 2105 non
2337 2058 2420 2105 est
2454 2052 2783 2106 credendum
2806 2066 2867 2106 ut
2902 2068 2934 2106 a
2958 2052 3164 2110 Joanne
3188 2057 3305 2111 viro
3341 2058 3455 2115 elo-

1865 2141 2222 2211 quentissimo
2244 2141 2351 2196 tale
2376 2139 2577 2196 dictum
2609 2142 2679 2197 sit
2698 2142 2987 2213 prolatum,
3025 2145 3171 2215 quod
3194 2162 3296 2202 nec
3338 2163 3458 2203 ver-

1864 2235 1949 2289 bis
1973 2236 2044 2290 sit
2072 2234 2385 2304 expolitum,
2422 2250 2522 2290 nec
2542 2249 2704 2291 sensu
2730 2235 2984 2303 lucidum,
3002 2253 3102 2293 nec
3123 2239 3228 2294 ulla
3250 2241 3459 2297 ratione

1867 2327 2175 2382 subnixum.
2249 2327 2347 2381 Est
2371 2328 2517 2382 enim
2546 2328 2601 2383 in
2638 2344 2703 2383 eo
2728 2329 2919 2384 vitium
2951 2332 3094 2401 quod
3118 2332 3459 2404 grammatici

1868 2405 2254 2489 amphibolian,
2278 2420 2332 2474 id
2358 2426 2443 2474 est
2492 2421 2896 2492 ambiguitatem
2950 2424 3200 2482 dictionis
3250 2441 3461 2485 nuncu-

1867 2520 2017 2581 pant,
2039 2512 2166 2579 quia
2193 2511 2321 2564 dum
2347 2510 2565 2578 dicitur,
2608 2510 2723 2565 Vidi
2746 2512 2988 2583 angelum
3008 2515 3065 2568 in
3092 2516 3320 2589 imagine
3341 2536 3461 2590 per-

1868 2614 2163 2677 sequentem
2188 2605 2532 2659 barbarorum
2556 2607 2742 2672 aciem,
2758 2622 2866 2662 non
2887 2608 3163 2665 evidenter
3185 2611 3462 2680 clucescit,

1869 2708 2052 2753 utrum
2080 2698 2330 2768 angelum
2358 2699 2414 2751 in
2445 2698 2681 2767 imagine
2710 2698 2905 2754 viderit
2969 2701 3063 2771 qui
3104 2702 3232 2759 alibi
3274 2720 3454 2775 perge.

1871 2800 2128 2860 queretur
2172 2790 2528 2845 barbarorum
2576 2789 3005 2857 multitudinem,
3078 2808 3149 2849 an
3211 2797 3465 2867 angelum

1871 2880 1999 2936 alibi
2030 2880 2205 2936 visum
2231 2879 2399 2935 fuisse
2422 2879 2556 2934 etin
2588 2880 2823 2949 imagine
2862 2881 3218 2953 barbarorum
3276 2901 3455 2953 perse.

1872 2971 1964 3039 qui
1991 2971 2385 3027 multitudinem
2411 2989 2423 3025 :
2450 2971 2593 3041 quod
2616 2970 2834 3040 quidem
2862 2972 3064 3026 dictum
3089 2982 3145 3028 et
3166 2975 3212 3029 si
3254 2975 3358 3031 hoc
3382 2978 3451 3032 .vi-

1874 3060 1950 3116 tio
1978 3070 2204 3129 careret,
2259 3063 2379 3117 aliis
2420 3077 2635 3132 quoque
2654 3061 2868 3116 indiciis
2898 3063 3037 3117 tanti
3074 3064 3176 3118 viri
3195 3080 3304 3120 non
3341 3081 3465 3125 esse

172 3168 200 3197 ει
231 3155 354 3211 Nec
383 3155 646 3226 refragari
691 3156 742 3211 ei
767 3127 945 3225 potest
968 3156 1203 3224 quodam
1236 3153 1397 3209 modo
1427 3154 1767 3223 simplicitas,
1798 3127 1844 3191 (ἶ
1876 3161 2176 3225 appareret,
2192 3127 2292 3224 qui
2317 3127 2697 3223 dum—ejusdem
2726 3168 2835 3210 non
2861 3151 3023 3208 fuerit
3043 3157 3237 3222 aetatis,
3267 3156 3466 3213 ridicu-
3544 3195 3552 3204 -

170 3263 295 3317 quae
323 3250 640 3317 plerumque
664 3246 828 3303 rectis
849 3246 1151 3316 quibusque
1176 3246 1441 3300 inhaerere
1464 3245 1620 3311 solet,
1646 3260 1772 3300 cum

173 3338 230 3393 id
260 3354 375 3394 non
406 3353 561 3408 pura,
594 3352 705 3393 non
730 3345 898 3400 recta,
940 3337 1035 3393 sed
1071 3350 1325 3406 perversa
1346 3336 1626 3391 voluntate
1654 3352 1775 3408 pro-

173 3429 350 3485 latum
376 3444 498 3485 esse
524 3437 753 3484 constet.
840 3427 900 3482 Si
951 3427 1097 3482 enim
1138 3442 1206 3483 ex
1248 3426 1555 3482 rusticitate
1586 3435 1775 3482 sancta

173 3540 301 3595 qua:
317 3525 423 3579 sibi
441 3524 615 3579 solum
633 3522 908 3579 interdum
936 3522 1169 3592 prolicit,
1186 3521 1508 3592 simpliciter
1532 3529 1590 3577 et
1616 3522 1775 3576 inno-

171 3633 305 3682 cue,
336 3625 394 3671 et
424 3632 534 3670 non
560 3616 630 3669 ad
656 3615 861 3685 aliquid
895 3615 1142 3670 illicitum
1178 3613 1525 3670 asserendnm
1550 3628 1774 3683 proces-

169 3710 325 3765 sisse
350 3705 779 3776 dignosceretur,
810 3720 841 3757 a
858 3704 967 3759 Deo
990 3704 1085 3773 qui
1106 3712 1376 3759 scrutator
1397 3704 1578 3760 cordis
1595 3712 1652 3761 et
1677 3719 1770 3758 re-

170 3813 317 3854 num
338 3803 445 3862 est,
474 3794 567 3865 qui
577 3793 897 3865 plerumque
913 3793 1420 3863 voluntates-potius
1431 3809 1594 3863 quam
1622 3801 1776 3849 actus

169 3890 516 3953 considerat,
556 3887 606 3943 ei
632 3884 991 3956 proculdubio
1016 3886 1401 3955 ignosceretur.
1451 3884 1602 3940 Sicut
1631 3885 1777 3940 enim

168 3982 329 4038 mala
365 3979 617 4035 voluntas
636 3977 742 4033 etsi
772 3993 882 4032 non
904 3976 1106 4045 aliquid
1134 3976 1261 4031 mali
1294 3990 1460 4046 opere
1480 3984 1772 4046 perpetret,

174 4084 368 4128 tamen
392 4085 495 4141 pro
515 4077 640 4124 actu
655 4068 976 4138 plerumque
995 4074 1228 4133 tenetur,
1256 4067 1332 4121 ita
1354 4067 1611 4121 nimirum
1636 4068 1777 4123 bona

174 4162 436 4217 voluntas
458 4175 560 4230 pro
586 4159 733 4213 bono
758 4171 925 4226 opere
953 4171 1166 4226 semper
1185 4158 1467 4227 accipitur.
1547 4157 1705 4224 Quod
1717 4166 1776 4214 ut

178 4253 453 4323 exemplis
490 4251 845 4316 illustremus,
884 4259 940 4304 et
962 4249 1180 4304 Balaam
1222 4250 1360 4305 mala
1396 4249 1644 4306 voluntas
1667 4265 1774 4320 qua

114 4380 120 4389 .
177 4343 445 4414 populum
470 4342 561 4396 Dei
583 4340 911 4396 maledicere
935 4341 1217 4412 cupiebat,
1254 4355 1562 4410 quanquam
1609 4342 1677 4397 ad
1718 4342 1775 4396 id

179 4438 331 4508 quod
370 4436 764 4491 desideraverat
790 4450 900 4491 non
920 4434 1244 4504 pervenerit,
1296 4449 1327 4488 a
1356 4434 1513 4505 culpa
1533 4449 1642 4490 non
1671 4434 1775 4489 fuit

178 4525 504 4590 mdemnis;
562 4535 616 4580 et
653 4527 823 4583 David
873 4528 1017 4582 bona
1067 4526 1317 4582 voluntas
1358 4540 1486 4596 qua-
1510 4526 1774 4595 templum

179 4616 426 4677 Domino
459 4614 728 4672 mdificare
767 4618 1055 4686 cupiebat,
1105 4632 1415 4687 quanquam
1448 4630 1613 4686 opere
1665 4634 1773 4673 non

180 4710 352 4767 fuerit
420 4705 633 4778 expleta
655 4746 670 4773 ,
726 4706 922 4763 divinis
962 4715 1145 4761 tamen
1186 4715 1273 4763 est
1299 4705 1601 4763 collaudata
1652 4722 1776 4763 ora-

182 4801 338 4862 aulis.

794 4869 1024 4927 CAPUT
1061 4869 1181 4926 XX.

192 4965 265 5019 De
308 4983 368 5019 eo
390 4965 531 5036 quod
551 4961 801 5036 Joannes
817 4960 1085 5036 presbyter
1110 4959 1402 5036 Theodosio
1438 4961 1772 5036 abbateumo-

262 5030 477 5089 nastérii
503 5031 907 5089 sanctiAndrew
930 5031 1177 5101 recitante
1196 5030 1347 5085 verba
1368 5031 1589 5085 Joannis
1608 5032 1775 5101 Chry—

264 5106 499 5170 sostomi,
515 5114 562 5158 et
584 5103 788 5157 dicente
813 5117 830 5154 :
854 5100 976 5155 Vidi
991 5100 1238 5170 angelum
1268 5101 1322 5154 in
1348 5101 1582 5170 imagine
1595 5116 1774 5169 perse-

228 5188 235 5193 ‘
266 5175 882 5243 quentembarbarorum
902 5170 1317 5243 multitudinem,
1350 5172 1482 5225 dixit
1500 5189 1511 5224 :
1527 5172 1678 5243 “Quis
1695 5179 1778 5227 est

222 5264 229 5271 -
267 5240 376 5299 isne
407 5244 639 5314 angelus,
694 5243 798 5298 nisi
831 5244 898 5298 de
934 5256 1042 5314 quo
1065 5242 1326 5312 scriptum
1358 5251 1470 5298 est:
1511 5240 1775 5314 Quoniam

224 5356 227 5361 .
268 5312 499 5384 angelus
522 5314 731 5370 Domini
751 5312 1020 5384 percussit
1044 5321 1259 5384 centum
1289 5313 1598 5384 octuaginta
1623 5313 1779 5384 quin-

268 5382 380 5454 que
405 5383 572 5457 millia
597 5382 944 5457 Assyriorum
973 5382 1029 5436 in
1042 5383 1158 5457 Luna
1181 5392 1339 5438 nocte
1362 5383 1418 5436 in
1435 5383 1665 5438 circuitu
1688 5383 1779 5439 Je-

268 5455 503 5511 rusalem
525 5455 958 5511 exercitantium.

265 5544 477 5601 Dixisse
497 5545 761 5603 Joannem
785 5544 1233 5615 Chrysostomum
1268 5542 1602 5599 Theodosius
1617 5543 1784 5601 abbas

1874 3245 2201 3301 losissimum
2237 3260 2303 3299 ac
2338 3245 2517 3313 potius
2548 3244 2899 3301 falsissimum
2937 3254 3080 3302 esset
3113 3263 3237 3302 eum
3263 3249 3465 3318 dicere,

1889 3335 2006 3390 Vidi
2033 3335 2274 3405 angelum
2300 3335 2549 3390 barbaros
2590 3344 2995 3407 persequentem,
3034 3336 3146 3405 qui,
3190 3338 3245 3392 ni
3280 3337 3463 3407 fallor,

1873 3424 2075 3480 vidisse
2095 3440 2153 3480 se
2176 3425 2231 3479 in
2256 3425 2467 3494 pictura
2485 3428 2729 3483 eamdem
2751 3426 3037 3483 historiam
3063 3429 3130 3483 ab
3143 3428 3349 3485 artiﬁce
3370 3430 3467 3487 de-

1874 3519 2095 3589 pictam,
2126 3535 2231 3590 qua
2255 3519 2477 3590 angelus
2500 3522 2859 3579 barbarorum
2880 3523 3090 3594 pridem
3112 3540 3314 3582 cuneos
3335 3542 3464 3597 pro—

1876 3619 2157 3677 straverat,
2185 3620 2504 3682 prosecutus
2523 3614 2613 3669 sit.
2639 3614 2791 3670 Multi
2817 3617 3016 3672 etenim
3043 3616 3231 3674 diserti
3264 3625 3320 3674 et
3351 3618 3466 3676 elo-

1876 3703 2215 3774 quentissimi
2232 3704 2335 3759 viri
2357 3705 2413 3759 in
2439 3721 2660 3762 suarum
2682 3707 3107 3780 disputationum
3132 3712 3457 3770 vastissimis

1877 3795 2102 3864 campis,
2125 3803 2285 3865 prout
2311 3796 2445 3851 ordo
2466 3803 2521 3851 et
2541 3797 2681 3851 ratio
2693 3798 2881 3866 dictat,
2913 3800 3054 3855 sicut
3075 3809 3464 3859 etcaeterarum

1876 3904 2079 3955 rerum,
2116 3890 2449 3960 picturarum
2482 3891 2646 3944 etiam
2686 3899 2741 3944 et
2768 3891 3061 3961 imaginum
3086 3893 3292 3949 faciunt
3312 3911 3465 3950 men-

1876 3982 2101 4040 tionem.
2178 3982 2330 4048 Quod
2375 3982 2504 4037 dum
2558 3982 2633 4036 illi
2671 3982 2761 4051 qui
2801 3982 3014 4036 illarum
3065 3984 3464 4041 adorandarum

1877 4083 2013 4130 testu
2025 4082 2254 4130 uruntur
2267 4073 2505 4144 legentes
2524 4071 2843 4140 repereriut,
2874 4078 3046 4126 totum
3056 4080 3365 4140 pervertere
3393 4075 3463 4130 ad

1877 4180 2066 4221 earum
2105 4173 2369 4221 conantur
2397 4162 2786 4227 adorationem,
2818 4169 2879 4217 ut
2907 4160 3157 4216 videlicet
3182 4162 3308 4218 inde
3331 4178 3463 4219 con-

1878 4250 2108 4322 tra'nos,
2140 4257 2232 4326 qui
2249 4254 2479 4310 Domino
2506 4262 2776 4308 annuente
2796 4252 2910 4308 veri
2935 4268 3123 4309 sumus
3147 4254 3462 4312 adoratores

1877 4349 1935 4403 in
1960 4349 2151 4419 spiritu
2174 4354 2229 4402 et
2256 4346 2486 4402 veritate
2524 4334 2741 4400 Patrem
2777 4345 3086 4412 adorantes,
3139 4361 3293 4401 suam
3318 4345 3463 4404 iner-

1879 4454 2022 4496 mem
2068 4448 2336 4495 armatam
2369 4438 2584 4495 eﬂicere
2605 4436 2857 4493 affectent
2902 4436 3280 4506 assertionem,
3321 4440 3465 4509 quod

1801 4507 1858 4570 D
1880 4533 1948 4587 ab
1985 4531 2440 4602 eloquentissimis
2458 4531 2589 4587 viris
2623 4529 2917 4601 quamdam
2948 4528 3241 4601 imaginum
3268 4507 3467 4587 factam

1879 4624 2045 4681 fuisse
2067 4626 2339 4695 reperiant
2358 4626 2708 4691 mentionem,
2756 4624 2911 4694 quasi
2949 4623 3017 4680 de
3041 4624 3293 4681 omnibus
3335 4641 3469 4696 quo-

1879 4735 2001 4775 rum
2024 4718 2228 4773 mentio
2253 4719 2309 4772 in
2329 4718 2650 4774 tractatibus
2660 4717 2740 4782 lit,
2767 4718 3026 4774 continuo
3045 4725 3317 4788 praecepta
3339 4718 3472 4771 den-

1878 4818 1989 4865 tur.
2052 4806 2287 4862 Joannes
2339 4806 2508 4877 igitur
2548 4806 2859 4878 presbyter,
2920 4808 3008 4864 cui
3058 4811 3185 4866 dum
3212 4808 3470 4878 praefatus

1881 4897 2217 4955 Theodosius
2242 4898 2410 4953 abbas
2420 4895 3345 4968 JoannemConstantinopolitanum
3363 4899 3471 4966 epi-

1880 5006 2105 5060 scopum
2132 4989 2333 5045 dixisse
2355 4991 2695 5055 mentiretur,
2738 4988 2861 5043 Vidi
2888 4987 3130 5057 angelum
3164 4986 3221 5037 in
3241 4986 3470 5057 imagine

1880 5094 2267 5155 persequentem
2290 5083 2632 5139 barbarorum
2649 5083 3058 5147 multitudinem,
3074 5080 3323 5150 protinus
3335 5085 3437 5142 sub
3453 5114 3467 5125 -

1877 5158 2126 5244 juuxisse
2152 5174 2324 5229 fertur
2343 5183 2399 5229 et
2425 5174 2626 5231 dixisse
2655 5192 2668 5226 :
2703 5171 2834 5236 Quis
2868 5180 2942 5226 est
2967 5171 3066 5225 iste
3094 5172 3333 5242 angelus,
3368 5177 3469 5231 nisi

1885 5265 1949 5321 de
1966 5282 2068 5336 quo
2105 5267 2359 5337 scriptum
2383 5268 2497 5322 est?
2554 5263 2815 5331 Quoniam
2849 5260 3067 5331 angelus
3102 5264 3320 5318 Domini
3345 5283 3466 5334 per-

1884 5358 2045 5410 cussit
2063 5367 2268 5412 centum
2290 5358 2591 5426 octuaginta
2620 5351 2849 5420 quinque
2870 5349 3039 5403 millia
3061 5352 3401 5419 Assyriorum
3414 5356 3469 5408 in

1890 5466 1997 5503 una
2020 5459 2168 5505 nocte
2196 5453 2253 5505 in
2283 5448 2503 5504 circuitu
2536 5436 2834 5494 Jerusalem
2861 5442 3281 5494 exercitantium.
3345 5442 3465 5499 Jam

1892 5546 1947 5599 in
1970 5546 2215 5615 pluribus
2264 5539 2407 5596 illius
2429 5547 2579 5586 vana:
2621 5525 2872 5582 lectionis
2928 5528 3061 5582 locis
3097 5544 3217 5597 quae
3246 5544 3316 5584 ex
3365 5532 3469 5590 hoc

263 5692 290 5719 ει
326 5679 442 5753 Nec
474 5683 738 5753 refragari
760 5684 809 5736 ei
836 5691 998 5751 potest
1020 5682 1249 5753 quodam
1273 5681 1427 5735 modo
1454 5656 1762 5753 simplicitas

1870 5685 2153 5739 mendator
2182 5669 2439 5745 repOSllit:
2463 5660 2765 5731 εαΙΤταθανὶ.
2818 5661 2888 5718 At
2937 5660 3102 5733 verbo
3126 5661 3386 5748 refragari
3410 5682 3466 5721 ιιι

197 5750 299 5808 hoc
325 5750 643 5823 signiﬁcatu
668 5750 1177 5824 etiamsupra'usus
1206 5762 1289 5811 est
1315 5753 1408 5808 lib.
1440 5768 1499 5807 ιι.
