4008 6154
220 241 369 327 tisi

990 258 1167 317 una!
1201 206 1544 323 unum
1574 236 1657 301 ῖ-
1948 256 2041 317 nn
2070 257 2260 319 mae.
2299 289 2373 302 —
2401 260 2532 321 LIB.
2570 261 2658 320 ΠΙ.

3318 268 3461 341 1158

218 391 337 437 sam
358 373 729 442 intentionem,
746 383 856 445 qua
893 373 1240 431 benedictum
1280 375 1535 446 populum
1558 374 1777 431 maledi-
1804 375 1858 439 Α
1882 371 2213 430 credulitatis
2248 374 2536 432 sanitatem
2571 391 2735 446 quam
2777 394 2878 436 nec
2901 382 3335 455 patriarcharum
3358 403 3459 450 nec

218 483 348 533 cere
395 468 681 532 nitebatur,
734 466 1083 537 compescuit,
1119 466 1497 536 angelicosque
1529 468 1789 526 terriﬁcos

215 557 363 617 ictus
389 557 698 613 irrationale
728 557 931 612 animal
950 557 1195 612 rationali
1226 558 1431 613 homini
1472 560 1647 625 vitare
1664 578 1790 623 cong-

215 648 401 715 cessit,
432 648 553 705 ideo
601 648 861 709 animalia
896 657 1017 704 sunt
1065 649 1302 718 peeualia
1352 651 1658 707 adoranda?
1699 661 1790 711 aut

213 712 346 807 quia
387 712 658 794 atrocium
693 739 928 799 ferarum
956 712 1200 793 vulniﬁca
1246 738 1527 801 ferocitate
1566 744 1789 813 puerilis

212 832 375 889 turba
397 832 577 888 virum
604 832 702 890 Dei
750 832 899 889 vanis
929 831 1359 895 insultationibus
1396 834 1667 893 lacescens
1704 845 1790 894 est

208 927 510 992 prostrata,
551 921 673 978 ideo
706 931 787 983 est
817 936 1061 977 ursorum
1082 922 1261 978 rabies
1300 924 1603 980 adoranda?
1666 924 1790 985 Ple—

216 1027 453 1081 rumque
475 1012 670 1067 etenim
693 1011 891 1067 casuali
912 1019 1108 1068 eventu
1129 1027 1217 1068 res
1239 1013 1631 1083 quodammodo
1651 1016 1790 1074 acci-

209 1099 410 1162 dentes
459 1103 736 1157 noxiarum
782 1117 965 1157 rerum.
1011 1104 1464 1172 perpetrationem
1488 1106 1789 1176 quibusque

205 1200 527 1260 perpetrare
547 1193 881 1263 cupientibus
905 1192 1169 1259 inhibent,
1197 1195 1289 1251 sed
1313 1210 1418 1249 non
1433 1195 1552 1253 ideo
1571 1197 1787 1253 easdem

206 1296 297 1337 res
323 1296 422 1351 per
445 1298 578 1352 quas
616 1283 728 1338 haec
759 1282 915 1348 ﬁunt,
964 1283 1190 1341 adorare
1214 1286 1351 1340 ratio
1387 1287 1669 1355 permittit.
1729 1286 1789 1346 Si

208 1385 337 1443 ergo
356 1373 462 1428 hoc
488 1373 635 1445 quod
670 1373 737 1429 de
761 1372 1050 1431 Polemone
1073 1382 1127 1431 et
1171 1374 1404 1445 imagine
1439 1375 1556 1446 ejus
1581 1378 1786 1444 dicunt,

206 1461 361 1532 cujus
406 1464 736 1521 adminiculo
770 1480 929 1521 suum
951 1481 1190 1529 errorem
1221 1466 1419 1523 fulcire
1453 1469 1694 1538 cupiunt,
1732 1470 1791 1533 in

206 1564 438 1612 veritate
485 1565 698 1626 gestum
746 1565 849 1623 est,
902 1558 1021 1614 ideo
1042 1558 1307 1630 imagines
1344 1560 1630 1619 adoranda:
1682 1570 1788 1619 n'on

203 1654 358 1712 sunt,
398 1646 530 1713 quia
585 1646 881 1703 secundum
910 1647 1157 1715 exempla
1204 1662 1326 1716 quae
1368 1650 1605 1706 breviter
1651 1668 1790 1723 ρηε.

1886 462 2265 531 prophetarum
2286 465 2338 520 ei
2360 467 2672 535 praedicatio
2694 469 2938 539 quiverat
2954 474 3251 543 impertire,
3277 478 3461 538 Domi-

1887 551 2025 610 uicae
2067 556 2233 611 vestis
2266 556 2541 613 ﬁmbriam
2566 563 2850 629 tangendo,
2887 563 3279 627 incarnationis
3314 571 3450 629 vide-

1886 642 2012 697 licet
2038 644 2154 713 ejus
2181 650 2497 717 mysterium
2523 653 2814 721 credendo,
2839 659 3077 724 percepit
3103 699 3118 723 ,
3158 669 3213 715 et
3240 677 3364 716 cum
3390 663 3457 721 ad

1887 734 2054 811 ipsius
2069 736 2278 791 Domini
2295 741 2727 807 praedicationem
2744 747 2832 801 vix
2849 748 3056 806 modica
3075 752 3457 835 discipulorum

1888 825 2046 880 turba
2080 827 2400 893 crediderit,
2440 833 2506 887 ad
2543 836 2987 903 prtcdicationem,
3016 848 3196 909 tamen
3225 825 3456 916 aposto—

1886 913 2061 970 lorum
2096 922 2245 979 tanta
2278 919 2564 975 multitudo
2610 922 2890 982 celerrimo
2929 929 3050 985 ﬁdei
3089 913 3291 990 ardore
3326 952 3451 995 suc-

1887 1022 2048 1063 censa
2077 1016 2179 1073 est,
2204 1016 2264 1061 ut
2290 1026 2395 1064 una
2416 1009 2503 1064 die
2533 1014 2769 1083 quinque
2804 1019 2987 1085 'millia
3011 1022 3284 1089 hominum
3305 1070 3319 1092 ,
3352 1030 3450 1097 alia

1888 1096 1991 1150 tria
2017 1096 2308 1153 credidisse
2326 1100 2709 1166 perhibeantur
2737 1122 2749 1157 :
2782 1107 2925 1175 quod
2974 1117 3029 1163 et
3084 1112 3200 1182 ipsa
3246 1115 3452 1175 Veritas

1888 1185 2159 1256 discipulis
2179 1188 2430 1258 promisit
2460 1189 2647 1246 dicens
2672 1209 2684 1245 :
2729 1193 2830 1260 Qui
2858 1197 3022 1253 credit
3051 1186 3123 1255 in
3148 1219 3256 1270 me,
3300 1223 3455 1276 opera

1886 1294 2002 1350 qua:
2022 1295 2114 1350 ego
2141 1279 2281 1349 facio
2310 1290 2359 1333 et
2386 1282 2493 1352 ipse
2518 1283 2694 1352 faciet,
2728 1294 2776 1340 et
2823 1289 3030 1360 majora
3068 1294 3256 1351 horum
3300 1301 3454 1370 faciet

1889 1367 2069 1440 (Joan.
2101 1369 2233 1441 xiv).
2271 1369 2426 1438 Quod
2458 1374 2677 1443 quidem
2711 1382 2766 1432 et
2795 1377 2851 1431 in
2897 1380 3159 1438 miraculo
3183 1367 3326 1463 quod
3360 1405 3453 1461 per

1887 1456 2105 1514 Petrum
2130 1475 2161 1513 a
2186 1459 2411 1517 Domino
2439 1472 2647 1534 gestum
2679 1475 2779 1532 est,
2807 1469 3026 1539 quidam
3056 1456 3278 1551 intelligi
3300 1456 3455 1550 posse

1886 1560 2105 1621 putant,
2135 1556 2388 1624 quoniam
2433 1557 2558 1612 dum
2589 1559 2847 1619 Dominus
2888 1563 3116 1636 imperio
3150 1575 3305 1630 verbi
3343 1578 3455 1635 sive

1890 1647 2035 1694 tactu
2060 1640 2302 1697 inﬁrmos
2334 1646 2625 1711 sanaverit,
2652 1646 2847 1705 Petrus
2867 1655 3075 1711 umbra:
3101 1674 3211 1715 suae
3246 1670 3453 1733 tantum

203 1731 482 1799 misimus,
523 1748 631 1788 non
652 1748 840 1789 omnes
864 1749 954 1789 res
978 1736 1172 1804 quibus
1198 1739 1443 1805 quaedam
1469 1742 1617 1796 utilia
1643 1759 1779 1801 mor-

1889 1740 2096 1788 attactu
2151 1734 2393 1791 inﬁrmos
2463 1737 2660 1808 legitur
2726 1755 2961 1798 sanasse.
3023 1745 3281 1817 Dominus
3326 1772 3453 1832 ergo

207 1823 416 1883 talibus
468 1823 775 1881 inferuntur
816 1825 1099 1883 adorandae
1119 1838 1284 1896 sunt;
1337 1832 1384 1885 si
1417 1847 1544 1890 vero
1592 1835 1649 1893 in
1697 1852 1789 1895 ve-

203 1914 377 1975 ritate
403 1924 617 1986 gestum
641 1932 747 1973 non
783 1924 885 1984 est,
941 1928 1002 1972 ut
1029 1927 1083 1979 et
1102 1937 1201 1981 nos
1219 1923 1561 1991 arbitramur,
1589 1943 1689 1987 nec
1710 1928 1786 1985 illi

203 2004 374 2076 plene
418 2006 725 2065 rationabili
773 2011 1090 2067 auctoritate
1137 2013 1437 2083 proferunt,
1496 2020 1589 2089 qui
1627 2021 1788 2077 nullis

201 2086 317 2154 hoc
359 2096 417 2157 in
443 2097 668 2153 veritate
704 2108 915 2170 gestum
967 2103 1293 2161 authenticis
1324 2086 1621 2177 approbant
1646 2111 1788 2168 indi-

203 2184 331 2251 ciis,
362 2201 465 2247 nec
486 2185 607 2242 ideo
638 2189 934 2245 vanissima
960 2207 1121 2249 sensu
1144 2199 1442 2254 carentium
1485 2217 1667 2258 rerum
1706 2214 1788 2262 est

202 2271 455 2337 adoratio
486 2276 823 2344 stabilienda,
869 2281 997 2350 quia
1017 2286 1313 2342 mendaciis
1352 2305 1453 2347 nec
1480 2295 1788 2355 mendacio-

206 2378 341 2429 rum
362 2366 622 2436 exemplis
661 2383 751 2424 res
773 2385 893 2439 qua:
942 2374 1336 2437 rationabiliter
1381 2388 1436 2436 et
1476 2383 1535 2438 in
1557 2388 1786 2444 veritate

205 2451 335 2513 ﬁeri
362 2454 556 2520 debet,
589 2472 851 2526 nusquam
894 2461 1090 2533 legitur
1117 2481 1237 2522 esse
1278 2476 1498 2538 statuta,
1529 2478 1783 2545 quoniam

201 2544 356 2615 sicut
382 2547 582 2603 veritas
614 2564 890 2620 nunquam
915 2556 1207 2617 mendaciis
1248 2563 1497 2618 assentiri
1525 2544 1786 2639 dignosci-

201 2643 317 2703 tur,
343 2636 417 2695 ita
442 2638 699 2694 nimirum
743 2643 1027 2701 mendacia
1050 2647 1262 2702 veritati
1294 2665 1505 2723 semper
1525 2636 1783 2729 refragari

200 2728 506 2793 creduntur
536 2748 551 2784 :
581 2747 702 2802 quae
723 2734 830 2791 duo
856 2734 930 2790 ita
956 2736 1059 2791 sibi
1083 2753 1113 2794 e
1136 2739 1349 2796 diverso
1370 2746 1640 2802 venientia
1665 2728 1783 2807 eer-

199 2829 414 2887 nuntur
441 2823 656 2891 opponi,
688 2833 748 2877 ut
778 2825 880 2885 sibi
904 2834 1091 2883 mutuo
1135 2845 1347 2900 semper
1371 2836 1660 2892 credantur
1699 2856 1784 2897 reb

198 2909 333 2969 niti.
360 2909 513 2967 Sicut
538 2928 664 2983 ergo
692 2913 830 2983 ignis
852 2913 1092 2973 fomitem
1118 2935 1278 2977 nemo
1310 2932 1489 2991 potest
1520 2942 1779 2998 aquarum

195 2996 424 3055 ﬂuentis
453 3002 676 3066 nutrire,
704 3004 785 3059 vel
812 3020 841 3059 e
863 3009 1134 3064 contrario
1165 3026 1426 3080 aquarum
1453 3014 1647 3074 fluenta
1686 3035 1781 3077 ne-

195 3105 293 3147 mo
314 3097 492 3159 potest
526 3091 694 3162 igneis
724 3091 1003 3151 fomitibus
1030 3112 1226 3170 augere
1248 3142 1261 3164 ,
1312 3102 1387 3156 ita
1424 3106 1593 3161 etiam
1618 3126 1780 3166 nemo

195 3187 380 3251 potest
418 3183 721 3249 veritatem,
745 3196 804 3239 ut
828 3185 906 3240 illi
940 3186 1119 3245 facere
1146 3199 1433 3260 appetunt,
1482 3199 1779 3258 mendaciis

197 3273 573 3342 comprobare.
604 3274 855 3331 Decussis
870 3276 1035 3348 igitur
1053 3280 1292 3336 breviter
1310 3293 1365 3336 et
1391 3299 1455 3339 ex
1481 3295 1637 3355 parte
1655 3304 1781 3359 pro-

194 3362 343 3418 batis
368 3366 512 3433 quod
542 3375 750 3436 gestum
784 3367 1035 3438 imaginis
1063 3370 1390 3441 Polemonis,
1413 3375 1457 3430 si
1492 3386 1691 3446 tamen,
1721 3387 1780 3435 ut

192 3452 276 3509 illi
301 3453 433 3510 fassi
473 3464 620 3523 sunt,
652 3467 860 3529 gestum
888 3468 993 3527 est,
1024 3470 1175 3532 gesto
1214 3463 1508 3523 Dominicze
1551 3467 1779 3527 ﬁmbriat

196 3545 476 3612 coaequari
503 3561 602 3600 nec
622 3547 777 3603 debet
796 3564 897 3604 nec
919 3550 1079 3617 valet,
1102 3553 1234 3618 sive,
1259 3555 1402 3623 quod
1420 3572 1642 3627 prorsus
1663 3575 1779 3614 am-

194 3632 429 3703 bigitur,
466 3642 649 3688 utrum
672 3644 879 3707 gestum
919 3639 1017 3703 sit,
1057 3642 1199 3710 quod
1244 3641 1318 3696 illi
1369 3657 1577 3712 gestum
1611 3647 1777 3706 fuisse

195 3724 412 3790 dicunt,
443 3740 513 3778 an
540 3740 665 3791 non,
692 3726 806 3782 sive
827 3730 970 3798 quod
983 3730 1144 3785 etiam
1167 3732 1211 3787 si
1225 3741 1434 3802 gestum
1458 3736 1638 3806 fuerit,
1669 3756 1778 3796 non

195 3814 410 3871 idcirco
435 3816 733 3886 imaginum
760 3816 1004 3873 adoratio
1029 3821 1202 3875 astrui
1226 3823 1442 3890 valebit,
1469 3843 1569 3883 nec
1591 3846 1699 3885 non
1723 3839 1778 3887 et

196 3905 257 3961 id
283 3906 434 3975 quod
467 3907 765 3963 mendaciis
806 3911 1092 3979 approbari
1142 3926 1239 3966 seu
1274 3916 1530 3971 constitui
1581 3921 1777 3979 veritas

193 4009 460 4073 nequeat,
490 4016 637 4059 nunc
673 4017 849 4072 opera:
877 4003 1112 4072 pretium
1153 4013 1256 4073 est,
1295 4014 1353 4062 ut
1390 4010 1519 4079 quid
1566 4010 1776 4069 ﬁmbria

196 4091 496 4148 Dominica:
544 4093 729 4157 vestis,
773 4108 936 4163 quam
980 4095 1056 4149 illi
1090 4096 1306 4167 imagini
1341 4098 1645 4158 Polemonis
1686 4120 1776 4162 co-

196 4198 413 4253 :equare
424 4185 774 4251 contendunt,
794 4186 987 4258 typicis’
997 4187 1230 4243 innuerit
1241 4192 1558 4262 arcanisque
1569 4203 1773 4266 myste-

196 4273 312 4340 riis,
345 4275 583 4331 breviter
623 4290 1005 4347 exsequamur.
1055 4277 1292 4337 Fimbria
1328 4297 1559 4353 namque
1591 4285 1775 4342 Domi-

198 4364 336 4419 nicae
358 4366 526 4421 vestis
552 4366 685 4422 ﬁdes
704 4374 789 4422 est
807 4367 1214 4437 incarnationis,
1238 4370 1390 4441 cujus
1410 4381 1614 4429 attactu
1639 4391 1770 4447 gen-

1890 1820 1959 1875 ad
1998 1821 2164 1877 ﬁliam
2198 1825 2609 1899 archisynagogi
2643 1831 3007 1889 suscitandam
3044 1852 3294 1911 pergens,
3330 1820 3453 1907 ﬁm-

1886 1908 2022 1967 brite
2059 1920 2262 1969 attactu
2287 1914 2542 1971 feminam
2569 1934 2601 1972 a
2630 1920 2889 1989 proﬂuvio
2915 1908 3191 1999 sanguinis
3228 1908 3449 2009 liberat,

1888 1998 2012 2066 quia
2036 2000 2284 2057 videlicet
2314 2005 2439 2059 dum
2475 2020 2824 2080 synagogam,
2847 2027 2965 2083 quae
3002 1998 3187 2089 utique
3227 1998 3452 2094 patriar;

1887 2088 2110 2143 charum
2136 2099 2191 2145 et
2217 2093 2597 2163 prophetarum
2633 2098 2697 2155 de
2732 2102 2896 2172 stirpe
2929 2088 3447 2177 descendit,-somno

1886 2176 2279 2235 incredulitatis
2312 2184 2667 2255 cvigilandam
2694 2201 2943 2261 appetere
2967 2200 3152 2267 tendit,
3189 2207 3451 2274 gentilita-

1888 2275 1994 2321 tem
2018 2284 2048 2322 a
2072 2272 2374 2327 dmmonum
2400 2273 2818 2336 insolentissimo
2840 2283 2983 2339 cultu
3001 2303 3110 2342 sum
3132 2272 3253 2346 ﬁdei
3270 2297 3455 2368 cogni-

1885 2358 2032 2413 tione
2061 2363 2289 2429 sanavit,
2321 2372 2375 2419 et
2398 2365 2594 2421 bonum
2613 2372 2754 2439 quod
2774 2371 2861 2427 illa
2882 2376 3120 2444 perﬁdiae
3149 2384 3302 2454 culpa
3320 2358 3455 2445 irre-

1884 2448 1982 2502 tita
2020 2453 2297 2521 percipere
2326 2456 2580 2526 neglexit,
2603 2460 2705 2515 ista
2727 2462 2847 2519 ﬁdei
2875 2467 3153 2527 devotione
3177 2448 3454 2548 percipere

1883 2540 2100 2594 meruit.
2132 2540 2214 2597 Ad
2235 2559 2557 2618 synagogam
2581 2564 2708 2621 ergo
2737 2552 3067 2614 liberandam
3097 2576 3155 2618 se
3177 2540 3453 2627 Dom-inus

1883 2633 2094 2689 venisse
2119 2641 2366 2704 testatur,
2405 2655 2528 2695 cum
2549 2654 2603 2697 et
2623 2659 2721 2713 per
2747 2652 3089 2717 praesentiam
3121 2663 3455 2730 corporalem

1883 2720 2055 2777 dicit:
2087 2724 2210 2781 Non
2242 2744 2356 2783 sum
2391 2733 2579 2787 missus
2622 2737 2728 2790 nisi
2768 2740 2838 2792 ad
2875 2759 2989 2797 oves
3028 2748 3159 2814 qute'
3191 2754 3456 2818 perierant

1881 2812 2068 2871 domus
2093 2816 2265 2874 Israel
2288 2821 2501 2892 (Matth.
2562 2826 2685 2897 xv);
2734 2831 2848 2885 sive
2900 2812 3362 2911 cumvdiscipulos
3395 2812 3455 2905 in

1881 2908 1995 2963 vias
2020 2913 2257 2979 gentium
2281 2916 2451 2984 abire,
2488 2927 2542 2974 ct
2593 2920 2649 2975 in
2691 2923 2940 2981 civitates
2989 2926 3455 3009 Samaritanorum

1882 3004 2095 3061 cohibet
2121 3007 2373 3078 introire;
2398 3010 2456 3068 'et
2485 3017 2752 3085 quondam
2779 3018 3062 3091 allegorice
3084 3040 3181 3094 per
3211 3004 3455 3091 Salomo-

1807 3079 1852 3144 C
1884 3112 2006 3152 nem
2037 3099 2089 3153 in
2128 3099 2364 3158 Canticis
2407 3107 2741 3164 canticorum
2795 3112 2864 3166 ad
2909 3112 3217 3174 Israeliticae
3277 3125 3454 3195 gentis
3544 3180 3557 3189 ,

1880 3185 2094 3243 hortum
2134 3205 2193 3246 se
2234 3193 2614 3252 descensurum
2643 3200 2908 3268 promittit
2935 3203 3160 3262 dicens:
3197 3185 3454 3271 Deseeudi

1878 3275 2166 3331 adhortum
2194 3297 2382 3336 nucum
2398 3294 2454 3338 ut
2480 3287 2704 3342 viderem
2722 3307 2877 3360 poma
2889 3295 3136 3351 convallis
3152 3297 3326 3371 (Cant.
3344 3303 3446 3377 v1);

1878 3365 2002 3433 quia
2029 3367 2237 3423 scilicet
2264 3372 2391 3427 dum
2414 3374 2480 3429 ad
2506 3374 2717 3434 Iudaici
2759 3376 2947 3452 populi
2987 3365 3203 3443 hortum
3241 3390 3297 3446 in
3340 3365 3449 3465 quo

1877 3463 1995 3509 erat
2023 3456 2108 3511 lex
2135 3458 2187 3511 in
2212 3462 2411 3517 cortice
2436 3469 2678 3543 pandens
2702 3474 3022 3551 acerrimam
3054 3456 3445 3551 austeritatem,

1878 3547 1934 3602 in
1964 3550 2155 3606 nucleo
2184 3554 2461 3612 occultans
2493 3548 2964 3631 incomparabilem
2990 3571 3328 3639 suavitatem,
3352 3590 3452 3645 per

1878 3641 2057 3696 carnis
2098 3646 2493 3715 susceptionem
2526 3650 2836 3723 descendit,
2873 3660 3140 3729 gentilicae
3192 3665 3451 3723 convallis

1878 3730 2084 3800 abjecta
2104 3749 2266 3805 opera
2311 3738 2520 3807 invisit,
2552 3758 2779 3823 eamque
2833 3750 2935 3805 sibi
2974 3751 3097 3808 ﬁdei
3141 3755 3451 3828 integritate

1877 3825 2086 3880 ascivit.
2124 3826 2292 3885 Porro
2313 3834 2456 3902 quod
2484 3848 2672 3891 sanata
2714 3838 2767 3891 in
2795 3839 2989 3895 itinere
3015 3843 3213 3900 femina
3241 3825 3308 3903 ad
3357 3852 3451 3906 do.

1875 3930 2021 3970 mum
2044 3919 2447 3992 archisynagogi
2476 3940 2506 3978 a
2536 3927 2764 3982 Domino
2806 3931 3046 3997 venitur,
3074 3933 3296 4006 ejusque
3336 3940 3447 3996 ﬁlia

1875 4007 2067 4064 mortis
2100 4009 2327 4064 vinculis
2352 4012 2622 4068 destitutis
2640 4016 2950 4084 suscitatur,
2977 4035 3245 4094 synagoga
3273 4042 3443 4095 quan-

1875 4095 2049 4166 doque
2073 4113 2319 4154 somnum
2344 4114 2454 4156 suae
2477 4100 2779 4159 difﬁdentia:
2803 4105 3130 4176 discussura,
3157 4121 3212 4166 et
3233 4113 3449 4175 Christo

1872 4198 1972 4256 per
1997 4187 2156 4243 ﬁdem
2178 4198 2571 4259 resurrectura,
2599 4202 2653 4248 et
2676 4194 2725 4248 ei
2746 4198 3008 4265 perpetim
3058 4201 3268 4259 victura
3293 4222 3448 4263 mon-

1873 4282 2111 4345 stratur,
2164 4282 2593 4353 quandoquidem
2630 4302 2755 4342 mox
2809 4296 2863 4344 ut
2898 4290 3168 4363 plenitudo
3190 4300 3442 4370 gentium,

1873 4372 2168 4427 secundum
2196 4373 2534 4444 Apostolum,
2565 4378 2933 4438 subintraverit
2962 4383 3140 4459 (Rom.
3172 4391 3249 4464 χ),
3283 4395 3444 4452 cazci-

1200 4435 1204 4437 .
1299 4435 1317 4441 ,
1639 4435 1669 4447 ν
2243 4435 2259 4444 ,
2520 4435 2531 4444 ,
2708 4435 2712 4436 ν
3173 4435 3249 4464 ,Ἣ
3283 4435 3442 4452 mus

204 4453 747 4525 tilitasaegritudinem
759 4459 1303 4523 amisitidololatrica:
1316 4462 1594 4521 foeditatis.
1616 4465 1770 4524 Sicut
1795 4435 1847 4495 Β
1873 4468 2035 4517 talem
2065 4478 2184 4533 quae
2222 4466 2272 4520 εἰ
2296 4481 2362 4521 8X
2388 4476 2543 4537 P8118
2566 4470 2620 4526 in
2650 4488 2759 4528 non
2781 4476 3046 4534 credendo
3090 4479 3145 4535 in
3182 4486 3447 4542 mediato-

199 4545 344 4600 enim
373 4544 586 4601 ﬁmbria
614 4548 680 4602 ad
707 4550 1162 4621 comparationem
1188 4554 1431 4623 corporis
1469 4556 1582 4610 sive
1603 4558 1767 4614 totius

196 4634 497 4692 indumenti
525 4652 653 4707 pars
677 4640 895 4711 minima
938 4650 1041 4707 est,
1072 4642 1147 4695 ita
1174 4643 1426 4697 nimirum
1466 4644 1768 4705 incarnatio

195 4730 550 4801 redemptoris
580 4731 775 4789 divinae
829 4741 884 4789 et
934 4733 1193 4790 ineﬁ'abili
1222 4736 1554 4809 generationi
1602 4754 1707 4810 qua
1731 4754 1764 4795 a

1870 4568 1985 4609 rem
2026 4555 2123 4611 Dei
2153 4565 2207 4611 et
2235 4558 2513 4621 hominum
2543 4566 2788 4637 contigit,
2823 4583 2855 4622 a
2884 4583 2942 4625 se
2977 4570 3315 4633 discutiendo
3336 4618 3351 4641 ,
3391 4585 3447 4634 et

1868 4646 1922 4700 in
1949 4661 2072 4701 cum
2101 4650 2368 4705 credendo
2389 4653 2482 4723 qui
2509 4655 2609 4710 sibi
2631 4671 2731 4726 per
2753 4660 3091 4728 patriarchas
3120 4671 3175 4719 et
3203 4669 3440 4739 prophe-

1867 4743 1948 4790 tas
1980 4751 2259 4795 sacrorum
2279 4745 2622 4800 oraculorum
2648 4750 2903 4809 tonitruis
2924 4754 3055 4810 olim
3099 4761 3447 4815 annuntiatus

196 4817 350 4877 Patre
385 4813 513 4877 ante
543 4823 738 4878 secula
774 4824 987 4897 genitus
1032 4832 1134 4892 est,
1188 4835 1513 4897 comparata,
1541 4830 1762 4883 minima
1863 4835 1968 4892 est,
2008 4832 2233 4887 credens
2255 4872 2270 4899 ,
2312 4835 2392 4891 sic
2429 4838 2604 4894 omnis
2633 4839 2800 4899 Israel
2820 4846 2998 4901 salvus
3026 4847 3149 4900 erit.
3185 4847 3319 4901 Cum
3349 4849 3446 4916 igi-

202 4922 312 4966 esse
337 4913 551 4969 videtur
576 4931 590 4967 :
621 4915 687 4969 de
712 4930 817 4984 qua
839 4915 1181 4984 generatione
1211 4931 1307 4985 per
1327 4916 1521 4973 Isaiam
1544 4920 1759 4986 dicitur,

203 4994 583 5056 Generationem
608 5003 724 5074 ejus
744 5004 861 5074 quis
888 5004 1150 5060 enarrabit
1175 5003 1310 5068 (Isa.
1341 5006 1499 5077 Lm)?
1521 5008 1610 5062 ubi
1637 5010 1764 5063 sub-

203 5086 431 5155 auditur,
462 5105 663 5157 nmtus.
700 5093 1001 5150 Humanam
1028 5101 1207 5151 autem
1228 5095 1343 5166 ejus
1363 5100 1761 5167 generationem

201 5172 274 5231 ita
293 5181 611 5249 evangelista
631 5193 870 5249 enarrat,
886 5183 1043 5239 Liber
1051 5188 1397 5257 generationis
1418 5189 1547 5243 Jesu
1569 5189 1761 5244 Christi

202 5265 297 5336 ﬁlii
322 5268 486 5323 David
516 5272 730 5344 (Matth.
755 5275 817 5347 ι).
849 5274 1039 5331 Mulier
1077 5291 1205 5348 ergo
1244 5285 1365 5346 post
1389 5286 1599 5350 tergum
1643 5279 1762 5334 fim-

204 5357 366 5417 briam
402 5363 691 5423 Dominicae
734 5367 899 5423 vestis
934 5367 1203 5437 attingens
1259 5375 1566 5435 exoptatam
1612 5369 1761 5423 sani-

202 5456 375 5522 tatem,
397 5471 557 5526 quam
570 5459 902 5513 medicorum
929 5458 1191 5513 industria
1216 5456 1371 5526 longa
1400 5472 1498 5527 per
1519 5465 1760 5526 tempora

197 5554 495 5617 negaverat,
527 5552 755 5622 recepit,
789 5551 914 5620 quia
944 5558 1067 5619 post
1090 5549 1395 5619 passionem
1431 5559 1487 5603 et
1519 5562 1761 5605 resurre-

197 5635 550 5717 ttlonennsise
568 5642 629 5715 in
650 5642 849 5719 celum
871 5639 1467 5731 ascensionetn_l?gmini
1482 5638 1761 5749 gentilitas

1865 4925 1952 4973 tur
1976 4919 2061 4975 his
2082 4929 2136 4977 et
2152 4922 2237 4979 his
2264 4926 2530 4984 similibus
2571 4935 2847 5002 mysteriis
2891 4949 3010 5003 quae
3050 4933 3105 4986 in
3150 4934 3444 5003 Dominicae

1863 5010 2091 5070 ﬁmbriae
2156 5025 2307 5090 gesto
2372 5020 2699 5087 innuuntur,
2736 5022 3040 5078 Polemonis
3075 5023 3251 5093 imago
3292 5031 3441 5098 peni—

1862 5111 1948 5160 tus
1985 5119 2207 5175 eareat,
2248 5127 2356 5167 non
2401 5127 2467 5167 eo
2513 5112 2673 5167 modo
2722 5122 2782 5168 ut
2828 5114 3093 5171 Dominici
3142 5115 3439 5177 indumenti
3476 5178 3488 5203 δ

1863 5193 2073 5251 ﬁmbria
2122 5200 2365 5258 habenda
2425 5208 2507 5254 est
2529 5240 2544 5264 ,
2608 5216 2710 5256 nec
2773 5202 2931 5257 debet
2980 5205 3032 5258 ei
3076 5208 3345 5273 coazquari
3387 5209 3441 5261 in

1864 5283 2101 5352 honore,
2163 5304 2283 5359 quae
2343 5286 2542 5359 :equari
2601 5288 2795 5356 nequit
2835 5288 2891 5342 in
2929 5296 3015 5347 tot
3059 5294 3440 5361 mysteriorum

1862 5374 2092 5449 fulgore.

1896 5474 1897 5477 ‘
2435 5461 2665 5521 CAPUT
2704 5465 2865 5519 XXII.

1865 5567 2018 5642 ρειρά
2044 5567 2255 5642 judice;
2289 5559 2379 5633 τινί
2398 5552 2729 5642 irrisis!“
2757 5559 2972 5642 99339“?
3016 5552 3258 5642 ruerint.
3293 5561 3446 5620 inso-

1932 5627 2097 5697 (W5,
2130 5646 2181 5693 α
2218 5627 2503 5694 ίησόηςηιε
2538 5630 2704 5676 artem
2749 5627 3048 5697 ρὶεῑονξαήι
3081 5627 3327 5689 mouere
3362 5649 3455 5703 ερ,
