4008 6154
1725 232 1819 256 Α’ῗνίθι
1832 230 1870 251 ”“,
1884 236 1889 239 ‘

599 341 736 399 “59

1452 339 1512 393 B.
1554 335 1808 394 CAROLI
1845 338 2060 396 MAGNI
2098 338 2249 397 OPP.
2287 340 2467 398 PARS
2502 342 2565 398 ll.
2609 345 2850 403 SECTIO
2884 348 2946 402 II.

3690 341 3837 409 uiso

663 453 774 535 nati
810 456 929 505 sunt
951 491 980 535 ,Δ
1003 451 1245 535 dicentes;
1266 465 1298 535 :9
1455 448 1732 535 enimest‘
1751 449 2119 535 ars‘pictoris
2141 491 2154 517 ,
2182 454 2236 514 Α
2260 451 2593 520 professione
2630 464 2776 511 tanta
2816 464 2900 512 est
2930 456 3443 528 nequitiajudicum,
3487 469 3689 531 quanta
3712 480 3835 535 per-

2196 594 2203 603 ,
2261 545 2489 600 versitas
2512 548 2873 612 sacerdotum,
2907 549 3000 603 sed
3026 549 3081 602 in
3102 549 3219 604 istis
3236 549 3660 620 deprehenditur
3682 553 3838 625 igna-

2222 638 2364 716 .via,
2391 639 2447 693 in
2468 639 2575 694 illis
2601 640 2792 711 ingens
2816 642 3081 698 redundat
3102 642 3340 710 insania,
3367 644 3675 711 praesertim
3713 663 3840 703 cum

662 530 851 576 etnon
874 529 1019 576 recte
1042 535 1161 574 eam
1211 517 1427 588 quidam
1486 518 1802 587 insipienter
1838 519 2155 584 detrahunt,

662 592 776 660 ipse
790 592 975 716 depim
1032 591 1193 646 Pater
1245 588 1508 659 pictorem
1558 589 1646 658 pie
1703 596 1953 659 agentem
2008 604 2161 646 com-

662 676 786 715 men
825 677 855 715 a
884 700 900 715 .

660 817 719 872 Si
750 815 1006 887 pestilens
1026 815 1221 870 humor
1256 828 1438 870 arcem
1466 814 1729 885 corporis,
1775 812 1832 867 id
1859 820 1960 877 est,
1996 821 2161 883 caput

591 907 879 972 obsederit,
934 905 1091 961 facile
1117 905 1186 960 ad
1217 913 1414 960 caetera
1468 905 1709 960 membra
1747 900 2157 968 transfunditur,

589 1013 689 1053 nec
716 996 1023 1052 mirandum
1056 1002 1139 1050 est
1168 996 1215 1049 si
1239 996 1307 1049 ad
1331 996 1528 1063 pedum
1582 993 1690 1047 ima
1741 991 2042 1047 transfusus
2068 1007 2162 1048 eos

587 1090 937 1149 vehementer
958 1086 1133 1151 laedat,
1176 1085 1223 1139 si
1251 1100 1375 1139 eum
1402 1083 1515 1152 jam
1539 1091 1721 1153 caput,
1749 1083 1892 1154 quod
1913 1084 2161 1139 omnibus

587 1183 845 1239 membris
867 1181 1201 1253 praeminet,
1224 1179 1428 1235 laesisse
1459 1186 1689 1235 constet.
1734 1178 1966 1233 Vesania
1996 1178 2163 1249 igitur

588 1273 982 1328 adorandarum
1013 1270 1309 1340 imaginum
1333 1285 1451 1339 quae
1474 1269 1819 1325 Constantini
1849 1277 1905 1324 et
1932 1268 2164 1324 [helenae

587 1363 783 1417 matris
795 1361 934 1431 ejus,
980 1361 1093 1416 sive
1119 1361 1285 1415 etiam
1313 1360 1560 1415 Tharasii
1584 1360 2163 1430 Constantinopolitani

586 1451 821 1523 episcopi
845 1457 1271 1519 czeterorumque
1302 1449 1515 1504 illarum
1544 1450 1781 1518 partium
1821 1451 2164 1505 sacerdotum

587 1550 823 1599 mentem
855 1539 1092 1609 irrepsit,
1116 1554 1227 1593 non
1260 1545 1343 1593 est
1363 1538 1657 1608 plurimum
1680 1539 2161 1610 maguipendenda,

590 1634 638 1688 si
665 1633 731 1686 ad
749 1628 993 1697 iudicum
1020 1628 1134 1683 sive
1162 1626 1400 1697 plebium
1425 1643 1601 1698 usque
1630 1636 1837 1683 mentes
1867 1628 2164 1697 subripien-

588 1722 684 1777 das
710 1719 1006 1786 descendit,
1043 1719 1297 1788 quoniam
1340 1726 1401 1772 ut
1440 1718 1707 1788 superiori
1737 1717 1980 1788 exemplo
2009 1733 2164 1772 mon-

2260 730 2335 784 illi
2361 747 2420 786 se
2460 732 2723 803 imagines
2753 734 3092 802 adoraturos,
3145 739 3330 807 eisque
3370 737 3654 792 servitium
3693 745 3839 811 quod

2262 831 2464 877 sanctae
2491 822 2745 878 Trinitati
2777 825 3019 891 debetur,
3062 829 3396 883 exhibituros
3438 826 3839 899 proﬁteantur;
3876 853 3885 885 ι

2261 910 2353 965 isti
2370 911 2642 980 pictorum
2662 922 2834 968 artem
2857 915 3004 984 piam
3028 932 3169 983 esse,
3193 927 3247 973 et
3267 933 3376 972 non
3397 918 3589 973 debere
3609 922 3837 977 subsan-

2263 1002 2415 1067 nari,
2444 1010 2499 1057 et
2518 1004 2783 1071 pictorem
2819 1006 2907 1074 pie
2937 1015 3183 1077 agentem
3217 1023 3247 1061 a
3282 1007 3442 1063 Patre
3472 1011 3849 1071 commendari

2262 1092 2491 1163 professi
2541 1095 2649 1149 sint
2689 1096 2967 1152 dicentes:
2999 1098 3101 1151 Pia
3129 1100 3267 1153 enim
3304 1108 3380 1153 est
3426 1117 3512 1154 ars
3539 1102 3755 1171 pictoris
3790 1117 3836 1160 et

2265 1195 2369 1234 non
2389 1193 2524 1236 recte
2544 1201 2658 1238 eam
2678 1186 2895 1255 quidam
2912 1187 3217 1257 insipienter
3240 1189 3539 1255 detrahunt,
3567 1193 3677 1261 ipse
3701 1197 3835 1249 enim

2265 1267 2428 1325 Pater
2449 1274 2700 1343 pictorem
2741 1277 2824 1346 pie
2871 1286 3106 1347 agentem
3153 1280 3499 1334 commendat.
3532 1279 3592 1336 In
3642 1284 3841 1352 quibus

2263 1366 2616 1431 utrorumque
2675 1364 3103 1432 professionibus
3168 1366 3447 1422 evidenter
3506 1373 3834 1439 ostenditur,

2264 1455 2419 1505 tanto
2457 1456 2766 1511 sacerdotes
2800 1457 3206 1526 praeeminuisse
3234 1456 3506 1526 iudicibus
3546 1462 3599 1515 in
3628 1479 3837 1531 errore,

2265 1549 2469 1609 quanto
2484 1544 2739 1599 nimirum
2752 1548 3106 1616 praceminent
3127 1564 3224 1618 per
3236 1550 3434 1620 gradus
3451 1552 3839 1610 sublimitatem

2267 1630 2321 1684 in
2347 1632 2573 1699 honore,
2615 1650 2716 1689 nec
2735 1637 3004 1704 coaequari
3026 1639 3269 1707 potuisse
3310 1639 3476 1696 laicos
3517 1643 3843 1711 praesulibus

2266 1717 2322 1773 in
2342 1721 2576 1775 absurda
2598 1722 2951 1790 professione,
2976 1726 3070 1795 qui
3095 1741 3202 1781 non
3239 1730 3509 1799 mquari
3529 1739 3748 1800 possunt
3783 1733 3844 1786 in

586 1821 815 1871 stratum
844 1820 948 1877 est,
975 1826 1101 1865 cum
1121 1818 1280 1880 caput
1304 1809 1589 1864 insolentia
1616 1809 1892 1878 cujusdam
1922 1810 2000 1863 rei
2024 1810 2168 1864 inva-
2193 1803 2243 1865 B
2268 1814 2622 1869 sacerdotalis
2650 1816 2919 1873 cathedra:
2948 1820 3217 1886 sessione;
3273 1823 3367 1876 sed
3397 1822 3525 1878 dum
3556 1825 3613 1879 in
3652 1833 3843 1881 neutra

586 1904 748 1969 ditur,
779 1902 935 1958 facile
962 1908 1155 1957 caetera
1182 1901 1509 1957 invaduntur
1528 1944 1543 1969 ,
1588 1918 1707 1971 quae
1749 1902 1911 1971 capiti
1941 1902 2161 1957 subesse

584 2002 977 2053 monstrantur.
1008 1994 1174 2050 Omne
1209 2005 1363 2065 caput
1393 1995 1701 2066 languidum
1719 2036 1733 2059 ,
1761 1996 1837 2050 ait
1865 1995 2155 2064 Propheta,

584 2099 633 2143 et
665 2105 814 2143 omne
835 2105 927 2143 cor
950 2104 1189 2153 merens,
1215 2105 1248 2142 a
1268 2087 1450 2159 planta
1472 2088 1618 2159 pedis
1642 2105 1803 2160 usque
1831 2088 1900 2143 ad
1920 2090 2158 2143 verticem

584 2195 691 2232 non
727 2186 803 2232 est
836 2178 891 2232 in
922 2178 996 2232 eis
1032 2178 1232 2233 sanitas
1281 2176 1416 2250 (Isa.
1457 2177 1517 2247 ι),
1550 2170 1551 2175 “
1582 2178 1709 2247 quia
1736 2178 1983 2232 videlicet
2030 2178 2157 2231 dum

584 2282 617 2322 a
656 2268 877 2338 regibus
899 2275 955 2323 et
975 2284 1006 2322 a
1034 2258 1405 2323 sacerdotibus
1426 2307 1440 2332 ,
1483 2268 1574 2337 qui
1605 2267 1879 2336 exemplar
1914 2266 2050 2321 bene
2076 2266 2158 2320 vi—

585 2359 743 2414 vendi
772 2357 1028 2428 subjectis
1055 2358 1301 2431 plebibus
1330 2373 1451 2413 esse
1494 2358 1706 2421 debent,
1751 2364 1899 2412 recte
1944 2357 2156 2412 vivendi

585 2456 839 2519 recteque
865 2450 1056 2521 agendi
1083 2449 1319 2504 studium
1341 2447 1791 2518 praetermittitur,
1838 2448 1903 2502 de
1944 2447 2157 2500 interna

585 2542 818 2598 sanitate
847 2540 1211 2609 subiectarum
1231 2538 1467 2611 plebium
1511 2539 1904 2609 quodammodo
1944 2538 2156 2594 dubita-

585 2643 692 2685 tur.
719 2631 854 2685 Cum
879 2646 1008 2701 ergo
1037 2630 1093 2684 in
1120 2629 1310 2685 eadem
1339 2630 1543 2701 synodo
1567 2637 1646 2685 tot
1666 2630 2001 2686 sacerdotum
2038 2630 2154 2685 fue-

584 2724 701 2779 rint
712 2725 904 2780 obsita:
923 2732 1131 2780 mentes
1156 2724 1434 2779 erroribus
1450 2764 1463 2788 ,
1494 2724 1761 2793 quomodo
1807 2739 1915 2779 non
1939 2730 2154 2793 poterat

586 2830 741 2872 error
755 2814 1002 2885 judicum
1022 2816 1287 2871 inhaerere
1307 2806 1613 2872 mentibus?
1629 2816 1735 2870 Aut
1751 2817 1872 2886 quis
1886 2817 1954 2872 ab
1966 2830 2153 2871 errore

580 2908 801 2963 reducat
829 2922 972 2974 oves,
1015 2908 1062 2963 si
1084 2908 1301 2963 errandi
1338 2909 1591 2964 ducatum
1618 2916 1835 2964 teneant
1864 2907 2154 2979 pastores?

579 2998 902 3056 Sacerdotes
926 2999 1126 3055 etenim
1169 2999 1263 3070 qui
1294 2999 1351 3054 in
1393 3014 1635 3056 errorem
1673 2999 1913 3056 subditas
1968 2999 2153 3070 plebes

578 3091 835 3148 inducere
856 3098 1170 3157 noscuntur,
1199 3090 1395 3146 talibus
1413 3105 1513 3161 per
1525 3090 1813 3146 Jeremiam
1837 3089 2154 3159 prophetam

579 3181 1038 3252 increpationibus
1068 3189 1365 3252 arguuntur
1397 3201 1409 3236 :
1437 3181 1723 3253 Propterea
1746 3181 1857 3235 [nec
1897 3180 2023 3233 dicit
2046 3178 2155 3234 Do-

579 3274 753 3329 minus
790 3274 860 3329 ad
893 3281 1126 3344 pastores
1151 3275 1243 3345 qui
1286 3282 1469 3344 regunt
1501 3272 1751 3344 populum
1795 3287 1985 3325 meum.
2052 3268 2184 3346 Vos_

578 3363 895 3435 dispersistis
917 3379 1030 3417 oves
1054 3379 1197 3418 meas
1219 3403 1233 3430 ,
1277 3373 1326 3418 et
1356 3363 1627 3434 expulistis
1648 3380 1755 3430 eas,
1781 3373 1829 3417 et
1853 3379 1957 3417 non
1978 3360 2156 3415 visita-

581 3454 675 3508 stis
700 3470 787 3509 eas
809 3452 1024 3524 (Jerem.
1057 3452 1217 3523 xxxii)
1245 3471 1258 3519 ;
1301 3455 1392 3509 ubi
1430 3454 1678 3524 protinus
1700 3460 1902 3523 quanta
1928 3452 1998 3507 sit
2025 3466 2156 3508 cura

584 3546 681 3601 Dei
731 3562 860 3617 erga
887 3546 1164 3617 populum,
1189 3548 1491 3617 qualiterve
1539 3547 1732 3619 amotis
1760 3545 2156 3616 negligentibus

584 3637 937 3693 studiosiores
981 3638 1179 3705 populo
1230 3638 1327 3693 Dei
1365 3640 1559 3694 dentur
1613 3644 1870 3701 rectores,
1910 3635 2155 3702 protinus

583 3726 916 3782 subinfertur
940 3745 955 3782 :
979 3726 1115 3781 Ecce
1136 3742 1228 3798 ego
1260 3729 1465 3784 vindico
1489 3732 1546 3783 in
1572 3744 1658 3782 vos
1682 3726 1966 3780 secundum
2012 3726 2155 3781 mala

583 3817 760 3873 studia
783 3826 978 3885 vestra,
1032 3826 1082 3873 et
1114 3821 1375 3875 suscitabo
1418 3819 1523 3874 illis
1558 3826 1789 3887 pastores
1821 3817 1910 3885 qui
1939 3826 2156 3885 pascant

581 3925 701 3974 eas,
739 3917 788 3963 et
814 3907 953 3963 ultra
995 3925 1104 3965 non
1138 3911 1387 3965 timebunt
1434 3921 1594 3976 neque
1642 3904 1990 3971 terrebantur,
2030 3905 2155 3959 dicit

580 3997 839 4055 Dominus
870 3997 1083 4072 (Ibid.).
1116 3999 1177 4055 In
1213 3995 1461 4053 Ezechiel
1498 4008 1712 4065 quoque
1768 3995 2034 4064 propheta
2088 3993 2156 4050 de

580 4081 801 4159 talibus,
835 4093 979 4164 quod
1000 4090 1218 4163 quidem
1239 4104 1347 4144 non
1387 4088 1505 4143 sine
1531 4087 1735 4160 ingenti
1755 4088 1921 4143 animi
1957 4102 2157 4157 angore

579 4186 973 4256 prosequimur,
999 4184 1091 4254 qui
1125 4181 1407 4253 stipendiis
1431 4180 1812 4237 ecclesiasticis
1832 4188 2078 4247 utuntur,
2103 4188 2158 4236 et

580 4278 839 4347 ctemplis
866 4275 1108 4333 erroneis
1140 4281 1195 4330 et
1238 4273 1468 4329 incautis
1509 4273 1766 4344 populum
1816 4272 1874 4327 in
1914 4286 2156 4327 errorem

582 4367 837 4423 inducere
864 4369 1175 4433 creduntur,
1203 4365 1343 4422 sicut
1363 4365 1422 4419 hi
1441 4364 1632 4420 fecisse
1667 4363 2039 4434 perhibentur,
2062 4362 2156 4433 qui

582 4460 639 4516 in
666 4474 860 4515 vanam
886 4461 1180 4531 imaginum
1206 4456 1577 4510 adorationem
1614 4464 1950 4519 exarserunt,
1975 4462 2029 4509 et
2052 4469 2154 4524 po-

580 4550 770 4619 pulum
823 4549 1096 4603 suhditum
1120 4544 1328 4615 praelati
1373 4544 1474 4597 sibi
1505 4545 1561 4597 in
1587 4559 1769 4600 errore
1804 4546 2154 4616 professionis

583 4640 945 4701 sociaverunt,
975 4636 1049 4689 ita
1083 4633 1340 4690 scribitur
1373 4650 1385 4684 :
1419 4632 1488 4686 Et
1521 4633 1660 4701 ideo,
1687 4645 1945 4707 pastores,
1982 4636 2159 4690 audite

584 4730 793 4786 verbum
814 4729 1029 4782 Domini
1052 4746 1069 4784 :
1096 4727 1227 4783 Oves
1267 4744 1408 4781 meas
1430 4728 1711 4795 devoratis,
1739 4740 1787 4784 et
1815 4730 1952 4784 lanis
1976 4746 2158 4784 eorum

583 4839 669 4878 vos
699 4821 995 4892 cooperitis,
1021 4830 1069 4875 et
1095 4820 1233 4891 quod
1269 4835 1505 4874 crassum
1531 4831 1606 4875 est
1637 4821 1918 4892 jugulatis,
1968 4832 2016 4876 et
2042 4838 2157 4875 oves

583 4930 724 4968 meas
739 4914 1088 4984 dispersistis;
1114 4911 1251 4983 quod
1270 4912 1539 4982 inﬁrmum
1552 4920 1662 4965 erat
1683 4927 1787 4964 non
1800 4912 2153 4978 confortastis,

583 5016 631 5061 et
661 5005 800 5076 quod
828 5004 965 5058 male
988 5004 1208 5059 habebat
1248 5021 1351 5059 non
1390 5004 1634 5066 curastis,
1659 5010 1706 5054 et
1733 5001 2011 5053 contritum
2051 5017 2156 5055 non

583 5096 859 5166 alligastis,
912 5105 959 5150 et
988 5098 1126 5167 quod
1152 5097 1358 5152 errabat
1405 5111 1509 5149 non
1550 5091 1905 5155 convertistis,
1938 5100 1987 5145 et
2014 5093 2154 5162 quod

581 5187 810 5259 perierat
843 5203 945 5241 non
979 5188 1285 5259 requisistis,
1317 5194 1363 5238 et
1396 5183 1582 5252 fortem
1612 5182 1935 5252 oppressistis
1957 5180 2151 5249 labore,

580 5289 630 5336 et
656 5278 902 5349 dispersa:
927 5289 1046 5334 sunt
1073 5293 1187 5332 oves
1214 5289 1362 5338 mete,
1391 5289 1449 5326 eo
1471 5272 1610 5344 quod
1634 5288 1736 5326 non
1758 5273 1863 5327 sint
1889 5283 2150 5344 pastores,

580 5382 629 5427 et
656 5371 811 5441 factm
840 5381 959 5425 sunt
994 5372 1051 5424 in
1071 5366 1459 5421 devorationem
1486 5361 1723 5419 omnibus
1748 5364 1921 5417 bestiis
1943 5366 2078 5434 agri,
2103 5373 2152 5418 et

581 5462 828 5531 dispersis
853 5469 975 5514 sunt
1018 5473 1133 5512 oves
1161 5471 1289 5510 mea:
1336 5471 1490 5526 super
1525 5470 1726 5509 omnem
1775 5463 1999 5507 montem
2026 5463 2073 5506 et
2099 5455 2155 5508 in

582 5564 786 5604 omnem
809 5548 993 5603 collem
1017 5546 1202 5614 altum,
1226 5556 1275 5600 et
1300 5562 1454 5616 super
1480 5546 1669 5615 faciem
1693 5545 1849 5597 totius
1869 5552 2022 5596 terra:
2050 5544 2160 5598 dis-

508 5674 525 5689 .
583 5652 748 5706 persae
776 5647 917 5704 sunt,
941 5656 1033 5693 nec
1060 5648 1171 5692 erat
1195 5637 1285 5707 qui
1324 5638 1579 5705 eriperet,’
1596 5651 1759 5706 neque
1783 5635 1871 5704 qui
1900 5644 2159 5688 revocaret

589 5721 805 5803 ~(ii‘aech.
832 5726 1039 5797 xxxiv).
1059 5727 1178 5782 Non
1200 5741 1330 5796 ergo
1366 5727 1422 5781 in
1447 5727 1606 5797 hujus
1638 5726 1840 5798 negotii
1865 5726 2158 5784 vanissima

2260 1913 2416 1976 parte
2437 1907 2743 1977 reperiatur
2765 1910 2908 1978 quod
2939 1918 3087 1965 recte
3106 1920 3267 1980 queat
3289 1911 3516 1980 laudari,
3542 1915 3602 1970 in
3616 1925 3846 1986 utraque

2260 2003 2445 2052 tamen
2480 2007 2639 2068 parte
2670 2008 2925 2056 cernatur
2952 2003 3096 2071 quod
3116 2003 3308 2058 merito
3332 2007 3503 2072 possit
3524 2007 3844 2077 vituperari,

2258 2094 2316 2142 et
2351 2088 2647 2156 praesulum
2685 2104 2840 2145 error
2872 2090 2964 2159 qui
3002 2105 3061 2146 se
3087 2092 3348 2163 imagines
3386 2095 3715 2153 adoraturos
3746 2099 3852 2152 eis-

2259 2191 2365 2245 que
2395 2180 2673 2234 servitium
2725 2180 2824 2237 soli
2878 2180 2988 2235 Deo
3039 2182 3275 2235 debitum
3306 2183 3656 2239 exhibituros
3710 2188 3857 2242 fassi

2260 2276 2405 2333 sunt,
2444 2284 2510 2322 ex
2530 2278 2683 2338 parte
2702 2271 2972 2323 discussus
3007 2270 3107 2337 sit,
3137 2276 3304 2322 restat
3325 2268 3643 2336 utjudicum
3668 2277 3864 2335 etiam

2257 2374 2424 2436 error.
2440 2373 2546 2425 quo
2570 2366 2740 2410 artem
2762 2357 3044 2424 pictoriam
3066 2356 3211 2425 piam
3237 2371 3355 2413 esse
3376 2368 3722 2427 asseverant,
3755 2380 3862 2420 no-

2253 2446 2353 2501 stri
2390 2445 2515 2515 styli
2542 2444 2844 2499 invectione
2872 2444 3217 2499 discutiatur.
3242 2446 3442 2500 Dicunt
3469 2448 3620 2501 enim
3664 2458 3852 2508 artem

2250 2537 2536 2606 pictoriam
2562 2536 2708 2605 piam
2735 2550 2875 2599 esse,
2902 2534 3059 2604 quasi
3081 2550 3192 2589 nou
3221 2551 3343 2589 cum
3374 2537 3589 2592 ceteris
3612 2541 3853 2596 munda-

2251 2629 2335 2684 nis
2357 2629 2566 2683 artibus
2591 2628 3023 2683 communionem
3046 2630 3261 2696 pietatis
3279 2636 3373 2682 aut
3400 2629 3692 2698 impietatis
3712 2647 3848 2688 sor-

2251 2721 2440 2775 tiatur.
2465 2719 2605 2787 Quid
2626 2719 2771 2775 euim
2798 2733 2886 2773 ars
2904 2717 3174 2788 pictorum
3210 2720 3441 2789 amplius
3472 2722 3633 2777 habet
3665 2723 3851 2793 pieta-

2255 2812 2328 2867 tis
2361 2823 2478 2867 arte
2519 2812 2829 2877 fabrorum,
2868 2811 3220 2881 sculptorum,
3260 2812 3635 2881 conﬂatorum,
3672 2816 3842 2872 63313-

2254 2912 2454 2970 torum,
2486 2902 2829 2968 latomorum,
2890 2902 3263 2972 lignariorum,
3320 2912 3481 2959 terra:
3528 2906 3839 2974 cultorum,

2254 2994 2340 3048 vel
2363 3001 2685 3050 caeterorum
2704 2993 2992 3065 opificum?
3024 2993 3223 3050 Omnes
3244 2996 3386 3051 enim
3410 3011 3545 3067 quas
3570 3001 3841 3068 praemisi-

2255 3101 2376 3140 mus
2394 3093 2556 3152 artes,
2591 3103 2711 3156 qua:
2739 3103 2848 3142 non
2871 3087 2977 3142 nisi
3007 3087 3263 3143 discendo
3286 3097 3513 3159 possunt
3536 3092 3750 3162 attingi,
3785 3101 3839 3147 et

2254 3177 2340 3248 pie
2366 3184 2420 3232 et
2457 3177 2620 3247 impie
2666 3186 2891 3247 possunt
2940 3179 3007 3233 ab
3054 3180 3140 3234 his
3167 3180 3361 3248 quibus
3390 3192 3716 3236 exercentur
3745 3184 3842 3238 ha-

2255 3267 2392 3334 beri,
2431 3283 2529 3323 nec
2558 3268 2615 3321 in
2668 3283 2761 3322 eas
2813 3269 2987 3337 pietas
3033 3277 3126 3322 aut
3159 3269 3407 3340 impietas
3441 3271 3606 3335 cadit,
3641 3272 3738 3327 sed
3786 3273 3840 3326 in

2257 3361 2566 3415 hominibus
2591 3360 2683 3429 qui
2717 3373 2905 3414 earum
2928 3367 3053 3413 sunt
3079 3375 3357 3430 sequaces,
3402 3363 3493 3432 qui
3518 3362 3841 3432 plerumque

2257 3457 2350 3503 aut
2381 3450 2631 3503 vitiorum
2668 3449 3068 3516 procacissimis
3098 3452 3420 3507 tumultibus
3466 3459 3837 3517 coarctantur,

2256 3546 2349 3593 aut
2371 3538 2630 3592 virtutum
2650 3538 2945 3594 salutiferis
2970 3541 3201 3598 coetibus
3230 3550 3576 3597 exornantur.
3614 3541 3676 3597 Si
3698 3558 3835 3614 ergo

2256 3627 2461 3682 idcirco
2482 3643 2571 3683 ars
2599 3630 2871 3700 pictorum
2912 3632 3001 3700 pia
3027 3647 3150 3687 esse
3189 3634 3522 3702 perhibetur,
3568 3635 3698 3705 quia
3742 3650 3837 3705 per

2256 3733 2376 3773 eam
2403 3719 2719 3789 plerumque
2750 3721 2961 3790 piorum
2989 3723 3270 3778 hominum
3293 3734 3447 3780 actus
3476 3733 3532 3780 et
3562 3726 3652 3796 pia
3676 3728 3836 3796 [quae-

2256 3809 2383 3864 dam
2416 3818 2566 3881 gesta
2602 3812 2913 3882 pinguntur,
2939 3827 3067 3885 ergo
3095 3823 3149 3869 et
3174 3815 3295 3871 ideo
3326 3817 3489 3887 impia
3521 3818 3834 3887 perhibcbi-

2258 3907 2368 3966 tur,
2405 3900 2532 3970 quia
2564 3900 2880 3973 plerumque
2905 3919 3002 3974 per
3039 3920 3160 3961 eam
3202 3907 3509 3977 impietatcs
3552 3910 3752 3973 multm,
3782 3908 3832 3962 id

2256 4001 2361 4060 est,
2422 3995 2811 4051 trucidationes
2839 3997 3138 4065 hominum,
3187 4001 3501 4058 atrocitates
3550 4003 3827 4065 bellorum,

2259 4084 2607 4139 crudelitates
2670 4086 3090 4151 sceleratorum,
3158 4088 3522 4146 immanitates
3573 4091 3827 4155 ferarum,

2257 4173 2491 4244 impetus
2531 4175 2828 4230 bestiarum
2849 4177 2933 4231 vel
2976 4184 3169 4232 castera
3195 4180 3283 4235 his
3314 4181 3508 4236 similia
3535 4181 3829 4251 depingun—

2259 4272 2377 4332 tur;
2416 4273 2472 4320 et
2501 4266 2547 4320 si
2584 4266 2706 4322 ideo
2738 4267 2903 4337 impia
2944 4268 3250 4324 nullatenus
3273 4286 3395 4326 esse
3422 4270 3683 4337 creditur,
3712 4272 3831 4341 quia

2259 4355 2374 4411 haec
2408 4372 2529 4426 qua:
2552 4359 2794 4413 exsecuti
2822 4373 3009 4415 sumus
3030 4359 3534 4419 adumbratiouibus
3561 4363 3645 4417 vel
3669 4363 3834 4417 etiam

2258 4448 2600 4505 lineamentis
2635 4450 2939 4522 quibusque
2985 4453 3236 4510 humanis
3265 4455 3473 4511 visibus
3522 4457 3834 4526 impertiun-

2262 4548 2370 4606 tur,
2387 4555 2487 4596 nec
2500 4540 2621 4596 ideo
2640 4541 2729 4611 pia
2741 4543 2845 4597 erit
2862 4544 2987 4612 quia
3008 4559 3108 4614 per
3125 4560 3248 4599 eam
3269 4546 3534 4601 bonorum
3556 4547 3833 4601 hominum

2262 4639 2411 4702 gesta
2432 4631 2734 4702 signantur.
2765 4633 2917 4689 Sicut
2936 4636 3080 4690 enim
3105 4635 3307 4692 ferrum
3333 4652 3431 4691 nec
3462 4638 3584 4691 ideo
3604 4638 3828 4704 impium

2262 4724 2482 4789 dicitur,
2512 4724 2639 4794 quia
2661 4740 2728 4779 ex
2750 4740 2816 4781 eo
2850 4727 3097 4783 homines
3129 4726 3534 4791 interimuntur,
3577 4739 3679 4780 nec
3710 4727 3831 4781 ideo

2260 4816 2431 4884 pium,
2456 4816 2583 4884 quia
2608 4831 2674 4870 ex
2697 4831 2762 4870 eo
2786 4819 3030 4885 quazdam
3066 4820 3418 4875 instrumenta
3467 4816 3610 4872 fiunt
3638 4819 3832 4887 quibus

2259 4918 2315 4966 et
2345 4911 2558 4966 ensium
2578 4911 2907 4968 vibrantium
2933 4914 3196 4973 illisiones
3221 4915 3553 4985 quatiantur,
3580 4924 3636 4969 ct
3664 4914 3833 4968 homi-

2259 5015 2355 5054 nes
2376 5008 2648 5066 tueantur,
2674 5010 2731 5056 et
2755 5017 2788 5055 a
2810 5003 3036 5060 medicis
3050 5006 3210 5060 saluti
3227 5006 3476 5060 humana:
3498 5005 3827 5073 consulitur;

2260 5090 2335 5145 ita
2365 5097 2419 5144 et
2453 5105 2542 5145 ars
2574 5091 2845 5161 pictorum
2896 5108 2997 5150 nec
3022 5096 3143 5153 ideo
3202 5096 3398 5164 impia,
3436 5096 3563 5165 quia
3594 5111 3692 5166 per
3718 5112 3828 5151 eam

2263 5183 2523 5250 crudelia,
2549 5199 2650 5240 nec
2674 5185 2794 5241 ideo
2817 5186 2927 5256 pia,
2958 5188 3083 5258 quia
3123 5188 3411 5244 clementia
3436 5190 3685 5258 quaedam
3713 5190 3828 5259 pin-

2261 5283 2479 5345 guntur.

2332 5365 2484 5433 Quod
2508 5382 2636 5422 vero
2665 5368 2715 5423 ei
2744 5384 2851 5424 non
2881 5378 3029 5425 recte
3051 5386 3082 5423 a
3104 5370 3430 5439 quibusdam
3452 5370 3829 5439 insipientibus

2261 5459 2468 5513 detrahi
2497 5459 2787 5528 suspirant,
2814 5474 2844 5513 a
2866 5461 3013 5515 nullo
3040 5461 3131 5531 qui
3160 5478 3305 5516 sana}
3327 5461 3527 5515 mentis
3556 5470 3639 5518 est
3669 5462 3829 5516 ambi-

2261 5551 2404 5619 gitur
2424 5564 2517 5604 eos
2550 5550 2603 5603 in
2626 5551 2726 5605 hac
2746 5566 2956 5619 quoque
2979 5560 3133 5619 parte
3163 5552 3302 5606 sicut
3334 5559 3389 5605 et
3422 5552 3477 5605 in
3507 5552 3716 5606 caeteris
3736 5549 3828 5605 de-

2259 5639 2515 5692 mentiam
2543 5638 2695 5706 sequi
2727 5656 2738 5691 :
2768 5640 2962 5709 quippe
2996 5655 3118 5694 cum
3150 5639 3330 5694 nullus
3352 5641 3473 5694 sani
3502 5640 3696 5709 capitis
3734 5654 3830 5693 ne-

2260 5744 2363 5799 que
2392 5727 2716 5799 imaginibus
2755 5728 3039 5797 detrahat,
3081 5742 3257 5800 neque
3284 5729 3388 5786 arti
3424 5728 3689 5801 pictorite,
3739 5727 3834 5786 sed
