4008 6154
180 292 208 346 1
221 290 318 347 161

951 287 1129 346 LIBRI
1167 285 1510 347 CAROLINI.
1549 314 1626 330 —
1662 284 1886 343 CAPIT.
1925 285 2014 345 DE
2045 289 2238 348 me.
2278 314 2349 334 -—
2383 291 2512 350 LIB.
2551 267 2646 350 III.

3297 301 3436 356 H62

179 420 371 462 eorum
385 403 476 475 qui
500 418 588 458 eas
603 403 828 458 adorant
851 402 1038 473 eisque
1052 407 1330 461 servitium
1351 407 1745 476 inconsequens
1773 404 1829 464 Α
1851 415 1975 460 sunt
2011 409 2216 466 visibus
2246 409 2436 464 defert.
2472 410 2811 466 Mendacium
2837 411 2981 468 enim
3011 421 3105 469 aut
3131 415 3198 471 de
3236 415 3322 471 his
3353 427 3435 473 est

178 497 454 560 exhibent,
489 493 830 549 abominetur
862 496 1164 548 vesaniam.
1214 495 1331 549 Non
1377 497 1522 550 enim
1570 496 1752 550 vinum

175 587 306 656 quia
331 585 643 640 ebrietatem
659 592 903 654 generat,
927 583 1354 654 reprehenditur,
1383 600 1508 639 cum
1524 585 1754 654 plerum-

173 692 282 744 que
321 675 430 729 Deo
457 675 512 728 in
539 672 867 728 sacriﬁcium
892 674 1112 740 libetur;
1149 689 1252 729 nec
1276 673 1437 744 sylva:
1467 690 1588 743 quae
1627 673 1752 729 furi-

171 766 280 819 bus
304 764 598 834 hospitium
622 765 866 834 prrebent
888 805 903 829 ,
951 764 1073 833 quia
1124 763 1442 833 plerumque
1474 764 1752 818 hominum

172 859 366 914 usibus
392 858 562 913 multa
588 873 708 928 qua:
732 858 1019 928 expediunt
1054 858 1466 924 administrant;
1493 873 1592 913 nec
1630 858 1752 914 ideo

168 948 290 1018 igni
318 950 632 1018 imputatur,
677 951 799 1018 quia
845 949 1116 1003 interdum
1175 950 1413 1005 edaciter
1437 951 1624 1007 domos
1667 949 1754 1006 vel

170 1049 381 1096 caetera
414 1042 659 1096 humanis
680 1041 960 1109 stipendiis
983 1051 1109 1111 apta
1135 1043 1379 1108 devorat,
1407 1058 1529 1097 cum
1554 1049 1753 1098 morta-

169 1130 312 1187 lium
351 1134 474 1190 vitae
501 1135 680 1188 multis
703 1133 1042 1189 adminiculis
1063 1134 1404 1206 suffragetur.
1420 1134 1589 1190 Porro
1610 1134 1754 1204 quod

169 1225 396 1290 dicunt,
429 1227 549 1296 Ipse
583 1227 718 1280 enim
744 1225 909 1279 Pater
932 1228 1179 1297 pictorem
1227 1229 1310 1296 pie
1351 1237 1585 1298 agentem
1610 1244 1752 1282 com-

167 1317 405 1381 mendat,
437 1333 534 1372 cur
571 1318 750 1382 Pater,
794 1326 890 1372 aut
923 1319 1014 1373 ubi
1049 1319 1308 1387 scriptum
1347 1319 1436 1383 sit,
1487 1319 1752 1388 pictorem

168 1407 531 1471 commendet,
566 1422 666 1461 nec
695 1407 910 1461 illorum
939 1415 1020 1462 est
1043 1409 1360 1476 approbare,
1384 1423 1487 1464 nec
1509 1414 1753 1462 nostrum

167 1501 413 1565 credere,
442 1500 641 1568 quippe
667 1515 790 1555 cum
814 1500 870 1553 in
891 1499 1040 1554 nullo
1069 1499 1414 1555 oraculorum
1448 1498 1751 1554 divinorum

168 1591 447 1647 volumine
485 1592 753 1661 pictorum
787 1591 906 1646 laus
952 1592 1300 1660 perhibeatur
1338 1593 1535 1645 inesse.
1583 1590 1754 1658 Repe-

169 1682 320 1738 riant
354 1697 488 1750 ergo
515 1681 588 1734 illi
625 1681 681 1734 in
731 1681 970 1749 quolibet
1001 1680 1306 1735 divinarum
1355 1679 1753 1749 Scripturarum

167 1771 320 1835 loco,
350 1771 406 1823 in
435 1784 543 1839 quo
570 1769 734 1824 etiam
765 1770 1058 1824 secundum
1088 1772 1358 1838 propriam
1395 1770 1752 1825 asseveratio-
1783 1745 1833 1807 Β

170 1878 306 1920 nem
338 1862 582 1932 pictoris,
608 1863 729 1918 ideo
760 1862 904 1931 quod
929 1863 1311 1932 componendis
1337 1862 1660 1933 imaginibus
1684 1862 1759 1916 in-

169 1962 326 2010 stent
346 1953 633 2020 collaudet,
662 1962 717 2008 et
735 1969 834 2008 nos
852 1955 1182 2023 reperiemus
1196 1954 1428 2023 qualiter
1441 1955 1521 2009 eis
1542 1969 1759 2024 respon-

171 2047 310 2102 dere
339 2047 633 2112 valeamus,
661 2047 787 2116 quia
813 2047 1153 2116 omnipotens
1183 2049 1325 2102 Deus
1349 2063 1457 2102 non
1487 2062 1652 2116 opera
1666 2047 1758 2103 sed

171 2138 522 2193 devotionem
537 2155 781 2207 operum,
801 2155 901 2194 nec
919 2149 1072 2195 actus
1095 2141 1190 2196 sed
1204 2141 1508 2196 voluntates
1520 2148 1757 2206 actuum,

171 2245 278 2285 nec
305 2244 390 2284 res
424 2229 518 2284 sed
543 2244 736 2284 causas
768 2244 972 2294 rerum,
1017 2246 1119 2285 nec
1155 2232 1399 2300 quisquis
1429 2231 1621 2296 faciat,
1664 2231 1760 2286 sed

171 2333 286 2388 qua
324 2327 505 2374 mente
530 2319 587 2375 id
610 2317 801 2386 faciat,
834 2319 1151 2391 plerumque
1180 2329 1273 2376 aut
1305 2323 1501 2393 probat
1530 2328 1624 2378 aut
1650 2321 1759 2378 im-

170 2411 398 2481 probat.

740 2479 964 2536 CAPUT
1010 2481 1198 2538 XXIII.

169 2591 380 2666 Inutile
420 2599 469 2646 et
498 2591 771 2666 mendacio
814 2591 1258 2666 plenum_diclum
1283 2592 1506 2666 [pannis
1545 2595 1762 2666 presby-

245 2663 346 2716 teri
375 2671 422 2716 el
447 2665 601 2732 legati
628 2661 976 2732 Orientalium
1005 2662 1222 2715 dicentis
1247 2680 1264 2717 :
1288 2662 1404 2718 Non
1439 2661 1764 2726 eontraeunt

241 2731 841 2804 pictoresScripturis,
876 2731 970 2785 sed
1011 2732 1269 2800 quidquid
1307 2733 1585 2804 Scriptura
1632 2737 1765 2791 dicit

242 2803 368 2857 haec
393 2803 791 2868 demonstrant,
831 2808 1098 2870 quatenus
1128 2803 1444 2860 concordes
1465 2812 1590 2860 sunt
1617 2805 1766 2862 Scri-

239 2881 548 2942 pturarum.

247 2960 308 3016 Si
337 2964 520 3018 omnia
549 2962 772 3019 Joannis
793 2966 1095 3036 presbyteri
1121 2975 1175 3021 et
1214 2966 1376 3038 legati
1409 2965 1763 3023 Orientalium

169 3052 532 3109 deliramenta
561 3071 681 3125 quae
709 3056 763 3108 in
805 3057 992 3111 eadem
1019 3058 1252 3127 synodo,
1297 3058 1354 3110 in
1391 3056 1540 3126 cujus
1588 3058 1761 3113 inoﬁi—

168 3144 330 3200 ciosa:
373 3145 625 3200 lectionis
658 3147 1162 3216 reprehensionibus
1203 3157 1389 3204 noster
1425 3150 1597 3220 stylus
1632 3167 1758 3206 ver-

169 3245 345 3301 satur,
397 3237 658 3306 protulit,
705 3239 1017 3309 singillatim
1058 3255 1089 3294 a
1131 3240 1290 3295 nobis
1327 3241 1664 3297 discutienda
1704 3242 1762 3297 in

169 3339 334 3380 unum
361 3325 596 3382 fuissent
617 3338 888 3398 congesta,
915 3346 1234 3401 magnorum
1247 3331 1582 3386 voluminum
1599 3341 1760 3388 tantae

169 3417 552 3486 disputationis
581 3419 728 3490 sylva
767 3429 911 3476 esset
936 3421 1172 3492 indigna.
1200 3421 1305 3478 Sed
1335 3438 1434 3478 nos
1469 3438 1533 3477 ea
1559 3423 1758 3494 partim

166 3513 447 3569 brevitatis
471 3514 651 3569 studio
677 3515 762 3569 cui
791 3531 1016 3584 prorsus
1045 3517 1352 3584 studemus,
1387 3518 1583 3586 partim
1613 3518 1759 3572 ordi—

167 3617 300 3656 nem
335 3602 507 3671 ipsius
547 3602 792 3658 lectionis
821 3613 1118 3671 servantes,
1152 3623 1257 3674 quo
1293 3623 1397 3663 non
1422 3607 1757 3677 singulorum

166 3693 386 3763 singula
421 3709 700 3758 seorsum,
745 3696 836 3749 sed
871 3698 1226 3765 quorumdam
1261 3701 1460 3769 passim
1489 3717 1586 3772 per
1613 3701 1760 3756 ordi-

165 3801 297 3841 nem
322 3826 337 3850 ,
365 3795 528 3855 prout
551 3787 779 3855 quisque
808 3787 1018 3843 locutus
1045 3797 1156 3854 est,
1189 3791 1272 3844 vel
1297 3793 1457 3846 etiam
1483 3792 1539 3845 in
1568 3792 1756 3847 eodem

165 3875 360 3931 codice
397 3876 574 3944 posita
596 3876 960 3943 inveniuntur,
991 3879 1326 3932 discutienda
1347 3881 1401 3933 in
1440 3889 1622 3934 nostra
1650 3883 1760 3935 dis-

165 3964 456 4033 putatione
511 3973 776 4033 ponentes
806 4005 821 4031 ,
892 3973 946 4020 et
1000 3967 1334 4022 brevissima:
1381 3968 1759 4039 disputationis

167 4062 363 4109 cuncta
405 4052 640 4108 articulo
686 4063 964 4110 coarctare
1005 4057 1407 4125 compellimur,
1435 4066 1489 4113 et
1515 4075 1622 4113 non
1651 4059 1758 4114 sin-

169 4151 292 4218 gula
327 4164 596 4214 seorsum,
641 4150 736 4204 sed
775 4165 914 4219 pene
950 4150 1129 4205 omnia
1153 4152 1397 4220 sparsim,
1440 4162 1600 4222 prout
1626 4153 1757 4208 ordo

169 4241 410 4302 dictavit,
436 4240 804 4309 exsequimur.
834 4241 930 4294 Est
952 4240 1157 4296 interea
1178 4256 1352 4309 operae
1372 4244 1604 4311 pretium
1631 4243 1754 4298 dili-

169 4340 357 4400 genter
383 4331 670 4396 discutere,
694 4330 945 4400 qualiter,
965 4339 1024 4385 ut
1049 4332 1190 4386 idem
1203 4332 1442 4402 profatus
1454 4343 1558 4399 est,
1587 4335 1756 4404 picto-

1853 512 1972 566 quae
1995 516 2102 555 non
2139 510 2282 567 sunt,
2308 501 2403 556 sed
2429 500 2544 556 ﬁeri
2568 514 2811 571 possunt,
2843 513 2936 558 aut
2966 505 3034 560 de
3064 506 3150 560 his
3186 521 3305 576 quae
3330 523 3434 564 nec

1852 597 1977 642 sunt
2001 607 2102 646 nec
2142 592 2260 648 ﬁeri
2291 600 2538 662 possunt,
2570 593 2636 648 de
2679 596 2873 664 quibus
2917 595 2970 648 in
3007 596 3434 665 perihermenias

1851 693 1884 733 a
1906 681 2237 752 philosophis
2261 685 2575 739 acutissima
2605 685 2719 740 sive
2764 686 3114 741 subtilissima
3139 687 3433 757 disputatio

1851 778 1955 835 est,
1991 786 2155 840 quam
2205 775 2330 829 huic
2355 776 2505 844 operi
2535 775 2878 844 interponere
2923 776 3296 845 longissimum
3325 786 3430 834 est.

1851 859 1987 916 Nam
2034 861 2162 916 dum
2207 862 2350 917 dicat
2394 879 2503 918 non
2528 866 2798 919 contraire
2833 865 3067 934 pictores
3109 867 3432 937 Scripturis,

1852 959 1907 1006 et
1940 951 2106 1006 multa
2153 967 2184 1004 a
2213 952 2508 1022 pictoribus
2529 955 2978 1025 pingantur-quae
3013 955 3306 1026 Scriptura:
3349 959 3432 1015 di-

1851 1042 1991 1096 vina:
2037 1049 2252 1108 tacent,
2300 1050 2356 1098 et
2388 1043 2457 1097 ab
2496 1043 2807 1098 hominibus
2829 1059 2936 1099 non
2981 1047 3156 1100 solum
3178 1063 3209 1102 a
3237 1049 3430 1116 doctis,

1852 1135 1948 1190 sed
1973 1133 2137 1187 etiam
2165 1134 2232 1188 ab
2254 1116 2492 1188 indoctis
2513 1133 2806 1189 falsissima
2831 1149 2954 1190 esse
2984 1140 3429 1208 comprobentur,

1853 1224 1975 1294 quis
2017 1239 2122 1279 non
2173 1223 2289 1293 ejus
2328 1225 2532 1280 dictum
2577 1225 3084 1280 ridiculosissimum
3130 1230 3213 1282 vel
3258 1231 3435 1298 potius

1854 1315 2200 1372 falsissimum
2239 1332 2358 1373 esse
2387 1317 2655 1373 fateatur?
2699 1317 2887 1375 Nonne
2915 1320 3112 1375 divinis
3143 1321 3436 1392 Scripturis

1855 1409 2126 1462 contraire
2160 1416 2476 1475 noscuntur,
2506 1424 2630 1464 cum
2657 1409 2910 1479 abyssum
2947 1411 3172 1479 figuram
3202 1411 3436 1469 hominis

1855 1499 2062 1570 ﬁngunt
2086 1501 2304 1567 habere,
2343 1509 2398 1556 et
2429 1501 2768 1572 lympharum
2793 1501 3198 1560 inundationem
3232 1505 3436 1560 affatim

1854 1589 2116 1647 fundere?
2162 1591 2349 1648 Nonne
2409 1593 2606 1648 divinis
2667 1594 2960 1663 Scripturis
3013 1611 3106 1653 eos
3164 1602 3436 1656 contraire

1855 1683 2002 1738 haud
2039 1683 2256 1738 dubium
2287 1691 2404 1748 est,
2441 1699 2566 1738 cum
2599 1683 2843 1739 tellurem
2890 1686 2944 1739 in
2982 1687 3152 1755 ﬁgura
3200 1690 3435 1746 humana

1863 1773 2023 1828 modo
2060 1773 2266 1828 aridam
2290 1774 2610 1838 sterilemve,
2647 1775 2804 1830 modo
2827 1773 3094 1832 fructibus
3128 1777 3436 1836 afﬂuentem

1863 1863 2199 1932 depingunt?
2251 1861 2437 1917 Nonne
2468 1863 2663 1918 divinis
2715 1863 3007 1934 Scripturis
3037 1882 3130 1923 eos
3168 1871 3438 1926 contraire

1861 1952 2208 2008 manifestum
2233 1960 2344 2018 est,
2383 1968 2506 2008 cum
2532 1952 2813 2010 ﬁumineos
2847 1970 3033 2012 amnes
3059 1958 3114 2012 in
3135 1958 3322 2030 ﬁguris
3346 1962 3438 2017 ho-

1862 2045 2071 2100 minum
2100 2052 2193 2099 aut
2227 2045 2402 2100 situlis
2433 2060 2600 2115 aquas
2637 2045 2880 2114 fundere,
2917 2058 3010 2104 aut
3050 2051 3182 2107 alios
3209 2053 3264 2106 in
3303 2055 3438 2112 alios

1861 2135 2132 2191 conﬂuere
2179 2135 2506 2206 depingunt?
2546 2135 2733 2192 Nonne
2777 2153 2900 2194 cum
2949 2140 3116 2196 solem
3160 2150 3215 2197 et
3256 2143 3440 2201 lunam

1863 2238 1918 2286 et
1945 2237 2139 2285 caetera
2171 2228 2293 2284 caeli
2327 2236 2642 2284 ornamenta
2681 2230 2880 2301 ﬁguras
2921 2231 3230 2299 hominum,
3271 2242 3327 2290 et
3351 2250 3440 2290 ca-

1860 2321 1972 2391 pita
1995 2320 2163 2376 radiis
2188 2321 2463 2376 succincta
2481 2321 2678 2375 habere
2706 2321 2932 2392 ﬁngunt,
2961 2326 3162 2380 sanctis
3190 2325 3438 2396 Scriptu-

1859 2412 1939 2468 ris
1977 2412 2153 2467 modis
2189 2413 2439 2468 omnibus
2481 2414 2828 2467 contraeunt?
2861 2413 3048 2469 Nonne
3079 2431 3201 2470 cum
3231 2415 3438 2473 duode-

1862 2504 1972 2560 cim
1999 2505 2184 2560 .ventis
2234 2504 2460 2576 singulis
2516 2504 2753 2574 singulas
2797 2504 2996 2561 formas
3047 2521 3146 2576 pro
3181 2509 3442 2578 qualitate

1864 2597 2062 2652 virium
2093 2597 2393 2652 attribuunt
2413 2637 2428 2661 ,
2458 2603 2552 2650 aut
2575 2597 2850 2652 mensibus
2880 2599 3102 2669 singulis
3133 2616 3230 2670 pro
3267 2601 3443 2671 quali-

1863 2697 1976 2745 tate
2009 2697 2312 2758 temporum
2334 2688 2462 2758 quid
2489 2688 2852 2758 unusquisque
2871 2689 3092 2756 deferat,
3119 2693 3442 2760 quibusdam

1865 2780 2058 2846 nudas,
2096 2779 2418 2850 quibusdam
2454 2779 2781 2845 seminudas,
2823 2780 3139 2848 quibusdam
3171 2783 3334 2837 etiam
3360 2784 3444 2839 in-

1868 2871 2024 2927 dutas
2045 2872 2270 2927 diversis
2299 2870 2538 2924 vestibus
2562 2869 2759 2939 ﬁguras
2776 2869 2932 2934 dant,
2957 2880 3048 2923 aut
3069 2872 3193 2924 dum
3209 2881 3443 2940 quatuor

1865 2970 2109 3033 tempora
2145 2963 2270 3017 anni
2297 2961 2502 3031 singula
2525 2960 2751 3015 diversis
2793 2959 2978 3030 ﬁguris
3003 2960 3294 3028 depingunt
3311 3003 3324 3026 ,
3349 2972 3444 3016 aut

1865 3055 2086 3112 ﬁoribus
2111 3063 2424 3110 vernantem
2449 3061 2507 3107 ut
2525 3067 2619 3108 ver
2642 3093 2657 3119 ,
2686 3059 2777 3106 aut
2802 3052 3020 3106 aestibus
3051 3058 3329 3116 exustam;
3358 3052 3444 3108 vel

1864 3151 2028 3205 etiam
2051 3148 2321 3219 segetibus
2356 3155 2605 3203 onustam
2635 3154 2694 3200 ut
2722 3153 2991 3209 aestatem,
3041 3153 3133 3199 aut
3161 3145 3443 3202 vindemiae

1861 3242 2029 3297 labris
2057 3241 2142 3295 vel
2187 3239 2360 3295 botris
2382 3247 2661 3294 oneratam
2703 3245 2764 3292 ut
2805 3245 3140 3301 autumnum,
3165 3246 3258 3291 aut
3281 3238 3440 3293 modo

1859 3330 2154 3399 frigoribus
2196 3329 2456 3398 algidam,
2478 3329 2636 3384 modo
2662 3329 2874 3398 ignibus
2920 3343 2978 3382 se
3009 3326 3434 3391 calefacientem,

1861 3421 2021 3476 modo
2056 3419 2417 3475 animantibus
2453 3420 2646 3488 pabula
2680 3420 3040 3488 praebentem,
3069 3417 3225 3473 modo
3256 3419 3440 3475 nimiis

1859 3509 2152 3581 frigoribus
2179 3509 2446 3565 marcidus
2482 3510 2726 3566 volucres
2755 3510 3051 3579 capientem
3081 3518 3140 3564 ut
3174 3511 3428 3579 hiemem,

1862 3599 2158 3668 Scripturis
2188 3599 2382 3654 divinis
2418 3600 2472 3654 in
2502 3600 2697 3669 quibus
2729 3600 2843 3655 lucc
2891 3600 2963 3654 ita
3007 3599 3226 3654 minime
3271 3599 3441 3656 conti-

1859 3698 2055 3745 nentur
2083 3691 2354 3745 contraire
2381 3692 2707 3746 noscuntur?
2742 3689 3018 3757 Quomodo
3046 3707 3174 3761 ergo
3203 3707 3234 3745 a
3268 3693 3444 3761 picto-

1860 3783 2008 3837 ribus
2053 3782 2145 3852 qui
2184 3789 2464 3852 poetarum
2509 3781 2826 3836 vanissimas
2873 3781 3080 3837 fabulas
3125 3783 3442 3853 plerumque

1859 3884 2178 3942 sequuntur,
2235 3874 2436 3928 sanctis
2479 3871 2770 3940 Scripturis
2817 3871 3038 3924 minime
3093 3874 3440 3925 contraitur?

1858 3963 2158 4034 Finguntur
2215 3962 2358 4016 enim
2408 3975 2506 4028 per
2552 3974 2644 4013 eos
2675 3959 2940 4012 interdum
2970 3973 3058 4012 res
3109 3960 3162 4013 in
3214 3963 3440 4016 veritate

1857 4062 2021 4124 gestae
2055 4054 2111 4108 in
2140 4051 2276 4106 alias
2305 4059 2466 4119 atque
2513 4049 2647 4102 alias
2699 4048 3041 4102 incredibiles
3070 4050 3306 4115 naenias;
3338 4050 3439 4104 ﬁn-

1859 4152 2060 4215 guntur
2094 4144 2256 4198 etiam
2282 4156 2401 4210 quae
2423 4154 2523 4194 nec
2558 4137 2714 4193 facta:
2749 4130 2874 4192 sunt
2900 4153 3000 4192 nec
3028 4137 3146 4193 ﬁeri
3165 4149 3430 4209 poterant,

1858 4238 1953 4292 sed
1979 4244 2071 4290 aut
2105 4234 2326 4304 mystice
2349 4247 2379 4286 a
2416 4229 2748 4300 philosophis
2775 4228 3163 4300 intelliguntur,
3206 4239 3298 4286 aut
3320 4233 3435 4287 ina-

1857 4328 1999 4382 niter
2031 4342 2062 4380 a
2089 4324 2375 4396 gentilibus
2402 4330 2727 4378 venerantur
2747 4363 2763 4389 ,
2795 4330 2888 4376 aut
2908 4323 3172 4378 veraciter
3194 4341 3224 4379 a
3251 4325 3437 4380 catho—

170 4435 260 4476 res
287 4422 696 4489 haudquaquam
732 4425 1018 4479 credantur
1041 4423 1336 4494 Scripturis
1359 4426 1628 4482 contraire
1664 4433 1755 4482 aut

1858 4415 1977 4473 licis
2016 4425 2342 4486 respuuntur
2376 4434 2390 4468 :
2421 4429 2540 4484 quae
2585 4414 2766 4469 omnia
2812 4428 3118 4484 quanquam
3157 4416 3435 4485 gentilium

172 4508 410 4577 qualiter
438 4511 692 4578 quidquid
725 4512 1000 4583 Scriptura
1031 4516 1162 4570 dicit
1194 4517 1588 4584 demonstrent,
1623 4535 1758 4588 qua-

169 4601 368 4656 literve
401 4603 695 4656 concordes
717 4603 823 4657 sint
855 4605 1277 4675 Scripturarum.
1307 4607 1564 4672 Quamvis
1608 4609 1754 4664 enim

171 4709 273 4747 non
325 4692 536 4748 eluceat
578 4694 648 4748 de
688 4696 880 4765 quibus
914 4697 1208 4767 Scripturis
1248 4699 1339 4754 ille
1384 4701 1488 4755 hoc
1533 4701 1748 4768 dixerit,

172 4784 495 4839 credendum
553 4793 636 4839 est
692 4794 873 4842 tamen
929 4804 1052 4844 eum
1100 4789 1168 4842 de
1227 4789 1398 4845 sacris
1455 4789 1750 4860 Scripturis

175 4873 388 4939 dixisse,
417 4890 554 4944 quas
590 4875 789 4931 usitate
824 4876 1126 4948 Scripturas
1157 4879 1390 4935 solemus
1431 4896 1657 4949 vocare,
1691 4891 1753 4936 ut

176 4971 257 5015 est
295 4963 423 5018 illud
454 4964 512 5018 in
538 4964 830 5036 Evangelio
863 4981 878 5019 :
905 4951 1066 5021 oTunc
1096 4971 1300 5038 aperuit
1326 4969 1433 5023 illis
1456 4988 1666 5025 sensum
1692 4980 1753 5024 ut

177 5051 510 5121 intelligerent
554 5054 862 5127 Scripturas
921 5056 1072 5129 (Luc.
1121 5059 1291 5129 xxxv).
1329 5058 1368 5114 S
1398 5057 1466 5113 Β.
1517 5059 1752 5116 Pictum

177 5139 380 5194 interea
432 5157 517 5197 ars
561 5160 686 5200 cum
720 5145 790 5201 ob
843 5146 948 5202 hoc
993 5147 1274 5202 inoleverit
1296 5189 1312 5214 ,
1355 5155 1416 5202 ut
1465 5163 1646 5204 rerum
1694 5150 1752 5204 in

177 5229 402 5285 veritate
459 5243 726 5302 gestarum
778 5239 1092 5292 memoriam
1155 5239 1538 5308 aspicientibus
1576 5239 1752 5295 defer-

175 5334 274 5389 ret,
313 5336 368 5380 et
393 5342 460 5382 ex
485 5333 760 5388 mendacio
789 5333 856 5388 ad
870 5333 1155 5388 veritatem
1180 5333 1519 5388 recolendam
1542 5345 1751 5404 mentes

175 5426 507 5483 promoveret
534 5460 551 5486 ,
596 5437 754 5477 versa
788 5423 908 5477 vice
959 5424 1228 5478 interdum
1271 5437 1372 5491 pro
1409 5425 1634 5477 veritate
1679 5427 1747 5481 ad

174 5508 442 5564 mendacia
482 5513 768 5583 cogitanda
792 5528 984 5569 sensus
1022 5523 1320 5583 promovet,
1349 5523 1403 5568 et
1436 5529 1544 5568 non
1573 5515 1744 5571 solum

175 5594 255 5651 illa
277 5615 396 5670 qua:
431 5611 528 5658 aut
555 5611 684 5659 sunt
712 5615 802 5659 aut
828 5606 1045 5660 fuerunt
1086 5616 1177 5660 aut
1205 5606 1322 5662 ﬁeri
1349 5612 1604 5675 possunt,
1651 5609 1746 5663 sed

175 5689 324 5748 etiam
349 5708 417 5750 ea
452 5709 576 5766 quae
624 5711 727 5750 nec
751 5707 895 5762 sunt,
924 5712 1026 5751 nec
1049 5697 1292 5754 fuerunt.
1328 5713 1429 5756 nec
1472 5696 1591 5752 ﬁeri
1625 5713 1748 5767 pos-

573 5783 846 5850 Pa'rnoa.
883 5787 1166 5852 XCVIII.

1860 4510 2160 4565 habeantur
2173 4509 2228 4564 in
2243 4509 2455 4573 litteris,
2472 4524 2502 4562 a
2518 4507 2711 4563 divinis
2732 4516 2840 4562 tam
2854 4521 3145 4577 enprorsus
3159 4517 3283 4563 sunt
3302 4508 3435 4564 alie-

1856 4618 1928 4658 na
1974 4602 2289 4669 Scripturis.
2333 4602 2416 4654 An
2457 4614 2564 4653 non
2605 4601 2799 4655 divinis
2838 4599 3035 4656 litteris
3078 4600 3309 4656 alienum
3356 4607 3439 4657 est

1854 4693 1998 4761 quod
2023 4694 2091 4746 ab
2133 4691 2238 4745 illis
2279 4691 2562 4761 Chymaera
2594 4691 2790 4760 triceps
2829 4707 2861 4744 a
2899 4691 3307 4763 Bellerophonte
3333 4694 3437 4748 ﬁn-

1852 4784 1997 4854 gitur
2041 4780 2341 4848 interfecta,
2389 4796 2512 4836 cum
2543 4782 2900 4853 Bellerophon
2935 4801 3042 4840 non
3076 4786 3303 4840 bestiam
3327 4825 3341 4848 ,
3379 4792 3439 4836 ut

1850 4875 1927 4929 illi
1948 4873 2300 4939 mentiuntur,
2342 4876 2698 4944 prostraverit
2719 4915 2734 4940 ,
2759 4874 2851 4929 sed
2876 4883 3146 4938 montem,
3178 4883 3236 4925 ut
3272 4871 3436 4938 pleri-

1850 4979 1955 5034 que
1982 4964 2311 5035 intelligunt,
2357 4965 2703 5021 habitabilem
2732 4962 2954 5017 fecerit?
2981 4962 3064 5014 An
3095 4974 3202 5012 non
3238 4959 3432 5013 divinis

1853 5055 2150 5126 Scripturis
2169 5056 2404 5111 alienum
2434 5062 2536 5120 est,
2558 5055 2700 5124 quod
2731 5050 2954 5106 Vulcani
2975 5049 3149 5102 claudi
3173 5057 3229 5103 et
3251 5049 3434 5104 Terra:

1855 5146 1996 5202 ﬁlius
2027 5147 2411 5200 Erichthonius
2434 5159 2553 5199 esse
2577 5185 2591 5210 ,
2619 5152 2674 5198 et
2699 5142 2752 5194 in
2784 5146 2966 5194 monte
3000 5139 3203 5197 [Ethna
3228 5141 3433 5197 ferrum

1855 5251 2116 5304 coquere,
2150 5235 2370 5305 ejusque
2410 5233 2599 5288 fornax
2631 5231 2892 5285 Vesuvius
2928 5245 3083 5284 mons
3125 5228 3434 5299 Campania:

1854 5343 1971 5384 esse
1999 5330 2248 5399 ﬁngitur,
2287 5329 2379 5397 qui
2405 5324 2674 5392 perpetuis
2715 5323 2930 5390 ignibus
2958 5324 3148 5377 ardere
3192 5319 3435 5394 perhibe-

1857 5421 1976 5474 tur?
2023 5421 2105 5474 An
2151 5436 2257 5474 non
2291 5413 2482 5471 divinis
2519 5409 2817 5473 Scripturis
2861 5415 3032 5467 aliena
3078 5422 3240 5474 sunt,
3290 5405 3436 5471 (100d

1854 5511 2031 5582 Scylla
2053 5512 2317 5581 capitibus
2342 5499 2558 5563 ﬁngitur
2584 5498 2866 5559 succincta
2887 5503 3125 5560 caninis?
3154 5512 3206 5556 et
3234 5490 3442 5582 Phyllis

1852 5579 1939 5657 οὗ*
1957 5579 2195 5659 amori—3111
2230 5586 2442 5666 juvenis
2493 5583 2777 5649 θυιῖυδάίιῐῐι
2827 5597 2884 5650 in
2921 5594 3169 5648 arborem
3220 5579 3448 5666 ﬁngitur

1817 5745 1823 5749 .
1853 5707 1975 5747 esse
1997 5663 2298 5751 conversa?
2349 5680 2406 5730 et
2425 5671 2590 5726 altera
2626 5670 2826 5744 Scylla
2873 5702 2935 5744 eo
2960 5682 3104 5753 quod
3131 5685 3265 5742 Niso
3314 5663 3464 5736 patri

2872 5781 2942 5844 3'1
