4008 6154
590 278 728 339 “65

1424 270 1496 332 Β.
1539 275 1789 333 CAROLI
1821 266 2037 330 MAGNI
2070 272 2223 329 OPP.
2263 272 2442 329 PARS
2476 273 2540 329 ll.
2583 274 2826 332 sacrm
2860 268 2925 330 II.

3677 268 3801 324 ilbi

588 398 792 455 crinem
810 383 1100 448 absciderit
1112 403 1463 461 purpureum,
1496 398 1604 446 ω
1622 400 1745 443 cum
1771 395 1946 456 patre,
1966 392 2025 440 et
2042 383 2152 455 ltys
2176 392 2228 452 Α
2252 382 2337 437 vel
2361 384 2430 438 ad
2471 383 2814 438 tractandum
2859 381 3114 453 mystica,
3149 392 3203 439 et
3241 381 3543 455 pictoribus
3594 382 3660 435 ad
3709 381 3811 435 for-

586 488 655 543 ob
674 493 920 554 stuprum
938 490 1242 538 matertera:
1265 496 1299 536 a
1318 491 1473 551 patre
1495 488 1703 552 gestum
1726 488 1785 535 et
1800 478 2151 535 homicidium

585 577 776 632 matris
797 575 915 631 sive
939 581 1240 630 matertera
1272 573 1329 629 in
1376 574 1552 643 seipso
1574 581 1850 643 patratum
1874 586 1983 626 una
2023 585 2149 626 cum

584 667 895 737 patentibus
916 667 1029 722 sive
1040 672 1329 721 matertera
1346 666 1402 721 in
1422 666 1667 721 volucres
1692 665 1966 735 finguntur

585 757 861 813 conversi?
892 764 988 811 aut
1008 770 1135 813 cum
1176 756 1406 828 Syrenes
1439 771 1507 812 ex
1539 766 1693 828 parte
1720 756 1975 827 virgines,
2003 763 2059 810 et
2079 770 2167 835 ex.

582 855 739 918 parte
758 844 1003 905 volucres
1025 847 1332 919 ﬁnguntur?
1354 856 1451 903 aut
1476 863 1601 903 cum
1617 848 1769 903 lxion
1787 845 2033 902 illusione
2054 844 2149 899 Ju-

582 941 739 997 nonis
758 955 888 997 eum
906 940 1061 997 Nube
1083 943 1267 997 coiens
1284 940 1582 997 Ceutauos
1601 940 1820 1009 ﬁngitur
1828 936 2149 1009 generasse?

581 1035 816 1084 autem
842 1027 1119 1098 thunus
1154 1028 1375 1083 tridenti
1403 1035 1645 1083 amatus
1678 1026 1901 1082 marinis
1929 1024 2150 1096 ﬁngitur

581 1115 831 1173 ﬂuctibus
859 1116 1158 1173 dominari?
1196 1115 1283 1171 An
1308 1131 1417 1172 non
1456 1116 1653 1172 divinis
1693 1115 1989 1185 Scripturis
2017 1106 2163 1171 alie-i

581 1224 708 1265 num
725 1217 830 1273 est,
854 1208 1000 1279 quod
1038 1208 1267 1262 Perseus
1294 1215 1406 1263 tres
1436 1222 1653 1264 sorores
1679 1207 1958 1278 Gorgonas
1990 1206 2148 1276 adju-

580 1301 717 1357 torio
740 1299 991 1357 Iinervze
1013 1298 1349 1355 interfecisse
1371 1339 1388 1365 ,
1429 1306 1525 1354 aut
1568 1312 1694 1354 cum
1723 1298 1903 1354 alatus
1924 1311 2157 1381 aversus.

578 1393 756 1448 volare
782 1392 1025 1462 ﬁngitur,
1065 1399 1161 1445 aut
1186 1406 1311 1448 eum
1332 1391 1398 1445 de
1429 1391 1689 1460 sanguine
1713 1388 1831 1458 ejus
1855 1390 2008 1446 nasci
2035 1389 2145 1446 fer-

578 1493 666 1540 tur
708 1483 963 1556 Pegasus,
997 1497 1168 1553 equus
1203 1483 1417 1548 alatus,
1444 1483 1539 1552 qui
1582 1483 1779 1554 ungula
1802 1499 1903 1540 sua
1938 1482 2145 1539 fontem

576 1573 779 1643 rupisse
810 1571 975 1629 Musis
1000 1571 1445 1643 depingiturfAn
1472 1584 1581 1628 non
1614 1573 1812 1628 divinis
1845 1572 2145 1643 Scripturis

576 1665 904 1721 contrarium
934 1673 1038 1732 est,
1085 1666 1229 1735 quod
1250 1665 1635 1722 Prometheum
1666 1665 1910 1721 homines
1936 1678 2003 1718 ex
2029 1663 2145 1718 luto

2248 473 2501 529 mandum
2527 474 2831 541 familiaria,
2859 489 3082 544 prorsus
3108 483 3252 543 sunt,
3286 483 3345 530 ut
3364 472 3573 545 praefati
3610 486 3809 542 sumus,

2248 563 2495 621 adiviuis
2522 565 2720 621 litteris
2743 564 2937 620 aliena.
2978 563 3134 631 Nam,
3176 572 3238 621 ut
3260 573 3455 621 caetera
3498 572 3809 631 taceamus,

2248 655 2294 709 si
2318 655 2440 724 quis
2461 656 2635 725 pictor
2677 653 2783 711 duo
2816 656 2995 727 capita
3019 656 3076 712 in
3098 672 3205 712 uno
3226 670 3469 726 corpore,
3493 664 3587 710 aut
3615 653 3672 709 in
3694 652 3814 711 duo-

2245 744 2346 800 bus
2379 746 2694 816 corporibus
2718 754 2879 819 caput
2908 763 3103 814 unum,
3149 755 3242 803 aut
3276 746 3497 802 alterius
3529 746 3812 804 animantis

2247 847 2424 908 caput,
2452 839 2674 897 alterius
2696 850 2893 897 caetera
2925 840 3171 898 membra
3193 880 3209 907 ,
3241 848 3301 895 ut
3327 839 3809 910 Hippocentaurum

2247 938 2360 987 toto
2386 946 2612 1002 corpore
2635 933 2830 1004 equino
2859 942 2914 1003 et
2948 942 3124 1003 capite
3160 934 3430 998 humano,
3475 940 3531 986 et
3556 928 3782 987 Miuotau

2246 1025 2710 1087 rumjsemibovem
2739 1024 3156 1096 semivirumque
3177 1024 3392 1081 aﬁ‘ectet
3410 1024 3652 1095 pingere,
3684 1041 3810 1079 nun«

2246 1113 2375 1182 quid
2406 1129 2514 1169 non
2560 1112 2852 1187 Scripturis
2896 1116 3096 1173 dicitur
3127 1116 3439 1173 contraire?
3478 1115 3683 1185 Ecquid
3729 1126 3810 1173 est

2244 1205 2460 1271 dicere,
2497 1205 2623 1261 Non
2664 1218 2971 1264 contraeunt
3020 1211 3242 1281 pictores
3288 1206 3623 1279 Scripturis?
3662 1210 3810 1280 quasi

2243 1308 2353 1349 non
2385 1293 2564 1365 aliqua
2600 1310 2631 1350 a
2657 1296 2953 1367 pictoribus
2982 1299 3193 1368 possint
3223 1297 3441 1370 depingi
3481 1312 3602 1367 quae
3645 1298 3801 1355 sacris

2244 1382 2436 1439 litteris
2469 1386 2758 1442 credantur
2781 1386 3061 1459 refragari.
3086 1384 3142 1443 In
3176 1387 3348 1444 sacris
3372 1388 3573 1443 etenim
3596 1387 3798 1455 litteris,

2242 1476 2377 1531 nihil
2398 1478 2682 1547 vitiosum,
2709 1481 2843 1537 nihil
2885 1482 3288 1549 inconveniens,
3336 1481 3471 1537 nihil
3504 1480 3795 1552 impurum,

2242 1566 2376 1622 nihil
2416 1567 2631 1637 falsum,
2661 1572 2768 1626 nisi
2810 1571 2949 1628 forte
2990 1573 3045 1628 id
3083 1572 3227 1643 quod
3250 1586 3533 1643 perversos
3568 1588 3801 1645 quosque

2243 1658 2445 1714 dixisse
2487 1660 2572 1716 vel
2607 1660 2800 1719 fecisse
2844 1671 3033 1719 sancta
3084 1664 3364 1735 Scriptura
3402 1671 3796 1727 commemorat,

575 1756 792 1813 tinxisse
815 1755 1137 1812 inanimatos
1156 1754 1385 1827 ﬁngunt,
1413 1764 1469 1812 et
1488 1756 1736 1812 eumdem
1761 1755 2141 1811 Prometheum
2174 1735 2223 1798 Β
2243 1749 2458 1819 penitus
2505 1751 2808 1821 invenitur;
2849 1755 2905 1810 in
2947 1755 3172 1824 picturis
3209 1763 3389 1809 autem
3439 1752 3593 1825 plura
3635 1752 3761 1811 falsa
3782 1792 3800 1818 ,

574 1862 603 1901 a
628 1845 865 1902 Minerva
890 1846 945 1901 in
973 1844 1169 1903 omium
1186 1844 1421 1901 levatum
1456 1846 1599 1903 inter
1620 1860 1745 1905 oras
1774 1843 2140 1915 septemplicis

574 1939 763 2010 clypei,
789 1947 847 1996 et
879 1939 1009 1995 dum
1047 1938 1229 1993 omnia
1254 1937 1491 1993 cmlestia
1516 1938 1760 2003 vidisset;
1787 1935 1996 2005 ﬁngunt
2016 1950 2141 1991 eum

573 2027 799 2085 ferulam
841 2028 1146 2086 thbiacis
1176 2030 1471 2101 applicasse
1498 2030 1634 2085 rotis
1657 2069 1673 2095 ,
1700 2030 1989 2098 ignemque
2020 2043 2143 2086 esse

573 2119 806 2175 furatum
820 2160 836 2188 ,
860 2127 917 2179 et
933 2122 1243 2191 pectusculo
1276 2122 1510 2179 hominis
1533 2138 1693 2193 quem
1714 2121 1945 2177 ﬁnxerat
1971 2122 2144 2191 appli-

571 2218 692 2266 cato
731 2212 1024 2268 animatum
1063 2214 1360 2270 reddidisse
1396 2214 1628 2283 corpus?
1667 2213 1750 2268 An
1792 2227 1900 2268 non
1944 2212 2143 2268 divinis

571 2301 863 2373 Scripturis
902 2305 1233 2361 contrarium
1259 2314 1378 2371 est,
1426 2305 1571 2374 quod
1603 2302 1887 2359 Tantalum
1930 2301 2141 2372 ﬁngunt

569 2393 624 2448 in
646 2394 859 2451 inferno
880 2397 936 2451 in
956 2398 1186 2467 quodam
1202 2397 1325 2452 lacu
1354 2396 1685 2465 depositum,
1711 2394 1868 2464 eique
1888 2392 2140 2450 fallacem

569 2498 762 2555 aquam
781 2487 982 2557 gulosis
1012 2487 1150 2542 labia
1171 2486 1529 2542 titillamentis
1556 2486 1839 2556 attingere,
1866 2497 2140 2554 pomaque

569 2573 807 2645 fugitivis
849 2576 1238 2632 cinerescentia
1288 2577 1520 2632 tactibus
1550 2578 1778 2646 desuper
1805 2574 1943 2631 facie
1980 2582 2141 2632 tenus

569 2662 798 2734 pendula
824 2678 1117 2735 apparere,
1156 2666 1315 2736 eique
1357 2680 1479 2722 esse
1514 2666 1835 2736 locupletem
1869 2666 2044 2721 visum
2080 2672 2139 2722 et

568 2766 855 2823 pauperem
877 2754 1161 2817 effectum?
1185 2756 1270 2810 An
1306 2770 1417 2813 non
1442 2757 1638 2812 divinis
1678 2756 1973 2827 Scripturis
2007 2755 2139 2811 alie-

565 2855 695 2897 num
716 2850 822 2911 est,
867 2859 991 2901 cum
1027 2844 1266 2901 Phineus
1306 2860 1480 2903 caicus
1514 2846 1765 2917 ﬁngitur,
1807 2843 1963 2915 cujus
1985 2845 2137 2903 cibos

565 2929 811 3004 Harpyiae
853 2934 1112 3004 rapuisse,
1157 2933 1380 3005 ejusque
1397 2936 1622 3006 prandia
1664 2937 1993 2993 stercoribus
2041 2935 2138 2993 fos-

2238 1839 2390 1909 plura
2434 1841 2647 1908 vitiosa,
2683 1843 2839 1914 plura
2881 1844 3338 1917 inconsequentia,
3367 1843 3522 1915 plura
3556 1844 3802 1899 inconve-

2237 1931 2458 1999 nientia,
2488 1942 2563 2001 et,
2591 1945 2652 1991 ut
2681 1935 2891 2008 singula
2915 1944 3136 2004 taceam,
3172 1952 3309 2008 pene
3338 1934 3517 1992 omnia
3550 1936 3664 1991 sive
3689 1950 3809 2005 p09

2240 2025 2417 2081 sibilia
2435 2067 2451 2093 ,
2481 2027 2596 2084 sive
2624 2030 3002 2101 impossibilia,
3043 2031 3110 2086 ab
3140 2030 3366 2085 eruditis
3394 2029 3692 2099 pictoribus
3722 2026 3813 2081 de-

2238 2115 2533 2188 pinguntur
2563 2133 2578 2173 :
2611 2121 2806 2189 quibus
2826 2120 3159 2176 documentis
3196 2117 3426 2175 Joannes
3444 2120 3729 2188 presbyter
3756 2122 3815 2170 et

2238 2209 2447 2284 legatus
2482 2211 2832 2269 Orientalium
2869 2214 2924 2266 in
2966 2213 3069 2266 hac
3102 2226 3312 2279 quoque
3349 2218 3535 2277 parte,
3568 2210 3710 2264 sicut
3747 2222 3818 2268 et

2238 2302 2296 2358 in
2335 2303 2542 2359 caeteris
2567 2302 2824 2357 delirasse
2864 2299 3217 2355 convincitur.
3249 2297 3402 2366 Quod
3435 2306 3614 2353 autem
3639 2313 3812 2368 pres-

2234 2392 2387 2463 byter
2409 2390 2549 2444 idem
2570 2390 2673 2455 ait,
2703 2390 2925 2460 pictores
2962 2388 3214 2459 quidquid
3251 2389 3523 2459 Scriptura
3573 2385 3817 2458 loquitur

2234 2481 2610 2545 demonstrare,
2635 2496 2796 2549 quam
2825 2481 2896 2545 sit
2922 2479 3117 2534 falsum
3148 2493 3418 2548 quamque
3445 2478 3656 2543 inutile,
3680 2494 3811 2548 pru-

2234 2574 2364 2630 dens
2384 2573 2556 2628 lector
2581 2573 2845 2627 advertat.
2878 2570 3257 2642 Nunquidnam
3289 2571 3483 2625 divina:
3509 2580 3699 2626 cuncta
3727 2572 3805 2627 le-

2234 2665 2316 2736 gis
2340 2671 2610 2735 prmepta
2652 2676 2773 2731 quae
2798 2676 2833 2717 a
2859 2663 3084 2718 Domino
3126 2676 3224 2732 per
3261 2662 3481 2731 Moysen
3503 2661 3623 2716 data
3657 2670 3801 2726 sunt,

2235 2760 2296 2812 ut
2311 2764 2395 2812 est
2414 2752 2562 2820 illud,
2584 2752 2723 2809 Audi
2744 2753 2933 2819 Israel,
2947 2755 3202 2809 Dominus
3226 2753 3498 2809 Deustuus
3516 2753 3650 2807 Deus
3673 2769 3804 2809 unus

2236 2853 2311 2901 est
2338 2843 2516 2918 (Deut.
2538 2842 2635 2912 vi),
2665 2851 2719 2898 et
2737 2852 2932 2900 caetera
2958 2844 3345 2913 hujuscemodi,
3371 2845 3427 2899 in
3454 2845 3649 2915 quibus
3672 2844 3801 2899 nihil

2236 2946 2429 2993 sonant
2456 2951 2576 3006 qua:
2616 2936 2765 3007 pingi
2785 2937 3012 3006 possint,
3045 2951 3077 2989 a
3102 2936 3397 3006 pictoribus
3431 2936 3801 2992 demonstran-

564 3024 721 3080 dasse
764 3025 1089 3096 pinguntur,
1146 3040 1281 3097 quas
1330 3028 1492 3087 Zetus
1539 3038 1594 3084 et
1627 3028 1803 3085 Calais
1853 3028 2135 3099 Aquilonis
2163 3077 2208 3099 Α
2236 3024 2359 3079 tur?
2394 3023 2772 3094 Nunquidnam
2820 3025 3000 3080 omnia
3047 3024 3211 3080 verba
3268 3024 3648 3096 prophetarum
3671 3066 3686 3093 ,
3752 3026 3802 3082 in

565 3115 710 3170 venti
747 3077 1092 3188 liliiufugasse
1134 3077 1182 3174 ἰ
1196 3128 1485 3190 conspectu
1522 3120 1642 3190 ejus
1670 3077 1999 3176 mendaciier
2025 3119 2131 3176 lin-
2160 3077 2210 3145 c
2235 3114 2431 3185 quibus
2461 3077 2748 3181 doctrinae,
2777 3113 3200 3181 exhortationes,
3227 3077 3654 3187 redargutiones,
3682 3132 3801 3172 con~

565 3207 796 3277 guntur?
828 3206 914 3263 An
944 3224 1053 3265 non
1091 3210 1289 3269 divinis
1332 3212 1626 3283 Scripturis
1668 3211 2003 3268 contrarium
2024 3220 2133 3282 est,

564 3309 689 3349 cum
716 3294 977 3353 Admetus
1000 3312 1095 3353 rex
1120 3299 1361 3367 Graeciae,
1385 3308 1445 3356 ut
1462 3301 1694 3358 Alceste:
1713 3299 1962 3373 conjugis
1989 3300 2137 3359 frue-

565 3394 714 3442 retur
747 3389 1042 3445 secundum
1065 3392 1398 3461 propositum
1420 3396 1594 3453 soceri
1623 3395 1833 3451 leonem
1857 3403 1913 3451 et
1939 3411 2135 3466 aprum

564 3477 632 3539 ad
656 3481 879 3535 ‘currum
911 3480 1071 3535 simul
1098 3479 1335 3549 junctos,
1381 3482 1641 3553 Apollinis
1664 3493 1721 3538 et
1754 3484 2001 3540 Herculis
2039 3486 2137 3541 ad-

566 3566 821 3638 iutorium
853 3570 1102 3627 habuisse
1128 3574 1405 3643 pingitur?
1437 3576 1544 3628 Aut
1563 3590 1688 3629 cum
1718 3575 1979 3632 Hercules
2005 3577 2137 3633 Cer-

567 3655 755 3712 berum
774 3659 1063 3728 tricipitem
1088 3676 1279 3718 canem
1306 3662 1602 3719 inferorum
1630 3665 1972 3725 interemisse
2007 3669 2134 3739 pin-

566 3743 745 3811 gitur?
787 3744 874 3801 An
925 3760 1035 3803 non
1075 3748 1272 3807 divinis
1303 3751 1601 3823 Scripturis
1648 3757 1981 3812 contrarium
2028 3769 2132 3828 est,

566 3834 707 3905 quod
749 3836 1046 3895 Acteonem
1070 3842 1358 3911 quemdam
1388 3851 1697 3901 venatorem
1739 3860 1803 3902 eo
1828 3848 1972 3916 quod
2011 3849 2137 3904 Dia-

567 3939 693 3983 nam
736 3928 1001 3986 lavantem
1043 3932 1254 4000 viderit,
1303 3934 1361 3990 in
1389 3949 1607 3992 cervum
1633 3936 1844 4008 lingunt
1865 3952 1984 3995 esse
2008 3955 2136 3996 con-

568 4032 800 4089 versum,
839 4029 896 4077 et
933 4037 966 4077 a
990 4024 1216 4081 canibus
1261 4027 1375 4082 suis
1400 4043 1509 4083 non
1543 4030 1813 4100 agnitum,
1843 4046 2137 4104 eorumque

566 4114 836 4170 morsibus
861 4113 1213 4173 devoratum?
1233 4116 1319 4173 An
1336 4132 1444 4174 non
1469 4119 1666 4178 divinis
1692 4120 1986 4191 Scripturis
2008 4139 2137 4181 con-

566 4204 793 4259 trarium
847 4210 934 4260 est
954 4242 973 4272 ,
1033 4208 1175 4277 quod
1240 4208 1597 4279 Berecynthia
1641 4226 1866 4282 puerum
1920 4213 2134 4272 formo-

568 4292 839 4349 sissimum
862 4293 1006 4366 Atyn
1036 4311 1246 4352 amasse
1268 4336 1286 4363 ,
1325 4314 1554 4369 eumque
1582 4302 1862 4375 zelotypus
1890 4301 2147 4366 vanitate

2233 3202 2628 3274 templationes,
2683 3203 2863 3271 minae,
2913 3202 2998 3259 vel
3024 3214 3217 3261 caetera
3263 3206 3350 3261 his
3392 3205 3587 3262 similia
3632 3207 3803 3262 conti-

2233 3301 2453 3362 nentur,
2497 3293 2554 3349 in
2579 3291 2775 3365 quibus
2800 3294 2993 3350 crebro
3033 3293 3335 3362 invenitur,
3376 3293 3505 3351 Haec
3530 3296 3656 3352 dicit
3697 3296 3805 3352 Do-

2234 3388 2406 3442 minus
2427 3426 2444 3452 ,
2470 3394 2582 3451 aut,
2612 3384 2820 3440 Iuravit
2848 3384 3123 3457 Dominus,
3162 3396 3256 3444 aut
3295 3386 3381 3445 his
3423 3390 3649 3456 similia,
3686 3407 3807 3462 quae

2236 3478 2304 3533 ab
2334 3476 2685 3547 scriptoribus
2715 3478 2896 3548 potius
2920 3495 3083 3552 quam
3118 3498 3148 3537 a
3168 3484 3460 3553 pictoribus
3477 3495 3769 3542 exarantur
3786 3528 3804 3555 ,

2234 3568 2445 3639 pictura
2468 3570 2762 3626 secundum
2786 3569 2899 3641 ejus
2926 3574 3219 3633 vanitatem
3242 3579 3608 3636 demonstrare
3629 3580 3811 3638 valet?

2235 3658 2613 3731 Nunquiduam
2660 3663 2823 3718 verba
2866 3663 3036 3734 ipsius
3078 3667 3292 3724 Domini
3338 3679 3395 3726 et
3438 3673 3807 3744 apostolorum

2236 3751 2445 3822 singula
2477 3766 2509 3806 a
2536 3752 2834 3823 pictoribus
2871 3768 3097 3827 possunt
3132 3760 3524 3819 demonstrari?
3567 3764 3813 3822 Pictore:

2235 3842 2401 3913 igitur
2424 3856 2605 3899 rerum
2624 3854 2897 3917 gestarum
2923 3850 3177 3908 historias
3212 3854 3279 3911 ad
3306 3836 3625 3912 memoriam
3655 3859 3815 3915 redu~

2237 3949 2360 3990 cere
2401 3937 2792 4006 quodammodo
2831 3941 3030 4010 valent,
3065 3958 3152 3999 res
3200 3953 3380 4001 autem
3407 3963 3529 4018 quae
3567 3949 3816 4007 sensibus

2237 4029 2609 4083 tantummodo
2632 4029 3003 4101 percipiuntur
3025 4042 3080 4090 et
3104 4036 3281 4092 verbis
3308 4037 3668 4109 proferuntur,
3696 4056 3812 4095 non

2235 4134 2269 4174 a
2302 4120 2598 4191 pictoribus
2621 4161 2637 4187 ,
2676 4124 2771 4179 sed
2798 4124 2866 4180 ab
2914 4126 3268 4197 scriptoribus
3301 4134 3681 4204 comprehendi
3705 4174 3723 4202 ,
3756 4142 3817 4189 ct

2237 4210 2467 4266 aliorum
2506 4211 2763 4270 relatibus
2814 4216 3166 4274 demonstrari
3221 4221 3432 4291 valent,
3482 4241 3547 4281 ac
3574 4240 3673 4297 per
3711 4226 3817 4282 hoc

2237 4302 2529 4359 absurdum
2558 4312 2642 4361 est
2660 4306 2841 4363 dicere
2868 4322 2883 4362 :
2912 4308 3039 4365 Non
3075 4323 3383 4371 contraeunt
3420 4318 3641 4389 pictores
3665 4318 3817 4375 Ξενία

566 4394 826 4488 succepsa
846 4392 1141 4488 castrasse,
1168 4394 1224 4488 et
1247 4389 1678 4488 semimasculum
1720 4394 1916 4453 fecisse
1946 4399 2134 4469 depin-
2158 4424 2214 4488 Β
2235 4396 2552 4488 pturis,_sed
2576 4398 2828 4471 quidquid
2858 4400 3130 4475 Scriptura
3167 4406 3423 4479 loquitur,
3467 4412 3563 4465 hoc
3596 4411 3815 4467 demon-

566 4473 748 4545 gitur?
773 4476 860 4532 An
882 4491 990 4532 non
1034 4478 1230 4534 divinis
1278 4480 1573 4553 Scripturis
1626 4490 1958 4546 contrarium
2006 4503 2092 4550 est
2114 4532 2132 4560 ,

566 4569 711 4636 quod
753 4569 996 4638 Orpheus
1021 4570 1308 4631 Euridicen
1339 4581 1630 4650 nympham
1662 4596 1872 4639 amasse
1915 4592 1971 4639 et
2001 4601 2134 4643 sono

567 4655 804 4747 cytherea
845 4670 1159 4727 persuasam
1201 4680 1426 4722 uxorem
1458 4670 1675 4727 duxisse
1710 4672 1968 4745 pingitur,
2006 4691 2129 4747 quas

564 4746 730 4802 etiam
749 4746 876 4805 dum
898 4748 1096 4807 Aristei
1127 4758 1359 4825 pastoris
1378 4764 1806 4828 persecutionem
1825 4780 1934 4821 non
1956 4746 2135 4824 ferens

563 4837 791 4910 fugeret,
819 4848 876 4898 et
894 4841 951 4897 in
978 4855 1285 4915 serpentem
1311 4849 1552 4907 incidens
1566 4863 1779 4909 mortua
1801 4864 1966 4922 esset,
1993 4871 2138 4913 eam-

564 4943 672 5000 que
721 4934 947 4990 maritus
989 4935 1274 5009 insequens
1325 4942 1394 4998 ad
1430 4942 1633 4999 inferos
1661 4945 2038 5013 descenderet,
2077 4956 2134 5005 et

564 5020 738 5090 legem
762 5027 1029 5097 acciperet
1054 5046 1122 5087 ne
1169 5047 1290 5088 eam
1322 5048 1616 5090 cumversus
1638 5034 1940 5103 aspiceret,
1988 5038 2131 5094 hanc

565 5127 854 5173 conversus
880 5125 1151 5192 aspexisse
1172 5133 1227 5180 et
1249 5125 1425 5179 denuo
1451 5126 1752 5193 perdidisse
1774 5127 2027 5200 ﬁngitur?
2045 5130 2131 5187 An

564 5218 674 5261 non
704 5206 899 5266 divinis
920 5209 1211 5282 Scripturis
1233 5210 1467 5268 alienum
1490 5223 1602 5282 est,
1636 5219 1781 5288 quod
1805 5221 1984 5279 Venus
2008 5240 2138 5280 cum

560 5293 731 5354 Marte
753 5302 1107 5357 concubuisse
1133 5312 1188 5357 et
1210 5318 1243 5357 a
1273 5301 1396 5360 Sole
1418 5305 1754 5379 deprehensa
1769 5353 1787 5378 ,
1812 5322 1868 5369 et
1895 5316 2136 5375 Vulcano

559 5390 807 5459 prodita,
855 5398 914 5448 et
956 5393 1025 5448 ab
1064 5393 1157 5450 illo
1206 5395 1567 5458 adamantlnis
1605 5407 1808 5462 catenis
1854 5424 1961 5463 una
2012 5425 2136 5464 cum

560 5477 730 5536 Marte
772 5481 1008 5553 pingitur
1036 5484 1202 5542 fuisse
1236 5488 1492 5560 religata?
1521 5494 1651 5552 Haec
1674 5503 1730 5550 et
1764 5497 1851 5552 his
1896 5498 2093 5554 similia
2114 5539 2133 5567 ,

563 5579 765 5659 quaret
786 5573 943 5629 nobis
976 5576 1044 5632 ad
1067 5579 1418 5638 retexendum
1437 5593 1568 5641 sunt
1593 5585 1897 5653 fastidiosa,
1918 5596 1976 5643 et
1999 5601 2134 5659 poe-

565 5649 638 5707 tis
653 5655 777 5710 sive
785 5659 1112 5731 philosophis
1128 5668 1370 5738 gentium
1387 5676 1476 5731 vel
1495 5678 1567 5734 ad
1584 5649 1911 5737 cantandum
1925 5649 2133 5751 sativis,

2240 4495 2404 4541 trant.
2427 4486 2598 4545 Porro
2636 4491 2777 4561 quod
2801 4492 2894 4560 ait,
2924 4494 3217 4553 Concordes
3237 4508 3360 4555 sunt
3390 4498 3817 4574 Scripturarum,

2240 4592 2402 4647 quam
2423 4578 2496 4635 sit
2519 4579 2781 4637 insulsum
2800 4623 2816 4650 ,
2840 4600 3107 4657 quamque
3128 4591 3428 4657 absurdum
3444 4633 3460 4658 ,
3489 4596 3678 4650 multis
3707 4612 3818 4664 PO‘

2238 4678 2346 4727 test
2380 4675 2665 4744 approbari
2695 4678 2927 4736 indiciis.
2961 4681 3181 4749 Qualem
3200 4687 3338 4741 enim
3363 4689 3815 4747 concordantiam

2235 4772 2462 4831 possunt
2482 4767 2685 4823 habere
2708 4784 2832 4824 cum
2865 4772 3156 4845 Scripturis
3180 4776 3364 4843 sacris,
3404 4792 3530 4832 cum
3562 4778 3673 4835 illm
3712 4797 3817 4838 ve-

2238 4867 2392 4908 races
2435 4855 2566 4921 sint,
2595 4856 2684 4929 isti
2720 4859 3036 4936 plerumque
3082 4868 3217 4925 falsa
3256 4868 3606 4942 contingant?
3641 4881 3702 4930 et
3749 4874 3819 4930 de

2237 4945 2345 5001 illis
2363 4945 2596 5016 dicatur,
2619 4949 2845 5022 Eloquia
2877 4955 3091 5015 Domini
3115 4960 3321 5035 eloquia
3343 4971 3489 5018 casta
3514 4963 3672 5035 (Paul
3701 4967 3788 5037 ιι)
3803 5006 3817 5032 ,

2238 5038 2331 5093 isti
2363 5038 2635 5097 interdum
2656 5042 2859 5115 ﬁngant
2882 5047 3092 5120 impura
3119 5061 3176 5107 et
3196 5052 3441 5109 incesta?
3462 5053 3574 5110 Illae
3597 5069 3815 5128 semper

2237 5130 2497 5186 suadeant
2543 5133 2770 5192 honesta
2798 5148 2854 5195 et
2904 5142 3138 5200 salubria
3154 5185 3170 5212 ,
3219 5147 3311 5203 isti
3343 5148 3622 5207 multoties
3665 5153 3809 5208 inbo-

2237 5230 2392 5277 nesta
2428 5230 2485 5277 et
2509 5223 2777 5285 ludibria?
2809 5232 2919 5289 illa
2950 5248 3166 5306 semper
3198 5237 3405 5294 instent
3433 5240 3689 5306 humana:
3728 5259 3815 5300 sa-

2236 5313 2357 5382 luti,
2394 5316 2487 5372 isti
2510 5318 2827 5392 plerumque
2868 5327 3127 5382 vanitati?
3148 5328 3258 5384 lllze
3286 5344 3507 5403 semper
3533 5336 3810 5391 hortentur

2237 5410 2306 5463 ad
2348 5411 2588 5469 omlestia
2616 5416 2755 5471 dona
2777 5453 2792 5483 ,
2840 5419 2931 5474 isti
2970 5423 3162 5481 crebro
3195 5426 3507 5500 depingunt
3535 5430 3811 5487 terrestria

2235 5515 2463 5573 quaeque
2505 5514 2562 5560 et
2591 5508 2825 5564 caduca?
2859 5511 3070 5578 Quanta
3097 5518 3246 5574 enim
3291 5522 3682 5579 concordantia
3732 5531 3811 5578 est

2238 5592 2381 5649 inter
2402 5596 2459 5652 id
2493 5599 2635 5666 quod
2669 5614 2880 5672 semper
2914 5607 3125 5664 veritati
3169 5610 3441 5681 innititur,
3488 5620 3547 5671 et
3573 5616 3631 5670 id
3669 5613 3810 5685 quod

2238 5685 2554 5758 plerumque
2579 5692 2879 5765 veritatem,
2902 5698 3222 5775 plantusque
3250 5706 3544 5768 falsitam
3575 5707 3788 5769 insesui
