4008 6154
645 320 782 377 1167

1211 434 1435 491 CAPUT
1479 436 1646 494 XXV.

636 547 789 614 Quod
845 550 1110 632 nonmidleo
1158 551 1597 632 adorandw‘sunt
1635 557 1886 627 imagines
1935 563 2075 630 quod
2118 579 2210 632 per

700 636 807 681 eas,
841 629 895 672 ut
917 618 994 671 illi
1025 620 1222 684 dicunt,
1267 622 1518 676 nonnulla
1539 626 1688 694 signa
1738 618 2029 683 monstrata
2075 618 2210 700 fdis-

702 706 757 742 se
822 698 1086 758 putentur,
1135 705 1252 742 cum
1280 699 1454 744 tamen
1481 710 1584 747 non
1611 711 1788 750 omnes
1814 715 1897 753 res
1920 698 2210 756 adorentur

697 775 790 827 per
816 756 945 827 quas
971 756 1047 811 vel
1073 759 1129 811 in
1157 759 1342 828 quibus
1364 763 1625 817 miracula
1646 779 1920 836 apparent.

697 847 811 902 Hoc
838 847 1001 901 etiam
1020 847 1125 902 illis
1148 849 1214 902 ad
1236 865 1392 904 suum
1417 865 1660 908 errorem
1680 860 2029 914 astruendum
2051 857 2210 915 fami—

619 935 754 990 liare
802 944 903 1001 est,
936 938 1077 1005 quod
1103 951 1200 1004 per
1233 940 1495 1006 quasdam
1524 941 1786 1012 imagines
1810 947 2073 1001 nonnulla
2102 950 2204 1004 mi-

617 1027 804 1082 racula
840 1026 980 1081 facta
1009 1027 1174 1082 fuisse
1203 1031 1490 1098 perhibent
1518 1049 1530 1083 :
1559 1036 1702 1101 quod
1730 1043 1911 1091 tamen
1960 1054 2060 1094 nec
2098 1041 2205 1095 Ve-

617 1120 752 1174 teris
796 1135 895 1174 nec
922 1119 1054 1173 Novi
1090 1119 1419 1175 Testamenti
1451 1124 1645 1194 pagina
1681 1127 2041 1196 demonstrat,
2084 1147 2203 1200 qua:

616 1211 832 1279 quidem
876 1219 930 1265 et
969 1212 1014 1264 si
1066 1212 1273 1279 uspiam
1301 1213 1414 1266 visa
1458 1215 1541 1268 vel
1579 1217 1756 1271 audita
1790 1220 1956 1276 fuisse
2007 1223 2204 1289 proba-

613 1310 824 1366 rentur,
859 1300 1213 1356 dubitandum
1241 1312 1380 1367 erat,
1430 1321 1497 1358 ne
1526 1305 1663 1360 forte
1697 1311 1925 1366 tortuosi
1977 1325 2204 1381 serpen-

614 1391 687 1445 tis
717 1389 1127 1445 ﬂexuosissimis
1160 1393 1433 1446 meandris
1473 1394 1786 1450 viderentur
1817 1401 1900 1454 vel
1951 1401 2202 1458 audiren-

614 1490 724 1547 tur,
755 1483 847 1550 qui
887 1498 1010 1536 cum
1037 1483 1108 1534 sit
1151 1484 1461 1537 teterrimus
1509 1494 1563 1539 et
1591 1490 1827 1545 tenebris
1854 1507 1964 1546 sum
1995 1495 2191 1562 nequi-

609 1573 699 1628 tiae
728 1572 955 1635 obsitus,
986 1571 1337 1642 transﬁgurat
1361 1590 1419 1628 se
1445 1574 1497 1628 in
1530 1578 1779 1647 angelum
1808 1581 1963 1646 lucis,
1996 1585 2200 1639 audens

605 1680 665 1720 se
693 1666 870 1720 dicere
893 1665 1087 1718 lucem.
1118 1664 1281 1719 Multa
1309 1667 1507 1721 etenim
1534 1669 1705 1739 signa,
1735 1672 2012 1742 multaque
2034 1675 2201 1729 mira-

604 1757 744 1822 cula,
798 1772 896 1826 per
940 1756 1160 1827 angelos
1220 1757 1454 1828 refugas,
1514 1762 1596 1815 vel
1653 1765 1816 1819 etiam
1842 1782 1941 1834 per
2003 1783 2192 1822 eorum

603 1864 866 1919 sequaces
920 1848 1076 1914 ﬁunt,
1142 1850 1235 1919 qui
1262 1851 1388 1905 dum
1433 1853 1542 1907 sint
1591 1857 1860 1924 spiritales
1909 1861 2185 1928 potentiae,

601 1949 676 2006 et,
707 1948 765 1994 ut
789 1940 864 1994 ita
898 1939 1150 2004 dixerim,
1195 1941 1462 2010 spiritales
1492 1947 1763 2013 nequitize,
1794 1957 1848 2002 et
1880 1953 2188 2020 prophetias

600 2028 907 2084 infelicibus
960 2029 1262 2098 quibusque
1305 2031 1644 2101 impertiunt,
1681 2044 1736 2090 et
1773 2039 2003 2095 virtutes
2050 2043 2190 2096 mul-

599 2129 684 2176 tas
710 2136 811 2190 per
848 2136 974 2176 suos
1037 2121 1294 2176 satellites
1350 2121 1557 2178 faciunt
1598 2145 1610 2177 :
1662 2127 1728 2181 de
1775 2129 1969 2195 quibus
2026 2141 2186 2186 erunt

598 2213 682 2282 illi
717 2213 808 2283 qui
849 2212 1045 2267 dicturi
1075 2221 1220 2279 sunt,
1249 2214 1492 2281 Domine,
1523 2216 1764 2284 Domine,
1798 2236 1966 2273 nonne
1994 2222 2050 2274 in
2093 2239 2187 2276 no-

595 2310 735 2362 mine
785 2317 872 2359 tuo
906 2307 1326 2377 prophetavimus
1355 2310 1484 2361 etin
1535 2311 1742 2362 nomine
1789 2319 1878 2364 tuo
1921 2312 2184 2368 dremonia

592 2399 864 2468 ejecimus,
913 2407 960 2450 et
991 2399 1046 2450 in
1073 2400 1281 2452 nomine
1320 2407 1410 2453 tuo
1442 2401 1654 2454 virtutes
1694 2401 1886 2456 multas
1916 2403 2133 2472 fecimus
2158 2405 2184 2458 ?

596 2490 802 2558 Quibus
863 2498 1096 2543 aeternus
1156 2491 1360 2544 arbiter
1402 2492 1644 2548 dicturus
1688 2502 1807 2548 est:
1843 2494 2033 2549 Nescio
2090 2515 2179 2553 vos

592 2582 810 2654 (Matth.
836 2579 956 2650 vn).
996 2577 1141 2650 Quia
1172 2581 1338 2651 igitur
1365 2582 1518 2651 signa
1558 2583 1875 2651 plerumque
1910 2582 2176 2638 diabolica

589 2676 847 2730 instinctu
882 2677 1038 2741 ﬁunt,
1085 2678 1205 2732 ideo
1248 2675 1598 2729 beatissimus
1638 2674 1934 2745 Gregorius
1973 2684 2173 2730 sancta:

591 2767 850 2823 Romana:
880 2768 1136 2823 Ecclesiae
1170 2775 1407 2820 antestes
1444 2760 1625 2820 dixit:
1672 2785 1690 2816 ‹
1748 2765 1942 2830 Nolite,
1977 2766 2174 2820 fratres

586 2860 715 2924 mei,
753 2874 936 2917 amare
967 2859 1118 2932 signa
1146 2874 1264 2927 quae
1293 2867 1520 2928 possunt
1543 2874 1667 2913 cum
1693 2861 1936 2928 reprobis
1984 2858 2175 2913 haberi

583 2951 909 3004 communia.
976 2967 995 3001 ι
1052 2947 1437 3002 Sanctissimus
1480 2962 1694 3018 quoque
1732 2949 2088 3019 Augustinus,
2140 2965 2172 3002 a

583 3042 914 3097 daemonibus
958 3041 1217 3096 miracula
1266 3040 1401 3104 ﬁeri,
1471 3042 1670 3096 similia
1723 3042 2002 3097 miraculis
2046 3057 2166 3111 qua:

583 3132 720 3187 ﬁunt
755 3147 853 3202 per
911 3139 1126 3186 sanctos
1175 3146 1360 3187 servos
1397 3132 1494 3186 Dei
1542 3133 1629 3187 his
1670 3132 1851 3187 verbis
1914 3140 2164 3186 testatur.

1547 330 1607 383 Β.
1646 330 1897 389 CAROLI
1937 332 2153 390 MAGNI
2190 333 2342 392 OPP.
2383 336 2562 397 PARS
2599 344 2662 398 Π.
2701 345 2942 406 SECTIO
2977 350 3041 405 II.

3766 359 3884 418 1168

2242 453 2296 510 Α
2320 450 2494 508 lenter
2504 443 2744 514 suadeat.
2763 460 2819 516 Si
2833 479 2960 520 vero
2971 479 3262 536 apparuere
3274 467 3326 523 in
3338 469 3562 526 veritate
3574 470 3746 543 signa,
3761 477 3889 546 quod

2314 551 2493 600 tamen
2512 549 2623 602 ﬁeri
2639 550 2834 608 nullius
2845 556 3010 609 certis
3024 556 3265 612 lectionis
3275 561 3531 626 probatur
3544 562 3888 635 documentis,

2313 649 2478 697 etnec
2492 645 2770 702 mendacio
2785 648 2995 703 illorum
3013 651 3069 705 in
3087 652 3185 707 hac
3197 661 3348 720 parte
3365 657 3626 709 sententia
3640 657 3888 731 subiacet,

2310 746 2410 787 nec
2457 732 2810 792 fraudulentis
2851 741 3022 796 hostis
3071 744 3562 801 machinationibus
3603 754 3886 808 secundum

2308 829 2682 900 exemplaquaa
2707 835 2954 902 superius
2981 846 3278 892 monstrata
3310 848 3450 902 sunt,
3476 844 3570 896 sed
3595 842 3688 896 Dei
3711 860 3887 914 opera-

2310 917 2454 973 tione
2479 929 2630 991 gesta
2653 923 2950 990 probantur
2978 927 3063 981 cui
3107 936 3298 984 cuncta
3332 937 3458 983 sunt
3481 932 3771 1000 possibilia,
3802 939 3884 992 cui

2309 1007 2443 1061 nihil
2465 1010 2798 1080 impossibile
2833 1024 2938 1081 est,
2971 1018 3509 1075 animadvertendum
3560 1039 3886 1096 summopere

2307 1108 2392 1154 est
2420 1103 2562 1170 quod
2583 1118 2704 1157 cum
2733 1106 2899 1161 multa
2932 1117 2986 1162 et
3011 1112 3274 1180 stupenda
3308 1122 3442 1166 nutu
3483 1113 3577 1168 Dei
3610 1131 3708 1184 per
3735 1134 3885 1188 quas-

2309 1191 2433 1244 dam
2480 1202 2783 1261 creaturas,
2835 1198 2918 1252 vel
2969 1201 3130 1255 etiam
3171 1201 3225 1256 in
3269 1204 3575 1274 quibusque
3630 1213 3883 1268 creaturis

2305 1288 2520 1348 peracta
2549 1283 2768 1352 fuerint,
2820 1304 2928 1343 non
2969 1292 3150 1345 omnia
3185 1293 3240 1346 in
3287 1295 3484 1362 quibus
3525 1296 3609 1350 vel
3644 1313 3740 1366 per
3757 1316 3880 1369 quas

2306 1368 2446 1424 facta
2498 1374 2606 1428 sint
2663 1378 2936 1434 adoranda
2992 1383 3314 1450 credantur,
3357 1386 3620 1453 quoniam
3671 1368 3876 1458 quidem

2251 1479 2258 1488 '
2305 1465 2643 1532 omnipotens
2693 1471 2833 1525 Deus
2881 1473 3032 1542 signa
3078 1476 3345 1546 pleraque
3404 1493 3523 1546 quae
3571 1482 3880 1538 mortalibus

2305 1557 2556 1622 ostendit,
2583 1575 2701 1628 qua:
2725 1577 2822 1631 per
2842 1580 2930 1618 res
2958 1567 3222 1634 quasdam
3244 1568 3488 1625 visibiles
3508 1580 3560 1625 et
3582 1575 3878 1632 tractabiles

2303 1646 2455 1713 fecit,
2497 1659 2766 1719 quatenus
2807 1653 3105 1709 visibilium
3130 1665 3185 1712 et
3243 1660 3554 1715 mortalium
3606 1665 3878 1720 hominum

2303 1735 2558 1793 duritiam
2610 1743 2774 1797 rebus
2813 1743 3120 1801 visibilibus
3167 1748 3419 1814 molliret,
3452 1767 3558 1805 non
3586 1753 3701 1809 ideo
3723 1754 3867 1818 fecit,

2225 1813 2355 1882 But
2399 1833 2756 1898 quarumdam
2800 1849 2980 1888 rerum
3027 1813 3412 1895 celebrandam
3472 1852 3735 1900 statueret
3793 1847 3880 1900 ad—

2297 1923 2624 1988 orationem,
2658 1926 2854 1995 quippe
2902 1930 2994 1998 qui
3039 1945 3098 1984 se
3161 1932 3335 1987 solum
3406 1937 3655 2004 adorare,
3717 1938 3884 1993 solum

2295 2015 2554 2082 praecepit
2613 2025 2668 2071 et
2733 2018 2928 2074 colere.
3002 2020 3384 2091 Nunquidnam
3447 2028 3576 2097 quia
3625 2029 3886 2084 Dominus

2297 2106 2363 2160 de
2392 2109 2531 2162 rubo
2555 2110 2609 2162 in
2641 2110 2771 2180 igne
2806 2111 2972 2183 Moysi
2998 2113 3209 2171 locutus
3231 2125 3332 2183 est,
3359 2119 3482 2173 ideo
3502 2121 3626 2174 rubi
3658 2123 3893 2176 adoran-

2295 2199 2348 2253 di
2372 2203 2531 2255 sunt?
2550 2201 2664 2256 Non
2679 2205 2821 2258 enim
2839 2207 2958 2259 ideo
2972 2207 3025 2260 in
3051 2209 3184 2260 rubo
3199 2210 3463 2274 apparuit,
3485 2219 3543 2260 ut
3574 2214 3700 2264 rubi
3715 2222 3897 2268 mate-

2292 2291 2427 2347 riam
2442 2295 2762 2348 adorandam
2771 2305 3126 2363 percenseret,
3144 2299 3236 2350 sed
3250 2307 3305 2348 ut
3316 2311 3413 2364 per
3425 2313 3543 2366 ειυς
3559 2302 3745 2367 spinas
3760 2318 3907 2369 pec-

2291 2391 2406 2436 cata
2440 2399 2540 2451 pro
2561 2385 2755 2451 quibus
2779 2385 2862 2438 lex
2884 2394 3107 2439 venerat
3133 2387 3556 2444 demonstraret.
3587 2391 3728 2454 Quia
3749 2408 3902 2463 ergo

2285 2472 2449 2525 rubus
2487 2473 2722 2527 radicem
2760 2491 2868 2530 non
2902 2476 3067 2530 habet
3104 2479 3273 2546 spinis
3319 2491 3609 2545 armatam,
3657 2498 3779 2537 cum
3830 2486 3897 2540 in

2281 2563 2652 2631 superioribus
2676 2566 2846 2634 spinis
2868 2567 3141 2631 densetur,
3177 2569 3233 2622 in
3253 2585 3318 2624 eo
3343 2571 3625 2644 evidenter
3658 2584 3895 2642 peccata

2281 2669 2389 2709 non
2428 2671 2549 2711 esse
2582 2671 2650 2710 ex
2681 2666 2876 2712 natura
2907 2669 3299 2715 monstrantur.
3346 2661 3477 2727 Quae
3507 2663 3625 2716 ideo
3657 2665 3722 2717 ab
3761 2665 3895 2734 igni

2279 2762 2390 2801 non
2416 2757 2501 2803 est
2523 2751 2824 2814 combusta,
2849 2759 2909 2805 ut
2931 2750 3180 2806 innueret
3200 2767 3298 2822 per
3322 2753 3495 2823 legem
3517 2764 3740 2822 peccata
3765 2771 3890 2810 non

2281 2853 2401 2894 esse
2440 2840 2684 2906 delenda,
2723 2842 2818 2896 sed
2871 2843 3243 2917 tantummodo
3277 2853 3515 2899 ostensa.
3577 2844 3691 2898 Lex
3728 2845 3887 2900 enim

2278 2945 2499 3003 peccata
2558 2938 2931 2993 tantummodo
2985 2941 3250 3005 ostendit,
3301 2943 3474 3012 gratia
3523 2951 3705 2997 autem
3755 2959 3884 3012 quae

2274 3040 2376 3093 per
2408 3027 2680 3082 Christum
2719 3031 2843 3084 data
2873 3037 2976 3095 est,
3010 3040 3230 3099 peccata
3267 3049 3386 3103 qua:
3418 3033 3502 3087 lex
3534 3043 3884 3091 monstrave-

2277 3127 2361 3172 rat
2383 3120 2611 3174 curavit.
2644 3119 2779 3186 Quia
2805 3136 2934 3192 ergo
2960 3123 3013 3176 in
3041 3123 3162 3193 igne
3183 3125 3441 3181 Dominus
3467 3130 3733 3197 apparuit,
3764 3145 3884 3184 non

581 3223 673 3278 Ait
745 3193 890 3278 έηίιη
926 3237 940 3276 ε
976 3241 995 3273 ι
1053 3221 1172 3276 Non
1231 3229 1442 3291 oportet
1509 3223 1717 3278 moveri
1779 3237 1903 3277 cum
1945 3222 2170 3291 magicis
2201 3193 2249 3258 Ο
2281 3211 2403 3267 ideo
2452 3213 2631 3281 ignem
2672 3216 3003 3271 adorandum
3041 3219 3302 3284 decrevit,
3342 3221 3434 3274 sed
3477 3221 3531 3274 in
3573 3238 3637 3276 ea
3679 3232 3884 3277 natura

582 3314 788 3370 artibus
837 3313 1094 3368 miracula
1134 3312 1272 3366 ﬁunt
1294 3313 1612 3382 plerumque
1642 3313 1848 3368 similia
1897 3311 2173 3387 miraculis

581 3422 702 3478 quae
748 3407 884 3462 ﬁunt
932 3421 1030 3476 per
1069 3414 1288 3462 sanctos
1321 3421 1506 3460 servos
1535 3405 1633 3459 Dei
1667 3424 1680 3459 :
1723 3405 1864 3460 sicut
1908 3405 2171 3474 scriptum

581 3507 662 3555 est
686 3500 743 3553 in
768 3498 973 3561 Exodo,
1002 3498 1144 3567 quod
1174 3497 1317 3568 magi
1336 3497 1637 3552 Pharaonis
1661 3495 1912 3551 fecerunt
1938 3494 2173 3550 nonnul-

582 3589 630 3642 la
667 3589 933 3643 similiter-
971 3588 1111 3642 sicut
1172 3587 1300 3642 fecit
1355 3588 1586 3658 Moyses.
1650 3607 1668 3638 ›
1720 3586 1838 3640 Non
1874 3601 2004 3656 ergo
2054 3587 2176 3641 haec

582 3687 796 3750 oportet
853 3678 1060 3744 mirari,
1115 3679 1241 3748 quia
1290 3681 1471 3735 omnia
1517 3692 1636 3747 quae
1681 3676 1968 3731 visibiliter
2009 3676 2167 3744 ﬁunt,

581 3771 742 3826 etiam
795 3784 892 3840 per
956 3768 1240 3825 inferiores
1295 3776 1595 3840 potestates
1648 3766 1790 3820 aeris
1846 3764 2006 3834 hujus
2058 3783 2170 3824 non

580 3862 810 3918 absurde
860 3861 975 3916 ﬁeri
1018 3876 1176 3931 posse
1216 3861 1528 3914 creduntur.
1588 3856 1696 3911 Sed
1744 3857 1849 3912 hoc
1911 3857 2164 3925 interest,

579 3952 723 4023 quod
769 3967 893 4008 cum
929 3952 1101 4006 sancti
1140 3951 1265 4002 talia
1303 3947 1510 4001 faciunt
1566 3947 1623 4001 in
1673 3948 1892 4004 nomine
1937 3950 2034 4005 Dei
2060 3951 2168 4006 Do-

578 4044 711 4099 mini
751 4044 992 4099 omnium
1047 4054 1248 4105 rerum,
1312 4038 1379 4093 de
1431 4037 1840 4096 sublimioribus
1890 4044 2164 4113 apparati-

576 4134 674 4193 bus
723 4135 941 4205 jubetur
982 4130 1230 4188 inferiori
1279 4138 1576 4199 creaturae;
1620 4148 1744 4189 cum
1803 4145 1986 4190 autem
2035 4135 2165 4190 mali

576 4230 816 4284 nomines
845 4227 1072 4298 magicis
1129 4225 1339 4281 artibus
1379 4233 1678 4294 operantur
1718 4226 1918 4281 similia
1945 4227 1999 4282 in
2043 4243 2160 4282 ma-

575 4333 673 4376 nus
716 4334 840 4374 suas
894 4321 1091 4376 dantur
1141 4334 1266 4374 cum
1325 4319 1688 4374 exaudiuntur
1731 4334 1763 4373 a
1802 4321 2157 4375 daemonibus.

575 4412 728 4483 Digni
775 4419 900 4467 sunt
941 4412 1088 4465 enim
1132 4409 1224 4477 qui
1269 4407 1363 4460 tali
1416 4409 1764 4466 exauditione
1802 4409 2157 4478 decipiantur,

2280 3319 2538 3374 apparere
2584 3305 2782 3374 voluit,
2837 3325 2956 3379 quae
2997 3325 3209 3378 semper
3251 3313 3319 3366 ad
3361 3313 3466 3367 alta
3506 3319 3885 3372 conscendere

2277 3398 2572 3452 contendit.
2603 3397 2738 3464 Quia
2765 3400 2931 3469 igitur
2959 3401 3015 3455 in
3042 3413 3224 3458 monte
3255 3405 3504 3474 dignatus
3530 3416 3615 3462 est
3644 3424 3886 3478 appare-

2276 3504 2354 3555 re,
2383 3503 2491 3543 nou
2516 3490 2780 3544 montium
2808 3492 3178 3552 adorationem
3205 3498 3442 3554 creditur
3459 3499 3734 3566 statuisse,
3769 3503 3883 3558 sed

2275 3580 2400 3650 quia
2432 3581 2822 3637 rationabiliter
2846 3584 3047 3641 factum
3074 3598 3158 3644 est
3182 3597 3241 3644 ut
3269 3592 3527 3647 caelorum
3565 3609 3667 3648 rex
3707 3593 3766 3649 in
3806 3612 3879 3653 ea

2274 3685 2334 3724 re
2368 3680 2651 3739 appareret
2677 3689 2798 3742 quae
2826 3680 3174 3746 semper'alta
3203 3685 3427 3751 appetit,
3455 3693 3510 3740 et
3539 3701 3652 3742 non
3681 3687 3738 3741 in
3770 3688 3875 3743 hu-

2272 3760 2404 3825 mili,
2434 3763 2525 3816 sed
2553 3762 2607 3816 in
2637 3763 2749 3819 alto
2775 3764 2912 3832 loco,
2935 3777 2996 3821 ut
3025 3778 3080 3822 et
3100 3785 3158 3825 se
3179 3771 3504 3829 altissimum
3527 3775 3876 3833 demonstra-

2271 3859 2372 3912 ret,
2402 3859 2456 3905 et
2479 3867 2606 3907 suos
2634 3868 2894 3924 sequaces
2923 3858 2990 3912 ad
3019 3859 3126 3914 alta
3153 3876 3548 3921 conscensuros
3571 3867 3876 3924 evidentis-

2271 3941 2406 3996 sime
2443 3945 2769 4001 ostenderet.
2821 3946 3074 4018 Nunquid
3112 3953 3238 4020 quia
3283 3955 3702 4015 circumcisione
3739 3975 3876 4014 acu—

2269 4036 2482 4092 tissimo
2514 4037 2687 4106 lapide
2718 4036 2857 4093 facta
2887 4040 3164 4109 legislator
3191 4047 3458 4101 tremendi
3488 4047 3686 4117 judicis
3721 4052 3872 4105 iram

2269 4135 2324 4182 et
2360 4130 2551 4184 mortis
2585 4131 2864 4187 interitum
2905 4134 3095 4200 evasit,
3135 4135 3343 4206 lapides
3383 4141 3636 4196 adorandi
3687 4142 3873 4196 sunt?

2268 4224 2457 4281 Merito
2493 4227 2637 4281 enim
2675 4225 2950 4296 legislator
2983 4228 3229 4298 angelum
3267 4232 3324 4286 in
3358 4248 3417 4288 se
3455 4243 3566 4288 tam
3597 4232 3870 4290 infestum

2265 4319 2418 4384 vidit,
2451 4319 2579 4389 quia
2610 4319 2862 4375 habitans
2891 4321 2946 4374 in
2982 4329 3127 4375 terra
3156 4322 3392 4392 Madian,
3425 4327 3596 4382 ﬁlium
3625 4329 3872 4384 circum-

2265 4411 2444 4466 cidere
2490 4411 2744 4481 neglexit,
2790 4421 2844 4467 et
2891 4413 2983 4482 qui
3031 4414 3127 4470 Dei
3171 4415 3406 4474 Abrahm
3449 4419 3667 4475 nuntius
3713 4427 3866 4484 erat,

575 4512 628 4559 at
684 4517 841 4570 poena
898 4499 1007 4554 illis
1054 4499 1147 4551 ﬁat
1197 4499 1303 4554 hoc
1333 4501 1478 4568 quod
1537 4504 1792 4558 videntur
1859 4502 2156 4571 impetrare
2180 4542 2237 4603 Β
2264 4503 2476 4575 signum
2507 4503 2630 4558 ﬁdei
2653 4503 2886 4559 Abrahae
2917 4505 2969 4558 in
2996 4504 3106 4561 ﬁlio
3134 4523 3240 4562 non
3271 4508 3496 4574 ferebat,
3529 4511 3583 4564 in
3609 4526 3722 4580 quo
3747 4511 3872 4583 glo-

574 4590 898 4653 beneﬁcium
920 4629 936 4654 ,
983 4603 1105 4642 cum
1147 4589 1228 4644 eis
1269 4591 1529 4648 exhibent
1581 4593 1736 4662 quasi
1769 4591 2020 4661 privatim
2074 4592 2157 4647 in-

572 4685 802 4752 feriores
853 4687 1171 4752 potestates,
1235 4685 1479 4753 quaedam
1515 4683 1796 4746 miracula,
1836 4691 1896 4737 ut
1939 4698 2031 4739 eos
2060 4684 2156 4737 ha-

571 4781 738 4837 beant
761 4772 1091 4847 subjugatos,
1128 4777 1397 4848 permissu
1419 4785 1596 4829 tamen
1621 4775 1801 4829 divino
1826 4790 1923 4844 pro
1945 4774 2154 4829 meritis

571 4871 876 4927 animarum
922 4883 1018 4923 sua
1075 4869 1269 4938 cuique
1310 4869 1636 4921 tribuuntur.
1697 4865 1851 4920 Unde
1901 4867 2052 4936 signa
2099 4873 2155 4921 et

569 4961 831 5020 miracula
879 4976 998 5031 qua:
1033 4960 1111 5014 illi
1139 4961 1324 5014 dicunt
1361 4958 1416 5011 in
1455 4957 1776 5025 imaginibus
1811 4957 2144 5026 apparuisse,

563 5055 613 5114 si
664 5069 773 5109 non
819 5058 1203 5122 apparuerunt,
1273 5049 1412 5121 sicut
1454 5054 1509 5099 et
1563 5046 1708 5101 nulla
1752 5047 1857 5103 hoc
1909 5049 2145 5104 authen-

567 5146 676 5201 tica
732 5143 896 5199 tradit
942 5141 1189 5203 historia,
1241 5137 1580 5192 mendacium
1626 5148 1728 5205 est,
1779 5149 1833 5196 et
1863 5143 2144 5198 mendacio

568 5238 877 5310 quicunque
913 5231 1162 5287 veritatis
1196 5237 1322 5283 sunt
1353 5229 1494 5284 servi
1525 5230 1602 5284 uti
1637 5246 1746 5287 non
1771 5232 1988 5299 debent,
2015 5249 2146 5302 quo-

566 5330 713 5384 niam
773 5337 834 5381 ut
891 5328 1006 5396 ipsa
1052 5321 1266 5376 Veritas
1329 5320 1422 5384 ait,
1486 5320 1654 5377 Nemo
1717 5333 1880 5395 potest
1935 5325 2136 5379 duobus

565 5420 802 5475 Dominis
816 5419 1006 5473 servire
1021 5414 1232 5487 (Matth.
1256 5413 1333 5485 vi)
1351 5428 1365 5466 :
1384 5428 1502 5482 qua)
1517 5415 1561 5469 si
1576 5426 1964 5485 apparuerunt,
1977 5426 2032 5469 et
2045 5431 2143 5484 per

564 5513 934 5584 phantasticas
976 5509 1236 5580 quasdam
1278 5506 1723 5561 obumbrationes
1749 5507 1816 5559 ad
1845 5505 2141 5563 illiciendas

566 5611 775 5653 mentes
810 5607 1193 5670 apparuerunt,
1219 5597 1738 5679 periculosissimum
1760 5604 1860 5661 est,
1899 5613 1968 5653 ne
2000 5598 2140 5654 forte

567 5685 874 5741 calliditatis
925 5706 1036 5743 suae
1088 5697 1209 5743 astu
1272 5688 1526 5754 antiquus
1589 5689 1761 5744 hostis
1823 5691 1948 5745 dum
2000 5691 2140 5747 mira

570 5773 813 5842 quaedam
844 5775 1199 5843 demonstrat,
1261 5777 1327 5834 ad
1354 5777 1544 5834 illicita
1575 5783 1880 5852 peragenda
1917 5781 2140 5841 fraudu-

2261 4597 2394 4652 riari
2426 4597 2638 4654 Judaeos
2671 4597 2874 4653 sciebat
2901 4613 2916 4652 :
2941 4599 3032 4668 qui
3067 4614 3175 4654 non
3207 4601 3325 4655 ideo
3356 4601 3531 4670 lapide
3561 4603 3874 4659 circumci—

2263 4689 2426 4755 ditur,
2455 4697 2515 4744 ut
2537 4690 2773 4758 lapidum
2795 4705 2859 4744 ex
2883 4691 2987 4745 hoc
3016 4689 3160 4746 facto
3187 4691 3424 4744 adoratio
3451 4691 3722 4755 ﬁrmetur,
3752 4694 3878 4748 sed

2261 4787 2321 4832 ut
2342 4793 2440 4847 per
2457 4779 2730 4834 Christum
2758 4781 2850 4848 qui
2883 4789 2965 4835 est
2990 4781 3123 4852 lapis
3150 4779 3429 4848 angularis,
3464 4788 3692 4848 peccata
3726 4798 3878 4838 am-

2259 4871 2495 4941 putanda
2538 4879 2593 4925 et
2642 4873 2831 4926 mortis
2872 4875 3113 4942 pericula
3153 4872 3418 4929 evadenda
3459 4874 3868 4931 ostendantur.

2261 4962 2512 5031 Nunquid
2537 4964 2663 5032 quia
2689 4964 2839 5030 virga
2862 4967 3024 5021 toties
3047 4967 3102 5021 in
3128 4972 3429 5036 serpentem
3457 4980 3746 5033 conversa,
3776 4977 3876 5023 to-

2255 5057 2358 5111 ties
2387 5055 2584 5128 legitur
2610 5057 2665 5111 in
2686 5058 2852 5127 virgae
2878 5059 3110 5128 rigorem
3141 5059 3381 5126 redacta,
3413 5075 3533 5128 quae
3559 5060 3760 5130 typicis
3789 5058 3870 5113 ii-

2255 5147 2404 5218 guris
2429 5148 2707 5203 Christum
2733 5150 2799 5204 de
2823 5149 2932 5204 vita
2966 5151 3020 5204 in
3059 5158 3313 5216 mortem,
3355 5151 3420 5205 de
3454 5158 3630 5206 morte
3673 5150 3869 5205 innuit

2251 5238 2460 5293 redisse
2486 5239 2553 5294 ad
2579 5239 2763 5304 vitam,
2790 5247 2882 5294 aut
2910 5255 3033 5309 quia
3063 5242 3252 5295 eadem
3278 5241 3429 5311 virga
3459 5256 3623 5310 quam
3647 5239 3864 5294 Christi

2253 5329 2486 5385 diximus
2512 5338 2753 5401 gestasse
2771 5330 2992 5400 ﬁguram
3010 5331 3178 5385 maris
3195 5330 3389 5396 Rubri,
3409 5329 3748 5401 baptismatis
3766 5329 3857 5383 vi-

2250 5421 2463 5485 delicet,
2487 5423 2630 5477 unda
2649 5421 2818 5475 divisa
2847 5421 2913 5474 ad
2942 5430 3143 5475 terram
3172 5423 3630 5492 repromissionis,
3655 5421 3707 5478 id
3734 5431 3866 5489 est,

2249 5514 2316 5569 ad
2341 5514 2579 5570 ccelestia
2602 5527 2763 5582 regna
2784 5512 2980 5582 populo
3001 5512 3097 5566 Dei
3121 5515 3368 5584 pergenti
3396 5515 3683 5568 transitum
3705 5528 3858 5582 prte-

2246 5607 2378 5671 buit,
2412 5605 2531 5660 ideo
2557 5605 2718 5673 virga:
2743 5604 3028 5658 adoranda:
3053 5611 3178 5658 sunt
3201 5605 3224 5657 ?
3250 5605 3504 5674 Nunquid
3535 5605 3658 5674 quia
3683 5619 3865 5672 aqum-

2246 5713 2442 5752 amara:
2471 5697 2616 5764 ligno
2643 5696 2924 5751 indulcatte
2947 5695 3222 5765 leguntur,
3250 5713 3374 5766 qua:
3399 5697 3571 5766 legem
3595 5711 3703 5750 non
3740 5696 3836 5750 iln

2244 5788 2441 5846 merito
2467 5785 2670 5843 Christi
2695 5785 2839 5848 lieno
2865 5786 3216 5856 iudulcatam,
3249 5795 3304 5845 et
3330 5786 3559 5853 spiritali
3588 5784 3822 5841 dulcedi
