4008 6154
268 296 410 356 1169

1052 288 1231 348 LIBRI
1260 284 1607 347 CAROLINI.
1649 315 1721 328 —
1757 284 1983 343 CAPIT.
2026 286 2115 342 DE
2152 283 2346 343 WAG.
2384 312 2456 326 -·
2492 284 2623 346 LIB.
2660 285 2748 343 IIl.

3424 296 3565 353 M70

268 431 342 478 ne
371 414 689 491 populorum
724 420 936 469 mentes
963 408 1239 467 satiendas
1270 409 1522 473 innuunt,
1550 404 1671 461 ideo
1704 403 1851 474 ligna
1877 405 1935 469 Α
1957 402 2110 472 Quod
2150 404 2197 458 si
2236 404 2324 459 hae
2359 416 2449 458 res
2480 403 2537 457 in
2576 402 2775 473 quibus
2823 404 3084 463 miracula
3128 422 3430 482 apparuere
3468 416 3538 470 ad
3592 464 3611 475 ,

272 511 546 568 adoranda
560 506 721 563 sunt?
738 503 991 574 Nunquid
1005 502 1133 573 quia
1146 499 1416 570 serpentis
1427 496 1561 553 aenei
1572 494 1855 565 inspectio,

271 602 364 675 qui
389 599 591 656 Christi
616 605 848 653 mortem
875 592 1243 665 praeﬁguravit
1276 590 1331 644 in
1356 589 1508 657 ligno
1542 585 1798 659 populum
1826 598 1860 638 a

267 701 583 763 serpentum
609 689 904 752 morsibus,
932 687 989 742 id
1008 693 1107 751 est,
1134 685 1203 740 ab
1233 681 1522 753 spirituum
1558 678 1863 736 immundo-

267 798 393 838 rum
412 826 419 833 .
437 780 737 838 mortiferis
786 775 1222 849 persuasionibus
1273 774 1502 830 salvavit
1520 813 1535 839 ,
1592 772 1715 828 ideo
1767 777 1863 827 aut

265 893 343 934 aes
373 884 470 931 aut
497 884 781 946 serpentes
805 869 1058 928 adorandi
1091 868 1420 926 creduntur?
1450 865 1705 937 Nunquid
1735 865 1862 936 quia

265 985 531 1043 percussa
554 969 692 1025 silex
712 966 913 1024 exustis
934 966 989 1020 in
1013 964 1160 1020 arvis
1179 964 1401 1019 laticum
1440 961 1638 1016 fluenta
1667 959 1863 1031 produ-

267 1063 374 1130 xit,
416 1070 473 1117 et
510 1061 778 1117 sitientem
820 1055 1078 1128 populum
1129 1054 1249 1110 sitis
1294 1052 1546 1108 ariditate
1586 1051 1859 1117 liberavit,

268 1170 393 1225 quae
422 1152 675 1209 nimirum
700 1148 903 1206 Christi
928 1147 1160 1217 ﬁguram
1184 1145 1369 1217 gessit,
1396 1142 1489 1214 qui
1513 1149 1599 1199 est
1623 1141 1762 1211 lapis
1794 1141 1862 1197 de

265 1257 454 1306 monte
505 1245 748 1302 abscisus
798 1243 918 1297 sine
965 1240 1217 1296 manibus
1269 1235 1708 1308 praecidentium,
1768 1233 1863 1303 qui

261 1339 587 1411 evangelicae
608 1333 1016 1407 praedicationis
1044 1330 1259 1387 fluentis
1287 1329 1433 1383 sitim
1462 1324 1862 1382 incredulitatis

258 1447 291 1488 a
336 1430 578 1487 ﬁdelium
621 1428 897 1483 mentibus
934 1425 1102 1496 fugat,
1143 1424 1232 1494 qui
1265 1421 1509 1492 quotidie
1542 1420 1773 1483 intonat,
1816 1417 1862 1471 si

257 1525 373 1594 quis
399 1523 511 1578 sitit
537 1521 711 1577 veniat
738 1520 809 1573 ad
832 1536 915 1573 me
935 1528 984 1572 et
1006 1517 1147 1571 bibat
1170 1515 1352 1588 (Joan.
1375 1512 1499 1584 vn),
1526 1512 1649 1567 ideo
1670 1519 1763 1564 aut
1784 1509 1863 1564 la-

255 1617 414 1688 pides
444 1614 742 1670 creduntur
771 1609 1008 1676 adorari,
1048 1616 1143 1662 aut
1182 1605 1410 1661 latices?
1447 1602 1700 1671 Nunquid
1735 1599 1863 1671 quia

257 1708 415 1776 virga
441 1704 645 1767 Aaron,
674 1718 782 1770 qua
802 1703 979 1755 beatae
1002 1698 1231 1768 virginis
1257 1704 1447 1766 partus
1482 1695 1722 1749 innuitur
1756 1708 1858 1749 na-

1960 496 2179 551 orandaa
2223 501 2517 561 nonsunt,
2556 494 2910 552 multominus
2959 496 3227 569 imagines
3275 502 3564 560 adoranda:

1960 589 2275 656 creduntur,
2315 589 2372 644 in
2410 588 2608 659 quibus
2644 588 2731 645 vel
2767 604 2867 660 per
2916 604 3052 660 quas
3099 594 3345 661 quaadam
3394 594 3561 650 mira-

1961 679 2083 733 cula
2141 680 2490 753 apparuisse,
2547 678 2697 735 nulla
2755 682 3068 740 authentica
3124 682 3358 744 lectione
3405 699 3561 744 mon-

1960 778 2192 830 stratur.

2534 869 2778 944 CAPUT.
2794 884 2988 944 xxvi.

1964 1042 2453 1127 Quo(_1__Theodorus
2487 1043 2735 1127 lfirensis
2759 1046 3031 1127 episwpus
3053 1047 3333 1127 ridiculose
3359 1055 3410 1103 et
3435 1063 3550 1119 pne

2034 1115 2205 1170 riliter
2231 1117 2412 1186 egerit,
2449 1115 2540 1186 qui
2562 1123 2618 1186 ut
2640 1115 2941 1185 imaginum
2963 1117 3321 1171 adorationem
3357 1115 3562 1174 astrue-

2033 1184 2356 1312 zetnsom'nia
2392 1184 2763 1239 archidiaconi
2790 1186 2875 1240 sui
2916 1185 2973 1242 in
3008 1187 3191 1241 eadem
3231 1188 3430 1258 synodo
3479 1204 3561 1244 re-

2060 1274 2133 1310 ut
2168 1294 2180 1310 .

2035 1414 2171 1472 Cum
2208 1414 2265 1469 in
2300 1413 2491 1470 eadem
2523 1411 2781 1469 vanitatis
2822 1411 3056 1469 lectione
3091 1426 3255 1483 quam
3287 1410 3363 1467 illi
3394 1413 3561 1486 septi-

1962 1523 2066 1563 ma:
2092 1505 2285 1578 synodi
2314 1504 2713 1575 nuncupatione
2740 1505 2950 1560 censeri
2988 1512 3237 1571 aestuant,
3275 1521 3413 1577 pene
3443 1522 3563 1563 om:

1963 1599 2056 1653 nia
2087 1597 2421 1654 somniorum
2452 1595 2928 1664 imaginationibus
2962 1604 3016 1651 et
3050 1597 3408 1665 phantasticis
3441 1599 3561 1669 qui-

1965 1691 2191 1746 busdam
2222 1687 2727 1745 obumbrationibus
2754 1688 2953 1742 similia
2992 1688 3120 1754 sint,
3158 1698 3214 1744 et
3248 1705 3389 1759 pene
3426 1691 3563 1748 nihil

262 1771 431 1853 turali
459 1796 581 1865 lege
607 1794 833 1857 calcata,
864 1792 1009 1847 nulla
1034 1792 1284 1846 humanae
1307 1789 1637 1859 operationis
1662 1790 1858 1860 irriga-
1890 1771 1940 1833 Β
1966 1784 2038 1838 sit
2074 1784 2149 1838 ibi
2188 1782 2329 1853 quod
2367 1797 2476 1837 non
2511 1786 2604 1834 aut
2642 1780 2838 1835 somnii
2867 1780 3183 1847 vanitatem,
3217 1792 3309 1838 aut
3337 1784 3561 1842 alterius

265 1893 418 1948 tione
444 1889 750 1953 fecundata,
776 1887 957 1942 floruit
982 1894 1036 1940 et
1061 1884 1319 1950 fronduit,
1344 1892 1399 1939 et
1423 1883 1650 1953 protulit
1671 1897 1859 1950 nuces,

264 1983 391 2038 ideo
418 1982 583 2052 virgae
614 1979 899 2035 adorandae
929 1977 1254 2033 creduntur?
1290 1974 1543 2043 Nunquid
1573 1974 1697 2044 quia
1737 1989 1863 2029 san-

265 2082 358 2132 cto
390 2071 680 2128 Hierobaal
705 2072 849 2127 sicca
876 2085 1002 2125 area
1028 2069 1245 2125 madido
1269 2067 1488 2133 vellere,
1517 2076 1611 2123 aut
1636 2069 1863 2124 madens

263 2162 390 2220 area
436 2165 584 2219 sicco
638 2163 836 2218 vellere
889 2162 1169 2232 apparuit,
1218 2176 1324 2231 quo
1376 2160 1641 2216 miraculo
1694 2162 1863 2217 totius
1937 2212 1941 2216 .

258 2256 449 2312 mundi
479 2255 839 2326 gentilitatem
864 2254 1072 2309 caelesti
1105 2269 1227 2309 rore
1256 2254 1556 2308 immunem
1581 2252 1863 2307 Israelitici

261 2348 603 2405 solummodo
648 2345 888 2417 generis,
942 2344 1114 2399 vellus
1162 2344 1439 2399 madidum
1490 2343 1659 2397 divini
1711 2342 1861 2399 verbi

263 2439 461 2501 imbre,
508 2451 573 2491 ac
611 2436 952 2506 postmodum
996 2449 1097 2504 pro
1126 2433 1293 2503 culpa
1331 2432 1575 2502 perﬁdiae
1608 2432 1861 2486 eumdem

266 2528 527 2601 populum
555 2542 665 2582 sua:
694 2525 1026 2580 inﬁdelitatis
1054 2525 1300 2580 siccitate
1329 2532 1572 2581 arentem
1589 2563 1604 2588 ,
1639 2521 1860 2578 mundi-

266 2633 374 2688 que
400 2616 759 2688 gentilitatem
787 2630 960 2671 sacrre
985 2614 1107 2669 ﬁdei
1124 2629 1246 2669 rore
1269 2614 1545 2685 perfusam
1564 2611 1859 2684 significari

265 2708 617 2765 manifestum
648 2716 751 2773 est,
790 2708 912 2762 ideo
938 2714 1032 2761 aut
1054 2722 1213 2771 areae,
1243 2713 1337 2760 aut
1362 2706 1561 2760 vellera
1587 2704 1861 2761 adoranda

265 2803 435 2859 sunt?
481 2801 737 2870 Nunquid
777 2801 905 2871 quia
948 2796 1184 2853 Samson
1220 2798 1535 2853 mandibula
1565 2798 1702 2853 asin'.
1738 2796 1861 2851 mil-

263 2892 318 2946 le
368 2891 517 2944 viros
558 2890 815 2959 peremit,
869 2888 1218 2958 ejusdemque
1272 2887 1600 2943 mandibula:
1657 2887 1860 2943 molare

266 2982 454 3036 evulso
489 2997 748 3051 aquarum
790 2979 1008 3034 fluentis
1043 2979 1269 3034 satiatus
1304 2987 1407 3044 est,
1443 2986 1626 3049 typum
1666 2992 1860 3049 gerens

262 3073 439 3128 nostri
494 3072 824 3137 mediatoris,
870 3071 961 3140 qui
999 3078 1173 3125 morte
1211 3086 1308 3124 sua
1346 3070 1522 3125 aerias
1563 3077 1858 3139 potestates

258 3166 479 3229 devicit,
524 3174 579 3220 et
624 3131 951 3233 spiritalibus
984 3162 1201 3218 fluentis
1232 3163 1469 3218 ﬁdelium
1489 3204 1503 3229 ,
1545 3131 1637 3233 qui
1671 3163 1861 3233 utique
1889 3131 1937 3194 Ο

255 3261 507 3316 membra
559 3257 675 3328 ejus
724 3266 879 3325 sunt,
929 3258 1139 3312 arentia
1192 3258 1357 3312 corda
1408 3257 1684 3325 irrigavit,
1738 3258 1859 3313 ideo

254 3351 607 3417 mandibulae,
627 3358 717 3406 aut
738 3351 975 3406 molares
995 3350 1257 3406 adorandi
1275 3350 1439 3405 sunt?
1459 3350 1710 3419 Nunquid
1732 3351 1859 3419 quia

248 3445 408 3501 Elias
456 3445 618 3515 pallio
657 3461 774 3512 suo,
818 3460 917 3515 per
956 3446 1100 3515 quod
1131 3444 1428 3499 Dominicze
1470 3444 1860 3500 incarnationis

248 3538 581 3609 mysterium
624 3537 913 3607 ﬁguratum
962 3546 1064 3602 est,
1110 3552 1208 3606 per
1247 3537 1394 3606 quod
1435 3534 1719 3601 Iordanis,
1764 3537 1859 3591 ha-

253 3630 538 3700 ptismatis
552 3629 797 3685 videlicet
810 3630 974 3697 unda,
998 3630 1272 3693 introitur,
1297 3629 1586 3684 Jordanem
1609 3628 1860 3685 divisisse

258 3719 483 3791 legitur,
538 3718 658 3773 ideo
703 3719 864 3788 pallia
910 3720 1183 3775 adoranda
1234 3721 1558 3776 creduntur?
1603 3720 1858 3791 Nunquid

254 3810 391 3879 quia
422 3807 665 3862 Naaman
703 3807 873 3879 Syrus
908 3809 962 3863 in
997 3808 1251 3864 ﬂumineo
1284 3810 1500 3865 lavacro
1530 3810 1694 3881 leprae
1722 3826 1854 3866 con-

258 3904 412 3971 tagio
460 3901 676 3956 ablutus
718 3908 832 3966 est,
872 3916 970 3971 per
1003 3915 1164 3972 quem
1208 3903 1479 3974 gentilitas
1519 3903 1723 3960 Christi
1763 3907 1858 3961 ba-

252 3996 517 4067 ptismate
578 3995 645 4048 ab
698 3994 968 4050 idolorum
1017 3996 1337 4067 contagione
1390 3997 1571 4053 abluta
1629 3998 1856 4067 ﬁgurata

251 4098 358 4155 est,
394 4089 516 4144 ideo
542 4088 764 4145 ﬁumina
796 4092 1069 4147 adoranda
1098 4093 1257 4147 sunt?
1292 4090 1542 4163 Nunquid
1577 4093 1703 4163 quia
1735 4095 1853 4151 viro

252 4190 445 4239 sancto
483 4182 681 4237 Elismo
723 4182 960 4253 Spiritus
998 4185 1171 4240 sancti
1210 4186 1474 4240 adventus
1512 4192 1735 4242 eatenus
1771 4187 1854 4243 di-

252 4272 395 4327 latus
442 4284 543 4338 est,
594 4283 867 4344 quatenus
916 4276 1129 4349 psaltes.
1162 4276 1539 4346 applicaretur,
1582 4278 1850 4347 applicato

252 4378 381 4418 vero
403 4366 574 4433 psalte
601 4363 836 4434 Spiritus
857 4373 1079 4421 sanctus
1101 4366 1243 4421 illius
1264 4382 1322 4422 se
1350 4366 1588 4438 profudit
1613 4384 1851 4438 priscor-

258 4455 380 4519 diis,
404 4469 501 4523 per
526 4472 682 4524 quem
711 4456 968 4512 Iudaicus
994 4459 1221 4528 populus
1244 4447 1582 4530 signiﬁcatur
1605 4461 1697 4531 qui
1726 4460 1849 4531 Spi-

259 4546 399 4599 ritus
423 4547 597 4601 saneti
622 4548 900 4605 adventum
924 4551 1046 4606 ideo
1071 4567 1214 4607 nunc
1235 4552 1460 4607 minime
1483 4554 1696 4622 recipit,
1721 4555 1849 4624 quia

252 4651 309 4698 et
340 4642 772 4699 incarnationem
813 4647 1191 4719 Redemptoris
1215 4648 1441 4702 minime
1481 4648 1537 4702 in
1575 4650 1845 4707 credendo

250 4737 501 4805 suscipit,
536 4752 696 4806 quam
733 4753 851 4792 cum
889 4755 1013 4794 mox
1052 4748 1113 4793 ut
1150 4738 1297 4794 circa
1330 4739 1517 4794 mundi
1554 4741 1847 4797 terminum

248 4827 553 4897 perceperit
593 4827 826 4897 Spiritus
864 4830 1038 4884 sancti
1074 4829 1307 4894 flamine,
1347 4837 1402 4884 et
1438 4831 1679 4886 omnium
1716 4832 1845 4888 cha-

252 4917 537 4971 rismatum
585 4918 740 4973 donis
788 4921 1160 4985 exornabitur,
1213 4921 1334 4976 ideo
1374 4922 1576 4991 psaltes
1628 4923 1844 4980 adorari

257 5008 508 5063 debebit?
543 5008 798 5079 Nunquid
835 5026 964 5081 ergo
1003 5011 1127 5080 quia
1165 5010 1379 5067 ﬁmbria
1417 4991 1716 5068 Dominicis
1752 5028 1845 5068 ve-

259 5096 371 5162 stis,
408 5098 560 5167 cujus
598 5109 804 5154 attactu
842 5100 1043 5155 femina
1083 5101 1370 5156 sanitatem
1405 5104 1643 5172 recepit,
1681 5118 1842 5173 quam

260 5187 543 5245 Dominicaa
570 5192 959 5248 inearnationis
984 5193 1358 5249 credulitatem
1387 5210 1485 5265 per
1512 5210 1678 5265 quam
1708 5211 1843 5266 gen-

258 5280 424 5336 tilitas
467 5292 648 5339 sanata
683 5284 1110 5356 estgsigniﬁcare
1152 5286 1400 5356 superius
1432 5285 1548 5355 jam
1586 5286 1840 5355 diximus,

258 5371 374 5428 ideo
404 5373 624 5433 ﬁmbriae
649 5380 939 5435 adorandae
964 5389 1089 5435 sunt
1116 5380 1139 5434 ἲ
1176 5379 1284 5434 Αιιῐ
1310 5381 1435 5449 quia
1466 5379 1615 5434 Petri
1649 5383 1842 5438 umbra

257 5459 452 5519 inﬁmi
502 5468 675 5522 sanati
726 5476 881 5534 sunt,
932 5468 1053 5524 ideo
1093 5470 1301 5524 umbra:
1344 5468 1633 5523 adorandae
1681 5471 1843 5525 sunt?

253 5550 367 5609 Non
403 5556 582 5627 igitur,
616 5567 677 5613 ut
707 5561 956 5630 superius
981 5560 1377 5629 praemisimus,
1409 5571 1597 5612 omnes
1631 5573 1719 5614 res
1745 5574 1844 5630 per

249 5661 381 5718 quas
402 5650 482 5704 vel
506 5652 560 5705 in
582 5652 781 5722 quibus
809 5652 1069 5707 miracula
1099 5652 1344 5722 qumdam
1376 5651 1472 5705 Dei
1499 5649 1840 5710 ordinatione

246 5750 551 5800 monstrata
578 5750 726 5813 sunt,
764 5743 1166 5812 quodammodo
1202 5743 1490 5802 adorandae
1527 5742 1840 5800 creduntur.

1969 1872 2249 1942 cujusdam
2279 1871 2621 1928 deliramenti
2645 1871 3015 1927 bebitudinem
3043 1872 3301 1939 redoleat,
3333 1884 3560 1932 cuncta-

1968 1981 2074 2038 que
2099 1965 2343 2021 interiori
2369 1964 2553 2035 palato
2583 1965 2885 2035 degustata,
2923 1965 3225 2036 insapidum
3265 1967 3561 2025 insulsum-

1968 2074 2075 2130 que
2098 2058 2387 2128 quemdam
2412 2071 2660 2127 saporem
2690 2055 2945 2122 referant,
2974 2057 3194 2126 speciali
3222 2064 3407 2114 tamen
3433 2058 3561 2115 deli-

1967 2160 2218 2207 ramento
2255 2150 2570 2206 Theodorus
2606 2149 2857 2206 Mirensis
2894 2149 3178 2221 episcopus
3216 2152 3426 2207 somnia
3473 2167 3563 2208 ara

1967 2243 2269 2300 chidiaconi
2305 2242 2389 2298 sui
2422 2242 2622 2297 ibidem
2660 2242 2858 2314 legitur
2894 2242 3146 2298 retulisse
3187 2251 3248 2297 ut
3291 2258 3559 2314 errorem,

1967 2352 2127 2408 quem
2149 2348 2252 2390 nec
2266 2334 2575 2390 divinarum
2596 2333 2997 2406 Scripturarum
3020 2336 3435 2393 auctoritatibus
3457 2352 3562 2395 nec

1963 2430 2090 2485 ullis
2118 2436 2431 2485 sanctorum
2447 2427 2671 2483 Patrum
2698 2428 2959 2485 doctrinis
2986 2428 3071 2485 vel
3099 2431 3362 2502 exemplis
3389 2431 3569 2489 valuit

1964 2523 2178 2590 fulcire,
2195 2522 2388 2578 saltem
2406 2522 2739 2578 somniorum
2753 2523 3123 2579 delusionibus
3131 2524 3337 2580 valeret
3350 2534 3562 2583 astrue-

1963 2631 2044 2681 re,
2069 2630 2172 2671 nec
2192 2615 2464 2671 immerito
2489 2614 2557 2669 ad
2579 2623 2691 2670 tam
2710 2605 2965 2670 frivolum
2986 2624 3208 2686 tamque
3225 2632 3418 2673 vecors
3443 2626 3559 2673 sta-

1962 2708 2259 2765 biliendum
2302 2708 2577 2779 negotium
2613 2707 2854 2776 dignum,
2897 2716 2952 2763 et
2990 2722 3129 2778 pene
3160 2724 3261 2779 par
3299 2710 3562 2768 exhibens

1963 2801 2370 2857 adminiculum.
2397 2800 2717 2869 Quanquam
2746 2800 2913 2870 igitur
2936 2800 3270 2856 somniorum
3298 2817 3431 2859 usus
3459 2816 3562 2860 nec

1963 2894 2020 2949 in
2046 2902 2218 2949 totum
2244 2894 2317 2948 sit
2340 2893 2734 2963 approbandus,
2762 2891 2888 2960 quia
2911 2891 3229 2961 plerumque
3253 2894 3561 2951 dremonum

1963 2985 2193 3041 fallaciis
2221 2986 2530 3050 exhibetur,
2558 2999 2660 3039 nec
2693 2983 2748 3037 in
2781 2991 2952 3037 totum
2989 2983 3395 3052 improbandus,
3432 2985 3562 3055 quia

1964 3076 2237 3132 interdum
2262 3092 2362 3147 per
2389 3092 2515 3133 eum
2548 3075 2796 3146 quaedam
2826 3073 3087 3145 mysteria
3125 3074 3454 3143 revelantur,
3488 3077 3560 3135 ad

1966 3171 2286 3227 astruendas
2312 3177 2494 3225 tamen
2518 3184 2608 3224 res
2633 3168 2844 3234 dubias,
2872 3176 2927 3222 et
2944 3183 3008 3223 ea
3031 3183 3152 3238 quae
3172 3168 3228 3223 in
3249 3169 3561 3227 contentio-

1961 3277 2088 3317 nem
2120 3262 2343 3316 veniunt
2364 3260 2681 3315 aﬁirmanda
2701 3274 2979 3329 nunquam
3006 3259 3233 3333 idoneus
3264 3261 3558 3319 invenitur.

1962 3355 2097 3421 Quis
2129 3354 2275 3408 enim
2308 3369 2547 3424 unquam
2586 3355 2797 3409 somnio
2833 3368 2933 3409 suo
2964 3368 3083 3408 rem
3119 3353 3336 3409 dubiam
3381 3355 3561 3413 valeat

1962 3444 2251 3510 afﬁrmare,
2288 3459 2414 3499 cum
2451 3453 2633 3499 utrum
2670 3445 2748 3499 ita
2784 3452 2845 3498 ut
2881 3459 2941 3500 se
2975 3445 3174 3501 vidisse
3204 3444 3453 3516 profatur
3478 3448 3560 3504 vi-

1963 3536 2123 3601 derit,
2153 3535 2354 3590 nullius
2382 3535 2536 3590 testis
2568 3535 2879 3591 testimonio
2908 3536 3085 3591 valeat
3112 3538 3434 3607 approbare.
3474 3537 3562 3599 Ad

1960 3645 2077 3685 rem
2104 3643 2233 3698 ergo
2259 3627 2498 3693 dubiam,
2527 3635 2584 3683 et
2610 3643 2732 3698 qua:
2750 3614 2811 3682 in
2839 3630 3195 3698 quaestionem
3221 3631 3372 3686 venit
3398 3633 3561 3688 robo-

1960 3724 2206 3789 randam,
2262 3737 2374 3778 non
2425 3722 2758 3778 somniorum
2801 3723 3131 3779 ludiﬁcatrix
3171 3725 3404 3794 vanitas,
3449 3741 3561 3783 non

1960 3815 2392 3887 apocryphorum
2416 3815 2762 3871 acerbissima
2782 3818 3111 3884 procacitas,
3139 3832 3248 3872 non
3278 3818 3476 3874 levium
3500 3829 3560 3875 et

1957 3908 2230 3964 inutilium
2254 3909 2543 3962 verborum
2571 3906 2797 3969 falsitas,
2832 3908 2928 3960 sed
2957 3909 3262 3963 divinorum
3288 3910 3555 3966 librorum

1958 4006 2071 4061 sive
2096 4003 2484 4059 catholicorum
2508 3998 2730 4053 Patrum
2761 3998 3073 4052 authentica
3110 4007 3196 4053 est
3227 4004 3557 4070 requirenda

1956 4097 2273 4154 auctoritas.
2302 4093 2438 4148 Nam
2469 4091 2611 4146 sicut
2637 4105 2725 4145 res
2749 4086 3051 4159 profuturae
3080 4095 3135 4144 et
3168 4094 3557 4160 mysteriorum

1956 4189 2170 4245 arcanis
2196 4193 2445 4254 comptae,
2474 4197 2598 4237 cum
2624 4195 2723 4250 per
2749 4179 2960 4234 somnia
2983 4180 3301 4247 innuuntur,
3333 4198 3432 4253 per
3456 4201 3555 4240 an-

1954 4280 2102 4352 gelos
2134 4277 2466 4340 revelantur,
2503 4273 2578 4326 ita
2612 4287 2643 4327 e
2674 4269 2971 4335 contrario,
3014 4270 3144 4325 dum
3183 4285 3272 4326 res
3296 4274 3473 4330 noxize
3496 4283 3555 4331 et

1952 4370 2101 4427 omni
2128 4368 2362 4423 utilitate
2388 4371 2636 4421 carentes
2659 4378 2759 4433 per
2787 4361 3000 4417 somnia
3027 4362 3489 4433 demonstrantur,
3518 4383 3553 4425 a

1954 4462 2288 4519 daemonibus
2308 4456 2668 4514 demonstrari
2689 4454 3003 4511 creduntur.
3030 4453 3182 4511 Unde
3195 4456 3241 4512 si
3254 4461 3550 4529 somnium,

1952 4552 2099 4623 quod
2122 4550 2213 4605 ille
2238 4550 2292 4605 in
2311 4549 2519 4621 synodo
2538 4547 2741 4612 retulit,
2768 4544 2835 4601 ad
2857 4544 3153 4618 imaginum
3175 4544 3551 4607 adorationem

1953 4641 2333 4699 stabiliendam
2357 4640 2425 4695 ah
2451 4639 2642 4710 angelo
2669 4635 3053 4695 archidiacono
3076 4636 3196 4710 ejus
3214 4639 3554 4700 demonstra-

1953 4745 2071 4791 tum
2096 4740 2200 4798 est,
2231 4731 2496 4800 imagines
2525 4733 2758 4788 adorare
2785 4733 3094 4803 proﬁcuum
3123 4744 3226 4803 est;
3254 4744 3311 4792 et
3341 4737 3389 4792 si
3417 4738 3553 4793 ima-

1952 4828 2105 4900 gines
2130 4826 2358 4882 adorare
2381 4825 2688 4896 proﬁcuum
2726 4834 2830 4895 est,
2870 4839 3101 4887 caeteras
3135 4822 3233 4885 rd
3258 4810 3421 4884 sensu
3453 4844 3550 4885 ca-

1948 4926 2134 4976 rentes
2163 4918 2393 4975 adorare
2428 4918 2734 4991 proﬁcuum
2769 4929 2873 4977 est.
2919 4922 3017 4976 Est
3054 4928 3233 4974 autem
3264 4932 3353 4972 res
3384 4933 3551 4975 sensu

1950 5023 2203 5072 carentes
2246 5015 2475 5070 adorare
2515 5016 2741 5071 noxium
2768 5034 2781 5069 :
2806 5029 2915 5070 non
2955 5012 3121 5081 igitur
3162 5009 3551 5071 archidiacono

1947 5106 2064 5176 ejus
2086 5108 2357 5163 somnium
2383 5108 2527 5178 quod
2555 5108 2741 5165 retulit
2763 5106 2831 5159 ad
2852 5084 3151 5172 imaginum
3173 5102 3550 5164 adorationem

1946 5200 2328 5257 stabiliendam
2366 5200 2434 5254 ab
2475 5199 2667 5269 angelo
2699 5195 3130 5250 demonstratum
3162 5202 3265 5250 est.
3306 5194 3549 5267 Liquida

1946 5313 2181 5368 namque
2214 5305 2364 5368 patet
2396 5295 2451 5350 id
2495 5294 2564 5358 ei,
2607 5305 2731 5346 cum
2771 5287 2839 5339 ab
2877 5286 3073 5355 angelo
3113 5290 3546 5345 demonstratum

1946 5403 2056 5445 non
2082 5389 2172 5454 sit,
2201 5389 2268 5443 ab
2294 5386 2569 5442 incentore
2593 5374 2787 5445 spiritu
2826 5371 2916 5454 qui
2955 5386 3174 5444 semper
3208 5374 3546 5435 vanitatibus

1948 5481 2004 5530 et
2030 5453 2195 5530 rebus
2221 5468 2399 5529 noxiis
2422 5463 2607 5520 instat,
2639 5456 2847 5509 illatum
2886 5453 3078 5512 fuisse.
3123 5455 3276 5522 Quod
3311 5462 3373 5509 ut
3404 5459 3545 5517 luci.

1947 5566 2069 5623 dius
2113 5571 2312 5637 pateat,
2364 5544 2663 5637 rationabili
2690 5543 3396 5637 _ar81llfletltogﬁrmandum
3432 5558 3539 5606 est,

1949 5631 2215 5723 Quoniam
2239 5653 2285 5706 si
2313 5642 2555 5723 incentor
2577 5632 2797 5723 spiritus
2822 5631 2877 5684 id
2896 5634 2951 5723 ei
2972 5635 3198 5690 minime
3219 5635 3423 5704 intulit,
3441 5654 3542 5693 an-

1952 5720 2103 5809 gelus
2126 5734 2316 5813 procul
2342 5723 2506 5785 dubio
2530 5720 2774 5775 intulisse
2795 5720 3103 5783 credendus
3129 5732 3216 5782 est
3239 5740 3256 5781 :
3278 5733 3334 5780 et
3368 5727 3416 5780 si
3435 5739 3539 5780 an-
