4008 6154
558 274 678 325 1171

1464 264 1524 320 Β.
1560 263 1812 320 CAROLI
1845 262 2059 317 MAGNI
2095 261 2245 318 OPP.
2286 263 2463 320 PARS
2494 265 2557 318 Il.
2592 265 2832 322 SECTIO
2866 269 2931 322 ll.

3661 276 3790 330 1172

546 385 696 453 gelus
724 381 965 437 intulisse
995 383 1294 438 credendus
1322 389 1422 444 est,
1452 395 1778 436 consensum
1799 381 1962 435 rebus
1997 393 2121 448 pro-
2147 382 2194 440 A
2223 394 2434 448 scapus,
2469 381 2556 437 cui
2589 381 2954 456 divinae-legis
2997 384 3160 438 armis
3201 391 3388 442 contra
3437 387 3798 446 seminator-es

547 477 731 530 bibitis
757 473 932 544 angeli
959 476 1234 530 exhibent.
1266 474 1386 529 Non
1411 481 1591 529 autem
1617 473 1796 544 angeli
1819 476 1981 530 rebus
2005 488 2124 544 pro-

548 563 732 619 hibitis
780 564 863 619 vel
907 565 1084 622 noxiis
1126 580 1220 619 seu
1258 565 1457 620 divinis
1494 566 1714 622 monitis
1757 565 2123 624 obnitentibus

544 670 867 710 consensum
913 656 1186 720 exhibent,
1239 655 1460 724 spiritus
1498 656 1662 724 igitur
1694 655 1941 711 incentor
1976 655 2031 710 id
2071 656 2121 710 ei

545 746 789 800 intulisse
817 746 1110 800 credendus
1137 755 1240 800 est.
1269 747 1402 802 Cum
1430 763 1558 818 ergo
1585 750 1870 818 probatum
1898 748 1966 802 sit
1991 747 2050 802 id.
2071 748 2121 802 ei

543 837 610 890 ab
641 837 828 905 angelo
859 844 1045 890 sancto
1075 839 1294 898 minime
1320 838 1485 894 fuisse
1514 839 1832 904 exhibitum,
1875 854 1938 893 eo
1977 838 2119 906 quod

541 941 662 980 cum
688 929 908 996 spiritus
933 928 987 981 in
1013 929 1095 982 sui
1121 929 1416 984 conditoris
1442 929 1596 984 laude
1621 930 1873 984 continua
1908 944 2119 998 perma-

537 1027 728 1074 nentes
757 1028 810 1074 et
838 1029 1061 1089 peccato
1095 1036 1322 1090 prorsus
1357 1031 1625 1086 careanes,
1662 1035 1752 1078 res
1784 1022 2024 1090 impuras
2065 1029 2119 1076 et

537 1109 748 1164 delictis
782 1113 1041 1165 obnoxias
1065 1113 1280 1181 penitus
1301 1114 1556 1177 abnuant,
1581 1119 1746 1167 restat
1773 1118 1832 1167 ut
1856 1119 1948 1165 aut
1973 1111 2119 1165 delu-

537 1201 687 1255 sione
710 1203 1023 1270 nequissimi
1051 1204 1270 1270 spiritus
1306 1203 1360 1257 id
1394 1203 1495 1257 sibi
1532 1202 1765 1256 fateatur
1795 1203 2112 1268 exhibitum,

539 1303 629 1347 aut
642 1308 930 1363 seprorsus
944 1301 1172 1348 testetur
1184 1292 1348 1348 fuisse
1360 1294 1662 1358 mentitum,
1678 1294 1820 1362 quod
1832 1299 2117 1361 utrumque

537 1390 714 1450 servis
739 1389 834 1444 Dei
863 1406 970 1445 non
999 1390 1268 1446 convenit.
1296 1388 1432 1442 Nam
1450 1397 1504 1442 et
1526 1387 1806 1455 spiritibus
1829 1387 2116 1442 immundis

538 1481 805 1537 catholico
831 1483 1023 1550 cuique
1064 1481 1420 1542 resistendum
1461 1487 1562 1543 est,
1601 1480 1810 1536 dicente
1835 1478 2110 1547 Apostolo,

541 1571 783 1628 Resistite
807 1571 1035 1637 diabolo,
1066 1581 1113 1626 et
1146 1572 1311 1641 fugiet
1337 1589 1370 1625 α
1399 1571 1538 1626 vobis
1567 1570 1707 1641 (Jac.
1739 1570 1851 1641 tv);
1883 1579 1936 1625 et
1962 1586 2113 1625 men-

2223 472 2304 528 vel
2335 480 2557 528 caeteras
2605 473 2810 528 ntenias
2861 473 3250 544 conﬂigendum
3289 484 3424 544 erat,
3454 481 3665 536 somnia
3712 499 3801 539 ar-

2221 563 2522 618 chidiaconi
2571 564 2652 620 sui
2691 565 2760 618 ad
2782 580 2898 619 rem
2925 565 3168 622 inutilem
3202 567 3565 624 roborandam
3608 569 3663 626 in
3712 589 3800 646 sy-

2168 713 2171 715 .
2219 655 2360 710 nodo
2388 657 2586 714 retulit.
2619 656 2745 711 Haec
2785 658 2928 712 enim
2977 658 3129 726 parvi
3173 659 3449 726 pendentia
3487 675 3598 716 non
3625 663 3797 720 solum

2220 746 2414 804 divinae
2442 748 2574 818 legis
2615 748 2868 814 oraculis,
2899 749 2994 805 sed
3021 756 3077 804 et
3114 749 3169 803 in
3209 749 3338 817 ipsis
3383 751 3669 819 gentilium
3710 771 3796 810 re-

2217 839 2424 907 peritur
2442 842 2658 896 litteris.
2682 841 2773 895 Ait
2802 841 2948 897 enim
2971 842 3324 912 philosophus
3346 841 3514 900 Cato:

2343 995 2538 1064 Somnia
2558 1007 2620 1064 ne
2642 1005 2788 1064 cures
2808 1006 2833 1064 :A
2847 1006 2955 1043 nam
2989 1007 3126 1043 mens
3149 995 3514 1064 humanaquod
3532 1003 3664 1060 optat
3687 1039 3704 1064 ,

2342 1056 2460 1106 Cum
2487 1055 2658 1119 vigilat
2674 1062 2864 1119 sperat,
2885 1069 2975 1119 per
2995 1069 3220 1107 somnum
3235 1055 3462 1109 cernit'id
3491 1055 3670 1122 ipsum.

2216 1203 2349 1266 Nam
2370 1203 2419 1260 si
2441 1204 2564 1273 quis
2583 1203 2723 1260 forte
2763 1204 2918 1262 nobis
2949 1219 3268 1262 succensere
3297 1207 3524 1274 nitatur,
3553 1224 3620 1263 eo
3656 1212 3795 1280 quod

2175 1284 2495 1366 ‘gentilium
2541 1297 2704 1351 verba
2747 1305 2936 1354 nostro
2971 1298 3298 1354 inseruimus
3323 1301 3494 1370 operi,
3525 1301 3662 1374 legat
3685 1304 3787 1373 pri-

2217 1401 2367 1448 tuum
2410 1386 2580 1448 libros
2619 1386 3060 1442 beatissimorum
3114 1397 3276 1458 atque
3308 1390 3790 1448 eruditissimorum

2216 1478 2458 1535 virorum
2482 1479 2816 1550 Hieronymi,
2838 1479 2952 1535 sive
2977 1479 3288 1552 Augustini,
3319 1489 3373 1542 et
3403 1498 3523 1540 mox
3566 1491 3626 1538 ut
3651 1485 3709 1540 in
3734 1485 3792 1538 il-

2216 1570 2392 1626 lorum
2426 1573 2731 1641 opusculis,
2781 1588 2891 1632 non
2945 1573 3123 1632 solum.
3175 1573 3638 1646 philosophorum,
3700 1576 3793 1632 sed

538 1665 756 1722 dacium.
778 1664 1139 1734 spernendum-
1157 1673 1260 1728 est,
1285 1665 1496 1723 dicente
1519 1663 1800 1734 Scriptura
1824 1679 1838 1717 :
1867 1662 1992 1717 Noti
2016 1661 2114 1716 vel-
2143 1678 2186 1738 ί
2215 1665 2379 1720 etiam
2403 1671 2685 1732 poetarum
2716 1665 3000 1734 gentilium
3029 1669 3278 1736 quaedam
3303 1669 3466 1724 verba
3513 1669 3782 1738 repererit,

537 1756 585 1811 le
630 1757 836 1811 menti-ri
887 1773 1036 1812 omne
1078 1756 1426 1820 mendacium,
1472 1756 1751 1810 assiduitas
1799 1755 1936 1808 enim
1969 1753 2112 1808 illius
2142 1733 2188 1793 Β
2213 1771 2316 1812 nos
2346 1756 2634 1825 magistros
2677 1764 2734 1810 et
2775 1765 3043 1823 auctores,
3078 1775 3310 1830 quorum
3348 1762 3574 1831 vestigia
3623 1760 3793 1829 sequi-

535 1864 642 1903 non
677 1849 810 1908 bona
856 1848 1044 1919 (Eccli.
1077 1848 1196 1917 vn).
1232 1848 1500 1906 Probandi
1530 1850 1766 1913 interea,
1796 1846 1953 1916 juxta
1981 1862 2109 1917 apo-

533 1941 658 2000 stoli
698 1942 1037 2006 sententiam,
1078 1942 1297 2011 spiritus
1335 1950 1480 2004 sunt,
1524 1958 1591 1998 an
1633 1957 1700 1997 ex
1741 1942 1852 1996 Deo
1893 1940 2018 2004 sint,
2058 1947 2111 1995 et

530 2031 682 2101 iuxta
717 2033 976 2088 Veritatis
998 2049 1182 2088 vocem
1207 2050 1236 2086 a
1265 2033 1525 2088 fructibus
1554 2034 1664 2088 suis
1689 2039 2104 2102 cognoscuntur.

534 2123 688 2180 Unde
743 2139 812 2182 ex
858 2124 1039 2181 fructu
1093 2141 1191 2179 suo
1241 2141 1348 2194 quo
1397 2127 1692 2196 imaginum
1740 2124 2107 2180 adorationem

534 2213 768 2279 allectat,
823 2215 876 2270 id
920 2217 1185 2272 somnium
1239 2216 1424 2272 fulcire
1474 2215 1872 2272 evidentissime
1921 2215 2108 2284 depre-

532 2303 787 2360 henditur
827 2306 916 2362 ille
968 2307 1189 2376 spiritus
1237 2310 1328 2378 qui
1360 2291 1426 2363 id
1472 2309 1673 2374 intulit,
1729 2324 1794 2364 ex
1845 2309 1953 2364 Deo
2000 2325 2107 2370 non

501 2428 504 2432 -
530 2409 669 2450 esse.
699 2395 802 2450 Sed
826 2413 892 2452 ne
919 2396 1056 2454 forte
1101 2400 1298 2455 nostris
1323 2399 1656 2455 solummodo
1691 2401 2106 2469 argumentatio—

530 2489 692 2544 nibus
724 2489 827 2544 hoc
851 2490 1128 2546 videamur
1147 2491 1380 2556 edicere,
1421 2504 1760 2546 recurramus
1793 2491 1860 2546 ad
1898 2491 2104 2546 divinas

533 2583 862 2651 Scripturas,
898 2583 1293 2651 interrogemus
1337 2583 1716 2654 legislatorem,
1749 2584 1892 2638 dicat
1921 2593 2104 2638 utrum

530 2672 738 2726 somnia
791 2672 1096 2740 recipienda
1143 2672 1270 2738 sint,
1317 2673 1460 2727 dicat
1510 2672 1740 2742 qualiter
1783 2674 1937 2730 nobis
1973 2689 2100 2744 erga

528 2762 887 2818 somniatores
911 2762 1178 2830 agendum
1199 2769 1306 2837 est.
1346 2763 1462 2827 Dic,
1495 2778 1612 2826 oro,
1643 2770 1826 2820 sancte
1871 2750 2099 2835 Moyses:

528 2853 613 2907 die
636 2852 916 2908 mitissime
939 2854 1195 2916 virorum,
1222 2853 1307 2907 dic
1345 2854 1430 2907 vir
1449 2855 1644 2910 nobilis
1685 2864 1738 2908 et
1777 2870 2099 2911 arcanorum

527 2943 620 2998 Dei
644 2951 858 2997 strenue
882 2943 1173 3011 inspector,
1200 2944 1286 2998 die
1316 2944 1396 2997 vir
1425 2945 1843 3014 clementissime
1865 2956 1920 3000 et
1969 2944 2102 3002 inef-

527 3035 704 3090 fabilis
727 3036 820 3090 Dei
851 3035 1160 3091 ﬁdelissime
1182 3036 1470 3108 interpres,
1505 3039 1598 3107 qui
1617 3039 1788 3107 legem
1826 3039 1881 3092 in
1921 3047 2102 3094 monte

526 3127 763 3194 peccatis
808 3127 1136 3181 contrariam
1181 3135 1234 3180 et
1285 3127 1430 3182 vitiis
1480 3128 1752 3184 inimicam
1811 3129 2098 3198 accipiens,

525 3217 822 3286 gloriﬁcata
870 3217 1008 3271 facie
1034 3217 1240 3272 vultum
1281 3219 1674 3274 intolerabilem
1710 3219 1978 3289 peccatori
2003 3234 2100 3288 po-

525 3310 651 3380 pulo
678 3307 968 3374 adduxisti,
1001 3317 1057 3364 ut
1083 3310 1220 3364 sicut
1248 3310 1334 3365 lex
1363 3327 1523 3380 quam
1551 3311 1830 3367 deferebas
1868 3311 2102 3380 peccatis

523 3404 794 3459 contraria
823 3412 973 3470 erat,
1005 3405 1080 3458 ita
1121 3405 1375 3460 nimirum
1411 3404 1591 3461 vultus
1637 3413 1766 3462 tuus
1813 3404 2103 3473 spectanti-

522 3497 625 3552 bus
665 3497 922 3552 terribilis
945 3504 1118 3562 esset;
1163 3495 1269 3561 dic,
1300 3497 1379 3550 vir
1399 3496 1616 3567 inelyte,
1655 3498 1746 3564 qui
1776 3505 1963 3566 typum
1989 3496 2102 3549 veri

523 3585 898 3656 Redemptoris
933 3602 1142 3658 gerens,
1201 3585 1464 3644 mediator
1514 3589 1654 3640 inter
1699 3587 1867 3638 Deum
1910 3594 1964 3637 et
2008 3585 2102 3638 ho-

527 3681 701 3734 mines
751 3679 1040 3741 exstitisti;
1112 3677 1178 3729 da
1232 3684 1558 3744 prmceptum
1611 3683 1792 3730 utrum
1849 3674 2102 3743 quaelibet

523 3772 734 3829 somnia
758 3767 1019 3824 credenda
1047 3767 1184 3831 sint;
1217 3766 1332 3820 fare
1353 3773 1534 3820 utrum
1561 3766 1888 3836 quibuslibet
1930 3767 2101 3822 inclu-

523 3862 764 3918 sionibus
779 3873 1072 3915 consensus
1085 3859 1417 3914 exhibendas
1432 3860 1519 3914 sit.
1538 3858 1598 3914 Si
1611 3860 1892 3912 surrexerit
1916 3860 1972 3912 in
1998 3875 2102 3913 me-

524 3957 610 4008 dio
642 3956 717 4008 tui
755 3955 1040 4026 prophetes,
1071 3963 1158 4006 aut
1186 3952 1470 4007 somniator
1497 3953 1584 4024 qui
1633 3951 1890 4007 somnium
1916 3950 2102 4006 vidisse

526 4064 579 4102 se
604 4047 759 4111 dicat,
793 4057 839 4100 et
878 4045 1178 4115 prwdixerit
1212 4046 1416 4114 signum
1458 4043 1670 4114 aliquod
1701 4052 1851 4113 atque
1896 4053 2104 4114 porten-

526 4149 656 4204 tum,
685 4148 732 4194 et
760 4139 979 4193 evenerit
1003 4139 1139 4210 quod
1167 4138 1370 4192 locutus
1392 4147 1486 4203 est,
1515 4148 1561 4192 et
1589 4137 1778 4198 dircrit
1806 4137 1899 4191 tibi
1921 4153 1938 4190 :
1977 4134 2102 4192 Veni

525 4239 573 4285 et
597 4247 874 4302 sequamur
898 4231 1020 4286 deos
1059 4231 1254 4284 alienos
1288 4247 1414 4301 quos
1458 4231 1690 4300 ignoras,
1720 4245 1823 4283 non
1866 4228 2101 4284 attendas

525 4324 677 4376 verba
703 4323 962 4392 propheta:
996 4322 1139 4380 illius
1167 4334 1254 4378 aut
1295 4323 1647 4386 somniatoris,
1675 4324 1799 4392 quia
1825 4330 1987 4377 tentat
2016 4339 2101 4376 vos

2126 3083 2174 3150 C

2212 1862 2354 1912 mur,
2407 1846 2612 1902 habere
2659 1856 2968 1919 cognoscet,
3017 1865 3140 1906 cum
3188 1852 3382 1920 quibus
3439 1865 3540 1906 nec
3595 1850 3798 1920 culpari

2213 1940 2519 2004 abnuimus,
2552 1954 2654 1997 nec
2693 1942 3017 2011 reprehendi
3048 1944 3432 2000 erubescimus.
3463 1943 3600 1999 Nam
3625 1953 3684 1998 ut
3723 1943 3801 1996 al-

2213 2030 2321 2086 tius
2349 2039 2678 2100 repetamus,
2698 2048 2794 2088 vas
2817 2034 2980 2088 etiam
3002 2034 3278 2091 electionis
3298 2037 3557 2106 quiddam
3579 2035 3646 2092 de
3669 2051 3803 2104 gen-

2212 2122 2389 2177 tilium
2435 2124 2617 2180 verbis
2652 2124 2763 2179 suis
2808 2124 3034 2180 inseruit
3071 2125 3342 2194 operibus,
3390 2133 3448 2179 ut
3499 2132 3582 2182 est
3619 2124 3800 2178 illud:

2212 2211 2482 2270 Cretenses
2525 2231 2724 2285 semper
2773 2216 3077 2279 mendaces,
3125 2212 3278 2265 mala:
3331 2213 3533 2275 bestiw,
3589 2222 3800 2266 ventres

2208 2306 2346 2376 pigri
2373 2305 2495 2377 (Tit.
2527 2307 2587 2373 ι).
2615 2305 2878 2359 Prmterea
2915 2317 3038 2357 cum
3081 2300 3413 2355 somniorum
3448 2299 3795 2358 observatio-

2210 2412 2324 2462 nes,
2378 2396 2460 2452 vel
2493 2395 2671 2464 potius
2713 2393 2978 2448 vanitates
3015 2391 3335 2448 discutimus
3358 2432 3374 2457 ,
3423 2407 3535 2446 non
3570 2392 3798 2460 penitus

2208 2489 2417 2548 illorum
2453 2502 2612 2541 usum
2661 2485 3022 2540 abdicandum
3063 2499 3181 2538 esse
3235 2491 3523 2537 testamur.
3554 2481 3690 2536 Cum
3739 2491 3797 2536 ct

2205 2579 2527 2651 patriarcbis
2543 2585 2598 2631 et
2617 2577 2917 2646 prophetis,
2939 2576 3182 2644 quaedam
3204 2573 3570 2628 sacratissima
3593 2581 3796 2642 myste-

2206 2674 2287 2732 ria
2339 2672 2396 2726 in
2442 2671 2666 2732 somnis,
2716 2668 2801 2722 vel
2841 2667 3019 2736 potius
3060 2666 3114 2719 in
3158 2664 3458 2720 visionibus
3486 2670 3788 2718 monstrata

2207 2763 2333 2827 sint,
2360 2770 2415 2818 et
2445 2761 2588 2831 magi
2623 2770 2734 2814 tres
2757 2759 2812 2812 in
2851 2759 3055 2812 somnis
3098 2755 3287 2812 moniti
3318 2771 3387 2809 ne
3419 2755 3490 2809 ad
3521 2755 3792 2810 truculen-

2207 2867 2323 2921 tum
2363 2857 2601 2912 redirent
2658 2865 2948 2927 tyrannum
2973 2895 2988 2920 ,
3035 2853 3254 2909 alterius
3305 2853 3460 2908 callis
3514 2854 3790 2910 tramitem

2206 2958 2446 3008 terentes
2488 2948 2738 3018 proprias
2781 2946 3176 3015 repedaverunt
3216 2944 3284 2998 ad
3334 2945 3510 3007 sedes,
3565 2952 3622 2998 et
3674 2945 3792 3002 viro

2207 3048 2395 3099 sancto
2454 3038 2652 3108 Joscpb
2712 3039 2767 3092 in
2815 3036 3020 3092 somnis
3069 3035 3290 3106 angelus
3351 3033 3687 3104 apparuisse,
3738 3044 3791 3091 et

2206 3133 2257 3190 ei
2302 3130 2683 3202 mysteriorum
2723 3142 2922 3184 arcana
2960 3126 3144 3181 multis
3178 3134 3326 3182 retro
3361 3125 3572 3180 saeculis
3602 3141 3634 3178 a
3664 3143 3791 3197 pro-

2202 3224 2381 3294 phetis
2431 3220 2750 3277 annuntiata
2798 3219 2996 3289 legitur
3048 3217 3491 3273 demonstrasse:
3524 3218 3670 3273 unde
3722 3234 3792 3274 ne

2205 3317 2327 3386 quis
2354 3315 2519 3374 biset
2554 3312 2640 3368 his
2685 3310 2952 3368 similibus
2993 3309 3252 3378 exemplis
3281 3309 3618 3366 somniorum
3649 3311 3789 3368 inso-

2205 3411 2381 3464 lenter
2420 3414 2638 3476 appetat
2693 3418 2882 3467 usum,
2916 3410 2971 3457 et
3000 3416 3092 3460 eas
3135 3403 3288 3472 sequi
3314 3402 3400 3460 vel
3435 3404 3674 3468 credere,
3704 3403 3786 3461 vel

2204 3500 2259 3555 in
2306 3496 2663 3552 conventibus
2689 3493 2940 3558 recitare,
2969 3501 3064 3547 aut
3109 3495 3178 3551 ab
3216 3495 3302 3549 his
3339 3511 3488 3552 more
3515 3495 3780 3554 Theodori

2181 3606 2293 3648 .res
2328 3590 2382 3643 in
2428 3586 2835 3644 contentionem
2861 3586 3141 3642 venientes
3172 3585 3440 3643 afﬁrmare
3471 3598 3781 3657 przesumat,

2203 3683 2406 3740 idcirco
2430 3688 2512 3735 est
2541 3687 2602 3736 ut
2625 3679 2788 3749 paulo
2814 3681 3064 3749 superius
3096 3681 3476 3749 prtemisimus,
3514 3697 3542 3735 a
3584 3665 3784 3737 sanctis

2205 3774 2498 3844 Scripturis
2532 3772 2880 3842 prohibitum.
2927 3771 3180 3841 Legimus
3207 3773 3369 3827 etiam
3398 3772 3703 3829 infidelibus
3722 3789 3781 3827 ac

2203 3868 2443 3939 profanis
2495 3867 2797 3937 quibusque
2850 3865 3066 3936 regibus
3113 3864 3362 3935 quaedam
3437 3881 3637 3922 arcana
3690 3881 3780 3935 per

2205 3961 2415 4018 somnia
2463 3960 2847 4023 demonstrata,
2894 3972 3014 4026 quae
3067 3971 3176 4012 non
3214 3955 3319 4010 illis
3365 3957 3606 4012 revelata
3661 3963 3778 4010 sunt

2205 4046 2328 4112 ullis
2373 4052 2712 4123 propriorum
2767 4049 3084 4104 meritorum
3129 4047 3534 4119 prmrogativis,
3583 4046 3669 4103 sed
3717 4053 3770 4097 ut

2203 4147 2307 4206 viri
2337 4145 2507 4202 sancti
2544 4143 2636 4212 qui
2657 4158 2720 4198 ea
2751 4140 2856 4195 illis
2887 4140 3089 4210 Spiritu
3113 4148 3301 4200 sancto
3328 4139 3599 4196 revelante
3624 4151 3766 4192 mon-

2205 4247 2465 4300 stravere,
2502 4232 2796 4289 honoribus
2839 4230 3276 4297 sublimarentur,
3310 4238 3366 4285 et
3394 4232 3508 4286 suis
3543 4229 3772 4284 valerent

2204 4331 2459 4400 prodesse
2488 4325 2843 4396 concaptivis.
2876 4323 3192 4393 Quanquam
3226 4339 3356 4395 ergo
3384 4331 3440 4380 et
3469 4324 3692 4380 visiones
3718 4325 3768 4370 et

525 4412 777 4466 Dominus
810 4413 948 4468 Deus
973 4423 1152 4478 vester,
1182 4425 1235 4468 ut
1261 4414 1436 4481 palam
1470 4414 1630 4482 faciat
1664 4422 1841 4466 utrum
1864 4413 2096 4482 diligatis
2123 4432 2175 4492 υ
2201 4422 2410 4483 somnia
2438 4419 2652 4474 mixtim
2694 4416 2799 4475 dici
2820 4418 3150 4474 consuetudo
3197 4417 3506 4484 admiserit,
3535 4418 3667 4472 inter
3692 4411 3767 4467 vi.

527 4521 647 4561 eum
667 4522 731 4560 ea:
758 4515 864 4561 toto
894 4507 1047 4562 corde
1089 4515 1251 4560 vestro
1298 4522 1366 4558 an
1415 4521 1517 4558 non
1553 4504 1744 4574 (Deut.
1777 4505 1929 4576 xm).
1961 4505 2100 4561 Ecce

527 4600 848 4668 legislatoris
887 4597 1205 4653 auctoritate
1237 4596 1589 4664 perdocemur
1628 4597 1769 4665 quod
1814 4597 1981 4658 verba
2016 4613 2101 4655 so-

530 4690 876 4754 mniatorum,
917 4702 1223 4756 quanquam
1267 4688 1514 4743 eti‘ecttum
1560 4688 1812 4756 habeant,
1855 4706 1964 4745 non
2014 4699 2098 4750 at-

528 4781 867 4850 tenduntur.
889 4780 1042 4834 Dicat
1095 4796 1234 4834 nunc
1285 4779 1558 4852 Sapientia
1600 4783 1730 4853 quid
1778 4783 1844 4836 de
1877 4784 2100 4840 somniis

531 4866 747 4926 sentiat.
808 4869 896 4926 Ait
933 4869 1076 4924 enim
1113 4884 1126 4922 :
1176 4869 1276 4924 Ubi
1316 4870 1480 4925 multa
1525 4861 1644 4930 sunt
1698 4875 1922 4940 somnia,
1979 4875 2096 4944 plu-9

531 4965 678 5017 rima;
704 4964 974 5029 vanitates,
1002 4972 1047 5016 et
1081 4979 1338 5018 sermones
1368 4965 1623 5018 innumeri
1661 4981 1679 5018 :
1709 4975 1764 5018 tu
1789 4981 1903 5018 vero
1929 4964 2094 5020 Deum

529 5057 651 5109 time
672 5055 868 5125 (Eccie.
889 5054 966 5124 v).
994 5054 1130 5110 Nam
1147 5063 1201 5110 et
1221 5054 1499 5127 zEgyptios
1520 5056 1724 5110 somnia
1752 5054 2099 5122 perturbasse

529 5147 857 5210 creduntur,
904 5144 1114 5199 dicente
1167 5145 1474 5214 Scriptura,
1515 5144 1731 5198 Somnia
1787 5144 1923 5196 enim
1978 5160 2095 5214 quw

528 5235 647 5290 illos
684 5235 1184 5304 turbaverunt(Sap.
1216 5234 1405 5302 xvtu);
1449 5233 1561 5284 hinc
1588 5231 1983 5301 signiﬁcabant,
2029 5249 2097 5290 nc

528 5325 681 5380 inscii
727 5334 906 5379 essent
949 5340 1116 5393 quare
1161 5323 1299 5375 mala
1357 5330 1687 5390 paterentur.
1750 5323 2092 5380 Manifestum

531 5426 609 5472 est
642 5418 785 5473 enim
838 5416 1029 5470 divinae
1058 5413 1189 5483 legis
1223 5412 1631 5468 auctoritatibus
1665 5415 1870 5470 somnia
1913 5425 1967 5472 et
2001 5433 2095 5472 au-

530 5511 682 5579 guria
706 5525 841 5564 vana
867 5524 1016 5572 esse,
1067 5517 1119 5562 et
1154 5516 1355 5575 quanto
1383 5508 1502 5575 quis
1529 5523 1592 5563 ea
1627 5509 1854 5576 amplius
1900 5510 2094 5562 timue-

533 5607 621 5661 rit,
651 5607 801 5652 tanto
827 5614 921 5652 cor
949 5598 1062 5666 ejus
1088 5598 1316 5668 amplius
1344 5596 1497 5652 fallit.
1526 5599 1675 5654 Unde
1702 5598 1872 5652 modis
1915 5599 2093 5654 omni-

529 5689 630 5746 bus
658 5686 1146 5749 reprehendendum
1176 5690 1500 5758 putavimus,
1538 5690 1682 5762 quod
1700 5688 1955 5758 pl'tnfatus
1976 5690 2091 5760 epi-

2203 4518 2382 4580 sioncs
2417 4526 2544 4570 vero
2571 4517 2624 4566 et
2656 4509 2865 4565 somnia
2911 4509 3013 4566 hoc
3059 4507 3276 4578 quidam
3325 4507 3528 4564 distare
3574 4507 3766 4567 dicunt,

2201 4605 2344 4677 quod
2390 4601 2599 4668 somnia
2656 4613 2720 4660 ea
2773 4606 2899 4655 sunt
2949 4614 3067 4669 qua:
3121 4598 3434 4670 plerumque
3475 4596 3761 4651 falluntur:

2201 4698 2424 4754 veniunt
2463 4708 2592 4766 ergo
2617 4707 3001 4761 nonnunquam
3023 4705 3090 4746 ex
3117 4690 3456 4748 revelatione,
3489 4682 3756 4740 multotics

2201 4807 2329 4848 vero
2374 4797 2468 4844 aut
2503 4803 2569 4842 ex
2622 4784 2966 4854 cogitatione,
3003 4791 3094 4837 aut
3119 4798 3185 4838 ex
3227 4779 3536 4844 tentatione,
3563 4783 3651 4830 aut
3692 4787 3760 4828 ex

2201 4882 2468 4953 aliquibus
2507 4878 2591 4932 his
2620 4875 2911 4940 similibus;
2943 4875 3179 4931 visiones
3211 4891 3337 4930 vero
3381 4873 3583 4936 dicunt,
3610 4882 3763 4945 quas-

2200 4974 2324 5029 dam
2371 4969 2676 5024 veraciores
2719 4966 3108 5034 revelationes,
3147 4981 3376 5036 quarum
3401 4963 3505 5018 tria
3533 4968 3652 5018 sunt
3685 4973 3769 5028 ge-

2198 5079 2346 5127 nera,
2397 5058 2676 5128 corporale
2726 5057 2992 5124 videlicet,
3049 5066 3103 5114 et
3150 5057 3410 5128 spiritale,
3443 5056 3558 5112 sive
3611 5054 3771 5109 etiam

2197 5150 2576 5212 intellectuale.
2607 5150 2898 5220 Corporale
2925 5150 3088 5220 igitur
3111 5157 3214 5215 est,
3251 5150 3398 5219 quod
3444 5149 3503 5203 ﬁt
3524 5163 3621 5218 per
3657 5160 3771 5200 core

2195 5263 2328 5326 pus;
2372 5243 2632 5313 spiritale,
2685 5259 2807 5298 cum
2844 5242 3102 5314 imagines
3148 5259 3336 5299 eorum
3375 5258 3496 5313 quae
3535 5242 3770 5296 videmus

2199 5336 2256 5391 in
2305 5331 2562 5388 memoria
2621 5331 2928 5397 condimus;
2987 5332 3349 5388 intellectuale
3384 5346 3604 5402 nempe,
3654 5343 3767 5385 cum

2200 5444 2264 5484 ea
2285 5440 2403 5496 qua:
2423 5423 2774 5492 corporaliter
2804 5422 3072 5487 videmus,
3101 5431 3155 5476 et
3183 5423 3545 5491 imaginaliter
3571 5423 3627 5478 in
3665 5434 3770 5476 me-

2200 5515 2370 5570 moria
2407 5514 2717 5578 retinemus,
2753 5512 3024 5566 intellectu
3078 5513 3456 5570 discernimus.
3499 5512 3770 5574 intellectu

2199 5609 2362 5679 igitur
2382 5606 2755 5668 discernimus,
2787 5605 2929 5672 quod
2959 5605 3086 5660 illud
3116 5607 3179 5660 sit
3205 5621 3430 5674 corpus,
3458 5605 3594 5662 illud
3640 5599 3772 5658 simi-

2198 5698 2366 5770 litudo
2403 5695 2666 5768 corporis.
2699 5693 2856 5752 Hunc
2884 5710 3095 5766 quoque
3143 5695 3475 5765 intellectum
3517 5696 3703 5756 bestia:
3724 5693 3774 5745 et
