4008 6154
221 256 364 313 H75

997 252 1175 312 LIBRI
1205 242 1555 312 CLAROIJNI.
1593 280 1667 293 -—
1702 246 1924 308 CAPIT.
1965 248 2055 306 DE
2091 248 2281 308 IMAG.
2321 280 2393 294 —-
2427 250 2558 311 LIB.
2600 252 2688 310 III.

3359 257 3498 315 H74

223 386 419 443 pecora
461 376 623 438 atque
650 366 888 425 volatilia
915 366 1227 423 nullatenus
1264 367 1487 423 habent.
1524 365 1721 424 Vident
1747 372 1804 421 et
1826 364 1884 429 Δ
1905 378 1995 420 ras
2037 365 2345 435 descendit;
2374 377 2601 440 propter
2641 369 2891 427 homines
2913 369 3006 441 qui
3037 368 3346 428 animarum
3395 389 3497 428 no-

224 466 338 535 ipsa
364 480 462 535 per
485 478 700 535 corpus,
742 470 799 518 et
837 478 1029 519 eorum
1075 476 1195 533 quae
1226 461 1410 529 vident
1444 460 1801 533 imaginaliter

222 559 442 628 spiritus
480 555 887 614 informantur:
926 556 1070 612 unde
1092 564 1149 610 et
1180 568 1376 625 pecora
1400 554 1664 624 praesepia
1710 567 1799 608 re-

224 655 575 719 cognoscant,
603 656 661 705 et
687 662 818 704 aves
842 645 911 702 ad
952 645 1107 702 nidos
1138 660 1266 702 suos
1308 645 1559 711 redeunt,
1582 645 1677 701 sed
1699 658 1802 700 nec

222 739 401 809 seipsa
444 740 791 810 intelligunt,
844 753 945 795 nec
992 738 1109 794 illa
1141 754 1267 810 quae
1320 737 1492 794 oculis
1547 743 1798 793 cernunt.

221 829 508 889 Postremo
526 833 821 903 corporalis
847 833 953 888 ista
978 830 1139 897 visio,
1165 832 1282 887 sine
1303 829 1530 902 spiritali
1552 844 1674 885 esse
1694 843 1803 885 non

222 933 425 995 potest.
456 926 597 997 Ergo
624 943 745 982 cum
769 925 1064 981 avertimus
1084 923 1274 981 oculos
1307 924 1375 980 ab
1406 923 1485 979 eis
1522 920 1646 994 qua:
1667 923 1805 978 vidi-

227 1034 372 1081 mus,
398 1020 658 1089 imagines
678 1032 865 1073 eorum
891 1032 1014 1087 qua:
1035 1032 1146 1073 non
1176 1015 1440 1081 videmus,
1463 1015 1517 1069 in
1542 1014 1804 1071 memoria

220 1112 539 1166 retinemus.
574 1109 842 1181 Spiritalis
870 1124 1003 1164 vero
1046 1109 1187 1165 visio
1218 1109 1339 1163 sine
1388 1105 1655 1177 corporali
1685 1120 1806 1162 esse

169 1216 333 1285 ‘non
375 1210 553 1271 potest
590 1214 609 1254 :
655 1200 800 1255 unde
844 1200 1097 1256 absentes
1144 1199 1389 1254 homines
1434 1196 1802 1264 recordamur,

219 1297 274 1344 et
299 1291 355 1345 in
377 1290 611 1346 tenebris
636 1304 701 1345 ea
721 1306 845 1360 quae
869 1307 979 1348 non
1017 1292 1281 1357 videmus,
1305 1289 1669 1362 imaginaliter
1694 1303 1806 1343 eer-

218 1380 417 1436 nimus.
435 1381 819 1438 lntellectualis
841 1397 1033 1453 nempe
1054 1399 1155 1439 nec
1177 1381 1446 1453 corporali
1468 1381 1692 1450 indiget,
1710 1394 1808 1435 nec

219 1473 505 1543 spirituali.
535 1474 814 1530 Intellecta
837 1489 937 1531 nec
966 1490 1165 1545 corpus
1188 1474 1458 1537 videmus,
1486 1487 1590 1527 nec
1619 1471 1809 1542 imagi-

218 1581 349 1622 nem
393 1566 635 1636 corporis
667 1585 682 1621 :
723 1582 823 1636 per
872 1569 1019 1623 hunc
1064 1568 1263 1637 quippe
1316 1566 1534 1621 videtur
1577 1563 1805 1633 iustitia,

1902 456 2047 511 mine
2072 457 2390 529 plerumque
2428 460 2636 531 tropice
2681 460 3065 534 designantur,
3115 477 3224 518 non
3263 472 3488 534 propter

1901 546 2165 619 imagines
2191 568 2313 623 quae
2339 553 2408 608 ab
2435 552 2738 609 artiﬁcibus
2775 552 3105 622 formantur,
3134 556 3282 612 Patri
3313 558 3450 613 dixit
3475 574 3490 614 :

1906 638 2049 705 Quos
2076 642 2266 698 dedisti
2284 646 2434 712 mihi,
2459 645 2571 701 volo
2597 655 2653 700 ut
2678 647 2765 702 ubi
2791 666 2907 703 sum
2930 666 3045 721 ego,
3070 658 3119 703 et
3138 650 3243 721 ipsi
3258 651 3363 705 sint
3387 668 3494 706 me-

1903 748 2044 798 cum,
2074 742 2129 787 ut
2168 735 2376 790 videant
2402 736 2695 793 claritatem
2729 756 2898 796 meam
2928 757 3087 811 quam
3118 740 3308 797 dedisti
3340 741 3490 810 mihi,

1902 824 2029 897 quia
2068 824 2299 880 dilexisti
2338 844 2420 881 me
2449 829 2631 900 (Joan.
2658 831 2818 903 xvn).
2850 831 2985 888 Cum
3012 833 3177 905 igitur
3201 834 3346 891 Deus
3381 834 3494 905 pri-

1904 933 2053 974 mum
2079 919 2391 975 hominibus
2440 924 2742 978 naturalem
2785 925 2959 996 legem
3009 926 3387 999 dederit,qua
3425 927 3495 985 ab

1903 1013 2216 1070 hominibus
2263 1025 2540 1087 corrupta,
2576 1018 2785 1074 dederit
2816 1026 3011 1091 postea
3038 1021 3299 1090 scriptam
3322 1061 3343 1087 ,
3386 1035 3495 1092 qua

1905 1106 2071 1162 etiam
2118 1106 2336 1173 violata,
2363 1122 2483 1163 sese
2508 1124 2606 1178 per
2648 1110 2999 1180 praesentiam
3036 1112 3377 1182 corporalem
3414 1111 3497 1166 vi-

1906 1197 2144 1254 dendum
2175 1199 2517 1268 exhibuerit,
2542 1207 2598 1256 et
2628 1208 2752 1256 ante
2796 1201 3005 1272 legem,
3033 1211 3087 1258 et
3122 1204 3224 1259 sub
3246 1203 3366 1273 lege
3386 1244 3407 1269 ,
3443 1210 3497 1261 et

1908 1292 2009 1347 sub
2045 1291 2219 1363 gratia
2250 1306 2465 1361 semper
2508 1294 2760 1350 humana:
2801 1293 2962 1349 saluti
3011 1294 3268 1349 credatur
3302 1308 3499 1350 consu-

1907 1380 2089 1447 luisse,
2118 1399 2391 1454 nunquam
2417 1384 2628 1455 uspiam
2658 1384 2766 1440 tale
2799 1385 3004 1457 aliquid
3030 1386 3358 1456 imaginibus
3380 1401 3499 1442 cre-

1910 1474 2056 1530 ditur
2080 1474 2393 1530 contulisse.
2429 1474 2509 1531 Ac
2541 1491 2639 1547 per
2671 1476 2777 1532 hoc
2809 1477 3145 1533 venerationi
3178 1492 3298 1546 qua:
3321 1476 3499 1533 homi-

1909 1567 2069 1625 nibus
2101 1568 2381 1625 charitatis
2406 1583 2569 1624 causa
2604 1576 2688 1625 est
2715 1568 3038 1633 exhibenda,
3069 1568 3365 1640 imaginum
3408 1582 3499 1625 ve-

220 1662 487 1725 charitas,
528 1661 643 1731 ipse
668 1663 834 1727 Deus,
862 1662 976 1731 ipsa
1005 1677 1159 1717 mens
1182 1661 1418 1717 hominis
1443 1676 1561 1730 quae
1605 1659 1813 1714 nullum
1834 1725 1881 1735 _
1912 1661 2122 1721 neratio
2146 1660 2452 1715 nullatenus
2499 1668 2583 1715 est
2628 1660 2979 1731 coaequanda.
3024 1661 3138 1717 Hoc
3168 1661 3388 1735 quidem
3433 1662 3499 1719 de

225 1766 428 1820 corpus
456 1725 637 1817 habet,
666 1725 1236 1819 nullam-soliditatem
1283 1725 1546 1822 corpoi'is.
1583 1749 1683 1805 Hic
1730 1751 1810 1805 iu-
1834 1725 1886 1790 Β
1913 1750 2033 1807 loco
2064 1752 2181 1816 Dei,
2214 1759 2305 1806 aut
2343 1751 2410 1806 de
2438 1750 2640 1821 templo
2664 1725 2808 1821 quod
2831 1749 3081 1817 abusive,
3112 1725 3205 1806 aui
3230 1752 3296 1808 de
3318 1752 3497 1808 anima

226 1842 620 1912 terponendum
650 1846 718 1899 de
754 1844 990 1915 quinque
1016 1845 1301 1916 generibus
1340 1844 1625 1911 visionum,
1651 1841 1808 1913 juxta

226 1924 595 1987 Theodosium
628 1932 974 1989 Maerobium.
1024 1934 1160 1990 Cum
1207 1950 1336 2005 ergo
1369 1935 1702 1991 somniorum
1745 1948 1810 1988 ac

224 2022 497 2078 visionum
531 2032 609 2079 tot
655 2031 912 2096 tantaque
937 2027 1046 2081 sint
1088 2041 1287 2098 genera
1310 2042 1342 2081 a
1376 2024 1606 2081 diversis
1636 2023 1807 2096 parti—

222 2113 331 2169 bus
376 2116 660 2181 venientia,
692 2119 923 2173 solerter
948 2117 1267 2173 intuendnm
1298 2126 1478 2174 estne
1514 2117 1640 2175 dum
1690 2115 1810 2186 quis

222 2205 356 2276 quid
381 2221 441 2262 se
467 2208 521 2261 in
551 2209 757 2264 somnis
781 2209 979 2265 vidisse
1000 2212 1301 2280 cognoscit,
1331 2211 1516 2267 statim
1541 2225 1604 2265 ea
1645 2207 1811 2263 ﬁrmi-

220 2305 310 2353 ter
342 2306 540 2365 teneat,
588 2308 749 2370 atque
773 2302 841 2357 ad
885 2318 972 2358 res
1008 2302 1204 2357 dubias
1247 2301 1622 2358 deliberandas
1653 2300 1809 2371 quasi

225 2390 517 2459 quamdam
543 2394 906 2449 authenticam
945 2395 1320 2451 auctoritatem
1354 2396 1411 2450 in
1450 2394 1657 2467 synodo
1685 2409 1812 2465 pro-

224 2481 385 2548 ferat,
437 2500 506 2540 ne
547 2486 672 2541 dum
731 2488 1021 2543 vanitatem
1070 2489 1401 2545 vanitatibus
1454 2490 1809 2545 corroborare

221 2583 472 2645 conatur,
501 2577 636 2648 ipse,
670 2579 815 2649 quod
840 2580 999 2646 absit,
1032 2580 1088 2635 in
1112 2580 1410 2636 vanitatem
1432 2580 1664 2637 labatur.
1732 2632 1739 2645 ,

783 2734 1012 2793 CAPUT
1048 2736 1256 2793 XXVII.

227 2887 385 2954 Quod
412 2905 533 2944 cum
570 2888 711 2945 Deus
754 2890 978 2948 illocalis
1021 2895 1107 2957 sit,
1158 2892 1239 2948 illi
1267 2894 1443 2948 minus
1475 2902 1622 2948 nocte
1662 2892 1809 2948 dixe-

301 2960 407 3014 rint
431 2977 450 3014 :
489 2961 820 3016 Veneramur
845 2970 899 3018 et
927 2964 1215 3020 adoramus
1245 2965 1385 3021 sicut
1413 2965 1589 3021 locum
1618 2964 1734 3020 Dei.

294 3050 492 3106 Dicunt
514 3052 681 3107 etiam
728 3057 1065 3111 venerandas
1094 3065 1149 3111 et
1196 3056 1499 3113 adorandas
1545 3056 1811 3127 imagines
1836 3088 1885 3155 α

216 3140 361 3198 sicut
410 3141 589 3198 locum
642 3143 738 3198 Dei
786 3159 801 3199 :
831 3146 975 3216 quod
1013 3146 1058 3201 si
1096 3161 1195 3216 pro
1224 3147 1426 3217 templo
1471 3147 1569 3202 Dei
1600 3147 1804 3215 dicunt,

216 3234 363 3305 quod
387 3234 707 3307 plerumque
731 3238 952 3313 abusive
975 3237 1128 3295 locus
1147 3238 1244 3293 Dei
1272 3238 1494 3304 dicitur,
1518 3238 1808 3295 vehemen-

215 3333 304 3381 ter
333 3334 539 3382 errant.
576 3327 636 3383 ln
658 3328 858 3399 templo
887 3330 1032 3385 enim
1058 3328 1274 3385 Domini
1304 3328 1592 3395 sacriﬁcia,
1624 3344 1730 3383 non
1752 3328 1807 3383 in

214 3419 566 3493 imaginibus,
616 3420 944 3489 oll'eruntur;
985 3422 1040 3477 in
1073 3422 1289 3494 templo,
1322 3438 1431 3478 non
1460 3422 1516 3476 in
1554 3422 1803 3493 pieturis,

215 3513 516 3566 missarum
547 3514 807 3569 solemnia
842 3514 1219 3579 celebrantur;
1248 3514 1301 3568 in
1328 3514 1542 3585 templo
1573 3514 1808 3584 populus

219 3610 382 3656 stans
411 3612 464 3657 et
486 3616 707 3673 precum
728 3620 949 3660 suarum
972 3604 1082 3660 Deo
1111 3603 1372 3659 libamina
1401 3604 1665 3669 oll'erens,
1698 3619 1806 3660 non

214 3693 276 3749 in
295 3694 527 3764 depictis
556 3694 752 3750 tabulis
771 3736 785 3761 ,
808 3696 1107 3752 exauditur.
1124 3697 1377 3752 Dominus
1394 3698 1448 3752 in
1462 3697 1665 3771 templo
1685 3716 1808 3754 san-

214 3794 306 3840 cto
321 3802 419 3840 suo
451 3785 719 3858 (Psal.x),
749 3786 1023 3849 aitDavid,
1053 3804 1156 3841 non
1175 3787 1671 3858 iuimaginesancta
1686 3806 1802 3856 sua,

214 3893 326 3932 nec
348 3877 404 3931 in
436 3877 685 3946 picturis,
718 3877 815 3933 sed
835 3877 890 3931 iu
920 3876 1043 3933 caelo
1070 3876 1217 3933 sedes
1246 3877 1359 3950 ejus
1391 3876 1560 3950 (Psal.
1594 3879 1672 3950 χ).
1699 3880 1808 3937 Nec

213 3968 297 4023 ait
330 3983 346 4023 :
388 3966 545 4023 Oculi
582 3968 718 4039 ejus,
750 3968 807 4023 in
838 3977 1152 4042 arrogantes
1180 3969 1296 4025 sive
1324 3985 1475 4026 vana:
1517 3970 1690 4026 laudis
1724 3987 1807 4029 se-

214 4072 481 4129 ctatores,
520 4061 636 4130 sed,
681 4064 737 4117 in
779 4080 1060 4135 pauperem
1107 4065 1417 4135 respiciunt,
1459 4065 1513 4119 in
1545 4079 1806 4136 pauperes

213 4155 489 4222 videlicet,
522 4154 588 4211 de
613 4155 813 4225 quibus
856 4156 970 4226 ipsa
994 4171 1095 4227 per
1124 4171 1183 4212 se
1214 4156 1426 4214 Veritas
1451 4156 1580 4213 dicit
1616 4158 1806 4213 :Beati

213 4268 471 4323 pauperes
517 4250 706 4322 spiritu
758 4247 985 4322 (Matt/1.
1039 4249 1129 4323 γ).
1178 4249 1245 4305 Et
1287 4251 1516 4317 iterum,
1566 4250 1637 4307 In
1677 4261 1807 4307 tem-

215 4343 306 4413 pto
361 4343 473 4413 ejus
517 4344 592 4397 ait
638 4341 778 4397 idem
826 4342 1201 4399 sanctissimus
1228 4345 1648 4414 prophetarum,
1695 4361 1804 4401 non

1913 1842 2152 1898 hominis
2173 1840 2336 1912 justi,
2369 1856 2489 1912 quae
2519 1842 2930 1900 convenientius
2958 1842 3113 1899 locus
3140 1842 3236 1898 Dei
3267 1843 3498 1910 dicitur,

1914 1935 2111 2005 quibus
2140 1933 2447 1990 nullatenus
2482 1935 2745 2006 imagines
2780 1936 3075 1992 secundum
3106 1935 3323 1991 illorum
3344 1951 3498 1991 vesa-

1913 2026 2063 2082 niam
2089 2027 2431 2098 coazquaudae
2454 2035 2598 2093 sunt,
2626 2027 2868 2083 breviter
2884 2027 3087 2083 dixisse
3115 2025 3364 2083 suﬁciat.
3388 2025 3499 2085 Cte-

1912 2127 2092 2173 terum
2121 2118 2186 2174 de
2214 2118 2332 2175 loco
2361 2120 2457 2174 Dei
2496 2119 2589 2191 qui
2636 2119 2822 2176 localis
2847 2136 2953 2175 non
2983 2129 3087 2188 est,
3119 2119 3214 2190 qui
3242 2119 3363 2176 loco
3389 2134 3500 2176 non

1914 2211 2241 2279 continetur,
2273 2212 2367 2283 qui
2390 2211 2572 2266 omnia
2596 2213 2853 2278 continet,
2881 2220 2936 2269 et
2957 2212 3108 2269 locus
3135 2228 3246 2269 non
3281 2221 3389 2280 est,
3410 2212 3499 2269 cui

1913 2302 2049 2357 nihil
2075 2302 2141 2358 de
2171 2318 2267 2359 sex
2293 2303 2398 2358 illis
2422 2304 2671 2374 partibus
2690 2304 2794 2360 loci
2827 2305 3046 2371 accidit,
3069 2305 3158 2361 cui
3187 2305 3323 2360 nihil
3347 2312 3501 2362 ante-

1913 2396 2027 2452 rius
2066 2396 2440 2466 posteriusve,
2473 2397 2749 2453 dexterius
2777 2407 2871 2453 aut
2897 2398 3200 2466 sinistrius,
3252 2400 3501 2470 superius

1913 2487 1999 2542 vel
2034 2485 2262 2543 inferius
2300 2495 2406 2555 est,
2459 2488 2736 2558 disputare
2780 2490 3079 2548 subtilioris
3128 2491 3502 2563 intelligentiae

1828 2602 1831 2603 ν
1887 2587 2016 2662 est.
2047 2578 2367 2651 Quanquam
2394 2581 2560 2652 igitur
2588 2583 2778 2639 decem
2812 2583 3027 2641 illorum
3051 2584 3500 2656 [medicamento-

1889 2689 2064 2754 prum,
2103 2690 2223 2745 quae
2254 2690 2287 2730 a
2334 2674 2671 2746 philosophis
2700 2685 3125 2747 pertractantur,
3156 2680 3290 2736 ordo
3330 2681 3397 2736 de
3433 2693 3503 2735 eo

1913 2767 2161 2823 videatur
2193 2768 2421 2835 ascribi,
2474 2776 2534 2823 ut
2570 2784 2668 2838 pro
2693 2771 2845 2825 οὐσία
2886 2767 3025 2837 ejus,
3061 2786 3181 2842 quae
3210 2769 3503 2827 inetl‘abilis

1913 2869 2027 2929 est,
2063 2860 2273 2916 dicatur
2299 2862 2557 2916 Dominus
2592 2860 2754 2928 Deus,
2799 2861 2942 2916 Deus
2967 2877 3125 2927 unus,
3155 2861 3295 2916 Deus
3320 2862 3499 2931 fortis,

1911 2951 2053 3007 Deus
2075 2963 2295 3025 potens;
2337 2968 2437 3023 pro
2467 2952 2768 3024 quantitate
2801 2951 2920 3022 ejus
2953 2968 3073 3024 quae
3099 2952 3365 3008 immensa
3390 2962 3498 3021 est,

1912 3060 2134 3116 magnus
2160 3044 2417 3099 Dominus
2443 3054 2490 3099 et
2530 3043 2815 3101 laudabilis
2840 3043 2990 3100 valde
3022 3043 3075 3116 (Ι
3108 3042 3298 3100 Paral.
3337 3044 3451 3118 1m)
3479 3064 3497 3114 ;

1913 3151 2015 3209 pro
2040 3136 2301 3206 qualitate
2326 3136 2445 3206 ejus
2471 3150 2590 3206 qua:
2618 3136 3005 3193 inenarrabilis
3031 3143 3135 3204 est,
3164 3136 3377 3193 dicatur
3409 3137 3503 3193 ba-

1911 3247 2009 3285 nus
2032 3232 2265 3285 omnium
2287 3230 2524 3286 conditor
2546 3228 2633 3301 (II
2650 3228 2828 3284 Maeli.
2847 3231 2919 3303 1);
2947 3245 3046 3302 pro
3069 3231 3333 3287 relatione
3353 3229 3500 3287 dica-

1912 3332 2001 3379 tur
2036 3322 2293 3377 Dominus
2322 3323 2555 3375 omnium
2578 3323 2635 3377 iu
2660 3339 2715 3377 se
2742 3322 3063 3378 credentium
3100 3332 3251 3393 pater
3277 3319 3497 3393 (Ephes.

1910 3414 2013 3488 1v);
2038 3430 2138 3486 pro
2152 3414 2286 3481 situ,
2314 3415 2402 3486 qui
2428 3414 2576 3468 sedes
2600 3432 2757 3487 super
2787 3416 3051 3470 cherubim
3076 3414 3250 3488 (Ptol.
3273 3415 3495 3488 una);

1909 3525 2008 3583 pro
2060 3516 2321 3580 tempore,
2363 3516 2409 3562 et
2453 3508 2579 3563 anni
2623 3509 2701 3563 tui
2744 3498 3125 3579 nou'deﬁcieut
3169 3506 3345 3581 (Psal.
3383 3509 3495 3580 Cl);

1910 3618 2010 3675 pro
2032 3603 2173 3668 loco,
2200 3601 2456 3657 Dominus
2476 3601 2531 3657 in
2563 3601 2691 3657 coelo
2715 3603 2920 3674 paravit
2942 3602 3117 3658 sedeat
3141 3618 3295 3663 suam
3318 3600 3495 3675 (Psal.

1910 3695 2040 3767 cu);
2068 3710 2167 3764 pro
2212 3694 2420 3760 habitu,
2447 3694 2666 3766 abyssus
2692 3695 2827 3750 sicut
2869 3694 3093 3765 pallium
3121 3696 3345 3751 amictus
3383 3692 3500 3763 ejus

1911 3786 2087 3861 (Psal.
2112 3786 2266 3861 cm);
2290 3802 2390 3861 pro
2419 3802 2603 3858 agere,
2631 3788 2903 3862 suscitata
2936 3797 3078 3842 terra
3106 3789 3335 3857 iunpem,
3365 3795 3415 3841 et
3435 3785 3500 3840 de

1909 3888 2134 3935 stercore
2159 3876 2353 3934 exultat
2375 3893 2653 3948 pauperem
2675 3874 2851 3945 (Psal.
2876 3877 3044 3946 cxu);
3073 3891 3175 3945 pro
3188 3878 3327 3947 pati,
3349 3877 3497 3934 labo-

1911 3990 2029 4029 rare
2067 3989 2151 4027 me
2187 3971 2383 4042 fecistis
2412 3970 2470 4023 in
2505 3968 2733 4038 peccatis
2766 3968 2953 4022 vestris
2989 3966 3145 4039 (Icci.
3174 3967 3373 4038 xuii)?
3413 3975 3497 4023 ta-

1910 4079 2034 4121 men
2064 4064 2181 4121 htec
2205 4063 2385 4120 omnia
2410 4070 2466 4117 et
2490 4060 2577 4116 his
2613 4057 2811 4115 similia
2826 4043 3077 4115 humano
3100 4074 3253 4115 more
3274 4060 3342 4115 de
3360 4058 3492 4126 Deo,

1910 4154 1977 4211 de
2003 4171 2110 4226 quo
2148 4153 2285 4211 nihil
2327 4153 2487 4224 digne
2528 4148 2635 4207 dici
2663 4164 2696 4203 a
2726 4148 3045 4207 mortalibus
3085 4157 3266 4220 potest
3287 4186 3311 4217 ,
3351 4150 3495 4209 dicta

1910 4254 2305 4305 monstrantur.
2343 4246 2440 4301 Est
2472 4244 2620 4303 enim
2646 4242 2950 4301 substantia
2978 4242 3112 4299 nulli
3137 4243 3210 4300 ad
3236 4244 3494 4315 indagan-

1909 4343 2037 4399 dum
2065 4342 2257 4407 facilis,
2283 4347 2338 4397 et
2362 4340 2485 4397 ideo
2497 4335 2817 4403 ineffabilia,
2840 4336 2969 4410 quia
2992 4336 3123 4393 nulli
3144 4336 3495 4407 investigabi-

219 4429 280 4484 in
297 4430 639 4499 imaginibus,
661 4448 833 4487 omnes
856 4433 1027 4487 dicent
1049 4431 1274 4505 gloriam
1301 4434 1690 4508 (Psal.xxvn|)
1711 4453 1727 4501 ;
1750 4444 1805 4492 et
1828 4455 1884 4516 ι)
1908 4438 1997 4495 lis.
2035 4437 2132 4495 Est
2157 4438 2275 4493 sine
2301 4434 2605 4505 quantitate
2643 4445 2891 4503 magnus,
2933 4430 3053 4487 sine
3097 4431 3363 4502 qualitate
3398 4430 3495 4485 bo-

218 4530 440 4587 rurSus,
488 4522 710 4576 Adorate
737 4522 1035 4591 Dominum,
1066 4542 1174 4583 non
1212 4526 1289 4580 ait
1334 4527 1390 4581 in
1416 4527 1804 4597 picturis,'sed

214 4613 271 4669 in
320 4611 451 4669 aula
504 4624 689 4668 sancta
733 4616 845 4685 eius
895 4618 1082 4690 (Ibid.
1109 4619 1151 4691 ).
1196 4618 1471 4685 Quantum
1532 4622 1687 4681 enim.
1725 4623 1804 4679 di-

214 4712 324 4759 stat
374 4704 519 4760 inter
549 4705 803 4777 templum
851 4708 997 4780 quod
1038 4710 1341 4764 multorum
1390 4709 1668 4767 hominum
1712 4727 1804 4769 ca-

216 4812 320 4866 pax
352 4806 457 4863 est,
490 4805 546 4853 et
582 4797 871 4870 imaginem
903 4817 1024 4872 qua:
1055 4809 1256 4872 praeter
1290 4804 1609 4859 memoriam
1635 4804 1805 4859 visio—

222 4887 306 4942 nis
334 4905 494 4958 quam
526 4890 862 4947 intuentibus
888 4892 1082 4960 infert,
1113 4893 1278 4949 nullis
1302 4901 1386 4949 est
1416 4910 1655 4965 congrua
1690 4894 1807 4951 olli-

224 4976 351 5041 ciis,
380 4988 589 5035 tantum
618 4980 823 5038 distare
847 4984 1251 5043 venerationem
1285 4986 1400 5041 sive
1430 4986 1806 5045 adorationem

225 5066 536 5137 imaginum,
562 5089 594 5128 a
620 5076 970 5130 veneratione
1005 5092 1125 5148 quae
1150 5079 1351 5150 templo
1377 5079 1475 5134 Dei
1496 5081 1807 5149 exhibetur,

227 5158 418 5216 multis
438 5173 584 5231 patet
606 5166 841 5223 indiciis.
874 5167 932 5224 Si
956 5184 1091 5228 vero
1114 5171 1293 5228 locum
1321 5172 1416 5227 Dei
1442 5173 1682 5229 animam
1717 5173 1806 5242 ju-

228 5254 304 5308 sti
348 5255 579 5313 hominis
619 5262 826 5329 dicunt,
861 5277 983 5335 quae
1027 5264 1349 5321 familiarius
1378 5265 1528 5322 locus
1554 5266 1653 5321 Dei
1697 5266 1805 5322 dici

223 5356 429 5418 potest,
458 5365 617 5421 quam
664 5356 928 5413 Dominus
977 5359 1367 5417 sanctiﬁcando
1416 5359 1705 5425 inhabitat,
1750 5369 1807 5417 et

224 5441 573 5504 inhabitando
608 5451 944 5519 sanctificat,
974 5454 1032 5508 in
1066 5455 1170 5511 hoc
1195 5467 1410 5524 quoque
1447 5451 1806 5509 vehementis-

220 5536 361 5593 sime
391 5550 596 5597 errant.
636 5541 744 5599 Pro
785 5543 961 5600 salute
990 5546 1135 5601 enim
1162 5546 1506 5609 animarum,
1563 5560 1671 5598 non
1706 5562 1809 5616 pro

219 5630 392 5687 salute
435 5633 741 5707 imaginum
786 5637 932 5692 Deus
957 5637 1130 5708 legem
1158 5638 1339 5705 dedit;
1388 5639 1457 5696 ad
1497 5637 1811 5694 liberandas

219 5722 452 5792 animas,
483 5740 597 5782 non
629 5728 698 5785 ad
730 5728 993 5795 imagines
1013 5728 1337 5799 Redemptor
1367 5727 1554 5787 mundi
1586 5728 1654 5783 ad
1700 5736 1809 5784 ter-

1907 4547 2043 4597 nus,
2077 4530 2194 4586 sine
2219 4529 2481 4585 relatione
2506 4526 2750 4583 omnium
2778 4525 3069 4593 Dominus,
3104 4533 3160 4581 et
3189 4532 3386 4581 caetera
3408 4522 3498 4579 his

1908 4620 2108 4678 similia
2127 4659 2141 4685 ,
2169 4635 2291 4690 quae
2316 4618 2586 4675 uberioris
2625 4617 3011 4687 disputationis
3035 4620 3323 4676 materiam
3348 4632 3494 4687 qua:-

1908 4721 2053 4769 runt.
2101 4712 2237 4767 Nam
2261 4719 2322 4767 ut
2361 4712 2429 4768 de
2465 4712 2587 4768 loco
2632 4712 2727 4767 Dei
2769 4714 2973 4786 aliquid
3015 4715 3288 4778 dicamus,
3322 4709 3493 4765 sancti

1905 4803 2196 4875 Augustini
2228 4804 2393 4861 verba
2418 4806 2669 4876 ponenda
2699 4818 2849 4875 sunt,
2893 4806 2984 4878 qui
3020 4807 3190 4862 Deum
3226 4801 3492 4856 illocalem

1907 4913 2025 4956 esse
2060 4900 2222 4956 unius
2269 4899 2642 4955 tantummodo
2680 4901 2921 4971 quinque
2960 4896 3144 4964 partiti
3191 4891 3491 4963 syllogismi

1906 4994 2308 5064 perplexionem
2341 4996 2610 5066 probavit.
2658 4992 2750 5046 Ait
2775 4994 2960 5047 enim:
3007 5003 3029 5035 σ
3056 4986 3201 5077 Deus
3243 4998 3353 5077 non
3394 4982 3493 5037 ali-

1908 5084 2031 5139 cubi
2074 5092 2175 5139 est.
2219 5084 2377 5151 Quod
2422 5085 2623 5141 alicubi
2671 5090 2754 5138 est
2793 5080 2937 5137 enim
2981 5075 3291 5133 continetur
3334 5075 3487 5141 loco;

1907 5177 2051 5247 quod
2071 5178 2383 5232 continetur
2405 5177 2528 5234 loco
2556 5189 2753 5246 corpus
2772 5181 2887 5239 est;
2913 5171 3057 5225 Deus
3077 5179 3259 5226 autem
3280 5185 3388 5225 non
3406 5178 3495 5223 est

1907 5281 2141 5335 corpus:
2170 5282 2280 5322 non
2307 5266 2476 5335 igitur
2496 5264 2692 5321 alicubi
2721 5268 2827 5315 est.
2864 5277 2885 5308 ι
2920 5258 3026 5315 Ubi
3048 5260 3103 5313 in
3138 5257 3491 5327 sequentibus

1908 5358 1963 5413 in
1992 5355 2099 5413 alio
2124 5356 2441 5430 syllogismo
2478 5352 2727 5423 probavit
2752 5363 2877 5402 eum
2905 5356 2962 5405 et
2986 5350 3163 5406 locum
3198 5362 3307 5404 non
3346 5361 3488 5413 esse,

1906 5459 1962 5506 et
1982 5451 2165 5507 omnia
2192 5451 2249 5506 in
2269 5446 2360 5501 illo
2384 5457 2535 5499 esse.
2562 5443 2651 5497 Ait
2671 5438 2815 5496 enim
2842 5449 2862 5488 ε
2899 5457 2923 5489 ι
2948 5442 3026 5498 Et
3046 5449 3228 5495 tamen
3259 5438 3387 5507 quia
3412 5446 3498 5493 est

1909 5555 1963 5603 et
1986 5546 2040 5601 in
2066 5545 2185 5600 loco
2223 5551 2333 5595 non
2354 5538 2467 5596 εει,
2519 5539 2574 5591 in
2598 5534 2688 5589 illo
2715 5533 2843 5586 sum
2871 5536 3071 5593 potius
3102 5526 3303 5593 omnia,
3338 5544 3501 5599 quam

1908 5637 2023 5703 ipse
2049 5631 2245 5691 alicubi
2270 5640 2284 5678 ε
2316 5633 2422 5679 nec
2452 5631 2644 5693 tamen
2664 5626 2743 5680 ita
2784 5618 2846 5670 in
2873 5615 3015 5681 ius;
3026 5622 3216 5684 “st
3252 5617 3326 5670 sit
3347 5619 3516 5673 locus.

1907 5726 2082 5780 Locus
2128 5720 2274 5776 enim
2305 5712 2360 5765 in
2391 5723 2598 5780 spatio
2635 5725 2716 5773 est
2744 5704 2909 5781 quod
2962 5704 3324 5788 \thuo‘me,
3358 5709 3531 5761 \atitu-
