4008 6154
527 281 663 339 H75

1371 273 1433 328 Β.
1472 270 1722 328 CAROLI
1758 268 1976 327 MAGNI
2013 266 2164 325 OPP.
2206 264 2386 321 PARS
2420 264 2485 320 II.
2526 261 2768 320 SECTIO
2795 261 2862 320 II.

3629 255 3656 310 1
3669 255 3775 313 I76

529 394 671 457 dine,
706 384 987 444 altitudine
1013 382 1255 455 corporis
1284 389 1583 452 occupatur
1601 399 1639 448 ;.
1661 396 1762 436 nec
1800 381 1945 435 Deus
1987 378 2096 433 tale
2120 380 2176 441 Α
2196 384 2336 442 orat,
2366 376 2460 431 sed
2485 375 2577 445 qui
2600 376 2770 430 Deum
2795 371 2951 428 timet
2986 371 3202 427 beatum
3238 370 3513 437 nuncupat
3537 365 3724 425 dicens
3757 389 3780 428 :

529 479 730 551 aliquid
747 485 851 544 est,
877 486 933 533 et
960 475 1141 532 omnia
1164 474 1331 545 igitur
1350 473 1405 527 in
1429 474 1547 543 ipso
1577 478 1724 536 sunt,
1750 476 1803 525 et
1821 469 1973 525 locus
1994 483 2103 523 non

2232 477 2395 531 ieatus
2410 476 2488 531 vir
2507 476 2596 547 qui
2616 477 2760 528 timet
2779 472 3060 528 Dominum
3076 509 3093 536 ,
3112 470 3171 524 in
3186 468 3451 523 mandatis
3466 468 3583 538 ejus
3603 470 3787 539 cupiet

527 578 632 625 est:
666 588 686 622 ι
724 568 829 626 Ubi
856 567 915 623 in
957 564 1307 637 sequentibus
1339 578 1508 635 parvo
1533 561 1914 619 decentissima
1959 574 2106 615 com-

529 667 691 715 mate.
721 660 899 715 locum
926 658 1020 713 Dei
1051 656 1273 713 abusive
1304 655 1410 711 dici
1438 654 1671 710 asseruit
1698 653 1958 721 templum
1986 649 2102 715 Dei,

529 754 625 808 sed
651 753 885 808 animam
912 750 1145 806 hominis
1172 749 1362 803 melius
1391 762 1551 817 posse
1575 746 1681 801 dici
1724 763 1737 798 :
1774 763 1792 795 ι
1828 744 2004 799 Locus
2024 748 2107 795 ta-

534 858 657 899 men
678 844 795 909 Dei,
828 843 1023 912 inquit,
1053 841 1276 897 abusive
1301 840 1500 896 dicitur
1534 837 1795 907 templum
1842 835 1963 899 Dei,
1998 847 2107 888 non

531 937 674 1006 quod
699 935 1058 998 contineatur,
1093 932 1188 987 sed
1229 931 1373 1001 quod
1395 929 1445 983 ei
1468 942 1708 1003 praesens
1734 926 1824 989 sit,
1852 924 1907 979 id
1929 931 2110 976 autem

531 1027 665 1082 nihil
693 1026 887 1082 melius
927 1040 1088 1095 quam
1114 1023 1293 1077 anima
1322 1020 1518 1075 munda
1554 1015 1892 1085 intelligitur.
1926 1032 1945 1065 ι
1974 1012 2112 1068 Cum

532 1117 701 1188 igitur
722 1116 799 1171 illi
827 1116 900 1169 ita
942 1113 1277 1169 venerandas
1307 1111 1489 1165 dicant
1516 1105 1813 1177 imagines,
1845 1110 1907 1158 ut
1930 1102 2112 1158 locum

533 1208 650 1272 Dei,
682 1222 748 1261 an
771 1221 872 1275 pro
895 1197 1095 1274 templo
1115 1203 1230 1266 Dei,
1264 1217 1331 1255 an
1354 1215 1453 1270 pro
1479 1199 1658 1253 anima
1700 1194 1835 1265 justi
1879 1190 2114 1248 hominis

534 1301 640 1355 hoc
685 1298 880 1360 dicant,
929 1303 1218 1363 utrumque
1243 1308 1351 1348 non
1376 1290 1649 1347 convenit.
1689 1288 1746 1342 Si
1787 1300 1917 1340 vero
1940 1284 1995 1339 in
2047 1297 2113 1338 eo

489 1435 493 1447 ,
541 1390 703 1444 verbo
730 1387 932 1456 aliquid
956 1387 1020 1441 de
1042 1386 1153 1440 Deo
1171 1383 1343 1439 locale
1370 1381 1626 1444 sentiunt,
1648 1376 1878 1431 multum
1898 1373 2117 1428 illorum

538 1495 730 1535 sensus
755 1495 787 1534 a
828 1478 1058 1533 veritate
1084 1474 1356 1530 dissentit.
1387 1471 1496 1526 Nos
1522 1485 1651 1539 ergo
1687 1474 1875 1538 utpote
1914 1464 2119 1534 cogita-

497 1580 503 1589 ‘
539 1575 749 1629 tionum
788 1571 983 1642 ignari,
1033 1584 1157 1625 cum
1200 1582 1307 1637 quo
1353 1564 1548 1621 aﬂ'ectu
1586 1577 1760 1632 quove
1813 1574 1975 1615 sensu
2013 1557 2119 1611 hoc

499 1658 506 1679 ί
540 1664 774 1720 dixerint
806 1661 1132 1726 nesciamus,
1161 1675 1224 1714 ea
1256 1665 1467 1712 tantum
1492 1654 1830 1717 discutimus,
1859 1665 1977 1721 quae
2003 1646 2119 1718 api-

507 1764 511 1768 ’
540 1772 665 1814 cum
692 1755 892 1811 indicio
913 1753 1273 1825 percepimus.

884 1850 891 1857 ’
1070 1843 1298 1900 CAPUT
1336 1839 1573 1897 XXVIII.

543 1942 740 1998 Inutile
761 1949 809 1997 et
848 1941 1059 1995 demens
1101 1946 1149 1991 et
1188 1952 1363 1990 errore
1388 1934 1597 2006 plenum
1628 1932 1825 2006 dictum
1862 1927 2001 2006 quod
2038 1927 2122 2006 dif

614 2023 735 2069 cunt
762 2030 780 2066 :
808 2011 908 2078 Qui
939 2011 1105 2064 Deum
1137 2007 1288 2078 timet
1324 1999 1555 2078 honorat
1579 1999 2035 2078 o_mnino,_‘adorat
2066 2003 2121 2050 et

614 2070 900 2139 veneratin
930 2082 1069 2135 sicut
1112 2077 1306 2134 Filium
1358 2076 1453 2130 Dei
1495 2073 1768 2129 Christum
1813 2070 1980 2123 Deum
2026 2082 2122 2121 no-

612 2163 809 2217 strum,
840 2159 894 2207 et
940 2151 1149 2221 signum
1177 2147 1356 2203 crucis
1380 2143 1518 2214 ejus,
1547 2150 1603 2198 et
1640 2144 1871 2213 ﬁguram
1908 2144 2123 2193 sancto-

611 2241 737 2280 rum
763 2238 900 2292 ejus.

612 2319 710 2373 Est
733 2328 945 2387 quoque
974 2309 1043 2368 et'
1068 2312 1124 2366 in
1180 2311 1287 2366 hoc
1324 2305 1729 2364 insanissimum
1772 2308 1827 2356 et
1874 2299 1942 2354 ab
1977 2297 2125 2353 omni

541 2408 760 2482 penitus
786 2405 996 2462 cautela
1040 2410 1329 2463 remotum,
1362 2397 1505 2467 quod
1528 2395 1721 2450 dicunt
1762 2408 1777 2445 :
1811 2391 1914 2458 Qui
1956 2390 2124 2443 Deum

546 2502 710 2565 timet,
741 2499 963 2552 honorat
979 2494 1209 2558 omnino,
1229 2490 1414 2545 adorat
1439 2504 1531 2542 seu
1556 2492 1831 2541 veneratur
1851 2482 2007 2537 sicuti
2028 2478 2126 2535 Fi-

547 2589 676 2643 lium
702 2588 884 2652 Dei,et
914 2587 1120 2655 signum
1143 2582 1312 2635 crucis
1340 2578 1475 2649 ejus,
1499 2586 1547 2631 et
1572 2576 1799 2647 ﬁguram
1827 2581 2125 2627 sanctorum

547 2682 682 2753 ejus.
712 2679 985 2746 Quantum
1015 2691 1142 2747 ergo
1169 2674 1329 2730 distet
1354 2672 1667 2744 mysterium
1690 2668 1983 2724 Dominicze
2003 2681 2128 2721 cru-

547 2774 648 2839 cis,
677 2772 742 2826 ad
770 2772 913 2841 quod
948 2767 1351 2837 intelligendum
1377 2764 1639 2820 revelatos
1675 2777 1775 2816 nos
1801 2762 1958 2816 docet
2000 2772 2127 2813 ocu-

551 2865 630 2919 los
642 2863 842 2917 habere
860 2857 1164 2929 Apostolus,
1191 2854 1621 2926 utintelligamus
1641 2868 1760 2922 quae
1780 2852 1851 2907 sit
1872 2848 2123 2912 altitudo,

551 2962 604 3009 et
638 2949 933 3022 longitudo,
972 2956 1026 3003 et
1056 2947 1283 3002 latitudo
1325 2945 1501 3001 crucis
1540 2943 1762 3008 Christi,
1805 2951 1859 2997 et
1904 2938 2130 3011 profun-

553 3049 700 3111 dum,
728 3045 786 3099 in
813 3042 1179 3113 superioribus
1210 3037 1368 3108 hujus
1393 3038 1571 3108 operis
1595 3036 1858 3106 partibus,
1897 3032 2126 3088 Domino
2154 3078 2203 3143 Ο

623 3139 635 3143 -
702 3136 718 3143 -
1048 3140 1053 3143 Α
1133 3142 1139 3143 ,
1339 3139 1348 3143 Α
1463 3137 1473 3143 .
1660 3134 1672 3143 .
1736 3141 1764 3143 ._
2032 3122 2095 3143 -.1

551 3136 849 3208 opitulante
882 3140 1240 3188 monstratum
1273 3139 1383 3197 est;
1429 3137 1482 3185 et
1510 3134 1774 3198 quantum
1821 3123 1986 3179 distet
2029 3122 2127 3176 ad-

551 3231 729 3287 oratio
750 3235 804 3283 et
824 3228 1033 3283 cultura
1053 3225 1152 3281 soli
1180 3225 1290 3279 Deo
1317 3223 1495 3278 debita
1518 3221 1586 3275 ab
1612 3217 1925 3274 adoratione
1948 3221 2002 3269 et
2021 3213 2130 3269 cul-

552 3334 677 3378 tura
704 3335 868 3392 quam
906 3319 981 3372 illi
1015 3294 1333 3388 imaginibus
1378 3311 1735 3368 exhibendam
1780 3313 2128 3373 asseverant,

555 3415 614 3468 in
624 3413 729 3468 hoc
745 3411 907 3466 tertio
928 3409 1064 3464 libro
1078 3407 1236 3462 verba
1264 3402 1601 3460 Constantini
1616 3399 1947 3456 Constantia:
1968 3396 2132 3469 Cypri

555 3500 812 3572 episcopi,
830 3515 925 3556 seu
936 3498 1154 3553 Eutimii
1180 3494 1460 3551 Sardensis
1472 3492 1727 3562 episc0pi,
1743 3490 2134 3544 discuteremus

558 3597 718 3662 prout
730 3590 882 3644 nobis
898 3588 1153 3641 Dominus
1167 3600 1323 3652 opem
1333 3584 1477 3637 ferre
1493 3582 1743 3649 dignatus
1757 3585 1857 3640 est,
1885 3573 2135 3631 disserui-

560 3694 703 3734 mus.
718 3677 871 3731 Nunc
880 3690 1009 3728 vero
1030 3681 1287 3741 quantum
1310 3673 1474 3725 timor
1495 3667 1709 3722 Domini
1731 3667 1800 3721 ab
1820 3663 2137 3720 adoratione

560 3768 858 3839 imaginum
886 3765 1082 3831 distet,
1113 3763 1350 3818 breviter
1376 3761 1606 3817 Domino
1627 3758 1924 3813 auxiliante
1967 3757 2137 3812 disse-

562 3874 766 3916 ramus.
792 3858 985 3912 Dicunt
1009 3855 1171 3919 enim,
1204 3852 1307 3920 Qui
1329 3856 1469 3910 timet
1492 3853 1681 3919 Deum,
1710 3851 1897 3905 adorat
1925 3849 2135 3904 omnino

560 3950 813 4021 imagines
852 3949 986 4002 sicut
1026 3944 1226 3999 Filium
1247 3944 1363 4000 Dei.
1406 3944 1789 4014 Nunquidnam
1815 3958 2004 3998 omnes
2042 3956 2138 4011 pa-

562 4039 816 4096 triarchae
841 4046 897 4092 et
921 4038 1213 4107 prophetae,
1261 4037 1388 4106 quia
1430 4036 1728 4107 imaginum
1768 4035 2141 4090 adorationem

565 4145 838 4201 sprevere,
892 4129 1010 4184 ideo
1044 4129 1214 4183 Deum
1245 4128 1498 4184 credendi
1546 4135 1672 4183 sunt
1714 4141 1823 4183 non
1859 4125 2141 4182 timuisse?

565 4224 673 4281 Aut
725 4221 985 4292 Apostoli,
1031 4221 1157 4291 quia
1205 4236 1473 4290 nusquam
1532 4220 1790 4290 leguntur
1835 4219 2142 4275 celebrasse

567 4313 866 4382 imaginum
899 4311 1287 4376 adorationem,
1336 4311 1458 4366 ideo
1503 4311 1600 4366 Dei
1638 4326 1747 4366 non
1780 4310 2038 4365 habuisse
2064 4308 2143 4362 di-

2205 576 2359 631 nimis
2389 574 2559 647 (Psal.
2589 571 2736 645 cn);
2775 579 2832 627 et
2877 573 3075 627 iterum
3111 585 3126 624 :
3175 569 3324 623 Beati
3362 584 3539 621 omnes
3582 570 3677 638 qui
3712 570 3789 623 ti—

2205 675 2343 719 ment
2352 664 2648 726 Dominum,
2668 663 2756 732 qui
2769 661 3041 716 ambulant
3055 662 3111 715 in
3125 660 3219 715 viis
3230 660 3341 729 ejus
3354 657 3527 730 (Psal.
3546 674 3611 713 cx
3619 660 3783 732 xvn).

2206 755 2325 811 Non
2352 755 2497 811 enim
2526 756 2622 819 ait,
2654 760 2715 808 ut
2743 752 2820 807 illi
2859 751 3245 807 absurdissima
3275 750 3525 812 delirant,
3559 748 3664 814 Qui
3708 754 3787 805 ti-

2207 856 2310 902 met
2346 847 2658 911 Dominum,
2701 844 2891 898 adorat
2926 827 3202 913 imagines,
3235 842 3328 897 sed
3362 841 3438 894 ait
3465 858 3480 894 :
3512 839 3614 905 Qui
3636 843 3789 896 timet

2209 938 2512 1004 Dominum,
2542 939 2599 992 in
2625 935 2888 991 mandatis
2914 937 3026 1005 ejus
3053 936 3224 1005 cupiet
3252 934 3427 988 nimis.
3452 931 3606 987 Unde
3628 932 3794 1002 liqui-

2214 1029 2512 1084 dissimime
2534 1034 2684 1098 patet
2713 1027 2964 1081 timorem
2988 1023 3203 1079 Domini
3233 1038 3343 1079 non
3386 1023 3442 1077 in
3471 1023 3797 1078 adoratione

2214 1119 2528 1190 imaginum,
2553 1118 2649 1174 sed
2670 1118 2726 1172 in
2753 1118 3031 1173 voluntate
3049 1122 3103 1169 et
3127 1115 3384 1169 instantia
3413 1114 3795 1170 mandatorum

2217 1212 2313 1266 Dei
2339 1225 2476 1267 esse.
2511 1211 2631 1266 Non
2657 1210 2802 1266 enim
2833 1209 2975 1265 idem
3005 1215 3224 1263 sanctus
3246 1207 3340 1261 vir
3368 1206 3559 1262 oculos
3579 1207 3793 1262 Domini

2217 1320 2378 1375 super
2404 1319 2497 1359 eos
2521 1303 2615 1373 qui
2644 1303 2906 1372 imagines
2922 1299 3165 1364 adorant,
3194 1298 3288 1354 sed
3317 1310 3478 1368 super
3500 1298 3693 1366 eosqui
3718 1297 3795 1352 ti—

2219 1404 2367 1453 ment
2390 1411 2513 1452 eum
2540 1404 2791 1461 testatur,
2822 1411 2946 1450 cum
2971 1394 3134 1449 dicit:
3163 1392 3298 1447 Ecce
3318 1389 3457 1444 oculi
3471 1390 3680 1445 Domini
3705 1407 3801 1444 su-

2219 1507 2313 1563 per
2351 1491 2584 1544 timentes
2634 1506 2771 1554 eum,
2802 1497 2851 1543 et
2880 1490 2935 1542 in
2981 1503 3066 1541 eos
3101 1486 3189 1556 qui
3228 1491 3437 1555 sperant
3487 1485 3546 1537 in
3586 1484 3803 1537 miseri-

2222 1583 2402 1638 cordia
2430 1583 2546 1652 ejus
2572 1581 2748 1652 (Psal.
2775 1579 2989 1651 xxx");
3018 1594 3121 1633 nec
3149 1578 3244 1642 ait,
3267 1576 3498 1630 Adorate
3522 1575 3800 1644 imagines,

2222 1674 2473 1745 quoniam
2513 1670 2645 1726 nihil
2677 1672 2817 1726 deest
2847 1670 3190 1725 adorantibus
3216 1684 3337 1733 eas;
3363 1666 3457 1723 sed
3488 1666 3581 1731 ait,
3608 1664 3807 1719 Timete

2145 1735 2196 1796 Β
2223 1735 2534 1829 Dominum,
2569 1780 2744 1818 omnes
2793 1763 2962 1817 sancti
3002 1762 3147 1832 ejus,
3187 1760 3434 1831 quoniam
3491 1755 3623 1811 nihil
3667 1755 3812 1809 deest

2222 1854 2523 1908 timentibus
2551 1870 2670 1908 eum
2700 1852 2875 1925 (Psal.
2900 1852 3129 1922 xxxm);
3157 1850 3251 1906 sed
3279 1863 3456 1919 neque
3483 1848 3699 1903 initium
3726 1860 3821 1900 sa-

2222 1944 2439 2014 pientiae
2464 1944 2761 2015 imaginum
2784 1943 3173 2005 adorationem,
3202 1941 3299 1996 sed
3336 1938 3550 1993 Domini
3577 1942 3824 1992 testatur

2224 2035 2475 2089 timorem
2497 2034 2702 2099 dicens,
2728 2033 2948 2088 Initium
2967 2032 3235 2101 sapientiae
3260 2030 3417 2083 timor
3442 2026 3659 2080 Domini
3691 2022 3829 2095 (Ec-

2225 2125 2314 2180 cli.
2360 2124 2434 2197 ι).
2478 2125 2634 2193 Quod
2660 2126 2873 2196 quidem
2911 2130 3236 2194 praeceptum
3280 2116 3544 2173 Dominici
3592 2116 3833 2171 timoris

2226 2216 2300 2270 ita
2327 2232 2426 2286 per
2474 2216 2690 2286 Moysen
2733 2215 2927 2283 legitur
2959 2211 3300 2264 institutum:
3348 2203 3476 2256 Post
3510 2200 3829 2255 Dominum

2225 2305 2393 2360 Deum
2434 2314 2675 2367 vestrum,
2705 2300 2896 2369 inquit,
2925 2299 3134 2369 pergite,
3185 2303 3233 2349 et
3288 2295 3462 2364 ipsum
3515 2291 3722 2354 timete,
3769 2297 3835 2342 et

2224 2401 2475 2464 praecepta
2501 2392 2615 2461 ejus
2656 2388 2925 2452 custodite,
2952 2396 2997 2441 et
3024 2401 3196 2440 vocem
3242 2383 3355 2453 ejus
3382 2380 3585 2444 audite,
3629 2387 3679 2431 et
3727 2394 3834 2434 ac-

2224 2484 2465 2555 quiescite
2484 2484 2531 2536 ei
2562 2482 2741 2555 (Deut.
2766 2479 2912 2551 xm).
2944 2477 3089 2532 Inter
3103 2491 3225 2546 quae
3254 2472 3513 2529 salutaria
3535 2479 3831 2540 praecepta

2228 2589 2493 2645 nusquam
2540 2573 2835 2643 imaginum
2870 2568 3112 2625 adoratio
3134 2566 3333 2636 legitur
3377 2563 3648 2617 instituta.
3677 2559 3828 2615 Cum

2228 2683 2357 2739 ergo
2391 2666 2685 2737 imaginum
2712 2663 2952 2720 adoratio
2978 2661 3034 2716 in
3069 2658 3266 2715 divinis
3310 2655 3543 2726 eloquiis
3576 2652 3829 2707 invenia-

2230 2768 2321 2815 tur
2339 2758 2632 2830 prohibita,
2650 2755 2835 2811 timori
2860 2751 3075 2808 Domini
3098 2748 3296 2820 qui'tot
3319 2748 3515 2803 divinae
3533 2745 3672 2817 legis
3697 2759 3829 2800 ora-

2232 2852 2371 2907 culis
2396 2849 2821 2910 commendatur,
2856 2843 3165 2899 nullatenus
3189 2847 3273 2896 est
3317 2838 3669 2909 coaequanda.

2301 2942 2489 2997 Flores
2518 2941 2683 3011 igitur
2705 2939 2901 3009 quibus
2934 2937 3098 2990 timor
3121 2931 3332 2989 Domini
3374 2929 3563 2986 haberi
3578 2926 3823 2997 iubetur,

2231 3047 2365 3103 quos
2405 3045 2502 3101 per
2542 3029 2877 3084 vastissimos
2918 3026 3112 3081 divina:
3155 3023 3289 3094 legis
3331 3036 3550 3090 campos
3597 3020 3828 3089 impigro

2231 3138 2409 3194 ungue
2438 3121 2823 3192 decerpsimus,
2870 3119 3003 3173 ordo
3044 3115 3287 3185 exposcit
3328 3122 3388 3169 ut
3430 3116 3530 3169 sub
3557 3114 3830 3168 brevitate

2234 3216 2562 3287 digeramus,
2602 3212 2797 3282 quibus
2828 3217 2883 3265 et
2920 3206 3137 3263 lectoris
3175 3206 3387 3260 animus
3428 3204 3748 3268 mulceatur,
3774 3208 3831 3256 et

2235 3306 2282 3362 si
2337 3306 2461 3375 quis
2506 3303 2614 3358 illis
2659 3315 2842 3356 rerum
2874 3302 3053 3355 'sensu
3100 3295 3398 3353 carentium
3454 3296 3828 3351 adorationem

2235 3413 2450 3469 mquare
2484 3402 2729 3459 conatur,
2760 3393 2964 3463 pudore
2989 3398 3044 3446 et
3068 3390 3368 3446 reverentia
3400 3388 3546 3445 indui
3575 3396 3823 3458 cogatur.

2234 3493 2292 3547 In
2323 3486 2629 3544 Proverbiis
2653 3498 2886 3553 namque
2907 3483 3105 3538 dicitur
3128 3497 3143 3536 :
3170 3481 3349 3536 Timdr
3368 3480 3577 3536 Domini
3603 3479 3826 3549 adjiciet

2236 3583 2347 3636 dies
2385 3597 2402 3635 :
2447 3579 2791 3641 anni,autem
2835 3576 3118 3646 impiorum
3161 3576 3462 3628 minuentur
3509 3570 3692 3644 (Prov.
3748 3568 3825 3641 ι).

2235 3674 2369 3728 Item
2408 3672 2463 3726 in
2501 3668 2811 3724 Proverbiis
2853 3686 2866 3720 :
2915 3666 3142 3721 Munitio
3176 3666 3332 3736 justi,
3382 3666 3540 3718 timor
3574 3662 3829 3717 Domini:

2239 3767 2478 3823 contritio
2532 3772 2706 3839 autem
2753 3761 3084 3833 operantibus
3143 3760 3285 3814 mala
3337 3757 3548 3830 (Ibid.).
3598 3758 3730 3813 Item
3773 3757 3825 3811 in

2239 3856 2577 3912 Proverbiis:
2610 3852 2789 3908 Timor
2815 3852 3030 3906 Domini
3058 3851 3169 3905 viro
3208 3851 3452 3920 in_vitam
3482 3866 3502 3904 :
3525 3850 3618 3920 qui
3660 3858 3827 3904 autem

2238 3951 2349 4005 sine
2375 3950 2559 4004 timore
2578 3955 2674 4012 est,
2700 3943 3106 3999 commorabitur
3131 3944 3189 3997 in
3205 3916 3319 3996 Ιοέο
3343 3958 3495 4013 quem
3525 3958 3631 3997 non
3659 3943 3826 3995 visitat

2239 4042 2456 4095 scientia
2486 4037 2667 4111 (Prov.
2692 4038 2831 4108 xix).
2858 4036 2993 4091 Item
3031 4035 3087 4088 in
3125 4034 3433 4090 Proverbiis
3465 4052 3478 4087 :
3508 4032 3682 4086 Timor
3716 4031 3823 4085 Do-

2240 4133 2371 4186 mini
2400 4130 2680 4201 disciplina
2700 4128 2987 4197 sapientite,
3018 4135 3067 4182 et
3095 4126 3318 4197 gloriam
3348 4126 3589 4196 prlecedit
3617 4121 3826 4178 humili-

2241 4229 2321 4276 tas
2352 4220 2532 4292 (Prov.
2584 4219 2696 4291 xv).
2726 4218 2862 4272 Item
2911 4217 2966 4271 in
2999 4214 3309 4270 Proverbiis
3356 4232 3369 4268 :
3413 4213 3536 4268 Non
3561 4211 3828 4268 wmuletur

2242 4330 2332 4369 cor
2358 4322 2504 4366 tuum
2546 4319 2855 4383 peccatores,
2897 4308 2988 4362 sed
3018 4308 3073 4361 in
3119 4307 3302 4361 timore
3330 4305 3544 4360 Domini
3590 4315 3697 4359 esto
3725 4313 3827 4356 tota

512 4394 531 4489 ξ
570 4400 727 4458 cendi
750 4406 876 4454 sunt
895 4400 1180 4456 timorem?
1204 4399 1313 4454 Aut
1335 4413 1645 4456 sanctorum
1666 4409 1985 4471 martyrum,
2012 4415 2142 4454 ana—
2167 4420 2218 4479 ι)
2243 4405 2327 4458 die
2373 4403 2556 4476 (Prov.
2589 4400 2771 4471 xxut).
2816 4398 2951 4455 Item
2997 4399 3054 4453 in
3100 4398 3407 4453 Proverbiis
3444 4416 3458 4451 :
3504 4397 3696 4452 Beatus
3743 4392 3827 4465 qui

522 4492 529 4501 ’
568 4492 927 4556 choritarum,
957 4505 1053 4545 seu
1074 4491 1238 4544 etiam
1266 4498 1586 4546 cunctorum
1616 4490 1943 4562 generaliter
1970 4491 2144 4546 eccle-

571 4585 917 4641 siasticorum
944 4581 1183 4635 virorum
1213 4583 1400 4648 turbae,
1429 4597 1564 4651 quos
1596 4589 1810 4636 constat
1838 4582 1894 4635 in
1914 4582 2010 4637 Dei
2031 4596 2146 4637 ser-

526 4688 535 4693 ’
574 4675 707 4729 vitio
729 4671 1076 4727 devotissime
1101 4669 1380 4737 militasse,
1405 4673 1524 4729 ideo
1547 4674 1794 4728 timorem
1815 4673 2025 4729 Domini
2048 4688 2146 4742 pu-

524 4758 535 4811 ἷ
574 4762 726 4821 tandi
751 4767 877 4817 sunt
917 4774 1023 4814 non
1050 4760 1320 4824 habuisse,
1362 4776 1428 4815 eo
1454 4763 1596 4830 quod
1622 4763 1914 4832 imaginum
1949 4764 2143 4818 adora-

577 4858 781 4913 tionem
810 4867 1078 4923 nusquam
1102 4851 1356 4921 leguntur
1375 4853 1461 4907 vel
1488 4854 1786 4922 probantur
1812 4854 2145 4909 celebrasse?

578 4947 696 5007 Non
737 4947 882 5003 enim
933 4941 1307 5000 sanctissimus
1350 4950 1536 4998 vatum
1578 4942 1747 4997 David
1777 4942 2147 4998 adorationem

579 5040 874 5110 imaginum
902 5051 961 5093 se
991 5036 1304 5100 docturum,
1350 5034 1444 5090 sed
1481 5034 1577 5090 Dei
1623 5034 1871 5089 timorem
1899 5034 2144 5102 dicebat,

582 5143 707 5183 cum
736 5127 1020 5184 credentes
1047 5138 1235 5182 omnes
1266 5125 1323 5178 in
1346 5123 1548 5181 Christi
1574 5139 1803 5195 persona
1833 5124 1976 5181 ﬁlios
2015 5140 2152 5181 nun-

581 5237 783 5296 cupans
819 5221 1029 5277 blandis
1053 5218 1521 5276 exhortationibus
1550 5218 1616 5273 ad
1651 5234 1710 5275 se
1744 5220 1931 5274 venire
1970 5219 2152 5274 horta-

583 5319 741 5373 batur
770 5314 954 5371 dicens
990 5331 1005 5369 :
1047 5311 1249 5380 Venite,
1279 5311 1399 5382 ﬁlii,
1430 5312 1608 5367 audite
1636 5329 1736 5378 me,
1770 5314 2008 5367 timorem
2043 5312 2154 5367 Do-

476 5429 481 5435 ·
582 5407 714 5462 mini
732 5406 923 5462 docebo
948 5422 1035 5461 vos
1058 5404 1229 5475 (Psal.
1256 5404 1470 5476 mm).
1496 5403 1605 5459 Nec
1626 5403 1832 5472 uspiam
1862 5402 2154 5471 imaginum

586 5498 808 5563 cultum,
855 5497 950 5552 sed
974 5496 1224 5551 timorem
1262 5495 1475 5551 Domini
1517 5501 1762 5550 sanctum
1808 5500 2036 5547 testatur
2075 5492 2156 5546 di-

589 5599 714 5637 cens
755 5605 767 5639 :
803 5587 980 5640 Timor
1004 5585 1217 5640 Domini
1246 5596 1458 5640 sanctus
1485 5601 1791 5654 permanens
1822 5585 1878 5638 in
1904 5582 2155 5639 swculum

593 5673 766 5726 εωοαιί
794 5675 966 5740 (Psal.
997 5677 1178 5743 xvm).
1206 5675 1318 5737 Nec
1345 5676 1650 5746 quempiam
1670 5676 1764 5746 qui
1788 5675 2050 5744 imagines
2067 5675 2160 5733 ad-

2241 4496 2422 4550 metuit
2449 4496 2625 4549 omnia
2651 4510 2742 4565 per
2761 4494 3018 4558 timorem,
3048 4508 3171 4545 nam
3197 4493 3287 4562 qui
3315 4489 3448 4545 duro
3471 4499 3545 4543 est
3564 4488 3722 4542 corde
3750 4489 3827 4540 in-

2243 4587 2376 4641 cidet
2404 4586 2462 4640 in
2489 4584 2633 4639 mala
2664 4583 2844 4656 (Prov.
2874 4582 3090 4653 xxviii).
3131 4583 3266 4637 Item
3309 4581 3366 4635 in
3408 4576 3817 4634 Ecclesiastico:

2245 4679 2464 4735 Initium
2493 4679 2762 4749 sapientia:
2791 4679 2947 4731 timor
2973 4675 3208 4741 Domini,
3249 4682 3294 4728 et
3334 4687 3447 4725 cum
3476 4665 3719 4737 ﬁdelibus
3766 4666 3821 4718 in

2243 4780 2390 4826 utero
2421 4776 2687 4822 concretus
2712 4775 2805 4832 est,
2844 4774 2891 4819 et
2934 4783 3052 4820 cum
3083 4766 3256 4820 electis
3279 4759 3553 4817 seminibus
3591 4763 3817 4817 creatur,

2244 4870 2291 4917 et
2319 4875 2436 4914 cum
2462 4859 2625 4928 justis
2651 4866 2698 4911 et
2726 4858 2944 4911 sensatis
2974 4858 3271 4928 agnoscitur
3297 4851 3485 4926 (Eccli.
3520 4847 3585 4921 ι).
3606 4846 3743 4902 Item
3770 4846 3826 4900 in

2246 4949 2622 5008 Ecclesiastico
2670 4967 2683 5002 :
2743 4947 2920 5002 Timor
2967 4947 3179 5003 Domini
3233 4946 3505 5003 scientiam
3554 4947 3827 5013 agnoscet,

2246 5041 2570 5098 sanctitatem
2591 5039 2801 5093 castitas
2831 5039 3099 5105 custodiet,
3128 5048 3176 5093 et
3192 5035 3598 5109 justi/imbitur,
3632 5047 3724 5085 cor
3738 5030 3828 5099 ju-

2249 5130 2588 5194 cunditatem,
2617 5136 2771 5199 atque
2809 5129 3059 5199 gaudium
3099 5128 3241 5182 dabit
3287 5124 3481 5199 (Eccli.
3511 5122 3573 5193 ι).
3617 5119 3751 5175 Item
3779 5117 3829 5171 in

2248 5219 2627 5279 Ecclesiastico
2651 5238 2664 5273 :
2696 5218 2917 5273 Timenti
2950 5219 3232 5273 Dominum
3256 5219 3382 5273 bene
3411 5217 3529 5279 erit,
3557 5222 3606 5268 et
3635 5213 3692 5265 in
3729 5209 3832 5263 die-

2253 5313 2345 5367 bus
2389 5309 2847 5363 consummationis
2866 5307 3011 5362 illias
3041 5308 3369 5363 benedicetur
3395 5322 3414 5361 :
3442 5301 3713 5376 plenitudo
3756 5314 3830 5353 sa-

2250 5403 2457 5476 pientia!
2502 5403 2681 5457 timere
2726 5401 3024 5464 Dominum,
3076 5409 3124 5454 et
3165 5397 3437 5471 plenitudo
3475 5396 3542 5451 de
3583 5391 3831 5465 [motibus

2254 5497 2367 5567 ejus
2394 5511 2595 5550 omnem
2640 5495 2850 5548 domum
2897 5491 3040 5547 illius
3078 5492 3305 5564 implevit
3337 5509 3369 5544 a
3396 5485 3829 5561 generationibus,

2254 5594 2302 5639 et
2324 5582 2647 5655 receptacula
2695 5583 2759 5637 de
2805 5582 3061 5637 thesauris
3109 5583 3224 5653 ejus
3263 5598 3281 5636 :
3330 5596 3526 5635 corona
3567 5572 3833 5648 sapientia

2257 5679 2435 5733 timere
2462 5676 2765 5744 Dominum,
2794 5684 3013 5744 utraque
3059 5685 3233 5747 autem
3259 5682 3382 5731 sunt
3426 5673 3568 5728 dona
3593 5670 3691 5727 Dei
3714 5664 3835 5739 (Ec-
