4008 6154
143 237 299 309 ΜἻτε

146 367 232 422 cli.
257 362 342 433 ,1).
373 359 501 414 Item
537 355 589 409 in
619 346 1037 406 Ecclesiastico':
1072 341 1248 394 Timor
1275 333 1484 388 Domini
1517 327 1723 400 expellit
1750 329 1807 388 Α

145 463 430 529 peccatum,
463 461 581 500 nam
605 443 693 513 qui
720 441 830 494 sine
874 437 1060 489 timore
1088 440 1180 495 est,
1213 445 1315 482 non
1353 424 1538 495 poterit
1561 419 1720 490 justi-

812 527 849 529 ᾼ
922 526 933 529 -
1006 524 1016 529 -
1109 521 1120 529 .
1271 516 1312 529 ..
1446 516 1457 526 .
1512 515 1522 524 .
1633 509 1696 529 Α,

146 509 296 614 jicari
327 509 532 593 (Ibid).
565 509 695 586 Item
728 530 782 582 in
811 521 1224 580 Ecclesiastico:
1260 516 1384 569 Non
1412 516 1485 566 sis
1504 509 1724 565 incredi-

147 635 263 688 bilis
290 629 463 685 timori
511 621 745 682 Domini,
796 626 928 671 etne
979 609 1250 666 accesseris
1298 605 1365 659 ad
1390 620 1510 657 eum
1531 600 1723 670 duplici

145 725 298 780 corde
326 717 538 792 (Ibid.).
579 715 713 768 Item
743 711 798 764 in
842 703 1214 761 Ecclesiastico
1243 714 1257 751 :
1291 696 1394 762 Qui
1424 695 1604 747 timent
1626 691 1726 743 Do-

142 819 344 870 minum
393 828 499 864 non
528 815 678 861 erunt
707 797 1026 858 incredibiles
1056 795 1204 849 verbo
1239 791 1373 860 ejus,
1405 796 1451 840 et
1478 786 1566 854 qui
1605 781 1728 835 dili-

141 916 271 977 gunt
300 904 452 957 illum
475 895 842 954 conservabunt
870 891 1005 943 riam
1035 887 1178 956 ejus;
1208 884 1297 953 qui
1337 880 1514 933 timent
1543 874 1727 926 Domi-

143 1013 272 1050 num
302 992 563 1065 parabunt
585 986 738 1041 corda
766 999 881 1046 sua,
913 987 961 1032 et
988 979 1044 1030 in
1070 981 1339 1043 conspectu
1366 968 1508 1022 illius
1534 964 1730 1019 sancti-

139 1088 377 1157 ficabnnt
407 1084 610 1137 animus
635 1091 789 1138 suas;
819 1073 908 1142 qui
929 1072 1107 1122 timent
1137 1065 1412 1120 Dominum
1433 1057 1727 1113 custodient

140 1149 396 1231 mandata
425 1175 557 1243 ejus,
587 1179 633 1223 et
660 1164 966 1236 patientiam
995 1158 1254 1212 habebunt
1284 1169 1442 1223 usque
1470 1149 1538 1204 ad
1563 1150 1731 1218 inspe-

141 1270 361 1323 ctionem
391 1266 506 1334 ejus
527 1279 546 1315 .'
567 1263 723 1314 timor
748 1254 964 1308 Domini
995 1268 1098 1304 non
1117 1249 1370 1319 dispicere
1389 1245 1596 1315 justum
1636 1241 1731 1293 Ito-

140 1361 326 1412 minem
365 1365 662 1424 pauperem,
694 1355 740 1400 et
773 1362 878 1398 non
905 1341 1243 1411 magniﬁcare
1281 1338 1448 1390 virum
1494 1339 1732 1403 peccato-

143 1463 246 1499 rem
281 1419 486 1497 divitem
512 1435 702 1507 (Ecclt.
732 1433 817 1504 ιι).
848 1432 978 1486 Item
1005 1430 1058 1482 in
1083 1424 1463 1481 Ecclesiastico
1501 1435 1516 1474 :
1548 1419 1731 1473 Omnis

141 1537 395 1608 sapientia
417 1514 573 1584 timor
594 1526 826 1588 Domini,
851 1531 897 1576 et
920 1524 974 1574 in
1001 1520 1097 1573 illa
1124 1520 1305 1570 timere
1337 1515 1503 1567 Deum
1533 1508 1722 1581 (Eccli.

141 1627 277 1698 xxx).
307 1627 442 1679 Item
469 1622 524 1673 in
551 1614 928 1671 Ecclesiastico
953 1630 966 1663 :
999 1610 1122 1662 Non
1143 1617 1217 1661 est
1237 1608 1294 1658 in
1315 1606 1498 1657 timore
1521 1600 1732 1654 Domini

140 1715 428 1770 minoratio
469 1726 485 1762 :
527 1707 706 1760 Timor
752 1701 964 1755 Domini
1002 1700 1137 1752 sicut
1187 1693 1480 1748 Paradisus
1529 1691 1735 1749 benedi-
1763 1687 1812 1746 B

143 1806 336 1861 ctionis
363 1799 551 1873 (Eccli.
581 1797 692 1866 XL).
724 1795 856 1849 Item
892 1793 946 1846 in
983 1788 1401 1844 Ecclesiastico:
1444 1784 1503 1839 Si
1547 1801 1650 1836 non
1675 1783 1740 1835 ti-

143 1910 346 1950 morem
395 1889 608 1944 Domini
672 1885 861 1939 teneris
922 1884 1203 1944 instanter,
1267 1878 1366 1929 cito
1424 1873 1740 1927 subvertetur

143 1989 335 2041 domus
362 1994 453 2036 tua
490 1977 675 2052 (Eccli.
724 1974 916 2044 xxvii).
947 1973 1079 2025 Item
1109 1969 1163 2023 in
1190 1965 1550 2022 Ecclesiaste:
1588 1961 1740 2015 Finis

143 2079 318 2139 omnis
361 2073 499 2128 verbi
533 2069 745 2123 auditor
772 2066 888 2128 Dei,
914 2063 1084 2116 Deum
1126 2062 1248 2113 time
1274 2068 1321 2111 et
1353 2055 1601 2108 mandata
1629 2053 1742 2121 ejus

145 2164 368 2225 custodi,
399 2160 647 2232 quoniam
677 2158 772 2209 hoc
797 2164 870 2208 est
895 2153 1064 2232 omnis
1085 2151 1239 2203 homo
1263 2164 1281 2201 :
1311 2148 1433 2217 quia
1471 2160 1619 2196 omne
1648 2142 1743 2194 hoc

148 2275 274 2328 apus
297 2253 519 2308 adducet
544 2249 685 2302 Deus
733 2249 790 2300 in
817 2223 1082 2315 judicium
1109 2243 1165 2294 in
1195 2239 1337 2292 omni
1372 2237 1612 2305 despectu
1641 2234 1745 2287 sive

149 2351 344 2403 bonum
372 2347 474 2398 sive
503 2341 700 2394 malum
741 2336 936 2409 (Eccle.
965 2333 1088 2405 xu).
1119 2331 1254 2386 Item
1301 2330 1357 2383 in
1397 2325 1738 2381 Proverbiis:

150 2438 336 2491 Timor
382 2431 594 2485 Domini
642 2427 749 2480 odit
797 2425 1014 2487 malum,
1055 2424 1212 2476 etiam
1257 2416 1646 2480 contumeliam,
1696 2423 1745 2468 et

149 2527 474 2598 superbiam,
498 2532 545 2576 et
577 2522 684 2576 vias
717 2517 974 2572 malorum
1005 2514 1187 2587 (Prov.
1220 2511 1361 2581 vui).
1392 2511 1493 2564 Hic
1520 2523 1650 2578 ergo
1680 2506 1746 2560 ti-

150 2597 273 2675 mor
289 2617 382 2686 qui
415 2615 500 2669 his
525 2608 848 2667 testimoniis
869 2622 977 2661 non
998 2603 1288 2673 imaginum
1312 2597 1640 2655 adorationis
1664 2603 1747 2649 est

151 2713 433 2772 indicium,
469 2709 561 2763 sed
580 2708 847 2761 bonorum
873 2714 1098 2771 operum
1125 2698 1536 2756 incrementum,
1566 2705 1596 2744 a
1623 2688 1750 2743 ﬁde-

152 2806 303 2859 libus
324 2810 409 2856 est
430 2799 725 2863 tenendus;
768 2802 854 2849 est
873 2801 928 2848 et
947 2792 1082 2846 alius
1100 2789 1282 2852 timor,
1308 2787 1374 2841 de
1390 2799 1495 2854 quo
1519 2782 1743 2846 dicitur;

153 2895 404 2965 Perfecta
430 2891 656 2945 charitas
694 2887 836 2957 foras
866 2884 1019 2938 mittit
1065 2882 1300 2935 timorem
1343 2875 1394 2946 (1
1443 2875 1599 2929 Joan.
1644 2868 1744 2942 ιν),

154 2963 285 3059 quia
316 2984 564 3038 videlicet
593 2981 682 3037 hic
707 2980 869 3033 timor
900 2974 1127 3044 impellit
1164 2970 1436 3027 hominem
1467 2967 1533 3020 ad
1563 2963 1746 3019 omnia

916 227 1093 287 LIBRI
1127 220 1485 282 CAROLINI.
1509 247 1580 259 --
1615 213 1836 272 CAPIT.
1879 213 1971 268 DE
2008 214 2192 270 IMAG.
2232 240 2306 252 —
2342 207 2473 265 LIB.
2513 205 2607 260 Ill.

3266 202 3404 258 1178

2389 320 2618 380 CAPUT
2648 319 2839 374 XXIX.

1821 415 2277 474 Dementissimum
2335 424 2382 469 et
2441 418 2645 468 ratione
2699 429 2878 466 carens
2932 412 3128 465 dictum
3182 412 3404 465 Joannis

1891 491 2172 558 presbyteri
2214 485 2580 558 Orientalium,
2611 486 2667 536 in
2693 501 2752 536 eo
2780 483 2933 558 quod
2970 483 3064 544 ait,
3111 481 3248 551 quod
3302 498 3404 535 non

1895 554 2164 612 assist-enm
2193 560 2500 627 imperatore
2552 556 2724 622 imago
2773 554 2886 621 ejus
2916 554 3203 605 honoratur
3235 566 3251 602 :
3298 567 3402 603 non

1894 631 2032 680 enim
2060 622 2424 687 inhonoratur,
2456 634 2713 694 quatenus
2754 632 2981 694 et‘nunc
3022 622 3402 673 dominatorem

1897 698 2126 752 omnium
2155 696 2335 749 Iesum
2366 691 2630 755 Christum
2671 691 2938 745 visibiliter
2982 692 3127 744 nobis
3178 706 3280 742 non
3313 706 3406 757 ap-

1894 776 2160 838 parentem
2184 805 2223 838 ,_
2258 764 2528 838 invisibilis
2560 765 2705 838 enim
2753 772 2824 838 est
2869 761 3165 814 carnalibus
3217 759 3407 812 nostris

1898 831 2064 915 oculis
2106 851 2131 915 ί
2180 835 2312 913 sicut
2357 834 2493 914 enim
2550 833 2688 914 Deus
2717 831 2922 912 .ubique
2969 832 3097 883 inest
3145 831 3407 883 honoran-

1898 904 2181 987 damhejus
2229 905 2539 972 imaginem,
2573 903 2728 955 sicuti
2763 911 2809 953 et
2837 898 3204 970 imperatorem
3248 898 3410 952 Pater

1901 983 2085 1031 εεηδὶι.

1899 1069 1976 1122 De
2023 1080 2088 1120 eo
2125 1063 2268 1133 quod
2315 1062 2636 1132 generaliter
2685 1075 2875 1115 omnes
2925 1067 3018 1113 aut
3067 1059 3267 1114 dixisse
3318 1066 3411 1112 aut

1832 1157 2133 1214 dicentibus
2181 1152 2518 1210 consensisse
2566 1151 2935 1220 perhibentur,
2977 1149 3119 1217 quod
3168 1147 3412 1215 exemplo

1832 1251 2187 1322 imperialium
2248 1247 2569 1315 imaginum,
2628 1259 2762 1314 quas
2801 1244 2854 1296 in
2894 1244 3142 1297 civitates
3190 1242 3414 1296 emissas

1833 1343 2050 1397 obviant
2086 1340 2241 1395 cunei
2269 1337 2588 1408 populorum
2622 1351 2743 1390 cum
2796 1333 2967 1388 cereis
3004 1341 3058 1387 et
3095 1333 3417 1403 thymiama-

1833 1435 1996 1498 tibus,
2027 1434 2204 1501 imago
2235 1444 2447 1500 quoque
2473 1427 2772 1484 Salvatoris
2799 1427 2911 1480 sive
2949 1433 3255 1480 sanctorum
3299 1439 3416 1478 om-

1834 1525 1982 1580 nium
2011 1522 2280 1579 adoranda
2307 1523 2395 1586 sit,
2426 1521 2479 1574 in
2507 1519 2933 1589 praecedentibus
2950 1518 3063 1586 jam
3085 1519 3413 1586 disputatum

1837 1627 1938 1682 est,
1989 1626 2044 1672 et
2084 1617 2178 1686 qui
2217 1615 2460 1684 judicum
2501 1622 2554 1669 et
2607 1615 2992 1683 imperatorum
3038 1615 3297 1683 imagines
3344 1629 3413 1669 ex

1840 1709 2034 1778 quibus
2080 1705 2155 1760 itli
2211 1703 2454 1772 exempla
2499 1717 2710 1758 sumere
2762 1701 3071 1766 moliuntur,
3131 1703 3416 1757 adorandae

1841 1815 1951 1855 non
2002 1798 2125 1861 sint,
2167 1796 2310 1850 beati
2358 1792 2669 1863 Hieronymi
2705 1793 2883 1847 verbis
2921 1793 3271 1861 approbatum
3314 1801 3420 1849 est.

1843 1891 1998 1945 Nunc
2036 1897 2216 1943 autem
2263 1887 2565 1956 specialiter
2613 1886 2774 1940 verba
2822 1884 3042 1940 Joannis
3085 1886 3421 1944 discutienda

1845 1989 1989 2046 sunt,
2019 1981 2106 2049 qui
2130 1981 2185 2032 in
2211 1980 2311 2032 hoc
2339 1978 2550 2047 negotio
2574 1978 2840 2047 reperitur
2863 1986 2918 2031 et
2947 1979 3190 2033 crebrius
3211 1980 3423 2035 caeteris

1845 2073 2056 2129 locutus
2108 2071 2294 2136 fuisse,
2340 2078 2396 2124 et
2446 2085 2554 2124 non
2604 2069 2782 2123 minus
2827 2069 3124 2125 delirasse:
3170 2071 3425 2140 quoniam

1847 2165 2062 2234 quidem
2096 2176 2405 2233 quanquam
2441 2161 2746 2232 generalem
2783 2161 3022 2216 omnium
3056 2177 3297 2217 errorem
3331 2177 3417 2217 se-

1847 2264 2060 2326 quatur,
2093 2255 2324 2324 speciale
2366 2262 2548 2308 tamen
2578 2253 2779 2322 aliquid
2813 2253 2986 2308 eidem
3023 2255 3195 2309 errori
3229 2269 3426 2324 augere

1849 2355 2094 2411 conatur,
2134 2353 2190 2400 et
2221 2354 2282 2399 ut
2335 2359 2475 2411 reor,
2530 2345 2866 2414 generalibus
2917 2346 3075 2415 nugis
3129 2345 3247 2399 ideo
3300 2359 3430 2400 suas

1849 2439 2020 2510 magis
2047 2438 2327 2507 magisque
2356 2452 2526 2506 nugas
2557 2436 2824 2490 associare
2863 2437 3091 2502 curavit,
3139 2437 3264 2505 quia
3312 2451 3430 2490 om-

1848 2527 1998 2582 nium
2031 2527 2296 2581 vanitates
2318 2526 2446 2581 huic
2471 2534 2619 2580 tanto
2651 2526 2823 2581 errori
2864 2525 3248 2602 accumulando
3286 2524 3432 2580 suiIi-

1850 2635 1975 2676 cere
1998 2620 2220 2674 minime
2244 2617 2491 2674 credidit.
2521 2617 2685 2684 Quasi
2713 2618 2876 2688 igitur
2901 2618 3241 2688 imperatoris
3271 2620 3433 2673 modo

1849 2712 1992 2767 Deus
2021 2711 2206 2767 localis
2240 2711 2328 2776 sit,
2361 2717 2413 2764 et
2443 2709 2569 2763 dum
2620 2723 2726 2762 uno
2751 2707 2869 2762 loco
2913 2715 2998 2762 est
3032 2708 3138 2762 alio
3185 2723 3304 2762 esse
3337 2722 3435 2762 ne-

1851 2811 2032 2874 queat,
2048 2803 2247 2858 idcirco
2262 2801 2378 2872 ejus
2394 2799 2680 2870 imaginem
2695 2798 2833 2853 sicut
2846 2797 3134 2868 imaginem
3150 2797 3435 2866 imperatoe

1853 2896 1928 2950 ris
1951 2896 2277 2950 adorandam
2305 2901 2548 2948 astruere
2571 2889 2823 2948 affectat:
2848 2889 2990 2959 quod
3019 2888 3232 2958 penitus
3257 2889 3454 2944 omnis'

1852 2987 1992 3042 ratio
2005 2995 2171 3041 vetat.
2191 2986 2331 3040 Deus
2344 2985 2487 3040 enim
2507 2996 2769 3052 nusquam
2788 2980 2980 3035 absens
3009 2986 3093 3034 est
3120 2995 3132 3031 :
3158 2978 3251 3047 qui
3275 2977 3321 3032 si
3344 2992 3436 3033 us-

155 3081 425 3134 l’onorum
465 3087 686 3144 operum
713 3068 991 3135 exercui“!
1033 3066 1120 3119 ille
1151 3079 1280 3118 vero
1306 3073 1466 3130 quem
1508 3055 1748 3154 (ἷδῗηίξθδ
1776 3053 1824 3117 C
1855 3084 2000 3154 piam
2025 3083 2218 3137 absens
2248 3078 2553 3144 est,localis
2566 3085 2649 3133 est
2681 3091 2696 3129 :
2723 3076 2769 3131 si
2805 3073 2992 3130 localis
3011 3081 3227 3138 est,nec
3256 3071 3436 3128 omnia

157 3172 305 3227 foras
333 3168 518 3238 abigit,
547 3181 646 3221 nec
677 3166 909 3220 tolerare
953 3160 1081 3216 sinit
1123 3156 1336 3227 vigilias
1387 3153 1499 3234 sive
1521 3148 1745 3219 jejunia,

159 3265 244 3320 vel
273 3272 468 3319 caetera
497 3255 886 3328 hujuscemodi,
934 3267 1036 3307 nec
1072 3247 1281 3320 perpeti
1306 3260 1406 3316 pro
1435 3240 1638 3298 Christi
1658 3254 1755 3293 no-

160 3357 308 3410 mine
333 3352 634 3408 veneranda
667 3345 951 3418 martyria.
987 3343 1140 3398 Sicut
1178 3338 1324 3394 enim
1356 3336 1463 3390 duo
1504 3339 1630 3388 sunt
1671 3344 1758 3401 ge-

161 3464 297 3504 nera
317 3445 694 3507 tentationum,
715 3454 882 3494 unum
912 3435 1159 3490 videlicet
1181 3445 1288 3500 quo
1313 3427 1436 3498 quis
1465 3423 1752 3493 decipitur,

161 3541 313 3594 unde
349 3545 434 3590 est
457 3534 628 3588 illud:
660 3531 799 3584 Deus
833 3527 1086 3582 neminem
1117 3530 1300 3585 tentat,
1341 3521 1447 3589 ipse
1479 3526 1649 3570 autem
1674 3514 1758 3567 in-

164 3636 398 3682 tentator
422 3622 681 3677 malorum
717 3628 789 3673 est
821 3618 963 3682 (Jac.
1003 3615 1082 3685 1);
1111 3612 1255 3667 aliud
1297 3625 1403 3678 quo
1431 3609 1552 3678 quis
1577 3605 1758 3662 divina

163 3719 573 3783 examinatione
618 3715 898 3785 probatur,
947 3711 1086 3765 unde
1140 3715 1220 3762 est
1263 3706 1412 3770 illud,
1461 3703 1642 3758 Tentat
1671 3716 1758 3755 vos

163 3816 433 3872 Dominus
460 3812 602 3866 Deus
626 3818 790 3864 vester
819 3805 993 3879 (Deut.
1025 3803 1168 3872 xm),
1201 3799 1331 3863 sive,
1366 3796 1596 3852 Tentavit
1620 3794 1762 3850 Deus

162 3909 444 3968 Abraham
487 3902 639 3974 (Gen.
676 3899 838 3971 xm),
862 3898 1014 3966 juxta
1061 3909 1222 3965 quem
1251 3891 1468 3947 modum
1503 3889 1666 3942 multa
1704 3888 1760 3940 in

168 3999 475 4070 Scripturis
504 3994 708 4050 sanctis
743 3989 984 4060 diligenti
1018 3986 1362 4057 indagatione
1408 3979 1765 4051 pervestigata

170 4091 556 4148 inveniuntur:
585 4085 658 4139 ita
705 4081 960 4136 nimirum
1003 4078 1112 4133 duo
1155 4084 1279 4131 sunt
1330 4074 1572 4137 timores,
1628 4085 1763 4125 unus

175 4198 336 4252 quem
361 4177 598 4235 charitas
624 4174 773 4229 foras
796 4172 983 4236 mittit,
1025 4179 1080 4225 et
1106 4169 1244 4223 alter
1275 4167 1364 4237 qui
1394 4175 1475 4220 est
1500 4165 1764 4220 bonorum

178 4286 400 4342 operum
430 4267 661 4328 initium,
710 4277 872 4332 quem
902 4261 1138 4316 charitas
1165 4258 1354 4314 nutrit.
1401 4256 1537 4311 Nam
1574 4255 1620 4310 si
1662 4255 1766 4309 ini-

178 4365 315 4416 tium
354 4358 562 4413 timoris
590 4353 800 4409 Domini
849 4351 1108 4422 imagines
1163 4351 1387 4406 adorare
1438 4356 1541 4413 est,
1587 4355 1648 4401 ut
1689 4345 1766 4401 illi

182 4449 450 4521 garriunt,
483 4452 689 4499 constat
727 4457 914 4498 omnes
954 4449 1172 4496 sanctos
1219 4439 1310 4508 qui
1363 4439 1549 4508 utique
1596 4438 1767 4491 Deum
1790 4431 1846 4495 D

182 4538 437 4594 timuisse
468 4535 775 4598 creduntur,
802 4533 1059 4602 imagines
1095 4531 1370 4593 adorasse,
1404 4536 1458 4584 et
1503 4528 1548 4581 si
1579 4543 1768 4583 omnes

183 4629 358 4686 sancti
387 4627 477 4697 qui
523 4639 648 4679 vere
676 4624 842 4678 Deum
873 4623 1113 4678 timuisse
1162 4619 1474 4682 creduntur,
1510 4617 1770 4687 imagines

186 4725 500 4784 adoravere,
531 4725 742 4772 constat
767 4731 860 4771 eos
898 4715 1158 4771 creatoris
1185 4712 1403 4767 monitis
1450 4711 1768 4777 contraisse,

189 4816 277 4884 qui
306 4820 585 4869 creaturas
609 4810 834 4864 adorare
862 4809 1090 4863 inhibuit
1140 4820 1302 4875 seque
1339 4804 1510 4861 solum
1545 4804 1772 4858 adorare

193 4907 442 4960 instituit.
482 4903 601 4958 Non
624 4911 804 4956 autem
834 4902 1094 4956 creatoris
1132 4899 1350 4954 monitis
1389 4898 1446 4951 in
1496 4895 1770 4951 adorando

197 5003 468 5050 creaturas
495 4994 793 5049 contraisse
839 4992 1086 5047 credendi
1115 4998 1238 5044 sunt
1272 5004 1286 5042 :
1333 5003 1439 5044 non
1480 4987 1643 5056 igitur
1671 4986 1772 5041 ini-

203 5087 340 5138 tium
367 5085 572 5140 timoris
603 5083 838 5147 Domini,
867 5091 927 5136 ut
954 5082 1030 5136 illi
1065 5081 1326 5151 garriunt,
1356 5079 1618 5149 imagines
1646 5079 1774 5132 ado-

201 5190 329 5231 rare
359 5183 458 5228 est.
493 5174 606 5241 Quo
633 5175 954 5229 documento
979 5173 1300 5242 approbatur
1327 5170 1540 5226 initium
1569 5167 1776 5223 timoris

204 5266 441 5330 Domini,
479 5281 582 5320 non
615 5267 672 5321 in
713 5265 1026 5322 adoratione
1057 5278 1234 5318 rerum
1260 5277 1421 5316 sensu
1455 5259 1772 5323 carentium,

206 5357 304 5413 sed
328 5357 384 5410 in
404 5357 775 5412 observatione
796 5371 913 5411 esse
940 5355 1334 5409 Dominicorum
1363 5359 1774 5420 praeceptorum.

204 5451 297 5506 Ille
333 5451 526 5506 etenim
564 5451 832 5506 veraciter
870 5450 1034 5503 Deum
1072 5448 1225 5502 timet
1261 5444 1353 5515 qui
1391 5441 1599 5497 cunctis
1634 5442 1782 5497 vani-

207 5542 403 5597 tatibus
421 5543 618 5614 spretis
648 5541 729 5600 illi
756 5556 815 5598 se
848 5540 949 5597 soli
966 5540 1068 5596 ﬁde
1092 5546 1147 5595 et
1169 5537 1423 5608 operibus
1458 5534 1783 5592 serviturum

209 5634 441 5691 exhibet.

1858 3173 2098 3229 continet
2123 3186 2224 3226 nec
2250 3170 2429 3225 omnia
2451 3168 2655 3237 implet.
2684 3165 2877 3221 Omnia
2900 3174 3079 3220 autem
3109 3170 3162 3220 et
3182 3163 3434 3234 complet,

1858 3272 1913 3320 et
1938 3263 2126 3331 implet
2155 3276 2170 3314 :
2205 3274 2472 3329 nusquam
2506 3260 2669 3328 igitur
2691 3259 2887 3313 absens
2913 3266 3025 3323 est;
3058 3271 3175 3326 qua:
3204 3255 3331 3309 dum
3361 3255 3438 3311 ita

1859 3372 1919 3413 se
1942 3355 2195 3417 habeant,
2228 3366 2336 3406 non
2363 3359 2446 3404 est
2483 3349 2540 3404 in
2584 3349 2950 3405 materialibus
2987 3346 3307 3417 imaginibus
3343 3343 3438 3398 ad-

1862 3445 2098 3502 orandus
2142 3443 2226 3496 vel
2260 3441 2598 3512 quaerendus,
2630 3441 2726 3496 sed
2778 3441 2837 3494 in
2882 3438 3041 3493 corde
3087 3433 3436 3490 mundissimo

1861 3550 2078 3607 semper
2106 3534 2401 3590 habendus.
2442 3533 2576 3588 Nam
2607 3531 2735 3588 dum
2771 3528 3114 3609 imperatoris
3150 3525 3440 3601 imaginem

1862 3633 2089 3688 adorare
2117 3643 2448 3702 perversum,
2482 3626 2723 3699 ejusdem
2768 3643 2982 3700 quoque
3017 3624 3304 3693 imaginem
3345 3620 3440 3693 qui

1861 3726 2047 3785 localis
2100 3733 2201 3789 est,
2247 3723 2469 3794 imagini
2513 3723 2608 3776 Dei
2642 3721 2734 3792 qui
2777 3719 3001 3774 illocalis
3032 3726 3117 3774 est
3140 3715 3440 3773 assimilare

1863 3820 2145 3893 profanum
2190 3819 2276 3884 sit,
2308 3817 2457 3870 illum
2502 3813 2691 3884 procul
2727 3811 2889 3865 dubio
2918 3809 3199 3879 profanum
3235 3817 3288 3862 et
3317 3821 3439 3875 per-

1865 3929 2080 3972 versum
2109 3927 2228 3967 esse
2255 3915 2484 3971 constat,
2528 3905 2621 3975 qui
2664 3918 2695 3956 a
2745 3916 2803 3955 re
2845 3901 3029 3955 illicita
3057 3913 3170 3952 rem
3197 3897 3439 3950 illicitam

1865 4009 2215 4065 corroborare
2241 4001 2471 4063 affectat,
2499 4004 2554 4051 et
2575 4007 2820 4050 errorum
2853 3991 3100 4061 passibus
3128 3989 3280 4058 quasi
3323 3987 3442 4056 qui-

1865 4101 2091 4158 busdam
2114 4095 2366 4168 gradibus
2392 4092 2518 4146 dum
2541 4103 2652 4143 sua:
2685 4084 2881 4140 mentis
2909 4097 3003 4138 seu
3038 4081 3232 4150 lingute
3259 4079 3445 4133 mode-

1867 4207 2052 4250 ramen
2076 4189 2273 4244 habere
2308 4182 2513 4253 nequit,
2554 4177 2842 4240 enerviter,
2874 4175 3012 4245 proh
3049 4171 3228 4227 dolor!
3259 4168 3324 4224 ad
3350 4169 3446 4224 de-

1867 4286 2068 4340 teriora
2097 4278 2352 4336 decurrit.
2377 4274 2532 4343 Quod
2555 4281 2735 4327 autem
2759 4268 2837 4323 ait
2874 4283 2889 4322 :
2933 4265 3125 4322 Christi
3164 4265 3447 4336 imaginem

1869 4373 2229 4430 honorandum
2283 4369 2438 4424 sicuti
2490 4375 2538 4422 et
2583 4363 2862 4434 imaginem
2905 4359 3235 4431 imperatoris
3287 4357 3448 4412 Pater

1872 4466 2049 4528 sensit,
2079 4462 2427 4534 quaerendum
2457 4466 2538 4513 est
2559 4456 2670 4522 ubi,
2698 4464 2790 4510 aut
2826 4452 3059 4525 quando,
3095 4457 3187 4506 aut
3218 4465 3335 4516 cur,
3359 4457 3450 4504 aut

1875 4553 2325 4628 quemadmodum
2374 4553 2476 4605 hoc
2522 4549 2683 4603 Pater
2739 4545 3004 4611 senserit,
3045 4553 3136 4600 aut
3181 4543 3312 4615 quid
3358 4541 3450 4606 sit,

1877 4645 2064 4700 sensit.
2121 4640 2498 4708 Nunquidnam
2541 4653 2662 4691 cum
2695 4637 2761 4692 ab
2792 4637 2897 4691 alio
2932 4635 3141 4706 jussum
3169 4642 3331 4701 esset,
3361 4641 3454 4688 aut

1878 4739 1944 4792 ab
1984 4733 2103 4788 aliis
2136 4731 2308 4797 ﬁeret,
2353 4731 2424 4784 ita
2459 4729 2622 4784 Pater
2658 4731 2861 4786 sensit?
2887 4729 3022 4797 Quia
3053 4745 3178 4800 ergo
3211 4743 3310 4782 nos
3348 4741 3455 4780 non

1879 4841 2064 4883 eorum
2087 4839 2297 4879 errores
2326 4821 2417 4894 qui
2446 4823 2502 4877 in
2539 4824 2721 4878 verbis
2763 4832 2889 4879 sunt
2938 4821 3272 4881 discutimus,
3311 4816 3456 4884 quod

1875 4921 2196 4975 immensum
2233 4923 2376 4970 esset
2401 4923 2455 4969 et
2479 4915 2546 4969 ad
2584 4915 2945 4984 peragendum
2985 4906 3217 4969 diliicile,
3257 4905 3453 4985 quippe

1877 5028 1998 5068 cum
2039 5007 2380 5081 pene‘nullus
2424 5006 2498 5060 ibi
2522 5007 2809 5060 verborum
2843 5001 2976 5055 ordo
3005 5012 3219 5052 sensum
3255 4994 3452 5064 legenti

1879 5102 2086 5163 afferat,
2124 5100 2216 5154 sed
2242 5112 2429 5152 eorum
2468 5092 2801 5149 so‘ummodo
2827 5103 3018 5144 sensus
3042 5105 3137 5144 seu
3159 5091 3453 5144 sententias

1877 5189 2318 5260 reprehendendo
2360 5195 2765 5256 percurramus,
2825 5183 2992 5231 restat
3040 5187 3100 5232 ut
3168 5193 3277 5230 non
3325 5177 3454 5246 quid

1883 5282 2080 5343 dicant,
2122 5295 2244 5334 cum
2282 5275 2580 5348 praesertim
2627 5269 2698 5320 ita
2746 5272 2804 5316 ut
2852 5265 3059 5321 dictum
3108 5271 3210 5327 est,
3250 5263 3458 5315 nullum

1884 5388 2022 5446 pene
2061 5386 2277 5427 sensum
2323 5366 2534 5424 habeat,
2571 5353 2664 5408 sed
2712 5351 2842 5419 quid
2893 5353 3077 5411 dicere
3121 5349 3289 5404 velint
3343 5363 3465 5415 per.

1886 5439 2200 5523 tractemus.
2228 5456 2380 5526 Quod
2407 5451 2480 5503 ait
2507 5439 2866 5498 honorandum
2910 5445 3035 5510 ejus
3061 5439 3341 5504 imaginem
3368 5439 3470 5489 sic-

1889 5562 1966 5613 uti
1991 5568 2036 5611 et
2061 5524 2419 5624 imperatorem
2449 5534 2608 5585 Ρατεν
2632 5527 2805 5587 εεηδίε,
2824 5527 2985 5585 hunc
3003 5533 3118 5587 vult
3133 5524 3332 5579 habere
3355 5538 3474 5576 sen-

1894 5609 2031 5710 iis,
2059 5609 2120 5698 ίιι
2135 5609 2307 5696 'dicat.
2331 5628 2490 5682 Pater
2508 5615 2668 5687 iussit
2694 5611 3010 5678 imaginem
3035 5609 3241 5679 Christi
3263 5610 3484 5664 adorare
