4008 6154
606 296 770 374 ma
1458 305 1520 361 B.
1560 301 1814 361 cauom
1850 296 2065 355 MAGNI
2097 294 2202 355 om

2318 294 2473 355 ’ARS
2506 298 2571 356 ll.
2624 298 2869 357 SECTIO
2902 298 2972 355 Π.
3741 306 3917 367 ίὶδο

610 436 745 491 sicut
769 429 1168 497 imperatorem.
1198 421 1351 489 Quod
1385 419 1602 490 quidem
1633 417 1745 482 ubi,
1791 416 2025 486 quando,
2067 426 2185 479 cur,
2213 410 2387 474 Areo
2440 411 2638 468 annulo
2687 411 3080 484 pretiosissima
3131 414 3451 488 smaragdos
3499 414 3748 487 inserta,
3795 430 3911 478 aut

607 520 1056 596 quemadmodum
1084 523 1296 588 gestum
1324 512 1415 577 sit,
1466 511 1536 567 ab
1563 510 1710 566 omni
1756 507 1971 579 penitus
2006 506 2193 563 catho—
2293 505 2509 563 cilieino
2536 514 2847 579 tegumenta
2876 521 3010 564 auro
3051 514 3212 565 texta;
3236 509 3405 566 vestis
3434 507 3606 566 fascia
3661 510 3909 570 minime

606 614 709 672 lico
739 615 1036 684 ignoratur.
1086 607 1204 663 Non
1248 604 1392 662 enim
1422 601 1583 660 Pater
1605 601 1894 674 imaginem
1930 598 2069 672 ejus,
2098 602 2195 656 sed
2260 602 2263 607 “
2294 596 2548 655 convenit
2569 608 2774 665 assuta,
2826 598 2903 655 ita
2929 600 3149 671 penitus
3186 599 3491 657 divinorum
3543 602 3905 675 eloquiomm

606 709 783 780 ipsum
804 704 1158 771 eumdemque
1192 700 1463 754 honorare
1487 703 1542 751 et
1563 696 1751 751 audire
1771 694 1951 764 jussit,
1979 708 2102 748 cum
2124 692 2193 747 ad
2295 689 2604 747 testimonia
2660 690 2876 747 illorum
2943 691 3097 761 operi
3154 706 3497 763 nequaquam
3552 695 3907 751 conveniunt

606 802 802 857 ﬂuenta
829 796 1079 855 Iordanis
1105 800 1293 849 sancta
1322 790 1560 847 Trinitas
1603 788 1659 844 in
1704 788 1915 844 unitate
1942 788 2195 848 substana
2295 781 2556 838 abhibita.
2589 780 2698 837 Res
2725 796 2855 854 ergo
2886 780 3046 838 dubia
3077 791 3133 839 et
3161 783 3219 839 in
3242 784 3643 840 contentionem
3666 787 3906 844 veniens

605 893 713 958 litB,
752 889 916 951 Pater
944 887 1194 944 videlicet
1222 885 1277 941 in
1302 898 1437 939 voce
1483 897 1591 955 qua
1624 879 1861 937 intonuit
1904 896 1917 932 :
1964 876 2069 933 Hic
2117 884 2194 931 est
2292 889 2405 929 nou
2442 874 2601 929 debet
2647 873 2819 930 astrui
2865 876 3302 947 apocryphorum
3353 876 3576 944 muniis,
3642 878 3741 934 sed
3801 890 3903 936 aut

603 982 781 1038 Filius
815 997 960 1035 meus
1011 979 1233 1034 dilectus
1288 979 1345 1032 in
1387 993 1491 1047 quo
1536 974 1665 1028 mihi
1709 972 1833 1027 bene
1880 968 2190 1041 complacui,
2267 963 2490 1019 divinae
2534 964 2669 1035 legis
2713 965 2967 1033 oraculis,
3016 975 3110 1022 aut
3162 983 3351 1023 eorum
3397 968 3689 1025 doctorum
3742 974 3840 1043 qui
3865 991 3901 1030 a

604 1076 774 1144 ipsum
801 1073 979 1127 audite
1011 1070 1227 1144 (Matth.
1259 1066 1366 1139 ιιι),
1395 1066 1563 1121 Filius
1590 1064 1646 1120 in
1685 1076 1929 1133 corpore,
1959 1059 2195 1130 Spiritus
2298 1059 2560 1116 catholica
2592 1069 2647 1115 et
2676 1061 2970 1132 apostolica
2996 1061 3239 1117 Ecclesia
3269 1062 3628 1134 recipiuntur,
3683 1066 3898 1122 saluta-

604 1178 735 1219 vero
770 1171 991 1219 sanctus
1020 1161 1071 1215 in
1102 1160 1281 1229 specie
1306 1157 1569 1212 columbae
1612 1153 1934 1209 mirabiliter
1974 1151 2192 1206 claruit.
2297 1150 2449 1208 ribus
2501 1153 2722 1209 monitis
2763 1162 2817 1209 et
2868 1154 3310 1210 luculentissimis
3363 1154 3729 1214 documentis.
3783 1158 3901 1215 Sed

605 1254 758 1320 Esto,
807 1255 969 1309 Pater
1006 1252 1222 1322 juberet
1264 1250 1639 1317 honorandum
1676 1245 1879 1303 Christi
1907 1244 2194 1315 imaginem
2295 1242 2528 1301 fortasse
2580 1245 2777 1316 aliquis
2828 1244 3055 1315 hujusce
3108 1246 3314 1304 erroris
3382 1249 3900 1320 scrupulosissimus

606 1348 748 1405 sicut
797 1347 1196 1419 imperatorem,
1221 1343 1467 1413 nunquid
1500 1357 1608 1397 non
1629 1340 1830 1395 rectius
1859 1344 2001 1393 esset
2029 1338 2197 1408 impe-
2297 1345 2635 1394 asseverator
2683 1338 2865 1395 dicet:
2893 1337 3012 1394 Non
3037 1338 3113 1393 illi
3139 1341 3571 1412 apocryphorum
3619 1344 3895 1400 librorum

608 1451 845 1497 ratorem
893 1439 1266 1493 honorandum
1316 1437 1609 1490 decernere
1633 1474 1647 1498 ,
1698 1431 1856 1487 sicuti
1906 1431 2197 1501 imaginem
2299 1430 2592 1485 sententias
2611 1446 2710 1486 suo
2725 1430 2877 1502 operi
2900 1430 3180 1487 inseruere
3203 1432 3270 1487 ad
3289 1447 3403 1487 rem
3416 1435 3749 1506 prepositam
3771 1452 3905 1491 con-

608 1534 829 1597 Christi,
875 1539 936 1586 ut
963 1531 1138 1600 imago
1167 1526 1370 1582 Christi
1404 1524 1813 1581 eminentiorem
1864 1524 1917 1579 in
1976 1520 2067 1577 tali
2111 1538 2197 1576 ra-
2299 1519 2644 1589 ﬁrmandam,
2688 1522 2785 1578 sed
2833 1523 3162 1581 insultantes
3184 1523 3251 1580 ad
3304 1529 3659 1600 quorumdam
3714 1529 3901 1584 haere-

607 1627 753 1679 tione
801 1623 981 1678 locum
1035 1619 1292 1676 teneret?
1354 1617 1471 1673 Non
1515 1633 1643 1688 ergo
1689 1617 1853 1672 Pater
1906 1614 2196 1685 imaginem
2298 1609 2533 1666 ticorum
2558 1613 2835 1669 vesaniam
2864 1615 3344 1673 subsannandam:
3375 1618 3464 1674 cui
3505 1628 3682 1675 noster
3710 1620 3908 1693 stylus

606 1715 808 1773 Christi
839 1728 1112 1786 quoquam
1143 1710 1340 1783 legitur
1377 1718 1469 1765 aut
1514 1710 1803 1783 depingere
1847 1715 1939 1762 aut
1967 1708 2196 1761 adorare
2232 1772 2276 1786 κ
2299 1700 2619 1759 facillimam
2658 1712 2840 1776 potest
2879 1704 3084 1761 inferre
3136 1709 3570 1781 responsionem.
3617 1710 3914 1783 Nunquid-

608 1819 702 1864 aut
732 1772 999 1864 hondrare
1045 1772 1286 1873 iussisse,
1320 1805 1515 1876 quippe
1557 1772 1648 1874 qui
1679 1818 1737 1858 se
1783 1801 1957 1857 solum
1983 1799 2196 1869 adorari
2230 1772 2277 1833 Β
2304 1809 2429 1848 nam
2460 1810 2585 1850 cum
2613 1796 2925 1854 Polemonis
2966 1798 3281 1873 imaginem,
3303 1803 3448 1871 quod
3492 1801 3645 1858 nulla
3674 1804 3912 1859 authen—

608 1900 821 1969 sibique
849 1898 949 1953 soli
974 1897 1176 1952 servire
1220 1895 1474 1949 instituit.
1509 1893 1645 1962 Quia
1681 1908 1808 1964 ergo
1847 1892 2198 1963 imperatores
2304 1887 2414 1943 tica
2437 1887 2601 1944 lectio
2626 1898 2837 1956 narrat,
2870 1891 3058 1949 dicunt
3083 1894 3372 1963 quemdam
3398 1895 3468 1949 ab
3491 1894 3705 1952 scelere
3753 1909 3914 1950 coer-

538 2041 547 2048 .
609 1997 661 2045 et
682 2005 835 2061 reges
864 1989 970 2043 sint
995 2005 1024 2042 a
1052 1986 1281 2043 subditis
1304 1985 1604 2041 honorandi
1645 1983 1967 2055 quihusdam
2002 1982 2198 2036 divinae
2302 1976 2502 2043 cuisse,
2530 1977 2688 2033 alicui
2713 1980 3005 2037 insultant?
3034 1981 3174 2039 Sunt
3201 1984 3383 2053 itaque
3405 1982 3463 2039 in
3486 1985 3682 2040 eadem
3722 1983 3917 2040 lectio-

611 2081 904 2151 Scriptura:
942 2080 1199 2153 exemplis
1226 2085 1403 2149 potest
1434 2076 1740 2147 approbari.
1767 2074 1824 2129 Si
1850 2074 1994 2129 enim
2026 2074 2197 2127 hono-
2303 2085 2375 2125 ne
2389 2073 2658 2143 quaedam,
2683 2089 2804 2145 quae
2833 2075 2908 2131 illi
2936 2076 3001 2132 ad
3028 2091 3141 2132 rem
3169 2078 3500 2150 propositam
3527 2077 3923 2134 aiiirmandam

608 2170 767 2227 randi
792 2170 1013 2225 minime
1053 2177 1251 2234 essent,
1292 2182 1632 2238 nequaquam
1665 2165 1831 2219 David
1854 2164 1937 2217 vir
1977 2171 2199 2218 sanctus
2302 2179 2570 2236 posuere;
2606 2175 2732 2221 sunt
2768 2168 2933 2222 etiam
2986 2167 3244 2238 pleraque
3298 2182 3415 2236 qua:
3458 2182 3786 2237 quanquam
3849 2169 3927 2224 in-

613 2260 853 2327 Saulem,
887 2269 1171 2333 postquam
1199 2261 1341 2316 Deus
1372 2261 1439 2315 ab
1474 2274 1539 2314 eo
1586 2264 1904 2321 recesserat,
1932 2254 2198 2309 Christum
2303 2256 2556 2312 sultando
2605 2258 2900 2325 posuerint,
2962 2258 3038 2311 ita
3066 2265 3193 2312 sunt
3222 2256 3457 2311 involuta
3479 2296 3494 2319 ,
3557 2256 3638 2312 ita
3694 2258 3928 2316 inordi

612 2353 831 2412 Domini
852 2364 1069 2411 vocaret
1093 2354 1147 2428 (I
1174 2355 1301 2428 Reg.
1328 2370 1474 2418 xxvr,
1502 2363 1548 2408 et
1573 2352 1637 2407 11
1666 2352 1789 2421 Reg.
1823 2348 1885 2419 ι).
1910 2348 2027 2404 Non
2052 2347 2197 2403 enim
2300 2353 2447 2409 nate,
2493 2346 2566 2401 ita
2594 2345 2889 2400 enormiter
2936 2346 3167 2416 prolata,
3209 2347 3285 2402 ita
3310 2346 3629 2417 permixtim
3656 2347 3929 2420 digesta,

609 2456 731 2503 erat
754 2448 971 2503 nescius
1009 2447 1268 2518 praefatus
1291 2448 1373 2502 vir
1399 2447 1634 2501 divinam
1681 2459 1798 2497 esse
1842 2441 2198 2513 dispensatio-
2304 2444 2366 2492 ut
2426 2449 2563 2506 pene
2613 2434 2705 2489 vix
2753 2436 3089 2506 deprehendi
3144 2436 3368 2503 valeat,
3423 2437 3628 2507 vixque
3682 2437 3928 2497 lectoris

609 2554 735 2595 nem
790 2540 847 2593 in
896 2538 1071 2594 oﬂicio
1107 2538 1312 2594 ordinis
1360 2537 1583 2607 regalis;
1624 2536 1824 2591 idcirco
1867 2534 2084 2589 Saulem
2140 2534 2196 2589 in
2297 2535 2537 2585 mentem
2565 2527 2816 2600 attingat,
2855 2536 3040 2584 utrum
3072 2542 3140 2583 ea
3164 2544 3285 2600 qua:
3314 2528 3570 2587 dicuntur
3602 2531 3775 2587 verba
3804 2533 3925 2589 sint

610 2631 798 2686 eadem
836 2630 1011 2686 adhuc
1037 2630 1297 2701 dignitate
1320 2629 1554 2699 positum
1597 2627 1936 2692 honoriﬁcat,
1984 2640 2053 2682 ne
2085 2626 2197 2681 Deo
2300 2619 2710 2687 insultantium,
2768 2627 2864 2677 aut
2912 2619 3001 2677 his
3056 2635 3181 2693 qua:
3231 2622 3489 2679 dicuntur
3546 2623 3710 2680 ﬁdem
3753 2626 3923 2681 exhi-

610 2719 863 2791 lnjuriam
890 2720 1067 2776 facere
1101 2720 1393 2786 videretur,
1421 2721 1513 2791 qui
1547 2719 1633 2775 his
1665 2718 1946 2774 ordinibus
1993 2717 2194 2789 imper-
2299 2709 2569 2766 bentium.
2619 2709 2749 2778 Qua:
2781 2725 2871 2767 res
2910 2719 2966 2767 et
3016 2711 3064 2769 si
3104 2727 3137 2768 a
3177 2713 3351 2771 doctis
3387 2713 3696 2786 quibusque
3739 2715 3823 2771 ita
3860 2726 3921 2773 ut

609 2814 854 2870 tiendum
880 2810 1139 2869 honorem
1183 2814 1441 2869 decrevit.
1480 2813 1728 2882 Quandiu
1769 2827 1898 2884 ergo
1932 2812 1989 2868 in
2019 2827 2084 2867 ea
2118 2811 2199 2866 di-

608 2906 813 2977 gnitate
837 2910 939 2970 est,
971 2904 1320 2961 honorandus
1356 2914 1455 2971 est,
1495 2906 1541 2961 si
1588 2921 1696 2961 non
1722 2912 1944 2976 propter
1983 2916 2063 2967 se,
2112 2899 2200 2956 vel

607 3003 829 3069 propter
852 2996 1117 3052 ordinem.
1159 2996 1313 3053 Unde
1356 3004 1410 3051 et
1448 2997 1781 3067 Apostolus:
1818 2995 2092 3059 Omnibus,
2117 2992 2199 3047 in-

607 3091 746 3163 quit,
788 3091 1129 3163 potestatibus
1159 3090 1549 3181 sublimioribus
1595 3089 1790 3145 subditi
1840 3096 2021 3188 estote.
2073 3083 2200 3198 Nan
2227 3131 2281 3198 Ω

608 3190 683 3236 est
714 3182 851 3234 enim
899 3190 1123 3252 potestas
1166 3172 1287 3235 nisi'
1312 3198 1344 3235 a
1369 3180 1477 3235 Deo
1505 3179 1682 3253 (Rom.
1714 3178 1866 3250 xm);
1908 3182 1963 3231 et
1994 3176 2049 3230 in
2095 3174 2201 3231 alio

609 3272 771 3328 loco:
811 3273 977 3328 Deum
1014 3275 1206 3338 timete,
1248 3284 1415 3343 regem
1450 3272 1795 3341 [tonoriﬁcate
1940 3268 2058 3323 Pet.
2114 3265 2201 3339 It).

611 3361 842 3419 Uberior
874 3379 1106 3435 namque
1121 3380 1187 3419 ex
1211 3364 1313 3419 hac
1340 3364 1549 3419 ratione
1579 3361 1872 3434 disputatio
1892 3359 2025 3415 oriri
2052 3365 2206 3430 pote-
2272 3418 2275 3419 ν

609 3464 716 3521 rat,
746 3454 840 3510 sed
867 3455 991 3526 quia
1014 3453 1131 3527 jam
1171 3455 1560 3526 aliquantulum
1606 3469 1670 3509 ex
1716 3468 1779 3507 ea
1809 3453 1866 3506 in
1910 3448 2206 3521 superiori-

608 3546 712 3601 bus
766 3545 926 3615 hujus
976 3547 1155 3615 operis
1207 3556 1288 3601 est
1336 3547 1580 3616 partibus
1637 3544 2007 3613 disputatum,
2048 3539 2204 3595 nobis

611 3651 761 3691 nunc
779 3643 863 3691 est
890 3636 976 3691 his
1000 3636 1379 3707 praetermissis
1405 3637 1473 3689 ad
1499 3636 1603 3687 alia
1632 3632 2035 3687 transeundum.

1182 3742 1410 3800 CAPUT
1440 3742 1609 3799 XXX.

609 3833 689 3891 De
717 3849 777 3890 eo
828 3833 968 3907 quod
998 3833 1323 3907 apocryphas
1378 3845 1425 3890 et
1480 3834 1740 3889 derisione
1771 3834 1959 3906 dignas
2000 3833 2201 3890 namias

929 3903 1042 3960 suis
1069 3903 1419 3961 locutionibus
1443 3903 1888 3978 interposuerunt.

683 3997 741 4055 Si
790 3997 911 4071 quis
966 3999 1198 4071 ligneam
1256 3998 1476 4055 domum
1526 3999 1832 4067 :edilieans,
1872 3999 1917 4055 si
1966 3999 2207 4071 parietes

600 4090 759 4160 cupit
830 4090 1152 4147 marmoreis
1199 4105 1466 4147 exornare
1520 4091 1759 4157 tabulis,
1826 4099 1919 4147 aut
1989 4094 2205 4150 variare

612 4181 1041 4238 multicoloribus
1061 4182 1191 4238 vitri
1211 4181 1476 4251 frustulis,
1501 4183 1628 4239 dum
1650 4184 1824 4240 cernit
1846 4184 1992 4256 ligno
2012 4186 2203 4241 eadem

612 4274 829 4330 metalla
858 4289 956 4344 per
981 4284 1235 4331 naturam
1252 4277 1477 4332 minime
1502 4291 1664 4349 posse
1693 4277 1986 4345 cohznrere,
2007 4279 2204 4350 spretis

613 4363 699 4419 his
722 4366 955 4421 metallis
982 4382 1104 4438 qua:
1123 4368 1269 4439 ligno
1292 4384 1391 4443 per
1416 4378 1669 4424 naturam
1690 4371 1966 4426 cohaerere
2001 4388 2205 4443 nequa-

614 4470 777 4527 quam
797 4468 1048 4528 possunt,
1098 4460 1262 4529 lignis
1290 4460 1466 4516 denuo
1515 4470 1741 4516 conatur
1778 4466 2077 4533 perlicere;
2109 4474 2205 4522 aut

613 4549 661 4604 si
709 4550 830 4619 quis
881 4557 1167 4605 stanneum
1203 4564 1299 4605 vas
1327 4549 1508 4607 facere
1555 4556 1809 4625 cupiens,
1865 4558 1911 4613 si
1963 4557 2203 4628 ejusdem

597 4639 856 4693 'materite
880 4640 931 4694 ei
981 4641 1412 4711 supplementum
1468 4647 1625 4713 desit,
1670 4665 1778 4706 non
1827 4649 2057 4706 aliorum
2083 4668 2205 4723 pre-

616 4728 877 4783 tiosorum
906 4730 1246 4787 metallorum
1274 4737 1531 4794 materias
1552 4755 1671 4811 quae
1700 4749 1895 4800 stanno
1930 4743 2205 4801 cohterere

616 4832 915 4894 nequeunt,
947 4824 1042 4880 sed
1072 4823 1214 4880 idem
1257 4834 1508 4882 stannum
1534 4814 1602 4893 ad
1630 4831 2019 4905 perﬁciendum
2066 4849 2206 4905 coep-

616 4923 731 4968 tum
752 4929 887 4985 opus
909 4915 1101 4985 quaerit
1127 4930 1142 4970 :
1169 4915 1243 4971 ita
1273 4918 1525 4977 nimirum
1540 4921 1616 4975 illi
1644 4921 1699 4975 in
1730 4938 1825 4977 sua
1852 4924 2056 4995 synodo
2079 4940 2203 4979 cum

616 5006 820 5064 erroris
842 5008 927 5064 sui
968 5000 1403 5070 iiistrumentum.
1438 5013 1759 5085 scripturam
1791 5015 2057 5082 videlicet,
2085 5033 2204 5088 qua:

616 5107 717 5165 pro
759 5098 1047 5155 aderandis
1100 5101 1423 5173 imaginibus
1474 5104 1772 5173 composita
1800 5114 1882 5161 est
1909 5148 1922 5171 ,
1975 5107 2203 5181 ampliﬁ-

623 5199 750 5239 care
785 5187 889 5242 nisi
920 5199 1064 5257 sunt,
1115 5187 1533 5265 Seripiurasque
1579 5193 1787 5253 divinas
1841 5199 1891 5254 ei
1930 5200 2203 5260 cohmrcre

619 5275 839 5333 minime
890 5294 1049 5350 posse
1086 5292 1390 5351 senserunt,
1441 5286 1509 5341 ad
1553 5290 1887 5363 apocryphas
1938 5294 2201 5364 quasdam

617 5382 671 5428 et
696 5374 807 5430 risu
835 5376 1026 5447 dignas
1052 5380 1252 5435 ntenias
1283 5381 1519 5436 dictandi
1568 5383 1759 5455 pedem
1809 5395 2201 5456 verterunt;ct

620 5481 741 5521 cum
776 5467 1020 5523 viderent
1051 5470 1243 5526 divina:
1300 5474 1432 5546 legis
1474 5477 1785 5532 testimonia
1837 5478 2202 5550 incompeten-

621 5567 702 5612 ter
727 5558 901 5613 eidem
923 5561 1072 5631 operi
1094 5563 1333 5619 adhibita
1363 5582 1705 5638 nequaquam
1721 5584 1879 5640 posse
1902 5571 2194 5639 cohaerere,

621 5646 753 5698 tales
774 5648 947 5702 eidem
976 5651 1270 5709 sententias
1299 5663 1568 5729 aptavere,
1597 5673 1718 5729 qua:
1738 5658 1787 5714 ei
1809 5674 1971 5716 sensu
2000 5662 2199 5720 verbis-

624 5745 729 5799 que
754 5746 1090 5804 nequaquam
1119 5753 1340 5809 possent
1378 5746 1583 5803 distare
1599 5788 1615 5816 ,
1641 5749 1896 5817 quoniam
1924 5750 2063 5809 sicut
2090 5753 2199 5812 fer—

2304 2802 2526 2869 dicitur,
2569 2801 2912 2871 intelligitur,
2959 2803 3195 2864 indoctis
3236 2820 3368 2863 vero
3397 2806 3722 2877 quibusdam
3751 2823 3916 2865 scan-

2306 2893 2488 2950 dalum
2513 2908 2773 2965 generare
2798 2893 3135 2964 perhibetur,
3173 2910 3273 2952 nec
3304 2894 3581 2955 immerito
3604 2937 3621 2964 ,
3672 2912 3797 2971 quae
3834 2900 3913 2956 ita

2303 2986 2577 3063 imperitia
2604 2988 2806 3062 tegitur
2827 2998 2887 3045 ut
2916 2991 3007 3046 vix
3042 2990 3400 3065 intelligatur.

2876 3101 3108 3163 CAPUT
3139 3102 3335 3167 XXXI.-

2310 3215 2727 3290 Deiiramentum
2772 3232 2962 3290 errore
2986 3215 3195 3290 plenum
3228 3217 3368 3288 quod
3419 3217 3484 3273 de
3518 3225 3725 3290 retrusa
3777 3235 3909 3290 φισ-

2381 3288 2506 3344 dant
2532 3288 2779 3361 diruunt
2812 3286 3385 3361 quidtetmnijurasu
3421 3299 3470 3345 et
3492 3289 3725 3361 idipsmu
3745 3286 3910 3361 jura-

2380 3359 2853 3430 mentumirritum
2885 3357 3085 3430 fecisse
3139 3357 3480 3430 perltibtgur,
3532 3357 3686 3430 cujus
3743 3357 3909 3415 abbas

2381 3446 2484 3483 non
2508 3428 2840 3482 mediocriter
2860 3425 2965 3481 deli
2972 3444 3113 3483 rasse
3136 3425 3663 3498 dignosﬂturdieehs,
3684 3431 3739 3483 ei
3758 3448 3909 3483 com-

2375 3498 2587 3551 modius
2639 3513 2749 3571 esse
2798 3498 2998 3571 omniag
3026 3499 3085 3553 in
3120 3500 3328 3555 civitate
3370 3499 3645 3571 lupanaria
3688 3500 3908 3571 ingredi

2377 3582 2543 3643 quam
2598 3567 2859 3637 abuegare
2931 3569 3299 3643 adcretione»:
3358 3567 3611 3643 imaginis
3685 3567 3907 3627 Domini

2379 3645 2471 3693 aut
2492 3638 2608 3708 ejus
2632 3648 2830 3693 sancta:
2851 3640 3139 3710 genitricis.

2380 3730 2535 3801 Saepe
2565 3731 2619 3785 in
2644 3731 2748 3785 hoc
2775 3746 2939 3804 opere
2978 3732 3224 3804 cogimur
3253 3733 3433 3792 dicere
3462 3749 3496 3790 a
3539 3735 3707 3794 rebus
3729 3737 3906 3794 noxiis

2306 3824 2557 3895 exempla
2610 3824 2836 3883 minime
2890 3826 3089 3883 debere
3127 3842 3365 3896 sumere,
3396 3836 3454 3885 et
3482 3830 3591 3887 hoc
3636 3830 3761 3887 ideo
3791 3839 3904 3887 tam

2306 3919 2502 3977 crebro
2540 3918 2856 3990 repetimus,
2903 3918 3028 3989 quia
3059 3934 3155 3976 eos
3187 3921 3259 3976 ob
3285 3937 3449 3978 suum
3474 3937 3722 3983 errorem
3765 3923 3905 3980 adir-

2306 4010 2568 4069 mandum
2622 4011 2676 4066 id
2703 4012 2894 4067 crebro
2944 4009 3138 4068 fecisse
3166 4013 3493 4084 reperimus.
3554 4014 3704 4073 Sicut
3754 4015 3904 4070 enim

2307 4101 2502 4159 ordine
2547 4102 2875 4174 competenti
2919 4103 3076 4159 bonis
3103 4103 3317 4161 actibus
3344 4105 3730 4164 adminiculum
3756 4121 3901 4177 prte-

2305 4193 2438 4250 bent
2478 4193 2745 4253 bonorum
2768 4194 3117 4251 nihilominus
3143 4204 3365 4254 actuum
3403 4198 3673 4272 exempla,
3721 4199 3798 4256 ita
3822 4199 3901 4255 ni-

2307 4285 2512 4341 mirum
2573 4284 2655 4341 illi
2710 4284 2961 4343 erroneis
3005 4286 3219 4343 actibus
3267 4301 3622 4347 erroueerum
3683 4298 3898 4345 actuum

2307 4383 2560 4450 quaerunt
2588 4375 2863 4449 suil‘ragia.
2892 4376 2979 4433 Ad
3016 4378 3357 4449 propositum
3395 4396 3631 4453 namque
3656 4396 3898 4441 errorem

2229 4491 2289 4557 ι)
2309 4468 2695 4526 stabiliendum
2723 4469 2923 4524 retrusi
2941 4467 3221 4539 cujusdam
3247 4471 3534 4542 proferunt
3556 4474 3894 4547 excutplum:

2308 4562 2403 4632 qui
2431 4562 2478 4619 si
2506 4562 2580 4619 ita
2612 4562 2778 4634 gessit
2800 4569 2859 4617 ut
2882 4562 2961 4619 illi
2985 4572 3331 4633 asseverant,
3359 4566 3689 4636 tripertitum
3712 4567 3896 4623 nosci—

2307 4662 2399 4712 tur
2428 4655 2485 4711 in
2514 4670 2577 4712 ea
2596 4663 2751 4726 parte
2766 4662 3016 4725 patrasse
3044 4656 3374 4728 deliquium:
3404 4657 3520 4713 sive
3538 4656 3665 4725 quia
3687 4657 3897 4714 damo-

2306 4748 2435 4804 nico
2453 4756 2644 4816 sponte
2670 4747 2914 4817 paruerit
2942 4748 3200 4821 alloquio,
3223 4751 3334 4808 sive
3350 4748 3497 4821 quod
3520 4763 3589 4807 eo
3624 4749 3896 4807 illiciente

2305 4850 2368 4893 se
2382 4834 2735 4904 jurejurando
2747 4839 3139 4899 eonstrinxerit
3159 4883 3179 4909 ,
3204 4842 3317 4903 sive
3328 4842 3494 4901 etiam
3513 4842 3643 4912 quia
3666 4841 3725 4901 id
3736 4840 3894 4911 jura-

2304 4936 2550 4987 mentum
2571 4926 2786 4985 irritum
2806 4927 2998 4989 iecerit
3021 4948 3174 5004 :quaa
3196 4937 3300 4994 tria
3319 4950 3427 4993 non
3446 4933 3698 4993 enitimi-
3714 4951 3895 4993 exem-

2303 5021 2454 5093 plum
2478 5021 2699 5083 minime
2718 5031 2845 5081 sunt
2873 5026 3213 5094 attrahenda,
3245 5043 3441 5086 verum
3457 5028 3626 5086 etiam
3651 5028 3727 5085 ab
3745 5026 3888 5085 omni

2305 5111 2571 5170 catholico
2592 5112 2811 5181 penitus
2831 5115 3157 5184 abdicanda,
3187 5118 3451 5189 quoniam
3480 5118 3669 5177 multis
3696 5118 3885 5175 divina:

2303 5201 2439 5273 legis
2457 5208 2584 5256 sunt
2618 5202 2947 5265 testimoniis
2970 5207 3281 5267 interdicta.
3337 5207 3651 5267 Societates
3692 5225 3819 5281 ergo
3837 5217 3887 5265 et

2303 5295 2645 5355 seductiones
2684 5311 2792 5355 non
2821 5297 2996 5354 solum
3027 5298 3351 5365 daemonum,
3387 5301 3487 5360 sed
3512 5302 3681 5359 etiam
3723 5300 3887 5357 maio-

2278 5404 2426 5449 ,τω
2452 5388 2731 5447 hominum
2753 5389 2999 5459 pluribus
3023 5390 3339 5450 divinorum
3380 5392 3729 5463 eloquiorum
3751 5406 3883 5463 prat-

2301 5482 2471 5552 ceptis
2507 5482 2836 5539 inhibeatur.
2886 5481 3156 5542 Scr-ibitur
3184 5487 3331 5543 enim
3372 5486 3432 5545 in
3480 5487 3709 5545 Exodo:
3765 5486 3881 5542 Non

2299 5576 2483 5637 audin
2524 5577 2764 5633 auditum
2809 5593 3033 5643 eam;
3060 5586 3119 5645 et
3152 5579 3209 5638 iu
3234 5579 3588 5638 Proverbiis:
3625 5580 3752 5645 Fili,
3782 5596 3880 5634 non

2298 5678 2348 5722 te
2391 5668 2640 5722 sedueant
2683 5669 2779 5723 viri
2829 5671 2997 5741 impii.
3029 5670 3088 5727 Si
3133 5687 3264 5743 ergo
3292 5673 3564 5728 malorum
3604 5674 3877 5729 hominm}

2295 5758 2636 5820 seductiones
2660 5759 2890 5817 vitandae
2927 5770 3056 5820 sunt
3075 5802 3093 5834 ,
3126 5764 3296 5821 multo
3318 5763 3493 5835 magis
3519 5765 3876 5838 malignorum
