4008 6154
102 309 250 365 1181

903 302 1083 363 LIBRI
1118 303 1457 363 CAROLINI.
1496 331 1567 344 -
1602 298 1824 359 CAPIT.
1864 301 1953 358 DE
1987 300 2177 359 IMAG.
2216 328 2288 347 --
2322 296 2449 360 LIB.
2489 301 2577 359 Π.

3224 296 3363 370 ῆῑέ

98 420 406 491 spirituum
460 415 691 490 alloquia
735 424 791 473 ct
836 433 1092 475 assensus
1124 417 1341 474 vitanda
1376 417 1685 482 creduntur,
1714 420 1770 480 Α
1790 427 1852 470 so
1872 415 2008 485 pede
2052 424 2258 471 tenere.
2284 416 2635 473 Commodius
2667 420 2800 475 dicit
2838 422 3098 491 templum
3128 422 3224 481 Dei
3254 426 3362 481 vio-

96 512 373 582 quoniam
391 526 514 567 cum
543 511 651 567 sint
669 509 1022 568 humanitatis
1046 509 1269 575 inimici,
1290 515 1346 567 et
1373 508 1530 564 nobis
1552 522 1692 563 sem-

94 615 206 673 per
255 602 456 671 infesti,
502 610 654 658 tanto
687 616 900 673 semper
948 603 1201 661 debemus
1242 601 1309 656 de
1350 614 1539 655 eorum
1576 614 1693 655 esse

96 684 434 767 deceptione
485 695 761 766 suspecti,
819 703 874 752 ct
920 702 1106 751 contra
1161 710 1349 749 eorum
1424 694 1693 763 nequitias

92 785 307 851 erecti,
350 792 551 857 quanto
583 800 680 840 eos
727 784 1017 843 subtilioris
1072 797 1191 839 esse
1226 784 1427 839 scimus
1480 790 1692 840 natura:

94 876 189 930 vel
235 876 461 948 ingenii.
518 877 577 932 In
606 870 675 932 eo
719 890 928 947 quoque
982 875 1126 945 quod
1171 876 1399 931 daemoni
1443 873 1688 945 juravit,

89 964 315 1022 divinis
356 967 537 1023 verbis
590 969 782 1040 quibus
820 968 1125 1037 iuramenta
1169 969 1523 1038 prohibentur
1552 985 1686 1025 con-

92 1058 285 1114 traiit.
324 1060 384 1115 In
423 1061 797 1119 Ecclesiastico
835 1076 1069 1133 namque
1093 1062 1388 1117 scribitur:
1419 1062 1687 1118 Jurationi

86 1165 210 1203 non
277 1160 540 1206 assuescat
578 1168 635 1205 os
678 1158 824 1207 tuum
850 1166 869 1205 :
895 1149 1048 1211 multi
1074 1153 1211 1206 enim
1273 1168 1424 1207 casus
1453 1153 1509 1206 in
1566 1151 1683 1208 illa.

89 1240 266 1295 Sicut
316 1245 454 1299 enim
481 1262 655 1299 servus
680 1245 1026 1316 interrogatus
1074 1245 1285 1303 assidue
1323 1262 1357 1300 a
1381 1244 1541 1300 livore
1575 1263 1682 1301 non

88 1332 393 1398 minuetur,
417 1335 492 1387 sic
516 1335 682 1388 omnis
694 1335 888 1405 jurans
913 1343 962 1391 et
990 1337 1267 1393 nominans
1287 1337 1345 1390 in
1377 1344 1485 1390 toto
1514 1353 1546 1390 a
1566 1353 1685 1407 pec-

90 1430 219 1475 cato
253 1439 357 1476 non
383 1423 710 1495 purgabitur.
751 1423 847 1479 Vir
884 1425 1103 1479 multum
1141 1426 1338 1497 jurans
1381 1424 1686 1496 implebitur

89 1510 398 1582 iniquitate,
429 1521 477 1567 et
505 1530 607 1568 non
630 1514 857 1568 discedet
883 1532 916 1569 a
946 1515 1101 1570 domo
1134 1514 1277 1569 illius
1309 1515 1464 1587 plaga
1487 1514 1679 1587 (Eccli.

88 1600 284 1672 χχιιι).
324 1603 442 1673 ipsa
474 1618 685 1675 quoque
710 1605 926 1660 Veritas
972 1606 1032 1661 in
1055 1605 1347 1676 Evangeiio
1376 1606 1540 1661 dicit:
1572 1605 1685 1677 Ego

87 1700 280 1744 autem
302 1692 420 1745 dico
444 1692 605 1757 vobis,
635 1709 697 1745 ne
718 1695 930 1748 omnino
949 1693 1158 1764 juretis,
1182 1711 1344 1765 neque
1367 1712 1460 1766 per
1477 1695 1680 1762 caelum,

1795 504 1925 571 lare,
1956 522 2119 577 quam
2165 522 2346 563 rerum
2391 510 2790 565 insensatarum
2815 513 3186 571 adorationcm
3216 529 3366 586 sper-a

1792 609 1939 649 nere.
1987 595 2335 653 Commodius
2362 599 2494 654 dicit
2545 601 2735 658 tollere
2779 605 3022 660 membra
3050 604 3255 663 Christi
3310 614 3366 665 et

1791 685 1969 741 facere
1989 691 2230 744 membra
2257 692 2578 756 meretricis,
2604 708 2766 762 quam
2792 707 3138 759 contemnere
3166 699 3364 757 adora-

1791 778 1994 833 tioncm
2040 780 2220 852 operis
2265 782 2548 852 cujuslibet
2605 786 2849 841 artiﬁcis.
2894 789 3043 844 Dicat
3092 804 3223 858 ergo
3245 831 3258 852 .
3317 790 3363 845 si

1789 869 2000 941 uspiam
2067 872 2308 941 reperire
2346 882 2545 943 potest,
2604 877 2812 931 dixisse
2860 878 3183 934 Dominum:
3240 879 3364 935 Non

1791 962 2009 1032 abneges
2063 961 2422 1018 adorationem
2448 966 2726 1035 imaginis,
2788 968 2930 1029 sicut
2979 970 3180 1025 dixisse
3240 983 3363 1027 cum

1790 1050 2288 1108 manifestissimum
2333 1063 2435 1119 est,
2470 1055 2594 1110 Non
2626 1058 2961 1112 moliebaris
3013 1058 3208 1129 (Exod.
3247 1061 3361 1128 xx).

1791 1143 1961 1206 Dicat,
2003 1142 2048 1197 si
2071 1141 2269 1197 alicubi
2308 1145 2548 1213 reperire
2573 1146 2734 1210 valet,
2784 1146 2987 1202 dixisse
3030 1150 3359 1207 Dominum:

1789 1231 1853 1289 Si
1882 1234 2069 1288 videris
2087 1233 2368 1304 imaginem
2395 1244 2445 1288 et
2471 1251 2576 1291 non
2603 1236 2905 1291 adoravcris
2947 1256 3083 1304 eam,
3120 1241 3363 1308 peccasti,

1789 1323 1929 1378 sicut
1979 1324 2317 1394 apertissime
2367 1325 2571 1381 dixisse
2621 1340 2746 1381 eum
2786 1334 3019 1392 constat,
3070 1326 3132 1387 Si
3176 1327 3366 1385 videris

1787 1412 2057 1468 mulierem
2086 1414 2154 1468 ad
2182 1416 2654 1486 concupiscendum
2678 1432 2816 1481 um,
2840 1418 2958 1487 jam
3005 1418 3288 1477 nectimus
3312 1434 3365 1471 es

1787 1520 1901 1560 eam
1924 1506 1979 1559 in
2000 1505 2156 1559 corde
2183 1514 2271 1559 tuo
2300 1505 2512 1576 (Matth.
2539 1505 2617 1576 v).
2648 1506 2781 1572 Qua:
2800 1522 2924 1563 cum
2944 1522 3053 1565 non
3081 1507 3362 1575 repererit,

1788 1597 2137 1651 vehementer
2164 1609 2224 1651 sc
2249 1609 2460 1651 errasse
2487 1597 2784 1666 persentiat
2820 1597 2914 1667 qui
2961 1611 3076 1657 rem
3100 1604 3210 1657 tam
3236 1613 3362 1667 pro-

1785 1688 2004 1743 brosam
2025 1695 2339 1757 perpetrare
2382 1687 2455 1742 oh
2476 1687 2784 1747 evitandam
2816 1702 2932 1743 rem
2974 1687 3361 1747 infructuosam

84 1782 223 1851 quia
256 1781 404 1835 sedes
432 1781 529 1835 Dei
557 1790 651 1847 est,
682 1799 842 1854 neque
869 1800 960 1854 per
986 1792 1179 1839 terram
1205 1826 1220 1851 ,
1250 1787 1376 1856 quia
1402 1785 1683 1840 scabellum
1714 1804 1763 1866 Β
1790 1779 2072 1834 concessit.
2105 1778 2239 1833 Nam
2273 1780 2401 1833 dum
2445 1778 2706 1833 Dominus
2749 1786 2805 1835 et
2831 1793 2928 1849 per
2974 1778 3153 1850 legem
3184 1782 3360 1841 acciu-

82 1880 165 1924 est
196 1870 399 1941 pedum
429 1872 563 1942 ejus,
595 1889 756 1944 neque
782 1891 874 1946 per
900 1873 1339 1947 Hierosolymam,
1364 1878 1489 1947 quia
1504 1877 1685 1931 civitas
1787 1871 2145 1944 gere'lumbos
2173 1886 2333 1942 super
2356 1870 2544 1935 ubera,
2574 1871 2631 1935 in
2649 1871 2813 1926 corde
2841 1871 3089 1929 videlicet
3111 1871 3361 1929 libidines

82 1972 165 2016 est
218 1964 405 2035 magni
438 1966 592 2035 regis,
622 1982 784 2036 neque
824 1983 916 2037 per
953 1975 1105 2039 caput
1134 1976 1281 2022 tuum
1299 1968 1535 2047 jurabis,
1560 1971 1685 2042 quia

84 2073 203 2110 non
229 2066 380 2127 potes
428 2074 591 2112 unum
630 2057 797 2130 pilum
846 2060 1018 2131 [acere
1065 2062 1242 2116 album
1290 2072 1379 2116 aut
1434 2066 1682 2135 nigrum;

82 2146 153 2198 sit
186 2155 373 2200 autem
398 2164 568 2201 sermo
606 2159 790 2215 vester,
837 2159 1025 2216 estest,
1058 2169 1161 2206 non
1186 2168 1321 2207 non:
1341 2152 1480 2224 quod
1511 2163 1685 2208 autem

85 2235 325 2306 amplius
355 2244 431 2290 est
453 2254 485 2290 a
508 2237 647 2291 malo
674 2248 753 2293 est
773 2238 988 2310 (Matth.
1022 2241 1095 2313 v).
1127 2242 1298 2297 Porro
1325 2244 1467 2311 quod
1511 2243 1684 2299 eidem

85 2326 327 2381 dtcmoni
362 2343 420 2382 se
456 2326 723 2398 peierasse
755 2330 1089 2401 perhibetur,
1142 2340 1196 2386 et
1226 2333 1280 2386 in
1309 2333 1412 2387 hoc
1449 2334 1680 2389 absurde

83 2416 273 2486 egisse
322 2416 608 2488 detegitur.
656 2417 747 2473 Ait
798 2420 942 2474 enim
989 2420 1248 2479 Dominus
1280 2436 1379 2494 per
1413 2423 1673 2496 Moysen:

86 2506 222 2561 Non
243 2507 459 2578 jurabis
483 2509 538 2562 in
584 2512 792 2565 nomine
818 2528 930 2565 meo
958 2512 1150 2582 injuste
1172 2554 1188 2578 ,
1221 2523 1268 2567 et
1300 2530 1402 2568 non
1431 2514 1678 2585 profanes

85 2613 288 2651 nomen
316 2605 557 2652 sanctum
591 2615 761 2655 meum
795 2615 815 2654 :
843 2616 935 2670 ego
980 2617 1094 2654 sum
1130 2600 1385 2656 Dominus
1428 2603 1563 2657 Deus
1592 2620 1673 2657 ve-

84 2693 196 2737 ster
231 2684 421 2757 (Leuit.
451 2685 597 2759 nx);
639 2695 694 2742 et
734 2687 791 2741 in
834 2687 1096 2744 Zacharia
1136 2690 1396 2760 propheta
1442 2689 1674 2759 legitur:

91 2773 157 2828 Et
176 2776 549 2846 juramentum
574 2776 764 2848 falsum
778 2778 936 2834 nolite
960 2779 1189 2851 diligere,
1220 2782 1343 2853 quia
1362 2781 1472 2836 lucc
1500 2783 1677 2835 omnia

1785 1976 2052 2029 resecare,
2100 1972 2156 2019 et
2195 1979 2293 2034 per
2321 1962 2671 2031 Evangelium
2704 1962 2916 2021 lumbos
2936 1964 3249 2034 accingere,
3305 1972 3360 2019 ct

1783 2055 2030 2111 lucernas
2043 2062 2244 2118 tenere,
2270 2053 2504 2109 castitati
2521 2053 2727 2109 scilicet
2746 2055 2886 2113 bona
2910 2069 3072 2124 opera
3091 2055 3360 2110 associare

1782 2154 2130 2219 percenseat,
2185 2154 2240 2200 et
2292 2147 2348 2200 in
2408 2145 2575 2200 divini
2643 2144 2842 2214 eloquii
2887 2146 3040 2207 libris
3092 2146 3358 2207 castitatis

1781 2246 2053 2309 praecepta
2078 2237 2289 2301 dentur,
2317 2249 2585 2303 nusquam
2602 2234 2711 2290 tale
2729 2234 2933 2304 aliquid
2970 2235 3038 2291 de
3060 2235 3355 2308 imaginum

1781 2330 2095 2386 adcretione
2113 2327 2322 2398 iussum
2363 2326 2531 2382 fuisse
2573 2326 2864 2397 reperitur.
2907 2324 3061 2385 Unde
3097 2327 3223 2387 dum
3269 2342 3358 2383 rc-

1780 2428 1933 2475 truso
1979 2419 2055 2475 illi
2081 2420 2249 2475 abbas
2275 2432 2426 2483 suus,
2454 2417 2547 2487 qui
2573 2417 2624 2472 ei
2663 2416 2851 2486 utique
2878 2417 3130 2479 ducatum
3164 2417 3356 2475 salutis

1777 2513 2019 2583 praebere
2037 2512 2239 2577 debuit,
2255 2510 2513 2581 peccandi
2536 2510 2773 2565 habenas
2796 2510 3011 2576 laxavit,
3042 2518 3097 2565 et
3121 2510 3213 2581 qui
3232 2523 3356 2565 cum

1778 2603 1845 2657 ab
1867 2603 2069 2663 erroris
2111 2602 2301 2672 laqueo
2340 2615 2447 2671 quo
2489 2601 2720 2657 (immani
2743 2609 3022 2672 iuraverat
3075 2601 3354 2657 retrahere

1777 2693 1981 2759 debuit,
2023 2694 2137 2762 ipse
2163 2706 2378 2763 quoque
2420 2707 2545 2748 cum
2568 2705 2639 2748 eo
2682 2693 2738 2748 in
2778 2693 2982 2751 erroris
3018 2694 3351 2763 voraginem,

1776 2782 1866 2852 qui
1891 2782 1941 2845 ei
1965 2781 2344 2854 gravissimum
2372 2780 2577 2837 facinus
2616 2783 2693 2836 ait
2718 2796 2839 2836 esse
2868 2784 3202 2838 commodius
3228 2798 3355 2852 pcr-

83 2865 251 2932 odivi,
308 2865 437 2921 dicit
472 2867 727 2925 Dominus
774 2873 1093 2942 omnipotens
1126 2870 1310 2943 (Zach.
1359 2872 1502 2943 vui).
1539 2871 1674 2928 Cum
1773 2873 2114 2942 patrandum,
2147 2872 2374 2939 corruit,
2407 2870 2594 2941 procul
2625 2870 2787 2926 dubio
2809 2870 3177 2941 evangelicum
3219 2871 3355 2927 illud

84 2971 223 3027 ergo
250 2957 398 3018 idem
433 2967 676 3017 rctrusus
704 2962 820 3017 hac
868 2962 976 3016 tria
1001 2962 1195 3017 divinis
1218 2963 1398 3018 verbis
1422 2964 1663 3019 obniten.
1775 2966 2050 3035 implevit:
2088 2966 2149 3022 Si
2191 2983 2379 3033 απυδ,
2409 2966 2599 3036 inquit,
2628 2982 2763 3023 CtBCO
2803 2965 3050 3025 ducatum
3098 2965 3345 3036 prebeat,

85 3048 160 3105 tia
185 3054 608 3120 perpetraverit,
634 3048 941 3123 ejus'abbas
974 3054 1106 3109 nihil
1133 3054 1189 3109 in
1213 3068 1277 3109 eo
1323 3056 1672 3112 correctionis
1775 3056 1926 3108 ambo
1972 3056 2030 3108 in
2056 3054 2256 3124 form
2298 3056 2483 3111 cadent
2508 3055 2722 3127 (Matth.
2755 3056 2868 3127 xv).
2916 3053 3172 3129 Quisquis
3214 3070 3346 3125 ergo

89 3136 359 3207 exhib'uit,
424 3145 517 3199 sed
543 3145 591 3200 ei
622 3145 942 3202 deteriorem
965 3147 1221 3217 peccandi
1267 3146 1407 3202 viam
1435 3150 1672 3206 ostendit
1696 3150 1745 3216 α
1773 3147 1868 3201 tali
1921 3146 2168 3216 exemplo
2216 3162 2370 3202 suam
2402 3146 2517 3205 vult
2572 3144 2764 3205 fulcire
2806 3146 3163 3205 assertionem
3184 3186 3203 3214 ,
3237 3162 3349 3203 non

89 3233 276 3290 dicens
305 3253 320 3289 :
354 3233 686 3293 Commodius
701 3240 1067 3294 tibiestomnia
1094 3239 1149 3293 in
1165 3240 1369 3295 civitate
1389 3240 1667 3311 lupanaria
1772 3252 1928 3294 suam
1976 3238 2243 3293 insaniam
2268 3239 2599 3297 mediocrem
2623 3237 2718 3297 sed
2753 3237 2969 3297 caeteris
3012 3238 3347 3299 demonstrat

83 3324 316 3396 ingredi,
345 3344 500 3398 quam
529 3330 786 3402 abnegare
813 3333 1174 3387 adorationem
1218 3332 1464 3404 imaginis
1482 3333 1666 3388 Domi-
1771 3344 1895 3387 esse
1934 3330 2270 3385 validiorem.
2324 3329 2460 3396 Quia
2507 3330 2674 3402 igitur
2717 3328 2935 3387 illorum.
2994 3327 3344 3389 absurditalis

83 3416 176 3483 ni,
239 3425 336 3471 aut
378 3419 491 3488 ejus
546 3432 738 3481 sancta:
786 3423 1070 3494 genitricis.
1136 3423 1182 3481 Ο
1228 3425 1665 3497 incomparabilis

81 3507 427 3564 absurditas!
463 3509 508 3566 0
549 3513 819 3570 exitiabile
870 3515 1101 3571 malum!
1127 3514 1173 3573 Ο
1199 3517 1420 3573 vesania
1474 3517 1662 3573 multis

79 3602 326 3655 vesaniis
379 3600 739 3670 pracferenda!
780 3602 1128 3662 Commodius
1181 3607 1310 3662 dicit
1346 3615 1659 3679 perpetrare

79 3703 197 3743 rem
220 3698 280 3745 et
294 3704 398 3760 per
439 3691 629 3763 legem,
657 3701 711 3748 et
757 3708 855 3764 per
907 3697 1239 3768 evangelium
1290 3698 1655 3766 interdictam,

82 3795 242 3851 quam
273 3781 551 3837 abstinere
573 3797 630 3838 se
653 3798 684 3838 a
711 3799 769 3839 re
802 3799 962 3854 quam
994 3802 1172 3857 neque
1196 3802 1294 3857 per
1338 3787 1528 3858 legem,
1563 3803 1659 3843 ne-

84 3886 183 3941 que
204 3888 310 3943 per
364 3874 699 3944 evangelium
734 3882 944 3930 constat
972 3890 1092 3932 esse
1136 3876 1454 3932 institutam.
1500 3877 1659 3933 Com-

87 3966 303 4020 modius
347 3965 478 4021 dicit
516 3965 723 4022 facinus
765 3977 1079 4041 perpctrare
1135 3986 1298 4041 quam
1347 3986 1378 4025 a
1422 3971 1659 4029 facinore

88 4056 380 4115 abstinere.
412 4056 756 4123 Commodius
803 4061 934 4115 dicit
982 4061 1036 4115 in
1062 4061 1331 4133 profundo
1358 4077 1513 4119 emno
1540 4079 1661 4120 sese

87 4144 227 4203 ultro
252 4149 590 4221 immergere,
637 4162 796 4219 quam
825 4149 967 4205 viam
998 4152 1129 4207 recti
1172 4152 1404 4208 tramitis
1428 4152 1655 4210 inoffen-

97 4305 1626 4349 ῃ

1534 4340 1581 4351 ι-ς

1275 4447 1574 4537 LIBER

1626 4442 2138 4579 QUARTUS.

1769 3418 2025 3475 instantia
2054 3426 2110 3474 et
2146 3434 2411 3489 nugarum
2430 3421 2759 3485 continuitas
2783 3420 2895 3479 sive
2943 3420 3105 3481 etiam
3147 3418 3342 3477 deliras

1767 3517 2074 3565 mentorum
2118 3510 2397 3580 congeries
2463 3510 2627 3569 nullis
2687 3512 2991 3577 ineorum
3047 3508 3341 3576 volumine,

1767 3601 1920 3671 cuius
1946 3615 2163 3657 errores
2202 3601 2541 3667 discutimus,
2588 3601 3079 3676 intercapedinibus
3126 3600 3338 3671 requie-

1765 3702 1965 3758 scunt,
2037 3692 2227 3751 saltem
2299 3692 2567 3759 librorum
2646 3695 2875 3755 istorum
2935 3692 3338 3765 intercapedine

1763 3789 1858 3859 qui
1892 3789 2034 3844 inter
2064 3790 2227 3847 unius
2268 3787 2431 3849 tinem
2472 3797 2530 3845 et
2578 3789 2800 3849 alterius
2849 3789 3061 3851 initium
3121 3795 3203 3842 est
3256 3801 3339 3840 re-

1763 3882 2024 3952 quiescat,
2055 3897 2163 3952 quo
2197 3882 2337 3941 sicut
2378 3881 2595 3943 illorum
2628 3894 2782 3943 error
2827 3881 2901 3934 ita
2932 3881 3097 3937 ctiam
3121 3894 3339 3933 eorum-

1760 3971 1890 4026 dem
1956 3987 2200 4031 errorem
2281 3971 2495 4029 assidua
2569 3968 2930 4036 disputatione
2997 3965 3288 4020 discutitur
3314 4001 3335 4033 ,

1756 4063 2089 4119 eontinuitas
2138 4062 2401 4121 librorum
2450 4057 2729 4125 intervallo
2785 4054 3184 4127 quodammodo
3249 4052 3334 4107 di-

1756 4154 2013 4218 rimatur.

2138 4309 3331 4337 Μ

679 4690 1063 4752 PMFATIO.

155 4801 347 4861 Tribus
408 4801 569 4885 hujus
627 4812 824 4862 nostrze
876 4805 1255 4876 disputationis
1319 4805 1474 4863 libris
1534 4805 1646 4863 Deo

89 4894 371 4950 auxiliante
392 4897 646 4962 decussis,
689 4898 744 4951 in
767 4896 961 4967 quibus
997 4898 1242 4971 quaedam
1296 4896 1491 4952 divina
1512 4897 1646 4968 legis

89 4985 409 5053 testimonia,
448 4996 501 5039 et
526 4987 571 5041 si
596 4988 848 5050 breviter,
871 4990 1107 5058 propriis
1137 4996 1320 5043 tamen
1347 4991 1643 5049 secundum

88 5082 393 5129 sanctorum
414 5082 622 5144 patrum
645 5077 940 5132 doctrinam
961 5087 1085 5134 sunt
1107 5079 1353 5134 sensibus
1370 5080 1641 5145 restituta,

87 5171 136 5216 et
164 5168 363 5218 nostrae
407 5163 527 5219 ﬁdei
573 5166 839 5221 confessio
863 5208 878 5232 ,
910 5185 1218 5239 quanquam
1259 5171 1493 5240 pedestri
1533 5186 1646 5226 ser-

89 5265 241 5306 mone
262 5293 276 5317 ,
306 5251 512 5306 sincera
544 5260 723 5306 tamen
759 5262 842 5308 est
876 5259 1184 5326 apostolicae
1212 5260 1518 5315 traditionis
1557 5259 1649 5314 ﬁr—

90 5340 265 5395 mitate
290 5352 509 5396 exarata
536 5383 551 5410 ,
584 5350 639 5398 et
670 5343 881 5399 illorum
928 5349 1020 5417 qui
1050 5368 1055 5371 τ
1080 5362 1250 5401 novas
1279 5348 1646 5405 institutiones

91 5427 329 5488 Ecclesiae
359 5433 560 5488 inferre
612 5434 865 5499 nitentes,
916 5452 1006 5491 res
1051 5451 1218 5491 sensu
1263 5446 1511 5493 carentes
1559 5439 1647 5494 ad-

90 5533 232 5577 orare
252 5532 593 5595 percensent,
626 5524 844 5579 vesania
867 5524 1264 5594 quodammodo
1284 5532 1366 5578 est
1382 5527 1643 5591 discussa,

92 5612 149 5664 ad
195 5625 448 5687 quartum
508 5602 661 5673 nunc
701 5617 899 5672 librum
948 5632 1049 5672 nos
1102 5616 1453 5684 peracccdcrc
1508 5619 1643 5675 ratio

92 5708 233 5779 cogit,
259 5712 313 5768 in
334 5729 443 5785 quo
483 5713 659 5783 siqua
682 5711 750 5768 de
790 5710 1008 5770 illorum
1058 5708 1385 5768 vanitatibus
1413 5712 1643 5780 capituh

1676 4698 2067 4762 Dremansere
2122 4700 2351 4757 Domine
2398 4698 2560 4769 ~opitu
2581 4704 2709 4755 ante
2782 4704 2908 4755 sunt
2967 4698 3323 4757 discutienda.

1752 4789 2021 4857 Quoniam
2102 4788 2319 4859 quidem
2395 4788 2783 4849 tumultuosum
2857 4788 3329 4862 inordinatumque

1752 4883 1965 4940 dicendi
2010 4894 2181 4952 genus
2227 4882 2511 4950 evitantes,
2567 4881 2831 4943 librorum
2877 4883 3320 4939 numerositatem

1742 4975 2118 5033 ordinavimus
2142 5014 2161 5041 ,
2214 4980 2271 5031 et
2313 4972 2566 5033 brevitati
2608 4972 2884 5029 studentes
2931 4987 3040 5026 non
3091 4970 3319 5039 amplius

1753 5082 1919 5138 quam
1938 5066 2007 5127 ad
2030 5073 2263 5136 quatuor
2288 5063 2456 5120 libros
2504 5062 2665 5131 huius
2695 5058 2863 5116 nostri
2908 5058 3089 5129 operis
3117 5073 3321 5113 sermo-

1751 5172 1877 5215 nem
1892 5155 2283 5226 p’rotendimus,
2309 5160 2363 5208 et
2382 5167 2673 5227 paucorum
2690 5145 3051 5221 prolixitatem
3062 5147 3319 5218 plurimu-

1750 5264 1858 5320 que
1897 5247 2302 5307 diminutionem
2331 5242 2617 5317 fugientes,
2638 5241 2693 5299 in
2716 5240 2817 5293 hoc
2857 5251 3088 5291 numero
3122 5245 3321 5293 nostra:

1749 5336 2127 5408 disputationis
2144 5334 2335 5405 pedem
2358 5331 2706 5389 ﬁrmavimus,
2734 5336 2894 5391 quem
2941 5339 3160 5397 prorsus
3186 5324 3320 5376 divi-

1748 5446 1941 5493 norum
1964 5428 2301 5500 eloquiorum
2348 5418 2667 5479 testimoni-is
2715 5419 2991 5466 sacratum
3015 5426 3133 5509 esse
3174 5424 3317 5509 cem-

1744 5523 2003 5594 ρθι-ίωηε,
2042 5499 2426 5589 (mamma-ius
2472 5520 2599 5573 ergo
2626 5512 2902 5594 numerus,
2947 5509 3051 5563 eta
3075 5499 3316 5594 physicis

1748 5586 1807 5678 in
1849 5586 2238 5669 eiemcniorum
2292 5618 2355 5671 ac
2415 5596 2577 5657 totius
2630 5587 2917 5646 mundana:
2982 5586 3158 5651 molis,
3230 5586 3317 5678 vel

1746 5708 1915 5773 θύραι
1945 5705 2151 5774 ratione
2186 5695 2405 5767 humani
2450 5685 2689 5757 corporis
2716 5677 3136 5739 laboriosissima
3163 5677 3317 5733 inda-
3379 5748 3391 5761 ι
