4008 6154
642 247 782 304 H85

1525 241 1584 296 Β.
1622 238 1874 298 CAROLI
1911 237 2126 294 MAGNI
2164 237 2318 294 OPP.
2359 237 2539 295 PARS
2571 239 2637 296 ll.
2677 241 2921 298 SECTIO
2952 243 3019 299 Il.

3757 250 3894 310 H84

642 360 874 428 gatione,
897 354 964 409 de
988 353 1183 424 quibus
1219 365 1360 407 nunc
1389 350 1570 406 dicere
1596 352 1812 421 longum
1838 358 1952 415 est,
1984 352 2218 406 usitatus
2244 352 2301 412 Α
2323 352 2497 421 imago
2521 353 2773 422 quaelibet
2810 356 3003 411 mortis
3055 356 3280 426 imperio
3338 359 3596 416 destituto
3628 359 3896 436 Erebique

641 447 984 518 approbatur,
1022 451 1078 500 et
1115 460 1146 498 a
1187 443 1383 497 divinis
1416 441 1612 496 litteris
1642 457 1760 511 quae
1790 442 1945 510 plura
1983 451 2216 510 sacrata,

639 547 694 595 et
719 539 785 593 ad
802 538 1118 609 mysterium
1144 535 1467 605 pertinentia
1488 534 1676 589 eodem
1699 550 1925 588 numero
1945 542 2218 589 coarctata

641 647 760 686 esse
783 637 1069 692 testantur,
1094 625 1494 681 sacratissimus
1522 625 1938 680 demonstratur.
1981 623 2219 689 Quatuor

641 721 838 775 etenim
866 717 1084 770 ﬂumina
1108 716 1175 770 de
1199 731 1306 770 uno
1349 715 1584 784 paradisi
1630 714 1777 769 fonte
1807 713 2130 776 emanantia,
2164 719 2218 767 et

643 817 874 878 quatuor
898 805 1175 876 evangelia
1196 804 1264 860 de
1293 804 1440 860 fonte
1461 804 1598 858 lucis
1623 811 1679 857 et
1708 802 1917 872 origine
1962 800 2220 856 bonitatis

640 898 1006 967 procedentia,
1029 905 1084 950 et
1103 903 1335 965 quatuor
1356 897 1604 958 virtutes,
1633 893 1923 962 prudentia
1947 891 2216 956 videlicet,
2231 946 2241 958 .

640 991 939 1058 fortitudo,
995 990 1249 1061 iustitia,
1329 1007 1424 1046 seu
1470 989 1832 1059 temperantia
1862 1029 1876 1053 ,
1928 989 2220 1042 humanam

640 1083 807 1136 vitam
830 1083 1228 1138 honestissimis
1279 1081 1480 1151 regulis
1509 1081 1853 1136 moderantes
1879 1093 1996 1132 esse
2027 1078 2223 1132 descri-

639 1175 860 1230 buntur.
907 1174 1196 1240 Quadratis
1237 1173 1401 1227 etiam
1439 1172 1601 1242 lignis
1649 1187 1774 1226 arca
1819 1171 2078 1226 fabricata
2115 1177 2216 1236 est,

642 1269 699 1323 in
738 1283 842 1336 qua
889 1265 1111 1320 humani
1163 1265 1376 1335 generis
1416 1264 1527 1317 sive
1573 1263 1812 1317 omnium
1865 1261 2220 1316 animantium

641 1361 750 1414 vita
781 1359 936 1428 aquis
973 1363 1167 1412 cuncta
1213 1355 1550 1409 vastantibus
1587 1360 1859 1406 reservata
1899 1359 2020 1406 est:
2080 1367 2223 1407 nunc

642 1466 856 1522 quoque
903 1464 1028 1503 arca
1063 1455 1263 1502 sancta:
1289 1447 1560 1507 Ecclesiae,
1603 1461 1722 1514 quae
1751 1447 1804 1498 in
1850 1444 2009 1512 hujus
2040 1444 2223 1499 saeculi

640 1543 954 1614 procellosis
979 1540 1334 1595 tentationum
1363 1538 1570 1592 innatat
1592 1537 1769 1602 undis,
1793 1553 1911 1606 qua:
1927 1537 2222 1591 electorum

640 1635 1100 1702 reproborumque
1147 1644 1318 1698 capax
1341 1636 1444 1692 est,
1501 1627 1780 1696 quadratis
1805 1627 1982 1695 lignis,
2017 1626 2222 1680 sanctis

642 1693 848 1781 scilicet
876 1724 1011 1778 viris
1061 1723 1335 1792 patientiae
1377 1721 1577 1774 virtute
1630 1719 1916 1782 decoratis,
1956 1717 2219 1771 fabricata
2252 1693 2296 1752 Β

641 1819 893 1872 ﬁrmatur
947 1828 1180 1883 quorum
1229 1813 1340 1865 vita
1375 1824 1695 1880 quocunque
1726 1807 1959 1862 vertitur
1992 1807 2221 1862 firmiter

648 1917 778 1975 stat,
809 1907 934 1977 quia
962 1921 1060 1960 nec
1077 1907 1132 1959 in
1167 1903 1408 1959 adversis
1427 1901 1770 1970 dejiciuntur,
1798 1914 1897 1953 nec
1926 1899 1977 1952 in
2006 1913 2223 1968 prospe-

640 2003 718 2056 ris
769 1999 1134 2053 sublevantur.
1171 1996 1410 2063 Quorum
1460 2010 1559 2050 nos
1601 1991 1826 2062 vestigia
1896 1998 2217 2060 sequentes,

640 2103 696 2148 et
717 2108 909 2147 vocum
931 2091 1197 2146 novitates
1235 2089 1486 2151 vitantes,
1527 2093 1582 2140 et
1617 2099 1800 2140 rerum
1823 2098 1984 2138 sensu
2033 2097 2224 2137 caren-

641 2185 775 2240 tium
820 2182 1196 2237 adorationem
1244 2185 1581 2249 spernentes,
1616 2175 1826 2245 solique
1881 2173 1991 2228 Deo
2017 2172 2223 2228 cultum

641 2275 917 2331 servitutis
958 2273 1292 2336 exhibentes,
1333 2270 1555 2339 ejusque
1591 2267 1794 2322 sanctis
1825 2272 2223 2333 competentem

641 2367 902 2423 honorem
936 2363 1330 2433 impendentes,
1354 2360 1407 2413 in
1431 2357 1689 2427 patientia
1729 2363 1914 2411 nostra
1934 2367 2220 2423 possessu-

641 2473 731 2513 ros
756 2472 855 2512 nos
877 2468 1160 2524 speramus
1194 2452 1402 2505 animas
1436 2457 1674 2502 nostras.

1156 2562 1382 2617 CAPUT
1414 2559 1702 2616 PRIMUM.

641 2636 1010 2692 Falsissimum
1023 2643 1070 2688 et
1097 2635 1205 2688 risu
1220 2633 1434 2703 dignum
1455 2632 1651 2703 dictum
1674 2628 1898 2703 Joannis
1919 2629 2219 2703 presbyteri,

708 2709 798 2791 qui
855 2723 958 2789 non
987 2707 1158 2791 minus
1215 2699 1518 2791 creteris
1569 2702 1859 2791 imaginum
1899 2699 2223 2791 ladora‘tione

708 2769 968 2832 insanisse
1009 2774 1358 2845 dignoscitur.
1387 2772 1633 2845 Aitenim
1658 2769 1809 2845 :Qui
1861 2770 2223 2845 adorat_i_r_na-

708 2849 908 2916 ginem,
947 2854 1000 2900 et
1037 2839 1165 2900 dicit
1199 2843 1453 2912 quoniam
1488 2842 1576 2896 hic
1617 2848 1702 2896 est
1751 2840 2001 2896 Christus
2054 2839 2224 2896 Filius

703 2919 820 2982 Dei,
855 2933 963 2972 non
989 2923 1197 2986 peccat.

2319 442 2584 511 profundo
2623 445 2851 514 spoliato
2877 448 2942 502 de
2967 448 3213 516 sepulcro
3266 452 3521 515 surrexit,
3553 467 3657 508 nec
3682 454 3898 525 cujusli-

2319 533 2409 586 bet
2437 533 2634 587 terreni
2659 535 2884 590 artiﬁcis
2919 552 3053 607 Opus
3106 540 3332 607 apostoli
3359 540 3690 599 salutaribus
3726 551 3899 606 moui.

2320 626 2390 680 tis
2425 627 2703 692 institutis,
2748 637 2802 681 et
2831 645 2928 697 per
2976 631 3144 686 totius
3191 633 3377 687 mundi
3414 636 3653 702 compita
3677 641 3746 694 ad
3767 656 3902 710 prae-

2321 719 2640 773 dicationem
2664 722 2945 777 destinatis
2971 738 3093 776 cum
3141 739 3366 792 corpore
3395 725 3462 779 ad
3491 727 3692 782 coelum
3717 746 3902 789 ascen-

2320 810 2416 875 dit,
2455 820 2511 865 ct
2539 811 2605 864 ad
2639 814 2732 866 Dei
2762 814 2938 869 Patris
2992 819 3380 889 omnipotentis
3405 820 3690 876 dexteram
3744 828 3898 882 sedit.

2321 902 2445 958 Haec
2466 905 2607 958 enim
2631 907 2809 960 omnia
2848 925 2952 963 non
2974 912 3183 980 pictura
3234 913 3504 982 quaelibet,
3533 918 3629 971 sed
3654 917 3901 979 Christus

2321 997 2411 1065 qui
2438 1005 2519 1050 est
2541 999 2732 1055 unicus
2764 1000 2857 1055 Dei
2890 1001 3067 1057 Patris
3113 1004 3282 1058 Filius
3311 1012 3436 1060 ante
3470 1008 3670 1063 saecula
3699 1026 3731 1064 a
3751 1011 3903 1069 Patre

2322 1085 2662 1141 ineffabiliter
2686 1091 2921 1159 genitus,
2951 1093 3004 1146 in
3033 1092 3138 1148 ﬁne
3165 1095 3486 1150 saeculorum
3513 1099 3580 1152 ad
3615 1107 3790 1157 terras
3815 1104 3905 1160 hu-

2321 1192 2494 1233 mana:
2519 1180 2707 1235 salutis
2755 1198 2919 1238 causa
2941 1185 3138 1240 missus
3161 1187 3388 1256 peregit,
3420 1188 3513 1256 qui
3537 1198 3620 1244 est
3647 1201 3846 1248 unctus
3876 1210 3902 1248 a

2321 1269 2480 1324 Patre
2510 1270 2630 1324 oleo
2671 1271 2871 1327 laetitia:
2896 1290 3008 1344 prae
3039 1278 3386 1332 consortibus
3425 1281 3558 1346 suis,
3601 1284 3691 1351 qui
3715 1301 3905 1341 secun-

2324 1359 2451 1413 dum
2487 1360 2807 1430 Apostolum
2845 1366 3156 1434 paciﬁcavit
3203 1369 3384 1422 omnia
3443 1385 3541 1439 per
3593 1375 3905 1442 sanguinem

2323 1453 2502 1506 crucis
2530 1469 2658 1518 suae,
2711 1457 2823 1511 sive
2850 1473 2968 1526 qum
2998 1459 3053 1512 in
3106 1459 3278 1523 ccelis,
3330 1461 3442 1515 sive
3497 1478 3616 1532 qua:
3666 1466 3721 1518 in
3748 1468 3907 1521 terris

2323 1555 2464 1607 sunt,
2497 1546 2580 1598 cui
2603 1546 2836 1601 flectitur
2862 1564 3023 1604 omne
3044 1565 3183 1619 genu
3209 1551 3530 1618 caelestium,
3568 1559 3906 1611 terrestrium

2325 1640 2379 1686 et
2413 1633 2765 1691 infernorum.
2803 1638 2882 1693 Ae
2915 1654 3014 1708 per
3056 1642 3161 1696 hoc
3203 1642 3249 1696 si
3300 1645 3422 1713 quis
3488 1645 3769 1716 imaginem
3819 1649 3911 1703 ad-

2324 1737 2489 1777 orans
2521 1725 2672 1790 dicit,
2703 1725 2806 1781 Hic
2831 1738 2906 1783 est
2954 1729 3194 1786 Christus
3223 1731 3396 1788 Filius
3425 1735 3541 1801 Dei,
3592 1752 3698 1791 non
3731 1738 3912 1794 solum

2322 1823 2533 1885 peccat,
2572 1817 2665 1870 sed
2720 1817 2885 1872 etiam
2919 1819 3194 1875 insaniens
3243 1823 3470 1880 sceleste
3521 1827 3635 1897 agit
3688 1828 3785 1897 qui
3839 1829 3914 1882 rei

2327 1910 2437 1956 tam
2485 1905 2733 1960 sublimis
2773 1907 3284 1965 excellentissimum
3345 1928 3539 1967 nomen
3578 1914 3675 1985 (si
3738 1925 3915 1970 tamen

2324 2008 2414 2048 res
2436 1994 2540 2049 dici
2569 1994 2649 2050 fas
2699 1997 2789 2061 sit,
2828 2007 2882 2053 et
2909 2014 3031 2061 non
3058 2001 3235 2069 potius
3264 2016 3446 2056 rerum
3489 2004 3739 2057 omnium
3770 2005 3920 2071 origo

2325 2085 2411 2139 vel
2433 2086 2618 2159 causa)
2645 2097 2755 2142 tam
2785 2089 2880 2144 vili
2906 2091 2984 2144 rei
3014 2098 3227 2160 tamque
3247 2093 3491 2161 abjectaa,
3524 2103 3579 2148 et
3604 2111 3716 2150 non
3745 2095 3922 2150 solum

2327 2179 2603 2248 mysteriis
2663 2179 2759 2234 sed
2822 2187 2876 2234 et
2932 2181 3042 2234 vita
3098 2183 3301 2236 carenti
3365 2191 3550 2249 aptare
3605 2187 3923 2240 contendit.

2328 2267 2479 2323 Sicut
2503 2271 2642 2323 enim
2689 2270 2864 2336 imago
2891 2269 3142 2336 quaelibet
3193 2267 3409 2323 Christo
3457 2273 3512 2323 in
3541 2282 3748 2326 natura
3785 2291 3929 2329 core

2323 2358 2476 2426 quari
2497 2357 2702 2425 nequit,
2735 2356 2809 2409 ita
2839 2357 3000 2410 etiam
3035 2357 3093 2410 in
3129 2357 3348 2411 nomine
3377 2361 3654 2427 coacquari
3688 2363 3929 2418 minime

2319 2449 2534 2519 poterit.
2571 2446 2724 2514 Quod
2771 2448 2816 2503 si
2847 2448 2968 2517 quis
2995 2447 3138 2503 forte
3171 2449 3574 2517 aequivocorum
3630 2454 3928 2509 nominum

2320 2539 2372 2593 in
2400 2540 2541 2593 hanc
2572 2545 2789 2606 partem
2831 2537 3099 2592 rationem
3147 2538 3446 2593 arbitretur
3501 2554 3663 2607 posse
3693 2544 3924 2610 cadere,

2322 2629 2459 2684 sciat
2511 2631 2654 2684 hanc
2686 2645 2855 2700 quam
2905 2645 3054 2684 nunc
3086 2629 3411 2685 discutimus
3459 2634 3790 2687 sententiam
3862 2639 3926 2690 ab

2324 2725 2724 2794 tequivocorum
2755 2723 3035 2777 nominum
3060 2725 3267 2778 ratione
3295 2723 3453 2794 longe
3481 2725 3705 2780 distare.
3756 2727 3925 2784 Aliud

2325 2822 2408 2870 est
2437 2815 2582 2870 enim
2625 2815 2822 2880 dicere,
2865 2814 3028 2868 homo
3077 2814 3253 2884 pictus
3300 2823 3355 2869 et
3380 2830 3562 2879 verus,
3595 2815 3680 2870 leo
3738 2818 3924 2887 pictus

2325 2915 2381 2964 et
2396 2924 2557 2964 verus
2597 2915 2652 2962 et
2706 2907 2963 2972 caelestis,
3003 2915 3164 2975 atque
3206 2907 3351 2961 aliud
3403 2907 3698 2978 imaginem
3760 2909 3940 2967 fateri‘

706 3010 952 3079 Magnam
988 3007 1143 3062 nobis
1174 3005 1230 3060 in
1252 3006 1356 3060 hoc
1382 3019 1546 3074 opere
1587 3002 1897 3073 disputandi
1935 3002 2219 3056 materiam
2247 3036 2292 3100 Ο
2326 2999 2602 3056 Christum
2627 2999 2824 3054 Filium
2853 2998 2948 3053 Dei
2985 3012 3123 3064 esse,
3168 3013 3292 3054 cum
3320 2999 3572 3054 videlicet
3597 3000 3708 3056 illic
3737 3004 3919 3057 nomi—

636 3101 868 3159 Joannes
911 3099 1190 3169 presbyter
1215 3105 1269 3150 et
1312 3097 1518 3165 legatus
1545 3095 1903 3152 Orientalium
1933 3095 2098 3159 dedit,
2124 3095 2217 3164 qui

634 3193 778 3250 inter
812 3199 1036 3246 caeteras
1067 3205 1179 3244 sua:
1207 3187 1559 3257 professionis
1582 3187 1946 3242 absurditates
1979 3202 2080 3241 nec
2105 3186 2218 3242 falli

633 3285 688 3341 in
716 3285 819 3338 hoc
842 3281 1058 3359 negotio
1092 3281 1158 3335 de
1186 3294 1293 3349 quo
1323 3292 1502 3334 sermo
1534 3286 1618 3332 est
1645 3278 1854 3345 vitavit,
1912 3293 2013 3333 nec
2037 3276 2221 3333 fallere

633 3377 833 3442 timuit,
859 3389 958 3429 nec
986 3372 1205 3428 mentiri
1233 3387 1328 3427 seu
1362 3372 1429 3426 ad
1477 3371 1821 3426 mendacium
1847 3371 1983 3426 alios
2011 3369 2220 3426 hortari

632 3468 868 3525 erubuit.
911 3464 1044 3518 Falli
1095 3463 1296 3517 etenim
1343 3477 1450 3517 non
1496 3462 1705 3529 vitavit,
1744 3477 1866 3517 cum
1905 3469 2220 3516 sanctarum

634 3563 1043 3630 Scripturarum
1082 3556 1216 3611 calle
1260 3571 1380 3622 quae
1415 3554 1574 3609 unius
1597 3563 1651 3608 et
1695 3554 1862 3608 solius
1894 3553 1989 3606 Dei
2011 3553 2217 3608 cultum

630 3661 686 3706 et
721 3649 1090 3704 adorationem
1146 3653 1369 3699 censent
1413 3645 1730 3714 postposito,
1766 3660 1865 3714 per
1899 3645 2129 3715 abrupta
2162 3654 2218 3700 et

632 3743 784 3799 devia
815 3755 1006 3794 errans
1031 3739 1229 3793 mentis
1263 3754 1372 3794 sua:
1406 3739 1600 3808 pedem
1622 3740 1690 3793 ad
1722 3754 1810 3794 res
1836 3754 1998 3794 sensu
2025 3755 2218 3796 caren-

631 3843 715 3890 tes
749 3831 1050 3888 adorandas
1077 3829 1310 3884 divertit.
1350 3829 1558 3884 Fallere
1585 3845 1692 3886 non
1718 3831 1926 3896 timuit,
1953 3846 2076 3886 cum
2107 3831 2220 3886 cal-

628 3929 736 3984 lem
765 3924 898 3981 recti
953 3923 1162 3978 itineris
1187 3937 1218 3976 a
1244 3937 1303 3978 se
1349 3921 1772 3993 praetermissum
1826 3922 1946 3977 aliis
1994 3927 2217 3990 praeter-

629 4019 847 4077 mittere
867 4023 922 4069 et
955 4029 1138 4070 secum
1167 4029 1264 4085 per
1287 4013 1430 4067 invia
1459 4028 1644 4069 errare
1672 4012 1855 4068 multis
1903 4012 2218 4068 assertioni-

628 4110 730 4167 bus
754 4123 819 4163 ac
866 4107 1044 4177 potius
1068 4106 1398 4160 vanitatibus
1424 4104 1714 4174 persuasit.
1754 4103 1969 4158 Mentiri
1999 4118 2216 4174 quoque

628 4207 682 4254 et
702 4199 768 4253 ad
784 4197 1121 4253 mendacium
1147 4197 1280 4252 alios
1303 4195 1580 4251 exhortari
1597 4211 1704 4251 non
1729 4197 1963 4262 erubuit,
1992 4195 2082 4266 qui
2099 4210 2216 4250 rem

629 4290 870 4344 illicitam
919 4298 1232 4358 perpetrare
1273 4295 1327 4341 et
1372 4286 1711 4342 mendacium
1745 4285 1994 4357 proferre
2023 4300 2216 4356 pecca-

2323 3092 2409 3146 nis
2439 3092 2509 3146 sit
2539 3097 2745 3144 tantum
2778 3091 3151 3154 consonantia,
3181 3091 3271 3145 hic
3293 3090 3595 3160 perspicuze
3620 3092 3918 3161 professio-

2323 3183 2408 3238 nis
2438 3182 2596 3253 plena
2623 3182 2910 3245 sententia,
2947 3181 3205 3249 quoniam
3243 3183 3644 3250 aequivocorum
3673 3185 3816 3238 ratio
3868 3186 3916 3240 in

2324 3275 2439 3332 solo
2494 3273 2831 3338 tantumdem
2893 3273 3111 3327 nomine
3189 3274 3622 3329 communionem
3705 3274 3916 3341 habet,

2323 3384 2449 3423 mox
2465 3381 2595 3421 vero
2619 3373 2680 3420 ut
2710 3366 2779 3420 ad
2801 3363 3172 3420 deﬁnitionem
3198 3366 3525 3434 pervenerit,
3558 3365 3700 3435 quod
3732 3369 3918 3422 nomi-

2322 3460 2407 3514 nis
2435 3456 2745 3512 communio
2769 3471 2904 3512 sono
2944 3456 3284 3513 solummodo
3317 3458 3466 3513 vocis
3487 3458 3717 3526 tegebat,
3775 3460 3919 3513 deﬁ«
3956 3533 3959 3535 ἓ

2321 3550 2454 3604 uitio
2480 3547 2834 3604 solertissime
2878 3549 3085 3618 pandit.
3117 3549 3280 3606 Aliud
3320 3563 3566 3619 namque,
3603 3557 3667 3603 ut
3692 3551 3920 3620 praefati

2321 3656 2524 3704 sumus,
2588 3648 2642 3694 et
2687 3639 2846 3711 longe
2899 3641 3047 3697 aliud
3098 3650 3220 3706 est,
3282 3643 3550 3713 picturam
3618 3644 3921 3712 quamdam

2320 3730 2536 3786 nomine
2584 3730 2961 3786 tantummodo
3015 3731 3158 3787 illius
3212 3731 3294 3786 rei
3344 3748 3660 3802 nuncupare
3684 3775 3698 3798 ,
3759 3733 3922 3801 cujus

2320 3823 2499 3894 imago
2528 3830 2613 3878 est
2636 3824 2935 3878 secundum
2978 3825 3380 3893 aequivocorum
3407 3826 3692 3880 nominum
3743 3827 3921 3881 ratio-

2319 3932 2465 3983 nem,
2491 3926 2652 3987 atque
2691 3916 2836 3972 aliud
2867 3932 2982 3972 rem
3017 3918 3347 3974 insensatam
3390 3921 3638 3984 adorare,
3680 3930 3737 3975 et
3763 3935 3922 3976 eam-

2319 4010 2441 4066 dem
2462 4025 2578 4064 rem
2600 4009 2760 4080 plena
2792 4010 3059 4066 sententia
3090 4011 3369 4068 Christum
3411 4013 3510 4069 Dei
3553 4014 3746 4069 Filium
3781 4029 3922 4084 pro-

2318 4099 2462 4156 ﬁteri
2504 4108 2560 4156 et
2595 4100 2820 4171 dicere:
2863 4099 2967 4155 Hic
2988 4112 3064 4155 est
3096 4099 3336 4156 Christus
3387 4101 3560 4158 Filius
3607 4102 3727 4156 Dei.
3767 4103 3920 4159 Nam

2317 4191 2365 4246 si
2392 4191 2497 4246 tale
2524 4192 2866 4246 mendacium
2895 4190 3159 4261 proferre,
3194 4193 3362 4249 utille
3386 4194 3560 4249 fassus
3579 4201 3683 4258 est,
3710 4210 3917 4265 pecca-

2319 4291 2436 4337 tum
2464 4298 2572 4338 non
2593 4289 2694 4347 est,
2727 4282 2918 4337 illicita
2953 4298 3180 4354 quaeque
3204 4296 3528 4356 perpetrare
3550 4287 3756 4341 nullum
3783 4302 3915 4356 pec-

628 4389 740 4433 tum
756 4395 862 4433 non
877 4395 995 4434 esse
1017 4376 1563 4434 asseruit.Aitenim:
1591 4376 1694 4442 Qui
1710 4378 2210 4448 adoratimaginem,
2238 4394 2296 4458 Β
2317 4380 2498 4429 catum
2520 4381 2636 4440 est;
2660 4383 2716 4429 et
2759 4375 2804 4428 si
2861 4374 3049 4430 illicita
3091 4391 3319 4447 qumque
3347 4387 3664 4450 perpetrare
3691 4377 3915 4433 nullum

627 4481 673 4525 et
727 4472 852 4523 dicit
880 4470 1004 4538 quia
1032 4468 1114 4520 hic
1139 4476 1212 4519 est
1241 4464 1478 4520 Christus
1508 4464 1555 4517 F
1559 4465 1682 4519 ilius
1712 4465 1831 4531 Dei,
1880 4482 1986 4520 non
2013 4477 2210 4537 peccat.

628 4563 725 4617 Cui
781 4560 1004 4614 vanitati
1056 4545 1312 4613 facillima
1364 4558 1832 4630 argumentatione
1888 4559 1993 4614 hoc
2052 4560 2213 4616 modo

628 4659 805 4720 potest
848 4650 1026 4711 reniti,
1078 4652 1332 4718 quoniam
1359 4653 1403 4709 si
1443 4652 1496 4707 id
1530 4651 1712 4706 dicere
1759 4650 1902 4720 quod
1946 4665 2056 4706 non
2105 4660 2209 4720 est,

629 4741 968 4799 mendacium
1017 4757 1123 4796 non
1182 4751 1283 4808 est,
1344 4759 1517 4812 neque
1546 4745 1604 4798 in
1651 4744 1832 4800 dicere
1887 4746 2030 4814 quod
2085 4753 2206 4814 est,

627 4851 812 4891 verum
837 4849 955 4890 esse
978 4841 1154 4904 potest
1181 4848 1194 4886 :
1231 4849 1295 4888 ac
1320 4849 1418 4904 per
1441 4836 1546 4890 hoc
1565 4836 1612 4890 si
1637 4837 1858 4893 mentiri
1885 4839 2077 4894 vitium
2102 4854 2210 4894 non

625 4941 722 4995 est,
755 4945 928 4998 neque
956 4929 1238 4984 veritatem
1263 4927 1506 4999 proferre
1526 4930 1698 4985 virtus
1721 4939 1832 4995 est;
1867 4939 1921 4985 et
1948 4932 1994 4985 si
2013 4934 2210 4988 verita-

628 5033 735 5078 tem
764 5021 1006 5092 proferre
1027 5039 1090 5078 ac
1116 5023 1311 5078 sectari
1339 5023 1511 5077 virtus
1534 5030 1634 5088 est,
1657 5024 1843 5094 procul
1875 5025 2036 5080 dubio
2058 5043 2209 5082 men-

627 5115 715 5170 tiri
743 5115 1186 5184 mendaciumque
1210 5114 1362 5184 sequi
1386 5114 1574 5170 vitium
1605 5125 1706 5171 est.
1751 5117 1902 5173 Unde
1925 5107 2057 5174 cum
2080 5119 2208 5174 dicit

626 5207 745 5278 quis
772 5207 1038 5278 picturam
1064 5207 1340 5263 Christum
1374 5223 1493 5264 esse
1532 5209 1623 5263 Dei
1651 5210 1866 5276 Filium,
1922 5213 2201 5278 mentitur;

623 5309 678 5356 et
701 5317 824 5357 cum
851 5301 1125 5365 mentitur,
1157 5315 1441 5372 perperam
1473 5304 1626 5375 agit;
1667 5313 1722 5360 et
1758 5321 1879 5360 cum
1921 5319 2203 5374 perperam

623 5397 750 5462 agit,
768 5401 955 5461 peccat
980 5407 994 5445 :
1019 5395 1320 5464 cumigitur
1341 5396 1611 5466 picturam
1641 5396 1774 5451 dicit
1801 5411 1920 5451 esse
1935 5397 2028 5450 Dei
2047 5395 2205 5450 Chri-

623 5494 763 5539 stum
790 5484 883 5539 Dei
907 5484 1122 5551 Filium,
1146 5497 1354 5556 peccat.
1396 5488 1512 5543 Non
1549 5488 1692 5542 enim
1715 5488 1926 5556 pictura
1950 5487 2204 5556 qualibet

627 5584 825 5629 nostrae
867 5577 1058 5632 salutis
1093 5592 1256 5632 causa
1283 5579 1556 5635 hominem
1609 5579 1898 5649 assumpsit
1929 5581 2204 5635 eumdem-

629 5676 734 5730 que
761 5665 1017 5734 ﬂagellari
1053 5677 1109 5723 et
1132 5684 1229 5737 pro
1262 5671 1419 5728 nobis
1444 5671 1592 5729 cruci
1634 5671 1775 5743 atligi
1808 5671 2072 5742 permisit,
2100 5687 2203 5733 nec

2316 4474 2600 4537 peccatum
2627 4475 2729 4534 est,
2786 4475 3094 4523 sanctarum
3143 4467 3553 4542 Scripturarum
3582 4470 3758 4542 vigor,
3785 4484 3914 4539 qua:

2315 4565 2500 4634 utique
2534 4565 2602 4620 ab
2654 4563 2854 4619 illicitis
2882 4563 3155 4620 abstinere
3196 4573 3439 4631 censent,
3471 4565 3742 4620 fatescere
3785 4579 3918 4620 cre-

2315 4658 2522 4713 dendus
2572 4663 2674 4712 est.
2727 4656 2846 4711 Non
2893 4666 3073 4712 autem
3125 4667 3426 4712 sanctarum
3487 4655 3920 4722 Scripturarum

2313 4756 2465 4826 vigor
2489 4770 2610 4824 quae
2661 4754 2729 4808 ab
2775 4752 2979 4808 illicitis
3015 4754 3309 4824 quibusque
3335 4749 3610 4804 abstinere
3640 4761 3920 4818 censent,

2311 4844 2576 4900 fatescere
2621 4844 2923 4900 credendus
2965 4852 3047 4900 est
3073 4862 3085 4898 :
3115 4852 3197 4900 est
3216 4841 3378 4912 igitur
3403 4839 3511 4896 tale
3542 4840 3920 4898 mendacium

2254 4990 2259 4996 _
2310 4937 2554 5008 proferre
2580 4944 2881 5005 peccatum.
2905 4935 3039 4991 Nam
3061 4937 3189 4991 dum
3210 4949 3346 5006 pene
3366 4947 3525 4988 omne
3551 4931 3917 4987 mendacium

2312 5028 2456 5099 quod
2505 5026 2723 5082 fallendi
2754 5027 2930 5082 studio
2958 5027 3237 5096 profertur
3267 5033 3552 5097 peccatum
3583 5025 3678 5088 sit,
3729 5025 3914 5078 multo

2310 5120 2484 5191 magis
2541 5121 2644 5175 hoc
2696 5119 2802 5174 tale
2844 5120 3186 5175 mendacium
3231 5127 3517 5189 peccatum
3569 5132 3691 5173 esse
3726 5126 3916 5186 potest

2309 5227 2434 5267 cum
2491 5219 2603 5265 tam
2661 5211 2821 5265 vilem
2880 5226 2995 5266 rem
3052 5211 3191 5264 tanti
3246 5210 3484 5265 nominis
3556 5207 3912 5263 confessione

2309 5317 2619 5372 nuncupare
2671 5303 2892 5368 studet,
2949 5309 3004 5357 et
3050 5301 3451 5357 confessionem
3505 5315 3668 5370 quam
3714 5309 3918 5369 pastor

2308 5393 2564 5450 Ecclesiae
2610 5394 2786 5449 eidem
2813 5392 3141 5463 redemptori
3190 5393 3440 5463 protulit,
3468 5407 3739 5463 quamque
3765 5406 3918 5461 quo-

2306 5484 2438 5541 tidie
2461 5487 2511 5540 ei
2541 5485 2715 5540 omnis
2759 5492 2944 5539 sancta
2971 5483 3240 5539 catholica
3268 5493 3323 5539 et
3349 5484 3674 5539 universalis
3695 5483 3918 5554 profert

2307 5577 2566 5641 Ecclesia,
2590 5592 2686 5646 per
2709 5592 2869 5646 quam
2899 5585 2952 5631 et
3011 5577 3250 5632 salvatur
3277 5585 3334 5632 et
3359 5593 3471 5633 suae
3500 5578 3690 5633 salutis
3724 5580 3918 5647 speci-

2308 5687 2432 5731 men
2445 5670 2781 5740 adipiscitur,
2798 5671 2864 5727 de
2875 5686 2935 5727 re
2945 5670 3219 5728 insensata
3235 5671 3359 5741 quis
3373 5671 3618 5743 proferre
3630 5679 3877 5728 conetur
3891 5673 3916 5728 ?
