4008 6154
166 323 334 382 1.185

957 314 1137 373 LIBRI
1172 312 1516 372 COROLlNl.
1556 343 1627 354 —
1663 317 1884 373 CAPIT.
1925 317 2013 373 DE
2047 313 2237 372 IMAG.
2275 339 2346 355 -
2380 313 2509 371 LIB.
2551 314 2638 371 IV.

3302 316 3444 376 H86

161 438 331 494 sicut
353 449 481 506 ergo
517 440 710 488 catera
734 429 885 494 vitia,
933 431 1010 485 ita
1039 433 1202 486 etiam
1257 431 1523 486 mendacii
1569 431 1760 485 vitium
1785 439 1842 496 Α
1864 432 1952 486 illa
1982 440 2138 487 atate
2163 431 2326 486 fuisse
2352 430 2622 501 leguntur,
2651 445 2754 500 per
2780 431 3094 502 imaginem,
3125 446 3302 502 neque
3344 448 3446 504 per-

163 531 492 587 divinarum
525 527 924 598 Scripturarum
962 526 1300 581 documentis
1335 533 1420 580 est
1454 525 1761 580 inhibitum.

165 623 346 679 Unde
371 621 612 693 quisquis
639 619 878 688 ejusdem
904 616 1126 672 Joannis
1148 617 1364 671 monitis
1411 624 1584 685 paret,
1618 623 1676 670 ut
1714 621 1768 669 et

164 715 456 784 imagines
503 715 689 770 adoret
739 720 796 766 et
847 711 1060 764 easdem
1103 708 1376 763 Christum
1419 706 1518 761 Dei
1571 706 1766 760 Filium

165 805 443 876 appellet,
475 814 530 861 et
554 805 1037 875 supervacuitatem
1061 815 1294 872 nequam
1343 807 1578 863 exercet,
1606 807 1661 853 et
1709 813 1768 853 se

164 898 653 968 indisciplinatum
680 911 798 953 esse
820 896 1170 950 demonstrat.
1197 893 1256 948 Si
1283 907 1413 964 ergo
1434 893 1538 947 hoc
1564 890 1763 957 scelus,

163 999 239 1044 ut
291 990 390 1045 ille
441 990 714 1061 professus
739 996 838 1052 est,
867 994 1228 1056 perpetretur,
1284 983 1597 1054 implebitur
1632 981 1766 1038 illud

163 1084 338 1153 quod
364 1081 609 1138 Jeremia
646 1080 896 1135 vaticinio
944 1094 1078 1134 voce
1100 1078 1312 1134 Domini
1338 1077 1536 1132 dicitur
1568 1094 1581 1128 :
1615 1074 1766 1129 Men-

166 1172 406 1225 dacium
456 1181 505 1225 et
549 1186 651 1224 non
689 1169 818 1238 fides
856 1167 1076 1221 invaluit
1112 1183 1266 1238 super
1292 1176 1504 1230 terram,
1556 1165 1685 1235 quia
1733 1179 1768 1216 a

166 1257 347 1310 malis
372 1257 515 1310 mala
551 1257 801 1320 exierunt,
828 1265 877 1308 et
904 1272 984 1308 me
1013 1271 1117 1309 non
1161 1262 1526 1325 cognoverunt.
1566 1250 1768 1307 Paulus

167 1363 403 1418 quoque
452 1348 699 1418 egregius
745 1347 1070 1416 pradicator
1105 1345 1446 1401 mendacium
1495 1344 1767 1412 deponere

168 1444 231 1491 et
286 1437 573 1491 veritatem
601 1436 747 1505 loqui
767 1437 849 1491 his
872 1437 1049 1491 verbis
1076 1436 1382 1506 persuadet.
1413 1434 1506 1488 Ait
1530 1433 1676 1488 enim
1709 1433 1766 1488 in

169 1528 427 1597 Epistola
452 1529 520 1582 ad
545 1528 803 1596 Ephesios
829 1527 1182 1597 :Deponentes
1209 1525 1564 1590 mendacium,
1597 1523 1765 1594 loqui-

168 1620 315 1674 mini
328 1621 594 1673 veritatem
612 1620 961 1688 unusquisque
982 1633 1099 1670 cum
1122 1618 1360 1687 proximo
1387 1633 1506 1680 suo,
1523 1615 1653 1685 quia
1683 1631 1766 1668 su-

112 1769 116 1771 ,
168 1727 304 1763 mus
324 1708 541 1761 invicem
564 1705 795 1759 membra
817 1705 1031 1776 (Ephes.
1050 1705 1159 1775 1v);
1186 1706 1314 1759 item
1330 1694 1473 1759 idem
1487 1704 1553 1759 ad
1578 1702 1764 1758 Colos-

1867 521 2072 576 colores
2124 521 2336 576 Domini
2405 520 2774 576 fortitudinem
2825 523 3078 576 adorasse
3127 523 3439 592 creduntur,

1867 613 2062 682 quippe
2089 629 2212 667 cum
2239 614 2295 668 in
2319 612 2442 667 rudi
2490 613 2667 667 adhuc
2692 613 2894 668 mundo
2922 614 3150 669 necdum
3187 629 3443 683 quarum-

1867 701 1991 758 dam
2018 704 2412 758 mundanarum
2457 704 2655 758 artium
2693 705 3042 773 experientia
3089 706 3440 760 haberentur.

1867 789 2002 847 Cum
2030 807 2159 861 ergo
2179 793 2288 846 sint
2312 793 2494 862 plures
2514 792 2699 847 mundi
2721 803 2926 863 partes,
2950 795 3005 848 in
3034 795 3230 864 quibus
3271 795 3444 850 homi-

1867 895 1965 936 nes
1978 879 2221 951 pictoria
2237 882 2370 936 artis
2393 881 2503 936 sint
2517 882 2711 952 ignari,
2734 884 3103 952 nunquidnam
3124 885 3323 940 ibidem
3337 885 3444 940 for-

1867 970 2037 1025 titudo
2073 970 2288 1024 Domini
2331 970 2556 1024 minime
2603 970 2841 1025 creditur
2875 972 3125 1026 adorari?
3173 972 3444 1029 Adoratur

1865 1074 1995 1132 ergo
2034 1059 2290 1115 fortitudo
2313 1062 2546 1125 Domini,
2577 1077 2686 1115 non
2731 1077 2829 1130 per
2870 1063 3158 1131 imaginem
3184 1081 3302 1134 qua
3344 1081 3444 1136 per

1866 1151 2072 1206 colores
2099 1157 2340 1220 apparet,
2376 1157 2437 1203 ut
2481 1149 2570 1203 ille
2613 1149 2864 1213 somniat,
2913 1153 3006 1204 sed
3046 1167 3144 1220 per
3171 1152 3286 1220 ejus
3315 1155 3442 1209 inef-

1866 1243 2083 1298 fabilem
2101 1242 2394 1313 potentiam
2431 1256 2537 1312 qua
2565 1241 2741 1295 omnis
2770 1241 2955 1295 mundi
2980 1258 3242 1314 compago
3261 1247 3446 1301 condi.

1865 1341 1921 1388 ta
1945 1347 2064 1408 esse
2101 1332 2449 1403 dignoscitur.
2499 1331 2774 1386 Adoratur
2815 1332 2980 1386 etiam
3023 1333 3280 1390 fortitudo
3329 1335 3444 1406 ejus

1865 1441 1971 1480 non
2004 1440 2101 1494 per
2127 1425 2386 1494 quasdam
2417 1425 2691 1490 materias,
2740 1425 2834 1480 sed
2860 1438 2958 1494 per
2986 1426 3222 1481 Verbum
3266 1443 3442 1494 suum,

1864 1515 2060 1572 Filium
2089 1516 2351 1580 videlicet,
2389 1532 2549 1585 quem
2592 1525 2718 1571 ante
2747 1519 2941 1572 sacula
2989 1518 3335 1575 ineffabiliter
3355 1537 3446 1591 ge-

1864 1612 2001 1673 nuit,
2029 1617 2083 1663 et
2116 1621 2211 1679 per
2235 1622 2394 1676 quem
2423 1617 2477 1662 et
2505 1609 2559 1662 in
2585 1623 2692 1678 quo
2716 1611 2966 1666 universa
2990 1614 3211 1675 creavit,
3241 1615 3333 1683 qui
3364 1624 3445 1671 est

1866 1697 2170 1771 dextera.et
2194 1697 2453 1754 fortitudo
2487 1698 2682 1763 Patris,
2705 1703 2828 1769 'per
2869 1717 3031 1769 quam
3074 1702 3442 1759 fortitudinem

174 1813 381 1854 senses
406 1817 418 1851 :
446 1797 624 1851 Nolite
659 1797 867 1849 mentiri
891 1797 1106 1849 invicem
1130 1797 1410 1867 spoliantes
1435 1813 1522 1850 vos
1547 1805 1765 1850 veterem
1793 1781 1844 1843 Β
1872 1790 2012 1845 sicut
2047 1790 2366 1846 universalis
2405 1798 2773 1844 creaturarum
2818 1800 3029 1848 constat
3075 1810 3193 1848 esse
3231 1803 3443 1864 patrata

170 1890 455 1943 hominem
481 1903 598 1940 cum
626 1886 824 1940 actibus
851 1886 958 1939 suis
983 1884 1204 1957 (Coloss.
1231 1885 1336 1956 ιιι).
1376 1883 1609 1940 Joannes
1632 1898 1766 1954 quo—

173 1996 297 2051 que
322 1977 596 2048 apostolus
616 1975 692 2030 ait
717 1990 732 2028 :
757 1974 920 2030 Omne
944 1974 1274 2028 mendacium
1301 1991 1403 2030 non
1442 1983 1516 2030 est
1546 1975 1608 2028 de
1634 1975 1768 2029 veri-

173 2081 296 2125 tate
344 2069 399 2141 (Ι
437 2070 595 2124 Joan.
646 2069 728 2138 ιι).
773 2067 924 2123 Unde
951 2067 1154 2138 liquido
1187 2076 1335 2137 patet
1376 2069 1422 2122 si
1445 2068 1678 2137 pictura,
1707 2075 1768 2121 ut

173 2163 278 2219 ille
323 2163 479 2216 fateri
533 2163 799 2228 hortatur,
852 2159 1101 2216 Christus
1155 2161 1250 2216 Dei
1292 2161 1463 2217 Filius
1518 2176 1625 2216 non
1662 2168 1761 2226 est,

172 2253 528 2309 mendacium
589 2253 659 2306 sit
717 2251 772 2306 id
825 2252 968 2320 quod
1021 2253 1262 2318 dicitur;
1319 2261 1373 2307 et
1418 2253 1464 2308 si
1526 2253 1580 2306 id
1625 2253 1769 2322 quod

175 2344 392 2398 dicitur
444 2341 782 2396 mendacium
825 2349 908 2397 est
931 2382 946 2407 ,
995 2340 1150 2409 juxta
1177 2341 1422 2412 Apostoli
1453 2357 1642 2398 vocem
1702 2343 1768 2398 de

173 2437 422 2491 veritate
437 2451 540 2489 non
561 2444 662 2490 est.
683 2433 818 2489 Cum
837 2435 1002 2505 igitur
1015 2435 1138 2490 talis
1153 2434 1412 2506 professio
1423 2435 1766 2491 mendacium

177 2528 279 2592 sit,
313 2527 499 2597 procul
515 2526 676 2580 dubio
703 2526 768 2579 de
795 2526 980 2580 eadem
995 2527 1228 2580 veritate
1247 2543 1354 2581 non
1373 2536 1476 2592 est,
1506 2542 1626 2597 qua
1651 2527 1762 2580 ait:

177 2618 306 2688 Ego
347 2635 462 2672 sum
496 2619 579 2670 via
607 2626 655 2670 et
679 2617 865 2671 veritas
903 2626 950 2670 et
995 2618 1099 2670 vita
1151 2616 1332 2689 (Joan.
1384 2617 1518 2688 xlv).
1577 2617 1766 2673 Cultus

181 2711 337 2766 enim
385 2708 712 2763 adorationis
759 2707 858 2762 soli
905 2708 1033 2771 Deo,
1090 2716 1145 2762 et
1189 2707 1454 2764 confessio
1501 2708 1623 2762 Filii
1671 2708 1766 2764 Dei

177 2799 263 2856 illi
292 2800 395 2854 soli
426 2799 518 2868 qui
539 2813 666 2853 vere
712 2798 827 2866 ejus
869 2797 1040 2853 Filius
1081 2799 1446 2854 coessentialis
1499 2807 1598 2864 est,
1661 2815 1767 2854 non

179 2891 497 2959 adoptivus,
531 2889 768 2944 exhiberi
813 2889 988 2944 debet.
1013 2888 1070 2943 Si
1095 2902 1222 2944 vero
1271 2889 1373 2942 Hic
1421 2889 1687 2960 particula
1712 2890 1767 2944 in

179 2982 385 3036 eodem
423 2981 540 3036 loco
562 2995 660 3051 pro
681 2980 933 3036 adverbio
973 2981 1094 3045 loci,
1141 2996 1250 3035 non
1289 2996 1388 3050 pro
1426 2982 1762 3051 pronomine,

176 3073 365 3142 posita
413 3081 514 3137 est,
564 3081 836 3141 utcunque
878 3072 993 3127 hac
1041 3073 1308 3128 sententia
1353 3082 1501 3130 stare
1550 3081 1763 3144 potest,

167 3163 314 3242 quia
348 3162 494 3217 Deus
522 3162 719 3232 ubique
739 3170 840 3218 est.

825 3272 1052 3331 CAPUT
1072 3275 1136 3330 ll.

182 3381 263 3437 De
291 3399 352 3436 eo
383 3384 521 3453 quod
567 3383 798 3456 Joannes
829 3401 933 3438 non
979 3395 1110 3439 recte
1133 3385 1307 3439 dixit:
1338 3384 1443 3440 Per
1477 3387 1764 3456 imaginem

253 3469 382 3526 qua
405 3470 500 3526 per
546 3453 752 3508 colores
795 3464 1033 3523 apparet,
1062 3457 1316 3510 adoratur
1344 3453 1611 3511 fortitudo
1649 3457 1767 3526 ejus

253 3523 314 3603 et
335 3523 683 3603 glorificatur,
713 3532 767 3603 et
807 3527 873 3578 ad
895 3527 1211 3581 memoriam
1237 3527 1515 3583 veniemus
1542 3529 1608 3584 de
1647 3523 1766 3598 ejus

251 3595 312 3645 in
338 3599 480 3644 terra
514 3595 813 3660 prasentia.

255 3705 413 3761 Hanc
439 3721 652 3775 quoque
677 3707 996 3762 dementiam
1017 3725 1156 3782 sape
1181 3721 1509 3767 memoratus
1532 3712 1766 3770 Joannes

179 3797 474 3866 presbyter
496 3795 608 3849 suis
637 3793 842 3850 frivolis
871 3797 1065 3852 addere
1105 3815 1211 3854 non
1244 3802 1468 3866 distulit,
1521 3812 1580 3856 ut
1620 3803 1766 3858 dice-

181 3896 270 3942 ret
298 3906 311 3940 :
345 3886 452 3939 Per
471 3889 752 3956 imaginem
782 3904 898 3959 qua
917 3905 1008 3959 per
1042 3889 1237 3945 colores
1287 3903 1519 3963 apparet,
1550 3895 1763 3949 Domini

182 3982 552 4052 fortitudinem
575 3982 808 4046 adorari,
835 3984 989 4052 quasi
1033 3984 1290 4039 Dominus
1319 3985 1546 4054 alicujus
1577 3988 1653 4041 rei
1696 3990 1767 4043 sit

183 4074 460 4148 indiguus,
477 4084 531 4130 et
552 4090 650 4145 per
674 4076 910 4144 aliquam
939 4092 1054 4131 rem
1086 4093 1237 4132 suam
1261 4078 1629 4134 fortitudinem
1650 4097 1769 4150 qua

182 4169 388 4222 nullam
415 4171 580 4223 habet
615 4170 988 4239 indigentiam,
1021 4170 1183 4226 faciat
1203 4173 1435 4228 adorari.
1485 4175 1766 4246 Nunquid-

183 4270 312 4311 nam
335 4274 457 4313 cum
478 4259 598 4314 cali
633 4259 748 4313 sive
780 4259 917 4314 lucis
961 4261 1196 4324 nomine,
1248 4263 1477 4331 primam
1527 4268 1769 4321 omnium

184 4351 508 4410 creaturam,
530 4349 826 4418 angelicam
863 4351 1166 4405 condiderit
1202 4361 1472 4417 naturam,
1528 4372 1649 4425 qua
1700 4359 1767 4411 ab

1867 1880 2091 1948 creatio,
2136 1881 2211 1934 ita
2236 1881 2399 1934 etiam
2443 1889 2697 1950 perpetua
2726 1890 2780 1936 et
2810 1883 2878 1937 ab
2907 1883 3110 1954 angelis
3147 1892 3202 1938 et
3246 1886 3314 1940 ab
3351 1886 3444 1939 ho-

1866 1973 2103 2029 minibus
2140 1973 2190 2027 ei
2235 1971 2539 2027 celebratur
2567 1972 2812 2027 adoratio
2859 1974 2950 2042 qui
3005 1975 3261 2029 nimirum
3305 1977 3443 2032 sicut

1866 2081 2031 2121 causa
2053 2071 2136 2120 est
2155 2062 2332 2120 omnis
2353 2063 2663 2127 creationis,
2693 2064 2768 2118 ita
2789 2065 2952 2119 etiam
2965 2081 3128 2120 causa
3153 2075 3236 2121 est
3247 2065 3442 2134 justis-

1868 2157 2017 2212 sima
2055 2164 2108 2210 et
2140 2155 2535 2210 decentissima
2575 2156 2923 2211 adorationis.
2973 2156 3168 2212 Sancta
3205 2158 3368 2228 igitur
3390 2164 3443 2213 et

1867 2247 2187 2303 universalis
2217 2246 2458 2301 Ecclesia
2480 2261 2587 2301 non
2628 2261 2724 2316 per
2745 2247 3023 2318 imagines,
3056 2263 3174 2317 qua
3193 2263 3260 2302 ex
3301 2248 3443 2304 colo-

1817 2395 1828 2408 ,
1867 2324 2018 2396 ribus
2059 2341 2212 2406 fiunt,
2263 2348 2322 2394 ut
2347 2355 2489 2410 sape
2524 2349 2854 2396 memoratus
2879 2340 3116 2396 Joannes
3150 2356 3444 2396 nauseasse

1868 2434 2219 2505 dignoscitur,
2250 2433 2418 2488 Deum
2459 2434 2685 2490 adorare
2733 2449 2831 2489 nos
2869 2433 3123 2488 mortales
3174 2433 3441 2499 homines,

1866 2540 2043 2596 neque
2064 2525 2318 2580 aetherias
2355 2534 2671 2595 potestates,
2703 2527 2796 2581 sed
2820 2541 2917 2595 per
2943 2525 3214 2581 Christum
3258 2525 3444 2580 Domi-

1868 2631 1996 2670 num
2033 2616 2348 2692 confitetur,
2377 2631 2500 2671 cum
2526 2632 2637 2692 sua
2666 2617 3048 2686 redemptionis
3075 2618 3330 2687 mysteria
3357 2632 3446 2674 ce-

1867 2705 2082 2761 lebrans
2105 2688 2327 2773 dignum
2375 2715 2429 2761 et
2480 2688 2707 2775 justum,
2759 2723 3078 2778 aquumque
3103 2717 3157 2762 et
3211 2708 3446 2763 salutare

1869 2789 2002 2854 dicit'
2026 2812 2164 2863 esse,
2197 2805 2257 2852 ut
2289 2813 2388 2852 nos
2425 2797 2476 2851 ei
2515 2809 2725 2865 semper
2764 2806 2819 2850 et
2851 2799 3050 2866 ubique
3068 2798 3272 2868 gratias
3313 2813 3444 2869 aga-

1867 2906 2006 2954 mus,
2037 2903 2135 2958 per
2171 2904 2331 2960 quem
2356 2887 2680 2943 ineffabilem
2709 2889 2888 2943 Patris
2915 2889 3252 2957 majestatem
3282 2906 3447 2960 ange-

1868 2981 1949 3037 los
1973 2983 2212 3049 laudare,
2255 2983 2648 3038 dominationes
2693 2982 2938 3046 adorare,
2989 2989 3286 3050 potestates
3335 2992 3446 3038 tre-

1873 3090 2039 3142 mere,
2057 3076 2222 3132 calos
2236 3077 2602 3145 calorumque
2614 3075 2856 3130 militiam
2873 3077 3094 3146 supplici
3109 3076 3447 3134 confessione

1875 3161 2134 3237 hymnum
2166 3168 2349 3237 gloria
2369 3175 2580 3221 constat
2605 3167 2890 3220 suavisoua
2918 3167 3282 3223 modulatione
3325 3185 3446 3224 can-
3525 3201 3542 3210 α

1865 3267 2002 3312 tare.
2027 3259 2298 3314 Adoratur
2311 3274 2440 3329 ergo
2453 3257 2714 3313 fortitudo
2733 3258 2850 3327 ejus
2861 3274 2966 3314 non
2983 3273 3080 3330 per
3099 3259 3444 3315 coloriferam

1865 3347 2156 3417 imaginem
2203 3349 2337 3418 ejus,
2383 3350 2478 3404 sed
2518 3365 2614 3420 per
2645 3351 3088 3417 sacratissimam,
3116 3361 3172 3407 et
3205 3351 3446 3408 vivifica-

1866 3438 2057 3492 tricem
2102 3437 2216 3506 ejus
2252 3440 2701 3496 incarnationem.
2733 3441 3005 3499 Adoratur
3053 3441 3166 3511 ejus
3207 3443 3444 3512 potentia

1865 3544 1971 3583 non
2006 3543 2104 3597 per
2127 3530 2413 3598 picturam,
2447 3535 2540 3588 sed
2561 3549 2657 3602 per
2678 3551 2775 3590 sua
2797 3551 2958 3604 opera
2987 3550 3000 3588 :
3033 3536 3265 3605 per-hac
3293 3533 3442 3588 vidc-

1865 3620 2009 3687 licet,
2029 3622 2223 3691 quibus
2250 3624 2479 3678 formam
2493 3627 2634 3681 servi
2657 3630 2915 3700 accipere,
2944 3628 3010 3683 de
3022 3628 3229 3698 virgine
3258 3628 3444 3694 nasci,

1867 3713 2043 3767 surdis
2073 3714 2332 3779 auditum,
2373 3717 2536 3771 mutis
2576 3717 2881 3788 eloquium,
2924 3719 3131 3774 claudis
3168 3733 3446 3788 gressum,

1867 3802 2093 3873 leprosis
2113 3805 2226 3860 sive
2239 3808 2451 3863 caeteris
2462 3809 2838 3877 agritudinum
2864 3812 3126 3866 molestiis
3141 3809 3446 3880 aggravatis

1868 3897 2174 3961 sanitatem,
2215 3900 2442 3952 mortuis
2469 3901 2656 3963 vitam,
2691 3901 2848 3954 cacis
2879 3899 3060 3955 lumen
3094 3903 3338 3969 reddere,
3363 3903 3446 3955 in-

1867 3988 2018 4040 ferna
2066 3988 2390 4054 exspoliare,
2439 3990 2632 4042 mortis
2683 3991 2969 4059 imperium
3018 3992 3326 4058 destruere,
3378 3994 3444 4047 de

1868 4076 2112 4146 sepulcro
2145 4091 2382 4146 surgere,
2415 4079 2482 4131 ad
2512 4077 2677 4132 calos
2733 4079 3023 4134 ascendere
3051 4081 3302 4149 dignatus
3338 4091 3439 4136 est.

1868 4171 1995 4228 Hac
2018 4179 2143 4227 sunt
2173 4170 2315 4226 enim
2348 4171 2702 4225 instrumenta
2725 4169 2922 4240 quibus
2957 4187 2986 4225 a
3016 4170 3298 4226 catholicis
3334 4171 3444 4227 for-

1869 4263 2041 4319 titudo
2071 4261 2284 4317 Domini
2310 4263 2595 4327 adoratur;
2619 4262 2735 4316 hac
2755 4261 3051 4316 munimina
3090 4262 3285 4330 quibus
3311 4263 3443 4318 fides

1868 4355 2231 4413 ecclesiastica
2282 4363 2490 4421 tuetur;
2519 4353 2636 4408 hac
2669 4351 2936 4410 confessio
2975 4370 3008 4408 a
3059 4369 3194 4422 qua,
3241 4355 3286 4408 si
3325 4356 3444 4425 quis

189 4432 309 4502 ipso
336 4437 622 4492 creationis
645 4455 753 4493 sua
773 4440 994 4494 exordio
1042 4442 1136 4494 Dei
1184 4442 1552 4502 fortitudinem
1576 4458 1630 4502 et
1679 4447 1768 4502 ad-
1794 4482 1848 4543 Β
1871 4448 2138 4512 dissentit,
2169 4446 2524 4516 periclitatur,
2553 4461 2714 4515 quam
2761 4445 2806 4498 si
2845 4446 2968 4515 quis
3014 4447 3176 4502 corde
3225 4449 3444 4514 retinet,

191 4543 381 4585 orasse
420 4533 652 4585 creditur
688 4543 742 4587 et
793 4535 1058 4601 laudasse,
1089 4539 1214 4606 quia
1245 4543 1474 4594 necdum
1518 4543 1764 4599 homines

189 4631 364 4688 erant,
397 4623 489 4691 qui
529 4623 594 4677 de
615 4625 912 4696 quibusque
939 4630 1200 4693 materiis,
1235 4646 1333 4685 nec
1360 4633 1606 4700 quadam
1653 4649 1766 4687 ma-

187 4715 338 4768 teria
365 4723 521 4768 erant
555 4716 608 4768 in
637 4717 830 4784 quibus
880 4719 1140 4789 imagines
1168 4721 1313 4791 pingi
1352 4731 1592 4791 possent,
1641 4725 1762 4780 ideo

188 4801 398 4858 Domini
446 4806 813 4862 fortitudinem
869 4825 970 4864 nec
1009 4812 1261 4866 adorasse
1308 4813 1560 4868 credendi
1602 4825 1760 4882 sunt,

190 4909 284 4949 nec
309 4897 591 4952 laudasse?
632 4898 722 4952 Ait
765 4900 907 4953 enim
939 4900 1264 4970 Scriptura:
1314 4903 1539 4968 Quando
1587 4915 1764 4960 creata

188 4996 302 5039 sunt
351 4988 527 5040 omnia
582 4989 794 5054 sidera,
843 4989 1001 5044 simul
1043 4990 1387 5046 laudauerunt
1448 5011 1528 5047 me
1585 5012 1762 5050 omnes

187 5076 352 5145 angeli
384 5081 506 5131 mei.
539 5077 640 5134 Ubi
666 5078 778 5146 jam
833 5081 1110 5136 evidenter
1153 5084 1472 5150 ostenditur,
1515 5101 1622 5140 non
1668 5102 1766 5156 per

185 5163 476 5234 imaginem
505 5184 625 5236 qua
649 5184 748 5238 per
783 5171 994 5228 colores
1045 5183 1282 5242 apparet,
1339 5179 1433 5232 sed
1467 5193 1564 5247 per
1610 5195 1763 5233 suam

187 5253 513 5310 ineffabilem
534 5260 828 5326 potentiam
851 5263 945 5317 Dei
972 5262 1334 5321 fortitudinem
1362 5284 1576 5338 semper
1598 5269 1766 5326 fuisse

186 5341 459 5400 laudatam
500 5355 555 5400 et
574 5349 872 5406 adoratam.
904 5353 1281 5423 Nunquidnam
1331 5367 1453 5426 post
1501 5362 1762 5418 conditio-

189 5451 312 5491 nem
339 5439 639 5504 hominum,
674 5456 794 5494 cum
819 5446 1046 5498 necdum
1068 5447 1296 5515 pictoria
1332 5466 1422 5504 ars
1462 5452 1518 5504 in
1565 5455 1764 5510 mundo

189 5523 510 5592 inolevisset,
545 5527 806 5585 fortitudo
837 5532 1051 5587 Domini
1098 5535 1317 5590 minime
1364 5538 1462 5593 fuit
1488 5556 1519 5594 a
1565 5548 1764 5601 sanctis

192 5619 489 5688 quibusque
526 5623 779 5678 adorata?
810 5625 1050 5694 Denique
1071 5644 1245 5697 neque
1269 5631 1398 5687 Abel
1427 5632 1636 5703 justus,
1667 5655 1762 5695 ne-

191 5721 293 5776 que
321 5711 524 5785 Enoch,
553 5731 730 5787 neque
757 5717 1082 5810 Noe,jneque
1101 5720 1242 5779 ullus
1266 5733 1574 5788 sanctorum
1593 5733 1686 5805 qui
1703 5736 1760 5794 in

1872 4540 2101 4595 salutem
2128 4548 2444 4610 perpetuam
2471 4537 2812 4607 adipiscitur;
2844 4537 2949 4594 hoc
2975 4538 3286 4595 memoriale
3326 4555 3448 4610 per-

1866 4639 2108 4699 petuum,
2139 4645 2244 4699 quo
2287 4629 2561 4685 Christum
2589 4629 2826 4685 fidelium
2863 4641 3075 4687 mentes
3100 4632 3449 4688 interioribus

1866 4721 2040 4775 oculis
2071 4736 2284 4789 semper
2310 4721 2606 4785 intuentur,
2637 4705 2704 4776 ad
2734 4737 2965 4792 quarum
3005 4740 3186 4780 rerum
3235 4725 3448 4794 plenam

1867 4812 2228 4883 cognitionem
2251 4828 2357 4866 non
2406 4827 2502 4882 per
2527 4813 2798 4882 picturam
2842 4818 3076 4884 venitur,
3121 4819 3213 4872 sed
3263 4834 3360 4887 per
3387 4820 3450 4871 fi-

1867 4907 2010 4970 dem,
2048 4919 2196 4974 spem
2222 4911 2275 4958 et
2309 4904 2671 4961 dilectionem.
2691 4907 2828 4974 Quia
2849 4909 3016 4979 igitur
3045 4909 3184 4962 idem
3212 4906 3448 4963 Joannes

1867 4996 2153 5067 imperitia
2189 5012 2300 5052 sua
2335 4999 2520 5054 nubilo
2548 5002 2788 5066 obsitus,
2826 5010 2887 5055 ut
2922 5016 3062 5063 reor,
3094 4999 3239 5053 aliud
3279 5001 3444 5066 dixit,

1865 5090 1995 5176 dum
2020 5097 2201 5145 tamen
2229 5089 2374 5146 aliud
2404 5093 2583 5148 dicere
2626 5092 2804 5157 vellet,
2834 5092 2950 5148 hac
2986 5097 3172 5146 contra
3213 5105 3277 5146 ea
3325 5107 3446 5160 qua

1867 5181 2021 5245 dixit,
2044 5181 2186 5236 dicta
2207 5181 2505 5238 sulliciant?
2526 5183 2792 5239 Caeterum
2818 5183 2886 5236 ad
2911 5196 2974 5236 ea
2998 5197 3120 5250 qua
3145 5182 3326 5238 dicere
3350 5197 3444 5239 vo-

1865 5271 1965 5326 luit
1983 5272 2142 5341 hujus
2161 5274 2540 5345 disputationis
2560 5289 2656 5345 pes
2679 5273 2969 5328 vertendus
2993 5281 3106 5337 est,
3134 5281 3195 5327 ut
3220 5283 3274 5329 et
3314 5273 3444 5342 quid

1865 5363 2054 5420 nolens
2085 5366 2431 5428 asseveravit,
2455 5375 2510 5419 et
2533 5364 2660 5432 quid
2681 5363 2865 5418 volens
2888 5363 3067 5418 dicere
3090 5363 3312 5425 studuit,
3338 5361 3441 5415 hu-

1857 5458 1950 5528 jus
1971 5461 2094 5531 styli
2129 5476 2305 5532 pugno
2328 5457 2736 5514 rationabilibus
2775 5459 2944 5512 armis
2984 5457 3187 5510 munito
3229 5456 3443 5525 quatia-

1865 5558 1975 5618 tur,
1997 5562 2263 5622 quatenus
2289 5565 2386 5603 nos
2409 5557 2465 5602 et
2499 5548 2727 5603 dicenda
2767 5565 2886 5618 qua
2923 5547 3232 5616 impropriis
3260 5547 3441 5603 verbis

1863 5643 2041 5698 obsita
2066 5652 2190 5699 sunt
2211 5639 2459 5702 sensisse,
2485 5647 2539 5694 et
2567 5637 2710 5691 dicta
2729 5655 2849 5710 qua
2869 5639 3162 5707 intelligere
3185 5639 3238 5693 in
3258 5653 3441 5708 prom-

1861 5740 1959 5803 ptu
2008 5743 2154 5806 sunt,
2203 5731 2524 5801 disputando
2569 5729 2889 5792 contrivisse
2949 5731 3118 5789 lector
3163 5736 3439 5795 agnoscat.
