4008 6154
572 301 713 360 1181

1419 301 1480 357 Β.
1519 299 1772 357 CAROLI
1806 299 2022 356 MACNI
2057 297 2208 356 OPP.
2249 295 2430 355 PARS
2471 296 2534 353 ll.
2575 295 2817 355 SECTIO
2855 291 2921 352 Il.

3685 295 3857 354 1188

571 415 700 470 Cum
723 413 871 468 enim
894 413 968 468 ait
994 430 1008 469 :
1045 413 1149 469 Per
1174 414 1451 482 imaginem
1481 430 1598 483 qua:
1629 431 1721 484 per
1753 412 1949 469 colores
1971 427 2137 484 appa-
2163 414 2218 480 Α
2240 425 2395 467 suam
2436 411 2709 466 vesaniam
2746 409 3133 466 rationabiliter
3163 404 3610 466 subsannandam'
3639 406 3854 461 formi-

573 515 663 567 ret,
680 503 936 559 adoretur
963 505 1212 574 fortitudo
1241 504 1473 567 Domini,
1501 513 1560 559 ut
1593 503 1927 573 conjicimus,
1958 505 2142 560 dicere

572 592 733 647 voluit
771 610 783 646 :
820 593 944 648 Visa
999 592 1230 662 imagine
1271 592 1516 648 colorum
1561 592 1699 648 fucis
1744 593 2137 662 compaginata,

570 681 824 738 fortitudo
846 682 1054 737 Domini
1077 683 1339 738 adoratur
1367 700 1380 737 :
1413 682 1557 753 quod
1593 682 1810 753 quidem
1855 689 1909 738 et
1951 683 2006 736 in
2054 697 2140 738 se-

568 774 850 840 quentibus
876 787 1013 841 pene
1031 771 1306 842 patefecit,
1331 789 1454 828 cum
1480 773 1556 828 ait
1585 789 1600 831 ι
1627 773 1698 828 Et
1727 773 1794 827 ad
1827 772 2133 827 memoriam

567 866 817 920 veniemus
840 865 905 918 de
932 865 1046 934 ejus
1073 865 1130 919 in
1167 874 1308 919 terra
1335 865 1633 936 prmentia.
1661 862 1758 919 Cui
1781 861 2138 932 propositioni

565 955 664 1010 hoc
686 953 934 1010 facillime
959 969 1246 1024 possumus
1269 953 1683 1024 obiicere,un
1707 967 1806 1009 nec
1831 953 2140 1022 Scriptura-

562 1067 679 1106 rum
709 1059 1017 1107 sanctarum
1044 1051 1289 1117 lectione,
1329 1067 1430 1107 nec
1466 1052 1690 1107 Patrum
1732 1051 1996 1120 exemplis
2051 1060 2140 1107 est

562 1144 885 1208 institutum,
928 1145 1099 1198 Deum
1147 1145 1201 1198 in
1241 1142 1562 1198 manufactis
1587 1143 1909 1213 quibusdam
1937 1144 2138 1197 debere

559 1249 821 1304 quaerere.
856 1234 922 1288 In
960 1234 1116 1288 corde
1153 1250 1287 1298 meo,
1318 1233 1492 1303 inquit
1516 1235 1704 1299 David,
1733 1249 1837 1288 non
1888 1232 2139 1302 imagini-

559 1324 680 1388 bus,
711 1324 956 1378 abscondi
985 1323 1191 1394 eloquia
1213 1335 1335 1386 tua;
1361 1325 1418 1378 in
1438 1334 1542 1378 toto
1565 1323 1717 1377 corde
1738 1340 1851 1378 meo
1880 1323 2138 1392 exquisivi

560 1425 607 1468 te
623 1415 780 1478 Deus,
806 1432 868 1470 ne
890 1414 1107 1484 repellas
1130 1431 1210 1468 me
1237 1431 1267 1466 a
1291 1413 1551 1467 mandatis
1574 1415 1676 1466 tuis
1699 1412 1871 1482 (Psal.
1911 1413 2133 1482 cxvul);

559 1517 614 1562 et
641 1507 850 1577 Moyses
875 1508 1006 1562 dicit
1045 1521 1060 1559 :
1107 1506 1294 1559 Ponite
1337 1505 1488 1558 verba
1529 1505 1741 1559 Domini
1791 1508 1849 1559 in
1895 1505 2137 1560 cordibus

557 1601 768 1664 vestris;
795 1607 850 1653 et
877 1597 1132 1652 Dominus
1154 1611 1252 1665 per
1274 1596 1590 1665 prophetam
1617 1614 1630 1650 ς
1659 1594 2030 1651 Convertimini
2065 1596 2135 1650 ad

557 1708 637 1745 me
659 1702 848 1745 extoto
876 1691 1033 1744 corde
1069 1700 1232 1744 vestro
1263 1689 1421 1761 (Joel.
1458 1688 1551 1760 ll);
1582 1698 1636 1744 et
1677 1705 1708 1744 e
1746 1689 2018 1744 contrario
2065 1689 2136 1744 de
2187 1701 2194 1710 ‘

2244 505 2391 570 dant,
2419 513 2474 560 et
2508 506 2636 559 dum
2665 520 2724 559 se
2749 520 2783 558 a
2812 504 2967 559 nobis
2991 502 3461 573 reprehendendos
3484 501 3851 567 existimant,

2241 604 2481 652 nostram
2533 595 2761 651 salutem
2818 594 2983 650 celari
3026 610 3083 650 se
3129 593 3357 663 iactant.
3396 591 3505 648 Nos
3559 591 3760 662 itaque
3791 592 3852 646 in

2241 685 2343 742 hac
2383 694 2538 757 parte
2584 684 2898 740 scandalum
2928 685 3041 756 pati
3089 684 3404 750 formidant,
3463 690 3520 738 et
3550 697 3613 738 se
3665 684 3852 738 bonis

2238 777 2493 846 operibus
2548 778 2751 834 instare
2774 784 2966 848 putant
2996 795 3010 832 :
3039 776 3139 833 sed
3199 781 3352 830 tanto
3389 773 3548 828 nobis
3601 772 3852 843 hujusce

2238 869 2408 938 partis
2465 869 2776 924 scandalum
2823 868 3024 924 valebit
3071 869 3297 932 obesse,
3350 873 3554 936 quanto
3611 873 3670 920 et
3730 865 3850 919 illis

2239 960 2408 1030 ipsius
2472 961 2751 1016 insolentis
2783 960 3031 1032 obsequii
3081 957 3346 1016 exhibitio
3379 958 3664 1027 prodesse,
3707 957 3846 1027 quia

2238 1057 2492 1112 nimirum
2537 1059 2670 1113 ordo
2735 1057 3018 1128 exposcit,
3086 1063 3147 1112 ut
3211 1053 3374 1108 talem
3420 1052 3527 1108 illis
3586 1051 3844 1123 pmfatae

2241 1146 2500 1217 imagines
2538 1148 2668 1202 illati
2697 1149 2947 1218 obsequii
2993 1145 3406 1202 retributionem
3435 1144 3723 1213 impertire
3751 1159 3844 1198 co-

2239 1246 2453 1305 gantur,
2505 1239 2722 1308 qualem
2753 1239 3012 1308 irnpcrtiti
3046 1237 3269 1294 honoris
3298 1251 3540 1300 sensum,
3561 1251 3687 1291 cum
3717 1236 3841 1290 sint
3944 1249 3947 1253 '

2238 1339 2452 1406 penitus
2499 1340 2804 1405 insensatm,
2835 1339 3117 1410 percipere
3139 1344 3460 1394 noscuntur.
3491 1335 3595 1391 Sed
3621 1336 3838 1390 ibrtas-

2239 1430 2314 1483 sis
2363 1430 2502 1484 hanc
2559 1441 2800 1486 nostram
2851 1431 3203 1487 assertionem
3233 1429 3487 1484 fmstrari
3547 1429 3840 1496 cupientes

2239 1517 2458 1572 dicent:
2485 1520 2596 1574 Cur
2620 1535 2715 1575 eos
2764 1522 3090 1592 imaginibus
3125 1535 3287 1575 sensu
3316 1518 3623 1574 carentibus
3657 1517 3837 1572 lumi-

2238 1609 2393 1662 naria
2421 1611 2809 1665 concinnantes
2843 1620 2900 1666 et
2921 1612 3275 1681 thymiamata
3299 1610 3574 1664 adolentes
3597 1609 3839 1662 subsan-

2238 1699 2400 1764 natis,
2429 1715 2556 1755 cum
2599 1709 2657 1756 et
2693 1715 2792 1756 nos
2813 1701 2869 1756 in
2923 1702 3163 1757 basilicis
3193 1714 3347 1770 aeque
3393 1714 3556 1755 sensu
3595 1697 3839 1752 carenti-

563 1781 806 1849 reprobis
826 1781 902 1834 ait
925 1797 938 1833 :
962 1777 1195 1849 Populus
1212 1779 1294 1830 hic
1316 1777 1468 1831 labiis
1490 1794 1570 1831 me
1590 1779 1835 1842 honorat,
1853 1793 1944 1830 cor
1960 1785 2135 1831 autem
2165 1765 2213 1828 Β
2237 1793 2339 1847 bus
2375 1801 2432 1847 οι
2489 1793 2779 1849 luminaria
2802 1794 3193 1850 concinnemus
3211 1765 3275 1847 εί
3314 1792 3673 1863 mymiamau
3695 1789 3842 1844 ado-

555 1883 736 1924 eorum
753 1870 902 1939 longe
931 1879 1004 1924 est
1033 1887 1066 1923 a
1094 1884 1174 1922 me
1212 1867 1346 1938 (Isa.
1374 1869 1545 1941 xxrx).
1581 1867 1733 1923 Unde
1779 1868 1940 1922 datur
1982 1869 2139 1923 intel-

555 1962 666 2032 ligi,
689 1960 832 2031 quod
856 1977 961 2017 non
982 1961 1038 2015 in
1059 1961 1221 2016 rebus
1239 1959 1557 2023 visibilibus,
1573 1974 1680 2014 non
1705 1960 1760 2014 in
1791 1957 2134 2025 manufactis,

554 2054 647 2108 sed
677 2054 731 2108 in
753 2054 916 2110 corde
943 2053 1086 2108 Deus
1130 2060 1215 2107 est
1268 2053 1619 2122 quaerendus;
1677 2067 1778 2108 nec
1827 2053 2138 2108 carnalibus

555 2144 754 2208 oculis,
786 2145 882 2200 sed
930 2144 1128 2200 mentis
1182 2143 1516 2199 solummodo
1561 2143 1716 2198 oculo
1771 2144 2133 2212 aspiciendus.

554 2238 688 2292 Nam
713 2253 834 2308 qua:
869 2238 1087 2292 vesania
1108 2245 1192 2292 est
1220 2237 1432 2292 dicere:
1462 2235 1567 2290 Per
1590 2236 1870 2306 imaginem
1891 2252 2008 2306 qua:
2043 2252 2137 2305 per

554 2330 751 2385 colores
775 2339 1010 2400 apparet,
1037 2329 1294 2384 aduratur
1321 2329 1578 2398 fortitudo
1597 2328 1732 2395 ejus,
1759 2339 1804 2381 et
1825 2329 1894 2382 ad
1935 2343 2133 2382 meme-

554 2421 690 2474 riam
719 2421 980 2476 veniemus
1007 2421 1072 2475 de
1097 2421 1212 2489 ejus
1237 2422 1453 2475 interra
1474 2421 1752 2490 prwsentia
1767 2420 1792 2472 .9
1815 2418 2000 2473 infelix
2023 2433 2137 2474 me-

553 2513 747 2576 moria,
777 2527 897 2581 que
922 2519 982 2568 ut
1017 2511 1219 2566 Christi
1254 2517 1602 2574 memoretur,
1643 2510 1737 2580 qui
1781 2525 2056 2579 nunquam
2099 2525 2134 2565 a

554 2613 770 2673 pectore
787 2601 922 2668 justi
950 2601 1184 2657 hominis
1212 2601 1467 2656 recedere
1495 2602 1671 2665 debet,
1701 2600 2033 2668 imaginaria:
2059 2601 2137 2655 vi-

555 2694 722 2748 sionis
743 2702 826 2747 est
857 2691 1102 2762 indigna;
1151 2707 1252 2748 nec
1277 2692 1435 2746 aliter
1457 2700 1634 2766 potest
1681 2691 1881 2751 Christi
1932 2693 2133 2748 habere

557 2783 612 2838 in
639 2799 698 2838 se
723 2785 1088 2855 praemium,
1117 2783 1218 2842 nisi
1251 2783 1305 2844 in
1333 2792 1559 2858 pariete,
1586 2799 1679 2844 aut
1708 2790 1762 2843 in
1804 2785 1982 2861 aliqua
2013 2801 2132 2839 ma-

558 2879 691 2935 teria
729 2887 847 2948 ejus
875 2883 1069 2935 viderit
1103 2881 1388 2952 imaginem
1435 2883 1665 2952 pictam,
1704 2883 1956 2952 quoniam
2009 2881 2134 2935 talis

557 2975 821 3028 memoria
842 2989 963 3043 quae
1001 2974 1322 3044 imaginibus
1351 2972 1584 3041 fovetur,
1613 2990 1720 3029 non
1748 2975 1892 3028 venit
1917 2987 1983 3028 ex
2018 2988 2134 3027 cor-

557 3067 638 3122 dis
662 3067 977 3129 amore,sed
997 3081 1064 3120 ex
1093 3065 1316 3120 visionis
1337 3066 1661 3121 necessitate
1691 3082 1704 3118 :
1737 3066 1863 3136 quia
1883 3063 2130 3119 videlicet

558 3170 663 3212 non
698 3158 836 3212 hanc
859 3157 1103 3211 internus
1124 3173 1279 3212 amor
1310 3156 1378 3212 ad
1414 3157 1824 3214 memorandum
1853 3154 2131 3210 Christum

559 3251 812 3316 incendit,
836 3251 931 3306 sed
956 3251 1268 3318 necessitas,
1283 3265 1388 3320 qua
1411 3251 1574 3306 etiam
1605 3265 1691 3305 res
1715 3264 1908 3304 exesas
1926 3263 2050 3302 mox
2076 3253 2137 3300 ut

559 3342 801 3398 videmus
823 3343 1024 3412 pictas,
1050 3351 1323 3414 utcunque
1370 3341 1439 3396 ad
1480 3350 1715 3398 mentem
1752 3340 1962 3394 visione
2003 3338 2138 3393 duce

557 3435 884 3490 reducimus.
915 3434 992 3490 De
1018 3435 1214 3491 talibus
1234 3450 1364 3504 ergo
1396 3434 1487 3503 qui
1516 3441 1666 3489 tanta
1701 3433 2023 3488 necessitate
2051 3445 2137 3483 ar-

557 3533 789 3593 ctantur,
833 3537 894 3582 ut
952 3528 1057 3582 nisi
1091 3530 1333 3596 picturas
1377 3527 1631 3590 viderint,
1667 3525 1870 3580 Christi
1924 3521 2139 3576 diﬂicile

560 3627 949 3682 memorentur,
975 3619 1271 3672 timendum
1300 3624 1402 3679 est,
1431 3617 1535 3670 nisi
1570 3616 1710 3669 forte
1753 3621 1847 3665 aut
1891 3625 2136 3666 commu-

559 3723 684 3763 nem
707 3708 846 3760 hauc
871 3706 1042 3758 lucem
1065 3705 1297 3772 quadam
1331 3704 1578 3770 corporis
1621 3701 1866 3757 molestia
1911 3709 2139 3770 urgente

559 3800 800 3851 viventes
840 3794 1141 3860 amiserint,
1175 3803 1268 3848 aut
1298 3793 1530 3864 picturis
1553 3793 1787 3864 quodam
1831 3808 1982 3856 casu,
2015 3807 2136 3861 quae

557 3896 735 3942 tamen
758 3901 864 3941 non
887 3900 1100 3954 semper
1125 3885 1313 3940 haberi
1333 3893 1577 3955 possunt,
1603 3884 1901 3949 caruerint,
1931 3883 2135 3938 Christi

557 3991 779 4046 prorsus
804 3977 898 4046 qui
926 3990 1138 4046 semper
1171 3985 1298 4032 ante
1325 3975 1512 4032 oculos
1549 3975 1830 4032 habendus
1870 3984 1975 4043 cst,
2000 3974 2138 4030 obli-

559 4069 856 4126 viscantur.

1202 4139 1430 4196 CAPUT
1474 4138 1561 4194 Ill.

556 4229 631 4285 De
677 4247 736 4286 eo
761 4230 899 4302 quod
928 4229 1109 4285 dicunt
1131 4247 1282 4302 :non
1310 4209 1784 4302 scandaliiandum
1822 4227 2133 4302 quemdam,

624 4317 688 4356 eo
741 4299 883 4370 quod
963 4310 1087 4356 ante
1161 4301 1424 4370 imagines
1476 4308 1788 4356 sanctorum
1847 4299 2134 4354 luminaria

626 4371 774 4435 ﬁant,
815 4377 870 4423 et
907 4371 1089 4426 odoris
1115 4371 1488 4441 thymiamata.
1711 4383 1723 4393 ‘

2235 1882 2484 1938 learnus?
2560 1884 2771 1950 Quibus
2828 1884 3006 1940 facilis
3063 1892 3241 1954 potest
3304 1882 3511 1938 oboriri
3564 1880 3843 1950 obiectio.

2235 1975 2491 2043 quoniam
2543 1975 2690 2030 aliud
2739 1984 2822 2031 est
2859 1976 2978 2032 loca
3009 1976 3207 2030 divinis
3247 1969 3482 2029 cultibus
3519 1973 3848 2043 mancipata

2179 2126 2189 2134 θ
2237 2063 2598 2120 luminaribus
2635 2066 2973 2135 perlustrari,
3021 2074 3079 2119 et
3115 2065 3170 2119 in
3202 2064 3406 2119 eisdem
3459 2063 3594 2119 locis
3623 2071 3680 2118 et
3707 2075 3852 2116 ora-

2236 2154 2444 2209 tionum
2496 2163 2553 2209 et
2607 2156 3018 2226 thymiamatum
3078 2155 3188 2207 Deo
3232 2154 3436 2205 insnum
3490 2150 3718 2214 offerri,
3785 2158 3855 2203 et

2236 2244 2383 2300 aliud
2435 2245 2654 2313 imagini
2698 2243 2882 2298 oculos
2926 2241 3138 2294 habenti
3175 2247 3233 2292 et
3285 2237 3420 2291 nihil
3462 2237 3712 2292 sementi
3747 2237 3860 2290 lu-

2210 2353 2360 2392 -men
2411 2335 2625 2396 offerre,
2669 2343 2723 2386 et
2785 2345 2945 2386 nares
2991 2331 3215 2387 habenti
3262 2338 3322 2383 et
3366 2329 3504 2384 nihil
3567 2330 3850 2384 odoranti

2234 2429 2581 2498 tbymiamata
2605 2425 2851 2490 adolere;
2901 2424 3050 2478 aliud
3099 2431 3187 2478 est
3234 2422 3354 2476 loca
3407 2421 3594 2475 divino
3647 2420 3842 2475 cultui

2231 2519 2530 2587 mancipata
2580 2516 2849 2580 venerari,
2891 2515 3042 2569 aliud
3083 2514 3318 2584 picturis
3357 2513 3691 2582 quibuslibet
3735 2529 3843 2568 co-

2231 2610 2433 2664 loribus
2476 2609 2706 2677 comptis
2729 2605 3023 2661 luminaria
3071 2619 3128 2660 et
3176 2605 3534 2676 thymiamata
3589 2603 3835 2669 oﬁ‘erre;

2233 2702 2382 2757 aliud
2410 2703 2632 2757 domum
2671 2699 2978 2768 maiestatis
3012 2698 3223 2754 Domini
3251 2714 3282 2752 a
3309 2697 3560 2753 ﬁdelibus
3604 2697 3840 2765 quibus-

2233 2808 2339 2864 que
2393 2793 2712 2849 :ediﬁcatam
2745 2798 2802 2844 et
2843 2801 2876 2843 a
2919 2786 3176 2859 pontiﬁce
3229 2787 3537 2842 dedicatam
3566 2785 3836 2842 Sclemni~

2237 2899 2317 2945 ter
2362 2887 2647 2951 venerari,
2710 2893 2874 2954 atque
2934 2879 3080 2937 aliud
3122 2889 3178 2938 et
3227 2882 3383 2952 longe
3429 2881 3575 2936 aliud
3629 2881 3836 2953 imagi-

2233 2995 2331 3037 nes
2379 2997 2410 3036 a
2463 2979 2767 3050 pictoribus
2792 2977 3096 3048 quibusque
3119 2977 3450 3045 compositas
3485 2975 3686 3030 oblatis
3709 2990 3833 3030 mu-

2234 3073 2458 3127 neribus
2487 3069 2934 3124 irrationabiliter
2976 3067 3233 3124 osculari.
3270 3067 3469 3121 Domus
3511 3067 3662 3121 enim
3682 3083 3832 3133 mea,

2236 3163 2312 3217 ait
2371 3143 2648 3224 Dominus,
2681 3161 2866 3214 domus
2913 3161 3166 3214 orationis
3201 3160 3470 3214 vocabitur
3504 3159 3642 3229 (ιω.
3673 3160 3829 3230 Lvr);

2237 3253 2366 3307 item
2395 3251 2527 3306 alibi
2552 3269 2564 3304 :
2610 3249 2836 3305 Munera
2859 3259 3071 3319 accepta
3098 3258 3248 3303 erunt
3273 3265 3428 3319 super
3450 3247 3616 3303 altare
3649 3267 3832 3303 meum

2236 3355 2283 3401 et
2311 3347 2496 3400 domus
2523 3345 2774 3399 orationis
2800 3358 2927 3396 mew
2963 3342 3309 3396 honorabitur
3359 3340 3495 3411 (Isa.
3537 3341 3648 3412 ως).
3681 3341 3831 3394 Mul-

2237 3439 2308 3494 tis
2347 3451 2578 3504 namque
2641 3434 2937 3489 honoribus
2972 3433 3119 3489 locus
3172 3434 3260 3488 ille
3303 3434 3667 3489 sublimandus
3709 3442 3826 3498 est,

2237 3529 2329 3583 ubi
2382 3542 2412 3580 a
2473 3525 2720 3580 ﬁdelibus
2758 3525 2970 3595 populis
3004 3526 3244 3596 undique
3286 3527 3620 3590 convenitur,
3652 3534 3709 3579 et
3731 3540 3828 3580 co-

2236 3632 2359 3672 rum
2403 3616 2820 3686 supplicationes
2883 3616 2994 3670 Deo
3060 3617 3351 3671 miserante
3426 3614 3824 3678 cxaudiuutur,

2235 3719 2292 3766 et
2314 3717 2512 3764 nostrae
2537 3708 2726 3763 salutis
2751 3708 3006 3780 mysteria
3035 3709 3416 3773 celebrantur,.
3439 3717 3495 3764 et
3517 3709 3630 3764 Deo
3654 3710 3824 3762 sacri~

2237 3804 2417 3859 ﬁcium
2441 3801 2616 3858 laudis
2651 3801 2911 3869 oﬁ‘ertur;
2947 3802 3037 3857 ubi
3061 3804 3129 3858 ad
3157 3802 3476 3873 perferenda
3523 3803 3635 3857 Deo
3663 3801 3825 3856 sacri-

2237 3895 2358 3950 ﬁcia
2405 3910 2436 3950 a
2492 3893 2736 3950 ﬁdelibus
2790 3895 3005 3965 populis
3049 3911 3151 3966 per
3217 3912 3416 3952 manus
3478 3895 3821 3952 sacerdotum

2237 3986 2406 4050 illata,
2468 3986 2741 4056 angelicus
2789 3983 2850 4038 ﬁt
2897 4001 3235 4052 concursus;
3278 3987 3371 4042 ubi
3421 3989 3616 4042 crebro
3637 3983 3815 4040 suavi-

2236 4090 2400 4134 sonus
2446 4079 2788 4147 psallentium
2836 4078 3022 4132 reboat
3096 4088 3413 4144 concentus,
3485 4079 3572 4134 ubi
3619 4076 3812 4130 divina:

2235 4171 2483 4226 lectionis
2525 4171 2736 4225 arentia
2765 4170 2928 4226 corda
2962 4170 3248 4241 irrigantes
3276 4178 3572 4241 personant
3597 4170 3813 4225 ﬂuctus.

2235 4263 2475 4333 Denique
2505 4264 2556 4316 in
2608 4275 2795 4317 eorum
2847 4261 3120 4332 plerisque
3167 4262 3319 4326 locis,
3374 4264 3470 4332 qui
3517 4278 3576 4318 se
3627 4260 3817 4332 imagi-

2233 4358 2393 4412 nibus
2456 4356 2740 4410 luminaria
2793 4363 2849 4411 et
2886 4356 3240 4426 thymiamata
3263 4355 3458 4412 offerre
3502 4355 3813 4425 gloriantur,

625 4458 864 4529 Denique
911 4473 1031 4515 cum
1089 4461 1278 4515 eadem
1327 4461 1584 4529 synodus,
1639 4457 1798 4528 cujus
1840 4459 2132 4515 lectionem
2163 4464 2271 4531 Da
2310 4448 2507 4518 quibus
2557 4460 2655 4501 nos
2692 4446 2786 4515 qui
2837 4446 2891 4501 id
2920 4443 3100 4502 facere
3126 4447 3542 4512 contemnimus,
3594 4447 3816 4503 scanda-

555 4550 924 4608 inculcandam
966 4547 1310 4618 arripuimus,
1346 4550 1500 4617 plura
1527 4550 1750 4605 suadeat
1776 4549 1973 4620 quibus
2009 4549 2133 4606 nul-

556 4643 639 4696 lus
684 4657 829 4695 sanae
875 4643 1074 4696 mentis
1104 4656 1385 4702 assensum
1411 4645 1652 4712 prrebcre
1702 4643 1938 4710 audebit,
1981 4645 2137 4714 plura

557 4733 870 4788 dissuadere
935 4732 1139 4787 nitatur
1187 4748 1217 4786 a
1262 4734 1460 4803 quibus
1509 4733 1688 4791 nullus
1763 4735 1881 4791 sani
1940 4738 2136 4807 capitis

555 4839 799 4897 gressum
827 4823 1006 4895 operis
1052 4833 1367 4895 retorquere
1396 4827 1643 4891 tentabit,
1669 4829 1824 4898 plura
1865 4829 2139 4898 vituperet

556 4933 677 4988 quae
731 4933 954 4990 prorsus
996 4928 1120 4975 sunt
1167 4919 1453 4987 laudanda,
1503 4930 1609 4977 ete
1650 4921 1924 4976 contrario
1979 4924 2136 4990 plura

556 5009 736 5066 laudet
758 5027 877 5082 qua:
903 5011 1117 5082 penitus
1151 5019 1276 5068 sunt
1300 5011 1672 5084 vituperanda,
1701 5011 1952 5067 admonet
1971 5012 2137 5066 etiam

556 5115 624 5157 ne
675 5101 798 5170 quis
847 5104 1242 5160 scandalizetur
1289 5119 1354 5160 eo
1381 5106 1522 5175 quod
1554 5113 1680 5157 ante
1731 5103 1997 5173 imagines
2048 5103 2136 5158 lu-

558 5193 787 5250 minaria
844 5197 1236 5252 concinnantur
1283 5206 1338 5250 et
1388 5197 1740 5266 thymiamata
1798 5193 2131 5262 adoleantur,

557 5285 711 5356 quasi
755 5300 862 5341 non
909 5287 984 5343 illi
1050 5285 1399 5344 scandalizati
1442 5287 1573 5351 sint,
1624 5285 1716 5355 qui
1794 5289 1956 5344 rebus
2012 5287 2132 5345 luce

556 5379 864 5436 carentibus
884 5378 1169 5435 luminaria
1216 5373 1526 5444 incendunt,
1557 5385 1612 5432 et
1638 5375 1802 5434 odore
1824 5380 2134 5437 carentibus

555 5470 1200 5543 odoriferathymiamata
1252 5470 1502 5526 oﬁ'erunt.
1549 5469 1854 5527 Illietcnim
1895 5473 2129 5526 scanda-

556 5565 809 5630 lizantnr,
865 5567 959 5636 qui
1005 5582 1069 5621 ea
1111 5581 1230 5639 qua}
1274 5566 1382 5620 Deo
1447 5565 1606 5637 digne
1649 5563 1922 5620 offerenda
1981 5573 2126 5634 sunt,

558 5655 720 5705 rebus
765 5667 923 5708 sensu
973 5655 1284 5709 carentibus
1310 5653 1560 5718 offerunt,
1610 5659 1664 5710 et
1683 5655 1879 5712 offerre
1910 5653 2130 5710 hortan-

548 5746 689 5822 Dtur;
739 5744 797 5790 et
846 5756 945 5794 nos
1003 5742 1443 5800 scandalizandos
1491 5749 1788 5816 autumant,
1844 5764 1874 5804 a
1905 5749 2126 5818 ;quibus
2199 5799 2205 5806 .

2245 4539 2356 4593 lum
2383 4537 2495 4608 pati
2537 4545 2809 4608 putamur,
2846 4537 2920 4591 ita
2951 4537 3067 4592 loca
3105 4538 3288 4594 divino
3312 4539 3476 4594 cultui
3511 4539 3814 4614 niangipata

2240 4627 2584 4697 despicabilia
2612 4636 2756 4692 sunt,
2805 4634 2865 4680 ut
2915 4627 3056 4682 sicut
3086 4628 3278 4699 legatis
3309 4629 3503 4682 nostris
3549 4628 3667 4679 sive
3707 4625 3808 4678 illis

2239 4721 2333 4789 qui
2368 4729 2608 4790 tempore
2654 4719 2962 4774 reverendae
2996 4722 3265 4776 memoria:
3322 4715 3673 4772 illustrissimi
3708 4713 3806 4768 viri

2239 4813 2410 4882 patris
2470 4811 2595 4876 mei,
2650 4811 2763 4865 sive
2796 4811 2877 4864 eis
2929 4813 3021 4880 qui
3079 4827 3111 4867 a
3137 4811 3293 4868 nobis
3339 4809 3455 4864 illas
3482 4817 3609 4863 sunt
3646 4807 3809 4863 desti-

2240 4904 2352 4958 nati
2400 4903 2452 4957 in
2488 4909 2692 4972 partes,
2743 4901 3101 4960 referentibus
3126 4903 3505 4976 comperimus,
3545 4901 3812 4972 pleneque

2239 4995 2504 5065 basilice:
2532 4993 2587 5047 in
2650 5008 2837 5048 eorum
2878 4995 3040 5051 terris
3089 5012 3199 5052 non
3242 4996 3418 5054 solum
3463 4994 3815 5050 luminaribus

2238 5096 2294 5143 et
2344 5087 2804 5159 thymiamatibus,
2835 5086 2931 5144 sed
2975 5087 3139 5145 etiam
3161 5089 3296 5161 ipsis
3328 5098 3517 5146 carent
3569 5087 3810 5160 tegmini-

2237 5183 2353 5243 bus,
2415 5180 2610 5250 quippe
2642 5195 2765 5236 cum
2835 5181 2888 5236 in
2926 5196 3092 5254 regno
3120 5199 3151 5238 a
3205 5183 3316 5239 Deo
3348 5183 3504 5238 nobis
3555 5195 3812 5238 concesso

2235 5271 2472 5327 basilica:
2518 5271 2632 5340 ipso
2659 5271 2956 5341 opitulante
2985 5272 3077 5342 qui
3116 5287 3208 5327 eas
3257 5287 3584 5328 conservare
3632 5272 3810 5341 digna-

2235 5371 2343 5428 tur,
2405 5361 2689 5417 al‘lluenter
2737 5378 2870 5418 auro
2915 5372 3266 5434 argentoque,
3325 5365 3557 5434 gemmis
3589 5379 3654 5418 ac
3679 5377 3812 5418 mar-

2233 5457 2437 5529 garitis,
2465 5458 2674 5514 caeteris
2695 5457 3093 5512 venustissimis
3111 5457 3416 5512 redundent
3447 5456 3811 5527 apparatibus,

2230 5556 2286 5604 et
2328 5548 2420 5618 qui
2452 5549 2776 5620 imaginibus
2798 5547 3086 5604 luminaria
3143 5547 3474 5604 concinnare
3497 5553 3552 5601 et
3579 5545 3784 5617 thymia

2228 5645 2372 5694 mata
2419 5640 2634 5694 adolere
2665 5639 2991 5708 respuimus,
3027 5639 3140 5695 loca
3174 5639 3371 5694 divinis
3392 5638 3627 5694 cultibus
3665 5651 3791 5690 man

2235 5729 2411 5800 cipata
2452 5731 2615 5785 rebus
2648 5727 3054 5799 pretiosissimis
3094 5744 3439 5785 exomamus.
