  <div class='ocr_page' id='page_1' title='image "/cluster/home/n/w/nwhite01/storage/ocr_20150623/98/uva.x000827056/602.png"; bbox 0 0 4008 6154; ppageno 0'>
   <div class='ocr_carea' id='block_1_1' title="bbox 110 226 305 330">
    <p class='ocr_par' dir='ltr' id='par_1_1' title="bbox 110 226 305 330">
     <span class='ocr_line' id='line_1_1' title="bbox 110 226 305 330; baseline 0.015 -2"><span class='ocrx_word' id='word_1_1' title='bbox 110 226 305 330; x_wconf 45' lang='grc' dir='ltr'><strong>ιιεθ³</strong></span> 
     </span>
    </p>
   </div>
   <div class='ocr_carea' id='block_1_2' title="bbox 782 374 1141 436">
    <p class='ocr_par' dir='ltr' id='par_1_2' title="bbox 782 374 1141 436">
     <span class='ocr_line' id='line_1_2' title="bbox 782 374 1141 436; baseline 0 -1"><span class='ocrx_word' id='word_1_2' title='bbox 782 375 1012 436; x_wconf 79' lang='lat' dir='ltr'><strong>CAPUT</strong></span> <span class='ocrx_word' id='word_1_3' title='bbox 1051 374 1141 436; x_wconf 79' lang='grc' dir='ltr'><strong>Π.</strong></span> 
     </span>
    </p>
   </div>
   <div class='ocr_carea' id='block_1_3' title="bbox 113 468 1722 544">
    <p class='ocr_par' dir='ltr' id='par_1_3' title="bbox 113 468 1722 544">
     <span class='ocr_line' id='line_1_3' title="bbox 113 468 1722 544; baseline 0 -18"><span class='ocrx_word' id='word_1_4' title='bbox 113 476 196 528; x_wconf 88' lang='lat' dir='ltr'><strong>De</strong></span> <span class='ocrx_word' id='word_1_5' title='bbox 251 490 318 527; x_wconf 85' lang='lat' dir='ltr'><strong>eo</strong></span> <span class='ocrx_word' id='word_1_6' title='bbox 347 472 486 544; x_wconf 88' lang='lat' dir='ltr'><strong>quod</strong></span> <span class='ocrx_word' id='word_1_7' title='bbox 520 471 742 544; x_wconf 77' lang='lat' dir='ltr'><strong>dicunt;</strong></span> <span class='ocrx_word' id='word_1_8' title='bbox 774 468 1031 544; x_wconf 71' lang='lat' dir='ltr'><strong>Ejusdem</strong></span> <span class='ocrx_word' id='word_1_9' title='bbox 1054 469 1301 528; x_wconf 77' lang='lat' dir='ltr'><strong>criminis</strong></span> <span class='ocrx_word' id='word_1_10' title='bbox 1329 479 1433 537; x_wconf 89' lang='lat' dir='ltr'><strong>est,</strong></span> <span class='ocrx_word' id='word_1_11' title='bbox 1467 470 1560 543; x_wconf 88' lang='lat' dir='ltr'><strong>qui</strong></span> <span class='ocrx_word' id='word_1_12' title='bbox 1582 471 1722 527; x_wconf 87' lang='lat' dir='ltr'><strong>ima-</strong></span> 
     </span>
    </p>
   </div>
   <div class='ocr_carea' id='block_1_4' title="bbox 189 540 1716 614">
    <p class='ocr_par' dir='ltr' id='par_1_4' title="bbox 189 540 1716 614">
     <span class='ocr_line' id='line_1_4' title="bbox 189 540 1716 614; baseline 0.001 -17"><span class='ocrx_word' id='word_1_13' title='bbox 189 540 369 614; x_wconf 43' lang='lat' dir='ltr'><strong>gines’</strong></span> <span class='ocrx_word' id='word_1_14' title='bbox 381 541 607 614; x_wconf 74' lang='lat' dir='ltr'><strong>spernit,</strong></span> <span class='ocrx_word' id='word_1_15' title='bbox 653 540 809 614; x_wconf 72' lang='lat' dir='ltr'><strong>cujus</strong></span> <span class='ocrx_word' id='word_1_16' title='bbox 840 547 899 596; x_wconf 85' lang='lat' dir='ltr'><strong>et</strong></span> <span class='ocrx_word' id='word_1_17' title='bbox 934 541 1429 614; x_wconf 74' lang='lat' dir='ltr'><strong>Nabuchodonosor</strong></span> <span class='ocrx_word' id='word_1_18' title='bbox 1469 540 1564 614; x_wconf 76' lang='lat' dir='ltr'><strong>qui</strong></span> <span class='ocrx_word' id='word_1_19' title='bbox 1590 558 1716 599; x_wconf 83' lang='lat' dir='ltr'><strong>ossa</strong></span> 
     </span>
    </p>
   </div>
   <div class='ocr_carea' id='block_1_5' title="bbox 191 610 1723 684">
    <p class='ocr_par' dir='ltr' id='par_1_5' title="bbox 191 610 1723 684">
     <span class='ocr_line' id='line_1_5' title="bbox 191 610 1723 684; baseline 0 -16"><span class='ocrx_word' id='word_1_20' title='bbox 191 610 425 684; x_wconf 51' lang='lat' dir='ltr'><strong>regum&quot;</strong></span> <span class='ocrx_word' id='word_1_21' title='bbox 450 612 589 684; x_wconf 78' lang='lat' dir='ltr'><strong>Juda</strong></span> <span class='ocrx_word' id='word_1_22' title='bbox 612 610 839 684; x_wconf 76' lang='lat' dir='ltr'><strong>protulit</strong></span> <span class='ocrx_word' id='word_1_23' title='bbox 879 626 916 684; x_wconf 83' lang='lat' dir='ltr'><strong>e</strong></span> <span class='ocrx_word' id='word_1_24' title='bbox 940 612 1221 684; x_wconf 80' lang='lat' dir='ltr'><strong>sepulcris,</strong></span> <span class='ocrx_word' id='word_1_25' title='bbox 1244 610 1544 684; x_wconf 76' lang='lat' dir='ltr'><strong>et_1udaici</strong></span> <span class='ocrx_word' id='word_1_26' title='bbox 1577 615 1723 683; x_wconf 83' lang='lat' dir='ltr'><strong>regis</strong></span> 
     </span>
    </p>
   </div>
   <div class='ocr_carea' id='block_1_6' title="bbox 188 681 1723 756">
    <p class='ocr_par' dir='ltr' id='par_1_6' title="bbox 188 681 1723 756">
     <span class='ocr_line' id='line_1_6' title="bbox 188 681 1723 756; baseline 0.001 -18"><span class='ocrx_word' id='word_1_27' title='bbox 188 681 609 756; x_wconf 75' lang='lat' dir='ltr'><strong>oculosoccisis</strong></span> <span class='ocrx_word' id='word_1_28' title='bbox 645 681 775 737; x_wconf 80' lang='lat' dir='ltr'><strong>ﬁliis</strong></span> <span class='ocrx_word' id='word_1_29' title='bbox 802 683 966 753; x_wconf 88' lang='lat' dir='ltr'><strong>eruit,</strong></span> <span class='ocrx_word' id='word_1_30' title='bbox 1006 690 1061 740; x_wconf 90' lang='lat' dir='ltr'><strong>et</strong></span> <span class='ocrx_word' id='word_1_31' title='bbox 1098 682 1378 739; x_wconf 86' lang='lat' dir='ltr'><strong>cherubim</strong></span> <span class='ocrx_word' id='word_1_32' title='bbox 1405 683 1471 740; x_wconf 90' lang='lat' dir='ltr'><strong>de</strong></span> <span class='ocrx_word' id='word_1_33' title='bbox 1519 681 1723 756; x_wconf 83' lang='lat' dir='ltr'><strong>templo</strong></span> 
     </span>
    </p>
   </div>
   <div class='ocr_carea' id='block_1_7' title="bbox 191 752 485 809">
    <p class='ocr_par' dir='ltr' id='par_1_7' title="bbox 191 752 485 809">
     <span class='ocr_line' id='line_1_7' title="bbox 191 752 485 809; baseline 0.003 -2"><span class='ocrx_word' id='word_1_34' title='bbox 191 752 453 809; x_wconf 78' lang='lat' dir='ltr'><strong>abstulit.</strong></span> <span class='ocrx_word' id='word_1_35' title='bbox 472 769 485 783; x_wconf 85' lang='grc'><strong>·</strong></span> 
     </span>
    </p>
   </div>
   <div class='ocr_carea' id='block_1_8' title="bbox 186 872 1720 950">
    <p class='ocr_par' dir='ltr' id='par_1_8' title="bbox 186 872 1720 950">
     <span class='ocr_line' id='line_1_8' title="bbox 186 872 1720 950; baseline 0.003 -21"><span class='ocrx_word' id='word_1_36' title='bbox 186 874 474 947; x_wconf 82' lang='lat' dir='ltr'><strong>Imagines</strong></span> <span class='ocrx_word' id='word_1_37' title='bbox 513 892 769 950; x_wconf 84' lang='lat' dir='ltr'><strong>namque,</strong></span> <span class='ocrx_word' id='word_1_38' title='bbox 816 884 878 933; x_wconf 91' lang='lat' dir='ltr'><strong>ut</strong></span> <span class='ocrx_word' id='word_1_39' title='bbox 924 875 1118 932; x_wconf 89' lang='lat' dir='ltr'><strong>crebro</strong></span> <span class='ocrx_word' id='word_1_40' title='bbox 1142 873 1258 945; x_wconf 87' lang='lat' dir='ltr'><strong>jam</strong></span> <span class='ocrx_word' id='word_1_41' title='bbox 1288 872 1542 942; x_wconf 84' lang='lat' dir='ltr'><strong>diximus,</strong></span> <span class='ocrx_word' id='word_1_42' title='bbox 1569 891 1720 948; x_wconf 88' lang='lat' dir='ltr'><strong>sper-</strong></span> 
     </span>
    </p>
   </div>
   <div class='ocr_carea' id='block_1_9' title="bbox 106 968 1716 1041">
    <p class='ocr_par' dir='ltr' id='par_1_9' title="bbox 106 968 1716 1041">
     <span class='ocr_line' id='line_1_9' title="bbox 106 968 1716 1041; baseline 0.002 -19"><span class='ocrx_word' id='word_1_43' title='bbox 106 968 315 1025; x_wconf 77' lang='lat' dir='ltr'><strong>nendo</strong></span> <span class='ocrx_word' id='word_1_44' title='bbox 334 968 605 1041; x_wconf 73' lang='lat' dir='ltr'><strong>frangere,</strong></span> <span class='ocrx_word' id='word_1_45' title='bbox 641 970 998 1027; x_wconf 82' lang='lat' dir='ltr'><strong>luminaribus</strong></span> <span class='ocrx_word' id='word_1_46' title='bbox 1028 976 1085 1024; x_wconf 88' lang='lat' dir='ltr'><strong>et</strong></span> <span class='ocrx_word' id='word_1_47' title='bbox 1112 968 1555 1041; x_wconf 85' lang='lat' dir='ltr'><strong>thymiamatibus</strong></span> <span class='ocrx_word' id='word_1_48' title='bbox 1582 968 1716 1026; x_wconf 72' lang='lat' dir='ltr'><strong>oile—</strong></span> 
     </span>
    </p>
   </div>
   <div class='ocr_carea' id='block_1_10' title="bbox 105 1060 1720 1139">
    <p class='ocr_par' dir='ltr' id='par_1_10' title="bbox 105 1060 1720 1139">
     <span class='ocr_line' id='line_1_10' title="bbox 105 1060 1720 1139; baseline 0.002 -26"><span class='ocrx_word' id='word_1_49' title='bbox 105 1062 309 1116; x_wconf 84' lang='lat' dir='ltr'><strong>rendo</strong></span> <span class='ocrx_word' id='word_1_50' title='bbox 355 1061 603 1129; x_wconf 80' lang='lat' dir='ltr'><strong>adorare,</strong></span> <span class='ocrx_word' id='word_1_51' title='bbox 675 1062 824 1117; x_wconf 89' lang='lat' dir='ltr'><strong>nulla</strong></span> <span class='ocrx_word' id='word_1_52' title='bbox 872 1060 1090 1132; x_wconf 91' lang='lat' dir='ltr'><strong>penitus</strong></span> <span class='ocrx_word' id='word_1_53' title='bbox 1133 1061 1457 1139; x_wconf 26' lang='lat' dir='ltr'><strong>authentica&#39;</strong></span> <span class='ocrx_word' id='word_1_54' title='bbox 1489 1060 1720 1117; x_wconf 74' lang='lat' dir='ltr'><strong>lectione</strong></span> 
     </span>
    </p>
   </div>
   <div class='ocr_carea' id='block_1_11' title="bbox 105 1151 1719 1223">
    <p class='ocr_par' dir='ltr' id='par_1_11' title="bbox 105 1151 1719 1223">
     <span class='ocr_line' id='line_1_11' title="bbox 105 1151 1719 1223; baseline 0.002 -18"><span class='ocrx_word' id='word_1_55' title='bbox 105 1159 408 1219; x_wconf 79' lang='lat' dir='ltr'><strong>censetur,</strong></span> <span class='ocrx_word' id='word_1_56' title='bbox 452 1167 628 1223; x_wconf 78' lang='lat' dir='ltr'><strong>neque</strong></span> <span class='ocrx_word' id='word_1_57' title='bbox 666 1151 827 1208; x_wconf 84' lang='lat' dir='ltr'><strong>ullius</strong></span> <span class='ocrx_word' id='word_1_58' title='bbox 872 1152 1048 1208; x_wconf 91' lang='lat' dir='ltr'><strong>sancti</strong></span> <span class='ocrx_word' id='word_1_59' title='bbox 1097 1152 1342 1223; x_wconf 83' lang='lat' dir='ltr'><strong>exemplo</strong></span> <span class='ocrx_word' id='word_1_60' title='bbox 1370 1152 1487 1209; x_wconf 87' lang='lat' dir='ltr'><strong>ﬁeri</strong></span> <span class='ocrx_word' id='word_1_61' title='bbox 1518 1153 1719 1209; x_wconf 85' lang='lat' dir='ltr'><strong>debere</strong></span> 
     </span>
    </p>
   </div>
   <div class='ocr_carea' id='block_1_12' title="bbox 104 1244 1715 1316">
    <p class='ocr_par' dir='ltr' id='par_1_12' title="bbox 104 1244 1715 1316">
     <span class='ocr_line' id='line_1_12' title="bbox 104 1244 1715 1316; baseline 0.001 -19"><span class='ocrx_word' id='word_1_62' title='bbox 104 1250 487 1309; x_wconf 83' lang='lat' dir='ltr'><strong>monstratur,</strong></span> <span class='ocrx_word' id='word_1_63' title='bbox 542 1260 668 1300; x_wconf 86' lang='lat' dir='ltr'><strong>cum</strong></span> <span class='ocrx_word' id='word_1_64' title='bbox 711 1244 1015 1315; x_wconf 78' lang='lat' dir='ltr'><strong>praesertim</strong></span> <span class='ocrx_word' id='word_1_65' title='bbox 1068 1244 1325 1316; x_wconf 81' lang='lat' dir='ltr'><strong>frangere</strong></span> <span class='ocrx_word' id='word_1_66' title='bbox 1350 1260 1445 1300; x_wconf 90' lang='lat' dir='ltr'><strong>eas</strong></span> <span class='ocrx_word' id='word_1_67' title='bbox 1467 1244 1581 1300; x_wconf 84' lang='lat' dir='ltr'><strong>sive</strong></span> <span class='ocrx_word' id='word_1_68' title='bbox 1613 1244 1715 1299; x_wconf 85' lang='lat' dir='ltr'><strong>ad-</strong></span> 
     </span>
    </p>
   </div>
   <div class='ocr_carea' id='block_1_13' title="bbox 108 1336 1713 1410">
    <p class='ocr_par' dir='ltr' id='par_1_13' title="bbox 108 1336 1713 1410">
     <span class='ocr_line' id='line_1_13' title="bbox 108 1336 1713 1410; baseline 0.002 -20"><span class='ocrx_word' id='word_1_69' title='bbox 108 1347 289 1390; x_wconf 73' lang='lat' dir='ltr'><strong>orare</strong></span> <span class='ocrx_word' id='word_1_70' title='bbox 319 1349 352 1388; x_wconf 77' lang='grc' dir='ltr'>ι</span> <span class='ocrx_word' id='word_1_71' title='bbox 376 1336 698 1405; x_wconf 79' lang='lat' dir='ltr'><strong>quibusdam</strong></span> <span class='ocrx_word' id='word_1_72' title='bbox 748 1337 954 1393; x_wconf 83' lang='lat' dir='ltr'><strong>sanctis</strong></span> <span class='ocrx_word' id='word_1_73' title='bbox 993 1339 1237 1408; x_wconf 85' lang='lat' dir='ltr'><strong>patribus</strong></span> <span class='ocrx_word' id='word_1_74' title='bbox 1265 1338 1335 1394; x_wconf 90' lang='lat' dir='ltr'><strong>sit</strong></span> <span class='ocrx_word' id='word_1_75' title='bbox 1360 1338 1713 1410; x_wconf 88' lang='lat' dir='ltr'><strong>prohibitum,</strong></span> 
     </span>
    </p>
   </div>
   <div class='ocr_carea' id='block_1_14' title="bbox 110 1425 1719 1498">
    <p class='ocr_par' dir='ltr' id='par_1_14' title="bbox 110 1425 1719 1498">
     <span class='ocr_line' id='line_1_14' title="bbox 110 1425 1719 1498; baseline 0.004 -20"><span class='ocrx_word' id='word_1_76' title='bbox 110 1431 173 1478; x_wconf 90' lang='lat' dir='ltr'><strong>et</strong></span> <span class='ocrx_word' id='word_1_77' title='bbox 222 1439 344 1481; x_wconf 69' lang='lat' dir='ltr'><strong>non</strong></span> <span class='ocrx_word' id='word_1_78' title='bbox 388 1425 684 1493; x_wconf 71' lang='lat' dir='ltr'><strong>immerito,</strong></span> <span class='ocrx_word' id='word_1_79' title='bbox 738 1427 870 1498; x_wconf 82' lang='lat' dir='ltr'><strong>quia</strong></span> <span class='ocrx_word' id='word_1_80' title='bbox 912 1442 944 1484; x_wconf 90' lang='lat' dir='ltr'><strong>a</strong></span> <span class='ocrx_word' id='word_1_81' title='bbox 987 1429 1197 1485; x_wconf 81' lang='lat' dir='ltr'><strong>cautela</strong></span> <span class='ocrx_word' id='word_1_82' title='bbox 1236 1437 1324 1486; x_wconf 89' lang='lat' dir='ltr'><strong>est</strong></span> <span class='ocrx_word' id='word_1_83' title='bbox 1362 1431 1589 1485; x_wconf 86' lang='lat' dir='ltr'><strong>omnino</strong></span> <span class='ocrx_word' id='word_1_84' title='bbox 1637 1445 1719 1486; x_wconf 82' lang='lat' dir='ltr'><strong>re-</strong></span> 
     </span>
    </p>
   </div>
   <div class='ocr_carea' id='block_1_15' title="bbox 108 1515 1719 1593">
    <p class='ocr_par' dir='ltr' id='par_1_15' title="bbox 108 1515 1719 1593">
     <span class='ocr_line' id='line_1_15' title="bbox 108 1515 1719 1593; baseline 0.005 -24"><span class='ocrx_word' id='word_1_85' title='bbox 108 1521 356 1581; x_wconf 75' lang='lat' dir='ltr'><strong>motum,</strong></span> <span class='ocrx_word' id='word_1_86' title='bbox 401 1515 551 1585; x_wconf 85' lang='lat' dir='ltr'><strong>quod</strong></span> <span class='ocrx_word' id='word_1_87' title='bbox 600 1524 891 1589; x_wconf 76' lang='lat' dir='ltr'><strong>utrumque</strong></span> <span class='ocrx_word' id='word_1_88' title='bbox 926 1518 1004 1575; x_wconf 87' lang='lat' dir='ltr'><strong>illi</strong></span> <span class='ocrx_word' id='word_1_89' title='bbox 1052 1528 1368 1591; x_wconf 79' lang='lat' dir='ltr'><strong>perpetrant</strong></span> <span class='ocrx_word' id='word_1_90' title='bbox 1403 1522 1497 1592; x_wconf 91' lang='lat' dir='ltr'><strong>qui</strong></span> <span class='ocrx_word' id='word_1_91' title='bbox 1559 1537 1719 1593; x_wconf 84' lang='lat' dir='ltr'><strong>syno—</strong></span> 
     </span>
    </p>
   </div>
   <div class='ocr_carea' id='block_1_16' title="bbox 112 1605 1715 1675">
    <p class='ocr_par' dir='ltr' id='par_1_16' title="bbox 112 1605 1715 1675">
     <span class='ocr_line' id='line_1_16' title="bbox 112 1605 1715 1675; baseline 0.006 -15"><span class='ocrx_word' id='word_1_92' title='bbox 112 1605 221 1662; x_wconf 84' lang='lat' dir='ltr'><strong>dos</strong></span> <span class='ocrx_word' id='word_1_93' title='bbox 266 1607 501 1675; x_wconf 76' lang='lat' dir='ltr'><strong>faciunt.</strong></span> <span class='ocrx_word' id='word_1_94' title='bbox 550 1617 647 1669; x_wconf 79' lang='lat' dir='ltr'><strong>aut</strong></span> <span class='ocrx_word' id='word_1_95' title='bbox 683 1611 755 1667; x_wconf 87' lang='lat' dir='ltr'><strong>ob</strong></span> <span class='ocrx_word' id='word_1_96' title='bbox 776 1626 968 1667; x_wconf 87' lang='lat' dir='ltr'><strong>earum</strong></span> <span class='ocrx_word' id='word_1_97' title='bbox 992 1627 1103 1668; x_wconf 87' lang='lat' dir='ltr'><strong>non</strong></span> <span class='ocrx_word' id='word_1_98' title='bbox 1153 1614 1520 1669; x_wconf 82' lang='lat' dir='ltr'><strong>necessariam</strong></span> <span class='ocrx_word' id='word_1_99' title='bbox 1540 1613 1715 1669; x_wconf 90' lang='lat' dir='ltr'><strong>aboli-</strong></span> 
     </span>
    </p>
   </div>
   <div class='ocr_carea' id='block_1_17' title="bbox 110 1697 1716 1774">
    <p class='ocr_par' dir='ltr' id='par_1_17' title="bbox 110 1697 1716 1774">
     <span class='ocr_line' id='line_1_17' title="bbox 110 1697 1716 1774; baseline 0.006 -24"><span class='ocrx_word' id='word_1_100' title='bbox 110 1697 357 1764; x_wconf 88' lang='lat' dir='ltr'><strong>tionem,</strong></span> <span class='ocrx_word' id='word_1_101' title='bbox 408 1706 504 1754; x_wconf 89' lang='lat' dir='ltr'><strong>aut</strong></span> <span class='ocrx_word' id='word_1_102' title='bbox 549 1700 716 1754; x_wconf 82' lang='lat' dir='ltr'><strong>etiam</strong></span> <span class='ocrx_word' id='word_1_103' title='bbox 745 1702 817 1757; x_wconf 93' lang='lat' dir='ltr'><strong>ob</strong></span> <span class='ocrx_word' id='word_1_104' title='bbox 863 1716 1055 1757; x_wconf 89' lang='lat' dir='ltr'><strong>earum</strong></span> <span class='ocrx_word' id='word_1_105' title='bbox 1081 1703 1496 1774; x_wconf 87' lang='lat' dir='ltr'><strong>inopportunam</strong></span> <span class='ocrx_word' id='word_1_106' title='bbox 1521 1705 1716 1760; x_wconf 86' lang='lat' dir='ltr'><strong>adora-</strong></span> 
     </span>
    </p>
   </div>
   <div class='ocr_carea' id='block_1_18' title="bbox 110 1788 1718 1865">
    <p class='ocr_par' dir='ltr' id='par_1_18' title="bbox 110 1788 1718 1865">
     <span class='ocr_line' id='line_1_18' title="bbox 110 1788 1718 1865; baseline 0.006 -23"><span class='ocrx_word' id='word_1_107' title='bbox 110 1788 360 1844; x_wconf 85' lang='lat' dir='ltr'><strong>tionem.</strong></span> <span class='ocrx_word' id='word_1_108' title='bbox 430 1790 624 1847; x_wconf 86' lang='lat' dir='ltr'><strong>Dicunt</strong></span> <span class='ocrx_word' id='word_1_109' title='bbox 672 1804 803 1863; x_wconf 75' lang='lat' dir='ltr'><strong>ergo</strong></span> <span class='ocrx_word' id='word_1_110' title='bbox 874 1793 970 1862; x_wconf 88' lang='lat' dir='ltr'><strong>qui</strong></span> <span class='ocrx_word' id='word_1_111' title='bbox 1018 1806 1113 1850; x_wconf 87' lang='lat' dir='ltr'><strong>eas</strong></span> <span class='ocrx_word' id='word_1_112' title='bbox 1163 1804 1427 1865; x_wconf 90' lang='lat' dir='ltr'><strong>spernunt</strong></span> <span class='ocrx_word' id='word_1_113' title='bbox 1475 1795 1718 1865; x_wconf 86' lang='lat' dir='ltr'><strong>ejusdem</strong></span> 
     </span>
    </p>
   </div>
   <div class='ocr_carea' id='block_1_19' title="bbox 111 1880 1720 1960">
    <p class='ocr_par' dir='ltr' id='par_1_19' title="bbox 111 1880 1720 1960">
     <span class='ocr_line' id='line_1_19' title="bbox 111 1880 1720 1960; baseline 0.008 -26"><span class='ocrx_word' id='word_1_114' title='bbox 111 1880 382 1936; x_wconf 77' lang='lat' dir='ltr'><strong>criminis</strong></span> <span class='ocrx_word' id='word_1_115' title='bbox 427 1895 568 1947; x_wconf 84' lang='lat' dir='ltr'><strong>esse,</strong></span> <span class='ocrx_word' id='word_1_116' title='bbox 620 1884 781 1953; x_wconf 77' lang='lat' dir='ltr'><strong>cujus</strong></span> <span class='ocrx_word' id='word_1_117' title='bbox 834 1884 1327 1946; x_wconf 80' lang='lat' dir='ltr'><strong>Nabuchodonosor</strong></span> <span class='ocrx_word' id='word_1_118' title='bbox 1362 1890 1455 1959; x_wconf 88' lang='lat' dir='ltr'><strong>qui</strong></span> <span class='ocrx_word' id='word_1_119' title='bbox 1482 1892 1720 1960; x_wconf 85' lang='lat' dir='ltr'><strong>peccatis</strong></span> 
     </span>
    </p>
   </div>
   <div class='ocr_carea' id='block_1_20' title="bbox 106 1969 1718 2045">
    <p class='ocr_par' dir='ltr' id='par_1_20' title="bbox 106 1969 1718 2045">
     <span class='ocr_line' id='line_1_20' title="bbox 106 1969 1718 2045; baseline 0.007 -21"><span class='ocrx_word' id='word_1_120' title='bbox 106 1969 447 2029; x_wconf 63' lang='lat' dir='ltr'><strong>Israelitica:</strong></span> <span class='ocrx_word' id='word_1_121' title='bbox 470 1974 649 2045; x_wconf 89' lang='lat' dir='ltr'><strong>gentis</strong></span> <span class='ocrx_word' id='word_1_122' title='bbox 681 1974 1136 2032; x_wconf 85' lang='lat' dir='ltr'><strong>invalescentibus</strong></span> <span class='ocrx_word' id='word_1_123' title='bbox 1181 1979 1446 2036; x_wconf 87' lang='lat' dir='ltr'><strong>tremendi</strong></span> <span class='ocrx_word' id='word_1_124' title='bbox 1500 1980 1718 2036; x_wconf 83' lang='lat' dir='ltr'><strong>arbitrii</strong></span> 
     </span>
    </p>
   </div>
   <div class='ocr_carea' id='block_1_21' title="bbox 110 2061 1719 2138">
    <p class='ocr_par' dir='ltr' id='par_1_21' title="bbox 110 2061 1719 2138">
     <span class='ocr_line' id='line_1_21' title="bbox 110 2061 1719 2138; baseline 0.006 -21"><span class='ocrx_word' id='word_1_125' title='bbox 110 2061 204 2117; x_wconf 85' lang='lat' dir='ltr'><strong>ira</strong></span> <span class='ocrx_word' id='word_1_126' title='bbox 255 2074 491 2135; x_wconf 74' lang='lat' dir='ltr'><strong>urgente</strong></span> <span class='ocrx_word' id='word_1_127' title='bbox 525 2064 723 2122; x_wconf 65' lang='lat' dir='ltr'><strong>Iudaeae</strong></span> <span class='ocrx_word' id='word_1_128' title='bbox 768 2083 997 2138; x_wconf 89' lang='lat' dir='ltr'><strong>regnum</strong></span> <span class='ocrx_word' id='word_1_129' title='bbox 1040 2068 1324 2136; x_wconf 79' lang='lat' dir='ltr'><strong>destruxit,</strong></span> <span class='ocrx_word' id='word_1_130' title='bbox 1369 2085 1557 2126; x_wconf 88' lang='lat' dir='ltr'><strong>muros</strong></span> <span class='ocrx_word' id='word_1_131' title='bbox 1593 2087 1719 2127; x_wconf 86' lang='lat' dir='ltr'><strong>san-</strong></span> 
     </span>
    </p>
   </div>
   <div class='ocr_carea' id='block_1_22' title="bbox 112 2149 1719 2226">
    <p class='ocr_par' dir='ltr' id='par_1_22' title="bbox 112 2149 1719 2226">
     <span class='ocr_line' id='line_1_22' title="bbox 112 2149 1719 2226; baseline 0.007 -16"><span class='ocrx_word' id='word_1_132' title='bbox 112 2162 227 2211; x_wconf 66' lang='lat' dir='ltr'><strong>ctae</strong></span> <span class='ocrx_word' id='word_1_133' title='bbox 271 2157 549 2224; x_wconf 81' lang='lat' dir='ltr'><strong>quondam</strong></span> <span class='ocrx_word' id='word_1_134' title='bbox 623 2159 861 2215; x_wconf 76' lang='lat' dir='ltr'><strong>civitatis</strong></span> <span class='ocrx_word' id='word_1_135' title='bbox 914 2162 1149 2226; x_wconf 87' lang='lat' dir='ltr'><strong>evertit,</strong></span> <span class='ocrx_word' id='word_1_136' title='bbox 1198 2171 1258 2219; x_wconf 84' lang='lat' dir='ltr'><strong>et</strong></span> <span class='ocrx_word' id='word_1_137' title='bbox 1335 2149 1513 2219; x_wconf 75' lang='lat' dir='ltr'><strong>diruta</strong></span> <span class='ocrx_word' id='word_1_138' title='bbox 1554 2165 1719 2222; x_wconf 84' lang='lat' dir='ltr'><strong>totius</strong></span> 
     </span>
    </p>
   </div>
   <div class='ocr_carea' id='block_1_23' title="bbox 115 2245 1717 2323">
    <p class='ocr_par' dir='ltr' id='par_1_23' title="bbox 115 2245 1717 2323">
     <span class='ocr_line' id='line_1_23' title="bbox 115 2245 1717 2323; baseline 0.007 -24"><span class='ocrx_word' id='word_1_139' title='bbox 115 2245 317 2315; x_wconf 77' lang='lat' dir='ltr'><strong>templi</strong></span> <span class='ocrx_word' id='word_1_140' title='bbox 359 2254 659 2313; x_wconf 75' lang='lat' dir='ltr'><strong>venustate,</strong></span> <span class='ocrx_word' id='word_1_141' title='bbox 710 2250 995 2305; x_wconf 81' lang='lat' dir='ltr'><strong>cherubim</strong></span> <span class='ocrx_word' id='word_1_142' title='bbox 1040 2267 1260 2323; x_wconf 88' lang='lat' dir='ltr'><strong>quoque</strong></span> <span class='ocrx_word' id='word_1_143' title='bbox 1313 2253 1530 2323; x_wconf 88' lang='lat' dir='ltr'><strong>dejecit.</strong></span> <span class='ocrx_word' id='word_1_144' title='bbox 1556 2254 1717 2321; x_wconf 84' lang='lat' dir='ltr'><strong>Quod</strong></span> 
     </span>
    </p>
   </div>
   <div class='ocr_carea' id='block_1_24' title="bbox 120 2334 1719 2414">
    <p class='ocr_par' dir='ltr' id='par_1_24' title="bbox 120 2334 1719 2414">
     <span class='ocr_line' id='line_1_24' title="bbox 120 2334 1719 2414; baseline 0.008 -26"><span class='ocrx_word' id='word_1_145' title='bbox 120 2334 359 2404; x_wconf 88' lang='lat' dir='ltr'><strong>quidem</strong></span> <span class='ocrx_word' id='word_1_146' title='bbox 399 2337 448 2392; x_wconf 92' lang='lat' dir='ltr'><strong>si</strong></span> <span class='ocrx_word' id='word_1_147' title='bbox 498 2338 571 2393; x_wconf 85' lang='lat' dir='ltr'><strong>ita</strong></span> <span class='ocrx_word' id='word_1_148' title='bbox 629 2346 791 2404; x_wconf 84' lang='lat' dir='ltr'><strong>esset,</strong></span> <span class='ocrx_word' id='word_1_149' title='bbox 840 2353 949 2396; x_wconf 86' lang='lat' dir='ltr'><strong>non</strong></span> <span class='ocrx_word' id='word_1_150' title='bbox 989 2341 1043 2396; x_wconf 88' lang='lat' dir='ltr'><strong>iu</strong></span> <span class='ocrx_word' id='word_1_151' title='bbox 1068 2357 1170 2398; x_wconf 91' lang='lat' dir='ltr'><strong>nos</strong></span> <span class='ocrx_word' id='word_1_152' title='bbox 1208 2344 1312 2399; x_wconf 88' lang='lat' dir='ltr'><strong>hoc</strong></span> <span class='ocrx_word' id='word_1_153' title='bbox 1366 2345 1576 2400; x_wconf 82' lang='lat' dir='ltr'><strong>crimen</strong></span> <span class='ocrx_word' id='word_1_154' title='bbox 1594 2359 1719 2414; x_wconf 80' lang='lat' dir='ltr'><strong>pos-</strong></span> 
     </span>
    </p>
   </div>
   <div class='ocr_carea' id='block_1_25' title="bbox 113 2424 1715 2496">
    <p class='ocr_par' dir='ltr' id='par_1_25' title="bbox 113 2424 1715 2496">
     <span class='ocr_line' id='line_1_25' title="bbox 113 2424 1715 2496; baseline 0.009 -18"><span class='ocrx_word' id='word_1_155' title='bbox 113 2430 210 2479; x_wconf 80' lang='lat' dir='ltr'><strong>set</strong></span> <span class='ocrx_word' id='word_1_156' title='bbox 259 2424 482 2490; x_wconf 82' lang='lat' dir='ltr'><strong>cadere,</strong></span> <span class='ocrx_word' id='word_1_157' title='bbox 512 2426 623 2496; x_wconf 83' lang='lat' dir='ltr'><strong>qui</strong></span> <span class='ocrx_word' id='word_1_158' title='bbox 647 2442 740 2483; x_wconf 87' lang='lat' dir='ltr'><strong>eas</strong></span> <span class='ocrx_word' id='word_1_159' title='bbox 781 2428 839 2482; x_wconf 85' lang='lat' dir='ltr'><strong>in</strong></span> <span class='ocrx_word' id='word_1_160' title='bbox 865 2431 1204 2487; x_wconf 86' lang='lat' dir='ltr'><strong>ornamentis</strong></span> <span class='ocrx_word' id='word_1_161' title='bbox 1226 2431 1482 2491; x_wconf 59' lang='lat' dir='ltr'><strong>Ecclesiae</strong></span> <span class='ocrx_word' id='word_1_162' title='bbox 1511 2434 1715 2493; x_wconf 78' lang='lat' dir='ltr'><strong>habere</strong></span> 
     </span>
    </p>
   </div>
   <div class='ocr_carea' id='block_1_26' title="bbox 114 2518 1711 2596">
    <p class='ocr_par' dir='ltr' id='par_1_26' title="bbox 114 2518 1711 2596">
     <span class='ocr_line' id='line_1_26' title="bbox 114 2518 1711 2596; baseline 0.008 -24"><span class='ocrx_word' id='word_1_163' title='bbox 114 2518 535 2587; x_wconf 79' lang='lat' dir='ltr'><strong>permittentes,</strong></span> <span class='ocrx_word' id='word_1_164' title='bbox 596 2521 773 2577; x_wconf 86' lang='lat' dir='ltr'><strong>modis</strong></span> <span class='ocrx_word' id='word_1_165' title='bbox 810 2524 1063 2580; x_wconf 86' lang='lat' dir='ltr'><strong>omnibus</strong></span> <span class='ocrx_word' id='word_1_166' title='bbox 1112 2526 1420 2594; x_wconf 82' lang='lat' dir='ltr'><strong>spernimus</strong></span> <span class='ocrx_word' id='word_1_167' title='bbox 1458 2527 1711 2596; x_wconf 75' lang='lat' dir='ltr'><strong>adorare,</strong></span> 
     </span>
    </p>
   </div>
   <div class='ocr_carea' id='block_1_27' title="bbox 116 2609 1715 2688">
    <p class='ocr_par' dir='ltr' id='par_1_27' title="bbox 116 2609 1715 2688">
     <span class='ocr_line' id='line_1_27' title="bbox 116 2609 1715 2688; baseline 0.008 -24"><span class='ocrx_word' id='word_1_168' title='bbox 116 2609 225 2665; x_wconf 88' lang='lat' dir='ltr'><strong>sed</strong></span> <span class='ocrx_word' id='word_1_169' title='bbox 263 2610 329 2665; x_wconf 89' lang='lat' dir='ltr'><strong>in</strong></span> <span class='ocrx_word' id='word_1_170' title='bbox 365 2625 555 2666; x_wconf 84' lang='lat' dir='ltr'><strong>eorum</strong></span> <span class='ocrx_word' id='word_1_171' title='bbox 598 2613 1016 2682; x_wconf 89' lang='lat' dir='ltr'><strong>prodecessores</strong></span> <span class='ocrx_word' id='word_1_172' title='bbox 1059 2614 1140 2670; x_wconf 89' lang='lat' dir='ltr'><strong>vel</strong></span> <span class='ocrx_word' id='word_1_173' title='bbox 1164 2624 1415 2686; x_wconf 88' lang='lat' dir='ltr'><strong>parentes</strong></span> <span class='ocrx_word' id='word_1_174' title='bbox 1474 2619 1567 2688; x_wconf 92' lang='lat' dir='ltr'><strong>qui</strong></span> <span class='ocrx_word' id='word_1_175' title='bbox 1617 2634 1715 2677; x_wconf 88' lang='lat' dir='ltr'><strong>eas</strong></span> 
     </span>
    </p>
   </div>
   <div class='ocr_carea' id='block_1_28' title="bbox 114 2701 1715 2775">
    <p class='ocr_par' dir='ltr' id='par_1_28' title="bbox 114 2701 1715 2775">
     <span class='ocr_line' id='line_1_28' title="bbox 114 2701 1715 2775; baseline 0.007 -21"><span class='ocrx_word' id='word_1_176' title='bbox 114 2701 472 2757; x_wconf 85' lang='lat' dir='ltr'><strong>ornamentis</strong></span> <span class='ocrx_word' id='word_1_177' title='bbox 510 2702 858 2759; x_wconf 83' lang='lat' dir='ltr'><strong>basilicarum</strong></span> <span class='ocrx_word' id='word_1_178' title='bbox 894 2705 963 2760; x_wconf 89' lang='lat' dir='ltr'><strong>ab</strong></span> <span class='ocrx_word' id='word_1_179' title='bbox 1002 2705 1243 2775; x_wconf 85' lang='lat' dir='ltr'><strong>antiquis</strong></span> <span class='ocrx_word' id='word_1_180' title='bbox 1285 2706 1558 2764; x_wconf 86' lang='lat' dir='ltr'><strong>adbibitas</strong></span> <span class='ocrx_word' id='word_1_181' title='bbox 1608 2708 1715 2765; x_wconf 86' lang='lat' dir='ltr'><strong>fre-</strong></span> 
     </span>
    </p>
   </div>
   <div class='ocr_carea' id='block_1_29' title="bbox 113 2795 1715 2872">
    <p class='ocr_par' dir='ltr' id='par_1_29' title="bbox 113 2795 1715 2872">
     <span class='ocr_line' id='line_1_29' title="bbox 113 2795 1715 2872; baseline 0.004 -23"><span class='ocrx_word' id='word_1_182' title='bbox 113 2807 254 2862; x_wconf 73' lang='lat' dir='ltr'><strong>gem</strong></span> <span class='ocrx_word' id='word_1_183' title='bbox 275 2800 340 2850; x_wconf 82' lang='lat' dir='ltr'><strong>et</strong></span> <span class='ocrx_word' id='word_1_184' title='bbox 399 2795 615 2864; x_wconf 80' lang='lat' dir='ltr'><strong>penitus</strong></span> <span class='ocrx_word' id='word_1_185' title='bbox 664 2795 957 2853; x_wconf 83' lang='lat' dir='ltr'><strong>abolendas</strong></span> <span class='ocrx_word' id='word_1_186' title='bbox 1017 2812 1268 2854; x_wconf 82' lang='lat' dir='ltr'><strong>sanxere.</strong></span> <span class='ocrx_word' id='word_1_187' title='bbox 1320 2797 1455 2854; x_wconf 85' lang='lat' dir='ltr'><strong>Tam</strong></span> <span class='ocrx_word' id='word_1_188' title='bbox 1516 2814 1715 2872; x_wconf 79' lang='lat' dir='ltr'><strong>anceps</strong></span> 
     </span>
    </p>
   </div>
   <div class='ocr_carea' id='block_1_30' title="bbox 112 2881 1716 2958">
    <p class='ocr_par' dir='ltr' id='par_1_30' title="bbox 112 2881 1716 2958">
     <span class='ocr_line' id='line_1_30' title="bbox 112 2881 1716 2958; baseline 0.005 -22"><span class='ocrx_word' id='word_1_189' title='bbox 112 2881 315 2952; x_wconf 81' lang='lat' dir='ltr'><strong>itaque</strong></span> <span class='ocrx_word' id='word_1_190' title='bbox 349 2883 575 2952; x_wconf 80' lang='lat' dir='ltr'><strong>hujusce</strong></span> <span class='ocrx_word' id='word_1_191' title='bbox 606 2886 779 2956; x_wconf 84' lang='lat' dir='ltr'><strong>partis</strong></span> <span class='ocrx_word' id='word_1_192' title='bbox 825 2886 879 2942; x_wconf 92' lang='lat' dir='ltr'><strong>in</strong></span> <span class='ocrx_word' id='word_1_193' title='bbox 904 2902 1000 2942; x_wconf 88' lang='lat' dir='ltr'><strong>eos</strong></span> <span class='ocrx_word' id='word_1_194' title='bbox 1024 2887 1291 2943; x_wconf 88' lang='lat' dir='ltr'><strong>sententia</strong></span> <span class='ocrx_word' id='word_1_195' title='bbox 1336 2887 1571 2958; x_wconf 85' lang='lat' dir='ltr'><strong>pendere</strong></span> <span class='ocrx_word' id='word_1_196' title='bbox 1594 2904 1716 2945; x_wconf 87' lang='lat' dir='ltr'><strong>cer-</strong></span> 
     </span>
    </p>
   </div>
   <div class='ocr_carea' id='block_1_31' title="bbox 114 2975 1713 3051">
    <p class='ocr_par' dir='ltr' id='par_1_31' title="bbox 114 2975 1713 3051">
     <span class='ocr_line' id='line_1_31' title="bbox 114 2975 1713 3051; baseline 0.006 -22"><span class='ocrx_word' id='word_1_197' title='bbox 114 2975 300 3041; x_wconf 87' lang='lat' dir='ltr'><strong>nitur,</strong></span> <span class='ocrx_word' id='word_1_198' title='bbox 332 2983 391 3030; x_wconf 89' lang='lat' dir='ltr'><strong>ut</strong></span> <span class='ocrx_word' id='word_1_199' title='bbox 413 2977 673 3047; x_wconf 88' lang='lat' dir='ltr'><strong>quidquid</strong></span> <span class='ocrx_word' id='word_1_200' title='bbox 702 2993 770 3033; x_wconf 79' lang='lat' dir='ltr'><strong>ex</strong></span> <span class='ocrx_word' id='word_1_201' title='bbox 795 2993 861 3033; x_wconf 87' lang='lat' dir='ltr'><strong>ea</strong></span> <span class='ocrx_word' id='word_1_202' title='bbox 894 2978 1175 3034; x_wconf 89' lang='lat' dir='ltr'><strong>molestius</strong></span> <span class='ocrx_word' id='word_1_203' title='bbox 1219 2978 1713 3051; x_wconf 83' lang='lat' dir='ltr'><strong>exsecrabiliusque</strong></span> 
     </span>
    </p>
   </div>
   <div class='ocr_carea' id='block_1_32' title="bbox 112 3068 1784 3153">
    <p class='ocr_par' dir='ltr' id='par_1_32' title="bbox 112 3068 1784 3153">
     <span class='ocr_line' id='line_1_32' title="bbox 112 3068 1784 3153; baseline 0.004 -31"><span class='ocrx_word' id='word_1_204' title='bbox 112 3068 454 3137; x_wconf 83' lang='lat' dir='ltr'><strong>protulerint</strong></span> <span class='ocrx_word' id='word_1_205' title='bbox 505 3078 606 3125; x_wconf 87' lang='lat' dir='ltr'><strong>aut</strong></span> <span class='ocrx_word' id='word_1_206' title='bbox 659 3085 720 3126; x_wconf 85' lang='lat' dir='ltr'><strong>se</strong></span> <span class='ocrx_word' id='word_1_207' title='bbox 741 3081 835 3126; x_wconf 80' lang='lat' dir='ltr'><strong>aut</strong></span> <span class='ocrx_word' id='word_1_208' title='bbox 880 3071 1293 3141; x_wconf 83' lang='lat' dir='ltr'><strong>prodecessores</strong></span> <span class='ocrx_word' id='word_1_209' title='bbox 1316 3087 1445 3128; x_wconf 89' lang='lat' dir='ltr'><strong>suos</strong></span> <span class='ocrx_word' id='word_1_210' title='bbox 1480 3071 1709 3129; x_wconf 87' lang='lat' dir='ltr'><strong>inevita-</strong></span> <span class='ocrx_word' id='word_1_211' title='bbox 1735 3088 1784 3153; x_wconf 76' lang='grc' dir='ltr'>α</span> 
     </span>
    </p>
   </div>
   <div class='ocr_carea' id='block_1_33' title="bbox 116 3159 1707 3232">
    <p class='ocr_par' dir='ltr' id='par_1_33' title="bbox 116 3159 1707 3232">
     <span class='ocr_line' id='line_1_33' title="bbox 116 3159 1707 3232; baseline 0.004 -19"><span class='ocrx_word' id='word_1_212' title='bbox 116 3159 309 3215; x_wconf 86' lang='lat' dir='ltr'><strong>biliter</strong></span> <span class='ocrx_word' id='word_1_213' title='bbox 330 3159 592 3216; x_wconf 83' lang='lat' dir='ltr'><strong>damnare</strong></span> <span class='ocrx_word' id='word_1_214' title='bbox 633 3161 935 3216; x_wconf 85' lang='lat' dir='ltr'><strong>videantur.</strong></span> <span class='ocrx_word' id='word_1_215' title='bbox 982 3160 1119 3217; x_wconf 87' lang='lat' dir='ltr'><strong>Cum</strong></span> <span class='ocrx_word' id='word_1_216' title='bbox 1168 3162 1339 3232; x_wconf 81' lang='lat' dir='ltr'><strong>igitur</strong></span> <span class='ocrx_word' id='word_1_217' title='bbox 1364 3162 1443 3218; x_wconf 86' lang='lat' dir='ltr'><strong>illi</strong></span> <span class='ocrx_word' id='word_1_218' title='bbox 1473 3161 1707 3231; x_wconf 80' lang='lat' dir='ltr'><strong>majores</strong></span> 
     </span>
    </p>
   </div>
   <div class='ocr_carea' id='block_1_34' title="bbox 116 3252 1704 3324">
    <p class='ocr_par' dir='ltr' id='par_1_34' title="bbox 116 3252 1704 3324">
     <span class='ocr_line' id='line_1_34' title="bbox 116 3252 1704 3324; baseline 0.004 -20"><span class='ocrx_word' id='word_1_219' title='bbox 116 3264 249 3307; x_wconf 83' lang='lat' dir='ltr'><strong>suos</strong></span> <span class='ocrx_word' id='word_1_220' title='bbox 275 3252 347 3307; x_wconf 89' lang='lat' dir='ltr'><strong>ob</strong></span> <span class='ocrx_word' id='word_1_221' title='bbox 389 3265 577 3307; x_wconf 81' lang='lat' dir='ltr'><strong>catum</strong></span> <span class='ocrx_word' id='word_1_222' title='bbox 600 3252 950 3309; x_wconf 84' lang='lat' dir='ltr'><strong>abolitionem</strong></span> <span class='ocrx_word' id='word_1_223' title='bbox 988 3261 1268 3323; x_wconf 84' lang='lat' dir='ltr'><strong>spernant,</strong></span> <span class='ocrx_word' id='word_1_224' title='bbox 1316 3268 1485 3324; x_wconf 87' lang='lat' dir='ltr'><strong>seque</strong></span> <span class='ocrx_word' id='word_1_225' title='bbox 1505 3256 1576 3310; x_wconf 91' lang='lat' dir='ltr'><strong>ob</strong></span> <span class='ocrx_word' id='word_1_226' title='bbox 1603 3269 1704 3310; x_wconf 86' lang='lat' dir='ltr'><strong>ea-</strong></span> 
     </span>
    </p>
   </div>
   <div class='ocr_carea' id='block_1_35' title="bbox 118 3343 1707 3419">
    <p class='ocr_par' dir='ltr' id='par_1_35' title="bbox 118 3343 1707 3419">
     <span class='ocr_line' id='line_1_35' title="bbox 118 3343 1707 3419; baseline 0.005 -22"><span class='ocrx_word' id='word_1_227' title='bbox 118 3355 243 3397; x_wconf 88' lang='lat' dir='ltr'><strong>rum</strong></span> <span class='ocrx_word' id='word_1_228' title='bbox 287 3343 659 3399; x_wconf 84' lang='lat' dir='ltr'><strong>adorationem</strong></span> <span class='ocrx_word' id='word_1_229' title='bbox 706 3359 960 3414; x_wconf 80' lang='lat' dir='ltr'><strong>magnam</strong></span> <span class='ocrx_word' id='word_1_230' title='bbox 1022 3346 1345 3402; x_wconf 86' lang='lat' dir='ltr'><strong>meritorum</strong></span> <span class='ocrx_word' id='word_1_231' title='bbox 1391 3350 1707 3419; x_wconf 83' lang='lat' dir='ltr'><strong>praerogati-</strong></span> 
     </span>
    </p>
   </div>
   <div class='ocr_carea' id='block_1_36' title="bbox 116 3433 1707 3509">
    <p class='ocr_par' dir='ltr' id='par_1_36' title="bbox 116 3433 1707 3509">
     <span class='ocr_line' id='line_1_36' title="bbox 116 3433 1707 3509; baseline 0.007 -24"><span class='ocrx_word' id='word_1_232' title='bbox 116 3444 241 3487; x_wconf 83' lang='lat' dir='ltr'><strong>vam</strong></span> <span class='ocrx_word' id='word_1_233' title='bbox 292 3434 496 3490; x_wconf 87' lang='lat' dir='ltr'><strong>habere</strong></span> <span class='ocrx_word' id='word_1_234' title='bbox 522 3433 747 3503; x_wconf 78' lang='lat' dir='ltr'><strong>iactent,</strong></span> <span class='ocrx_word' id='word_1_235' title='bbox 778 3452 881 3492; x_wconf 88' lang='lat' dir='ltr'><strong>nec</strong></span> <span class='ocrx_word' id='word_1_236' title='bbox 901 3437 992 3493; x_wconf 92' lang='lat' dir='ltr'><strong>isti</strong></span> <span class='ocrx_word' id='word_1_237' title='bbox 1013 3440 1283 3509; x_wconf 76' lang='lat' dir='ltr'><strong>cozequari</strong></span> <span class='ocrx_word' id='word_1_238' title='bbox 1305 3448 1514 3509; x_wconf 85' lang='lat' dir='ltr'><strong>queunt</strong></span> <span class='ocrx_word' id='word_1_239' title='bbox 1535 3441 1707 3497; x_wconf 64' lang='lat' dir='ltr'><strong>aediﬁ-</strong></span> 
     </span>
    </p>
   </div>
   <div class='ocr_carea' id='block_1_37' title="bbox 114 3525 1706 3600">
    <p class='ocr_par' dir='ltr' id='par_1_37' title="bbox 114 3525 1706 3600">
     <span class='ocr_line' id='line_1_37' title="bbox 114 3525 1706 3600; baseline 0.006 -22"><span class='ocrx_word' id='word_1_240' title='bbox 114 3525 401 3580; x_wconf 84' lang='lat' dir='ltr'><strong>catoribus</strong></span> <span class='ocrx_word' id='word_1_241' title='bbox 451 3525 597 3581; x_wconf 87' lang='lat' dir='ltr'><strong>illius</strong></span> <span class='ocrx_word' id='word_1_242' title='bbox 659 3528 953 3583; x_wconf 75' lang='lat' dir='ltr'><strong>venerandi</strong></span> <span class='ocrx_word' id='word_1_243' title='bbox 1006 3530 1190 3600; x_wconf 89' lang='lat' dir='ltr'><strong>templi</strong></span> <span class='ocrx_word' id='word_1_244' title='bbox 1266 3531 1323 3586; x_wconf 88' lang='lat' dir='ltr'><strong>in</strong></span> <span class='ocrx_word' id='word_1_245' title='bbox 1362 3531 1541 3597; x_wconf 81' lang='lat' dir='ltr'><strong>laude,</strong></span> <span class='ocrx_word' id='word_1_246' title='bbox 1602 3546 1706 3588; x_wconf 88' lang='lat' dir='ltr'><strong>nec</strong></span> 
     </span>
    </p>
   </div>
   <div class='ocr_carea' id='block_1_38' title="bbox 113 3612 1706 3693">
    <p class='ocr_par' dir='ltr' id='par_1_38' title="bbox 113 3612 1706 3693">
     <span class='ocr_line' id='line_1_38' title="bbox 113 3612 1706 3693; baseline 0.008 -26"><span class='ocrx_word' id='word_1_247' title='bbox 113 3612 342 3669; x_wconf 88' lang='lat' dir='ltr'><strong>illorum</strong></span> <span class='ocrx_word' id='word_1_248' title='bbox 374 3613 610 3682; x_wconf 81' lang='lat' dir='ltr'><strong>majores</strong></span> <span class='ocrx_word' id='word_1_249' title='bbox 648 3615 890 3684; x_wconf 85' lang='lat' dir='ltr'><strong>ejusdem</strong></span> <span class='ocrx_word' id='word_1_250' title='bbox 918 3622 1260 3678; x_wconf 77' lang='lat' dir='ltr'><strong>eversoribus</strong></span> <span class='ocrx_word' id='word_1_251' title='bbox 1304 3637 1371 3677; x_wconf 89' lang='lat' dir='ltr'><strong>eo</strong></span> <span class='ocrx_word' id='word_1_252' title='bbox 1413 3625 1706 3693; x_wconf 57' lang='lat' dir='ltr'><strong>aequabun-</strong></span> 
     </span>
    </p>
   </div>
   <div class='ocr_carea' id='block_1_39' title="bbox 114 3703 1704 3779">
    <p class='ocr_par' dir='ltr' id='par_1_39' title="bbox 114 3703 1704 3779">
     <span class='ocr_line' id='line_1_39' title="bbox 114 3703 1704 3779; baseline 0.008 -22"><span class='ocrx_word' id='word_1_253' title='bbox 114 3710 209 3758; x_wconf 90' lang='lat' dir='ltr'><strong>tur</strong></span> <span class='ocrx_word' id='word_1_254' title='bbox 236 3704 306 3758; x_wconf 84' lang='lat' dir='ltr'><strong>in</strong></span> <span class='ocrx_word' id='word_1_255' title='bbox 353 3703 601 3769; x_wconf 85' lang='lat' dir='ltr'><strong>crimine,</strong></span> <span class='ocrx_word' id='word_1_256' title='bbox 628 3707 884 3775; x_wconf 84' lang='lat' dir='ltr'><strong>quoniam</strong></span> <span class='ocrx_word' id='word_1_257' title='bbox 912 3718 1115 3779; x_wconf 78' lang='lat' dir='ltr'><strong>quanta</strong></span> <span class='ocrx_word' id='word_1_258' title='bbox 1151 3719 1237 3767; x_wconf 87' lang='lat' dir='ltr'><strong>est</strong></span> <span class='ocrx_word' id='word_1_259' title='bbox 1278 3713 1533 3769; x_wconf 88' lang='lat' dir='ltr'><strong>distantia</strong></span> <span class='ocrx_word' id='word_1_260' title='bbox 1561 3714 1704 3769; x_wconf 89' lang='lat' dir='ltr'><strong>inter</strong></span> 
     </span>
    </p>
   </div>
   <div class='ocr_carea' id='block_1_40' title="bbox 112 3792 1702 3875">
    <p class='ocr_par' dir='ltr' id='par_1_40' title="bbox 112 3792 1702 3875">
     <span class='ocr_line' id='line_1_40' title="bbox 112 3792 1702 3875; baseline 0.009 -29"><span class='ocrx_word' id='word_1_261' title='bbox 112 3792 381 3863; x_wconf 88' lang='lat' dir='ltr'><strong>templum</strong></span> <span class='ocrx_word' id='word_1_262' title='bbox 424 3794 621 3848; x_wconf 89' lang='lat' dir='ltr'><strong>summi</strong></span> <span class='ocrx_word' id='word_1_263' title='bbox 668 3795 766 3850; x_wconf 89' lang='lat' dir='ltr'><strong>Dei</strong></span> <span class='ocrx_word' id='word_1_264' title='bbox 792 3796 938 3866; x_wconf 85' lang='lat' dir='ltr'><strong>quod</strong></span> <span class='ocrx_word' id='word_1_265' title='bbox 971 3799 1294 3856; x_wconf 83' lang='lat' dir='ltr'><strong>aediﬁcatum</strong></span> <span class='ocrx_word' id='word_1_266' title='bbox 1318 3811 1406 3859; x_wconf 84' lang='lat' dir='ltr'><strong>est</strong></span> <span class='ocrx_word' id='word_1_267' title='bbox 1459 3812 1702 3875; x_wconf 85' lang='lat' dir='ltr'><strong>tempore</strong></span> 
     </span>
    </p>
   </div>
   <div class='ocr_carea' id='block_1_41' title="bbox 113 3886 1703 3964">
    <p class='ocr_par' dir='ltr' id='par_1_41' title="bbox 113 3886 1703 3964">
     <span class='ocr_line' id='line_1_41' title="bbox 113 3886 1703 3964; baseline 0.006 -25"><span class='ocrx_word' id='word_1_268' title='bbox 113 3886 508 3955; x_wconf 80' lang='lat' dir='ltr'><strong>prephetarum</strong></span> <span class='ocrx_word' id='word_1_269' title='bbox 550 3902 584 3941; x_wconf 83' lang='lat' dir='ltr'><strong>a</strong></span> <span class='ocrx_word' id='word_1_270' title='bbox 609 3886 743 3942; x_wconf 86' lang='lat' dir='ltr'><strong>viris</strong></span> <span class='ocrx_word' id='word_1_271' title='bbox 784 3887 1104 3961; x_wconf 84' lang='lat' dir='ltr'><strong>illustribus,</strong></span> <span class='ocrx_word' id='word_1_272' title='bbox 1133 3899 1190 3946; x_wconf 88' lang='lat' dir='ltr'><strong>et</strong></span> <span class='ocrx_word' id='word_1_273' title='bbox 1213 3893 1474 3961; x_wconf 84' lang='lat' dir='ltr'><strong>quasdam</strong></span> <span class='ocrx_word' id='word_1_274' title='bbox 1512 3895 1703 3964; x_wconf 89' lang='lat' dir='ltr'><strong>imagi-</strong></span> 
     </span>
    </p>
   </div>
   <div class='ocr_carea' id='block_1_42' title="bbox 114 3979 1703 4056">
    <p class='ocr_par' dir='ltr' id='par_1_42' title="bbox 114 3979 1703 4056">
     <span class='ocr_line' id='line_1_42' title="bbox 114 3979 1703 4056; baseline 0.007 -26"><span class='ocrx_word' id='word_1_275' title='bbox 114 3988 232 4044; x_wconf 87' lang='lat' dir='ltr'><strong>nes,</strong></span> <span class='ocrx_word' id='word_1_276' title='bbox 257 3992 385 4049; x_wconf 63' lang='lat' dir='ltr'><strong>quae</strong></span> <span class='ocrx_word' id='word_1_277' title='bbox 410 3994 444 4033; x_wconf 85' lang='lat' dir='ltr'><strong>a</strong></span> <span class='ocrx_word' id='word_1_278' title='bbox 466 3979 795 4050; x_wconf 76' lang='lat' dir='ltr'><strong>quibuslibet</strong></span> <span class='ocrx_word' id='word_1_279' title='bbox 816 3980 953 4035; x_wconf 88' lang='lat' dir='ltr'><strong>ﬁunt</strong></span> <span class='ocrx_word' id='word_1_280' title='bbox 977 3982 1294 4049; x_wconf 87' lang='lat' dir='ltr'><strong>artiﬁcibus,</strong></span> <span class='ocrx_word' id='word_1_281' title='bbox 1322 3992 1473 4040; x_wconf 87' lang='lat' dir='ltr'><strong>tanta</strong></span> <span class='ocrx_word' id='word_1_282' title='bbox 1514 3986 1703 4056; x_wconf 86' lang='lat' dir='ltr'><strong>procul</strong></span> 
     </span>
    </p>
   </div>
   <div class='ocr_carea' id='block_1_43' title="bbox 114 4066 1701 4146">
    <p class='ocr_par' dir='ltr' id='par_1_43' title="bbox 114 4066 1701 4146">
     <span class='ocr_line' id='line_1_43' title="bbox 114 4066 1701 4146; baseline 0.009 -24"><span class='ocrx_word' id='word_1_283' title='bbox 114 4066 277 4125; x_wconf 87' lang='lat' dir='ltr'><strong>dubio</strong></span> <span class='ocrx_word' id='word_1_284' title='bbox 330 4068 594 4126; x_wconf 80' lang='lat' dir='ltr'><strong>distantia</strong></span> <span class='ocrx_word' id='word_1_285' title='bbox 624 4080 710 4127; x_wconf 90' lang='lat' dir='ltr'><strong>est</strong></span> <span class='ocrx_word' id='word_1_286' title='bbox 746 4072 890 4128; x_wconf 86' lang='lat' dir='ltr'><strong>inter</strong></span> <span class='ocrx_word' id='word_1_287' title='bbox 918 4071 1158 4142; x_wconf 87' lang='lat' dir='ltr'><strong>ejusdem</strong></span> <span class='ocrx_word' id='word_1_288' title='bbox 1201 4076 1386 4146; x_wconf 88' lang='lat' dir='ltr'><strong>templi</strong></span> <span class='ocrx_word' id='word_1_289' title='bbox 1424 4092 1701 4137; x_wconf 83' lang='lat' dir='ltr'><strong>eversores</strong></span> 
     </span>
    </p>
   </div>
   <div class='ocr_carea' id='block_1_44' title="bbox 112 4160 1699 4232">
    <p class='ocr_par' dir='ltr' id='par_1_44' title="bbox 112 4160 1699 4232">
     <span class='ocr_line' id='line_1_44' title="bbox 112 4160 1699 4232; baseline 0.011 -20"><span class='ocrx_word' id='word_1_290' title='bbox 112 4163 169 4212; x_wconf 88' lang='lat' dir='ltr'><strong>et</strong></span> <span class='ocrx_word' id='word_1_291' title='bbox 211 4160 512 4231; x_wconf 79' lang='lat' dir='ltr'><strong>imaginum</strong></span> <span class='ocrx_word' id='word_1_292' title='bbox 567 4170 986 4232; x_wconf 82' lang='lat' dir='ltr'><strong>contemptores.</strong></span> <span class='ocrx_word' id='word_1_293' title='bbox 1018 4164 1127 4221; x_wconf 89' lang='lat' dir='ltr'><strong>Sed</strong></span> <span class='ocrx_word' id='word_1_294' title='bbox 1173 4167 1299 4223; x_wconf 89' lang='lat' dir='ltr'><strong>dum</strong></span> <span class='ocrx_word' id='word_1_295' title='bbox 1344 4180 1444 4225; x_wconf 85' lang='lat' dir='ltr'><strong>nos</strong></span> <span class='ocrx_word' id='word_1_296' title='bbox 1483 4176 1537 4225; x_wconf 92' lang='lat' dir='ltr'><strong>et</strong></span> <span class='ocrx_word' id='word_1_297' title='bbox 1566 4170 1699 4230; x_wconf 87' lang='lat' dir='ltr'><strong>istos</strong></span> 
     </span>
    </p>
   </div>
   <div class='ocr_carea' id='block_1_45' title="bbox 112 4249 1698 4325">
    <p class='ocr_par' dir='ltr' id='par_1_45' title="bbox 112 4249 1698 4325">
     <span class='ocr_line' id='line_1_45' title="bbox 112 4249 1698 4325; baseline 0.012 -24"><span class='ocrx_word' id='word_1_298' title='bbox 112 4260 239 4303; x_wconf 84' lang='lat' dir='ltr'><strong>vera</strong></span> <span class='ocrx_word' id='word_1_299' title='bbox 272 4249 486 4305; x_wconf 86' lang='lat' dir='ltr'><strong>ratione</strong></span> <span class='ocrx_word' id='word_1_300' title='bbox 508 4286 524 4315; x_wconf 88' lang='lat'><strong>,</strong></span> <span class='ocrx_word' id='word_1_301' title='bbox 558 4252 651 4320; x_wconf 81' lang='lat' dir='ltr'><strong>qui</strong></span> <span class='ocrx_word' id='word_1_302' title='bbox 673 4268 770 4309; x_wconf 90' lang='lat' dir='ltr'><strong>eas</strong></span> <span class='ocrx_word' id='word_1_303' title='bbox 799 4255 1159 4325; x_wconf 88' lang='lat' dir='ltr'><strong>inopportune</strong></span> <span class='ocrx_word' id='word_1_304' title='bbox 1183 4259 1485 4317; x_wconf 79' lang='lat' dir='ltr'><strong>adorandas</strong></span> <span class='ocrx_word' id='word_1_305' title='bbox 1511 4263 1698 4321; x_wconf 87' lang='lat' dir='ltr'><strong>decer-</strong></span> 
     </span>
    </p>
   </div>
   <div class='ocr_carea' id='block_1_46' title="bbox 111 4342 1695 4425">
    <p class='ocr_par' dir='ltr' id='par_1_46' title="bbox 111 4342 1695 4425">
     <span class='ocr_line' id='line_1_46' title="bbox 111 4342 1695 4425; baseline 0.013 -32"><span class='ocrx_word' id='word_1_306' title='bbox 111 4348 264 4407; x_wconf 87' lang='lat' dir='ltr'><strong>nunt,</strong></span> <span class='ocrx_word' id='word_1_307' title='bbox 295 4351 353 4397; x_wconf 90' lang='lat' dir='ltr'><strong>et</strong></span> <span class='ocrx_word' id='word_1_308' title='bbox 394 4342 609 4398; x_wconf 87' lang='lat' dir='ltr'><strong>illorum</strong></span> <span class='ocrx_word' id='word_1_309' title='bbox 657 4346 890 4417; x_wconf 86' lang='lat' dir='ltr'><strong>majores</strong></span> <span class='ocrx_word' id='word_1_310' title='bbox 937 4349 1030 4418; x_wconf 90' lang='lat' dir='ltr'><strong>qui</strong></span> <span class='ocrx_word' id='word_1_311' title='bbox 1063 4364 1156 4407; x_wconf 87' lang='lat' dir='ltr'><strong>eas</strong></span> <span class='ocrx_word' id='word_1_312' title='bbox 1204 4352 1420 4408; x_wconf 84' lang='lat' dir='ltr'><strong>incaute</strong></span> <span class='ocrx_word' id='word_1_313' title='bbox 1470 4370 1695 4425; x_wconf 82' lang='lat' dir='ltr'><strong>prorsus</strong></span> 
     </span>
    </p>
   </div>
   <div class='ocr_carea' id='block_1_47' title="bbox 916 257 2601 332">
    <p class='ocr_par' dir='ltr' id='par_1_47' title="bbox 916 257 2601 332">
     <span class='ocr_line' id='line_1_47' title="bbox 916 257 2601 332; baseline 0.003 -7"><span class='ocrx_word' id='word_1_314' title='bbox 916 263 1100 327; x_wconf 80' lang='lat' dir='ltr'><strong>LIBRI</strong></span> <span class='ocrx_word' id='word_1_315' title='bbox 1134 259 1480 327; x_wconf 72' lang='lat' dir='ltr'><strong>CAROLINI.</strong></span> <span class='ocrx_word' id='word_1_316' title='bbox 1509 292 1582 310; x_wconf 88' lang='lat'><strong>--</strong></span> <span class='ocrx_word' id='word_1_317' title='bbox 1615 257 1842 324; x_wconf 72' lang='lat' dir='ltr'><strong>CAPIT.</strong></span> <span class='ocrx_word' id='word_1_318' title='bbox 1879 262 1969 324; x_wconf 78' lang='lat' dir='ltr'><strong>DE</strong></span> <span class='ocrx_word' id='word_1_319' title='bbox 2001 263 2193 328; x_wconf 66' lang='grc' dir='ltr'><strong>πως.</strong></span> <span class='ocrx_word' id='word_1_320' title='bbox 2229 296 2305 314; x_wconf 87' lang='lat'><strong>--</strong></span> <span class='ocrx_word' id='word_1_321' title='bbox 2338 264 2474 331; x_wconf 74' lang='lat' dir='ltr'><strong>LIB.</strong></span> <span class='ocrx_word' id='word_1_322' title='bbox 2509 270 2601 332; x_wconf 76' lang='lat' dir='ltr'><strong>iV.</strong></span> 
     </span>
    </p>
   </div>
   <div class='ocr_carea' id='block_1_48' title="bbox 3256 272 3396 339">
    <p class='ocr_par' dir='ltr' id='par_1_48' title="bbox 3256 272 3396 339">
     <span class='ocr_line' id='line_1_48' title="bbox 3256 272 3396 339; baseline 0.05 -6"><span class='ocrx_word' id='word_1_323' title='bbox 3256 272 3396 339; x_wconf 70' lang='lat' dir='ltr'><strong>M90</strong></span> 
     </span>
    </p>
   </div>
   <div class='ocr_carea' id='block_1_49' title="bbox 1692 384 3397 464">
    <p class='ocr_par' dir='ltr' id='par_1_49' title="bbox 1692 384 3397 464">
     <span class='ocr_line' id='line_1_49' title="bbox 1692 384 3397 464; baseline 0.009 -29"><span class='ocrx_word' id='word_1_324' title='bbox 1692 454 1703 462; x_wconf 27' lang='lat'><strong><em>~</em></strong></span> <span class='ocrx_word' id='word_1_325' title='bbox 1739 384 1791 443; x_wconf 75' lang='grc' dir='ltr'>Α</span> <span class='ocrx_word' id='word_1_326' title='bbox 1813 391 1937 437; x_wconf 78' lang='lat' dir='ltr'><strong>sunt</strong></span> <span class='ocrx_word' id='word_1_327' title='bbox 1963 397 2140 441; x_wconf 80' lang='lat' dir='ltr'><strong>omnes</strong></span> <span class='ocrx_word' id='word_1_328' title='bbox 2162 387 2256 457; x_wconf 77' lang='lat' dir='ltr'><strong>qui</strong></span> <span class='ocrx_word' id='word_1_329' title='bbox 2281 394 2332 441; x_wconf 82' lang='lat' dir='ltr'><strong>ts</strong></span> <span class='ocrx_word' id='word_1_330' title='bbox 2356 385 2579 443; x_wconf 63' lang='lat' dir='ltr'><strong>other-nt</strong></span> <span class='ocrx_word' id='word_1_331' title='bbox 2609 387 2823 463; x_wconf 83' lang='lat' dir='ltr'><strong>(Ibid.).</strong></span> <span class='ocrx_word' id='word_1_332' title='bbox 2866 389 2976 448; x_wconf 87' lang='lat' dir='ltr'><strong>Nec</strong></span> <span class='ocrx_word' id='word_1_333' title='bbox 3023 391 3079 449; x_wconf 91' lang='lat' dir='ltr'><strong>in</strong></span> <span class='ocrx_word' id='word_1_334' title='bbox 3123 392 3351 464; x_wconf 88' lang='lat' dir='ltr'><strong>picturis</strong></span> <span class='ocrx_word' id='word_1_335' title='bbox 3379 432 3397 462; x_wconf 90' lang='lat'><strong>,</strong></span> 
     </span>
    </p>
   </div>
   <div class='ocr_carea' id='block_1_50' title="bbox 1824 474 3399 551">
    <p class='ocr_par' dir='ltr' id='par_1_50' title="bbox 1824 474 3399 551">
     <span class='ocr_line' id='line_1_50' title="bbox 1824 474 3399 551; baseline 0.008 -21"><span class='ocrx_word' id='word_1_336' title='bbox 1824 476 1918 530; x_wconf 84' lang='lat' dir='ltr'><strong>sed</strong></span> <span class='ocrx_word' id='word_1_337' title='bbox 1947 474 2003 531; x_wconf 83' lang='lat' dir='ltr'><strong>in</strong></span> <span class='ocrx_word' id='word_1_338' title='bbox 2031 476 2171 533; x_wconf 88' lang='lat' dir='ltr'><strong>atrio</strong></span> <span class='ocrx_word' id='word_1_339' title='bbox 2196 477 2409 534; x_wconf 88' lang='lat' dir='ltr'><strong>Domini</strong></span> <span class='ocrx_word' id='word_1_340' title='bbox 2434 480 2587 551; x_wconf 86' lang='lat' dir='ltr'><strong>signa</strong></span> <span class='ocrx_word' id='word_1_341' title='bbox 2639 498 2755 550; x_wconf 90' lang='lat' dir='ltr'><strong>sua,</strong></span> <span class='ocrx_word' id='word_1_342' title='bbox 2801 484 2995 538; x_wconf 68' lang='lat' dir='ltr'><strong>vexilla</strong></span> <span class='ocrx_word' id='word_1_343' title='bbox 3022 484 3269 541; x_wconf 85' lang='lat' dir='ltr'><strong>videlicet</strong></span> <span class='ocrx_word' id='word_1_344' title='bbox 3303 487 3399 543; x_wconf 84' lang='lat' dir='ltr'><strong>ho-</strong></span> 
     </span>
    </p>
   </div>
   <div class='ocr_carea' id='block_1_51' title="bbox 1826 565 3401 649">
    <p class='ocr_par' dir='ltr' id='par_1_51' title="bbox 1826 565 3401 649">
     <span class='ocr_line' id='line_1_51' title="bbox 1826 565 3401 649; baseline 0.011 -31"><span class='ocrx_word' id='word_1_345' title='bbox 1826 565 1965 621; x_wconf 88' lang='lat' dir='ltr'><strong>stilia</strong></span> <span class='ocrx_word' id='word_1_346' title='bbox 1987 566 2265 627; x_wconf 81' lang='lat' dir='ltr'><strong>Chaldaici</strong></span> <span class='ocrx_word' id='word_1_347' title='bbox 2289 568 2405 627; x_wconf 83' lang='lat' dir='ltr'><strong>sive</strong></span> <span class='ocrx_word' id='word_1_348' title='bbox 2436 571 2667 628; x_wconf 83' lang='lat' dir='ltr'><strong>Romani</strong></span> <span class='ocrx_word' id='word_1_349' title='bbox 2700 576 2970 632; x_wconf 80' lang='lat' dir='ltr'><strong>exercitus</strong></span> <span class='ocrx_word' id='word_1_350' title='bbox 2992 577 3189 646; x_wconf 87' lang='lat' dir='ltr'><strong>posita,</strong></span> <span class='ocrx_word' id='word_1_351' title='bbox 3217 579 3401 649; x_wconf 86' lang='lat' dir='ltr'><strong>deplo-</strong></span> 
     </span>
    </p>
   </div>
   <div class='ocr_carea' id='block_1_52' title="bbox 1824 654 3395 744">
    <p class='ocr_par' dir='ltr' id='par_1_52' title="bbox 1824 654 3395 744">
     <span class='ocr_line' id='line_1_52' title="bbox 1824 654 3395 744; baseline 0.011 -32"><span class='ocrx_word' id='word_1_352' title='bbox 1824 664 1910 711; x_wconf 85' lang='lat' dir='ltr'><strong>rat</strong></span> <span class='ocrx_word' id='word_1_353' title='bbox 1933 654 2117 717; x_wconf 77' lang='lat' dir='ltr'><strong>dicens</strong></span> <span class='ocrx_word' id='word_1_354' title='bbox 2143 675 2159 717; x_wconf 90' lang='lat'><strong>:</strong></span> <span class='ocrx_word' id='word_1_355' title='bbox 2192 660 2262 718; x_wconf 81' lang='lat' dir='ltr'><strong>In</strong></span> <span class='ocrx_word' id='word_1_356' title='bbox 2296 665 2470 720; x_wconf 72' lang='lat' dir='ltr'><strong>medio</strong></span> <span class='ocrx_word' id='word_1_357' title='bbox 2500 668 2639 721; x_wconf 83' lang='lat' dir='ltr'><strong>atrio</strong></span> <span class='ocrx_word' id='word_1_358' title='bbox 2665 676 2756 724; x_wconf 81' lang='lat' dir='ltr'><strong>tuo</strong></span> <span class='ocrx_word' id='word_1_359' title='bbox 2794 681 3081 740; x_wconf 66' lang='lat' dir='ltr'><strong>posuerunt</strong></span> <span class='ocrx_word' id='word_1_360' title='bbox 3107 672 3260 744; x_wconf 85' lang='lat' dir='ltr'><strong>signa</strong></span> <span class='ocrx_word' id='word_1_361' title='bbox 3280 691 3395 739; x_wconf 82' lang='lat' dir='ltr'><strong>sua,</strong></span> 
     </span>
    </p>
   </div>
   <div class='ocr_carea' id='block_1_53' title="bbox 1824 750 3400 836">
    <p class='ocr_par' dir='ltr' id='par_1_53' title="bbox 1824 750 3400 836">
     <span class='ocr_line' id='line_1_53' title="bbox 1824 750 3400 836; baseline 0.013 -35"><span class='ocrx_word' id='word_1_362' title='bbox 1824 758 1874 803; x_wconf 84' lang='lat' dir='ltr'><strong>et</strong></span> <span class='ocrx_word' id='word_1_363' title='bbox 1897 750 2048 819; x_wconf 79' lang='lat' dir='ltr'><strong>signa</strong></span> <span class='ocrx_word' id='word_1_364' title='bbox 2080 766 2185 807; x_wconf 85' lang='lat' dir='ltr'><strong>non</strong></span> <span class='ocrx_word' id='word_1_365' title='bbox 2215 767 2566 826; x_wconf 70' lang='lat' dir='ltr'><strong>cognouerunt</strong></span> <span class='ocrx_word' id='word_1_366' title='bbox 2592 767 2846 833; x_wconf 71' lang='lat' dir='ltr'><strong>tanquam</strong></span> <span class='ocrx_word' id='word_1_367' title='bbox 2880 764 2939 817; x_wconf 72' lang='lat' dir='ltr'><strong>is</strong></span> <span class='ocrx_word' id='word_1_368' title='bbox 2962 764 3047 818; x_wconf 73' lang='lat' dir='ltr'><strong>ria</strong></span> <span class='ocrx_word' id='word_1_369' title='bbox 3068 781 3229 836; x_wconf 84' lang='lat' dir='ltr'><strong>supra</strong></span> <span class='ocrx_word' id='word_1_370' title='bbox 3257 784 3400 821; x_wconf 66' lang='lat' dir='ltr'><strong>sum.</strong></span> 
     </span>
    </p>
   </div>
   <div class='ocr_carea' id='block_1_54' title="bbox 1823 842 3401 927">
    <p class='ocr_par' dir='ltr' id='par_1_54' title="bbox 1823 842 3401 927">
     <span class='ocr_line' id='line_1_54' title="bbox 1823 842 3401 927; baseline 0.014 -33"><span class='ocrx_word' id='word_1_371' title='bbox 1823 858 1965 896; x_wconf 88' lang='lat' dir='ltr'><strong>mum</strong></span> <span class='ocrx_word' id='word_1_372' title='bbox 1995 842 2205 917; x_wconf 82' lang='lat' dir='ltr'><strong>(Ibid.).</strong></span> <span class='ocrx_word' id='word_1_373' title='bbox 2238 847 2349 903; x_wconf 90' lang='lat' dir='ltr'><strong>Nec</strong></span> <span class='ocrx_word' id='word_1_374' title='bbox 2376 850 2645 918; x_wconf 81' lang='lat' dir='ltr'><strong>pictorum</strong></span> <span class='ocrx_word' id='word_1_375' title='bbox 2665 852 2879 922; x_wconf 85' lang='lat' dir='ltr'><strong>jannas,</strong></span> <span class='ocrx_word' id='word_1_376' title='bbox 2904 858 3019 913; x_wconf 84' lang='lat' dir='ltr'><strong>sive</strong></span> <span class='ocrx_word' id='word_1_377' title='bbox 3045 861 3401 927; x_wconf 87' lang='lat' dir='ltr'><strong>quorumdam</strong></span> 
     </span>
    </p>
   </div>
   <div class='ocr_carea' id='block_1_55' title="bbox 1824 932 3402 1010">
    <p class='ocr_par' dir='ltr' id='par_1_55' title="bbox 1824 932 3402 1010">
     <span class='ocr_line' id='line_1_55' title="bbox 1824 932 3402 1010; baseline 0.013 -24"><span class='ocrx_word' id='word_1_378' title='bbox 1824 932 2090 988; x_wconf 89' lang='lat' dir='ltr'><strong>artiﬁcum</strong></span> <span class='ocrx_word' id='word_1_379' title='bbox 2140 936 2225 990; x_wconf 87' lang='lat' dir='ltr'><strong>vel</strong></span> <span class='ocrx_word' id='word_1_380' title='bbox 2272 939 2436 994; x_wconf 88' lang='lat' dir='ltr'><strong>etiam</strong></span> <span class='ocrx_word' id='word_1_381' title='bbox 2481 942 3105 1010; x_wconf 86' lang='lat' dir='ltr'><strong>pictarum.tahularum</strong></span> <span class='ocrx_word' id='word_1_382' title='bbox 3148 951 3402 1007; x_wconf 85' lang='lat' dir='ltr'><strong>materias</strong></span> 
     </span>
    </p>
   </div>
   <div class='ocr_carea' id='block_1_56' title="bbox 1824 1022 3402 1110">
    <p class='ocr_par' dir='ltr' id='par_1_56' title="bbox 1824 1022 3402 1110">
     <span class='ocr_line' id='line_1_56' title="bbox 1824 1022 3402 1110; baseline 0.013 -34"><span class='ocrx_word' id='word_1_383' title='bbox 1824 1022 2103 1079; x_wconf 85' lang='lat' dir='ltr'><strong>securibus</strong></span> <span class='ocrx_word' id='word_1_384' title='bbox 2140 1032 2195 1079; x_wconf 89' lang='lat' dir='ltr'><strong>et</strong></span> <span class='ocrx_word' id='word_1_385' title='bbox 2228 1028 2391 1081; x_wconf 90' lang='lat' dir='ltr'><strong>asciis</strong></span> <span class='ocrx_word' id='word_1_386' title='bbox 2441 1026 2676 1097; x_wconf 88' lang='lat' dir='ltr'><strong>dcjectas</strong></span> <span class='ocrx_word' id='word_1_387' title='bbox 2721 1031 2886 1090; x_wconf 73' lang='lat' dir='ltr'><strong>fuisse</strong></span> <span class='ocrx_word' id='word_1_388' title='bbox 2908 1076 2923 1101; x_wconf 91' lang='lat'><strong>,</strong></span> <span class='ocrx_word' id='word_1_389' title='bbox 2961 1040 3055 1094; x_wconf 89' lang='lat' dir='ltr'><strong>sed</strong></span> <span class='ocrx_word' id='word_1_390' title='bbox 3083 1042 3263 1110; x_wconf 88' lang='lat' dir='ltr'><strong>templi</strong></span> <span class='ocrx_word' id='word_1_391' title='bbox 3293 1042 3402 1097; x_wconf 88' lang='lat' dir='ltr'><strong>Do-</strong></span> 
     </span>
    </p>
   </div>
   <div class='ocr_carea' id='block_1_57' title="bbox 1824 1114 3404 1192">
    <p class='ocr_par' dir='ltr' id='par_1_57' title="bbox 1824 1114 3404 1192">
     <span class='ocr_line' id='line_1_57' title="bbox 1824 1114 3404 1192; baseline 0.012 -25"><span class='ocrx_word' id='word_1_392' title='bbox 1824 1114 1992 1182; x_wconf 90' lang='lat' dir='ltr'><strong>mini,</strong></span> <span class='ocrx_word' id='word_1_393' title='bbox 2039 1114 2094 1170; x_wconf 89' lang='lat' dir='ltr'><strong>in</strong></span> <span class='ocrx_word' id='word_1_394' title='bbox 2123 1131 2231 1187; x_wconf 90' lang='lat' dir='ltr'><strong>quo</strong></span> <span class='ocrx_word' id='word_1_395' title='bbox 2258 1127 2415 1175; x_wconf 87' lang='lat' dir='ltr'><strong>erant</strong></span> <span class='ocrx_word' id='word_1_396' title='bbox 2439 1128 2628 1178; x_wconf 90' lang='lat' dir='ltr'><strong>sancta</strong></span> <span class='ocrx_word' id='word_1_397' title='bbox 2652 1135 2983 1192; x_wconf 87' lang='lat' dir='ltr'><strong>sanctorum,</strong></span> <span class='ocrx_word' id='word_1_398' title='bbox 3012 1131 3404 1187; x_wconf 83' lang='lat' dir='ltr'><strong>sacratissimas</strong></span> 
     </span>
    </p>
   </div>
   <div class='ocr_carea' id='block_1_58' title="bbox 1817 1203 3404 1277">
    <p class='ocr_par' dir='ltr' id='par_1_58' title="bbox 1817 1203 3404 1277">
     <span class='ocr_line' id='line_1_58' title="bbox 1817 1203 3404 1277; baseline 0.011 -18"><span class='ocrx_word' id='word_1_399' title='bbox 1817 1203 2014 1274; x_wconf 86' lang='lat' dir='ltr'><strong>januas</strong></span> <span class='ocrx_word' id='word_1_400' title='bbox 2038 1206 2327 1265; x_wconf 87' lang='lat' dir='ltr'><strong>hostilibus</strong></span> <span class='ocrx_word' id='word_1_401' title='bbox 2368 1211 2554 1268; x_wconf 90' lang='lat' dir='ltr'><strong>cuneis</strong></span> <span class='ocrx_word' id='word_1_402' title='bbox 2580 1212 2778 1270; x_wconf 87' lang='lat' dir='ltr'><strong>incisas</strong></span> <span class='ocrx_word' id='word_1_403' title='bbox 2806 1214 2965 1273; x_wconf 84' lang='lat' dir='ltr'><strong>deﬁet</strong></span> <span class='ocrx_word' id='word_1_404' title='bbox 3005 1218 3187 1275; x_wconf 88' lang='lat' dir='ltr'><strong>dicens</strong></span> <span class='ocrx_word' id='word_1_405' title='bbox 3216 1237 3230 1273; x_wconf 86' lang='lat'><strong>:</strong></span> <span class='ocrx_word' id='word_1_406' title='bbox 3260 1219 3404 1277; x_wconf 86' lang='lat' dir='ltr'><strong>Tan-</strong></span> 
     </span>
    </p>
   </div>
   <div class='ocr_carea' id='block_1_59' title="bbox 1821 1298 3405 1381">
    <p class='ocr_par' dir='ltr' id='par_1_59' title="bbox 1821 1298 3405 1381">
     <span class='ocr_line' id='line_1_59' title="bbox 1821 1298 3405 1381; baseline 0.011 -32"><span class='ocrx_word' id='word_1_407' title='bbox 1821 1312 1980 1367; x_wconf 72' lang='lat' dir='ltr'><strong>quam</strong></span> <span class='ocrx_word' id='word_1_408' title='bbox 2023 1299 2080 1352; x_wconf 86' lang='lat' dir='ltr'><strong>in</strong></span> <span class='ocrx_word' id='word_1_409' title='bbox 2126 1298 2258 1356; x_wconf 79' lang='lat' dir='ltr'><strong>silva</strong></span> <span class='ocrx_word' id='word_1_410' title='bbox 2306 1300 2571 1372; x_wconf 72' lang='lat' dir='ltr'><strong>lignorum</strong></span> <span class='ocrx_word' id='word_1_411' title='bbox 2593 1306 2860 1361; x_wconf 76' lang='lat' dir='ltr'><strong>securibus</strong></span> <span class='ocrx_word' id='word_1_412' title='bbox 2882 1308 3185 1364; x_wconf 66' lang='lat' dir='ltr'><strong>exciderunt</strong></span> <span class='ocrx_word' id='word_1_413' title='bbox 3204 1312 3405 1381; x_wconf 83' lang='lat' dir='ltr'><strong>jannas</strong></span> 
     </span>
    </p>
   </div>
   <div class='ocr_carea' id='block_1_60' title="bbox 1822 1386 3405 1471">
    <p class='ocr_par' dir='ltr' id='par_1_60' title="bbox 1822 1386 3405 1471">
     <span class='ocr_line' id='line_1_60' title="bbox 1822 1386 3405 1471; baseline 0.011 -31"><span class='ocrx_word' id='word_1_414' title='bbox 1822 1386 1956 1457; x_wconf 75' lang='lat' dir='ltr'><strong>ejus,</strong></span> <span class='ocrx_word' id='word_1_415' title='bbox 1985 1387 2201 1458; x_wconf 82' lang='lat' dir='ltr'><strong>bipenne</strong></span> <span class='ocrx_word' id='word_1_416' title='bbox 2226 1400 2275 1445; x_wconf 90' lang='lat' dir='ltr'><strong>et</strong></span> <span class='ocrx_word' id='word_1_417' title='bbox 2302 1392 2448 1446; x_wconf 81' lang='lat' dir='ltr'><strong>ascia</strong></span> <span class='ocrx_word' id='word_1_418' title='bbox 2470 1393 2770 1465; x_wconf 78' lang='lat' dir='ltr'><strong>dejecerunt</strong></span> <span class='ocrx_word' id='word_1_419' title='bbox 2792 1413 2854 1451; x_wconf 84' lang='lat' dir='ltr'><strong>ea</strong></span> <span class='ocrx_word' id='word_1_420' title='bbox 2879 1395 3091 1471; x_wconf 86' lang='lat' dir='ltr'><strong>(Ibid.).</strong></span> <span class='ocrx_word' id='word_1_421' title='bbox 3121 1398 3232 1456; x_wconf 87' lang='lat' dir='ltr'><strong>Nec</strong></span> <span class='ocrx_word' id='word_1_422' title='bbox 3261 1416 3405 1457; x_wconf 85' lang='lat' dir='ltr'><strong>com-</strong></span> 
     </span>
    </p>
   </div>
   <div class='ocr_carea' id='block_1_61' title="bbox 1820 1479 3405 1564">
    <p class='ocr_par' dir='ltr' id='par_1_61' title="bbox 1820 1479 3405 1564">
     <span class='ocr_line' id='line_1_61' title="bbox 1820 1479 3405 1564; baseline 0.009 -30"><span class='ocrx_word' id='word_1_423' title='bbox 1820 1479 2127 1537; x_wconf 89' lang='lat' dir='ltr'><strong>bustionem</strong></span> <span class='ocrx_word' id='word_1_424' title='bbox 2161 1482 2274 1537; x_wconf 88' lang='lat' dir='ltr'><strong>sive</strong></span> <span class='ocrx_word' id='word_1_425' title='bbox 2320 1481 2790 1555; x_wconf 86' lang='lat' dir='ltr'><strong>inquinamentum</strong></span> <span class='ocrx_word' id='word_1_426' title='bbox 2818 1490 3175 1558; x_wconf 87' lang='lat' dir='ltr'><strong>quarumdam</strong></span> <span class='ocrx_word' id='word_1_427' title='bbox 3217 1492 3405 1564; x_wconf 62' lang='lat' dir='ltr'><strong>imagi«</strong></span> 
     </span>
    </p>
   </div>
   <div class='ocr_carea' id='block_1_62' title="bbox 1822 1574 3404 1655">
    <p class='ocr_par' dir='ltr' id='par_1_62' title="bbox 1822 1574 3404 1655">
     <span class='ocr_line' id='line_1_62' title="bbox 1822 1574 3404 1655; baseline 0.01 -31"><span class='ocrx_word' id='word_1_428' title='bbox 1822 1585 1972 1638; x_wconf 90' lang='lat' dir='ltr'><strong>num,</strong></span> <span class='ocrx_word' id='word_1_429' title='bbox 2010 1574 2104 1628; x_wconf 92' lang='lat' dir='ltr'><strong>sed</strong></span> <span class='ocrx_word' id='word_1_430' title='bbox 2132 1577 2421 1630; x_wconf 88' lang='lat' dir='ltr'><strong>sanctuarii</strong></span> <span class='ocrx_word' id='word_1_431' title='bbox 2456 1577 2670 1633; x_wconf 91' lang='lat' dir='ltr'><strong>Domini</strong></span> <span class='ocrx_word' id='word_1_432' title='bbox 2698 1580 2864 1635; x_wconf 91' lang='lat' dir='ltr'><strong>animi</strong></span> <span class='ocrx_word' id='word_1_433' title='bbox 2907 1596 3105 1651; x_wconf 83' lang='lat' dir='ltr'><strong>angore</strong></span> <span class='ocrx_word' id='word_1_434' title='bbox 3127 1587 3404 1655; x_wconf 84' lang='lat' dir='ltr'><strong>prosequi-</strong></span> 
     </span>
    </p>
   </div>
   <div class='ocr_carea' id='block_1_63' title="bbox 1826 1660 3403 1740">
    <p class='ocr_par' dir='ltr' id='par_1_63' title="bbox 1826 1660 3403 1740">
     <span class='ocr_line' id='line_1_63' title="bbox 1826 1660 3403 1740; baseline 0.008 -24"><span class='ocrx_word' id='word_1_435' title='bbox 1826 1670 1950 1718; x_wconf 91' lang='lat' dir='ltr'><strong>tur:</strong></span> <span class='ocrx_word' id='word_1_436' title='bbox 1980 1660 2352 1732; x_wconf 83' lang='lat' dir='ltr'><strong>Incenderunt,</strong></span> <span class='ocrx_word' id='word_1_437' title='bbox 2391 1667 2658 1736; x_wconf 88' lang='lat' dir='ltr'><strong>inquiens,</strong></span> <span class='ocrx_word' id='word_1_438' title='bbox 2711 1669 2821 1740; x_wconf 88' lang='lat' dir='ltr'><strong>igni</strong></span> <span class='ocrx_word' id='word_1_439' title='bbox 2850 1672 3211 1727; x_wconf 84' lang='lat' dir='ltr'><strong>sanctuarium</strong></span> <span class='ocrx_word' id='word_1_440' title='bbox 3254 1682 3403 1727; x_wconf 88' lang='lat' dir='ltr'><strong>tuum</strong></span> 
     </span>
    </p>
   </div>
   <div class='ocr_carea' id='block_1_64' title="bbox 1748 1737 3399 1838">
    <p class='ocr_par' dir='ltr' id='par_1_64' title="bbox 1748 1737 3399 1838">
     <span class='ocr_line' id='line_1_64' title="bbox 1748 1737 3399 1838; baseline 0.007 -29"><span class='ocrx_word' id='word_1_441' title='bbox 1748 1737 1796 1797; x_wconf 77' lang='grc' dir='ltr'><strong>Β</strong></span> <span class='ocrx_word' id='word_1_442' title='bbox 1826 1755 1879 1809; x_wconf 88' lang='lat' dir='ltr'><strong>in</strong></span> <span class='ocrx_word' id='word_1_443' title='bbox 1901 1762 2059 1821; x_wconf 90' lang='lat' dir='ltr'><strong>terra,</strong></span> <span class='ocrx_word' id='word_1_444' title='bbox 2080 1753 2376 1827; x_wconf 83' lang='lat' dir='ltr'><strong>polluerunt</strong></span> <span class='ocrx_word' id='word_1_445' title='bbox 2408 1737 2801 1813; x_wconf 82' lang='lat' dir='ltr'><strong>tabernaculum</strong></span> <span class='ocrx_word' id='word_1_446' title='bbox 2829 1762 3050 1818; x_wconf 78' lang='lat' dir='ltr'><strong>nominis</strong></span> <span class='ocrx_word' id='word_1_447' title='bbox 3087 1765 3161 1818; x_wconf 88' lang='lat' dir='ltr'><strong>tui</strong></span> <span class='ocrx_word' id='word_1_448' title='bbox 3189 1763 3399 1838; x_wconf 85' lang='lat' dir='ltr'><strong>(Ibid.).</strong></span> 
     </span>
    </p>
   </div>
   <div class='ocr_carea' id='block_1_65' title="bbox 1816 1849 3400 1924">
    <p class='ocr_par' dir='ltr' id='par_1_65' title="bbox 1816 1849 3400 1924">
     <span class='ocr_line' id='line_1_65' title="bbox 1816 1849 3400 1924; baseline 0.005 -19"><span class='ocrx_word' id='word_1_449' title='bbox 1816 1849 1931 1905; x_wconf 85' lang='lat' dir='ltr'><strong>Nec</strong></span> <span class='ocrx_word' id='word_1_450' title='bbox 1976 1865 2097 1905; x_wconf 89' lang='lat' dir='ltr'><strong>cum</strong></span> <span class='ocrx_word' id='word_1_451' title='bbox 2129 1849 2214 1906; x_wconf 89' lang='lat' dir='ltr'><strong>his</strong></span> <span class='ocrx_word' id='word_1_452' title='bbox 2246 1850 2444 1905; x_wconf 89' lang='lat' dir='ltr'><strong>similia</strong></span> <span class='ocrx_word' id='word_1_453' title='bbox 2491 1850 2545 1906; x_wconf 93' lang='lat' dir='ltr'><strong>in</strong></span> <span class='ocrx_word' id='word_1_454' title='bbox 2588 1851 2692 1909; x_wconf 88' lang='lat' dir='ltr'><strong>alio</strong></span> <span class='ocrx_word' id='word_1_455' title='bbox 2725 1854 2933 1924; x_wconf 88' lang='lat' dir='ltr'><strong>psalmo</strong></span> <span class='ocrx_word' id='word_1_456' title='bbox 2967 1854 3127 1913; x_wconf 80' lang='lat' dir='ltr'><strong>ﬂebili</strong></span> <span class='ocrx_word' id='word_1_457' title='bbox 3166 1858 3400 1914; x_wconf 40' lang='lat' dir='ltr'><strong>modula‘</strong></span> 
     </span>
    </p>
   </div>
   <div class='ocr_carea' id='block_1_66' title="bbox 1818 1941 3401 2018">
    <p class='ocr_par' dir='ltr' id='par_1_66' title="bbox 1818 1941 3401 2018">
     <span class='ocr_line' id='line_1_66' title="bbox 1818 1941 3401 2018; baseline 0.006 -22"><span class='ocrx_word' id='word_1_458' title='bbox 1818 1942 1964 1998; x_wconf 90' lang='lat' dir='ltr'><strong>tione</strong></span> <span class='ocrx_word' id='word_1_459' title='bbox 1989 1941 2275 2007; x_wconf 89' lang='lat' dir='ltr'><strong>cantabat,</strong></span> <span class='ocrx_word' id='word_1_460' title='bbox 2308 1958 2470 2011; x_wconf 90' lang='lat' dir='ltr'><strong>super</strong></span> <span class='ocrx_word' id='word_1_461' title='bbox 2499 1942 2794 2015; x_wconf 79' lang='lat' dir='ltr'><strong>imaginum</strong></span> <span class='ocrx_word' id='word_1_462' title='bbox 2822 1954 3219 2018; x_wconf 89' lang='lat' dir='ltr'><strong>contemptores</strong></span> <span class='ocrx_word' id='word_1_463' title='bbox 3262 1950 3401 2006; x_wconf 90' lang='lat' dir='ltr'><strong>iram</strong></span> 
     </span>
    </p>
   </div>
   <div class='ocr_carea' id='block_1_67' title="bbox 1817 2031 3401 2113">
    <p class='ocr_par' dir='ltr' id='par_1_67' title="bbox 1817 2031 3401 2113">
     <span class='ocr_line' id='line_1_67' title="bbox 1817 2031 3401 2113; baseline 0.007 -26"><span class='ocrx_word' id='word_1_464' title='bbox 1817 2032 2031 2087; x_wconf 91' lang='lat' dir='ltr'><strong>Domini</strong></span> <span class='ocrx_word' id='word_1_465' title='bbox 2052 2031 2448 2099; x_wconf 85' lang='lat' dir='ltr'><strong>eil‘undendam,</strong></span> <span class='ocrx_word' id='word_1_466' title='bbox 2486 2036 2580 2090; x_wconf 91' lang='lat' dir='ltr'><strong>sed</strong></span> <span class='ocrx_word' id='word_1_467' title='bbox 2632 2051 2795 2107; x_wconf 89' lang='lat' dir='ltr'><strong>super</strong></span> <span class='ocrx_word' id='word_1_468' title='bbox 2851 2040 3002 2095; x_wconf 90' lang='lat' dir='ltr'><strong>urbis</strong></span> <span class='ocrx_word' id='word_1_469' title='bbox 3050 2041 3163 2096; x_wconf 88' lang='lat' dir='ltr'><strong>sive</strong></span> <span class='ocrx_word' id='word_1_470' title='bbox 3214 2043 3401 2113; x_wconf 90' lang='lat' dir='ltr'><strong>templi</strong></span> 
     </span>
    </p>
   </div>
   <div class='ocr_carea' id='block_1_68' title="bbox 1816 2124 3401 2203">
    <p class='ocr_par' dir='ltr' id='par_1_68' title="bbox 1816 2124 3401 2203">
     <span class='ocr_line' id='line_1_68' title="bbox 1816 2124 3401 2203; baseline 0.008 -23"><span class='ocrx_word' id='word_1_471' title='bbox 1816 2138 2100 2180; x_wconf 86' lang='lat' dir='ltr'><strong>eversores</strong></span> <span class='ocrx_word' id='word_1_472' title='bbox 2125 2164 2141 2190; x_wconf 89' lang='lat'><strong>,</strong></span> <span class='ocrx_word' id='word_1_473' title='bbox 2166 2125 2252 2180; x_wconf 89' lang='lat' dir='ltr'><strong>vel</strong></span> <span class='ocrx_word' id='word_1_474' title='bbox 2277 2124 2439 2180; x_wconf 89' lang='lat' dir='ltr'><strong>etiam</strong></span> <span class='ocrx_word' id='word_1_475' title='bbox 2467 2126 2631 2183; x_wconf 90' lang='lat' dir='ltr'><strong>totius</strong></span> <span class='ocrx_word' id='word_1_476' title='bbox 2656 2128 2934 2187; x_wconf 81' lang='lat' dir='ltr'><strong>Israelitici</strong></span> <span class='ocrx_word' id='word_1_477' title='bbox 2960 2133 3140 2203; x_wconf 92' lang='lat' dir='ltr'><strong>populi</strong></span> <span class='ocrx_word' id='word_1_478' title='bbox 3166 2144 3401 2192; x_wconf 74' lang='lat' dir='ltr'><strong>vastato-</strong></span> 
     </span>
    </p>
   </div>
   <div class='ocr_carea' id='block_1_69' title="bbox 1814 2214 3400 2291">
    <p class='ocr_par' dir='ltr' id='par_1_69' title="bbox 1814 2214 3400 2291">
     <span class='ocr_line' id='line_1_69' title="bbox 1814 2214 3400 2291; baseline 0.008 -19"><span class='ocrx_word' id='word_1_479' title='bbox 1814 2231 1905 2291; x_wconf 79' lang='lat' dir='ltr'><strong>res</strong></span> <span class='ocrx_word' id='word_1_480' title='bbox 1958 2215 2149 2272; x_wconf 88' lang='lat' dir='ltr'><strong>orabat</strong></span> <span class='ocrx_word' id='word_1_481' title='bbox 2177 2216 2361 2273; x_wconf 89' lang='lat' dir='ltr'><strong>dicens</strong></span> <span class='ocrx_word' id='word_1_482' title='bbox 2390 2235 2402 2271; x_wconf 92' lang='lat'>:</span> <span class='ocrx_word' id='word_1_483' title='bbox 2436 2214 2734 2291; x_wconf 84' lang='lat' dir='ltr'><strong>Usquequo,</strong></span> <span class='ocrx_word' id='word_1_484' title='bbox 2764 2220 3005 2291; x_wconf 86' lang='lat' dir='ltr'><strong>Domine,</strong></span> <span class='ocrx_word' id='word_1_485' title='bbox 3050 2227 3294 2283; x_wconf 83' lang='lat' dir='ltr'><strong>irasceris</strong></span> <span class='ocrx_word' id='word_1_486' title='bbox 3346 2229 3400 2284; x_wconf 88' lang='lat' dir='ltr'><strong>in</strong></span> 
     </span>
    </p>
   </div>
   <div class='ocr_carea' id='block_1_70' title="bbox 1814 2311 3399 2389">
    <p class='ocr_par' dir='ltr' id='par_1_70' title="bbox 1814 2311 3399 2389">
     <span class='ocr_line' id='line_1_70' title="bbox 1814 2311 3399 2389; baseline 0.009 -25"><span class='ocrx_word' id='word_1_487' title='bbox 1814 2312 1972 2381; x_wconf 77' lang='lat' dir='ltr'><strong>ﬁnem</strong></span> <span class='ocrx_word' id='word_1_488' title='bbox 1987 2312 2013 2366; x_wconf 81' lang='lat'><strong><em>?</em></strong></span> <span class='ocrx_word' id='word_1_489' title='bbox 2034 2312 2116 2366; x_wconf 81' lang='lat' dir='ltr'><strong>An</strong></span> <span class='ocrx_word' id='word_1_490' title='bbox 2139 2311 2195 2366; x_wconf 88' lang='lat' dir='ltr'><strong>in</strong></span> <span class='ocrx_word' id='word_1_491' title='bbox 2221 2311 2381 2381; x_wconf 78' lang='lat' dir='ltr'><strong>ﬁnem</strong></span> <span class='ocrx_word' id='word_1_492' title='bbox 2402 2313 2701 2369; x_wconf 71' lang='lat' dir='ltr'><strong>exardescet</strong></span> <span class='ocrx_word' id='word_1_493' title='bbox 2727 2314 2862 2370; x_wconf 86' lang='lat' dir='ltr'><strong>velut</strong></span> <span class='ocrx_word' id='word_1_494' title='bbox 2893 2316 3029 2389; x_wconf 82' lang='lat' dir='ltr'><strong>ignis</strong></span> <span class='ocrx_word' id='word_1_495' title='bbox 3061 2319 3205 2375; x_wconf 81' lang='lat' dir='ltr'><strong>zelus</strong></span> <span class='ocrx_word' id='word_1_496' title='bbox 3229 2332 3350 2377; x_wconf 84' lang='lat' dir='ltr'><strong>tuus</strong></span> <span class='ocrx_word' id='word_1_497' title='bbox 3372 2323 3399 2379; x_wconf 81' lang='lat'><strong>.’</strong></span> 
     </span>
    </p>
   </div>
   <div class='ocr_carea' id='block_1_71' title="bbox 1815 2400 3398 2481">
    <p class='ocr_par' dir='ltr' id='par_1_71' title="bbox 1815 2400 3398 2481">
     <span class='ocr_line' id='line_1_71' title="bbox 1815 2400 3398 2481; baseline 0.009 -25"><span class='ocrx_word' id='word_1_498' title='bbox 1815 2400 2047 2472; x_wconf 68' lang='lat' dir='ltr'><strong>Eﬁ‘unde</strong></span> <span class='ocrx_word' id='word_1_499' title='bbox 2072 2402 2207 2456; x_wconf 88' lang='lat' dir='ltr'><strong>iram</strong></span> <span class='ocrx_word' id='word_1_500' title='bbox 2236 2412 2381 2456; x_wconf 90' lang='lat' dir='ltr'><strong>tuam</strong></span> <span class='ocrx_word' id='word_1_501' title='bbox 2403 2402 2459 2457; x_wconf 86' lang='lat' dir='ltr'><strong>in</strong></span> <span class='ocrx_word' id='word_1_502' title='bbox 2484 2415 2658 2476; x_wconf 82' lang='lat' dir='ltr'><strong>gentes</strong></span> <span class='ocrx_word' id='word_1_503' title='bbox 2678 2424 2794 2478; x_wconf 77' lang='lat' dir='ltr'><strong>qua:</strong></span> <span class='ocrx_word' id='word_1_504' title='bbox 2818 2418 2866 2462; x_wconf 88' lang='lat' dir='ltr'><strong>te</strong></span> <span class='ocrx_word' id='word_1_505' title='bbox 2890 2426 2993 2465; x_wconf 87' lang='lat' dir='ltr'><strong>non</strong></span> <span class='ocrx_word' id='word_1_506' title='bbox 3020 2423 3267 2468; x_wconf 86' lang='lat' dir='ltr'><strong>noverunt</strong></span> <span class='ocrx_word' id='word_1_507' title='bbox 3294 2455 3309 2481; x_wconf 91' lang='lat'><strong>,</strong></span> <span class='ocrx_word' id='word_1_508' title='bbox 3350 2424 3398 2470; x_wconf 88' lang='lat' dir='ltr'><strong>et</strong></span> 
     </span>
    </p>
   </div>
   <div class='ocr_carea' id='block_1_72' title="bbox 1813 2493 3399 2577">
    <p class='ocr_par' dir='ltr' id='par_1_72' title="bbox 1813 2493 3399 2577">
     <span class='ocr_line' id='line_1_72' title="bbox 1813 2493 3399 2577; baseline 0.01 -31"><span class='ocrx_word' id='word_1_509' title='bbox 1813 2493 1871 2547; x_wconf 87' lang='lat' dir='ltr'><strong>in</strong></span> <span class='ocrx_word' id='word_1_510' title='bbox 1915 2510 2074 2565; x_wconf 84' lang='lat' dir='ltr'><strong>regna</strong></span> <span class='ocrx_word' id='word_1_511' title='bbox 2103 2511 2220 2566; x_wconf 72' lang='lat' dir='ltr'><strong>qua:</strong></span> <span class='ocrx_word' id='word_1_512' title='bbox 2258 2513 2445 2552; x_wconf 86' lang='lat' dir='ltr'><strong>nomen</strong></span> <span class='ocrx_word' id='word_1_513' title='bbox 2474 2508 2622 2553; x_wconf 86' lang='lat' dir='ltr'><strong>tuum</strong></span> <span class='ocrx_word' id='word_1_514' title='bbox 2671 2516 2773 2553; x_wconf 88' lang='lat' dir='ltr'><strong>non</strong></span> <span class='ocrx_word' id='word_1_515' title='bbox 2822 2500 3184 2559; x_wconf 84' lang='lat' dir='ltr'><strong>invocaverunt</strong></span> <span class='ocrx_word' id='word_1_516' title='bbox 3210 2547 3225 2573; x_wconf 92' lang='lat'><strong>,</strong></span> <span class='ocrx_word' id='word_1_517' title='bbox 3275 2507 3399 2577; x_wconf 83' lang='lat' dir='ltr'><strong>quia</strong></span> 
     </span>
    </p>
   </div>
   <div class='ocr_carea' id='block_1_73' title="bbox 1814 2582 3398 2670">
    <p class='ocr_par' dir='ltr' id='par_1_73' title="bbox 1814 2582 3398 2670">
     <span class='ocr_line' id='line_1_73' title="bbox 1814 2582 3398 2670; baseline 0.011 -34"><span class='ocrx_word' id='word_1_518' title='bbox 1814 2582 2151 2638; x_wconf 83' lang='lat' dir='ltr'><strong>comederunt</strong></span> <span class='ocrx_word' id='word_1_519' title='bbox 2177 2584 2362 2654; x_wconf 86' lang='lat' dir='ltr'><strong>Jacob,</strong></span> <span class='ocrx_word' id='word_1_520' title='bbox 2390 2597 2439 2641; x_wconf 89' lang='lat' dir='ltr'><strong>et</strong></span> <span class='ocrx_word' id='word_1_521' title='bbox 2473 2584 2645 2643; x_wconf 87' lang='lat' dir='ltr'><strong>locum</strong></span> <span class='ocrx_word' id='word_1_522' title='bbox 2671 2591 2786 2661; x_wconf 84' lang='lat' dir='ltr'><strong>ejus</strong></span> <span class='ocrx_word' id='word_1_523' title='bbox 2826 2592 3185 2651; x_wconf 82' lang='lat' dir='ltr'><strong>desolaverunt</strong></span> <span class='ocrx_word' id='word_1_524' title='bbox 3225 2596 3398 2670; x_wconf 88' lang='lat' dir='ltr'><strong>(Psal.</strong></span> 
     </span>
    </p>
   </div>
   <div class='ocr_carea' id='block_1_74' title="bbox 1813 2670 3399 2754">
    <p class='ocr_par' dir='ltr' id='par_1_74' title="bbox 1813 2670 3399 2754">
     <span class='ocr_line' id='line_1_74' title="bbox 1813 2670 3399 2754; baseline 0.01 -25"><span class='ocrx_word' id='word_1_525' title='bbox 1813 2672 2063 2743; x_wconf 76' lang='lat' dir='ltr'><strong>Lxxvm).</strong></span> <span class='ocrx_word' id='word_1_526' title='bbox 2096 2670 2206 2731; x_wconf 85' lang='lat' dir='ltr'><strong>Nec</strong></span> <span class='ocrx_word' id='word_1_527' title='bbox 2233 2675 2300 2731; x_wconf 88' lang='lat' dir='ltr'><strong>de</strong></span> <span class='ocrx_word' id='word_1_528' title='bbox 2319 2674 2652 2747; x_wconf 87' lang='lat' dir='ltr'><strong>picturarum</strong></span> <span class='ocrx_word' id='word_1_529' title='bbox 2680 2684 3160 2754; x_wconf 86' lang='lat' dir='ltr'><strong>contemptoribus,</strong></span> <span class='ocrx_word' id='word_1_530' title='bbox 3184 2688 3276 2743; x_wconf 88' lang='lat' dir='ltr'><strong>sed</strong></span> <span class='ocrx_word' id='word_1_531' title='bbox 3300 2686 3399 2745; x_wconf 88' lang='lat' dir='ltr'><strong>sub</strong></span> 
     </span>
    </p>
   </div>
   <div class='ocr_carea' id='block_1_75' title="bbox 1812 2766 3397 2847">
    <p class='ocr_par' dir='ltr' id='par_1_75' title="bbox 1812 2766 3397 2847">
     <span class='ocr_line' id='line_1_75' title="bbox 1812 2766 3397 2847; baseline 0.01 -26"><span class='ocrx_word' id='word_1_532' title='bbox 1812 2766 2034 2822; x_wconf 89' lang='lat' dir='ltr'><strong>nomine</strong></span> <span class='ocrx_word' id='word_1_533' title='bbox 2071 2766 2427 2825; x_wconf 64' lang='lat' dir='ltr'><strong>Idumaeorum</strong></span> <span class='ocrx_word' id='word_1_534' title='bbox 2474 2770 2539 2827; x_wconf 91' lang='lat' dir='ltr'><strong>de</strong></span> <span class='ocrx_word' id='word_1_535' title='bbox 2586 2773 3071 2847; x_wconf 59' lang='lat' dir='ltr'><strong>cunctisgentibus</strong></span> <span class='ocrx_word' id='word_1_536' title='bbox 3107 2778 3397 2838; x_wconf 85' lang='lat' dir='ltr'><strong>Israelitico</strong></span> 
     </span>
    </p>
   </div>
   <div class='ocr_carea' id='block_1_76' title="bbox 1809 2858 3397 2940">
    <p class='ocr_par' dir='ltr' id='par_1_76' title="bbox 1809 2858 3397 2940">
     <span class='ocr_line' id='line_1_76' title="bbox 1809 2858 3397 2940; baseline 0.01 -27"><span class='ocrx_word' id='word_1_537' title='bbox 1809 2858 2009 2929; x_wconf 82' lang='lat' dir='ltr'><strong>populo</strong></span> <span class='ocrx_word' id='word_1_538' title='bbox 2080 2860 2294 2917; x_wconf 90' lang='lat' dir='ltr'><strong>infestis</strong></span> <span class='ocrx_word' id='word_1_539' title='bbox 2338 2861 2468 2918; x_wconf 90' lang='lat' dir='ltr'><strong>dicit</strong></span> <span class='ocrx_word' id='word_1_540' title='bbox 2521 2878 2536 2918; x_wconf 88' lang='lat'><strong>:</strong></span> <span class='ocrx_word' id='word_1_541' title='bbox 2580 2862 2865 2934; x_wconf 81' lang='lat' dir='ltr'><strong>Memento,</strong></span> <span class='ocrx_word' id='word_1_542' title='bbox 2892 2868 3136 2938; x_wconf 86' lang='lat' dir='ltr'><strong>Domine,</strong></span> <span class='ocrx_word' id='word_1_543' title='bbox 3162 2872 3397 2940; x_wconf 82' lang='lat' dir='ltr'><strong>ﬁliorum</strong></span> 
     </span>
    </p>
   </div>
   <div class='ocr_carea' id='block_1_77' title="bbox 1812 2950 3394 3029">
    <p class='ocr_par' dir='ltr' id='par_1_77' title="bbox 1812 2950 3394 3029">
     <span class='ocr_line' id='line_1_77' title="bbox 1812 2950 3394 3029; baseline 0.009 -24"><span class='ocrx_word' id='word_1_544' title='bbox 1812 2950 1987 3023; x_wconf 81' lang='lat' dir='ltr'><strong>Edam</strong></span> <span class='ocrx_word' id='word_1_545' title='bbox 2015 2953 2071 3008; x_wconf 88' lang='lat' dir='ltr'><strong>in</strong></span> <span class='ocrx_word' id='word_1_546' title='bbox 2098 2954 2183 3008; x_wconf 87' lang='lat' dir='ltr'><strong>die</strong></span> <span class='ocrx_word' id='word_1_547' title='bbox 2207 2952 2534 3023; x_wconf 81' lang='lat' dir='ltr'><strong>Jerusalem,</strong></span> <span class='ocrx_word' id='word_1_548' title='bbox 2564 2959 2654 3029; x_wconf 85' lang='lat' dir='ltr'><strong>qui</strong></span> <span class='ocrx_word' id='word_1_549' title='bbox 2682 2956 2863 3015; x_wconf 84' lang='lat' dir='ltr'><strong>dicunt</strong></span> <span class='ocrx_word' id='word_1_550' title='bbox 2890 2978 2908 3015; x_wconf 95' lang='lat'><strong><em>:</em></strong></span> <span class='ocrx_word' id='word_1_551' title='bbox 2948 2958 3253 3028; x_wconf 74' lang='lat' dir='ltr'><strong>Exinanite,</strong></span> <span class='ocrx_word' id='word_1_552' title='bbox 3287 2969 3394 3020; x_wconf 78' lang='lat' dir='ltr'><strong>exi-</strong></span> 
     </span>
    </p>
   </div>
   <div class='ocr_carea' id='block_1_78' title="bbox 1815 3047 3394 3133">
    <p class='ocr_par' dir='ltr' id='par_1_78' title="bbox 1815 3047 3394 3133">
     <span class='ocr_line' id='line_1_78' title="bbox 1815 3047 3394 3133; baseline 0.011 -33"><span class='ocrx_word' id='word_1_553' title='bbox 1815 3047 1992 3102; x_wconf 81' lang='lat' dir='ltr'><strong>nanite</strong></span> <span class='ocrx_word' id='word_1_554' title='bbox 2006 3064 2272 3120; x_wconf 78' lang='lat' dir='ltr'><strong>quousque</strong></span> <span class='ocrx_word' id='word_1_555' title='bbox 2287 3051 2356 3104; x_wconf 83' lang='lat' dir='ltr'><strong>ad</strong></span> <span class='ocrx_word' id='word_1_556' title='bbox 2370 3052 2771 3121; x_wconf 86' lang='lat' dir='ltr'><strong>fundamentum</strong></span> <span class='ocrx_word' id='word_1_557' title='bbox 2792 3056 2848 3110; x_wconf 90' lang='lat' dir='ltr'><strong>in</strong></span> <span class='ocrx_word' id='word_1_558' title='bbox 2873 3074 2933 3111; x_wconf 90' lang='lat' dir='ltr'><strong>ea</strong></span> <span class='ocrx_word' id='word_1_559' title='bbox 2952 3056 3123 3129; x_wconf 83' lang='lat' dir='ltr'><strong>(Psal.</strong></span> <span class='ocrx_word' id='word_1_560' title='bbox 3152 3061 3394 3133; x_wconf 73' lang='lat' dir='ltr'><strong>cxxxvn).</strong></span> 
     </span>
    </p>
   </div>
   <div class='ocr_carea' id='block_1_79' title="bbox 1810 3136 3396 3217">
    <p class='ocr_par' dir='ltr' id='par_1_79' title="bbox 1810 3136 3396 3217">
     <span class='ocr_line' id='line_1_79' title="bbox 1810 3136 3396 3217; baseline 0.011 -25"><span class='ocrx_word' id='word_1_561' title='bbox 1810 3136 1922 3193; x_wconf 85' lang='lat' dir='ltr'><strong>Nec</strong></span> <span class='ocrx_word' id='word_1_562' title='bbox 1942 3139 2242 3211; x_wconf 76' lang='lat' dir='ltr'><strong>imaginum</strong></span> <span class='ocrx_word' id='word_1_563' title='bbox 2269 3142 2637 3201; x_wconf 75' lang='lat' dir='ltr'><strong>adorationum</strong></span> <span class='ocrx_word' id='word_1_564' title='bbox 2664 3149 3149 3217; x_wconf 90' lang='lat' dir='ltr'><strong>contemnentibus,</strong></span> <span class='ocrx_word' id='word_1_565' title='bbox 3183 3152 3276 3208; x_wconf 89' lang='lat' dir='ltr'><strong>sed</strong></span> <span class='ocrx_word' id='word_1_566' title='bbox 3294 3152 3396 3211; x_wconf 78' lang='lat' dir='ltr'><strong>sub</strong></span> 
     </span>
    </p>
   </div>
   <div class='ocr_carea' id='block_1_80' title="bbox 1806 3231 3395 3312">
    <p class='ocr_par' dir='ltr' id='par_1_80' title="bbox 1806 3231 3395 3312">
     <span class='ocr_line' id='line_1_80' title="bbox 1806 3231 3395 3312; baseline 0.012 -28"><span class='ocrx_word' id='word_1_567' title='bbox 1806 3231 2025 3286; x_wconf 89' lang='lat' dir='ltr'><strong>nomine</strong></span> <span class='ocrx_word' id='word_1_568' title='bbox 2078 3232 2202 3287; x_wconf 68' lang='lat' dir='ltr'><strong>ﬁliae</strong></span> <span class='ocrx_word' id='word_1_569' title='bbox 2257 3232 2547 3307; x_wconf 83' lang='lat' dir='ltr'><strong>Babylonis</strong></span> <span class='ocrx_word' id='word_1_570' title='bbox 2604 3236 2906 3297; x_wconf 70' lang='lat' dir='ltr'><strong>Chaldaicze</strong></span> <span class='ocrx_word' id='word_1_571' title='bbox 2946 3242 3059 3299; x_wconf 88' lang='lat' dir='ltr'><strong>sive</strong></span> <span class='ocrx_word' id='word_1_572' title='bbox 3102 3243 3395 3312; x_wconf 84' lang='lat' dir='ltr'><strong>Quiritium</strong></span> 
     </span>
    </p>
   </div>
   <div class='ocr_carea' id='block_1_81' title="bbox 1805 3324 3390 3407">
    <p class='ocr_par' dir='ltr' id='par_1_81' title="bbox 1805 3324 3390 3407">
     <span class='ocr_line' id='line_1_81' title="bbox 1805 3324 3390 3407; baseline 0.008 -28"><span class='ocrx_word' id='word_1_573' title='bbox 1805 3324 1950 3394; x_wconf 86' lang='lat' dir='ltr'><strong>genti</strong></span> <span class='ocrx_word' id='word_1_574' title='bbox 1972 3326 2333 3382; x_wconf 88' lang='lat' dir='ltr'><strong>comminatur</strong></span> <span class='ocrx_word' id='word_1_575' title='bbox 2358 3346 2372 3381; x_wconf 89' lang='lat'><strong>:</strong></span> <span class='ocrx_word' id='word_1_576' title='bbox 2400 3325 2563 3397; x_wconf 87' lang='lat' dir='ltr'><strong>Filia,</strong></span> <span class='ocrx_word' id='word_1_577' title='bbox 2583 3328 2853 3403; x_wconf 88' lang='lat' dir='ltr'><strong>inquiens,</strong></span> <span class='ocrx_word' id='word_1_578' title='bbox 2877 3332 3159 3405; x_wconf 82' lang='lat' dir='ltr'><strong>Babylonis</strong></span> <span class='ocrx_word' id='word_1_579' title='bbox 3178 3335 3390 3407; x_wconf 84' lang='lat' dir='ltr'><strong>misera,</strong></span> 
     </span>
    </p>
   </div>
   <div class='ocr_carea' id='block_1_82' title="bbox 1806 3415 3391 3499">
    <p class='ocr_par' dir='ltr' id='par_1_82' title="bbox 1806 3415 3391 3499">
     <span class='ocr_line' id='line_1_82' title="bbox 1806 3415 3391 3499; baseline 0.009 -31"><span class='ocrx_word' id='word_1_580' title='bbox 1806 3415 1986 3471; x_wconf 81' lang='lat' dir='ltr'><strong>beatus</strong></span> <span class='ocrx_word' id='word_1_581' title='bbox 2014 3418 2105 3487; x_wconf 88' lang='lat' dir='ltr'><strong>qui</strong></span> <span class='ocrx_word' id='word_1_582' title='bbox 2136 3419 2384 3474; x_wconf 79' lang='lat' dir='ltr'><strong>retribuet</strong></span> <span class='ocrx_word' id='word_1_583' title='bbox 2429 3422 2523 3475; x_wconf 84' lang='lat' dir='ltr'><strong>tibi</strong></span> <span class='ocrx_word' id='word_1_584' title='bbox 2572 3424 2960 3480; x_wconf 79' lang='lat' dir='ltr'><strong>retributionem</strong></span> <span class='ocrx_word' id='word_1_585' title='bbox 3001 3437 3179 3492; x_wconf 83' lang='lat' dir='ltr'><strong>tuam,</strong></span> <span class='ocrx_word' id='word_1_586' title='bbox 3231 3445 3391 3499; x_wconf 87' lang='lat' dir='ltr'><strong>quam</strong></span> 
     </span>
    </p>
   </div>
   <div class='ocr_carea' id='block_1_83' title="bbox 1805 3508 3391 3589">
    <p class='ocr_par' dir='ltr' id='par_1_83' title="bbox 1805 3508 3391 3589">
     <span class='ocr_line' id='line_1_83' title="bbox 1805 3508 3391 3589; baseline 0.01 -29"><span class='ocrx_word' id='word_1_587' title='bbox 1805 3508 2091 3562; x_wconf 85' lang='lat' dir='ltr'><strong>retribuisti</strong></span> <span class='ocrx_word' id='word_1_588' title='bbox 2119 3508 2308 3576; x_wconf 85' lang='lat' dir='ltr'><strong>nobis;</strong></span> <span class='ocrx_word' id='word_1_589' title='bbox 2334 3511 2515 3567; x_wconf 86' lang='lat' dir='ltr'><strong>beatus</strong></span> <span class='ocrx_word' id='word_1_590' title='bbox 2542 3515 2631 3584; x_wconf 87' lang='lat' dir='ltr'><strong>qui</strong></span> <span class='ocrx_word' id='word_1_591' title='bbox 2658 3516 2844 3570; x_wconf 79' lang='lat' dir='ltr'><strong>tenebit</strong></span> <span class='ocrx_word' id='word_1_592' title='bbox 2872 3524 2918 3569; x_wconf 87' lang='lat' dir='ltr'><strong>et</strong></span> <span class='ocrx_word' id='word_1_593' title='bbox 2944 3515 3121 3571; x_wconf 85' lang='lat' dir='ltr'><strong>allidet</strong></span> <span class='ocrx_word' id='word_1_594' title='bbox 3144 3519 3391 3589; x_wconf 86' lang='lat' dir='ltr'><strong>parvulos</strong></span> 
     </span>
    </p>
   </div>
   <div class='ocr_carea' id='block_1_84' title="bbox 1804 3596 3391 3679">
    <p class='ocr_par' dir='ltr' id='par_1_84' title="bbox 1804 3596 3391 3679">
     <span class='ocr_line' id='line_1_84' title="bbox 1804 3596 3391 3679; baseline 0.01 -28"><span class='ocrx_word' id='word_1_595' title='bbox 1804 3609 1920 3652; x_wconf 87' lang='lat' dir='ltr'><strong>tuos</strong></span> <span class='ocrx_word' id='word_1_596' title='bbox 1951 3599 2020 3652; x_wconf 86' lang='lat' dir='ltr'><strong>ad</strong></span> <span class='ocrx_word' id='word_1_597' title='bbox 2047 3608 2247 3670; x_wconf 86' lang='lat' dir='ltr'><strong>petram</strong></span> <span class='ocrx_word' id='word_1_598' title='bbox 2281 3596 2464 3673; x_wconf 85' lang='lat' dir='ltr'><strong>(Psal.</strong></span> <span class='ocrx_word' id='word_1_599' title='bbox 2505 3620 2701 3661; x_wconf 74' lang='lat' dir='ltr'><strong>cxxxvr</strong></span> <span class='ocrx_word' id='word_1_600' title='bbox 2727 3604 2747 3679; x_wconf 96' lang='lat'>)</span> <span class='ocrx_word' id='word_1_601' title='bbox 2779 3624 2793 3660; x_wconf 91' lang='lat'>:</span> <span class='ocrx_word' id='word_1_602' title='bbox 2834 3605 2900 3661; x_wconf 89' lang='lat' dir='ltr'><strong>de</strong></span> <span class='ocrx_word' id='word_1_603' title='bbox 2936 3606 3231 3679; x_wconf 78' lang='lat' dir='ltr'><strong>imaginum</strong></span> <span class='ocrx_word' id='word_1_604' title='bbox 3261 3627 3391 3667; x_wconf 87' lang='lat' dir='ltr'><strong>vero</strong></span> 
     </span>
    </p>
   </div>
   <div class='ocr_carea' id='block_1_85' title="bbox 1802 3681 3389 3769">
    <p class='ocr_par' dir='ltr' id='par_1_85' title="bbox 1802 3681 3389 3769">
     <span class='ocr_line' id='line_1_85' title="bbox 1802 3681 3389 3769; baseline 0.008 -24"><span class='ocrx_word' id='word_1_605' title='bbox 1802 3690 2265 3761; x_wconf 88' lang='lat' dir='ltr'><strong>contemploribus</strong></span> <span class='ocrx_word' id='word_1_606' title='bbox 2313 3691 2447 3748; x_wconf 89' lang='lat' dir='ltr'><strong>nihil</strong></span> <span class='ocrx_word' id='word_1_607' title='bbox 2489 3681 2600 3750; x_wconf 81' lang='lat' dir='ltr'><strong>tale</strong></span> <span class='ocrx_word' id='word_1_608' title='bbox 2642 3696 2850 3766; x_wconf 88' lang='lat' dir='ltr'><strong>uspiam</strong></span> <span class='ocrx_word' id='word_1_609' title='bbox 2895 3697 3183 3769; x_wconf 81' lang='lat' dir='ltr'><strong>reperitur.</strong></span> <span class='ocrx_word' id='word_1_610' title='bbox 3223 3698 3389 3761; x_wconf 85' lang='lat' dir='ltr'><strong>Multa</strong></span> 
     </span>
    </p>
   </div>
   <div class='ocr_carea' id='block_1_86' title="bbox 1800 3779 3388 3859">
    <p class='ocr_par' dir='ltr' id='par_1_86' title="bbox 1800 3779 3388 3859">
     <span class='ocr_line' id='line_1_86' title="bbox 1800 3779 3388 3859; baseline 0.007 -23"><span class='ocrx_word' id='word_1_611' title='bbox 1800 3779 1887 3836; x_wconf 89' lang='lat' dir='ltr'><strong>his</strong></span> <span class='ocrx_word' id='word_1_612' title='bbox 1913 3781 2111 3837; x_wconf 87' lang='lat' dir='ltr'><strong>similia</strong></span> <span class='ocrx_word' id='word_1_613' title='bbox 2138 3782 2521 3853; x_wconf 87' lang='lat' dir='ltr'><strong>prophetarum</strong></span> <span class='ocrx_word' id='word_1_614' title='bbox 2548 3784 2780 3841; x_wconf 89' lang='lat' dir='ltr'><strong>oraculis</strong></span> <span class='ocrx_word' id='word_1_615' title='bbox 2830 3784 2895 3842; x_wconf 88' lang='lat' dir='ltr'><strong>de</strong></span> <span class='ocrx_word' id='word_1_616' title='bbox 2941 3786 3126 3859; x_wconf 83' lang='lat' dir='ltr'><strong>templi</strong></span> <span class='ocrx_word' id='word_1_617' title='bbox 3172 3788 3388 3848; x_wconf 89' lang='lat' dir='ltr'><strong>Domini</strong></span> 
     </span>
    </p>
   </div>
   <div class='ocr_carea' id='block_1_87' title="bbox 1800 3871 3388 3943">
    <p class='ocr_par' dir='ltr' id='par_1_87' title="bbox 1800 3871 3388 3943">
     <span class='ocr_line' id='line_1_87' title="bbox 1800 3871 3388 3943; baseline 0.008 -18"><span class='ocrx_word' id='word_1_618' title='bbox 1800 3871 1918 3926; x_wconf 89' lang='lat' dir='ltr'><strong>sive</strong></span> <span class='ocrx_word' id='word_1_619' title='bbox 1956 3871 2341 3943; x_wconf 63' lang='lat' dir='ltr'><strong>Hierosolyma:</strong></span> <span class='ocrx_word' id='word_1_620' title='bbox 2382 3872 2533 3929; x_wconf 91' lang='lat' dir='ltr'><strong>urbis</strong></span> <span class='ocrx_word' id='word_1_621' title='bbox 2572 3876 2911 3931; x_wconf 87' lang='lat' dir='ltr'><strong>eversoribus</strong></span> <span class='ocrx_word' id='word_1_622' title='bbox 2935 3877 3078 3933; x_wconf 86' lang='lat' dir='ltr'><strong>dicta</strong></span> <span class='ocrx_word' id='word_1_623' title='bbox 3105 3880 3388 3938; x_wconf 85' lang='lat' dir='ltr'><strong>inveniun-</strong></span> 
     </span>
    </p>
   </div>
   <div class='ocr_carea' id='block_1_88' title="bbox 1800 3961 3381 4032">
    <p class='ocr_par' dir='ltr' id='par_1_88' title="bbox 1800 3961 3381 4032">
     <span class='ocr_line' id='line_1_88' title="bbox 1800 3961 3381 4032; baseline 0.006 -16"><span class='ocrx_word' id='word_1_624' title='bbox 1800 3968 1906 4026; x_wconf 89' lang='lat' dir='ltr'><strong>tur,</strong></span> <span class='ocrx_word' id='word_1_625' title='bbox 1933 3976 2051 4032; x_wconf 76' lang='lat' dir='ltr'><strong>qua:</strong></span> <span class='ocrx_word' id='word_1_626' title='bbox 2075 3978 2108 4017; x_wconf 89' lang='lat' dir='ltr'><strong>a</strong></span> <span class='ocrx_word' id='word_1_627' title='bbox 2132 3963 2287 4018; x_wconf 88' lang='lat' dir='ltr'><strong>nobis</strong></span> <span class='ocrx_word' id='word_1_628' title='bbox 2310 3961 2590 4018; x_wconf 87' lang='lat' dir='ltr'><strong>brevitatis</strong></span> <span class='ocrx_word' id='word_1_629' title='bbox 2635 3964 2813 4019; x_wconf 88' lang='lat' dir='ltr'><strong>studio</strong></span> <span class='ocrx_word' id='word_1_630' title='bbox 2847 3967 3333 4032; x_wconf 69' lang='lat' dir='ltr'><strong>prmtcrmittuntnr</strong></span> <span class='ocrx_word' id='word_1_631' title='bbox 3368 3990 3381 4025; x_wconf 91' lang='lat'><strong>:</strong></span> 
     </span>
    </p>
   </div>
   <div class='ocr_carea' id='block_1_89' title="bbox 1799 4052 3381 4125">
    <p class='ocr_par' dir='ltr' id='par_1_89' title="bbox 1799 4052 3381 4125">
     <span class='ocr_line' id='line_1_89' title="bbox 1799 4052 3381 4125; baseline 0.004 -17"><span class='ocrx_word' id='word_1_632' title='bbox 1799 4052 2056 4108; x_wconf 87' lang='lat' dir='ltr'><strong>Dominus</strong></span> <span class='ocrx_word' id='word_1_633' title='bbox 2081 4066 2294 4121; x_wconf 90' lang='lat' dir='ltr'><strong>quoque</strong></span> <span class='ocrx_word' id='word_1_634' title='bbox 2322 4060 2376 4107; x_wconf 88' lang='lat' dir='ltr'><strong>et</strong></span> <span class='ocrx_word' id='word_1_635' title='bbox 2411 4053 2718 4122; x_wconf 89' lang='lat' dir='ltr'><strong>redemptor</strong></span> <span class='ocrx_word' id='word_1_636' title='bbox 2762 4064 2946 4109; x_wconf 87' lang='lat' dir='ltr'><strong>noster</strong></span> <span class='ocrx_word' id='word_1_637' title='bbox 2974 4052 3215 4125; x_wconf 87' lang='lat' dir='ltr'><strong>ejusdem</strong></span> <span class='ocrx_word' id='word_1_638' title='bbox 3241 4068 3381 4115; x_wconf 86' lang='lat' dir='ltr'><strong>tem-</strong></span> 
     </span>
    </p>
   </div>
   <div class='ocr_carea' id='block_1_90' title="bbox 1792 4140 3381 4213">
    <p class='ocr_par' dir='ltr' id='par_1_90' title="bbox 1792 4140 3381 4213">
     <span class='ocr_line' id='line_1_90' title="bbox 1792 4140 3381 4213; baseline 0.005 -17"><span class='ocrx_word' id='word_1_639' title='bbox 1792 4142 1871 4213; x_wconf 92' lang='lat' dir='ltr'><strong>pli</strong></span> <span class='ocrx_word' id='word_1_640' title='bbox 1907 4142 2021 4198; x_wconf 86' lang='lat' dir='ltr'><strong>sive</strong></span> <span class='ocrx_word' id='word_1_641' title='bbox 2057 4140 2292 4196; x_wconf 83' lang='lat' dir='ltr'><strong>civitatis</strong></span> <span class='ocrx_word' id='word_1_642' title='bbox 2340 4140 2551 4197; x_wconf 89' lang='lat' dir='ltr'><strong>ruinam</strong></span> <span class='ocrx_word' id='word_1_643' title='bbox 2596 4150 2718 4213; x_wconf 90' lang='lat' dir='ltr'><strong>post</strong></span> <span class='ocrx_word' id='word_1_644' title='bbox 2760 4141 2997 4199; x_wconf 84' lang='lat' dir='ltr'><strong>futuram</strong></span> <span class='ocrx_word' id='word_1_645' title='bbox 3048 4144 3261 4203; x_wconf 90' lang='lat' dir='ltr'><strong>ﬂevisse</strong></span> <span class='ocrx_word' id='word_1_646' title='bbox 3306 4149 3381 4205; x_wconf 50' lang='lat' dir='ltr'><strong>lc.</strong></span> 
     </span>
    </p>
   </div>
   <div class='ocr_carea' id='block_1_91' title="bbox 1795 4231 3379 4308">
    <p class='ocr_par' dir='ltr' id='par_1_91' title="bbox 1795 4231 3379 4308">
     <span class='ocr_line' id='line_1_91' title="bbox 1795 4231 3379 4308; baseline 0.006 -20"><span class='ocrx_word' id='word_1_647' title='bbox 1795 4234 1959 4306; x_wconf 90' lang='lat' dir='ltr'><strong>gitur.</strong></span> <span class='ocrx_word' id='word_1_648' title='bbox 2012 4231 2141 4301; x_wconf 66' lang='lat' dir='ltr'><strong>Quae</strong></span> <span class='ocrx_word' id='word_1_649' title='bbox 2184 4234 2365 4289; x_wconf 88' lang='lat' dir='ltr'><strong>omnia</strong></span> <span class='ocrx_word' id='word_1_650' title='bbox 2416 4249 2723 4305; x_wconf 89' lang='lat' dir='ltr'><strong>quanquam</strong></span> <span class='ocrx_word' id='word_1_651' title='bbox 2764 4236 3009 4308; x_wconf 85' lang='lat' dir='ltr'><strong>mysticis</strong></span> <span class='ocrx_word' id='word_1_652' title='bbox 3059 4239 3379 4304; x_wconf 82' lang='lat' dir='ltr'><strong>obumbrata</strong></span> 
     </span>
    </p>
   </div>
   <div class='ocr_carea' id='block_1_92' title="bbox 1793 4322 3380 4404">
    <p class='ocr_par' dir='ltr' id='par_1_92' title="bbox 1793 4322 3380 4404">
     <span class='ocr_line' id='line_1_92' title="bbox 1793 4322 3380 4404; baseline 0.006 -23"><span class='ocrx_word' id='word_1_653' title='bbox 1793 4324 2003 4397; x_wconf 87' lang='lat' dir='ltr'><strong>ﬁguris,</strong></span> <span class='ocrx_word' id='word_1_654' title='bbox 2032 4326 2098 4382; x_wconf 90' lang='lat' dir='ltr'><strong>de</strong></span> <span class='ocrx_word' id='word_1_655' title='bbox 2124 4323 2399 4391; x_wconf 70' lang='lat' dir='ltr'><strong>Ecclesiae,</strong></span> <span class='ocrx_word' id='word_1_656' title='bbox 2429 4324 2543 4380; x_wconf 91' lang='lat' dir='ltr'><strong>sive</strong></span> <span class='ocrx_word' id='word_1_657' title='bbox 2567 4322 2758 4380; x_wconf 73' lang='lat' dir='ltr'><strong>animai</strong></span> <span class='ocrx_word' id='word_1_658' title='bbox 2783 4329 3127 4387; x_wconf 89' lang='lat' dir='ltr'><strong>eversoribus</strong></span> <span class='ocrx_word' id='word_1_659' title='bbox 3169 4332 3380 4404; x_wconf 87' lang='lat' dir='ltr'><strong>possint</strong></span> 
     </span>
    </p>
   </div>
   <div class='ocr_carea' id='block_1_93' title="bbox 109 4415 3378 4513">
    <p class='ocr_par' dir='ltr' id='par_1_93' title="bbox 109 4415 3378 4513">
     <span class='ocr_line' id='line_1_93' title="bbox 109 4415 3378 4513; baseline 0.011 -65"><span class='ocrx_word' id='word_1_660' title='bbox 109 4426 520 4495; x_wconf 44' lang='lat' dir='ltr'><strong>abdicaverat,&quot;</strong></span> <span class='ocrx_word' id='word_1_661' title='bbox 549 4415 1017 4502; x_wconf 48' lang='lat' dir='ltr'><strong>mpmhéndamds’</strong></span> <span class='ocrx_word' id='word_1_662' title='bbox 1050 4447 1220 4495; x_wconf 61' lang='lat' dir='ltr'><strong>mm</strong></span> <span class='ocrx_word' id='word_1_663' title='bbox 1252 4448 1314 4496; x_wconf 50' lang='lat' dir='ltr'><strong>ut</strong></span> <span class='ocrx_word' id='word_1_664' title='bbox 1354 4415 1539 4513; x_wconf 49' lang='lat' dir='ltr'><strong>mini)“</strong></span> <span class='ocrx_word' id='word_1_665' title='bbox 1583 4445 1693 4501; x_wconf 62' lang='grc' dir='ltr'><strong>ΒΟ,</strong></span> <span class='ocrx_word' id='word_1_666' title='bbox 1722 4447 1773 4506; x_wconf 76' lang='lat' dir='ltr'><strong><em>D</em></strong></span> <span class='ocrx_word' id='word_1_667' title='bbox 1795 4415 2044 4488; x_wconf 81' lang='lat' dir='ltr'><strong>intelligi,</strong></span> <span class='ocrx_word' id='word_1_668' title='bbox 2090 4416 2195 4513; x_wconf 82' lang='lat' dir='ltr'><strong>qui</strong></span> <span class='ocrx_word' id='word_1_669' title='bbox 2212 4416 2440 4513; x_wconf 81' lang='lat' dir='ltr'><strong>virtutes</strong></span> <span class='ocrx_word' id='word_1_670' title='bbox 2474 4416 2675 4513; x_wconf 57' lang='lat' dir='ltr'><strong>animai</strong></span> <span class='ocrx_word' id='word_1_671' title='bbox 2712 4419 2856 4475; x_wconf 86' lang='lat' dir='ltr'><strong>velut</strong></span> <span class='ocrx_word' id='word_1_672' title='bbox 2892 4421 3154 4491; x_wconf 89' lang='lat' dir='ltr'><strong>quosdam</strong></span> <span class='ocrx_word' id='word_1_673' title='bbox 3192 4442 3378 4486; x_wconf 88' lang='lat' dir='ltr'><strong>muros</strong></span> 
     </span>
    </p>
   </div>
   <div class='ocr_carea' id='block_1_94' title="bbox 113 4516 1690 4600">
    <p class='ocr_par' dir='ltr' id='par_1_94' title="bbox 113 4516 1690 4600">
     <span class='ocr_line' id='line_1_94' title="bbox 113 4516 1690 4600; baseline 0.016 -31"><span class='ocrx_word' id='word_1_674' title='bbox 113 4516 246 4570; x_wconf 89' lang='lat' dir='ltr'><strong>mini</strong></span> <span class='ocrx_word' id='word_1_675' title='bbox 284 4532 567 4579; x_wconf 85' lang='lat' dir='ltr'><strong>eversores</strong></span> <span class='ocrx_word' id='word_1_676' title='bbox 609 4525 824 4593; x_wconf 85' lang='lat' dir='ltr'><strong>majoris</strong></span> <span class='ocrx_word' id='word_1_677' title='bbox 858 4529 1135 4600; x_wconf 88' lang='lat' dir='ltr'><strong>multoque</strong></span> <span class='ocrx_word' id='word_1_678' title='bbox 1183 4530 1407 4600; x_wconf 86' lang='lat' dir='ltr'><strong>majoris</strong></span> <span class='ocrx_word' id='word_1_679' title='bbox 1445 4536 1690 4594; x_wconf 83' lang='lat' dir='ltr'><strong>criminis</strong></span> 
     </span>
    </p>
   </div>
   <div class='ocr_carea' id='block_1_95' title="bbox 111 4608 1690 4694">
    <p class='ocr_par' dir='ltr' id='par_1_95' title="bbox 111 4608 1690 4694">
     <span class='ocr_line' id='line_1_95' title="bbox 111 4608 1690 4694; baseline 0.013 -33"><span class='ocrx_word' id='word_1_680' title='bbox 111 4608 344 4665; x_wconf 79' lang='lat' dir='ltr'><strong>nexibus</strong></span> <span class='ocrx_word' id='word_1_681' title='bbox 381 4610 617 4669; x_wconf 85' lang='lat' dir='ltr'><strong>irretitos</strong></span> <span class='ocrx_word' id='word_1_682' title='bbox 655 4614 821 4672; x_wconf 75' lang='lat' dir='ltr'><strong>fuisse</strong></span> <span class='ocrx_word' id='word_1_683' title='bbox 850 4631 1013 4688; x_wconf 87' lang='lat' dir='ltr'><strong>quam</strong></span> <span class='ocrx_word' id='word_1_684' title='bbox 1044 4636 1231 4676; x_wconf 84' lang='lat' dir='ltr'><strong>earum</strong></span> <span class='ocrx_word' id='word_1_685' title='bbox 1256 4631 1530 4693; x_wconf 88' lang='lat' dir='ltr'><strong>spretores</strong></span> <span class='ocrx_word' id='word_1_686' title='bbox 1565 4640 1690 4694; x_wconf 88' lang='lat' dir='ltr'><strong>per-</strong></span> 
     </span>
    </p>
   </div>
   <div class='ocr_carea' id='block_1_96' title="bbox 111 4698 1686 4785">
    <p class='ocr_par' dir='ltr' id='par_1_96' title="bbox 111 4698 1686 4785">
     <span class='ocr_line' id='line_1_96' title="bbox 111 4698 1686 4785; baseline 0.012 -32"><span class='ocrx_word' id='word_1_687' title='bbox 111 4698 419 4758; x_wconf 83' lang='lat' dir='ltr'><strong>doceamus.</strong></span> <span class='ocrx_word' id='word_1_688' title='bbox 449 4703 566 4765; x_wconf 90' lang='lat' dir='ltr'><strong>Non</strong></span> <span class='ocrx_word' id='word_1_689' title='bbox 604 4708 749 4762; x_wconf 89' lang='lat' dir='ltr'><strong>enim</strong></span> <span class='ocrx_word' id='word_1_690' title='bbox 779 4709 963 4766; x_wconf 88' lang='lat' dir='ltr'><strong>talium</strong></span> <span class='ocrx_word' id='word_1_691' title='bbox 993 4712 1291 4785; x_wconf 83' lang='lat' dir='ltr'><strong>imaginum</strong></span> <span class='ocrx_word' id='word_1_692' title='bbox 1338 4715 1686 4773; x_wconf 86' lang='lat' dir='ltr'><strong>abolitionem</strong></span> 
     </span>
    </p>
   </div>
   <div class='ocr_carea' id='block_1_97' title="bbox 112 4790 1681 4876">
    <p class='ocr_par' dir='ltr' id='par_1_97' title="bbox 112 4790 1681 4876">
     <span class='ocr_line' id='line_1_97' title="bbox 112 4790 1681 4876; baseline 0.015 -33"><span class='ocrx_word' id='word_1_693' title='bbox 112 4790 291 4856; x_wconf 85' lang='lat' dir='ltr'><strong>quales</strong></span> <span class='ocrx_word' id='word_1_694' title='bbox 320 4792 398 4847; x_wconf 91' lang='lat' dir='ltr'><strong>illi</strong></span> <span class='ocrx_word' id='word_1_695' title='bbox 426 4809 487 4850; x_wconf 84' lang='lat' dir='ltr'><strong>se</strong></span> <span class='ocrx_word' id='word_1_696' title='bbox 522 4796 749 4854; x_wconf 85' lang='lat' dir='ltr'><strong>adorare</strong></span> <span class='ocrx_word' id='word_1_697' title='bbox 774 4800 1094 4869; x_wconf 84' lang='lat' dir='ltr'><strong>gloriantur,</strong></span> <span class='ocrx_word' id='word_1_698' title='bbox 1124 4803 1399 4876; x_wconf 86' lang='lat' dir='ltr'><strong>Propheta</strong></span> <span class='ocrx_word' id='word_1_699' title='bbox 1427 4807 1681 4874; x_wconf 82' lang='lat' dir='ltr'><strong>deﬂebat,</strong></span> 
     </span>
    </p>
   </div>
   <div class='ocr_carea' id='block_1_98' title="bbox 113 4881 1685 4965">
    <p class='ocr_par' dir='ltr' id='par_1_98' title="bbox 113 4881 1685 4965">
     <span class='ocr_line' id='line_1_98' title="bbox 113 4881 1685 4965; baseline 0.016 -30"><span class='ocrx_word' id='word_1_700' title='bbox 113 4881 201 4936; x_wconf 75' lang='lat' dir='ltr'><strong>sed</strong></span> <span class='ocrx_word' id='word_1_701' title='bbox 241 4885 501 4954; x_wconf 79' lang='lat' dir='ltr'><strong>templum</strong></span> <span class='ocrx_word' id='word_1_702' title='bbox 547 4892 692 4958; x_wconf 90' lang='lat' dir='ltr'><strong>quod</strong></span> <span class='ocrx_word' id='word_1_703' title='bbox 730 4894 961 4950; x_wconf 85' lang='lat' dir='ltr'><strong>necdum</strong></span> <span class='ocrx_word' id='word_1_704' title='bbox 984 4894 1266 4954; x_wconf 83' lang='lat' dir='ltr'><strong>fundatum</strong></span> <span class='ocrx_word' id='word_1_705' title='bbox 1286 4907 1423 4965; x_wconf 88' lang='lat' dir='ltr'><strong>erat,</strong></span> <span class='ocrx_word' id='word_1_706' title='bbox 1450 4909 1506 4957; x_wconf 89' lang='lat' dir='ltr'><strong>et</strong></span> <span class='ocrx_word' id='word_1_707' title='bbox 1533 4903 1685 4961; x_wconf 86' lang='lat' dir='ltr'><strong>urbis</strong></span> 
     </span>
    </p>
   </div>
   <div class='ocr_carea' id='block_1_99' title="bbox 110 4977 1685 5063">
    <p class='ocr_par' dir='ltr' id='par_1_99' title="bbox 110 4977 1685 5063">
     <span class='ocr_line' id='line_1_99' title="bbox 110 4977 1685 5063; baseline 0.015 -36"><span class='ocrx_word' id='word_1_708' title='bbox 110 4983 224 5063; x_wconf 70' lang='lat' dir='ltr'><strong>qua:</strong></span> <span class='ocrx_word' id='word_1_709' title='bbox 247 4977 462 5032; x_wconf 69' lang='lat' dir='ltr'><strong>steteris</strong></span> <span class='ocrx_word' id='word_1_710' title='bbox 490 4980 715 5037; x_wconf 78' lang='lat' dir='ltr'><strong>urbibus</strong></span> <span class='ocrx_word' id='word_1_711' title='bbox 749 4984 1066 5053; x_wconf 85' lang='lat' dir='ltr'><strong>eminebat,</strong></span> <span class='ocrx_word' id='word_1_712' title='bbox 1096 4989 1430 5047; x_wconf 87' lang='lat' dir='ltr'><strong>eversionem</strong></span> <span class='ocrx_word' id='word_1_713' title='bbox 1452 4995 1685 5063; x_wconf 65' lang='lat' dir='ltr'><strong>propheo</strong></span> 
     </span>
    </p>
   </div>
   <div class='ocr_carea' id='block_1_100' title="bbox 115 5060 1683 5153">
    <p class='ocr_par' dir='ltr' id='par_1_100' title="bbox 115 5060 1683 5153">
     <span class='ocr_line' id='line_1_100' title="bbox 115 5060 1683 5153; baseline 0.018 -38"><span class='ocrx_word' id='word_1_714' title='bbox 115 5060 212 5117; x_wconf 90' lang='lat' dir='ltr'><strong>tico</strong></span> <span class='ocrx_word' id='word_1_715' title='bbox 262 5069 458 5137; x_wconf 86' lang='lat' dir='ltr'><strong>spiritu</strong></span> <span class='ocrx_word' id='word_1_716' title='bbox 498 5071 654 5144; x_wconf 86' lang='lat' dir='ltr'><strong>longe</strong></span> <span class='ocrx_word' id='word_1_717' title='bbox 685 5084 809 5143; x_wconf 82' lang='lat' dir='ltr'><strong>post</strong></span> <span class='ocrx_word' id='word_1_718' title='bbox 853 5076 1095 5134; x_wconf 77' lang='lat' dir='ltr'><strong>futuram</strong></span> <span class='ocrx_word' id='word_1_719' title='bbox 1144 5060 1484 5153; x_wconf 52' lang='lat' dir='ltr'><strong>respiciens,</strong></span> <span class='ocrx_word' id='word_1_720' title='bbox 1535 5060 1683 5146; x_wconf 71' lang='lat' dir='ltr'><strong>velut</strong></span> 
     </span>
    </p>
   </div>
   <div class='ocr_carea' id='block_1_101' title="bbox 111 5159 1682 5251">
    <p class='ocr_par' dir='ltr' id='par_1_101' title="bbox 111 5159 1682 5251">
     <span class='ocr_line' id='line_1_101' title="bbox 111 5159 1682 5251; baseline 0.016 -41"><span class='ocrx_word' id='word_1_721' title='bbox 111 5159 429 5251; x_wconf 62' lang='lat' dir='ltr'><strong>Pnueritam</strong></span> <span class='ocrx_word' id='word_1_722' title='bbox 476 5166 744 5220; x_wconf 84' lang='lat' dir='ltr'><strong>cantando</strong></span> <span class='ocrx_word' id='word_1_723' title='bbox 793 5168 1106 5237; x_wconf 74' lang='lat' dir='ltr'><strong>deplombat</strong></span> <span class='ocrx_word' id='word_1_724' title='bbox 1152 5174 1339 5232; x_wconf 82' lang='lat' dir='ltr'><strong>dicens</strong></span> <span class='ocrx_word' id='word_1_725' title='bbox 1384 5194 1398 5230; x_wconf 90' lang='lat'><strong>:</strong></span> <span class='ocrx_word' id='word_1_726' title='bbox 1454 5176 1529 5232; x_wconf 85' lang='lat' dir='ltr'><strong>Ut</strong></span> <span class='ocrx_word' id='word_1_727' title='bbox 1554 5179 1682 5251; x_wconf 72' lang='lat' dir='ltr'><strong>quid</strong></span> 
     </span>
    </p>
   </div>
   <div class='ocr_carea' id='block_1_102' title="bbox 113 5245 1679 5336">
    <p class='ocr_par' dir='ltr' id='par_1_102' title="bbox 113 5245 1679 5336">
     <span class='ocr_line' id='line_1_102' title="bbox 113 5245 1679 5336; baseline 0.019 -40"><span class='ocrx_word' id='word_1_728' title='bbox 113 5245 336 5310; x_wconf 67' lang='lat' dir='ltr'><strong>rettulisti</strong></span> <span class='ocrx_word' id='word_1_729' title='bbox 363 5265 481 5316; x_wconf 87' lang='lat' dir='ltr'><strong>nos,</strong></span> <span class='ocrx_word' id='word_1_730' title='bbox 526 5251 692 5320; x_wconf 81' lang='lat' dir='ltr'><strong>Deus,</strong></span> <span class='ocrx_word' id='word_1_731' title='bbox 726 5255 783 5309; x_wconf 81' lang='lat' dir='ltr'><strong>in</strong></span> <span class='ocrx_word' id='word_1_732' title='bbox 815 5256 973 5325; x_wconf 73' lang='lat' dir='ltr'><strong>ﬁnem</strong></span> <span class='ocrx_word' id='word_1_733' title='bbox 994 5261 1023 5314; x_wconf 63' lang='grc' dir='ltr'><em>ἒ</em></span> <span class='ocrx_word' id='word_1_734' title='bbox 1054 5262 1222 5319; x_wconf 74' lang='lat' dir='ltr'><strong>iratus</strong></span> <span class='ocrx_word' id='word_1_735' title='bbox 1256 5276 1332 5321; x_wconf 78' lang='lat' dir='ltr'><strong>est</strong></span> <span class='ocrx_word' id='word_1_736' title='bbox 1377 5268 1527 5336; x_wconf 78' lang='lat' dir='ltr'><strong>furor</strong></span> 
     </span>
    </p>
   </div>
   <div class='ocr_carea' id='block_1_103' title="bbox 110 5340 1679 5423">
    <p class='ocr_par' dir='ltr' id='par_1_103' title="bbox 110 5340 1679 5423">
     <span class='ocr_line' id='line_1_103' title="bbox 110 5340 1679 5423; baseline 0.02 -40"><span class='ocrx_word' id='word_1_737' title='bbox 110 5342 254 5398; x_wconf 63' lang='lat' dir='ltr'><strong>super</strong></span> <span class='ocrx_word' id='word_1_738' title='bbox 278 5350 396 5389; x_wconf 76' lang='lat' dir='ltr'><strong>oues</strong></span> <span class='ocrx_word' id='word_1_739' title='bbox 420 5340 589 5408; x_wconf 74' lang='lat' dir='ltr'><strong>gregis</strong></span> <span class='ocrx_word' id='word_1_740' title='bbox 632 5341 713 5394; x_wconf 78' lang='lat' dir='ltr'><strong>tui</strong></span> <span class='ocrx_word' id='word_1_741' title='bbox 746 5359 766 5397; x_wconf 87' lang='lat'><strong><em>:</em></strong></span> <span class='ocrx_word' id='word_1_742' title='bbox 797 5358 1058 5403; x_wconf 72' lang='lat' dir='ltr'><strong>mento</strong></span> <span class='ocrx_word' id='word_1_743' title='bbox 1108 5358 1527 5423; x_wconf 71' lang='lat' dir='ltr'><strong>congregationis</strong></span> <span class='ocrx_word' id='word_1_744' title='bbox 1574 5368 1679 5414; x_wconf 69' lang='lat' dir='ltr'><strong>tite</strong></span> 
     </span>
    </p>
   </div>
   <div class='ocr_carea' id='block_1_104' title="bbox 109 5426 1678 5513">
    <p class='ocr_par' dir='ltr' id='par_1_104' title="bbox 109 5426 1678 5513">
     <span class='ocr_line' id='line_1_104' title="bbox 109 5426 1678 5513; baseline 0.02 -43"><span class='ocrx_word' id='word_1_745' title='bbox 109 5431 256 5483; x_wconf 79' lang='lat' dir='ltr'><strong>quam</strong></span> <span class='ocrx_word' id='word_1_746' title='bbox 298 5426 486 5477; x_wconf 83' lang='lat' dir='ltr'><strong>creasti</strong></span> <span class='ocrx_word' id='word_1_747' title='bbox 512 5427 576 5479; x_wconf 73' lang='lat' dir='ltr'><strong>ab</strong></span> <span class='ocrx_word' id='word_1_748' title='bbox 608 5429 760 5483; x_wconf 75' lang='lat' dir='ltr'><strong>initis</strong></span> <span class='ocrx_word' id='word_1_749' title='bbox 805 5433 979 5503; x_wconf 80' lang='lat' dir='ltr'><strong>(Psal.</strong></span> <span class='ocrx_word' id='word_1_750' title='bbox 1013 5439 1229 5511; x_wconf 72' lang='grc' dir='ltr'><strong>ιιιιιι).</strong></span> <span class='ocrx_word' id='word_1_751' title='bbox 1255 5441 1366 5495; x_wconf 85' lang='lat' dir='ltr'><strong>Nec</strong></span> <span class='ocrx_word' id='word_1_752' title='bbox 1386 5443 1678 5513; x_wconf 81' lang='lat' dir='ltr'><strong>imaginum</strong></span> 
     </span>
    </p>
   </div>
   <div class='ocr_carea' id='block_1_105' title="bbox 110 5514 1678 5604">
    <p class='ocr_par' dir='ltr' id='par_1_105' title="bbox 110 5514 1678 5604">
     <span class='ocr_line' id='line_1_105' title="bbox 110 5514 1678 5604; baseline 0.022 -48"><span class='ocrx_word' id='word_1_753' title='bbox 110 5514 525 5604; x_wconf 83' lang='lat' dir='ltr'><strong>contemptorem</strong></span> <span class='ocrx_word' id='word_1_754' title='bbox 545 5553 560 5578; x_wconf 89' lang='lat'><strong>,</strong></span> <span class='ocrx_word' id='word_1_755' title='bbox 614 5517 711 5571; x_wconf 84' lang='lat' dir='ltr'><strong>sed</strong></span> <span class='ocrx_word' id='word_1_756' title='bbox 763 5517 1003 5587; x_wconf 78' lang='lat' dir='ltr'><strong>ejusdem</strong></span> <span class='ocrx_word' id='word_1_757' title='bbox 1062 5528 1420 5585; x_wconf 80' lang='lat' dir='ltr'><strong>sacratissimi</strong></span> <span class='ocrx_word' id='word_1_758' title='bbox 1495 5534 1678 5604; x_wconf 87' lang='lat' dir='ltr'><strong>templi</strong></span> 
     </span>
    </p>
   </div>
   <div class='ocr_carea' id='block_1_106' title="bbox 112 5601 1680 5690">
    <p class='ocr_par' dir='ltr' id='par_1_106' title="bbox 112 5601 1680 5690">
     <span class='ocr_line' id='line_1_106' title="bbox 112 5601 1680 5690; baseline 0.022 -40"><span class='ocrx_word' id='word_1_759' title='bbox 112 5605 410 5690; x_wconf 72' lang='lat' dir='ltr'><strong>eversorem</strong></span> <span class='ocrx_word' id='word_1_760' title='bbox 451 5601 731 5663; x_wconf 75' lang='lat' dir='ltr'><strong>inimicm</strong></span> <span class='ocrx_word' id='word_1_761' title='bbox 753 5620 931 5679; x_wconf 87' lang='lat' dir='ltr'><strong>vocat,</strong></span> <span class='ocrx_word' id='word_1_762' title='bbox 967 5628 1092 5670; x_wconf 83' lang='lat' dir='ltr'><strong>cum</strong></span> <span class='ocrx_word' id='word_1_763' title='bbox 1129 5618 1432 5677; x_wconf 73' lang='lat' dir='ltr'><strong>subinfert:</strong></span> <span class='ocrx_word' id='word_1_764' title='bbox 1466 5601 1680 5690; x_wconf 67' lang='grc' dir='ltr'><strong>ραωὲιι</strong></span> 
     </span>
    </p>
   </div>
   <div class='ocr_carea' id='block_1_107' title="bbox 112 5687 1677 5781">
    <p class='ocr_par' dir='ltr' id='par_1_107' title="bbox 112 5687 1677 5781">
     <span class='ocr_line' id='line_1_107' title="bbox 112 5687 1677 5781; baseline 0.015 -31"><span class='ocrx_word' id='word_1_765' title='bbox 112 5687 1677 5781; x_wconf 60' lang='grc' dir='ltr'><strong>ωερωωωίαεικίωίιοααεικά.αηὶοω</strong></span> 
     </span>
    </p>
   </div>
   <div class='ocr_carea' id='block_1_108' title="bbox 1794 4509 3376 4585">
    <p class='ocr_par' dir='ltr' id='par_1_108' title="bbox 1794 4509 3376 4585">
     <span class='ocr_line' id='line_1_108' title="bbox 1794 4509 3376 4585; baseline 0.009 -23"><span class='ocrx_word' id='word_1_766' title='bbox 1794 4522 2027 4577; x_wconf 87' lang='lat' dir='ltr'><strong>quarum</strong></span> <span class='ocrx_word' id='word_1_767' title='bbox 2050 4509 2347 4565; x_wconf 87' lang='lat' dir='ltr'><strong>munimine</strong></span> <span class='ocrx_word' id='word_1_768' title='bbox 2369 4518 2559 4566; x_wconf 87' lang='lat' dir='ltr'><strong>contra</strong></span> <span class='ocrx_word' id='word_1_769' title='bbox 2585 4510 2712 4566; x_wconf 86' lang='lat' dir='ltr'><strong>vitia</strong></span> <span class='ocrx_word' id='word_1_770' title='bbox 2730 4522 3020 4585; x_wconf 85' lang='lat' dir='ltr'><strong>pugnatur,</strong></span> <span class='ocrx_word' id='word_1_771' title='bbox 3057 4524 3112 4572; x_wconf 88' lang='lat' dir='ltr'><strong>et</strong></span> <span class='ocrx_word' id='word_1_772' title='bbox 3132 4518 3290 4574; x_wconf 90' lang='lat' dir='ltr'><strong>ﬁdem</strong></span> <span class='ocrx_word' id='word_1_773' title='bbox 3320 4520 3376 4577; x_wconf 91' lang='lat' dir='ltr'><strong>in</strong></span> 
     </span>
    </p>
   </div>
   <div class='ocr_carea' id='block_1_109' title="bbox 1785 4600 3376 4672">
    <p class='ocr_par' dir='ltr' id='par_1_109' title="bbox 1785 4600 3376 4672">
     <span class='ocr_line' id='line_1_109' title="bbox 1785 4600 3376 4672; baseline 0.009 -19"><span class='ocrx_word' id='word_1_774' title='bbox 1785 4606 2008 4669; x_wconf 87' lang='lat' dir='ltr'><strong>pectore</strong></span> <span class='ocrx_word' id='word_1_775' title='bbox 2033 4600 2351 4655; x_wconf 89' lang='lat' dir='ltr'><strong>collocatam</strong></span> <span class='ocrx_word' id='word_1_776' title='bbox 2381 4600 2435 4656; x_wconf 93' lang='lat' dir='ltr'><strong>in</strong></span> <span class='ocrx_word' id='word_1_777' title='bbox 2473 4617 2581 4672; x_wconf 88' lang='lat' dir='ltr'><strong>qua</strong></span> <span class='ocrx_word' id='word_1_778' title='bbox 2617 4602 2729 4659; x_wconf 91' lang='lat' dir='ltr'><strong>Deo</strong></span> <span class='ocrx_word' id='word_1_779' title='bbox 2769 4604 3034 4661; x_wconf 88' lang='lat' dir='ltr'><strong>sacriﬁcia</strong></span> <span class='ocrx_word' id='word_1_780' title='bbox 3080 4610 3279 4666; x_wconf 87' lang='lat' dir='ltr'><strong>munda</strong></span> <span class='ocrx_word' id='word_1_781' title='bbox 3314 4610 3376 4666; x_wconf 90' lang='lat' dir='ltr'><strong>li-</strong></span> 
     </span>
    </p>
   </div>
   <div class='ocr_carea' id='block_1_110' title="bbox 1790 4690 3375 4769">
    <p class='ocr_par' dir='ltr' id='par_1_110' title="bbox 1790 4690 3375 4769">
     <span class='ocr_line' id='line_1_110' title="bbox 1790 4690 3375 4769; baseline 0.011 -25"><span class='ocrx_word' id='word_1_782' title='bbox 1790 4698 1992 4757; x_wconf 89' lang='lat' dir='ltr'><strong>tantur,</strong></span> <span class='ocrx_word' id='word_1_783' title='bbox 2036 4691 2189 4760; x_wconf 89' lang='lat' dir='ltr'><strong>quasi</strong></span> <span class='ocrx_word' id='word_1_784' title='bbox 2229 4690 2497 4761; x_wconf 89' lang='lat' dir='ltr'><strong>quoddam</strong></span> <span class='ocrx_word' id='word_1_785' title='bbox 2522 4695 2781 4765; x_wconf 89' lang='lat' dir='ltr'><strong>templum</strong></span> <span class='ocrx_word' id='word_1_786' title='bbox 2805 4713 3018 4769; x_wconf 89' lang='lat' dir='ltr'><strong>semper</strong></span> <span class='ocrx_word' id='word_1_787' title='bbox 3049 4700 3375 4761; x_wconf 85' lang='lat' dir='ltr'><strong>insectantes</strong></span> 
     </span>
    </p>
   </div>
   <div class='ocr_carea' id='block_1_111' title="bbox 1786 4783 3373 4869">
    <p class='ocr_par' dir='ltr' id='par_1_111' title="bbox 1786 4783 3373 4869">
     <span class='ocr_line' id='line_1_111' title="bbox 1786 4783 3373 4869; baseline 0.01 -31"><span class='ocrx_word' id='word_1_788' title='bbox 1786 4790 2030 4838; x_wconf 89' lang='lat' dir='ltr'><strong>evertere</strong></span> <span class='ocrx_word' id='word_1_789' title='bbox 2063 4783 2377 4851; x_wconf 86' lang='lat' dir='ltr'><strong>moliuntur,</strong></span> <span class='ocrx_word' id='word_1_790' title='bbox 2425 4796 2480 4840; x_wconf 87' lang='lat' dir='ltr'><strong>et</strong></span> <span class='ocrx_word' id='word_1_791' title='bbox 2534 4788 2892 4860; x_wconf 89' lang='lat' dir='ltr'><strong>cogitationes</strong></span> <span class='ocrx_word' id='word_1_792' title='bbox 2962 4796 3191 4852; x_wconf 90' lang='lat' dir='ltr'><strong>mundas</strong></span> <span class='ocrx_word' id='word_1_793' title='bbox 3248 4797 3373 4869; x_wconf 12' lang='lat' dir='ltr'><strong>‘sive</strong></span> 
     </span>
    </p>
   </div>
   <div class='ocr_carea' id='block_1_112' title="bbox 1784 4874 3367 4956">
    <p class='ocr_par' dir='ltr' id='par_1_112' title="bbox 1784 4874 3367 4956">
     <span class='ocr_line' id='line_1_112' title="bbox 1784 4874 3367 4956; baseline 0.008 -28"><span class='ocrx_word' id='word_1_794' title='bbox 1784 4874 2030 4945; x_wconf 76' lang='lat' dir='ltr'><strong>quaedam</strong></span> <span class='ocrx_word' id='word_1_795' title='bbox 2053 4876 2318 4932; x_wconf 91' lang='lat' dir='ltr'><strong>bonorum</strong></span> <span class='ocrx_word' id='word_1_796' title='bbox 2358 4890 2584 4946; x_wconf 88' lang='lat' dir='ltr'><strong>operum</strong></span> <span class='ocrx_word' id='word_1_797' title='bbox 2626 4883 2884 4938; x_wconf 80' lang='lat' dir='ltr'><strong>exercitia</strong></span> <span class='ocrx_word' id='word_1_798' title='bbox 2910 4886 3056 4939; x_wconf 89' lang='lat' dir='ltr'><strong>velut</strong></span> <span class='ocrx_word' id='word_1_799' title='bbox 3084 4886 3367 4956; x_wconf 88' lang='lat' dir='ltr'><strong>quemdam</strong></span> 
     </span>
    </p>
   </div>
   <div class='ocr_carea' id='block_1_113' title="bbox 1781 4965 3366 5038">
    <p class='ocr_par' dir='ltr' id='par_1_113' title="bbox 1781 4965 3366 5038">
     <span class='ocr_line' id='line_1_113' title="bbox 1781 4965 3366 5038; baseline 0.006 -17"><span class='ocrx_word' id='word_1_800' title='bbox 1781 4965 2038 5037; x_wconf 88' lang='lat' dir='ltr'><strong>populum</strong></span> <span class='ocrx_word' id='word_1_801' title='bbox 2083 4975 2362 5036; x_wconf 88' lang='lat' dir='ltr'><strong>prostrare</strong></span> <span class='ocrx_word' id='word_1_802' title='bbox 2400 4968 2668 5038; x_wconf 88' lang='lat' dir='ltr'><strong>nituntur,</strong></span> <span class='ocrx_word' id='word_1_803' title='bbox 2702 4981 2878 5027; x_wconf 90' lang='lat' dir='ltr'><strong>tamen</strong></span> <span class='ocrx_word' id='word_1_804' title='bbox 2920 4971 3272 5028; x_wconf 85' lang='lat' dir='ltr'><strong>historialiter</strong></span> <span class='ocrx_word' id='word_1_805' title='bbox 3299 4974 3366 5030; x_wconf 87' lang='lat' dir='ltr'><strong>de</strong></span> 
     </span>
    </p>
   </div>
   <div class='ocr_carea' id='block_1_114' title="bbox 1778 5061 3359 5139">
    <p class='ocr_par' dir='ltr' id='par_1_114' title="bbox 1778 5061 3359 5139">
     <span class='ocr_line' id='line_1_114' title="bbox 1778 5061 3359 5139; baseline 0.008 -25"><span class='ocrx_word' id='word_1_806' title='bbox 1778 5061 1991 5131; x_wconf 66' lang='lat' dir='ltr'><strong>praefati</strong></span> <span class='ocrx_word' id='word_1_807' title='bbox 2034 5062 2218 5132; x_wconf 83' lang='lat' dir='ltr'><strong>templi</strong></span> <span class='ocrx_word' id='word_1_808' title='bbox 2276 5064 2555 5120; x_wconf 87' lang='lat' dir='ltr'><strong>eversione</strong></span> <span class='ocrx_word' id='word_1_809' title='bbox 2609 5067 2749 5121; x_wconf 88' lang='lat' dir='ltr'><strong>dicta</strong></span> <span class='ocrx_word' id='word_1_810' title='bbox 2791 5065 2959 5120; x_wconf 90' lang='lat' dir='ltr'><strong>fuisse</strong></span> <span class='ocrx_word' id='word_1_811' title='bbox 3005 5064 3359 5139; x_wconf 88' lang='lat' dir='ltr'><strong>accipiuntur.</strong></span> 
     </span>
    </p>
   </div>
   <div class='ocr_carea' id='block_1_115' title="bbox 1781 5151 3361 5230">
    <p class='ocr_par' dir='ltr' id='par_1_115' title="bbox 1781 5151 3361 5230">
     <span class='ocr_line' id='line_1_115' title="bbox 1781 5151 3361 5230; baseline 0.004 -21"><span class='ocrx_word' id='word_1_812' title='bbox 1781 5151 1933 5209; x_wconf 80' lang='lat' dir='ltr'><strong>Unde</strong></span> <span class='ocrx_word' id='word_1_813' title='bbox 1988 5152 2191 5223; x_wconf 88' lang='lat' dir='ltr'><strong>liquido</strong></span> <span class='ocrx_word' id='word_1_814' title='bbox 2228 5162 2411 5224; x_wconf 87' lang='lat' dir='ltr'><strong>patet,</strong></span> <span class='ocrx_word' id='word_1_815' title='bbox 2463 5154 2695 5224; x_wconf 75' lang='lat' dir='ltr'><strong>majores</strong></span> <span class='ocrx_word' id='word_1_816' title='bbox 2717 5170 2903 5210; x_wconf 87' lang='lat' dir='ltr'><strong>eorum</strong></span> <span class='ocrx_word' id='word_1_817' title='bbox 2949 5172 3257 5230; x_wconf 87' lang='lat' dir='ltr'><strong>quanquam</strong></span> <span class='ocrx_word' id='word_1_818' title='bbox 3306 5161 3361 5217; x_wconf 85' lang='lat' dir='ltr'><strong>in</strong></span> 
     </span>
    </p>
   </div>
   <div class='ocr_carea' id='block_1_116' title="bbox 1778 5240 3361 5319">
    <p class='ocr_par' dir='ltr' id='par_1_116' title="bbox 1778 5240 3361 5319">
     <span class='ocr_line' id='line_1_116' title="bbox 1778 5240 3361 5319; baseline 0.006 -23"><span class='ocrx_word' id='word_1_819' title='bbox 1778 5240 2053 5296; x_wconf 88' lang='lat' dir='ltr'><strong>abolendis</strong></span> <span class='ocrx_word' id='word_1_820' title='bbox 2078 5257 2109 5296; x_wconf 90' lang='lat' dir='ltr'><strong>a</strong></span> <span class='ocrx_word' id='word_1_821' title='bbox 2130 5242 2475 5300; x_wconf 87' lang='lat' dir='ltr'><strong>basilicarum</strong></span> <span class='ocrx_word' id='word_1_822' title='bbox 2504 5244 2837 5300; x_wconf 87' lang='lat' dir='ltr'><strong>ornamentis</strong></span> <span class='ocrx_word' id='word_1_823' title='bbox 2879 5242 3205 5317; x_wconf 87' lang='lat' dir='ltr'><strong>imaginibus</strong></span> <span class='ocrx_word' id='word_1_824' title='bbox 3227 5265 3361 5319; x_wconf 88' lang='lat' dir='ltr'><strong>quo—</strong></span> 
     </span>
    </p>
   </div>
   <div class='ocr_carea' id='block_1_117' title="bbox 1778 5333 3355 5399">
    <p class='ocr_par' dir='ltr' id='par_1_117' title="bbox 1778 5333 3355 5399">
     <span class='ocr_line' id='line_1_117' title="bbox 1778 5333 3355 5399; baseline 0.004 -10"><span class='ocrx_word' id='word_1_825' title='bbox 1778 5333 2063 5389; x_wconf 85' lang='lat' dir='ltr'><strong>dammodo</strong></span> <span class='ocrx_word' id='word_1_826' title='bbox 2092 5334 2296 5391; x_wconf 82' lang='lat' dir='ltr'><strong>fuerint</strong></span> <span class='ocrx_word' id='word_1_827' title='bbox 2354 5336 2591 5399; x_wconf 83' lang='lat' dir='ltr'><strong>incauti,</strong></span> <span class='ocrx_word' id='word_1_828' title='bbox 2623 5335 3035 5391; x_wconf 88' lang='lat' dir='ltr'><strong>subversoribus</strong></span> <span class='ocrx_word' id='word_1_829' title='bbox 3061 5347 3240 5393; x_wconf 88' lang='lat' dir='ltr'><strong>tamen</strong></span> <span class='ocrx_word' id='word_1_830' title='bbox 3266 5355 3355 5395; x_wconf 87' lang='lat' dir='ltr'><strong>sa-</strong></span> 
     </span>
    </p>
   </div>
   <div class='ocr_carea' id='block_1_118' title="bbox 1776 5424 3353 5498">
    <p class='ocr_par' dir='ltr' id='par_1_118' title="bbox 1776 5424 3353 5498">
     <span class='ocr_line' id='line_1_118' title="bbox 1776 5424 3353 5498; baseline 0.004 -19"><span class='ocrx_word' id='word_1_831' title='bbox 1776 5424 2065 5482; x_wconf 83' lang='lat' dir='ltr'><strong>cratissimi</strong></span> <span class='ocrx_word' id='word_1_832' title='bbox 2089 5442 2155 5484; x_wconf 90' lang='lat' dir='ltr'><strong>ac</strong></span> <span class='ocrx_word' id='word_1_833' title='bbox 2180 5427 2609 5485; x_wconf 86' lang='lat' dir='ltr'><strong>reverendissimi</strong></span> <span class='ocrx_word' id='word_1_834' title='bbox 2633 5426 2778 5483; x_wconf 90' lang='lat' dir='ltr'><strong>illius</strong></span> <span class='ocrx_word' id='word_1_835' title='bbox 2800 5427 2987 5495; x_wconf 87' lang='lat' dir='ltr'><strong>templi</strong></span> <span class='ocrx_word' id='word_1_836' title='bbox 3012 5443 3353 5498; x_wconf 85' lang='lat' dir='ltr'><strong>nequaquam</strong></span> 
     </span>
    </p>
   </div>
   <div class='ocr_carea' id='block_1_119' title="bbox 1772 5517 3402 5608">
    <p class='ocr_par' dir='ltr' id='par_1_119' title="bbox 1772 5517 3402 5608">
     <span class='ocr_line' id='line_1_119' title="bbox 1772 5517 3402 5608; baseline 0 -32"><span class='ocrx_word' id='word_1_837' title='bbox 1772 5526 1903 5576; x_wconf 87' lang='lat' dir='ltr'><strong>sunt</strong></span> <span class='ocrx_word' id='word_1_838' title='bbox 1925 5521 2258 5591; x_wconf 65' lang='lat' dir='ltr'><strong>coequandi,</strong></span> <span class='ocrx_word' id='word_1_839' title='bbox 2275 5519 2526 5592; x_wconf 87' lang='lat' dir='ltr'><strong>quoniam</strong></span> <span class='ocrx_word' id='word_1_840' title='bbox 2551 5520 2606 5574; x_wconf 88' lang='lat' dir='ltr'><strong>in</strong></span> <span class='ocrx_word' id='word_1_841' title='bbox 2629 5517 2749 5576; x_wconf 91' lang='lat' dir='ltr'><strong>istis</strong></span> <span class='ocrx_word' id='word_1_842' title='bbox 2774 5519 2987 5591; x_wconf 89' lang='lat' dir='ltr'><strong>quidem</strong></span> <span class='ocrx_word' id='word_1_843' title='bbox 3014 5518 3350 5608; x_wconf 79' lang='lat' dir='ltr'><strong>fuitlevitas,</strong></span> <span class='ocrx_word' id='word_1_844' title='bbox 3390 5587 3402 5608; x_wconf 38' lang='grc' dir='ltr'><strong><em>υ</em></strong></span> 
     </span>
    </p>
   </div>
   <div class='ocr_carea' id='block_1_120' title="bbox 1775 5606 3354 5681">
    <p class='ocr_par' dir='ltr' id='par_1_120' title="bbox 1775 5606 3354 5681">
     <span class='ocr_line' id='line_1_120' title="bbox 1775 5606 3354 5681; baseline 0.001 -15"><span class='ocrx_word' id='word_1_845' title='bbox 1775 5609 1833 5666; x_wconf 88' lang='lat' dir='ltr'><strong>in</strong></span> <span class='ocrx_word' id='word_1_846' title='bbox 1856 5608 1964 5666; x_wconf 89' lang='lat' dir='ltr'><strong>illis</strong></span> <span class='ocrx_word' id='word_1_847' title='bbox 1984 5624 2113 5668; x_wconf 91' lang='lat' dir='ltr'><strong>vero</strong></span> <span class='ocrx_word' id='word_1_848' title='bbox 2136 5612 2423 5679; x_wconf 79' lang='lat' dir='ltr'><strong>atrocitas;</strong></span> <span class='ocrx_word' id='word_1_849' title='bbox 2454 5609 2510 5665; x_wconf 92' lang='lat' dir='ltr'><strong>in</strong></span> <span class='ocrx_word' id='word_1_850' title='bbox 2538 5608 2660 5665; x_wconf 88' lang='lat' dir='ltr'><strong>istis</strong></span> <span class='ocrx_word' id='word_1_851' title='bbox 2698 5608 2968 5681; x_wconf 87' lang='lat' dir='ltr'><strong>imperitia</strong></span> <span class='ocrx_word' id='word_1_852' title='bbox 2992 5647 3009 5676; x_wconf 90' lang='lat'><strong>,</strong></span> <span class='ocrx_word' id='word_1_853' title='bbox 3037 5610 3091 5666; x_wconf 92' lang='lat' dir='ltr'><strong>in</strong></span> <span class='ocrx_word' id='word_1_854' title='bbox 3118 5606 3227 5663; x_wconf 90' lang='lat' dir='ltr'><strong>illis</strong></span> <span class='ocrx_word' id='word_1_855' title='bbox 3253 5625 3354 5667; x_wconf 88' lang='lat' dir='ltr'><strong>ne-</strong></span> 
     </span>
    </p>
   </div>
   <div class='ocr_carea' id='block_1_121' title="bbox 1776 5701 3354 5778">
    <p class='ocr_par' dir='ltr' id='par_1_121' title="bbox 1776 5701 3354 5778">
     <span class='ocr_line' id='line_1_121' title="bbox 1776 5701 3354 5778; baseline -0.004 -3"><span class='ocrx_word' id='word_1_856' title='bbox 1776 5701 1983 5775; x_wconf 70' lang='grc' dir='ltr'><strong>ςιιιίιὶειί</strong></span> <span class='ocrx_word' id='word_1_857' title='bbox 2008 5704 2101 5773; x_wconf 72' lang='lat' dir='ltr'><strong>isti</strong></span> <span class='ocrx_word' id='word_1_858' title='bbox 2136 5705 2252 5775; x_wconf 67' lang='lat' dir='ltr'><strong>Deo</strong></span> <span class='ocrx_word' id='word_1_859' title='bbox 2296 5719 2357 5763; x_wconf 71' lang='grc' dir='ltr'><strong>ιο</strong></span> <span class='ocrx_word' id='word_1_860' title='bbox 2397 5704 2717 5775; x_wconf 63' lang='lat' dir='ltr'><strong>Mum</strong></span> <span class='ocrx_word' id='word_1_861' title='bbox 2732 5711 2999 5778; x_wconf 70' lang='lat' dir='ltr'><strong>praestare</strong></span> <span class='ocrx_word' id='word_1_862' title='bbox 3018 5701 3354 5775; x_wconf 68' lang='lat' dir='ltr'><strong>arme</strong></span> 
     </span>
    </p>
   </div>
  </div>
