4008 6154
630 272 763 328 1191

1525 263 1586 316 Β.
1627 257 1878 317 CAROLI
1913 251 2130 314 MAGNI
2166 249 2318 309 OPP.
2358 247 2538 304 PARS
2573 246 2641 303 Il.
2683 239 2926 302 SECTIO
2952 240 3019 296 ll.

3737 232 3878 289 “99

630 401 718 442 eas
743 385 810 439 ab
828 381 1156 438 ornamentis
1175 378 1521 434 basilicarum
1546 375 1901 440 abstulerunt,
1926 374 2001 428 illi
2026 374 2195 427 Deum
2221 371 2274 432 Δ
2297 365 2642 438 imperatoris
2666 363 2900 417 hominis
2921 373 3072 428 aeque
3095 351 3342 409 mortalis
3376 357 3538 442 atque
3583 347 3876 442 passibilis,

631 478 718 546 qui
742 475 934 544 populo
959 489 1055 528 suo
1081 472 1392 527 eratiratus
1426 470 1478 520 in
1526 483 1584 522 se
1615 467 1683 520 ad
1715 465 2047 520 iracundiam
2071 478 2198 531 pro-

630 577 880 623 vocantes
917 565 1034 634 ejus
1080 565 1296 619 domum
1326 560 1614 616 crudeliter
1641 559 1959 621 diruerant,
2008 555 2200 624 quibus

630 675 725 714 nos
780 658 1057 725 utrinque,
1095 655 1202 709 Deo
1251 651 1546 722 opitulante
1571 691 1584 715 ,
1616 649 1926 720 postpositis
1953 687 1968 713 ,
2003 654 2058 700 et
2085 646 2201 698 loca

630 751 809 804 divino
830 749 993 804 cultui
1019 746 1321 815 mancipata
1349 757 1673 798 exornamus
1695 781 1711 808 ,
1741 749 1798 796 et
1827 739 1925 795 soli
1952 737 2062 792 Deo
2087 750 2200 791 ser-

631 835 816 895 vitium
841 837 1169 896 adorationis
1199 833 1576 905 impendimus.

1251 988 1480 1046 CAPUT
1515 987 1584 1045 ν.

604 1105 782 1172 -Quod
810 1102 1046 1175 epistola,
1084 1119 1265 1175 qua_m_
1283 1100 1370 1175 illi
1397 1099 1562 1175 sancti
1605 1096 1868 1175 Simeonis
1927 1093 2083 1148 stulte
2123 1092 2205 1175 di-

700 1161 850 1239 cunt;
908 1161 1066 1226 missa
1096 1161 1188 1224 'ad
1230 1170 1590 1239 Iustinianum
1637 1169 2020 1239 imperatorem,
2070 1161 2198 1213 mul‘

699 1237 999 1298 tum'distet
1037 1261 1068 1294 a
1106 1241 1294 1293 divinis
1336 1238 1641 1307 Scripturis,
1691 1237 1794 1307 sive
1841 1253 1872 1287 a
1902 1241 2202 1307 sanctorum

700 1315 922 1368 Patrum
961 1311 1304 1372 documentis,
1335 1309 1390 1360 in
1419 1303 1476 1360 eo
1505 1306 1642 1376 quod
1681 1305 1753 1357 ait
1794 1304 2015 1376 prmfato
2043 1303 2206 1376 impe-

701 1384 864 1436 ratori
888 1400 904 1436 :
933 1382 1036 1435 Pro
1062 1381 1256 1448 quibus
1281 1370 1764 1448 commemorantes
1795 1370 2078 1448 referimus
2112 1370 2208 1448 .di-

699 1453 840 1506 vinis
883 1441 1321 1503 vestris-auribus
1346 1462 1360 1508 ;
1385 1445 1488 1496 sive
1516 1445 1571 1494 in
1608 1459 1666 1494 eo
1716 1441 1853 1511 quod
1892 1441 2058 1495 eidem
2105 1441 2203 1492 im-

699 1521 926 1592 peratori
948 1515 1304 1570 misericordia
1333 1515 1411 1565 uti
1432 1511 1772 1582 prohibuerit.

703 1631 850 1685 Solet
885 1628 1202 1698 plerumque
1247 1624 1625 1679 haereticorum
1659 1621 1896 1676 versutia
1941 1622 2206 1690 probrosa

2303 466 2359 512 et
2387 457 2593 511 cunctis
2619 453 2868 508 humanis
2890 445 3374 520 permutationibus
3403 439 3758 508 subjacentis,
3787 455 3878 493 au-

2302 562 2391 601 res
2415 546 2623 600 divinas
2671 539 3079 608 nuncupaverit,
3116 535 3468 600 eumdemque
3505 529 3876 584 misericordia

2303 639 2382 692 uti
2411 636 2766 702 prohibuerit,
2796 641 2850 685 et
2882 632 2950 682 ad
2989 626 3318 682 reddendum
3365 621 3562 674 malum
3597 637 3695 689 pro
3749 620 3879 675 malo

2303 727 2477 781 facilis
2501 725 2679 788 fuerit,
2712 732 2766 776 et
2799 721 3070 790 patienter
3097 734 3161 771 ac
3188 721 3463 770 mansuete
3501 726 3661 780 agere
3700 711 3755 764 in
3797 727 3878 764 ea-

2306 821 2428 874 dem
2457 833 2618 873 causa
2645 812 2986 886 neglexerit;
3018 820 3072 866 et
3111 809 3202 879 qui
3241 807 3498 862 debuerat
3542 820 3640 873 pro
3666 804 3880 856 damna-

2306 918 2485 964 torum
2521 908 2798 977 ereptione
2827 905 3076 958 laborans
3123 903 3260 954 iram
3303 898 3444 967 regis
3476 895 3772 958 refrenare,
3828 895 3879 948 il-

2307 998 2411 1053 lius
2436 1000 2573 1053 iram
2613 997 2782 1066 magis
2806 995 3084 1064 magisque
3105 988 3462 1054 succenderit,
3493 1002 3729 1056 eumque
3752 994 3880 1039 ιλιι-οη

2308 1090 2444 1144 citer
2489 1090 2557 1143 ad
2603 1088 2942 1152 irascendum
2991 1084 3283 1154 impulerit,
3336 1095 3436 1135 nec
3479 1079 3594 1148 ejus
3646 1080 3878 1147 exemplo
3946 1113 3956 1126 .

2308 1196 2438 1235 usus
2463 1180 2533 1233 sit
2559 1179 2650 1247 qui
2683 1177 2952 1231 neminem
2984 1174 3092 1228 vult
3113 1173 3288 1243 perire
3313 1188 3328 1237 ;
3367 1180 3422 1225 et
3446 1171 3539 1238 qui
3558 1185 3655 1238 pro
3679 1170 3879 1223 lucran-

2309 1272 2392 1326 dis
2421 1271 2705 1324 animabus
2741 1267 3027 1338 invigilare
3058 1266 3336 1326 debuerat,
3370 1262 3654 1316 anathema
3689 1271 3744 1315 et
3776 1275 3880 1313 ma-

2307 1363 2498 1418 ledicta
2529 1360 2795 1428 injecerit,
2841 1367 2896 1413 et
2924 1359 3098 1413 eidem
3141 1354 3456 1424 imperatori
3501 1354 3661 1407 Deum
3703 1367 3882 1406 conre-

2307 1469 2471 1526 gnare
2495 1454 2712 1508 dixerit.
2749 1451 2879 1516 Qua:
2907 1453 3073 1504 verba
3102 1449 3227 1503 dum
3257 1448 3311 1501 in
3332 1455 3412 1501 tot
3445 1445 3576 1500 locis
3609 1445 3880 1515 reprehen-

2309 1547 2529 1609 dantur,
2560 1543 2626 1596 ad
2654 1543 3016 1596 roborandam
3057 1539 3428 1595 adorationem
3459 1538 3754 1607 imaginum
3787 1537 3880 1590 mi-

2311 1649 2414 1688 nus
2475 1634 2664 1688 idonea
2721 1633 3086 1701 reperiuntur,
3145 1631 3400 1700 quoniam
3460 1629 3664 1685 difficile
3715 1637 3884 1696 potest

632 1719 875 1790 qumdam
902 1724 956 1770 et
983 1729 1227 1770 errorem
1267 1713 1544 1767 suadentia
1570 1713 1812 1783 apicibus
1843 1720 2120 1773 annotare,
2153 1718 2208 1765 et

2321 1740 2406 1794 per
2449 1724 2748 1794 praecipitia
2787 1739 3024 1785 currere,
3053 1722 3145 1792 qui
3171 1722 3224 1775 in
3271 1722 3446 1791 planis
3482 1721 3716 1774 cernitur
3763 1720 3883 1771 titu-

632 1816 941 1865 sanctorum
986 1804 1339 1875 quorumdam
1365 1803 1830 1872 probabiliumque
1853 1802 2093 1856 virorum
2117 1815 2211 1855 no-

632 1899 867 1955 minibus
881 1895 1231 1966 praatitulare,
1259 1902 1523 1963 quatenus
1546 1893 1784 1947 virosum
1803 1891 2054 1962 poculum
2081 1891 2214 1944 mel-

633 1990 700 2046 lis
740 1989 930 2043 illitum
962 2001 1156 2057 sapore
1194 1984 1404 2039 facilius
1438 1984 1652 2038 valeant
1683 1984 1749 2037 ad
1782 1983 2074 2052 potandum
2119 1996 2214 2036 ne-

634 2081 931 2136 scientibus
948 2079 1249 2148 quibusque
1282 2077 1578 2147 porrigere.
1632 2075 1784 2129 Unde
1811 2074 2107 2128 timendum
2133 2078 2217 2126 est

635 2185 705 2226 ne
753 2169 979 2239 epistola
1036 2183 1196 2237 quam
1246 2167 1323 2219 illi
1381 2164 1660 2235 cujusdam
1727 2165 1900 2219 sancti
1948 2161 2216 2216 Simeonis

638 2264 841 2327 dicunt,
873 2277 940 2316 ex
970 2276 1076 2331 qua
1105 2258 1412 2314 testimonia
1450 2258 1518 2312 ad
1555 2272 1711 2313 suum
1753 2271 1995 2310 errorem
2043 2255 2215 2310 stabi—

637 2356 875 2412 liendum
903 2355 1193 2418 adducunt,
1227 2367 1334 2406 non
1378 2349 1544 2403 verba
1570 2348 1678 2402 sint
1727 2347 1828 2399 viri
1881 2345 2074 2410 sancti,
2125 2343 2219 2398 sed

639 2445 916 2515 cujusdam
967 2442 1387 2498 machinamenti
1426 2439 1650 2494 versuti.
1699 2437 1962 2504 Quoniam
2005 2437 2221 2506 quidem

640 2536 761 2590 ideo
782 2536 848 2589 de
875 2550 938 2588 ea
960 2549 991 2586 a
1017 2532 1170 2587 nobis
1199 2532 1311 2585 sive
1348 2545 1378 2582 a
1407 2528 1616 2583 caeteris
1645 2528 1945 2596 quibusque
1964 2525 2218 2580 orthodo-

639 2627 726 2680 xis
774 2625 1068 2690 dubitatur,
1115 2621 1242 2690 quia
1273 2619 1388 2688 ejus
1430 2634 1607 2674 sermo
1641 2619 1697 2671 in
1726 2619 2048 2686 quibusdam
2087 2616 2219 2670 locis

642 2721 951 2771 sanctarum
977 2712 1382 2782 Scripturarum
1405 2710 1743 2765 documentis
1769 2709 2091 2779 refragatur,
2121 2721 2218 2762 nec

642 2804 1021 2876 prtesumimus
1090 2802 1207 2870 ejus
1278 2802 1565 2856 lectionem
1625 2800 1680 2853 in
1735 2799 2098 2853 testimonium
2156 2794 2222 2850 ad

642 2915 736 2957 res
769 2899 958 2954 dubias
988 2897 1277 2951 ﬁrmandas
1305 2911 1537 2960 sumere,
1571 2909 1732 2964 quam
1753 2894 2001 2947 novimus
2029 2891 2223 2946 divinas

640 2989 774 3061 legis
804 2989 1065 3044 institutis
1085 2989 1374 3044 contraire.
1403 2987 1522 3042 Non
1543 2987 1689 3040 enim
1715 3002 1813 3040 nos
1835 3002 1901 3040 ex
1929 2983 2045 3052 ejus
2073 2991 2223 3036 textu

2313 1814 2464 1879 bare,
2513 1828 2614 1867 nec
2663 1813 2804 1867 valet
2854 1812 2908 1866 in
2959 1812 3225 1882 ambiguis
3252 1811 3584 1865 diverticulis
3633 1811 3744 1865 dux
3780 1822 3886 1862 esse

2313 1904 2544 1966 itineris,
2582 1903 2676 1973 qui
2725 1903 2925 1974 publici
2955 1902 3188 1956 tramitis
3219 1901 3363 1955 viam
3399 1909 3582 1956 tenere
3631 1897 3818 1969 nequit
3844 1897 3890 1949 in

2315 1998 2625 2067 patentibus
2653 1997 2796 2063 viis;
2827 2005 2881 2051 et
2927 2012 2958 2050 a
2984 1995 3285 2050 liberalium
3330 1995 3740 2063 disciplinarum
3778 1991 3891 2045 sub-

2317 2087 2571 2142 tilissimo
2625 2087 2935 2157 magisterio
2985 2086 3318 2154 reprobatur,
3379 2084 3468 2151 qui
3531 2081 3894 2136 communium

2319 2179 2626 2235 litterarum
2677 2179 3081 2234 usitatissimam
3133 2177 3378 2230 notitiam
3422 2174 3646 2226 minime
3699 2175 3900 2227 habere

2319 2273 2606 2342 reperitur.
2655 2269 2787 2321 Nam
2821 2269 2945 2320 dum
2985 2268 3049 2318 de
3098 2281 3161 2317 eo
3205 2265 3345 2329 quod
3396 2262 3486 2313 ille
3543 2261 3904 2328 imperatoris

2322 2377 2480 2417 aures
2507 2360 2710 2414 divinas
2747 2357 2894 2417 dixit,
2924 2355 3083 2422 eique
3112 2353 3279 2407 Deum
3322 2367 3659 2421 conregnare
3720 2352 3904 2420 profa-

2321 2460 2407 2506 tus
2437 2456 2536 2513 est,
2567 2453 2753 2500 contra
2783 2460 2972 2498 eorum
3003 2443 3356 2497 deliramenta
3387 2442 3479 2510 qui
3515 2442 3793 2496 hactenus
3835 2452 3902 2496 ta-

2319 2542 2459 2596 libus
2486 2539 2659 2594 adhuc
2685 2535 2842 2606 nugis
2867 2542 3113 2600 utuntur,
3144 2533 3457 2602 plenissime
3497 2532 3552 2584 in
3594 2534 3896 2599 superiori-

2321 2633 2421 2687 bus
2451 2631 2608 2700 hujus
2647 2629 2826 2698 operis
2853 2628 3100 2696 partibus
3143 2643 3173 2679 a
3219 2625 3375 2679 nobis
3417 2623 3620 2677 affatim
3668 2625 3899 2692 disputa-

2322 2730 2438 2777 tum
2463 2722 2553 2784 sit,
2584 2735 2726 2774 nunc
2746 2719 2878 2774 ordo
2903 2718 3144 2786 exposcit
3167 2723 3227 2768 ut
3251 2715 3318 2768 de
3343 2714 3573 2778 caeteris,
3616 2713 3684 2767 de
3711 2715 3897 2782 quibus

2324 2829 2470 2870 nunc
2508 2827 2685 2867 sermo
2736 2816 2816 2865 est
2848 2809 3152 2864 divinorum
3198 2805 3536 2874 eloquiorum
3581 2805 3893 2859 testimoniis

2327 2919 2545 2974 gressus
2573 2915 2883 2957 sermonum
2911 2907 3219 2953 nostrorum
3253 2897 3575 2960 munientes,
3609 2907 3774 2965 prout
3806 2897 3894 2950 Do-

2326 2995 2506 3047 minus
2535 2991 2763 3054 dederit,
2794 2990 3147 3058 disputemus.
3191 2987 3324 3041 Cum
3354 2987 3498 3040 enim
3534 2987 3892 3041 misericordia

642 3090 872 3160 amplius
897 3090 1105 3159 uspiam
1139 3088 1332 3158 legisse
1353 3085 1716 3150 meminimus,
1751 3083 1853 3136 nisi
1906 3083 1958 3135 id
1983 3081 2126 3149 quod
2154 3079 2221 3132 ab
2251 3086 2296 3148 C
2328 3085 2404 3137 uti
2448 3085 2826 3150 imperatorem
2871 3079 3210 3148 prohibuisse
3250 3079 3533 3146 reperitur,
3581 3079 3712 3146 quid
3770 3078 3893 3132 aliud

645 3181 753 3237 illis
815 3181 870 3234 in
916 3195 1104 3234 eorum
1151 3180 1334 3234 codice
1385 3184 1626 3231 taxatum
1683 3173 1999 3242 reperimus.
2071 3168 2224 3232 Quod

645 3271 865 3342 quidem
909 3271 1155 3340 quamvis
1189 3285 1444 3325 sensuum
1493 3269 1889 3334 verborumque
1941 3267 2224 3316 venustate

645 3371 844 3428 careat,
880 3372 934 3417 et
961 3363 1223 3418 insulsum
1247 3362 1430 3416 nescio
1452 3361 1581 3429 quid
1613 3359 1940 3414 rusticumve
1966 3353 2221 3417 redoleat,

644 3453 777 3510 libet
801 3462 979 3508 tamen
1019 3454 1174 3508 nobis
1222 3453 1296 3506 ita
1335 3453 1389 3506 id
1433 3460 1638 3515 texere,
1688 3458 1748 3504 ut
1796 3455 2009 3503 constat
2046 3461 2143 3500 nos
2170 3444 2225 3497 in

645 3561 832 3602 eorum
855 3545 1038 3600 codice
1069 3545 1356 3613 reperisse.
1389 3545 1582 3597 Dicunt
1610 3541 1755 3596 enim
1781 3541 2063 3610 praefatum
2110 3552 2228 3592 san-

646 3646 794 3693 ctum
837 3637 1144 3690 Simeonem
1179 3635 1330 3701 cujus
1357 3635 1465 3687 vita
1496 3634 1651 3688 nobis
1673 3633 1738 3685 'et
1776 3632 2087 3702 praedicatio
2113 3644 2228 3683 ma-

647 3734 742 3781 net
777 3727 979 3793 ignota,
1012 3739 1112 3792 pro
1149 3723 1467 3791 quibusdam
1496 3721 1870 3786 Samaritanis,
1904 3719 2226 3789 imaginibus

649 3816 901 3886 injuriam
942 3814 1316 3877 inferentibus,
1340 3811 1645 3867 Justiniano
1681 3811 1996 3881 imperatori
2044 3807 2227 3860 taliter

649 3907 966 3977 scripsisse:
1007 3905 1139 3960 «Pro
1165 3905 1360 3974 quibus
1409 3913 1894 3960 commemorantes
1941 3897 2225 3953 referimus

653 3998 846 4055 divinis
873 3999 1066 4053 vestris
1092 3999 1332 4052 auribus.
1367 4018 1386 4050 ›
1437 3997 1503 4051 Ει
1560 3997 1794 4050 iterum:
1849 4011 1867 4042 ι
1906 3989 2022 4044 Non
2053 3989 2224 4044 habeo

649 4092 792 4162 quod
818 4091 946 4146 dicit
977 4091 1103 4145 talia
1133 4097 1521 4159 praesumentes
1545 4102 1612 4141 ne
1641 4101 1748 4139 una
1778 4084 1831 4138 in
1860 4083 1937 4136 eis
1962 4080 2108 4136 facta
2133 4081 2228 4134 hu-

649 4182 909 4236 manitate
929 4189 1196 4250 quatenus
1211 4192 1498 4248 precamur
1509 4173 1854 4228 victoriosam
1865 4177 2103 4228 vestram
2119 4168 2228 4221 for-

650 4273 956 4338 titudinem,
1011 4287 1078 4325 ne
1111 4271 1274 4324 faciat
1305 4267 1727 4324 misericordiam
1777 4265 1832 4317 in
1881 4263 1959 4318 eis
1998 4261 2093 4330 qui
2125 4260 2229 4314 hoc

651 4370 1126 4434 praesumpserunt,
1161 4376 1334 4428 neque
1358 4374 1582 4429 parcere
1606 4357 1730 4421 illis,
1750 4370 1925 4423 neque
1952 4352 2229 4422 quodlibet

2324 3171 2474 3236 facit,
2500 3168 2602 3223 nisi
2626 3169 2876 3222 omnibus
2901 3167 3103 3222 sanctis
3127 3166 3426 3236 Scripturis
3455 3182 3572 3234 quae
3602 3168 3893 3222 misericon

2326 3263 2468 3317 diam
2513 3262 2814 3315 habendam
2859 3269 3198 3329 percensent,
3241 3259 3492 3312 reluctari
3529 3256 3893 3327 dignoscitur?

2333 3353 2480 3409 Unde
2493 3352 3005 3422 periculosissimum
3027 3360 3108 3404 est
3126 3351 3309 3403 talium
3331 3351 3632 3404 litterarum
3644 3360 3893 3420 praecepta

2327 3448 2498 3514 sequi,
2549 3459 2666 3513 quae
2705 3445 2900 3498 divinis
2954 3443 3252 3513 Scripturis
3290 3444 3536 3498 videntur
3585 3446 3778 3497 obniti.
3818 3444 3894 3496 Ait

2326 3537 2468 3590 enim
2499 3535 2754 3588 Dominus
2795 3535 2847 3587 in
2878 3534 3188 3604 Evangelio,
3215 3535 3395 3588 Estote
3421 3535 3774 3588 misericordes
3812 3537 3894 3588 sic-

2326 3635 2382 3678 ut
2408 3634 2454 3678 et
2476 3623 2636 3677 Pater
2657 3634 2819 3676 vester
2839 3625 3132 3677 misericors
3156 3633 3227 3676 est
3255 3623 3406 3691 (Luc.
3431 3622 3510 3692 vn)
3536 3640 3550 3687 ;
3577 3631 3634 3676 et
3668 3624 3852 3676 iterum
3879 3637 3891 3674 :

2326 3715 2475 3769 Beati
2516 3714 2897 3779 misericordes,
2926 3718 3174 3784 quoniam
3203 3716 3300 3784 ipsi
3338 3715 3750 3768 misericordiam
3782 3731 3891 3767 con-

2330 3816 2607 3876 sequentur
2641 3805 2854 3875 (Matth.
2887 3804 2955 3875 ν)
2981 3815 3080 3870 ;'et
3113 3806 3301 3859 doctor
3329 3805 3567 3874 gentium
3591 3807 3669 3859 ait
3696 3824 3707 3858 :
3734 3804 3893 3857 Estole

2328 3911 2501 3956 autem
2530 3901 2747 3955 invicem
2768 3900 2990 3970 benigni,
3026 3899 3405 3962 misericordes,
3449 3899 3706 3953 donantes
3746 3897 3893 3952 vobis-

2326 3993 2578 4062 metipsis,
2633 3993 2766 4046 sicut
2826 4000 2872 4044 et
2928 3989 3068 4043 Deus
3133 3991 3187 4042 in
3245 3989 3453 4044 Christo
3514 3991 3721 4044 donavit
3769 3987 3892 4041 vobis

2329 4085 2544 4157 (Ephes.
2596 4085 2717 4154 v1);
2789 4090 2844 4136 et
2891 4081 3343 4151 Psalmographus
3392 4081 3521 4136 dicit
3563 4095 3579 4132 :
3630 4079 3892 4132 Dominum

2327 4175 2736 4230 misericordiam
2793 4173 3006 4244 diligere
3057 4173 3238 4245 (Psal.
3298 4174 3514 4245 xxxn);
3546 4181 3597 4227 et
3649 4190 3662 4224 :
3703 4169 3891 4223 miseri-

2330 4267 2508 4322 cordia
2557 4266 2768 4318 Domini
2819 4265 3028 4334 plenam
3079 4281 3188 4318 esse
3241 4281 3446 4318 omnem
3495 4275 3680 4317 terram
3733 4256 3888 4330 (Psal.

2330 4356 2557 4428 cxvm);
2607 4366 2660 4410 et
2736 4356 2875 4409 idem
2927 4356 3183 4410 Dominus
3242 4371 3341 4424 per
3389 4357 3696 4425 prophetam
3734 4350 3886 4403 dicit;

652 4464 842 4521 rogum
888 4460 981 4505 aut
1012 4464 1328 4516 responsum
1363 4447 1636 4514 suscipere
1658 4462 1757 4514 pro
1785 4446 1924 4508 illis;
1959 4465 1976 4495 ι
2009 4452 2062 4497 et
2112 4451 2220 4513 posl

2337 4449 2475 4514 Quia
2529 4447 2941 4500 misericordiam
2995 4446 3108 4500 volo
3155 4456 3201 4500 et
3255 4463 3358 4498 non
3401 4445 3711 4512 sacri/icium
3758 4437 3887 4510 (Osc.

652 4555 823 4610 pauca
857 4558 868 4591 :
907 4559 924 4588 ‹
958 4538 1062 4590 Sed
1093 4535 1316 4602 conjuro
1345 4548 1462 4599 vos,
1496 4533 1738 4599 Domine,
1788 4550 1885 4603 per
1913 4534 2230 4588 Emmanuel

654 4631 822 4682 Deum
853 4627 1123 4681 excelsum
1150 4641 1258 4678 non
1287 4625 1486 4680 morari
1516 4640 1689 4694 neque
1715 4625 1782 4680 ad
1807 4625 2078 4682 modicum
2114 4625 2230 4679 ﬁeri

657 4718 941 4772 ducentem
955 4715 1276 4782 vindictam;
1303 4736 1320 4768 ι
1350 4727 1403 4770 et
1425 4717 1651 4770 iterum:
1681 4737 1698 4768 α
1724 4717 1870 4783 Quos
1886 4717 2226 4786 etsuscipiet,

655 4806 1080 4878 propinquitates
1091 4821 1275 4860 eorum
1293 4808 1513 4862 tenebra
1530 4808 1581 4860 in
1596 4809 2122 4874 condemnationem,
2138 4803 2229 4873 qui

655 4903 929 4966 exspectat
945 4910 1040 4952 eos
1058 4911 1377 4952 consumere
1399 4897 1891 4968 inexstinguibilem
1912 4907 1965 4950 et
1984 4897 2231 4950 tenebro—

655 5003 777 5044 sum
799 4989 1000 5058 ignem,
1032 4995 1086 5042 et
1109 4988 1532 5044 anathematizet
1560 5003 1654 5042 eos
1673 4989 1728 5041 in
1755 4987 2019 5041 inferiora
2048 4984 2229 5053 abyssi

655 5081 770 5149 ipse
793 5088 1012 5134 sanctus
1038 5088 1093 5134 et
1128 5082 1468 5150 omnipotens
1497 5080 1717 5148 spiritus
1739 5076 1866 5132 Jesu
1901 5075 2102 5130 Christi
2131 5075 2230 5129 Do-

656 5169 788 5223 mini
817 5169 985 5223 nostri
996 5171 1088 5239 qui
1115 5185 1180 5226 ex
1201 5172 1359 5225 Patre
1384 5169 1646 5240 procedit,
1663 5168 1728 5220 ad
1757 5167 2084 5236 perdendum
2112 5167 2228 5222 illos

657 5256 713 5311 in
740 5256 946 5312 inﬁnita
971 5261 1293 5329 perditione.
1329 5279 1346 5311 ι
1372 5259 1440 5312 Et
1458 5265 1582 5327 post
1604 5273 1770 5326 pauca
1799 5277 1810 5311 :
1836 5278 1855 5310 t
1887 5258 1944 5312 In
1979 5260 2097 5328 ipso
2135 5260 2229 5328 qui

657 5358 953 5420 conregnat
976 5350 1176 5420 pietati
1216 5356 1430 5403 vestrm.
1478 5367 1496 5399 ι
1538 5346 1594 5400 1n
1623 5348 1815 5415 quibus
1864 5347 2228 5404 stolidissimis

655 5441 835 5496 verbis
862 5449 918 5495 et
941 5456 1047 5495 non
1069 5438 1242 5494 solum
1264 5437 1462 5507 eloquii
1477 5447 1831 5503 venustatem,
1859 5455 2046 5495 verum
2064 5441 2227 5492 etiam

657 5544 996 5585 communem
1026 5529 1276 5597 loquendi
1296 5544 1513 5584 sensum
1534 5529 1860 5600 fugientibus
1881 5538 1936 5584 et
1957 5529 2230 5584 barbaris-

660 5619 764 5672 mis
797 5635 861 5675 ac
883 5619 1205 5676 soloecismis
1228 5629 1540 5676 concretum
1566 5622 1747 5677 nescio
1793 5621 1923 5690 quid
1965 5621 2225 5674 resonan-

653 5701 826 5791 tibus.
857 5711 974 5766 haec
993 5725 1213 5777 prorsus
1233 5711 1718 5782 reprehenduntur,
1751 5711 1896 5782 quod
1935 5709 2227 5773 Justiniani

2332 4541 2431 4611 vr).
2496 4538 2628 4592 Nam
2685 4540 2812 4593 dum
2869 4539 3238 4592 misericordia
3283 4549 3391 4592 tam
3442 4537 3759 4592 authenticis
3810 4535 3890 4586 ba-

2331 4631 2506 4685 benda
2564 4638 2851 4684 censeatur
2895 4630 3198 4698 prteceptis,
3247 4638 3300 4682 et
3354 4644 3470 4683 eam
3543 4642 3598 4680 se
3645 4627 3695 4676 in
3743 4632 3892 4675 mter-

2331 4737 2461 4776 num
2509 4729 2847 4774 cantaturum
2896 4720 3158 4787 propheta
3215 4726 3445 4780 testetur,
3509 4710 3889 4766 Misericordiae

2332 4820 2464 4873 tuas,
2496 4810 2764 4877 inquiens,
2802 4807 3041 4872 Domine,
3077 4809 3133 4862 in
3161 4819 3401 4863 internum
3431 4803 3664 4866 cantabo,
3691 4810 3743 4855 et
3767 4801 3840 4852 ita
3861 4814 3890 4851 a

2331 4900 2557 4954 Domino
2585 4900 2794 4952 dicatur
2815 4898 2982 4967 diligi,
3012 4899 3255 4968 quisquis
3284 4915 3347 4953 ea
3372 4900 3450 4951 uti
3475 4894 3736 4966 prohibet,
3759 4905 3891 4943 eam-

2331 5003 2434 5057 que
2458 4988 2657 5041 habere
2678 4987 2988 5048 contemnit,
3015 4995 3070 5041 et
3091 4988 3259 5042 Deum
3292 4987 3623 5042 convincitur
3653 4997 3758 5036 non
3785 4977 3888 5032 dili-

2331 5095 2474 5152 gere,
2509 5089 2562 5135 et
2585 5079 2699 5148 ejus
2720 5081 3180 5150 praestantissimis
3203 5081 3420 5134 monitis
3461 5078 3669 5147 penitus
3699 5079 3886 5128 contra-

2331 5173 2428 5228 ire.
2462 5172 2612 5228 Unde
2648 5179 2702 5225 et
2745 5171 2858 5240 ipsa
2885 5171 3096 5227 Veritas
3137 5170 3445 5240 legisperito
3486 5165 3699 5230 dicenti,
3737 5164 3884 5233 ipsum

2331 5277 2448 5320 esse
2482 5263 2784 5332 proximum
2821 5263 2910 5330 qui
2946 5261 3074 5316 fecit
3105 5261 3564 5342 misericordiam,
3599 5251 3882 5325 respondit:

2341 5351 2502 5418 Vade,
2526 5362 2574 5406 et
2591 5363 2646 5406 tu
2660 5352 2744 5422 [ac
2757 5351 3159 5423 similiter(Luc.
3177 5352 3254 5420 χ).
3282 5351 3399 5416 Quo
3419 5351 3736 5404 documento
3759 5353 3886 5396 mon—

2331 5452 2549 5508 stratur,
2595 5459 2700 5497 non
2735 5445 2908 5496 solum
2947 5459 2976 5494 a
3025 5443 3178 5496 nobis
3215 5443 3462 5496 homines
3501 5441 3594 5509 qui
3633 5438 3780 5492 unius
3813 5443 3886 5483 n0-

2329 5535 2536 5590 biscum
2579 5543 2782 5588 naturae
2825 5541 2950 5586 sunt
2988 5533 3315 5602 diligendus,
3355 5532 3448 5587 sed
3487 5531 3651 5584 etiam
3699 5519 3888 5594 angelos

2330 5625 2423 5694 qui
2449 5625 2693 5694 quamvis
2724 5622 2944 5677 alterius
2975 5623 3082 5676 sint
3112 5631 3341 5689 naturae,
3370 5623 3428 5677 in
3466 5637 3531 5676 eo
3563 5630 3740 5675 tamen
3765 5607 3888 5682 quOd

2328 5714 2752 5775 misericordiam
2777 5727 2906 5786 erga
2915 5727 3014 5772 nos
3027 5723 3302 5787 exercent,
3321 5722 3375 5772 et
3386 5712 3628 5788 proximi
3651 5721 3766 5768 esse
3789 5711 3888 5761 αθ·
