4008 6154
134 285 262 342 Ηθὸ

904 276 1080 331 LIBRI
1110 272 1449 330 CAROLINI.
1477 302 1544 311 -
1583 270 1798 324 CAPIT.
1839 271 1924 324 DE
1962 270 2148 324 IMAG.
2185 300 2249 312 —-
2281 271 2409 324 LIB.
2451 269 2538 325 IV.

3228 274 3358 326 “9i

132 365 340 459 duntur,
369 400 424 450 et
455 389 600 462 diligi
635 401 855 459 prorsus
887 387 954 440 ab
987 399 1053 438 eo
1087 384 1180 453 qui
1213 382 1380 436 Deum
1415 388 1472 435 et
1505 379 1684 450 proxi-
1707 380 1762 440 Α
1787 377 1984 432 malum
2004 395 2099 447 pro
2121 379 2261 434 malo
2280 380 2606 435 reddendum
2626 395 2745 436 esse
2770 382 2852 435 his
2877 375 3052 436 verbis
3075 383 3359 448 admonet;

134 499 270 539 mum
301 483 522 552 diligere
555 478 752 542 sanxit,
790 474 1009 531 omnino
1033 470 1306 541 iubentur,
1337 470 1397 523 in
1427 483 1491 523 eo
1525 467 1685 522 etiam

131 573 264 642 quod
281 581 388 627 tam
407 570 578 626 facilis
595 569 664 622 ad
681 566 1008 622 reddendum
1025 562 1219 617 malum
1234 575 1332 629 pro
1350 559 1492 614 malo
1509 557 1684 619 fuerit,

1787 469 1864 521 ait
1881 471 2022 522 enim
2046 472 2101 524 in
2122 471 2345 538 cpistola
2366 472 2434 525 ad
2455 473 2756 528 Romanos:
2780 473 2957 527 Nolite
2976 475 3257 543 prudentes
3275 475 3362 543 ﬁe-

1788 557 1834 608 ri
1854 557 1993 625 apud
2015 562 2342 623 vosmetipsos
2359 599 2372 624 ,
2398 559 2528 614 nulli
2550 561 2746 616 malum
2771 579 2863 631 pro
2886 562 3029 616 malo
3056 563 3326 616 reddentes
3346 604 3362 627 ,

129 659 315 714 divinis
338 671 563 726 prorsus
585 654 808 710 monitis
830 649 1169 708 contradixit.
1205 646 1315 702 Nec
1342 648 1431 701 ille
1455 647 1599 701 enim
1623 646 1689 699 ad
1787 647 2107 714 providentes
2131 649 2264 703 bona
2287 660 2389 705 nan
2410 650 2577 705 solum
2599 659 2775 706 c‘oram
2792 653 2900 707 Deo
2917 693 2930 718 ,
2954 657 3043 708 sed
3084 656 3241 708 etiam
3275 671 3364 707 co-

129 746 485 802 exercendam
509 745 808 800 vindictam
832 748 941 795 tam
973 753 1193 795 severus
1217 751 1355 801 esse,
1389 751 1491 791 nec
1525 737 1692 805 impe-

129 840 362 890 ratorem
386 835 457 888 ad
479 835 622 888 hanc
643 830 990 887 exercendam
1016 827 1290 898 impellere
1311 826 1512 891 debuit,
1539 826 1694 894 quip-

123 937 194 992 pe
222 922 376 992 cuius
404 921 760 977 ministerium
783 933 890 973 non
912 917 1074 972 fuerit
1096 916 1385 970 vindictam
1408 928 1659 969 exercere
1675 953 1690 978 ,

126 1021 224 1068 aut
248 1013 604 1068 exercendam
618 1010 824 1079 jubere,
847 1007 940 1064 sed
957 1021 1120 1077 opera
1138 1007 1515 1062 misericordiae
1540 1022 1695 1060 ama-

1792 749 1904 786 ram
1930 736 2163 790 omnibus
2184 738 2493 801 hominibus,
2519 735 2703 808 si'ﬁeri
2730 751 2925 810 potest;
2959 741 3097 812 quod
3132 759 3198 797 ex
3227 741 3369 796 vobis

1790 830 1894 884 est,
1937 838 2054 875 cum
2092 826 2328 879 omnibus
2356 826 2650 881 hominibus
2678 822 2857 897 pacem
2888 828 3086 892 habete,
3125 841 3228 884 non
3262 847 3370 883 vos-

1791 911 2032 980 metipsos
2053 911 2380 981 defendentes
2395 954 2409 978 ,
2435 915 2523 968 sed
2541 915 2661 969 date
2679 917 2850 970 locum
2871 919 2998 982 irae;
3021 922 3267 989 scriptum
3294 928 3370 972 est

1792 1001 1928 1054 enim
1954 1015 1973 1054 :
1997 999 2130 1054 Mihi
2161 1001 2474 1066 vindictam;
2504 1019 2595 1071 ego
2631 1005 2930 1069 retribuam,
2965 1006 3090 1060 dicit
3114 1007 3368 1062 Dominus

127 1116 211 1166 re,
233 1109 289 1157 et
309 1101 535 1156 amanda
567 1102 773 1157 caeteris
801 1101 1114 1170 praedicare.
1145 1101 1235 1155 Ait
1263 1101 1404 1156 enim
1438 1100 1698 1156 Dominus

1823 1089 1974 1143 Rom.
2003 1089 2124 1160 xu).
2166 1089 2224 1144 Si
2247 1105 2375 1160 ergo
2398 1093 2756 1161 nosmetipsos
2779 1095 2980 1164 egregii
3003 1088 3373 1165 prmdicatoris

125 1191 186 1246 in
209 1191 425 1246 Exodo:
445 1190 506 1246 Si
526 1191 809 1244 occurreris
837 1190 951 1245 bovi
981 1191 1178 1244 inimici
1210 1191 1286 1244 tui
1319 1189 1586 1243 aut‘asino
1615 1205 1701 1242 er—
1799 1177 2121 1234 documento
2155 1179 2443 1235 defelldere
2488 1181 2710 1235 minime
2742 1183 3031 1248 debemus,
3067 1185 3188 1253 quis
3225 1183 3376 1240 Γυτοΐ

125 1280 294 1342 rami,
319 1279 474 1332 reduc
497 1279 566 1332 ad
585 1295 702 1332 eum
726 1278 922 1349 (Exod.
946 1279 1124 1350 mn).
1174 1279 1272 1334 Cui
1291 1284 1556 1348 praecepto
1577 1277 1701 1331 nul-
1799 1277 1901 1333 est,
1932 1285 2119 1338 quaeve
2144 1270 2413 1326 dementia
2441 1278 2500 1326 ut
2533 1287 2714 1327 rerum
2749 1274 3146 1328 insensatarum
3180 1291 3374 1330 secun-

127 1367 341 1421 latenus
375 1368 554 1435 paruit
586 1382 709 1422 cum
744 1376 992 1424 errantes
1023 1367 1274 1438 pmfatos
1308 1368 1699 1432 Samaritanos,
1805 1359 1933 1414 (IIII
1957 1360 2385 1416 exhortationem
2410 1364 2722 1418 earumdem
2745 1364 3043 1419 litterarum
3068 1381 3187 1435 qua:
3208 1365 3376 1422 Justi—

129 1457 175 1512 δί
201 1465 383 1520 tamen
407 1471 620 1512 errasse
646 1457 968 1524 creduntur,
1000 1459 1068 1515 ab
1091 1472 1275 1514 amre
1300 1458 1520 1514 minime
1547 1472 1705 1512 nvo.
1803 1449 1965 1505 niano
1997 1449 2176 1506 missas
2203 1459 2353 1515 sunt,
2387 1451 2610 1522 injurias
2636 1452 2922 1509 defendere
2949 1457 3257 1512 studeamus
3277 1497 3291 1522 ,
3323 1466 3378 1512 et

129 1547 292 1613 cavit,
327 1549 422 1604 sed
452 1556 514 1603 ut,
545 1548 602 1602 in
631 1549 820 1604 eodem
853 1563 1037 1604 errore
1069 1549 1330 1619 perirem,
1365 1548 1707 1618 imperatoris
1803 1539 2019 1607 pietatis
2043 1553 2203 1608 opera
2231 1555 2349 1609 quae
2380 1556 2480 1596 nec
2505 1557 2602 1611 pro
2629 1544 2829 1598 nostris
2854 1545 3069 1613 quidem
3095 1546 3378 1600 calumniis

128 1646 369 1694 mentem
388 1639 708 1707 postulando
726 1640 1044 1705 concitavit;
1069 1650 1122 1694 et
1143 1654 1279 1708 quos
1297 1638 1433 1692 vidit
1455 1639 1554 1693 sub
1574 1653 1707 1694 one-
1739 1694 1746 1708 ,

1821 1628 2055 1684 amittere
2077 1629 2351 1694 debemus,
2380 1645 2478 1697 pro
2501 1631 2832 1699 picturarum
2858 1629 3214 1700 contumeliis,
3241 1651 3377 1705 quas

130 1742 193 1782 re
225 1734 574 1797 peccatorum
603 1726 882 1791 cecidisse,
916 1742 1024 1782 non
1052 1728 1224 1784 solum
1247 1741 1355 1780 non
1380 1727 1583 1790 erexit,
1615 1727 1710 1782 sed
1743 1720 1785 1753 ο
1811 1720 1916 1775 illa:
1943 1721 2165 1776 minime
2192 1722 2447 1786 sentiunt,
2476 1722 2828 1777 amittamus?
2860 1723 2977 1778 Non
3003 1725 3243 1795 igiturin
3275 1728 3377 1781 hac

129 1817 240 1870 sub
277 1813 466 1868 eodem
505 1827 668 1868 onere
703 1815 956 1869 atrociter
991 1814 1168 1883 perire
1200 1813 1462 1883 permisit,
1501 1814 1713 1868 dicente
1808 1823 1961 1883 parte
1986 1813 2218 1881 scriptor
2239 1811 2475 1880 ejusdem
2503 1813 2739 1882 epistolm
2775 1815 2946 1869 sancti
2980 1816 3080 1869 viri
3120 1815 3377 1887 Stephani

130 1903 372 1958 Domino
397 1921 410 1955 ε
435 1901 499 1959 Si
527 1902 717 1958 videris
741 1905 945 1958 asinum
966 1905 1185 1958 odientis
1199 1905 1377 1974 jacere
1412 1904 1506 1958 sub
1539 1920 1707 1967 onere,
1809 1905 2219 1974 protomartyris
2238 1903 2478 1972 exempla
2496 1913 2710 1960 secutus
2736 1913 2819 1960 est
2846 1921 2968 1960 cum
2994 1907 3240 1961 videlicet
3270 1908 3380 1976 ile,

132 2009 248 2046 non
286 1992 642 2063 pertransibis,
684 1993 775 2048 sed
812 1993 1098 2048 sublevabis
1138 2011 1254 2048 cum
1291 2011 1350 2048 eo
1392 1993 1614 2065 (Ibid.);
1660 1995 1715 2047 in
1814 1995 1941 2048 dum
1973 1995 2208 2063 lapidum
2233 1994 2492 2064 grandine
2519 1994 2752 2063 undique
2789 1996 2890 2050 sibi
2927 1997 3090 2052 misso
3129 1999 3414 2054 atrociter

129 2084 403 2138 Proverb.
432 2098 644 2152 quoque
665 2084 919 2138 scribitur
942 2098 957 2136 :
981 2082 1042 2138 Si
1057 2084 1293 2137 esurierit
1314 2083 1552 2137 inimicus
1575 2091 1714 2148 tuus,

131 2176 260 2228 ciba
292 2175 476 2239 illum;
505 2177 552 2228 si
584 2177 711 2241 sitit,
733 2186 911 2246 potum
935 2177 1005 2230 da
1025 2177 1106 2230 illi
1126 2193 1144 2231 :
1165 2179 1262 2231 hoc
1298 2179 1436 2232 enim
1458 2175 1717 2246 faciendo,

130 2263 390 2317 carbones
411 2265 547 2333 ignis
567 2280 808 2334 congeres
841 2281 996 2335 super
1024 2275 1178 2335 caput
1207 2267 1339 2335 ejus,
1374 2267 1513 2320 Deus
1545 2275 1720 2318 autem

132 2353 390 2405 retribuet
419 2353 510 2406 tibi
539 2353 716 2424 (Prov.
741 2354 893 2425 xxv),
918 2357 1043 2424 quia
1066 2355 1312 2411 videlicet
1325 2372 1465 2426 quos
1488 2371 1718 2425 peccan-
1747 2396 1749 2400 .

130 2442 496 2502 dtL'tnimicos
519 2443 738 2508 sciebat,
764 2452 820 2498 et
843 2444 1162 2512 spiritalium
1188 2446 1430 2500 ciborum
1455 2445 1648 2499 eduliis
1669 2452 1725 2498 et

130 2531 407 2585 salutaris
439 2531 616 2600 poculi
643 2545 859 2602 egenos,
888 2534 934 2586 si
961 2534 1262 2588 divinorum
1286 2537 1573 2589 verborum
1598 2551 1723 2590 esca

128 2621 264 2674 sive
297 2627 427 2688 potu
461 2627 748 2686 saturaret,
785 2622 1043 2676 carbones
1079 2623 1218 2692 ignis
1251 2623 1342 2691 qui
1379 2630 1437 2677 et
1472 2631 1723 2691 peccato-

131 2722 274 2760 rum
307 2708 608 2777 rubiginem
642 2719 1036 2776 consumerent,
1070 2723 1125 2764 et
1159 2727 1252 2766 eos
1289 2713 1355 2766 ad
1385 2712 1726 2768 dilectionem

128 2801 238 2854 Dei
286 2807 342 2854 et
381 2801 612 2868 proximi
659 2803 1030 2868 accenderent,
1080 2819 1240 2872 super
1280 2805 1477 2873 capita,
1523 2812 1728 2858 mentes

126 2890 364 2944 scilicet
399 2905 606 2956 eorum,
644 2901 975 2962 congereret.
1012 2893 1316 2948 Vindictam
1352 2909 1480 2963 ergo
1517 2909 1725 2962 quaere-

125 2994 200 3034 re
231 2986 298 3033 et
328 2979 752 3050 misericordiam
781 2997 1033 3052 spernere
1069 2985 1311 3054 iramque
1339 3001 1573 3051 servare,
1607 3001 1724 3053 quae

123 3070 336 3126 omnia
361 3072 604 3140 superius
623 3073 808 3142 positae
831 3072 1020 3128 littera:
1040 3073 1324 3144 praefatum
1347 3076 1724 3145 imperatorem

125 3159 385 3212 hortata:
405 3159 570 3213 fuisse
593 3162 958 3228 perhibentur,
986 3163 1069 3217 his
1087 3163 1451 3218 Ecclesiastici
1479 3164 1600 3218 libri
1628 3165 1724 3218 do-

124 3247 420 3302 cumentis
445 3249 760 3304 cohibentur
785 3267 797 3304 :
825 3250 929 3316 Qui
958 3269 1030 3316 se,
1059 3253 1253 3321 inquit,
1285 3270 1389 3306 non
1418 3255 1664 3319 vindicat,
1695 3273 1728 3308 a

122 3337 254 3390 Deo
289 3338 510 3390 inveniet
539 3339 838 3405 vindictam,
877 3349 924 3393 et
946 3351 1157 3410 peccata
1183 3342 1329 3396 illius
1365 3343 1617 3408 servabit;
1649 3360 1730 3397 re-

1815 2091 2153 2152 quateretur,
2181 2082 2332 2138 ﬂexis
2356 2083 2642 2152 poplitibus
2665 2099 2763 2153 pro
2787 2087 3220 2154 persecutoribus
3257 2103 3381 2143 ora-

1819 2172 1914 2234 vit,
1942 2171 2042 2224 iste
2063 2185 2188 2224 vero
2211 2171 2502 2239 imaginum
2525 2169 2746 2238 injurias
2781 2187 2898 2241 qua:
2929 2174 2996 2228 ab
3032 2174 3134 2228 illis
3168 2162 3386 2229 minime

1819 2261 2121 2315 sentiuntur
2147 2275 2252 2313 non
2278 2259 2472 2322 ferens,
2503 2259 2739 2327 ejusdem
2763 2259 2967 2328 injurizr
2994 2270 3390 2331 perpetratores

1819 2347 2106 2418 perniciter
2133 2355 2190 2402 et
2217 2349 2418 2416 absque
2444 2348 2807 2403 misericordia
2834 2366 3024 2420 magna
3047 2353 3146 2407 sub
3174 2361 3391 2407 attesta-

1821 2438 1965 2492 tione
2003 2437 2386 2492 interimendos
2426 2452 2544 2491 esse
2581 2439 2816 2508 rogavit,
2847 2453 3146 2510 eorumque
3183 2444 3392 2496 animas

1823 2526 2179 2580 anathematis
2210 2525 2424 2580 vinculo
2447 2541 2612 2581 nexas
2633 2528 2700 2581 ad
2720 2537 2976 2598 perpetua
3006 2531 3263 2600 supplicia
3293 2533 3390 2584 dc-

1825 2617 2026 2671 stinarc
2063 2617 2289 2671 curavit.
2327 2617 2570 2686 Neglexit
2602 2618 2808 2673 interea
2844 2621 3154 2675 earumdem
3191 2621 3396 2675 littera-

1824 2720 1942 2758 rum
1982 2705 2212 2772 scriptor
2246 2705 2513 2772 patienter
2551 2705 2664 2759 sive
2703 2718 2979 2762 mansuete
3011 2710 3066 2762 in
3103 2710 3204 2763 hac
3245 2721 3397 2779 parte

1825 2807 2001 2862 agere,
2031 2794 2336 2862 sprevitque
2357 2793 2472 2862 ejus
2493 2794 2921 2863 praedicationem
2951 2798 3274 2866 adimplere,
3303 2803 3395 2868 qui

1826 2883 1894 2934 ad
1924 2882 2424 2937 Thessalonicenses
2457 2883 2644 2938 scribit
2667 2901 2679 2937 :
2707 2884 2969 2939 Patientes
3001 2895 3160 2940 estote
3185 2889 3254 2940 ad
3278 2905 3393 2940 om-

1828 2985 1936 3033 nes,
1960 2969 2121 3022 videte
2143 2986 2204 3022 ne
2221 2972 2336 3040 quis
2359 2969 2552 3023 malum
2580 2987 2674 3040 pro
2702 2971 2840 3025 malo
2873 2975 3032 3026 alicui
3067 2974 3269 3040 reddat,
3306 2978 3398 3029 sed

1827 3075 2026 3130 semper
2043 3060 2180 3130 quod
2205 3060 2393 3114 bonum
2417 3070 2491 3115 est
2513 3063 2728 3115 invicem
2753 3065 3040 3128 sectamini,
3065 3073 3111 3118 et
3136 3067 3193 3120 in
3222 3082 3398 3120 omnes

1829 3147 1882 3216 (Ι
1914 3147 2090 3202 Thess.
2119 3150 2196 3220 v),
2226 3149 2474 3217 illiusque
2501 3152 2716 3206 monitis
2735 3154 3053 3222 contempsit
3073 3169 3282 3222 parere,
3306 3158 3398 3224 qui

1828 3238 1902 3291 ait
1925 3255 1937 3290 :
1966 3237 2156 3292 Melior
2170 3249 2244 3292 est
2264 3246 2564 3294 mansuetus
2584 3258 2700 3294 cum
2720 3242 3011 3296 humilitate
3030 3261 3186 3314 quam
3206 3248 3294 3315 qui
3315 3246 3397 3298 di—

1828 3329 1952 3382 vidit
1977 3330 2210 3397 prwdam
2238 3345 2355 3382 cum
2384 3330 2765 3384 contumeliosis
2794 3329 2974 3400 (Prov.
3009 3333 3152 3404 xVI);
3186 3342 3241 3388 et
3268 3335 3394 3388 dum

1831 3416 2012 3470 debuit
2034 3417 2087 3469 in
2108 3417 2399 3484 eripiendis
2422 3419 2634 3474 miseris
2657 3421 2792 3474 iram
2819 3420 2959 3490 regis
2986 3420 3284 3486 refrenare,
3312 3425 3397 3478 di-

1830 3516 1984 3562 cente
2012 3506 2328 3562 Salomone:
2355 3507 2496 3562 Erue
2516 3526 2600 3563 eos
2635 3511 2724 3580 qui
2757 3511 3019 3564 ducuntur
3052 3511 3119 3564 ad
3157 3523 3396 3576 mortem,

1832 3607 1880 3650 et
1902 3597 2093 3652 redime
2114 3598 2202 3668 qui
2227 3598 2626 3666 interﬁciuntur,
2659 3617 2722 3655 ne
2742 3607 2963 3673 parcas;
2986 3603 3031 3656 si
3053 3613 3226 3657 autem
3249 3603 3399 3657 dixe—

1833 3686 1905 3738 ris
1929 3701 1948 3738 :
1975 3685 2098 3740 Non
2123 3688 2240 3740 novi
2262 3688 2415 3752 hunc,
2447 3690 2576 3743 scito
2603 3692 2728 3755 quia
2756 3691 3013 3746 Dominus
3040 3694 3199 3746 corda
3229 3695 3400 3748 homi-
3435 3727 3438 3732 -

1834 3792 1956 3829 num
1981 3779 2136 3842 novit,
2164 3787 2210 3832 et
2232 3781 2321 3849 qui
2343 3780 2497 3846 ﬁnxit
2519 3783 2756 3850 spiritum
2783 3784 3020 3836 omnibus
3047 3785 3136 3838 ille
3163 3787 3258 3838 scit
3287 3803 3400 3839 om-

1834 3867 1943 3932 nia,
1971 3869 2058 3936 qui
2088 3868 2262 3921 reddet
2290 3870 2566 3938 unicuique
2592 3870 2874 3922 secundum
2902 3887 3057 3939 opera
3085 3889 3183 3926 sua
3214 3873 3396 3940 (Prov.

1833 3956 2005 4027 xxiv),
2034 3970 2188 4010 versa
2221 3957 2334 4011 vice
2370 3959 2436 4011 ad
2472 3956 2898 4012 interfectionem
2942 3967 2996 4012 et
3033 3961 3402 4017 crudelitatem

1833 4050 2188 4104 exercendam
2213 4049 2550 4118 imperatoris
2575 4049 2814 4102 animum
2838 4051 2949 4104 suis
2977 4050 3172 4107 litteris
3192 4053 3400 4108 excita-

1833 4140 1928 4192 vit.
1967 4139 2102 4205 Quia
2146 4155 2275 4209 ergo
2311 4140 2364 4192 bi
2394 4139 2485 4207 qui
2512 4138 2763 4206 injuriam
2803 4140 3097 4208 patiuntur,
3140 4142 3403 4198 liberandi

1834 4241 1974 4292 sunt,
2006 4229 2140 4284 liber
2166 4229 2574 4284 Ecclesiasticus
2596 4230 2946 4284 demonstrat.
2985 4231 3078 4286 Ait
3103 4232 3246 4286 enim
3269 4247 3283 4285 :
3310 4232 3402 4286 Li-

1837 4322 1958 4375 bera
1999 4338 2117 4374 eum
2153 4322 2242 4392 qui
2279 4321 2528 4390 injuriam
2565 4321 2762 4394 patitur
2795 4321 2859 4374 de
2896 4325 3057 4375 manu
3092 4325 3316 4392 protervi
3355 4334 3403 4378 ct

1839 4427 1973 4480 aegre
1993 4413 2131 4481 feras
2155 4413 2211 4465 in
2229 4412 2404 4466 anima
2423 4419 2546 4475 tua;
2570 4410 2624 4464 in
2641 4409 2930 4479 judicando
2955 4422 3060 4465 esto
3080 4412 3291 4483 pupillis
3313 4417 3406 4468 mi.

121 3426 330 3496 linque
349 3429 586 3496 proximo
610 3431 812 3483 nocenti
831 3437 898 3494 te,
924 3440 970 3484 et
995 3440 1117 3484 tunc
1139 3435 1332 3501 petenti
1357 3431 1450 3485 tibi
1469 3432 1731 3486 solventur

118 3525 387 3585 peccata.
434 3515 606 3571 Homo
639 3519 838 3571 homini
868 3529 1031 3573 servat
1069 3523 1224 3584 iram,
1258 3536 1306 3576 et
1339 3539 1370 3574 a
1403 3521 1512 3574 Deo
1543 3523 1730 3590 quwrit

117 3602 452 3666 medelam;
490 3605 546 3656 in
581 3605 838 3659 hominem
875 3607 977 3659 sibi
1008 3607 1228 3660 similem
1262 3625 1368 3661 non
1400 3608 1550 3662 habet
1583 3609 1734 3661 mise-

114 3690 464 3753 ricordiam,
491 3698 538 3743 et
573 3693 636 3744 de
665 3695 885 3762 peccatis
909 3696 1016 3748 suis
1044 3696 1389 3765 deprecatur:
1410 3699 1517 3766 ipse
1550 3699 1732 3751 retinet

113 3801 159 3836 η
172 3797 312 3844 am,
352 3788 402 3832 et
423 3781 842 3849 propitiationem
869 3785 993 3852 petit
1022 3801 1053 3836 a
1080 3785 1209 3850 Deo,
1239 3788 1353 3854 quis
1377 3786 1734 3854 deprecabitur

112 3886 228 3939 pro
272 3864 493 3921 delictis
528 3868 641 3937 ejus
667 3868 854 3939 (Eccli.
876 3871 1103 3943 xxvm)?
1135 3873 1268 3926 Item
1292 3873 1442 3928 Isaia:
1463 3876 1599 3929 vatis
1618 3892 1736 3930 ora—

113 3958 265 4012 alio
289 3968 410 4024 pro
437 3956 594 4011 malis
620 3959 761 4011 mala
787 3959 1008 4014 reddere
1047 3959 1151 4015 hoc
1186 3962 1344 4016 modo
1380 3964 1731 4031 prohibetur:

115 4045 372 4109 Audite,
401 4041 592 4114 inquit,
624 4047 776 4100 verba
801 4047 1030 4113 Domini,
1054 4051 1143 4118 qui
1169 4051 1356 4104 timetis
1384 4067 1570 4106 nomen
1600 4053 1732 4119 eius,

113 4137 304 4189 dicite
332 4150 357 4188 :
379 4133 598 4189 Fratres
622 4140 787 4191 nostri
813 4139 933 4192 estis
958 4141 1048 4209 qui
1076 4157 1163 4193 vos
1201 4141 1418 4195 oderunt
1451 4151 1499 4196 et
1533 4143 1734 4196 abomi-

114 4224 403 4278 nantibus
427 4240 532 4289 vos,
560 4235 616 4278 ut
641 4243 831 4280 nomen
858 4227 1071 4282 Domini
1098 4231 1475 4300 magniﬁcetur,
1503 4241 1550 4285 et
1579 4250 1756 4303 appar

113 4323 244 4366 reat
282 4313 425 4381 ipsis
454 4314 511 4366 in
531 4314 864 4382 jucunditate
896 4333 1096 4382 eorum,
1137 4328 1184 4371 et
1219 4318 1299 4372 illi
1328 4321 1728 4389 confundentur.

114 4401 424 4454 Dominus
466 4391 678 4470 quoque
717 4403 771 4456 in
815 4403 1102 4475 Evangelio
1138 4408 1382 4463 inimicos
1419 4411 1532 4464 sive
1573 4425 1738 4479 prave

108 4495 410 4557 agentes,
435 4501 539 4540 non
565 4489 698 4542 iram
722 4493 1101 4558 suscitandam,
1133 4482 1243 4550 nec
1259 4496 1552 4551 vindictam
1586 4513 1739 4553 exer-
1838 4502 2057 4554 sericors
2077 4510 2134 4554 ut
2154 4510 2320 4570 pater,
2343 4510 2390 4554 et
2410 4517 2504 4570 pro
2527 4501 2634 4554 viro
2653 4502 2810 4554 matri
2831 4500 3041 4555 illorum
3065 4519 3082 4556 :
3107 4503 3282 4557 et'eris
3304 4504 3408 4558 vel-

107 4574 418 4665 cendam,
464 4585 563 4628 nec
607 4576 882 4635 maledicta
931 4585 1265 4653 congerenda
1310 4586 1596 4652 praecepit,
1643 4587 1737 4642 sed
1838 4599 1894 4643 ut
1933 4590 2077 4658 ﬁlius
2117 4589 2368 4643 Altissimi
2396 4590 2667 4654 obediens,
2696 4600 2742 4643 et
2768 4591 3096 4646 miserebitur
3121 4593 3212 4647 tibi
3240 4590 3408 4665 magis

109 4663 512 4757 dilectionem
549 4680 692 4757 erga‘
712 4683 804 4754 eos
841 4671 1191 4728 exhibendam
1229 4675 1313 4728 his
1357 4676 1739 4736 sacratissimis
1835 4697 1991 4751 quam
2020 4689 2185 4733 mater
2209 4680 2398 4748 (Eccli.
2426 4681 2522 4750 1v).
2557 4683 2660 4735 Per
2712 4681 2904 4738 Isaiam
2941 4684 3154 4756 quoque
3178 4663 3409 4757 prophe—
3446 4735 3449 4738 .

110 4756 331 4810 verbis
367 4751 601 4809 instituit
625 4766 639 4809 ξ
659 4751 870 4828 Diligite
896 4761 1130 4815 inimicos
1158 4772 1365 4826 vestros,
1398 4773 1446 4817 et
1475 4775 1618 4818 orate
1642 4784 1735 4836 pro
1839 4780 1948 4824 tam
1979 4769 2051 4822 ita
2069 4759 2143 4822 de
2172 4769 2273 4822 hac
2297 4785 2356 4823 re
2381 4770 2576 4824 dicitur
2600 4785 2614 4824 :
2640 4770 2897 4842 lnquirite
2919 4751 3198 4843 judicium,
3227 4751 3409 4844 eripite

113 4848 196 4900 eis
233 4844 349 4916 qui
391 4853 477 4897 vos
503 4857 911 4917 persequuntur;
932 4849 1212 4903 benedicite
1239 4850 1600 4907 maledicentes
1627 4871 1734 4918 vos,
1763 4913 1766 4922 ‘
1837 4858 2086 4926 injuriam
2115 4857 2464 4926 accipientem,
2493 4867 2540 4911 et
2562 4859 2797 4928 judicate
2816 4861 3031 4932 pupillo,
3059 4871 3107 4913 et
3119 4859 3408 4927 justiﬁcate

113 4934 448 5001 benefacite
468 4935 540 4986 eis
565 4937 655 5004 qui
682 4953 768 4989 vos
797 4937 1031 5000 oderunt,
1065 4948 1120 4991 ut
1150 4940 1262 4993 sitis
1298 4939 1397 5007 ﬁlii
1434 4940 1611 4995 Patris
1650 4959 1734 4996 ve-
1839 4944 2079 5009 viduam,
2114 4954 2160 4999 et
2195 4946 2356 4999 venite
2392 4946 2743 5015 disputemus,
2779 4951 2903 5002 dicit
2939 4948 3192 5000 Dominus
3226 4960 3243 4998 :
3276 4956 3325 4998 et
3361 4948 3406 5000 si

113 5027 229 5079 stri
266 5024 382 5093 qui
407 5024 462 5074 in
485 5023 623 5079 caelis
653 5036 745 5090 est,
778 5029 868 5096 qui
897 5027 1056 5081 solem
1086 5045 1240 5082 suum
1269 5023 1398 5084 oriri
1427 5031 1555 5099 facit
1582 5049 1739 5102 super
1840 5035 2031 5103 luerim
2059 5045 2267 5104 peccata
2297 5046 2460 5089 vestra
2486 5045 2540 5088 ut
2561 5039 2887 5104 phaenicium,
2915 5044 2969 5086 ut
2997 5035 3161 5088 nivem
3186 5032 3403 5088 dealba-

113 5119 315 5170 bonos
343 5119 405 5186 et
429 5113 606 5178 malos,
628 5125 678 5168 et
701 5117 832 5186 pluit
853 5134 1006 5187 super
1019 5119 1192 5187 justas
1211 5129 1258 5172 et
1280 5121 1498 5189 injustas
1521 5121 1734 5192 (Matth.
1841 5123 1935 5188 bo;
1961 5126 2006 5176 si
2035 5133 2206 5177 autem
2231 5133 2287 5177 ut
2314 5126 2602 5189 coccinum,
2641 5134 2696 5178 ut
2731 5124 2908 5176 lanam
2944 5122 3117 5177 albam
3148 5118 3363 5194 efﬁciam
3386 5138 3406 5181 .“

115 5207 202 5276 ν).
246 5204 420 5258 Nam
456 5204 499 5258 si
540 5205 617 5260 illi
646 5223 778 5263 voce
811 5209 1047 5265 veridica
1083 5211 1331 5281 diligendi
1364 5213 1541 5282 potius
1578 5229 1739 5282 quam
1841 5217 2020 5286 eripite
2055 5217 2311 5283 direptum
2359 5216 2422 5269 de
2464 5231 2624 5267 manu
2665 5214 2970 5281 injuriantis
3011 5229 3131 5266 eum
3164 5213 3300 5283 (Isa.
3337 5215 3403 5285 ι).

115 5293 523 5350 maledicendi
552 5304 606 5349 et
633 5299 954 5353 exsecrandi
989 5309 1114 5354 sunt
1148 5303 1238 5370 qui
1281 5317 1379 5357 nos
1417 5303 1646 5357 oderunt
1687 5313 1742 5358 et
1844 5305 1996 5360 Unde
2015 5305 2060 5358 si
2081 5304 2202 5372 quis
2222 5303 2334 5358 vult
2354 5303 2467 5356 ﬁeri
2489 5301 2633 5353 velut
2653 5301 2793 5353 ﬁlius
2812 5300 3059 5354 altissimi
3088 5301 3205 5364 Dei,
3222 5302 3410 5368 utique

117 5385 584 5453 persequuntur,
611 5387 703 5454 qui
728 5388 911 5456 utique
932 5383 1109 5459 imago
1134 5390 1225 5444 Dei
1245 5405 1452 5454 sumus,
1474 5392 1742 5446 multomi-
1842 5397 2095 5466 operibus
2120 5397 2277 5452 bonis
2297 5391 2560 5450 instando,
2589 5397 2644 5440 et
2669 5387 2814 5452 cupit
2843 5389 2926 5442 sui
2953 5405 2984 5443 a
3010 5392 3120 5446 Deo
3141 5390 3405 5454 misereri.

119 5489 237 5528 nus
263 5471 360 5526 illi
380 5470 736 5529 maledicendi
758 5491 851 5530 seu
868 5475 1133 5546 plectendi
1156 5486 1296 5543 sunt,
1315 5481 1406 5548 qui
1423 5479 1647 5547 picturis
1669 5481 1744 5534 in-
1843 5494 1896 5540 et
1919 5495 2264 5554 peccatorum
2301 5479 2546 5541 sordibus
2563 5473 2728 5535 ablui,
2760 5473 2845 5526 his
2872 5479 3058 5543 potius
3084 5475 3238 5534 debet
3265 5478 3410 5531 salu-

115 5564 320 5634 jurias
343 5557 606 5628 iniecisse
623 5563 890 5622 feruntur.
931 5565 1040 5626 Vas
1070 5585 1283 5640 quoque
1306 5569 1580 5626 electionis
1613 5570 1742 5625 nulli
1844 5574 2095 5632 berrimis
2122 5555 2338 5632 monitis
2357 5565 2437 5621 ιιιὶ
2464 5573 2624 5627 quam
2667 5557 2809 5612 imus
2857 5565 3108 5630 epistolae
3147 5567 3414 5634 ΡεΝθηί-

420 5670 696 5735 ΡΑτιιοι..
740 5677 1015 5742 XCVIII.

2879 5676 2960 5735 38
