4008 6154
592 237 732 293 4193

1470 232 1527 285 Β.
1569 227 1818 286 CAROLI
1856 221 2068 279 MAGNI
2105 217 2256 274 OPP.
2299 217 2477 273 PARS
2516 219 2578 273 ll.
2620 218 2864 275 SECTlO
2899 220 2964 274 Il.

3708 215 3833 271 1196

580 362 760 408 tatem
786 350 1213 407 crudelissimam
1253 348 1423 415 sequi.
1461 345 1631 398 Porro
1658 343 1803 415 quod
1828 341 1897 395 ad
1928 338 2169 393 irasccn-
2197 330 2241 388 Α
2271 329 2562 397 insisteret,
2589 332 2709 388 illos
2738 333 2911 403 magis
2933 347 3073 401 quos
3095 345 3305 387 errasse
3325 329 3543 384 videbat
3566 343 3634 383 at.
3668 331 3837 397 pinni-

592 445 719 497 tlum
752 441 1093 512 imperatoris
1126 440 1364 492 animum
1402 436 1635 505 impulit,
1659 442 1714 489 et
1742 435 1798 488 in
1823 433 1927 487 hoc
1952 442 2165 500 quoque

592 531 885 587 crudeliter
903 531 1032 601 egit,
1054 536 1110 584 et
1140 526 1308 582 sacris
1346 526 1540 581 litteris
1564 523 1778 593 penitus
1807 522 1862 576 in
1887 521 1990 576 hac
2013 527 2167 589 parte

593 622 735 677 sicut
760 629 817 677 et
843 621 900 676 in
926 618 1133 674 caeteris
1158 615 1430 671 contraiit.
1458 614 1663 669 Dicitur
1691 612 1835 666 enim
1860 625 1959 677 per
1980 623 2169 677 quem-

593 712 715 766 dam
742 711 1040 780 sapientem
1066 722 1081 761 :
1105 707 1295 762 Anima
1321 704 1587 760 benedicta
1614 696 1782 756 omnis
1808 700 2026 768 simplex
2050 712 2068 751 :
2095 696 2173 749 vir

592 809 767 853 autem
789 798 1057 853 animosus
1080 796 1156 852 vel
1176 794 1463 851 iracundus
1485 809 1590 847 non
1609 792 1819 845 honeste
1839 789 1947 858 agit
1970 804 1989 852 ;
2016 786 2090 840 ita
2116 793 2170 840 et

588 904 690 959 per
735 890 985 944 eumdem
1003 905 1020 961 _:
1058 885 1185 941 Noli
1229 902 1340 945 esse
1369 885 1568 947 amicus
1597 882 1706 935 viro
1732 879 1968 933 animoso
1998 892 2017 930 :
2047 892 2167 929 cum

590 978 759 1032 amico
783 985 957 1031 autem
976 974 1231 1030 iracundo
1258 973 1365 1028 noli
1388 972 1720 1034 commorari,
1748 985 1813 1023 ne
1837 969 1973 1038 forte
1992 966 2167 1020 discas

590 1068 701 1121 vias
729 1067 864 1136 ejus,
895 1076 943 1120 et
967 1081 1145 1120 sumas
1170 1063 1411 1134 laqueum
1435 1063 1625 1115 anima:
1645 1071 1751 1115 tua:
1781 1057 1962 1130 (Prov.
1995 1055 2161 1127 1x11):

591 1169 714 1223 quae
748 1158 850 1212 via:
883 1171 1006 1211 cum
1039 1172 1072 1210 a
1113 1154 1356 1223 sapiente
1394 1151 1529 1207 disci
1558 1150 1965 1221 prohibeantur,
1999 1146 2175 1200 multo
2214 1180 2221 1187 ι

591 1244 769 1314 magis
790 1245 986 1300 docere
1002 1252 1058 1299 et
1083 1245 1184 1299 sub
1204 1239 1550 1296 attestatione
1574 1237 1778 1292 hortari
1799 1235 2170 1306 prohibentur.

592 1334 756 1389 Liber
802 1347 1017 1403 quoque
1050 1330 1463 1386 Ecclesiasticus
1515 1327 1694 1381 taliter
1721 1326 1787 1380 de
1823 1326 1923 1379 hac
1960 1338 2018 1378 re
2044 1322 2179 1377 into-

591 1433 724 1480 nat:
752 1423 927 1478 Homo
961 1422 1247 1476 iracundus
1271 1419 1498 1474 incendit
1524 1417 1684 1481 litem,
1733 1424 1781 1469 et
1832 1418 1910 1468 vir
1935 1422 2179 1484 peccator

597 1514 826 1569 turbabit
858 1514 1075 1576 amicos,
1106 1520 1153 1565 et
1197 1511 1253 1565 in
1282 1509 1508 1571 medium
1531 1524 1709 1579 pacem
1742 1505 2043 1560 habentium
2080 1504 2181 1556 im-

590 1605 754 1658 mittet
798 1602 1091 1657 delaturam
1126 1601 1315 1673 (Eccli.
1357 1600 1573 1668 xxvnl).
1642 1598 1775 1652 Nam
1825 1606 1879 1652 et
1923 1594 2183 1650 Ecclesia-

2274 426 2497 479 tentiam
2525 425 2711 480 debuit
2746 437 3058 495 provocare,
3086 437 3246 491 quam
3280 419 3563 491 oprincipis
3606 419 3836 473 animum

2273 516 2339 569 ad
2389 513 2766 568 ell‘undendum
2806 512 3123 582 sanguinem
3158 511 3406 572 incitare,
3440 508 3698 577 quoniam
3738 523 3839 578 pm-

2273 608 2511 661 nitentize
2531 606 2702 659 virtus
2739 621 2847 659 non
2868 612 2951 659 est
2979 604 3196 659 caeteris
3216 602 3505 655 virtutibus
3528 607 3839 668 postponen-

2273 699 2357 763 da,
2391 700 2485 754 sed
2507 697 2725 768 optimis
2749 699 3050 767 quibusque
3070 694 3469 766 mquiparanda,
3498 695 3697 762 quippe
3732 709 3838 763 qua:

2273 789 2426 858 quasi
2470 788 2737 857 quoddam
2790 790 3250 843 medicamentum
3295 785 3465 840 fracta
3530 784 3835 845 consolidet,

2273 880 2522 951 languida
2560 889 2732 945 sanet,
2760 880 2968 951 perdita
3011 880 3279 943 restituat,
3303 885 3359 933 et
3384 875 3707 947 plerumque
3734 885 3839 945 post

2274 969 2482 1038 lapsum
2535 977 2850 1038 peccatores
2900 969 2968 1023 ad
3014 969 3305 1039 pristinum
3352 974 3556 1021 statum
3604 966 3837 1021 redueat.

2276 1060 2426 1115 lianc
2449 1060 2593 1115 enim
2632 1060 3087 1131 Psalmographns
3119 1061 3464 1116 commendat
3502 1075 3627 1114 cum
3683 1060 3837 1116 dicit:

2276 1147 2534 1204 Delictum
2560 1166 2733 1205 meum
2763 1153 3026 1221 cognitum
3056 1153 3150 1206 tibi
3179 1152 3277 1221 feci
3319 1160 3369 1206 et
3396 1152 3691 1221 injustitias
3711 1168 3839 1207 meas

2278 1257 2381 1294 non
2407 1242 2585 1311 operui
2608 1258 2627 1305 ;
2657 1241 2770 1295 dixi
2794 1257 2813 1296 :
2830 1241 3191 1296 Pronuntiabo
3219 1241 3496 1295 adversum
3527 1256 3610 1295 me
3641 1242 3840 1310 injusti-

2277 1330 2379 1384 tias
2420 1347 2563 1384 meas
2591 1330 2837 1396 Domino,
2864 1340 2911 1386 et
2955 1341 3013 1385 tu
3048 1332 3293 1386 remisisti
3335 1331 3652 1402 impietatem
3676 1334 3836 1387 cordis

2278 1419 2378 1474 mei
2422 1417 2592 1490 (Psal.
2620 1420 2819 1491 χχχιι).
2848 1421 3002 1478 Hanc
3036 1422 3204 1477 Isaias
3252 1421 3557 1478 habendam
3600 1424 3841 1494 praecepit

2281 1508 2497 1564 dicens:
2529 1509 2786 1567 Memores
2818 1522 2980 1566 estote
3003 1514 3191 1567 horum
3231 1523 3281 1567 et
3313 1515 3653 1584 ingemiscite,
3683 1517 3840 1586 pomi-

2281 1605 2494 1657 tentiam
2509 1604 2692 1658 habete
2715 1606 2806 1675 qui
2831 1607 3041 1670 erratis,
3071 1608 3430 1661 convertimini
3442 1624 3509 1662 ea:
3530 1608 3689 1662 corde.
3721 1608 3843 1662 Hcce

590 1701 701 1748 διεδ
721 1693 837 1747 hinc
870 1697 1136 1761 Praecepta
1160 1690 1252 1744 dat
1280 1706 1292 1742 τ
1321 1686 1449 1742 Νοίί
1482 1688 1727 1757 festinare
1768 1692 1823 1738 ιη
1857 1685 2043 1754 3P5?im
2078 1692 2167 1737 ταο
2204 1661 2248 1721 Β
2274 1694 2525 1749 Ieremia:
2577 1661 2983 1751 vatis'oraculis
3013 1705 3267 1752 censetur
3287 1697 3556 1753 dicentis:
3589 1696 3842 1753 Conveni-

590 1783 771 1847 irasci,
801 1783 926 1852 quia
955 1781 1036 1834 ira
1087 1781 1144 1833 in
1177 1779 1297 1833 sinu
1338 1779 1615 1833 stultorum
1654 1778 1919 1848 requiescit
1952 1773 2161 1843 (Eccle.

589 1870 712 1943 vn).
758 1872 956 1927 Doctor
981 1870 1162 1938 itaque
1190 1868 1427 1940 gentium
1454 1868 1529 1922 ita
1553 1868 1621 1922 ad
1645 1867 1904 1938 Ephesios
1929 1864 2117 1920 scribit
2146 1881 2158 1918 :

590 1959 896 2016 Irascimini
940 1970 988 2014 et
1028 1958 1186 2015 nolite
1236 1975 1467 2030 peccare,
1524 1956 1603 2012 sol
1647 1975 1751 2013 non
1777 1955 1979 2010 occidat
2008 1971 2165 2025 super

587 2050 919 2104 iracundiam
953 2059 1174 2105 vestram
1211 2048 1424 2121 (Ephes.
1461 2048 1537 2119 IV)
1565 2066 1579 2115 ;
1614 2048 1742 2104 item
1772 2047 1915 2103 idem
1941 2064 1954 2100 :
1980 2044 2163 2101 Omnis

587 2139 904 2206 amaritudo,
926 2139 1116 2209 inquit,
1141 2147 1188 2193 et
1208 2140 1290 2193 ira
1305 2148 1353 2193 et
1374 2139 1664 2210 indignatio
1683 2147 1732 2192 et
1750 2136 1947 2191 clamor
1963 2145 2013 2190 et
2033 2134 2165 2190 blas-

586 2227 792 2295 phemia
824 2228 1098 2299 auferatur
1125 2246 1158 2282 a
1188 2228 1327 2283 vobis
1359 2245 1476 2282 cum
1507 2228 1648 2281 omni
1690 2226 1896 2281 malitia
1936 2224 2159 2298 (Ibid.);

588 2318 732 2373 idem
756 2334 970 2389 quoque
997 2337 1011 2373 :
1048 2318 1205 2374 Nunc
1235 2331 1410 2374 autem
1432 2360 1447 2386 ,
1473 2320 1667 2389 inquit,
1694 2318 1933 2388 deponite
1958 2333 2162 2371 omnem

586 2411 742 2476 iram,
766 2410 1207 2481 indignationem,
1236 2410 1512 2476 malitiam,
1546 2409 1949 2480 blasphemiam,
1985 2407 2164 2463 multi-

587 2501 819 2572 loquium
859 2499 1084 2572 (Coloss.
1116 2499 1201 2571 ιιι)
1232 2518 1244 2554 :
1277 2515 1396 2570 qua:
1421 2500 1635 2569 quidem
1680 2515 1818 2568 pene
1860 2499 2062 2564 omnia,
2116 2497 2163 2553 si

586 2590 844 2660 liquidius
867 2590 1207 2662 indagentur,
1229 2593 1284 2647 in
1309 2590 1544 2663 praefata:
1563 2592 1804 2662 epistolae
1838 2598 1987 2646 textu
2009 2605 2163 2660 repe-

588 2683 817 2738 rientur.

656 2772 811 2827 Dicat
835 2787 966 2844 ergo
1000 2773 1335 2842 iustissimus
1360 2775 1444 2829 vir
1469 2782 1524 2829 et
1550 2776 1660 2830 Deo
1686 2775 1888 2829 charus
1928 2772 2163 2828 Jacobus

587 2860 876 2931 apostolus,
895 2870 1078 2916 utrum
1097 2860 1254 2930 juxta
1284 2863 1440 2919 istius
1461 2864 1702 2934 epistolae
1729 2865 2163 2919 exhortationem

587 2951 742 3007 velox
799 2952 923 3020 quis
967 2952 1036 3006 ad
1094 2953 1436 3009 irascendum
1484 2970 1607 3010 esse
1659 2955 1885 3022 debeat;
1956 2956 2165 3011 intonet
2191 2993 2239 3056 Ο

588 3051 771 3097 utrum
803 3044 931 3098 huic
954 3044 1194 3114 epistola:
1238 3047 1682 3103 consentiendum
1712 3049 1803 3113 sit,
1831 3062 1951 3117 qua:
1996 3048 2166 3118 impe-

592 3139 828 3188 ratorem
876 3133 1100 3189 citatum
1133 3135 1203 3190 ad
1263 3136 1597 3191 iracundiam
1652 3135 1767 3192 fore
1818 3136 2015 3191 sanxit.
2073 3135 2167 3191 Ait

589 3220 735 3274 enim
766 3233 783 3273 :
811 3219 996 3287 Scitis,
1023 3220 1213 3290 fratres
1257 3223 1360 3276 mei
1408 3222 1614 3289 dilecti,
1665 3224 1733 3277 sit
1771 3235 1943 3278 autem
1998 3224 2166 3277 omnis

588 3308 743 3363 homo
770 3307 917 3363 velox
940 3310 1012 3364 ad
1056 3310 1378 3367 audiendum
1406 3322 1453 3366 et
1489 3313 1676 3368 tardus
1707 3314 1777 3369 ad
1823 3314 2159 3386 loquendum,

588 3400 772 3456 tardus
803 3418 1007 3473 quoque
1045 3403 1114 3457 ad
1152 3405 1286 3458 iram
1314 3420 1332 3457 :
1374 3405 1456 3459 ira
1486 3406 1623 3459 enim
1650 3406 1746 3461 viri
1773 3408 2041 3476 justitiam
2066 3407 2168 3471 Dei

590 3503 695 3543 non
710 3498 963 3558 (operatur
1008 3490 1215 3559 (Iacob.
1246 3490 1331 3560 ιι).
1367 3492 1520 3546 Dicat
1569 3493 1732 3547 etiam
1786 3493 1903 3560 ipsa
1953 3494 2169 3549 Veritas

591 3576 724 3643 quid
738 3578 816 3630 vde
834 3577 1025 3631 hacre
1043 3576 1162 3643 ejus
1197 3581 1436 3635 membra
1460 3582 1612 3649 sequi
1654 3581 1919 3648 debeant;
1952 3583 2058 3649 dic,
2093 3583 2173 3647 in:
2192 3602 2201 3629 -.

590 3680 774 3733 quam,
822 3673 1008 3737 sancte
1034 3665 1302 3731 Mattbzee,
1333 3667 1463 3736 quid
1508 3669 1574 3723 de
1596 3669 1843 3739 paradisi,
1880 3669 2028 3741 fonte
2047 3658 2191 3742 per—.

587 3763 750 3826 petuo
793 3756 1050 3827 hauriens
1084 3757 1162 3813 tui
1210 3758 1449 3815 ﬂuminis
1474 3760 1738 3830 vitalibus
1767 3762 1954 3833 rivulis
1985 3763 2191 3836 proin;
2218 3812 2219 3815 η

590 3845 738 3917 disti.
765 3846 856 3902 Ait
887 3846 1033 3901 enim
1057 3846 1178 3905 fons
1204 3850 1476 3921 perennis,
1504 3850 1627 3921 fons
1651 3851 1819 3923 vitae,“
1840 3850 1981 3923 fons,
2007 3852 2178 3923 ὶωιιίπ
2207 3887 2238 3911 -π

587 3938 712 3993 nis:
738 3937 922 3994 Omnis
946 3940 1037 4009 qui
1067 3940 1316 4010 irascitur
1352 3928 1506 4012 fratri
1546 3928 1662 4011 suo,
1686 3945 1793 3997 erit
1815 3961 1937 4003 reus
1961 3945 2236 4015 judicio-Qu,

590 4029 804 4100 (Matth.
826 4030 906 4102 ν).
932 4031 1067 4088 Cum
1107 4048 1239 4091 vero
1258 4040 1338 4088 tot
1357 4034 1557 4102 divinae
1582 4034 1720 4105 legis
1758 4036 2021 4109 exemplis
2053 4043 2191 4109 tan-5
2222 4088 2225 4093 .

586 4123 763 4191 tisque
793 4122 1103 4179 divinorum
1125 4124 1465 4205 eloquiurum
1496 4126 1865 4193 oraculislira,
1889 4128 2171 4205 quaeinter
2200 4163 2208 4195 χ

585 4208 904 4278 principalia
945 4210 1093 4266 vitia.
1128 4221 1533 4282 conluctatur,
1563 4214 1761 4281 dicitur
1812 4210 2197 4286 exsecrandat

586 4299 642 4351 in
668 4307 925 4388 promptu
936 4308 1029 4366 est
1047 4301 1348 4370 intelligere
1386 4304 1534 4372 quod
1558 4305 1644 4359 hae
1666 4305 1874 4367 litterse
1898 4307 1966 4361 ad
1992 4323 2085 4367 res
2106 4308 2244 4388 in”

587 4385 940 4461 quastionem
973 4388 1250 4451 venientes
1274 4391 1606 4460 roborandas
1646 4408 1755 4449 non
1779 4401 1906 4447 sunt
1936 4394 2162 4461 idoneae,
2194 4385 2210 4443 ζ

585 4488 684 4540 per
703 4488 839 4542 quas
864 4473 1174 4543 imperatori
1219 4474 1320 4529 sub
1353 4489 1543 4546 magna
1569 4479 1931 4551 attestatione,
1958 4494 2023 4534 ac
2042 4496 2168 4552 sup—

587 4561 714 4629 plici
780 4560 1115 4627 adiuratione
1185 4564 1540 4620 committitur
1596 4566 1839 4636 habenda
1877 4577 1929 4624 et
1982 4586 2165 4641 .opere

588 4648 963 4717 perpetranda.
992 4649 1264 4705 Debuerat
1287 4667 1418 4711 sane
1443 4662 1632 4710 auctor
1660 4655 1898 4727 ejusdem
1923 4660 2165 4729 epistolae

590 4751 725 4809 quos
751 4736 970 4792 νίάθδεη
992 4738 1287 4807 Ρθτίουιπὶ
1320 4744 1406 4801 .ad
1449 4744 1822 4811 paenitentiam
1864 4750 2164 4815 exhortari,
2206 4784 2207 4787 η

590 4827 684 4898 qui
742 4826 790 4890 si
848 4827 986 4883 forte
1028 4828 1402 4899 paenitentiam
1457 4837 1927 4905 contempsissent,
1954 4848 2167 4905 poterat

591 4919 971 4987 imperatorem
994 4918 1326 4988 supplicibus
1351 4924 1602 4991 precibus
1654 4927 1961 4992 convenire,
1988 4936 2047 4981 ut
2070 4944 2165 4985 eos

592 5005 661 5060 ad
689 5007 1110 5062 convertendum
1139 5017 1356 5080 cogeret
1388 5028 1402 5065 :
1432 5011 1659 5067 forsitan
1687 5015 1741 5068 id
1776 5015 2167 5084 suiprofectus

594 5096 794 5149 bonum
856 5106 1210 5166 sequerentur
1272 5101 1488 5166 coacti,
1543 5103 1686 5171 quod
1729 5112 2168 5175 contempserant

594 5184 871 5251 spontanei
893 5224 910 5252 ,
969 5188 1226 5256 quoniam
1284 5189 1445 5244 Deus~
1487 5192 1830 5262 omnipotens
1893 5197 2166 5253 neminem

592 5277 707 5331 vult
762 5279 960 5347 perire,
1002 5280 1169 5335 Paulo
1215 5288 1522 5347 attestante,
1578 5285 1671 5354 qui
1719 5286 1826 5340 ait:
1861 5287 1976 5343 Hoc
2029 5291 2196 5343 enim

595 5366 784 5421 bonum
808 5377 856 5420 et
893 5379 1161 5439 acceptum
1204 5387 1381 5426 coram
1413 5373 1671 5429 salvatore
1696 5385 1874 5430 nostra
1917 5378 2048 5441 Deo,
2079 5379 2171 5448 qui

595 5469 770 5508 omnes
796 5457 1029 5511 homines
1056 5458 1163 5511 vult
1181 5460 1348 5515 salvos
1370 5461 1488 5529 fieri
1507 5471 1556 5517 et
1589 5465 1646 5518 in
1670 5465 1987 5532 agnitionem
2036 5468 2168 5519 veri—

597 5542 719 5595 tatis
740 5547 910 5601 vem're
939 5547 991 5617 (1
1017 5548 1151 5602 Tim.
1179 5552 1243 5621 ιι)
1305 5550 1362 5608 Si
1391 5555 1535 5609 enim
1561 5553 1833 5609 lucrandis
1889 5557 2172 5617 animabus

2267 1784 2421 1849 mini,
2464 1784 2598 1853 filim
2622 1795 2953 1851 revertentes,
2979 1795 3027 1839 et
3067 1786 3264 1840 sanabo
3300 1788 3639 1841 contritiones
3661 1796 3845 1840 vestras

2268 1874 2486 1945 (Jerem.
2513 1873 2621 1946 ιιι);
2650 1875 2703 1929 in
2731 1875 2836 1930 alio
2854 1890 3066 1945 quoque
3108 1876 3226 1931 loco
3253 1876 3395 1932 idem
3423 1877 3556 1931 dicit
3580 1891 3595 1929 :
3642 1877 3848 1930 Averta-

2268 1973 2356 2018 tur
2369 1965 2488 2037 jam
2515 1982 2655 2019 nunc
2679 1967 3030 2036 unusquisque
3055 1982 3089 2019 a
3118 1967 3202 2020 via
3224 1982 3323 2020 sua
3350 1965 3495 2020 mala
3512 2007 3527 2032 ,
3570 1976 3621 2020 et
3641 1965 3853 2019 meliora

2267 2055 2428 2123 facite
2455 2054 2634 2109 studia
2656 2064 2843 2110 vestra.
2865 2054 2980 2110 Joel
3007 2070 3220 2124 quoque
3245 2070 3376 2110 voce
3396 2055 3610 2109 Domini
3646 2056 3856 2110 intonat

2266 2146 2491 2200 dicens:
2520 2145 2891 2200 Convertimini
2936 2146 3006 2198 ad
3032 2162 3114 2198 me
3162 2160 3228 2197 ex
3264 2153 3370 2198 toto
3407 2144 3564 2196 corde
3609 2154 3790 2198 vestro
3819 2146 3860 2196 el

2262 2249 2328 2286 ea:
2354 2242 2462 2287 tota
2486 2234 2664 2286 anima
2699 2241 2862 2286 vestra
2898 2232 2952 2283 in
2975 2230 3184 2298 jejunio
3207 2239 3256 2281 et
3276 2230 3402 2297 fletu
3435 2237 3485 2282 et
3526 2228 3776 2297 planctu,
3808 2241 3863 2283 et

2263 2322 2566 2389 disrumpite
2578 2319 2737 2373 corda
2760 2327 2925 2371 vestra
2937 2327 2983 2370 et
2996 2334 3096 2371 non
3117 2317 3414 2370 vestimenta
3445 2326 3637 2379 vestra,
3661 2325 3712 2369 et
3745 2334 3863 2370 con-

2262 2409 2517 2464 vertimini
2528 2409 2598 2462 ad
2624 2408 2902 2462 Dominum
2926 2406 3092 2459 Deum
3125 2414 3371 2469 vestrum,
3404 2406 3530 2475 quia
3558 2406 3863 2460 misericors

2264 2508 2312 2554 et
2338 2501 2542 2570 patiens
2571 2509 2644 2553 est
2676 2539 2691 2565 ,
2738 2498 3087 2568 magnanimis
3144 2505 3191 2550 et
3221 2496 3445 2550 multum
3479 2497 3785 2552 misericors
3817 2510 3862 2553 et

2262 2596 2463 2667 patiens
2484 2596 2541 2649 in
2565 2593 2968 2664 benignitatibus
3015 2590 3176 2663 (Joel.
3211 2592 3298 2663 ιι).
3331 2590 3498 2645 Liber
3543 2591 3711 2645 etiam
3761 2593 3860 2654 Ec-

2266 2682 2602 2739 clesiasticus
2624 2682 2787 2737 dicit:
2818 2680 2879 2736 Si
2915 2681 3270 2750 paenitentiam
3311 2696 3417 2734 non
3471 2681 3755 2753 egerimus,
3783 2684 3859 2736 in-

2267 2774 2499 2829 cidemus
2528 2774 2582 2828 in
2606 2789 2793 2827 manus
2842 2771 3056 2825 Domini
3099 2770 3385 2825 secundum
3434 2771 3852 2841 magnitudinem

2266 2864 2402 2933 ejus,
2443 2872 2492 2916 et
2521 2860 2881 2915 misericordia
2925 2859 3043 2930 ejus
3094 2875 3212 2912 cum
3259 2860 3373 2928 ipso
3425 2867 3500 2913 est
3530 2858 3731 2928 (Eccli.
3776 2860 3851 2929 ιι).

2268 2952 2325 3006 ln
2355 2952 2582 3007 Actibus
2610 2965 2802 3020 nempe
2848 2949 3213 3018 apostolorum
3259 2948 3545 3003 seribitur:
3592 2947 3855 3003 Pamiten-

2268 3046 2396 3099 tiam
2427 3044 2565 3113 agite
2584 3052 2633 3096 et
2659 3041 3035 3106 convertimini,
3067 3049 3123 3093 ut
3146 3039 3422 3094 deleantur
3447 3049 3659 3109 peccata
3690 3051 3855 3094 vestra

2268 3135 2406 3208 (Act.
2432 3134 2516 3203 ιι).
2541 3132 2734 3187 Pastor
2760 3146 2973 3201 quoque
3001 3130 3259 3185 Ecclesia:
3284 3130 3338 3184 in
3368 3129 3591 3198 epistola
3619 3129 3855 3184 secunda

2234 3264 2237 3265 ν
2268 3227 2434 3281 dicit:
2469 3223 2592 3279 Non
2613 3222 2789 3277 tardat
2811 3220 3067 3274 Dominus
3089 3221 3171 3273 sui
3213 3220 3455 3290 promissi
3483 3220 3617 3273 sicut
3637 3220 3855 3290 quidam

2267 3313 2588 3377 existimant,
2619 3311 2710 3366 sed
2743 3317 3002 3379 exspectat
3023 3324 3226 3379 quoque
3251 3325 3360 3373 vos,
3416 3308 3595 3363 nolens
3625 3308 3856 3379 aliquem

2266 3405 2521 3477 perdere,
2554 3403 2643 3456 sed
2705 3416 2881 3453 omnes
2926 3409 3187 3469 exspectat
3236 3401 3292 3454 in
3320 3398 3627 3477 paenitentis:
3677 3400 3855 3454 locum

2233 3476 2567 3569 :reverti(‘II
2595 3490 2711 3573 Pet.
2760 3480 2874 3561 im).
2913 3489 3129 3557 Quanto
3183 3492 3349 3562 igitur
3370 3476 3487 3546 haec
3533 3492 3857 3561 praeminet

2225 3622 2241 3647 »ν
2270 3584 2439 3662 virtus
2464 3583 2541 3659 ad,
2557 3580 2892 3651 salvandnm,
2921 3596 3084 3649 quam
3116 3580 3205 3637 ille
3229 3583 3535 3665 errantibus
3555 3584 3856 3661 praedicare

2234 3708 2237 3715 ,
2271 3671 2525 3750 neglexit,
2570 3678 2720 3751 tanto
2744 3670 3114 3741 proculdubio
3158 3666 3369 3726 caneris
3412 3673 3672 3742 nequitiis
3719 3689 3854 3751 pra:-

2269 3744 2473 3841 eminet
2494 3744 2613 3821 limi:
2630 3752 2836 3844 sizvitia
2861 3762 2929 3815 ad
2970 3755 3292 3828 nocendum,
3324 3763 3452 3841 quia
3488 3764 3591 3839 ille
3615 3773 3670 3818 et
3696 3746 3853 3841 mise—

2270 3846 2505 3929 ﬂent-dia
2526 3850 2621 3935 ,utif‘
2647 3851 2944 3931 principem
2970 3852 3268 3932 prohibuit,
3299 3862 3354 3908 et
3369 3855 3593 3931 eumad
3617 3848 3856 3932 iraScen-
3887 3922 3895 3928 .

2271 3942 2400 4021 dum
2420 3950 2487 4023 et
2508 3941 2576 4023 ad
2595 3941 2911 4023 {vindictam
2941 3943 3296 3997 exercendam
3334 3945 3593 4017 gravibus
3621 3947 3857 4017 obtestaa

2272 4010 2779 4109 tionibusfimpiulit.‘
2800 4030 2857 4085 Si
2897 4017 3026 4100 ergo
3066 4030 3220 4099 juxta
3268 4010 3599 4093 Dovminicam
3636 4016 3856 4108 sentcn-

2255 4112 2404 4193 ‘itiam
2437 4112 2804 4199 grave’Scelus.
2822 4128 2905 4176 est
2941 4137 3107 4193 unum
3131 4121 3198 4177 de
3221 4123 3433 4191 pusillis
3462 4112 3853 4199 scandalizare,

2272 4198 2649 4287 quamgrave
2675 4218 2833 4282 putas
2866 4210 2937 4264 sit
2983 4225 3089 4264 non
3130 4211 3386 4279 pusillum
3416 4198 3723 4287 quemdam,
3757 4212 3857 4266 sed

2272 4316 2481 4383 regem,
2499 4302 2591 4376 qui
2612 4308 2773 4375 caput
2799 4301 2983 4370 utique
3000 4300 3236 4369 plebium
3260 4310 3373 4366 est,
3482 4286 3861 4365 scandalizané

2268 4386 2761 4467 aum‘promovere?
2781 4390 2915 4463 Nam
2938 4397 2991 4444 et
3013 4390 3068 4444 in
3096 4404 3161 4446 eo
3183 4391 3327 4461 quod
3349 4391 3589 4461 praelate
3612 4390 3853 4465 epistola:

2268 4480 2886 4554 scriptorinter‘caeteras
2897 4481 3150 4545 saevitias,
3164 4496 3296 4551 quas
3313 4498 3441 4553 erga
3453 4498 3546 4557 eos
3558 4499 3692 4557 quos
3702 4478 3861 4537 em?

2178 4624 2183 4627 .
2210 4636 2217 4641 ν
2268 4584 2327 4623 re
2337 4569 2888 4643 consperitexercnit,
2911 4569 3210 4626 maledictis
3234 4587 3362 4641 usus
3385 4580 3487 4639 est,
3515 4587 3623 4639 non
3647 4571 3857 4625 medio-

2210 4722 2215 4729 ,
2268 4660 2435 4717 criter
2450 4671 2737 4728 errasseet
2746 4660 2915 4714 sacris
2937 4659 3162 4729 eloquiis
3184 4661 3469 4716 contraisse
3490 4659 3870 4727 deprehendi:

2270 4760 2376 4815 tur,
2400 4753 2610 4819 dicente
2631 4743 2760 4805 vase
2776 4751 3063 4819 electionis
3086 4751 3404 4807 :Benedicite
3429 4758 3476 4803 et
3501 4748 3661 4819 nolite
3680 4748 3857 4804 male-

2267 4841 2437 4894 dicere
2463 4838 2778 4911 (Rom.xn);
2811 4842 2939 4896 item
2955 4844 3083 4899 alibi
3106 4859 3120 4897 :
3151 4843 3331 4914 Neque
3348 4839 3593 4895 maledici
3620 4858 3852 4911 regnum

2268 4928 2366 4981 Dei
2392 4918 2726 5003 possidebunt
2752 4947 2771 4984 :
2821 4930 2977 4986 Petra
3021 4934 3185 4988 etiam
3232 4933 3490 4989 Ecclesia:
3545 4934 3854 4990 maledictis

2268 5019 2346 5072 uti
2374 5019 2461 5073 his
2493 5019 2670 5091 verbis
2694 5020 2963 5089 prohibet.
2998 5022 3091 5077 Ait
3115 5024 3259 5078 enim
3283 5025 3339 5078 in
3365 5025 3593 5095 epistola
3632 5025 3851 5096 prima:

2272 5107 2599 5179 Quapropter
2623 5124 2799 5165 omnes
2824 5115 3154 5168 consentanei
3181 5125 3358 5177 estote,
3393 5116 3688 5182 unamines,
3714 5131 3853 5169 com-

2269 5197 2537 5265 patientes,
2554 5198 2895 5267 fraternitatis
2908 5214 3184 5271 amatores,
3202 5207 3587 5269 misericordes,
3608 5205 3855 5269 humiles,

2272 5303 2377 5340 non
2430 5288 2699 5345 reddentes
2765 5291 2965 5346 malum
3013 5311 3106 5363 pro
3177 5295 3339 5361 malo,
3384 5296 3463 5349 vel
3514 5295 3853 5349 maledictum

2271 5390 2364 5445 pro
2402 5376 2713 5443 maledicto,
2757 5379 2848 5434 sed
2886 5396 2912 5449 e
2961 5383 3224 5436 contrario
3273 5383 3670 5450 benedicentes,
3732 5383 3855 5454 quia

2273 5468 2326 5520 in
2360 5468 2456 5520 hoc
2481 5470 2645 5522 vocati
2695 5470 2814 5523 estis
2864 5480 2920 5525 ut
2951 5471 3355 5529 benedictionem
3402 5475 3713 5530 litereditate
3738 5488 3857 5545 pus-

2274 5555 2487 5611 sideatis
2512 5558 2565 5626 (Ι
2600 5558 2743 5613 Petr.
2775 5561 2881 5630 ιιι).
