4008 6154
179 245 305 301 iiii?

941 240 1115 294 LIBRI
1151 239 1488 294 CAROLINI.
1529 269 1598 307 —._-
1636 241 1850 311 CAPIT.
1893 243 1981 300 DE
2020 242 2207 310 BHG.
2249 273 2317 281 —-
2351 244 2476 299 LIB.
2524 249 2612 303 ιν.

3271 261 3398 315 1193

241 356 349 409 Sed
369 368 438 407 ne
483 355 605 422 quis
627 369 724 408 nos
761 359 912 420 putet
937 351 1170 420 aliquem
1187 351 1450 418 judicare,
1505 359 1597 404 aut
1617 351 1732 405 cui—
1762 352 2122 420 Aprophetas
2172 353 2282 407 sive
2332 339 2689 428 hagianpha
2757 363 3060 430 recipiant,
3106 367 3180 420 illi
3222 379 3274 422 et
3321 389 3407 426 re-

175 447 292 499 dam
314 442 468 511 cuius
491 444 669 497 meriti
696 457 884 496 sumus
903 441 1098 510 ignari,
1124 441 1426 502 detrahere,
1453 447 1738 507 cognoscat

177 547 270 585 nos
295 547 400 586 non
424 532 587 585 vitam
617 529 842 598 alicujus
862 528 1014 597 justi,
1039 544 1144 582 non
1174 529 1424 582 meritum
1450 529 1736 594 discutere,

172 619 264 673 sed
300 620 464 673 verba
497 618 831 674 solummodo
852 617 1148 671 ventilabro
1173 615 1477 670 divinorum
1501 614 1756 688 eloquim.

161 725 288 782 trum
316 710 553 764 studiose
574 709 858 771 ventilare,
882 722 1001 776 quae
1047 706 1469 773 incompetenter
1494 707 1562 759 ad
1585 721 1749 777 erro:

169 813 282 850 rem
309 798 656 852 nutriendum
683 799 754 850 ad
779 796 1009 850 medium
1048 803 1171 847 sunt
1191 795 1436 858 deducta,
1464 810 1586 848 cum
1627 796 1740 850 sint

168 901 415 942 errorum
438 885 619 940 nervis
643 898 1019 954 usquequaque
1042 893 1311 936 concreta.
1337 883 1448 950 Nec
1465 883 1608 948 enim
1630 884 1742 940 alia.

167 972 414 1040 ejusdem
441 974 710 1028 Simeonis
731 973 889 1027 verba
920 971 1252 1034 discutimus,
1272 987 1389 1039 qua:
1411 980 1470 1036 ut.
1491 973 1737 1042 superius

170 1062 425 1124 diximus,
469 1077 730 1131 nusquam
768 1075 866 1114 nos
912 1060 1105 1129 legisse
1151 1060 1510 1126 meminimus,
1555 1061 1651 1114 sed
1674 1076 1756 1131 ea

171 1151 515 1206 solummodo
556 1166 672 1219 qua:
697 1165 884 1204 eorum
911 1150 1153 1217 apicibus
1193 1150 1758 1212 narrantibussensu.

164 1240 536 1309 percipimuso;
563 1249 618 1292 et
651 1254 774 1293 cum
810 1239 1114 1293 nesciamus
1166 1246 1344 1292 utrum
1377 1237 1615 1306 ejusdem
1650 1238 1737 1290 Si—

163 1328 389 1390 meonis,
421 1337 479 1380 ut
515 1328 589 1381 illi
617 1327 879 1392 fatentur,
908 1336 1001 1381 aut
1036 1327 1256 1381 alterius
1279 1326 1553 1394 cujusdam
1579 1329 1738 1388 verba

165 1417 270 1472 sint
295 1416 349 1468 in
380 1415 496 1484 ejus
538 1417 754 1471 nomine
790 1424 1108 1485 praenotata,
1165 1417 1409 1471 novimus
1457 1426 1636 1472 tamen
1675 1433 1738 1470 ea

162 1505 311 1560 omni
353 1504 704 1574 ambiguitate
746 1505 1037 1574 postposita
1063 1520 1092 1558 a
1127 1515 1436 1560 sanctarum
1495 1505 1736 1572 Scriptu-

165 1611 344 1649 rarum
372 1596 618 1650 sensibus
643 1595 835 1658 aliena,
851 1604 904 1654 et
925 1597 1115 1658 merito
1132 1597 1199 1651 ab
1219 1597 1364 1650 omni
1380 1596 1740 1664 ecclesiastico

161 1687 410 1756 dogmate
436 1686 751 1740 abdicanda.

770 1776 993 1831 CAPUT
1035 1777 1096 1830 Vl

162 1886 241 1939 De
265 1903 325 1940 eo
347 1887 483 1956 quod
504 1886 742 1939 omnibus
770 1887 1024 1940 latereticis
1041 1885 1405 1941 Samaritana:
1429 1896 1724 1952 deteriores,

232 1966 281 2026 et
314 1955 664 2010 samaritanis
699 1955 985 2009 deteriores
1007 1972 1091 2009 eos
1139 1957 1315 2010 dicunt
1344 1957 1432 2020 qui
1478 1959 1727 2026 imagines

227 2025 524 2092 destruunt,
555 2041 670 2077 cum
716 2034 950 2093 parentes
979 2041 1155 2078 eorum
1185 2027 1465 2077 secundum
1516 2025 1726 2078 illorum

230 2094 522 2165 opinionem
546 2094 780 2165 omnibus
808 2093 1060 2146 Ita’reticis
1091 2094 1369 2147 deteriores
1398 2096 1612 2162 fuerint,
1641 2097 1729 2165 qui

231 2164 408 2231 utique
432 2163 682 2230 imagines
704 2162 1027 2215 destruxere.

228 2252 344 2305 Non
373 2249 672 2305 sufficiebat
712 2251 822 2305 illis
866 2242 1278 2320 prodecessores
1327 2253 1439 2306 sive
1482 2263 1732 2321 parentes

158 2356 345 2397 eorum
379 2341 735 2396 formidolosis
774 2342 1206 2398 anathematibus
1249 2344 1502 2398 abdicare
1545 2359 1624 2399 ac.
1651 2345 1728 2398 di-

158 2435 334 2488 versis
389 2434 642 2488 conviciis
694 2434 960 2498 lacerare,
1010 2434 1230 2488 nisieos
1261 2435 1510 2488 omnibus
1562 2435 1732 2489 haere-

163 2523 287 2576 ticis
342 2522 604 2576 dixissent
651 2522 944 2577 deteriores
996 2522 1198 2585 fuisse,
1254 2525 1345 2591 qui
1393 2533 1595 2592 quanto
1635 2539 1731 2580 eos

159 2611 517 2666 atrocioribus
581 2609 791 2679 injuriis
842 2613 1111 2666 exsecrari
1171 2615 1544 2678 contendunt,
1581 2623 1730 2668 tanto

159 2700 388 2770 amplius
415 2700 612 2756 divinis
656 2702 876 2755 monitis
925 2703 1318 2757 contradicunt.
1351 2703 1546 2757 Dicunt
1586 2704 1729 2758 enim

157 2789 531 2843 Samaritanos
576 2790 824 2845 omnibus
873 2791 1140 2846 hzereticis
1173 2793 1489 2856 deteriores,
1545 2794 1731 2861 eisque

159 2877 214 2930 in
251 2877 482 2931 crimine
505 2879 800 2946 prmferunt
838 2894 932 2934 eos
979 2881 1070 2948 qui
1108 2881 1372 2950 imagines
1422 2881 1724 2935 destruunt.

157 2968 385 3022 Constat
420 2968 565 3022 enim
609 2967 837 3034 majores
862 2984 1050 3023 eorum
1089 2971 1347 3039 imagines
1370 2969 1722 3037 destruxisse,
1757 3016 1802 3078 Ο

161 3065 207 3078 ,.
265 3058 554 3078 unus-“
617 3073 792 3078 ,μημ
847 3059 1141 3078 “una”-
1205 3060 1284 3078 με
1645 3061 1692 3078 λ-

156 3065 210 3110 et
262 3058 559 3112 secundum
610 3073 797 3112 eorum
840 3059 1147 3128 Opinionem
1196 3060 1287 3127 qui
1335 3059 1596 3129 imagines
1633 3061 1727 3114 de-

155 3157 371 3202 struunt
395 3148 748 3204 Samaritanis
785 3149 1080 3205 deteriores
1120 3159 1263 3214 sunt,
1288 3159 1342 3204 et
1382 3151 1726 3214 Samaritani,

155 3246 213 3291 ut
261 3239 338 3292 illi
379 3239 548 3302 aiunt,
605 3239 854 3295 omnibus
895 3241 1163 3296 haireticis
1209 3243 1507 3296 deteriores
1551 3251 1726 3296 sunt:

152 3329 408 3382 omnibus
441 3329 622 3398 igitur,
669 3337 729 3383 ut
766 3330 845 3384 illi
890 3330 1158 3396 fatentur,
1191 3333 1460 3388 haereticis
1498 3332 1730 3398 majores

153 3428 342 3467 eorum
397 3415 692 3471 deteriores
762 3416 945 3481 fuere,
1007 3435 1142 3487 quos
1211 3429 1423 3474 constat
1466 3422 1727 3490 imagines

156 3503 506 3558 destruxissc.
535 3505 672 3559 Nam
711 3507 840 3561 dum
891 3510 1018 3574 sint,
1074 3519 1134 3564 ut
1163 3511 1262 3580 ipsi
1293 3522 1621 3576 asseverant,
1654 3515 1726 3567 ab

152 3593 399 3645 omnium
452 3593 827 3650 hmreticorum
883 3598 1237 3654 deterioribus
1284 3610 1375 3655 aut
1417 3617 1512 3670 per
1547 3604 1730 3657 carnis

153 3684 444 3736 materiam
470 3688 768 3755 propagati,
808 3698 901 3742 aut
938 3689 992 3742 in
1025 3691 1423 3760 Scripturarum
1464 3694 1728 3764 dogmati-

1832 443 2228 518 VSllrrcctionem
2260 458 2554 512 spernunt,
2604 459 2658 502 et
2705 455 2949 520 exceptis
2997 457 3231 527 quinque
3277 461 3410 532 legis

1837 525 1986 597 libris
2031 547 2218 586 omnes
2265 532 2572 603 Scripturas
2611 548 2664 591 et
2699 541 2908 596 Veteris
2959 555 3011 597 ct
3037 525 3168 601 Novi
3221 525 3409 604 Tcsia~

1833 621 2001 676 menti
2025 633 2389 711 hpostponunt.
2441 627 2576 681 Sunt
2638 641 2816 686 autem
2878 635 3117 704 reliqum:
3167 644 3406 711 gentium

1794 755 1796 758 ,
1835 720 1970 772 quas
2018 708 2380 768 Sennacherib
2431 730 2524 769 rex
2579 718 2928 789 Assyriorum
2980 708 3190 781 dcccmv
3228 733 3406 787 tribu—

1836 796 1937 848 bus
1983 796 2144 851 Israel
2191 801 2243 853 in
2315 801 2494 858 Medos
2520 809 2813 877 translatis,
2874 815 2941 867 ad
2997 821 3404 878 custodiendam

1838 893 2034 938 terram
2081 888 2240 942 lsrael
2291 893 2456 946 misit.
2497 895 2595 960 Qui
2644 899 2769 952 dum
2805 901 3049 958 leonibus
3087 912 3406 981 cmterisque

1835 975 2084 1044 pessimis
2129 978 2257 1033 feris
2320 982 2404 1036 vel
2463 988 2782 1055 quibusdam
2838 995 3000 1047 rebus
3054 975 3408 1057 incommodis

1823 1065 1891 1128 in
1961 1075 2102 1119 terra
2159 1067 2321 1123 lsracl
2375 1081 2727 1137 vastarentur,
2801 1085 2855 1132 ct
2903 1077 3221 1150 legationem
3293 1092 3406 1160 regi

1821 1152 2076 1214 facerent
2121 1168 2179 1209 se
2235 1157 2290 1209 in
2325 1160 2512 1213 eadem
2568 1163 2784 1232 regione
2841 1170 3132 1234 perdurare
3184 1152 3405 1233 minime

1837 1243 2015 1298 valere
2045 1244 2146 1298 nisi
2193 1245 2431 1315 legitima
2479 1249 2570 1303 Dei
2611 1260 2767 1307 terrae
2805 1259 3154 1326 custodirent,
3185 1267 3403 1334 quidam

1839 1332 1903 1386 de
1948 1333 2123 1389 levitis
2182 1336 2251 1390 ad
2301 1352 2394 1392 eos
2427 1341 2575 1395 missi
2620 1341 2786 1399 fuisse
2838 1332 3408 1426 perhibentur,aqui-

1795 1477 1797 1480 ,
1836 1423 1938 1476 bus
1988 1423 2121 1493 legis
2150 1429 2498 1484 cazremonias
2529 1432 2870 1489 docerentur.
2929 1438 3133 1504 Quibus
3161 1461 3227 1500 ex
3253 1423 3408 1520 parte

1839 1513 2102 1581 susceptis
2148 1524 2202 1568 et
2241 1516 2295 1570 in
2349 1517 2591 1586 pluribus
2641 1523 2908 1580 luereseos
2960 1534 3206 1597 partibus
3243 1513 3406 1592 usur-

1839 1601 2000 1669 patis,
2038 1602 2169 1656 adeo
2207 1620 2392 1659 eorum
2443 1608 2671 1664 barbara
2699 1616 2968 1681 gentilitas
2995 1621 3171 1676 cordis
3194 1633 3404 1680 tumore

1768 1683 1812 1742 Β
1841 1690 2022 1743 inﬂata
2075 1701 2177 1756 est,
2219 1701 2278 1746 ut
2324 1699 2633 1764 postpositis
2693 1698 2909 1769 Judmis,
2966 1709 3059 1774 qui
3109 1712 3290 1780 utique
3338 1715 3405 1769 dc

1833 1776 1997 1832 Jacob
2033 1782 2271 1848 germine
2311 1787 2640 1851 processisse
2709 1794 3036 1861 creduntur,
3093 1815 3151 1853 se
3197 1776 3400 1857 solum-

1834 1870 1992 1924 modo
2017 1871 2155 1927 filios
2199 1871 2365 1930 Jacob
2409 1893 2527 1932 esse
2558 1879 2872 1948 glorientur,
2907 1895 3067 1956 atque
3097 1891 3166 1944 ita
3194 1891 3405 1949 Judaeou

1835 1978 1954 2016 rum
2006 1967 2434 2022 communionem
2497 1970 2636 2024 sicut
2679 1981 2733 2027 et
2780 1985 3094 2032 castcrarum
3161 1986 3402 2051 gentium
3480 1989 3486 1994 ’

1833 2072 2086 2126 spernere
2131 2057 2272 2115 fastu
2327 2061 2630 2130 impellente
2685 2076 2961 2137 cogantur.
3039 2073 3114 2126 De
3174 2090 3402 2143 quorum

1833 2147 2001 2216 stirpe
2063 2157 2182 2200 erat
2244 2149 2528 2207 Samaritis
2597 2153 2826 2220 femina,
2878 2174 2996 2228 qua:
3059 2162 3125 2216 ad
3179 2173 3403 2232 puteum

1833 2237 2124 2294 Dominicis
2155 2240 2434 2310 colloquiis
2481 2248 2901 2312 communicaris,
2941 2251 3085 2306 inani
3131 2252 3398 2321 jactantia

1832 2333 2040 2393 patrem
2082 2343 2237 2381 suum
2276 2327 2443 2384 Jacob
2494 2333 2584 2400 qui
2642 2333 2743 2388 sibi
2773 2343 2993 2403 puteum
3043 2339 3297 2407 dedisset,
3344 2353 3400 2397 et

1834 2415 2230 2484 redemptorem
2285 2419 2470 2472 mundi
2517 2435 2581 2474 eo
2653 2423 2908 2491 majorem
2963 2443 3070 2481 non
3121 2445 3240 2486 esse
3276 2448 3405 2487 cum
3466 2439 3480 2462 ’-

1831 2520 2024 2575 magna
2076 2506 2448 2564 cervicositate
2509 2514 2800 2578 asserebat,
2854 2515 3193 2586 maioresque
3274 2537 3402 2577 suos

1832 2611 1938 2650 non
2000 2595 2404 2668 Hierosolymis,
2457 2601 2548 2654 sed
2579 2601 2632 2654 in
2660 2613 2841 2658 monte
2885 2608 3137 2662 adorasse
3167 2611 3398 2666 dicebat.

1832 2685 2005 2751 Quam
2029 2687 2456 2744 cervicositatem
2505 2692 2664 2744 simul
2695 2705 2817 2748 cum
2854 2696 3043 2765 bydria
3070 2705 3124 2752 et
3152 2699 3404 2756 incredu-

1833 2780 1983 2836 litate
2029 2783 2292 2850 deposuit,
2351 2792 2404 2838 ct
2458 2786 2782 2842 salutaribus
2835 2791 3055 2846 monitis
3107 2793 3401 2860 acquievit.

1831 2869 1961 2936 Quae
2006 2873 2135 2940 quid
2181 2873 2373 2944 typicis
2427 2875 2663 2930 innuerit
2725 2881 2998 2948 mysteriis
3046 2883 3090 2934 si
3164 2884 3406 2937 breviter

1831 2976 2206 3032 exsequamur,
2279 2983 2388 3021 non
2435 2977 2518 3022 est
2574 2969 2986 3038 inconsequens.
3043 2973 3224 3026 Gessit
3269 2989 3402 3044 ergo

1835 3060 2020 3131 typum
2084 3057 2247 3110 totius
2321 3058 2537 3112 humani
2590 3061 2820 3130 generis,
2893 3064 3036 3131 quod
3088 3076 3401 3118 senescente

1827 3140 1940 3208 jam
1992 3146 2191 3199 mundo
2229 3146 2295 3200 ad
2340 3147 2622 3201 Dominum
2672 3151 2833 3214 venit,
2893 3152 2985 3221 qui
3043 3162 3192 3207 sexta
3213 3155 3401 3224 utique

1830 3238 1988 3284 aetate
2039 3233 2223 3286 mundi
2269 3236 2336 3288 ad
2387 3244 2606 3303 puteum
2660 3240 2816 3302 sedit,
2872 3241 2964 3308 qui
3015 3243 3198 3296 mundi
3243 3243 3403 3310 hujus

1831 3329 2106 3374 terrenum
2136 3323 2374 3377 laborem
2413 3337 2467 3380 et
2504 3343 2744 3381 errorem
2793 3337 3073 3385 tenebrosa
3123 3333 3418 3400 profundi-'

1833 3419 1940 3463 tate
1981 3411 2274 3479 significat;
2333 3416 2486 3478 sedit,
2533 3417 2772 3486 inquam,
2820 3422 3171 3475 humilitatem
3220 3425 3400 3478 carnis

1830 3515 1926 3569 pro
1977 3501 2131 3556 nobis
2181 3513 2442 3573 suscepta:
2481 3506 2756 3579 fatigatus,
2816 3511 3184 3566 infirmitatem
3251 3513 3397 3581 ejus-

1829 3593 1949 3647 dem
1991 3595 2166 3649 carnis
2225 3597 2560 3666 significans,
2616 3604 2864 3670 quamvis
2941 3604 3048 3658 alio
3117 3605 3393 3662 intellectu

1829 3685 2001 3750 sessio,
2023 3685 2139 3758 ejus
2155 3691 2462 3766 .inagisterii
2487 3700 2541 3747 et
2563 3693 2819 3750 doctrinae
2843 3696 3156 3766 dignitatem
3180 3700 3403 3754 demon-

151 3772 254 3825 bus
288 3772 524 3854 educati,
556 3781 652 3826 aut
707 3790 806 3844 per
844 3792 1036 3832 manus
1072 3780 1464 3848 impositionem
1506 3786 1573 3837 ad
1606 3799 1729 3854 per-
1752 3798 1765 3824 '-

150 3861 362 3928 agenda
418 3849 738 3918 Christiana:
761 3864 1036 3935 religionis
1084 3871 1338 3938 mysteria
1388 3849 1758 3938 consecratip

152 3940 578 4004 minindum'est
603 3951 694 4020 qui
732 3950 794 4007 'se
821 3952 1034 4009 caeteris
1057 3958 1333 4012 catholicis
1366 3960 1421 4013 in
1467 3964 1754 4025 consum-2

152 4025 393 4090 tionibus
427 4031 786 4112 eitbibendis',
820 4039 1168 4099 et-ECClesizc
1208 4048 1586 4104 traditionibus
1621 4059 1754 4104 stas:

151 4115 774 4212 tuendis_einiiiea't-iores
814 4133 1141 4204 existiment,
1176 4143 1483 4206 tantamque
1517 4149 1752 4210 βεαυτψ
2049 4123 2374 4196 voluntatem
2429 4137 2638 4208 Patris,
2663 4143 2725 4199 ct
2762 4147 3049 4215 perficeret
3073 4163 3209 4218 opus
3253 4149 3404 4219 ejus;

153 4212 389 4313 terit-artis
424 4213 842 4308 praerogativam
883 4220 1096 4278 habere
1134 4224 1356 4292 jactent,
1411 4234 1750 4296 cuminum
1828 4212 2075 4306 Pij'oniiSit
2126 4239 2252 4303 ergo
2300 4219 2473 4288 scilll
2521 4212 2779 4290 daturum
2813 4253 3006 4307 aquam
3036 4212 3233 4306 vivam,
3274 4212 3397 4313 ὲρίς

150 4299 242 4354 ebs
273 4302 485 4397 habere.
513 4301 614 4362 nec
639 4307 976 4378 propriorum
993 4319 1210 4368 actuum
1245 4317 1357 4370 sive
1377 4303 1987 4412 documenmr-‘D..,ritum
2010 4311 2294 4377 “videlicet
2326 4315 2485 4393 'quem
2542 4328 2821 4396 aeccpmri'
2853 4338 3004 4383 erant
3027 4299 3406 4391 ‘credentcs-in’

149 4397 267 4492 rum
293 4389 574 4492 eaerciti'a,
615 4395 1016 4486 nec'major‘um
1053 4416 1280 4458 suorum
1327 4389 2340 4492 exemplaiploqivleiimf‘Qixitﬂergo
2390 4405 2517 4484 eam
2548 4409 2812 4487 "quinque
2838 4419 3004 4476 viros?‘
3040 4424 3313 4488 habuisse,
3343 4429 3410 4484 ld'

147 4477 296 4580 benti.
330 4479 469 4580 Nam
492 4480 1058 4577 siis'tibb-irnaginum
1081 4495 1742 4554 adorationemiomitibus:
1817 4479 2238 4580 ρξ’ίξξῖᾳύῖηᾴΰθί
2266 4489 2598 4563 εθϊοητιῐῑιῃὶἐ
2645 4503 2888 4567 senSibus
2955 4511 3111 4570 usam
3187 4519 3416 4580 fuisse,

145 4569 770 4662 catholicis‘praeferendi
791 4573 934 4649 sunt,
954 4587 1078 4654 'vjam
1111 4606 1221 4646 non
1268 4593 1326 4646 in
1348 4580 1592 4648 Ecclesia
1614 4597 1738 4649 vin-ﬁ.
1819 4569 2146 4674 '_"_senStiiii-
2163 4611 2321 4666 quem
2347 4589 2579 4653 'ta‘ndem
2611 4587 2857 4676 ‘haberet
2889 4619 2995 4674 quo
3020 4607 3241 4664 Christo
3277 4629 3411 4675 (πθ-η

1829 3785 1980 3831 stret.
2039 3779 2220 3834 Sitivit
2261 3799 2367 3836 non
2408 3791 2613 3842 tantum
2658 3804 2873 3858 aquam,
2927 3791 3019 3843 sed
3061 3790 3221 3844 fidem
3271 3807 3402 3860 gen-

1827 3868 1962 3922 tium
1993 3869 2208 3924 haurire
2258 3874 2496 3941 cupiens.
2545 3875 2692 3928 Unde
2751 3887 2805 3929 et
2845 3879 3119 3944 discipulis
3171 3883 3399 3932 mandu—

1829 3966 1952 4032 care
2002 3951 2336 4013 liortantibus
2385 3962 2561 4014 cibum
2606 3978 2664 4015 se
2686 3963 2819 4016 dixit
2865 3967 3068 4018 habere
3111 3981 3271 4034 quem
3321 3970 3396 4023 illi

1828 4037 2142 4134 nescirent.‘\'
2163 4043 2406 4129 sitiebat
2437 4069 2564 4122 ergo
2596 4054 2751 4108 ﬁdem
2788 4056 3070 4124 gentilium
3101 4066 3158 4110 ut
3196 4059 3424 4113 faceret

142 4669 319 4746 tutum
341 4673 658 4747 sectatores,
697 4675 791 4728 sed
813 4676 1104 4745 imaginum
1141 4681 1455 4738 adoratores
1482 4686 1736 4740 eminent

143 4751 332 4841 tiore'm
367 4753 547 4812 locum
585 4763 877 4832 tenebunt;
910 4777 966 4822 et
997 4769 1043 4822 si
1083 4770 1372 4841 imaginum
1405 4775 1734 4830 adora'tores.

142 4840 275 4922 intra
301 4855 547 4902 sanctam
570 4851 865 4910 Ecclesiam
901 4840 1308 4916 eminentiorem
1362 4863 1538 4917 locum
1571 4874 1722 4920 tenes

142 4931 289 4995 bunt,
308 4933 423 5002 jam
446 4951 551 4992 non
568 4941 876 5011 virtutibus,
903 4949 996 5001 sed
1022 4952 1296 5005 erroribus
1321 4938 1405 5007 est
1422 4958 1711 5010 utendum:

137 5015 218 5109 est
258 5033 438 5080 autem
469 5029 772 5098 virtutibus,
800 5051 908 5088 non
953 5041 1229 5094 erroribus
1280 5045 1534 5097 utendum
1561 5063 1574 5109 ;
1606 5051 1722 5099 nori'

137 5107 292 5175 igitur
321 5113 408 5168 isti
432 5117 502 5170 ob
520 5118 815 5188 imaginum
837 5124 1202 5181 adorationem
1242 5132 1492 5187 omnibus
1529 5107 1714 5188 catho-

300 5200 624 5268 praaferendi
687 5217 832 5260 sunt.
889 5210 1209 5267 Samaritani
1258 5231 1523 5286 namque,
1581 5237 1715 5289 quos

134 5281 204 5336 illi
257 5287 449 5343 dicunt
491 5293 742 5346 omnibus
774 5296 1040 5351 hzercticis
1089 5281 1424 5363 deteriores:
1454 5281 1555 5360 non
1590 5281 1717 5363 sunt

133 5370 366 5428 haeretici
421 5377 850 5434 Christianorum
883 5423 896 5448 ,
957 5388 1048 5438 sed
1099 5386 1406 5441 Judmorum
1452 5432 1465 5454 ,
1511 5381 1714 5451 necse

134 5475 329 5512 novum
365 5463 806 5531 Testamentum,
864 5473 955 5523 sed
987 5475 1152 5527 Vetus
1213 5482 1395 5528 tenere
1439 5478 1710 5553 fatentur;

132 5550 216 5615 qui
256 5565 386 5605 cum
436 5549 605 5608 Judaei
649 5561 1092 5615 resurrectionem
1139 5578 1422 5631 corporum
1463 5549 1710 5631 credant.

1821 4675 2018 4752 ditura'"
2047 4691 2188 4749 erat,"
2270 4695 2393 4742 cum
2444 4677 2570 4758 quo»
2601 4689 2898 4762 legitimum
2946 4709 3130 4766 posset
3192 4704 3405 4760 habere”

1819 4774 2161 4838 connubium,
2185 4771 2314 4844 jam
2343 4794 2447 4831 non
2471 4793 2623 4833 suum
2653 4797 2770 4838 esse
2799 4802 2810 4838 :
2840 4802 2965 4840 nam
2994 4798 3048 4842 et
3075 4799 3194 4858 post
3239 4794 3404 4858 quin:

1817 4877 1920 4930 que
1965 4863 2205 4919 carnales
2237 4870 2611 4935 responsiones
2641 4884 2804 4928 sexta
2841 4873 3192 4943 responsione
3219 4881 3386 4930 nomi-

1819 4948 1910 5018 nat
1931 4950 2225 5008 Christum.
2258 4955 2435 5013 Prima
2463 4955 2692 5030 namque
2723 4965 2836 5031 ejus
2860 4967 3134 5030 responsio
3157 4968 3239 5017 est
3271 4983 3283 5017 :
3313 4967 3387 5019 'l'u

1817 5057 1934 5103 cum
1981 5047 2050 5097 sis
2079 5045 2316 5111 Judwus,
2349 5054 2606 5120 quomodo
2635 5039 2775 5106 alme
2803 5055 2968 5106 bibere
2985 5055 3156 5122 petis?
3183 5055 3389 5112 Secun-i

1817 5129 1926 5210 da:
1967 5131 2204 5197 Domine,
2263 5154 2422 5206 neque
2475 5142 2820 5193 [maritorium
2877 5141 3033 5193 habes
3083 5153 3133 5196 et
3205 5157 3389 5213 puteus

1817 5215 1952 5270 altus
2000 5232 2103 5285 est;
2132 5225 2286 5278 tertia
2319 5243 2330 5277 :
2366 5227 2600 5291 Domine,
2629 5230 2698 5280 da
2741 5229 2866 5280 mihi
2907 5229 3045 5279 lianc
3102 5250 3290 5301 aquam
3333 5247 3389 5287 ut

1817 5322 1976 5375 neque
2019 5310 2211 5374 sitiam,
2263 5331 2424 5384 neque
2480 5318 2676 5366 veniam
2709 5317 2806 5366 Inc
2851 5316 3105 5378 haurire;
3156 5331 3385 5386 quarta:

1819 5396 1941 5458 Non
1985 5400 2146 5453 habeo
2202 5405 2409 5465 virum;
2464 5405 2685 5469 quinta:
2731 5403 2884 5457 Video
2940 5407 3062 5472 quia
3134 5411 3385 5481 propheta

1817 5503 1867 5538 es
1896 5504 1912 5540 :
1952 5498 2123 5557 patres
2148 5494 2308 5544 nostri
2334 5495 2386 5544 in
2405 5500 2569 5542 monte
2600 5489 2696 5541 hoc
2719 5493 3063 5544 adoraverunt
3087 5495 3376 5566 (Joannv),

1819 5591 1941 5629 nam
1968 5578 2067 5632 ista
2115 5579 2387 5646 responsio
2429 5577 2655 5630 carnalis
2711 5587 2812 5633 est.
2873 5580 3190 5637 Carnalibus
3225 5588 3372 5641 enim
