4008 6154
646 234 788 294 uss
816 204 823 217 ’
1537 234 1595 289 B.
1637 234 1888 289 cauom
1928 232 2140 288 usus:

2270 233 2337 287 ’P.
2379 232 2558 290 PARS
2590 237 2656 294 ll.
2704 238 2946 298 SECTIO
2986 242 3049 297 Il.
3764 253 3881 309 1200

604 404 611 408 ,
644 340 803 404 datus
847 346 1023 401 fuerat
1065 345 1220 402 locus
1272 355 1519 401 terrenus
1569 346 1661 402 ubi
1699 355 1941 410 orarent,
1997 362 2106 402 non
2148 354 2207 401 ut
2242 350 2289 409 Α
2317 346 2516 403 tabulis
2545 348 2713 420 digito
2772 353 2991 409 Domini
3043 355 3305 425 scriptum
3341 357 3427 422 sit,
3456 366 3513 413 et
3541 359 3610 415 ab
3647 359 3884 432 Apostolo

642 439 821 494 locum
853 445 947 499 aut
988 436 1366 528 remraliquam
1412 435 1466 490 in
1513 450 1580 491 eo
1613 435 1846 528 positam
1895 435 2212 528 adorarent,
2316 436 2551 505 primum
2572 441 2882 497 mandatum
2901 445 3225 501 nominetur.
3244 446 3339 501 Ait
3358 449 3503 503 enim
3527 462 3543 503 :
3569 448 3794 508 Honora
3811 472 3884 528 pa.

640 530 736 596 sed
760 528 814 585 in
872 529 1064 584 eodem
1108 527 1226 582 loco
1252 527 1540 582 adorarent
1585 527 1891 592 Dominum,
1943 527 2214 597 spiritales
2316 534 2448 579 trem
2469 537 2517 581 et
2553 540 2789 594 matrem,
2828 532 3055 601 quodest
3092 534 3401 589 mandatum
3435 538 3664 607 primum
3693 542 3751 596 in

639 629 821 677 autem
860 619 915 675 in
960 620 1152 689 spiritu
1194 626 1250 673 et
1304 619 1580 680 veritatep
1612 633 1720 674 non
1747 619 1805 673 in
1864 618 2171 689 imaginibus

2314 613 2558 670 missione
2603 616 2815 688 (Ephes.
2856 619 2953 690 vt),
3019 622 3073 677 in
3124 638 3187 678 ea
3235 624 3482 680 videlicet
3542 629 3885 695 promissione

637 726 746 766 non
805 711 859 765 in
897 694 1168 780 picturis,
1210 725 1319 765 non
1373 711 1428 765 in
1458 711 1621 765 rebus
1681 724 1844 766 sensu
1902 708 2213 763 carentibus
2313 715 2419 770 qua
2475 711 2656 759 statim
2701 705 2929 775 subjecit
2961 723 2976 762 :
3005 720 3064 763 ut
3110 713 3185 766 sis
3238 712 3498 784 longaevus
3526 694 3685 786 super
3708 728 3883 776 unum

630 800 884 858 οηιω-οε
904 802 1163 857 Dominus
1214 802 1369 857 dixit,
1419 800 1574 868 Quod
1614 808 1971 871 posmquam
1994 799 2208 855 locum;
2312 801 2361 844 et
2408 791 2532 847 bene
2579 794 2672 848 tibi
2699 797 2788 851 sit.
2837 797 3392 857 Animadvertendum
3417 819 3549 859 sane
3573 814 3659 861 est
3682 819 3882 877 quanta

632 901 735 959 est,
784 899 937 949 sexta
963 888 1207 946 mulieris
1247 890 1525 958 responsio
1546 888 1826 945 Christum
1864 887 2064 943 fatetur
2088 903 2208 942 om-
2311 879 2421 935 sint
2474 880 2854 975 damnationis,
2906 887 2999 956 qui
3022 899 3280 959 parentes
3328 895 3584 952 conviciis
3621 897 3871 972 laceram,
3904 968 3911 975 _

631 983 782 1038 nium
829 979 1085 1037 istorum‘
1124 996 1244 1035 esse
1293 978 1589 1035 doctorem.
1650 978 1793 1033 Dicit
1844 978 1988 1032 enim
2027 990 2046 1030 ξ
2083 976 2208 1031 Scio
2311 978 2409 1024 αυτ
2463 974 2903 1031 analhémaliblls
2966 989 3338 1049 exsecrantur.
3390 999 3516 1039 cum
3586 989 3731 1044 tanti
3784 993 3877 1048 sint

627 1064 877 1133 quoniam
928 1059 1146 1114 Messias
1196 1061 1329 1114 venit
1384 1060 1474 1130 qui
1534 1059 1728 1112 dicitur
1773 1054 2051 1149 (Ebrinus;
2080 1073 2198 1110 cum
2310 1057 2530 1149 meriti,
2556 1069 2870 1133 tantamque
2901 1061 3375 1136 repromissionem
3404 1072 3661 1144 habeant,
3683 1081 3878 1149 quieos

629 1153 844 1217 venerit,
873 1152 981 1221 ipse
1006 1150 1336 1204 annuntiabit
1366 1149 1512 1203 nobis
1544 1150 1741 1203 omnia.
1775 1147 1881 1203 Sed
1909 1149 2207 1239 adhucrer-
2301 1142 2455 1239 juxta
2508 1148 2800 1206 Dominicaa
2842 1153 2991 1210 vocis
3041 1155 3329 1228 imperium
3396 1142 3721 1219 honorant.-
3749 1167 3877 1239 Quo.

630 1249 735 1332 rat,
780 1241 905 1332 quia
952 1255 1079 1332 eum
1139 1254 1300 1309 quem
1358 1247 1643 1332 venturum
1701 1246 1913 1332 sperat,
1964 1238 2205 1332 _venisse
2307 1236 2695 1332 niam-quanto
2741 1254 2836 1299 eos
2880 1245 2972 1314 qui
3010 1244 3136 1304 huic
3173 1260 3450 1323 praecepto
3485 1236 3877 1332 parentopiima

627 1330 737 1387 nun
780 1329 947 1396 videt,
992 1329 1085 1399 qui
1113 1344 1267 1383 orror
1304 1328 1672 1383 misericordia
1701 1328 1916 1382 Domini
1947 1327 2199 1395 dicentis,
2306 1324 2575 1381 demulcet
2629 1332 2934 1399 promissio,
2988 1342 3139 1392 tanto
3186 1338 3308 1394 illos
3340 1342 3442 1410 .qui
3484 1344 3665 1401 cidem
3704 1324 3871 1407 Domi-

627 1421 743 1492 Ego
807 1436 923 1475 sum
972 1420 1063 1489 qui
1106 1429 1276 1471 tecum
1326 1417 1531 1487 loquor,
1580 1423 1837 1485 tanquam
1875 1418 2086 1473 adulter
2107 1434 2203 1475 ex-
2305 1414 2430 1469 nico
2488 1416 2712 1487 imperio
2786 1423 3141 1492 reluctantur,
3198 1428 3546 1490 formidolosa
3614 1436 3875 1496 deterrere

624 1511 857 1579 pellitur.
898 1508 1032 1574 Quo‘
1071 1506 1253 1562 audito
1309 1506 1442 1561 nihil
1492 1506 1792 1576 respondit,
1848 1509 1960 1573 sed,
2013 1510 2199 1565 relicta
2305 1505 2463 1560 debet
2528 1508 2820 1566 damnatio.
2889 1512 2948 1568 in
3000 1514 3245 1573 Levitico
3305 1535 3521 1592 quoque
3587 1529 3871 1585 scribitur:

621 1601 834 1673 hydria,
901 1599 1195 1670 cupiditate
1242 1597 1489 1653 videlicet
1536 1606 1698 1667 atque
1776 1614 1960 1654 amore
2015 1601 2198 1655 saeculi
2307 1593 2674 1670 Unusquisque
2714 1612 2915 1671 patrem
2957 1623 3112 1660 suum
3160 1618 3209 1663 et
3256 1621 3476 1667 matrem
3524 1632 3668 1672 suam
3703 1622 3875 1675 timeat

622 1688 783 1760 hujus
830 1705 938 1759 quo
982 1687 1085 1744 sibi
1130 1686 1374 1742 homines
1404 1687 1470 1741 de
1510 1688 1793 1741 tenebrosa
1833 1686 2195 1758 profunditate
2225 1682 2272 1744 Β
2300 1682 2484 1753 (Leuit.
2517 1688 2668 1761 xix);
2716 1693 2769 1745 in
2816 1693 3203 1754 Ecclesiastico
3252 1715 3465 1771 quoque
3520 1706 3589 1761 de
3618 1708 3871 1764 honoran-

618 1791 675 1838 et
719 1789 934 1837 terrena
964 1778 1373 1835 conversatione
1394 1776 1654 1831 hauriunt
1690 1778 2042 1846 voluptatem,
2089 1796 2194 1849 qua
2297 1772 2382 1865 dis
2402 1779 2719 1845 parentibus
2769 1783 3033 1838 scribitur
3066 1804 3078 1839 :
3110 1786 3218 1853 Qui
3247 1790 3467 1845 honorat
3508 1806 3712 1865 patrem
3732 1812 3876 1852 suum

617 1881 868 1944 percepta
918 1872 1093 1927 denuo
1136 1871 1192 1925 in
1264 1867 1382 1955 ejus
1434 1869 1731 1939 appetitum
1808 1869 2189 1937 inardescunt,
2300 1863 2528 1937 longiori
2588 1872 2693 1925 vita
2755 1875 2926 1939 vivet;
2985 1885 3035 1930 et
3085 1879 3176 1948 qui
3203 1880 3415 1934 obaudit
3450 1863 3682 1953 patrem,
3732 1887 3879 1955 refri-

618 1971 759 2022 sicht
805 1965 1009 2022 dictum
1069 1972 1198 2019 est:
1240 1962 1316 2017 De
1362 1978 1501 2032 aqua
1547 1960 1642 2014 illa
1676 1961 1777 2049 qui
1822 1961 2003 2014 biberit
2055 1962 2192 2017 sitiet
2296 1966 2444 2024 gerat
2490 1972 2736 2028 matrem,
2766 1973 2815 2018 et
2859 1969 3012 2035 quasi
3058 1967 3314 2024 Dominus
3367 1975 3547 2027 serviet
3590 1977 3675 2031 his
3713 1980 3879 2049 qui“

615 2059 807 2110 iterum
840 2072 859 2110 :
891 2054 962 2109 fit
992 2055 1049 2108 in
1068 2053 1343 2114 civitatem,
1395 2049 1519 2119 quia
1551 2048 1801 2103 videlicet
1826 2050 2025 2104 mundo
2051 2064 2191 2118 prze-
2297 2062 2696 2118 generaverunt,
2751 2056 2808 2108 in
2850 2072 3000 2126 opere
3023 2067 3071 2111 et
3100 2076 3336 2114 sermone
3358 2072 3407 2115 et
3435 2067 3577 2118 omni
3598 2070 3875 2135 patientia,

617 2144 818 2199 dicavit
853 2143 997 2214 quod
1035 2140 1280 2204 credidit,
1328 2137 1489 2192 corde
1526 2137 1763 2227 credens
1802 2135 2188 2204 ad‘justitiam,
2300 2148 2350 2192 et
2398 2138 2686 2197 benedictio
2737 2147 2852 2215 ejus
2895 2148 2950 2201 in
2995 2151 3270 2204 novissimo
3308 2162 3481 2205 manet
3524 2156 3721 2223 (Eccti.
3768 2160 3880 2227 ιιι).

615 2250 711 2291 ore
772 2233 1036 2289 conﬁtens
1084 2232 1152 2286 ad
1198 2232 1446 2288 salutem.
1507 2225 1653 2299 Quia
1710 2244 1839 2299 ergo
1876 2228 2036 2298 paulo
2074 2228 2191 2282 lon-
2293 2227 2427 2283 Item
2474 2230 2529 2284 in
2556 2231 2936 2289 Ecclesiastico
2966 2226 2982 2288 Ξ
3013 2236 3142 2301 Fili,
3193 2241 3389 2292 sustine
3411 2252 3676 2297 senectam
3699 2225 3886 2314 patris

613 2327 733 2396 gius
777 2340 810 2380 a
863 2340 922 2381 re
987 2324 1263 2395 proposita
1311 2323 1538 2395 digressi
1598 2337 1802 2387 sumus,
1874 2320 1940 2374 ad
1989 2334 2187 2390 propo-
2291 2319 2387 2383 tui,
2431 2328 2481 2371 et
2508 2336 2611 2373 non
2659 2324 2926 2376 contristes
2954 2339 3072 2376 eum
3114 2325 3171 2378 in
3212 2328 3322 2381 vita
3365 2328 3528 2397 ipsius
3560 2346 3580 2384 :
3605 2341 3656 2384 et
3703 2334 3751 2386 si
3787 2326 3889 2389 de;

611 2418 778 2472 situm
825 2417 1001 2472 denuo
1044 2414 1399 2470 revertamur.
1444 2413 1771 2469 Samaritani
1799 2426 2036 2480 namque.
2060 2425 2171 2465 cum

2287 2407 2398 2474 ﬁcit
2447 2424 2636 2475 sensu,
2688 2410 2758 2464 da
2804 2413 3027 2479 veniam,
3078 2425 3127 2468 et
3170 2432 3233 2469 ne
3274 2434 3488 2487 spernas
3534 2436 3655 2473 eum
3678 2422 3737 2475 in
3785 2432 3883 2479 tua

612 2508 722 2564 sint
767 2507 1016 2578 gentiles,
1076 2515 1130 2562 et
1191 2506 1315 2561 ﬁcte
1351 2503 1687 2560 Judaismum
1740 2510 1921 2556 tenere
1968 2500 2187 2555 vidcan-
2287 2497 2491 2551 virtute.
2545 2498 2669 2552 Non
2729 2510 2803 2554 est
2846 2502 2942 2556 tibi
2987 2503 3177 2573 gloria,
3230 2507 3318 2561 sed
3355 2512 3620 2578 confusio.
3676 2513 3879 2569 Doctor

611 2604 720 2662 tur,
770 2611 876 2650 non
924 2594 1153 2666 amplius
1197 2593 1408 2650 cmteris
1457 2592 1745 2648 incredulis
1789 2598 1978 2647 contra
2002 2589 2185 2645 Eccle—
2286 2588 2448 2643 etiam
2478 2592 2720 2660 gentium
2769 2594 2944 2648 dicit:
2999 2580 3149 2660 Filii,
3184 2598 3386 2652 obedite
3422 2602 3732 2669 parentibus
3779 2624 3879 2676 per

610 2686 747 2741 siam
823 2684 1011 2739 saevire
1058 2691 1385 2747 noscuntur,
1441 2698 1577 2752 quos
1617 2682 1835 2751 quidem
1912 2680 2000 2735 isti
2057 2679 2182 2733 dum
2286 2681 2499 2748 omnia,
2557 2680 2655 2734 hoc
2695 2683 2831 2736 enim
2873 2682 3039 2753 placet
3088 2684 3313 2740 Domino
3364 2688 3582 2759 (Ephes.
3645 2692 3750 2763 γι).
3809 2695 3872 2753 Si

606 2775 894 2831 hazreticos
922 2774 1350 2831 Christianorum
1386 2781 1597 2845 putent,
1641 2773 1996 2842 omnibusque
2017 2771 2185 2825 haere-
2290 2770 2439 2824 enim
2464 2771 2724 2826 honorem
2753 2772 3082 2841 impendere,
3127 2775 3240 2830 sive
3281 2777 3502 2831 obedire
3550 2783 3874 2849 parentibus

606 2867 727 2923 ticis
772 2866 1062 2936 nequiores
1085 2866 1415 2930 existiment,
1476 2867 1708 2935 quadam
1758 2865 1838 2919 eis
1892 2861 2179 2919 clementia
2285 2858 2397 2913 Deo
2451 2859 2648 2929 placet,
2688 2862 2931 2918 convicia
2970 2864 3051 2918 eis
3076 2872 3130 2918 et
3185 2869 3585 2923 exsecrationes
3620 2870 3874 2941 ingerere

604 2956 805 3022 favent,
852 2971 975 3012 cum
1008 2955 1241 3025 majores
1266 2970 1393 3011 suos
1422 2955 1479 3010 in
1504 2956 1741 3025 nequitia
1764 2956 1868 3011 illis
1891 2954 2171 3025 prmferen-

2285 2947 2463 3001 modis
2514 2950 2775 3004 omnibus
2812 2950 3097 3020 displicet;
3154 2961 3210 3008 et
3249 2954 3298 3009 si
3342 2955 3398 3010 id
3431 2971 3536 3011 non
3591 2958 3866 3030 displicet,

604 3048 704 3102 dos
737 3060 858 3101 esse
916 3007 1249 3116 perdocent:
1277 3060 1386 3100 non
1425 3007 1697 3100 enimjest
1722 3007 1967 3101 omniiim
2005 3046 2181 3099 deter-
2208 3007 2254 3070 δ
2284 3051 2456 3105 neque
2501 3038 2634 3093 illud
2684 3040 2879 3108 placet.
2924 3041 3099 3097 Grave
3164 3058 3295 3115 ergo
3349 3053 3402 3099 et
3446 3007 3859 3105 formidolosum

603 3136 793 3202 rimus,
866 3135 953 3191 cui
993 3136 1050 3191 in
1088 3136 1244 3207 culpa
1288 3136 1427 3192 alius
1471 3136 1697 3207 quilibet
1747 3137 2022 3192 invenitur
2040 3150 2171 3207 prae-

2281 3138 2367 3186 est
2406 3139 2660 3200 parentes
2702 3148 2810 3187 non
2866 3133 3169 3202 honorare;
3227 3139 3608 3206 gravissimum
3636 3157 3773 3198 vero
3802 3152 3860 3198 et

604 3225 881 3284 ferendus.
2278 3218 2840 3276 formidolosissimum
2881 3238 2975 3278 eos
3030 3225 3350 3292 abominari,
3396 3236 3491 3282 aut
3544 3232 3870 3289 anathema-

1245 3335 1472 3393 CApUT
1501 3337 1609 3393 γη,
2186 3312 2191 3317 ’
2279 3310 2466 3375 tizare,
2521 3309 2731 3365 dicente
2760 3311 2985 3367 Domino
3011 3327 3031 3366 :
3060 3311 3164 3378 Qui
3207 3313 3533 3370 maledixerit
3575 3321 3866 3388 patrisuo,

2278 3405 2371 3450 aut
2417 3399 2579 3450 matri
2630 3415 2762 3462 suae,
2823 3410 2989 3454 morte
3038 3403 3297 3456 moriatur
3359 3403 3557 3474 (Exod.
3603 3407 3720 3477 xxi)
3760 3426 3779 3461 :
3810 3416 3871 3463 et

599 3468 2174 3568 Dﬁmeonhq‘uod-quanta-plna
2277 3484 2491 3548 iterum,
2540 3483 2852 3540 Maledictus
2894 3487 3072 3555 homo,
3117 3492 3207 3560 qui
3251 3468 3380 3546 non‘
3406 3468 3715 3563 Itonoriﬁcat
3759 3514 3868 3568 pa-

669 3538 923 3626 ἱπιίξθίθίεε
950 3538 1301 3609 ’ρένηεηίίυθη
1356 3541 1433 3619 υρί
1464 3538 1877 3626 .ξ¹ε³βί⁶ίε”ἕίὲθηι
1925 3538 2170 3626 ."."’.‘“".‘.v
2277 3581 2406 3626 trem
2448 3538 2623 3626 situm.
2674 3585 2766 3626 aut
2813 3538 3041 3626 me;
3056 3538 3230 3626 ’,ιῖιζᾲι
3251 3538 3355 3626 "Ii
3377 3538 3679 3626 4;;;:;;'."..;

669 3584 1852 3675 tantbupare'litves"suos-dna};ribusrconvieiis
1890 3614 1938 3656 et
1961 3584 2175 3675 injuriis
2277 3584 2406 3675 "cf"
2448 3590 2623 3675 stem"
2674 3585 2775 3675 anu"
2813 3588 3034 3675 παθη
3077 3597 3250 3675 mm?"
3292 3592 3342 3675 ξι
3377 3584 3510 3675 (ἕδεα
3541 3587 3711 3641 omni“
3756 3605 3863 3659 Ρ⁰⁹

668 3659 1161 3747 ξηΙιοηόναηε,ῃιιοσ
1213 3659 1394 3747 procul
1447 3673 1605 3727 dubio
1644 3689 1824 3726 eorum
1844 3659 2091 3743 sequaces
2117 3674 2174 3727 in
2274 3660 2450 3732 Ρκίαεν
2481 3659 2631 3726 Fiat.
2683 3662 2779 3732 ﬁt"
2812 3664 2991 3737 (Detu-
3047 3671 3242 3741 XXVII).
3291 3671 3350 3727 In
3380 3672 3691 3743 Proverbiis
3719 3690 3862 3747 quo-

668 3742 767 3796 ftac
822 3749 970 3812 parte
1007 3742 1171 3812 fuisse
1202 3742 1536 3813 proﬁtentur.
1914 3742 1917 3743 ⁷
2272 3767 2381 3821 que
2426 3752 2725 3808 scribitur:
2756 3754 2860 3820 Qui
2917 3756 3183 3814 maledicit
3231 3764 3370 3831 patri
3420 3780 3517 3818 suo
3583 3777 3631 3819 et
3675 3742 3859 3835 matri,

2274 3843 2633 3914 exstinguetur
2661 3842 2874 3899 lucerna
2906 3846 3021 3917 ejus
3069 3848 3126 3902 in
3169 3851 3356 3906 mediis
3402 3854 3628 3909 tenebris
3667 3855 3854 3927 (Prov.

2274 3932 2387 4004 xx).
2442 3931 2576 3988 Item
2636 3933 2754 3989 ibi:
2791 3933 2910 4000 Qui
2950 3935 3150 4007 repellit
3194 3950 3395 4009 patrem
3434 3959 3592 3997 suum
3642 3955 3690 3998 et
3737 3961 3859 3999 ma-

2272 4033 2402 4078 trem
2436 4038 2608 4088 suam,
2657 4031 2707 4077 et
2754 4024 2974 4079 azstimat
3008 4041 3063 4080 se
3097 4042 3204 4081 non
3248 4045 3486 4098 peccare,
3541 4033 3625 4087 hic
3665 4034 3849 4102 parti-

2272 4132 2389 4186 ceps
2428 4124 2502 4169 est
2548 4116 2658 4168 viro
2683 4115 2841 4185 impio
2881 4114 3062 4187 (Prov.
3104 4121 3325 4191 xxvut).
3374 4122 3525 4178 Unde
3566 4123 3857 4179 sciendum

2272 4214 2376 4272 est,
2424 4219 2533 4260 non
2576 4219 2670 4260 eos
2694 4220 2816 4261 esse
2857 4206 3148 4264 mediocris
3189 4209 3435 4279 insanire,
3486 4213 3577 4283 qui
3620 4228 3720 4285 pro
3752 4229 3855 4270 re-

2272 4297 2374 4351 bus
2418 4308 2579 4350 sensu
2630 4294 2943 4352 carentibus
2997 4297 3056 4352 in
3095 4297 3332 4366 majores
3380 4316 3509 4357 suos
3560 4302 3852 4359 maledicta

2269 4397 2376 4437 non
2392 4383 2786 4451 pertimescunt
2814 4398 3129 4456 congerere,
3171 4397 3228 4442 et
3250 4388 3378 4443 dum
3396 4389 3720 4462 imaginibus
3743 4406 3850 4448 vo-

2267 4472 2387 4527 lunt
2419 4472 2618 4539 favere,
2645 4487 2748 4528 nec
2775 4481 3027 4547 parentes
3068 4478 3458 4545 pertimescunt
3492 4481 3849 4546 inbonorare,

2266 4579 2370 4620 nec
2414 4563 2610 4619 divinis
2664 4564 2902 4620 oraculis
2955 4567 3249 4623 contraire.
3298 4568 3409 4641 (Nos
3447 4571 3669 4640 quidem
3717 4572 3853 4626 haec

2265 4652 2528 4720 dicentes,
2583 4668 2692 4710 non
2755 4653 2972 4710 illorum
3020 4656 3315 4725 majoribus
3366 4658 3628 4725 favemus,
3692 4676 3853 4729 quos

2265 4741 2323 4797 in
2391 4742 2497 4797 hoc
2556 4756 2770 4811 quoque
2816 4743 3035 4814 negotio
3081 4746 3307 4803 absurde
3348 4746 3522 4817 egisse
3560 4750 3855 4819 comperi-

668 3879 1077 3937 Vetustissimus
1138 3896 1245 3937 non
1311 3880 1484 3937 solum
1526 3880 1970 3952 philosophorum
1994 3920 2009 3947 ,
2078 3882 2174 3937 sed

595 3970 760 4027 etiam
795 3978 1073 4028 oratorum
1128 3986 1247 4028 mos
1289 3980 1390 4037 est,
1443 3987 1568 4028 cum
1612 3972 1816 4044 aliquid
1866 3973 2169 4044 approbare

595 4063 781 4130 velint,
822 4071 915 4119 aut
941 4063 995 4119 in
1026 4062 1142 4134 ipso
1189 4063 1406 4134 negotio
1464 4064 1530 4119 de
1585 4078 1695 4134 quo
1732 4048 1932 4133 agitur,
1978 4071 2072 4118 aut
2100 4078 2168 4119 ex

594 4157 757 4212 rebus
814 4153 954 4222 aliis,
1016 4160 1112 4208 aut
1158 4141 1323 4209 certe.
1359 4153 1698 4209 extrinsecus
1754 4153 2046 4223 probandm
2091 4153 2169 4207 rei

594 4241 1134 4315 argumentationem
1161 4258 1457 4339 assqmere.
1510 4242 1657 4311 Quos
1683 4243 1773 4299 isti
1799 4244 1927 4298 dum
1956 4244 2014 4298 in
2065 4257 2169 4298 cae-

594 4336 728 4393 teris
766 4335 1035 4406 imperitia
1082 4333 1470 4391 intervéniente
1507 4333 1658 4404 sequi
1709 4341 2082 4398 contemnunt,
2110 4333 2165 4388 in
2194 4349 2249 4409 ι)

593 4426 699 4482 hac
728 4422 985 4479 nimirum
1035 4429 1189 4491 parte
1211 4422 1362 4491 sequi
1403 4422 1623 4476 omnino
1666 4421 2011 4494 contendunt,
2039 4436 2163 4476 cum

591 4514 1004 4583 prodecessores
1061 4510 1176 4565 sive
1216 4518 1469 4580 parentes
1537 4525 1666 4566 suos
1735 4511 1805 4565 ob
1868 4510 2163 4582 imaginum

594 4598 962 4663 abolitionem,
1005 4605 1098 4652 aut
1137 4613 1205 4652 ex
1252 4598 1370 4669 ipso
1422 4600 1655 4670 negotio,
1686 4608 1779 4654 aut
1815 4599 2030 4655 aliunde
2070 4607 2164 4655 aut

591 4688 934 4749 extrinsecus
972 4693 1286 4754 argumenta
1315 4696 1587 4742 sumentes
1612 4689 1868 4743 damnare
1896 4696 2159 4755 statuunt,

591 4790 647 4838 et
695 4775 953 4835 conviciis
1014 4774 1272 4839 lacerare,
1350 4777 1782 4832 anathematibus
1855 4792 2159 4844 exsecrare,

591 4867 952 4927 insanissimis
975 4852 1158 4921 verbis
1196 4863 1520 4920 inhonorare
1559 4881 1669 4936 non
1701 4875 1965 4932 metuunt,
1992 4883 2164 4936 quan-

590 4971 753 5033 toque
801 4959 955 5030 plura
998 4944 1354 5028 quorumdam
1400 4955 1779 5010 haereticorum
1814 4957 2058 5028 exempla
2106 4958 2160 5012 in

2268 4843 2408 4894 mus,
2458 4828 2554 4884 sed
2602 4837 2801 4899 quanta
2838 4829 2914 4886 sit
2960 4832 3190 4891 istorum
3235 4835 3594 4906 praesumptio,
3638 4836 3693 4891 in
3746 4845 3855 4893 ta-

2268 4917 2408 4973 libus
2479 4918 2626 4974 ausis
2673 4917 2869 4975 divinat
2926 4920 3061 4993 legis
3123 4924 3444 4981 testimoniis
3498 4926 3840 4984 demonstra.

592 5022 957 5105 testimonium
991 5022 1231 5112 trahunt,
1302 5058 1531 5113 quorum
1574 5047 1682 5113 eos;
1715 5022 2159 5115 sequaces'l‘uisse
2267 5022 2406 5063 mus'

588 5139 926 5211 proﬁtentur,
959 5144 1110 5192 tanto
1137 5145 1192 5191 et
1220 5150 1314 5191 eos
1330 5134 1670 5223 gravioribus
1697 5136 2160 5192 exsecrationibus
2274 5203 2341 5223 ἢ-
2372 5218 2416 5223 μ
2460 5203 2590 5223 ΜΛ
2802 5205 2825 5223 1
2906 5115 3136 5223 ωλι)οι

589 5203 859 5294 abdicant,
894 5235 951 5284 et
972 5241 1032 5284 se
1075 5226 1271 5283 divinis
1290 5203 1510 5282 monitis
1552 5241 1672 5296 quae
1711 5228 2027 5296 parentibus
2059 5229 2157 5282 ho-

2270 5203 2342 5256 De
2360 5218 2419 5256 eo
2450 5203 2590 5270 quod
2631 5205 2914 5282 secundum
2949 5205 3201 5262 Demetrii
3234 5210 3445 5266 diaconi
3492 5213 3710 5280 dictum,
3755 5218 3848 5273 in-

2337 5279 2486 5324 caute
2535 5279 2585 5324 et
2645 5273 2976 5325 inordinate.
3036 5287 3277 5325 narentes
3352 5296 3539 5325 ιοηιηι
3596 5297 3819 5325 mnum

589 5333 777 5376 norem
821 5317 1235 5397 impendentium
1303 5318 1582 5381 sanciunt,
1626 5317 1896 5372 contraire
1944 5317 2158 5371 demon-

2337 5279 2486 5324 caute
2535 5279 2585 5324 et
2645 5279 2943 5353 inordinate
2960 5314 2976 5339 ,
3035 5287 3277 5345 parentes
3352 5296 3539 5337 eorum
3596 5297 3843 5354 egerunt,

2335 5338 2685 5421 duos-libros
2726 5352 3114 5421 tnargematos,
3160 5362 3220 5399 eo
3264 5350 3408 5421 quod
3460 5353 3712 5421 quiddam
3772 5355 3843 5408 de

589 5416 782 5465 strant.
823 5405 1063 5470 Honora,
1118 5400 1297 5475 inquit
1322 5406 1598 5469 Dominus,
1654 5414 1853 5474 patrem
1905 5414 2053 5457 tuum
2106 5410 2155 5454 et
2331 5407 2643 5479 imaginibus
2666 5410 2722 5479 in
2748 5409 2833 5479 his
2847 5400 3208 5479 continebatur
3230 5400 3845 5479 emare‘nia";i'a;{,i

590 5508 808 5551 matrem
829 5503 995 5561 tuum,
1036 5503 1094 5548 ut
1115 5495 1238 5548 bene
1256 5496 1321 5548 sit
1342 5495 1435 5549 tibi
1464 5492 1661 5564 (Exod.
1679 5486 1682 5490 λ
1702 5492 1816 5562 xx).
1848 5492 2002 5559 Quod
2028 5491 2150 5560 qui-

2331 5476 2455 5530 rius'
2482 5476 2603 5533 libri
2650 5478 2755 5532 duo
2807 5476 2934 5545 folia
2978 5481 3349 5549 prwciderunt.

598 5584 720 5636 dem
760 5591 1084 5651 praeceptum
1130 5590 1278 5638 tanta
1327 5584 1646 5640 auctoritate
1670 5585 1832 5654 viget,
1889 5593 1947 5640 ut
1984 5590 2039 5637 et
2096 5581 2151 5637 in
2329 5587 2464 5645 Cum
2521 5588 2578 5643 in
2607 5597 2796 5645 neutra
2823 5599 2977 5660 parte
3014 5594 3378 5674 moderamen:
3411 5599 3696 5667 habentes,
3741 5615 3829 5658 ne
