4008 6154
198 281 318 339 i201

963 270 1136 326 LIBRI
1170 264 1531 323 CAROLINI.
1575 292 1646 302 —
1684 260 1903 317 CAPIT.
1943 264 2031 319 DE
2065 262 2255 319 IMAG.
2292 294 2363 306 —
2400 263 2532 341 LIB.
2579 266 2664 317 IV.

3318 260 3452 314 1202

190 414 293 468 que
310 396 399 452 isti
418 392 643 449 rationis
662 388 1031 450 coerceantur,
1053 399 1227 454 neque
1250 381 1462 438 illorum
1477 374 1757 450 prodeces-
1784 378 1834 435 Α
1860 375 2041 468 illicita
2069 380 2418 446 sublimatus;
2453 379 2561 433 illis
2581 380 2949 434 auferentibus
2975 378 3115 445 quod
3142 378 3373 468 habebat
3395 387 3448 468 et

191 502 339 543 sores
360 484 583 541 coerciti
627 480 794 536 fuisse
834 477 1129 535 credantur
1154 474 1406 537 habenis,
1424 472 1528 527 sed
1548 471 1762 539 utrique

189 577 570 633 convincuntur
591 585 690 642 per
702 571 931 638 abrupta
943 575 998 624 et
1009 567 1147 621 invia
1162 564 1290 619 ferri
1299 562 1532 618 eﬂ‘renes
1558 577 1763 645 rerum-

188 681 290 736 que
300 662 691 734 prohibiturum
701 665 757 714 et
771 656 1015 728 proiectu
1029 653 1324 709 carentium
1338 665 1618 720 sequaces,
1634 652 1762 705 dum

186 753 607 823 videlicetgsicut
618 748 812 805 crebro
818 745 930 815 jam
939 745 1137 799 dictum
1149 751 1253 807 est,
1267 741 1357 796 isti
1370 740 1631 811 imagines
1641 754 1762 807 sup~

183 842 396 912 pliciter
418 846 679 895 censeant
703 837 946 898 adorare,
974 833 1050 886 illi
1079 830 1422 900 impatienter
1451 828 1761 885 censuerint

181 931 454 1001 frangere,
476 935 537 983 ut
557 925 860 982 Demetri-us
881 937 1069 978 eorum
1100 921 1357 976 diaconus
1380 919 1459 974 ait
1489 933 1505 972 :
1533 918 1760 973 Incaute

178 1031 229 1074 et
254 1020 553 1075 inordinate
574 1018 710 1073 inter
748 1022 935 1068 cwtera
977 1019 1211 1082 egerunt,
1239 1009 1371 1064 duos
1397 1008 1557 1063 libros
1611 1008 1758 1062 inar-

177 1121 416 1183 gentatos
438 1126 499 1164 eo
532 1108 670 1179 quod
714 1104 957 1176 quaedam
998 1104 1057 1157 in
1106 1102 1180 1157 eis
1224 1102 1513 1172 imaginum
1555 1100 1753 1154 mentio

176 1204 457 1257 haberetur
469 1199 841 1260 comburentes,
869 1204 917 1248 et
943 1193 1159 1249 alterius
1187 1192 1307 1247 libri
1343 1192 1448 1245 duo
1470 1191 1601 1261 folia
1620 1207 1758 1261 prte-

176 1292 426 1355 ciaentes,
466 1287 619 1358 quasi
669 1301 777 1340 non
820 1284 979 1338 aliter
1029 1283 1325 1353 imaginum
1351 1282 1522 1352 possit
1549 1281 1757 1336 mentio

176 1381 315 1446 fieri,
341 1379 446 1434 nisi
490 1378 739 1448 protinus
785 1383 1110 1431 censeantur
1160 1374 1394 1429 adorari.
1443 1372 1581 1426 Nam
1629 1372 1755 1427 dum

175 1472 353 1528 nullus
378 1468 809 1539 recipiendorum
833 1467 1077 1522 codicum
1098 1466 1185 1520 vel
1223 1466 1463 1520 tenuiter
1492 1463 1754 1533 imagines

174 1562 400 1617 adorare
421 1566 758 1629 percenseat,
799 1557 853 1611 in
878 1555 1126 1626 pluribus
1150 1564 1334 1609 tamen
1357 1554 1571 1608 illarum
1598 1567 1750 1607 men-

174 1653 251 1706 tio
270 1648 668 1720 quodammodo
696 1646 778 1700 iit.
808 1644 912 1710 Qui
934 1645 988 1698 si
1013 1658 1202 1699 omnes
1231 1644 1286 1697 in
1314 1644 1511 1712 quibus
1538 1642 1750 1696 illarum

1868 464 2065 521 habere
2091 469 2372 533 debuerat,
2421 470 2851 540 incompetenter
2895 467 3105 531 amisit,
3144 468 3264 523 istis
3292 467 3447 521 exhi-

1867 556 2117 613 bentibus
2141 575 2260 628 quas
2280 575 2380 615 nec
2407 561 2643 635 habebat
2671 576 2771 615 nec
2802 561 3003 614 habere
3027 559 3320 624 debuerat,
3363 559 3446 613 in-

1867 658 2262 715 consequenter
2283 650 2602 719 acquisivit;
2636 650 2728 718 qui
2774 666 2876 705 nec
2900 665 2998 719 pro
3025 649 3149 704 ullis
3194 649 3445 704 instanti-

1864 733 1966 789 bus
1993 736 2163 805 culpis
2208 738 2337 793 folia
2367 740 2619 808 perdidit,
2669 756 2770 796 nec
2800 756 2900 811 pro
2944 743 3266 810 quibusdam
3307 742 3443 796 insi-

1865 824 2059 893 gnibus
2087 827 2297 883 meritis
2325 829 2695 885 adorationem
2739 832 2974 897 invenit,
3004 841 3060 888 et
3100 842 3302 902 quanto
3332 848 3442 887 me-

1865 914 1974 968 ruit
2009 923 2157 969 recte
2183 916 2371 970 habita
2420 920 2688 983 amittere,
2739 929 2892 976 tanto
2943 923 3198 977 nimirum
3245 924 3442 978 meruit

1863 1003 2089 1061 inhibita
2111 1008 2411 1076 acquirere.
2431 1009 2807 1079 Nunquidnam
2823 1027 3012 1068 omnes
3031 1012 3155 1069 libri
3170 1015 3224 1068 in
3246 1014 3442 1083 quibus

1863 1106 1995 1146 auro
2016 1102 2306 1163 argentove
2328 1095 2413 1149 vel
2429 1097 2607 1150 etiam
2628 1098 2957 1166 quibuslibet
2975 1100 3246 1155 coloribus
3274 1101 3441 1155 histo-

1861 1182 1957 1238 ria:
1991 1184 2137 1239 inter
2173 1186 2471 1255 scripturas
2498 1188 2726 1257 pictoria
2748 1197 2865 1243 arte
2888 1189 3104 1244 inserta:
3135 1179 3288 1257 sunt,
3316 1192 3441 1260 quia

1862 1273 2124 1345 imagines
2150 1276 2372 1343 habent,
2414 1287 2508 1333 aut
2536 1280 2604 1335 ab
2644 1279 2750 1335 illis
2791 1289 2918 1335 sunt
2947 1284 3298 1339 comburendi
3327 1284 3441 1340 sive

1858 1361 2207 1433 praecidendi,
2242 1375 2334 1420 aut
2364 1368 2432 1422 ab
2460 1368 2579 1423 istis
2607 1369 2819 1425 colendi
2845 1356 2959 1427 sive
2988 1372 3282 1429 adorandi?
3304 1374 3442 1431 Nun-

1859 1453 2114 1521 quidnam
2136 1455 2324 1510 sericae
2352 1456 2464 1511 sive
2486 1459 2853 1527 quarumlibet
2868 1463 3219 1517 materiarum
3237 1473 3441 1533 vestes,

1859 1540 1971 1596 sive
1996 1543 2156 1610 pallia
2187 1544 2435 1600 bumanis
2465 1548 2652 1603 usibus
2678 1559 2804 1617 apta
2840 1560 2935 1605 aut
2974 1552 3172 1609 divinis
3198 1556 3434 1612 cultibus

1858 1632 2179 1700 mancipata,
2232 1633 2419 1702 ﬁguris
2469 1637 2791 1705 quibusdam
2858 1640 3107 1709 decorata
3160 1644 3434 1716 variisque

172 1715 383 1797 mentio
420 1739 511 1803 sit,
538 1736 889 1792 comburendi
918 1742 1062 1800 sunt,
1087 1734 1254 1788 multa
1286 1749 1507 1809 prorsus
1525 1733 1749 1802 scriptu-

1855 1721 2125 1777 cnloribus
2150 1721 2348 1787 fucata,
2383 1739 2448 1779 eo
2494 1727 2639 1795 quod
2671 1728 2932 1799 imagines
2982 1731 3202 1798 habent,
3234 1744 3327 1789 aut
3371 1736 3440 1791 ab

173 1845 362 1885 rarum
392 1829 749 1882 instrumenta
772 1825 1044 1895 peribunt.
1088 1823 1328 1877 Primum
1365 1838 1596 1891 namque
1624 1837 1757 1875 una-

169 1934 399 1988 quaeque
419 1913 508 1972 res
529 1907 803 1986 probanda
845 1922 948 1978 est,
980 1922 1033 1968 et
1060 1920 1247 1983 postea
1268 1911 1575 1980 iudicanda.
1603 1909 1756 1977 Quod

169 2025 295 2064 cum
320 2008 568 2077 pluribus
596 2005 712 2061 sive
736 2005 1049 2069 divinarum,
1085 2003 1197 2058 sive
1237 2003 1626 2057 mundanarum
1674 2001 1752 2057 le-

168 2115 297 2169 gum
347 2096 608 2166 exemplis
661 2096 833 2164 possit
883 2093 1190 2163 approbari,
1252 2093 1491 2161 ipsorum
1543 2105 1754 2161 quoque

169 2192 449 2247 rhetorum
478 2186 814 2244 documentis
840 2193 1020 2255 potest
1048 2185 1238 2249 astrui,
1272 2184 1360 2253 qui
1388 2185 1620 2253 primum
1663 2199 1755 2254 ge-

167 2298 270 2336 nus
295 2286 589 2350 posuerunt
628 2277 1056 2343 deliberativum,
1081 2276 1374 2331 secundum
1419 2275 1755 2329 demonstra-

169 2373 365 2433 tivum,
399 2371 620 2425 tertium
641 2367 912 2437 judiciale,
940 2376 1002 2421 ut
1029 2367 1278 2421 videlicet
1314 2364 1572 2434 quidquid
1616 2362 1751 2417 deli-

173 2460 388 2515 beratio
416 2467 511 2513 aut
548 2458 910 2521 abnuendum,
962 2464 1054 2510 aut
1097 2458 1427 2526 sequendum
1466 2454 1750 2523 repererit,

167 2548 559 2606 demonstratio
606 2548 659 2603 id
710 2554 807 2602 ant
850 2546 1144 2611 laudabile,
1187 2554 1279 2600 aut
1328 2546 1751 2615 reprehensibile

167 2642 526 2705 demonstret,
551 2638 827 2708 judiciale,
879 2645 973 2691 aut
1010 2638 1205 2706 pmnis,
1237 2645 1332 2692 aut
1353 2637 1588 2706 praemiis
1623 2653 1748 2692 sen-

167 2731 394 2785 tentiam
419 2726 517 2785 det
543 2742 559 2783 :
589 2743 660 2783 ne
700 2728 746 2784 si
774 2743 884 2783 non
901 2727 1153 2796 iudiciale
1182 2729 1299 2784 haec
1326 2728 1430 2782 duo
1472 2728 1752 2796 sequentia

166 2835 368 2891 genera
398 2818 727 2889 praecedant,
752 2818 929 2873 versis
954 2818 1008 2872 in
1037 2817 1367 2873 contrarium
1408 2817 1586 2872 causis
1620 2817 1750 2872 deli-

162 2909 465 2964 berationis
512 2909 756 2965 examine
784 2908 1103 2978 praeposito,
1146 2909 1616 2963 demonstrationis
1656 2923 1749 2963 or-

162 3001 292 3056 dine
320 2995 587 3071 neglecto,
619 3000 775 3055 aliter
801 3015 890 3055 res
928 3000 1181 3069 quaelibet
1224 3014 1383 3068 quam
1405 2997 1612 3067 justum
1661 3007 1744 3054 est

162 3090 451 3161 iudicetur.
482 3089 543 3144 In
578 3090 829 3145 omnibus
875 3090 1042 3160 igitur
1070 3092 1233 3145 rebus
1284 3089 1584 3145 moderatio
1630 3090 1744 3143 sive

164 3181 512 3237 mediocritas
532 3180 779 3236 habenda
801 3188 903 3245 est,
933 3189 988 3235 et
1004 3181 1265 3236 memoria
1294 3180 1638 3236 retinendum
1663 3187 1749 3234 est

166 3272 295 3326 illud
320 3270 771 3341 philosophicum,
805 3270 889 3325 Ne
907 3271 1032 3341 quid
1062 3272 1216 3325 nimis
1244 3286 1406 3340 :quae
1448 3270 1748 3325 moderatio

164 3360 500 3430 probationis
519 3375 731 3431 semper
753 3360 1014 3416 societate
1039 3361 1322 3417 mulcenda
1346 3368 1447 3415 est.
1466 3359 1583 3415 Non
1603 3360 1747 3414 enim

163 3455 238 3507 ait
258 3454 546 3523 Apostolus
578 3471 596 3509 ι
629 3454 822 3509 Omnia
855 3455 1044 3525 absque
1068 3454 1424 3508 moderatione
1463 3462 1511 3506 et
1555 3452 1748 3523 absque

160 3546 469 3615 probatione
491 3545 803 3609 eomburitc;
834 3545 948 3608 sed,
976 3544 1187 3608 Omnia,
1215 3545 1409 3614 inquit,
1435 3543 1669 3613 probate,
1698 3552 1746 3597 et

159 3633 305 3704 quod
330 3633 526 3687 bonum
552 3642 625 3687 est
668 3635 877 3687 retinete
908 3633 960 3705 (l
985 3633 1138 3689 Thes.
1162 3633 1241 3704 v).

782 3747 1008 3804 CAPUT
1045 3749 1135 3803 IX.

161 3859 241 3919 De
263 3877 333 3933 eo
374 3860 512 3933 ιιιῳὰ
550 3862 605 3914 in
629 3860 972 3933 eodem‘libro
994 3861 1048 3914 in
1073 3861 1267 3916 tabulis
1299 3865 1554 3933 argenteis
1582 3864 1745 3919 Leon-

232 3928 396 4000 tiusa
421 3928 633 4000 Secreta
667 3930 920 4000 imagines
954 3946 1169 3985 cernens
1213 3928 1571 3986 acutissimum
1596 3942 1641 3985 et
1665 3934 1747 3988 in-

230 3998 651 4120 gleniosiuimum
694 3998 790 4053 sui
817 4000 1021 4054 erroris
1048 4000 1453 4055 emolumentum
1490 4004 1747 4058 invenisse

230 4084 264 4123 α
285 4076 492 4123 onatus
524 4076 621 4122 est.
777 4118 781 4123 .
926 4108 933 4123 ,

229 4084 492 4139 gloriatus
524 4084 621 4122 est.

232 4179 294 4234 In
316 4192 384 4236 eo
402 4174 815 4250 deniquejibro,
847 4178 905 4234 in
927 4194 1036 4250 quo
1060 4181 1168 4238 duo
1193 4180 1321 4237 folia
1357 4183 1427 4239 ob
1454 4184 1743 4253 quamdam

165 4267 462 4338 lmaginum
488 4264 904 4325 mentionem'in
930 4266 1127 4325 eorum
1163 4271 1345 4341 priore
1371 4274 1582 4343 synodo
1623 4289 1745 4345 quas

163 4352 241 4411 ob'
256 4355 547 4413 abolendae
588 4357 853 4428 imagines
879 4369 1031 4431 gesta
1072 4370 1184 4427 est,
1233 4364 1458 4433 praecisa
1507 4364 1738 4431 fuerant,

163 4443 509 4500 habebantur
551 4446 605 4500 in
653 4448 852 4505 tabulis
880 4452 1152 4522 argenteis
1193 4453 1438 4522 quaedam
1481 4455 1744 4526 imagines

161 4535 310 4592 sicut
334 4533 389 4588 in
418 4535 651 4591 vasculis
689 4537 803 4594 sive
841 4539 899 4594 in
931 4536 1187 4611 pluribus
1232 4544 1395 4599 rebus
1440 4544 1629 4600 haberi
1657 4561 1744 4600 εο-⁵

162 4626 295 4689 ient,
318 4638 456 4693 quas
483 4625 537 4680 in
566 4628 802 4683 secunda
852 4644 1038 4687 eorum
1085 4632 1293 4704 synodo
1337 4647 1458 4703 quae
1501 4648 1602 4704 pro
1647 4636 1743 4691 ad-

163 4711 387 4768 erandis
404 4713 730 4785 imaginibus
757 4728 1047 4792 aggregata
1067 4729 1169 4787 est,
1194 4736 1319 4778 mox
1343 4731 1404 4778 ut
1427 4722 1684 4781 Leontius
1709 4740 1741 4781 a

165 4802 387 4860 Secreta
427 4807 728 4877 conspexit,
759 4824 1016 4881 magnum
1067 4826 1128 4867 se
1168 4812 1249 4868 sui
1289 4812 1494 4868 erroris
1532 4815 1739 4871 emolu-

165 4892 405 4950 mentum
426 4894 697 4953 invenisse
718 4902 948 4968 putavit,
972 4915 1173 4971 eosque
1210 4904 1437 4976 insignis
1460 4905 1628 4962 fuisse
1653 4908 1741 4961 de-

163 4983 381 5039 mentiae
399 4983 678 5052 judicavit,
709 5002 740 5042 a
767 4990 975 5058 quibus
1012 4991 1069 5045 in
1096 4992 1284 5048 eodem
1314 4994 1451 5050 libro
1477 4996 1568 5051 ubi
1609 4996 1744 5051 ima-

167 5074 318 5143 gines
362 5086 551 5143 erant,
600 5079 671 5134 ob
726 5079 1024 5151 imaginum
1076 5084 1403 5141 mentionem
1458 5087 1566 5142 duo
1616 5086 1742 5143 folia

166 5166 404 5222 abscissa
428 5166 598 5223 fuisse
638 5171 921 5239 cognovit;
974 5171 1162 5241 sicque
1186 5172 1326 5230 idem
1350 5174 1489 5231 liber
1523 5192 1622 5245 per
1666 5177 1744 5231 iii-

164 5256 388 5312 tervalla
438 5265 746 5326 temporum
792 5260 960 5315 variis
1003 5262 1289 5318 eventibus
1327 5262 1742 5334 disparibusque

165 5343 342 5400 modis
365 5354 422 5398 et
448 5346 519 5399 ab
548 5343 658 5397 illis
707 5352 790 5398 est
834 5355 1058 5416 propter
1087 5349 1383 5419 imaginum
1412 5334 1741 5407 mentionem

166 5431 374 5487 abscidi
396 5430 690 5497 judicatus,
718 5439 773 5486 et
797 5436 865 5488 ab
906 5436 1027 5490 istis
1053 5445 1275 5506 propter
1320 5438 1582 5507 imagines
1625 5455 1744 5509 quae

167 5521 513 5577 habebantur
540 5519 594 5573 in
626 5521 821 5579 tabulis
862 5525 1080 5579 adorari
1116 5524 1328 5593 jussus;
1361 5529 1430 5582 ab
1459 5526 1565 5583 illis
1591 5527 1743 5586 folio-

172 5630 288 5669 rum
314 5611 599 5682 iacturam
620 5610 812 5681 injuste
850 5629 1162 5686 perpessus,
1192 5617 1258 5672 ab
1286 5616 1401 5675 istis
1432 5617 1740 5676 adoratione

1773 3057 1820 3118 C

1856 1812 1963 1879 illis
1989 1820 2113 1867 sunt
2148 1816 2561 1880 concremanda,
2593 1825 2686 1872 aut
2713 1819 2782 1873 ab
2808 1820 2927 1875 istis
2957 1822 3261 1878 adoranda?
3287 1824 3438 1879 Nun-

1856 1902 2112 1969 quidnam
2141 1903 2359 1957 metalla
2408 1905 2523 1959 sive
2567 1907 2708 1975 ligna
2754 1909 3086 1977 quibuslibet
3113 1912 3437 1971 utilitatibus

1855 1988 2085 2045 formata
2113 2032 2127 2057 ,
2174 2007 2239 2047 eo
2280 1994 2424 2062 quod
2478 1996 2771 2065 sculptorio
2826 1999 2929 2060 vel;
2956 2000 3119 2055 etiam
3167 2003 3439 2060 caelatorio

1855 2095 2019 2149 opere
2050 2082 2372 2151 quibusdam
2421 2086 2752 2155 imaginibus
2800 2090 3148 2158 decorantur,
3194 2094 3316 2150 ideo
3347 2105 3440 2150 aut

1855 2172 1922 2225 ab
1947 2171 2053 2227 illis
2080 2174 2441 2229 comburenda
2465 2187 2557 2230 aut
2606 2177 2921 2248 frangenda,
2954 2194 3049 2239 aut
3076 2186 3143 2241 ab
3168 2186 3286 2242 istis
3312 2197 3440 2243 sunt

1855 2248 2163 2317 adoranda?
2207 2264 2398 2320 Infelix
2446 2282 2600 2323 mens
2630 2286 2748 2340 qua:
2794 2288 3009 2343 semper
3048 2286 3141 2331 aut
3181 2278 3237 2333 in
3278 2295 3437 2335 exse—

1854 2352 2090 2419 crandis,
2136 2363 2230 2408 aut
2278 2370 2310 2410 e
2355 2358 2626 2414 contrario
2677 2360 2749 2416 in.
2776 2363 3063 2421 aderandis
3109 2368 3435 2439 imaginibus

1852 2450 2062 2497 aestuat.
2094 2442 2282 2499 Infelix
2313 2462 2523 2511 sensus,
2549 2450 2643 2518 qui
2671 2465 2885 2522 semper
2912 2453 2967 2508 in
2995 2456 3308 2514 abdicandis
3348 2476 3435 2515 re-

1852 2534 1955 2589 bus
1979 2550 2100 2603 qua:
2127 2536 2244 2591 sine
2289 2537 2586 2594 oll‘ensione
2620 2541 2808 2598 haberi
2838 2555 3059 2614 queunt,
3108 2556 3165 2617 et
3211 2551 3328 2606 sine
3355 2552 3438 2607 of-

1853 2621 2101 2685 fensione
2163 2625 2378 2682 adorari
2434 2641 2725 2698 nequeunt,
2793 2635 3028 2692 anhelat.
3066 2638 3256 2695 Infelix
3309 2658 3439 2697 con-

1852 2717 2082 2771 suetudo
2112 2732 2232 2787 quae
2275 2721 2665 2777 mediocritatis
2697 2732 2847 2781 recto
2879 2731 3095 2786 tramite
3123 2744 3435 2804 aspernata,

1851 2807 2013 2861 lixam
2050 2815 2234 2864 tenere
2261 2812 2501 2881 regulam
2525 2814 2789 2881 nesciens,
2814 2816 2921 2873 huc
2952 2819 3182 2890 illucque
3222 2838 3437 2895 semper

1849 2899 2160 2955 nutabunda
2207 2902 2508 2958 deflectitur
2532 2946 2546 2970 ,
2598 2909 2757 2964 modo
2818 2910 3121 2970 inordinate
3175 2917 3435 2976 abdicans

1850 2988 1995 3056 quod
2044 3004 2387 3061 nequaquam
2422 3003 2506 3050 est
2560 2997 2940 3067 abdicandum,
2990 3004 3151 3059 modo
3199 3004 3434 3064 infauste

1850 3077 2081 3133 adorans
2132 3082 2274 3149 quod
2320 3098 2426 3138 non
2479 3093 2559 3139 est
2589 3088 2806 3155 penitus
2861 3090 3225 3162 adorandum;
3274 3076 3435 3155 modo

1849 3166 1990 3220 ultra
2040 3185 2203 3239 quam
2234 3172 2367 3227 ordo
2408 3175 2575 3247 exigit
2641 3194 2755 3234 rem
2807 3182 3029 3240 minime
3078 3184 3433 3256 dejiciendam

1849 3256 2051 3349 dejicit,
2100 3263 2260 3317 modo
2299 3264 2438 3320 ultra
2491 3283 2650 3337 quam
2680 3273 2813 3328 ordo
2861 3278 3107 3349 exposcit
3156 3295 3271 3335 rem
3323 3298 3430 3339 non

1849 3342 2075 3417 nimium
2117 3352 2477 3411 extollendam
2521 3360 2748 3427 extollit,
2806 3372 2862 3419 et
2909 3342 3430 3427 rebusnecessariis

1848 3438 2080 3503 omissis,
2110 3441 2269 3496 rebus
2308 3460 2418 3529 non
2466 3452 2787 3509 necessariis
2810 3455 3057 3521 instans,
3078 3465 3174 3515 aut
3198 3461 3267 3516 ob
3293 3462 3429 3517 ima-

1848 3528 2032 3597 ginum
2058 3528 2406 3591 abolitionem
2437 3546 2530 3595 aut
2555 3541 2624 3596 ob
2660 3557 2845 3600 earum
2869 3548 3260 3619 adorationem,
3282 3557 3426 3623 quod

1849 3631 2135 3716 utrumque
2177 3643 2284 3683 non
2327 3633 2594 3699 convenit,
2637 3638 2872 3706 synodos
2921 3653 3176 3716 aggregat
3202 3685 3217 3710 ,
3271 3649 3426 3716 quasi

1846 3709 2168 3770 Christianae
2213 3718 2458 3790 religioni
2516 3732 2609 3777 aut
2656 3725 2709 3778 in
2761 3709 3027 3793 habendo,
3078 3709 3172 3787 aut
3204 3709 3425 3791 fin-non

1848 3801 2122 3860 adorando
2152 3809 2418 3875 quoddam
2443 3813 2650 3879 possint
2677 3813 2868 3870 afferre
2898 3817 3283 3885 praeiudicium,
3301 3838 3423 3876 cum

1847 3893 2098 3949 videlicet
2133 3897 2397 3965 imagines
2426 3901 2557 3954 nihil
2595 3902 2641 3955 si
2677 3917 2785 3957 non
2828 3905 3094 3960 habentur
3140 3909 3422 3978 derogant,

1848 3983 1979 4036 nihil
2015 3984 2061 4038 si
2111 3985 2377 4040 habentur
2408 3998 2728 4061 prorogant,
2757 4008 2880 4047 cum
2936 4004 3113 4050 tamen
3165 3997 3426 4054 abdicata:

1847 4074 2134 4142 quamdam
2166 4064 2436 4134 incautam
2468 4081 2742 4138 levitatem
2764 4083 3010 4152 afferant,
3035 4088 3272 4147 adoratae
3296 4106 3423 4148 vero

1849 4167 2063 4238 culpam
2101 4170 2339 4226 inurant.

2452 4263 2680 4321 CAPUT
2733 4266 2800 4322 Χ.

1768 4406 1824 4468 υ
1848 4365 2003 4433 οαοά
2025 4368 2642 4468 "“"“.-§1’$"_93£“i€€§i‘3
2652 4376 3053 4468 #2425352???
3068 4381 3143 4468 ςιά
3157 4382 3425 4454 Mearm

2164 4444 2442 4513 imaginem
2469 4444 2690 4511 misisse,
2718 4456 2774 4501 ut
2801 4446 2879 4501 illi
2904 4446 3104 4507 dicunt.

1915 4529 2257 4604 Evangelium
2282 4541 2366 4590 est
2390 4534 2589 4591 bonum
2618 4540 2889 4607 nuntium,
2912 4548 2968 4598 et
3006 4558 3195 4617 revera
3221 4546 3421 4603 bonum

1844 4622 2114 4688 nuntium,
2142 4624 2396 4692 quoniam
2426 4625 2520 4694 qui
2557 4625 2612 4681 id
2633 4629 2935 4699 suscipiunt
2958 4630 3087 4692 Filii
3103 4634 3200 4692 Dei
3226 4650 3422 4693 vocan-

1844 4718 1949 4764 tur.
1977 4709 2077 4764 Est
2116 4711 2262 4766 enim
2314 4714 2490 4770 amnis
2523 4701 2857 4786 quadriﬂuus
2904 4721 2973 4778 ab
3017 4738 3125 4780 uno
3166 4724 3419 4782 ineffabili

1843 4798 2086 4863 Paradisi
2109 4798 2256 4857 fonte
2280 4816 2619 4875 progressu,
2648 4816 2702 4865 et
2727 4808 2782 4865 in
2812 4819 3043 4881 quatuor
3068 4824 3255 4868 amnes
3284 4812 3421 4868 insin

1844 4890 2020 4959 guiter
2046 4890 2341 4960 derivatus,
2370 4902 2423 4949 et
2452 4897 2520 4951 ad
2559 4899 2766 4955 arentia
2801 4900 2962 4955 corda
3013 4899 3281 4968 irriganda
3333 4916 3418 4954 sa-

1844 4979 2071 5038 lubriter
2093 4970 2341 5039 emissus.
2372 4986 2469 5041 Est
2495 4988 2582 5042 via
2605 5005 2723 5059 quae
2758 4989 2903 5046 ducit
2922 4992 2989 5043 ad
3014 4989 3305 5054 vitam,,est
3326 4991 3416 5045 lux

1844 5091 1874 5128 a
1898 5077 2134 5132 tenebris
2154 5077 2410 5134 vitiorum
2434 5081 2713 5145 reducens,
2752 5087 2807 5135 et
2833 5079 3091 5136 inoffenso
3112 5082 3246 5138 calle
3269 5098 3413 5152 gres.

1843 5179 1939 5220 sus
1964 5165 2271 5221 mortalium
2294 5167 2360 5224 ad
2388 5168 2624 5225 coelestia
2650 5168 2903 5240 dirigens.
2921 5169 3018 5227 Est
3044 5171 3195 5227 urbis
3228 5171 3413 5226 floren—

1845 5255 2071 5312 tissimte
2093 5258 2508 5323 munimentum,
2524 5259 2578 5314 in
2609 5273 2716 5327 quo
2737 5258 2966 5314 ﬁrmiter
2995 5266 3137 5314 stare
3160 5267 3411 5330 prmatan—

1843 5346 2111 5405 tissimum
2143 5348 2266 5405 vita:
2292 5349 2705 5405 emolumentum
2725 5385 2764 5410 ,_
2782 5362 2815 5400 a
2858 5364 2967 5418 quo
2991 5351 3241 5404 recedere
3266 5346 3409 5417 peri-

1844 5437 2236 5495 culosissimum
2274 5438 2649 5495 detrimentum
2677 5442 2779 5489 est.
2814 5437 2954 5492 Sunt
2991 5438 3188 5493 ﬂuenta
3218 5435 3387 5490 verita

1845 5534 1933 5597 tis,
1964 5550 2085 5605 qua:
2108 5534 2292 5589 fallere
2328 5530 2542 5596 fallique
2575 5526 2845 5595 nesciunt,
2876 5531 2928 5585 in
2959 5547 3185 5601 quorum
3215 5527 3403 5583 vastis-

1844 5623 1996 5679 simis
2048 5624 2292 5678 amnibus
2338 5633 2459 5675 cum
2497 5616 2648 5685 plura
2681 5616 3087 5677 Dominicor-im
3140 5628 3405 5692 gestoruu'
