4008 6154
548 283 552 286 ’
653 316 792 371 1205
1554 314 1611 367 Β.
1651 312 1900 369 cauom
1939 306 2155 367 Maera
2191 307 2340 365 ore.
2382 314 2661 371 Pansa.
2702 317 2945 374 SECTlO
2981 321 3046 374 ιι.
3688 405 3694 409 _
3759 329 3885 384 tam

650 427 881 500 insignia
902 428 1223 491 habeantur,
1249 416 1495 497 eumdem
1510 426 1796 482 Dominum
1819 416 2016 496 Abgari
2046 424 2218 493 cujus-
2249 429 2299 483 A~
2318 434 2643 484 nervom
2678 436 2803 486 sunt
2828 434 2899 487 ad
2938 448 3024 488 res
3049 433 3611 493 dubiasall‘trmandas
3639 436 3696 493 in
3745 444 3887 498 testi-

613 584 623 594 η
648 519 773 585 dam
800 518 943 588 regis
973 503 1277 595 epistolam
1302 518 1629 591 suscepisse;
1646 532 1653 593 χ
1686 516 2249 597 eique‘reci'procami
2588 521 2964 591 ,pnoferendi,
3027 525 3152 594 quia
3220 542 3321 583 nec
3375 542 3564 591 omnes
3612 522 3887 590 auctorum

618 590 623 594 ’
647 608 946 664 destinasse
958 608 1180 665 minime
1200 594 1430 685 nabetur
1448 590 1757 683 :‘qutc’dua:
1785 594 2164 676 cpiStolm‘cum
2187 624 2218 662 a
2318 613 2733 667 sumumssﬂnt
2766 590 3206 679 prtetitula—tioae-
3229 590 3458 685 muniti,
3482 654 3495 691 ‘-
3519 626 3625 673 aut.
3654 621 3887 678 virorum

645 700 819 756 sancti
836 698 1134 776 Evangelii,
1154 694 1396 767 lectione
1416 694 1782 783 sint_;pcnitus
1812 694 2117 773 extrahere",
2165 714 2194 754 e

2302 695 2645 765 ’Κοτύωρα
2660 728 2663 747 l
2679 701 3253 770 eloquentissimorum
3272 704 3436 779 istylo,
3456 759 3459 762 .
3475 707 3690 785 digesti.
3706 762 3709 765 .
3724 711 3888 777 Vene-

643 805 675 863 a
697 770 857 843 beato
885 770 1097 843 GelaSio
1148 770 1607 865 Romanicurbi‘s”
1642 770 2722 873 antistite,fvei‘aieze-Jizt‘ramnlumqm
2756 791 2967 849 Gelasii
2992 826 2995 829 .
3016 770 3662 873 ραμηεφιέτοῲᾠξαα
3681 774 3887 868 patrum

623 878 774 949 .tcris
792 892 945 950 aeque
973 874 1256 937 catholicis
1286 884 1355 943 et
1393 871 1705 955 orthodoxis
1739 864 1894 959 aut“
1915 864 2186 951 in’tcrﬁpo

2293 876 2960 964 regimina-nummum,
2975 907 2979 912 -
2994 884 3141 947 vitas
3152 864 3395 955 Patrum,
3409 864 3884 964 minimumuti,

576 1040 579 1043 ἰ
642 968 874 1038 Ct‘ypltas
902 956 1202 1040 scripturas
1241 960 1477 1045 prox-suis
1507 956 1957 1054 deputatié?
2162 975 2194 1028 ᾗ

2294 962 2751 1053 ιιβιιηοιίίεείηαι
2772 976 3335 1054 ,εωωνοωωιξιεελη
3358 956 3519 1052 bestii
3536 956 3886 1054 Interqnymd

568 1106 569 1113 η
643 1056 1011 1115 testimonium
1058 1042 2115 1144 quodaminodoproducendagqnia
2151 1078 2194 1118 e:

2293 1050 2762 1120 animum,
2788 1067 2885 1113 aut
2927 1059 2993 1115 de
3253 1042 3597 1137 anguntur.
3620 1042 3884 1144 tranSlatm

640 1165 762 1219 qua:
816 1149 867 1204 in
911 1144 1265 1218 qumstionem
1317 1136 1955 1235 veniunt
1986 1137 2781 1237 velfim-i'wiﬁsﬂnonemysaut
2796 1148 3031 1207 illorum
3048 1152 3329 1211 doctorum
3344 1140 3882 1238 sanestylodigestte

639 1241 916 1311 ν”οδθηδίί
945 1242 1082 1299 sic“
1104 1236 1156 1296 εί
1181 1250 1389 1298 “item
1426 1226 2770 1327 spiritalisisétirture‘mi-'?’q“°mmwra
2793 1242 3051 1309 opuscula
3084 1258 3117 1299 ει
3143 1253 3345 1313 sancta,
3362 1226 3883 1327 tradiderim.

640 1343 744 1386 nus
791 1339 917 1386 sunt
968 1330 1190 1386 idoneae.
1219 1331 1423 1386 Harum
1475 1322 1609 1402 ergo
1644 1317 1824 1390 textus
1846 1317 1995 1409 “cum
2036 1328 2104 1389 sit
2147 1317 2792 1393 ειῦεὐίκέκωίίω
2834 1333 3247 1402 εαεείρίιωιυΐον
3286 1351 3426 1405 Cum
3670 1317 3879 1399 vltdnore

640 1420 979 1490 evangelistis
1002 1421 1220 1476 minime
1253 1422 1304 1476 in
1333 1422 1607 1478 codicibus
1634 1424 2034 1499 evangeliorum
2058 1410 2194 1479 taxa-

2293 1412 2861 1485 ’fsuseipEre‘,~.ca3'tcras
2882 1437 3010 1477 vero
3033 1435 3535 1491 quarumauctores
3555 1415 3879 1499 ignorantur,

638 1517 746 1574 tus,
760 1518 813 1564 et
835 1510 1070 1564 meritoa
1095 1509 1375 1566 catholicis
1398 1512 1538 1567 inter
1565 1508 1873 1583 apocrypha
1907 1512 2243 1581 deputatus;
2298 1500 2463 1563 inter.
2484 1509 2818 1577 mocryphas
2839 1512 3139 1580 scripturas
3178 1513 3628 1585 deputare..Cnm
3651 1534 3776 1588 ergo
3809 1520 3883 1574 illi

636 1597 785 1657 etab
814 1602 934 1657 istis
973 1604 1040 1658 ob
1071 1604 1468 1664 adorandarum
1515 1605 1811 1674 imaginum
1849 1592 2093 1658 errorem
2120 1605 2194 1659 ad

2295 1594 2609 1665 «mgnum
2630 1599 3004 1657 adorationem
3032 1605 3191 1672 modo
3224 1606 3531 1663 divinorum
3553 1599 3884 1678 eloquioer

528 1762 533 1765 ἓ
634 1691 951 1746 struendum
999 1691 1055 1745 in
1090 1693 1295 1761 synodo
1334 1693 1549 1758 allatus,
1595 1709 1693 1748 nee
1736 1690 2094 1764 suis’quidem
2126 1709 2189 1748 ve

2306 1682 2679 1743 co'tnmatibus.
2710 1687 3141 1759 incompetenter
3172 1696 3449 1761 adhibitis,
3485 1699 3641 1753 modo
3673 1700 3882 1770 ignoto—

635 1781 869 1836 tenuiter
891 1780 1037 1835 favet
1057 1754 1403 1850 sequacibus,
1429 1754 1728 1853 praesertim
1753 1799 1870 1837 cum
1895 1754 2092 1838 ibidem
2115 1790 2209 1838 ne-
2240 1754 2286 1814 B
2312 1788 2433 1829 Tum
2452 1778 2816 1846 quorumdam
2842 1754 3121 1837 doctorum
3146 1784 3331 1852 dictis,
3366 1788 3529 1842 modo
3557 1754 3887 1860 apocrypho-

634 1886 904 1942 quaquam
925 1870 1170 1941 Abgarus
1204 1875 1431 1929 Domino
1469 1875 1755 1945 imaginem
1802 1876 2089 1944 quamdam
2119 1876 2211 1930 ad-

632 1968 882 2016 oraturus
905 1950 1204 2031 postulasse
1230 1963 1459 2033 legatur,
1492 1972 1586 2018 aut
1610 1963 1747 2019 idem
1764 1965 2002 2020 omnium
2027 1962 2208 2019 Domi-~

508 2114 517 2127 Γ
586 2102 589 2105 .
631 2067 732 2107 nus
769 2053 940 2109 eidem
977 2054 1191 2123 Abgaro
1225 2056 1513 2126 quamdam
1562 2056 1850 2128 imaginem
1879 2058 2207 2112 adorandam

630 2141 926 2197 destinasse
940 2144 1305 2211 perhibeatur.
1337 2143 1396 2199 Si
1426 2161 1551 2200 vero
1577 2145 1631 2200 lii
1651 2146 1741 2216 qui
1771 2162 1956 2201 earum
1979 2146 2206 2201 lectione

629 2246 787 2286 suum
820 2247 1062 2288 errorem
1113 2233 1303 2289 fulcire
1341 2234 1636 2289 moliuntur
1680 2235 1895 2293 easdem
1925 2235 2202 2305 epistolas,

628 2339 790 2378 unam
815 2340 844 2378 a
870 2325 1096 2381 Domino
1147 2334 1484 2397 susceptam,
1534 2326 1759 2380 alteram
1797 2327 2017 2381 missam
2063 2326 2206 2380 afﬁr-

626 2428 775 2469 mare
804 2414 984 2481 velint,
1014 2416 1272 2480 dicentes,
1302 2431 1408 2469 non
1446 2416 1626 2470 omnia
1654 2415 1853 2486 scripta
1881 2417 1935 2470 in
1958 2416 2204 2487 Evange-

625 2503 698 2559 lio
741 2520 860 2573 quae
903 2521 934 2559 a
976 2507 1204 2561 Domino
1232 2506 1379 2561 dicta
1408 2506 1492 2560 vel
1537 2490 1677 2560 facta
1720 2515 1862 2571 sunt,
1894 2504 1948 2561 et
1982 2515 2204 2563 utantur

628 2594 935 2647 testimonio
961 2594 1186 2650 Joannis
1238 2595 1464 2650 dicentis
1494 2614 1506 2648 :
1542 2596 1715 2649 Multa
1749 2596 1955 2667 quidem
1994 2607 2041 2651 et
2093 2598 2201 2652 alia

624 2684 774 2753 signa
792 2684 910 2753 fecit
928 2685 1081 2740 Jesus
1096 2688 1151 2739 in
1162 2695 1431 2756 conspectu
1455 2684 1828 2756 discipulorum
1851 2706 2066 2743 suorum
2083 2706 2199 2760 qua:

624 2790 727 2828 non
754 2783 875 2829 sunt
902 2776 1094 2845 scripta
1123 2775 1177 2828 in
1224 2775 1354 2829 libro
1381 2776 1477 2830 hoc
1521 2776 1700 2851 (Joqn.
1749 2778 1840 2850 xx)
1863 2819 1877 2844 ,
1916 2779 2199 2834 advertant

621 2862 724 2918 hoc
750 2863 816 2918 de
847 2863 1117 2919 miraculis
1141 2879 1248 2921 non
1287 2863 1352 2918 de
1377 2864 1641 2935 epistolis,
1671 2866 1737 2920 de
1783 2867 1951 2937 signis
1996 2882 2104 2921 non
2133 2868 2199 2923 de

623 2954 1118 3021 constitutionibus,
1146 2955 1370 3027 intelligi
1431 2972 1608 3026 posse.
1675 2957 1828 3025 Quod
1882 2975 2011 3015 vero
2067 2960 2196 3029 ipsa:

620 3049 855 3117 epistola:
883 3050 951 3104 ab
975 3051 1279 3120 evangelica
1297 3051 1522 3107 lectione
1537 3061 1755 3107 remota:
1775 3061 1829 3108 et
1857 3067 1885 3106 a
1909 3051 2189 3108 catholicis

620 3140 763 3195 inter
789 3126 1089 3212 apocrypha
1110 3141 1377 3211 deputatae
1405 3144 1532 3207 sint,
1561 3153 1615 3198 et
1656 3145 1709 3197 in
1738 3159 1923 3198 earum
1957 3143 2187 3197 lectione

621 3226 1013 3283 adorandarum
1041 3230 1329 3301 imaginum
1357 3232 1499 3286 nulla
1526 3234 1842 3288 documenta
1868 3235 2187 3300 habeantur,

620 3317 965 3374 manifestum
992 3330 1096 3376 est.
1126 3321 1233 3378 Nos
1261 3331 1316 3378 et
1344 3323 1636 3393 imaginum
1657 3324 2019 3379 adorationem
2043 3338 2191 3393 sper-

620 3411 816 3475 nimus,
858 3419 912 3466 et
949 3426 1043 3467 eas
1080 3413 1221 3467 inter
1246 3415 1549 3485 apocrypha
1576 3414 1813 3484 legentes
1851 3415 2028 3470 omnia
2071 3428 2191 3482 pro-

588 3550 591 3551 ,
619 3502 831 3567 bamus,
861 3510 915 3556 et
938 3519 1058 3573 quae
1080 3506 1217 3558 bona
1259 3513 1384 3558 sunt
1418 3505 1732 3558 retinemus.

1209 3612 1434 3668 CAPUT
1490 3614 1559 3669 Xl

622 3720 774 3794 Quod
811 3718 889 3772 illi
937 3719 1056 3772 libri
1102 3731 1362 3790 gestorum
1407 3731 1636 3794 patrum,
1680 3739 1902 3794 quorum
1950 3735 2190 3780 auctores

692 3790 1015 3861 ignorantur,
1051 3807 1151 3861 non
1189 3790 1416 3861 prorsus
1444 3792 1615 3847 idonei
1636 3790 1738 3848 sint
1780 3793 1849 3846 ad
1894 3795 2191 3848 testimonia

726 3858 898 3930 anda,
937 3867 985 3930 et
1037 3860 1106 3930 ut!
1141 3858 1249 3917 haec
1292 3878 1408 3927 qua:
1450 3863 1504 3916 in
1552 3862 1927 3917 contentionem
1982 3863 2190 3917 veniunt

695 3928 1024 3999 afﬁrmando.

688 4041 992 4110 Apostolica
1024 4058 1119 4097 nos
1145 4047 1394 4099 admonet
1436 4043 1752 4115 praedicatio
1776 4087 1790 4112 ,
1850 4045 2028 4100 omnia
2068 4060 2192 4114 pro-

619 4131 764 4193 bare,
804 4138 857 4185 et
889 4145 952 4184 ea
981 4146 1099 4200 quae
1150 4134 1289 4188 bona
1338 4142 1462 4188 sunt
1511 4137 1764 4190 retinere.
1803 4133 1956 4201 Quod
2002 4134 2067 4188 de
2104 4134 2193 4189 do-

618 4221 912 4274 ctrinarum
940 4220 1339 4279 diversitatibus
1375 4240 1534 4295 quam
1564 4225 1798 4280 maxime
1838 4222 2065 4293 intelligi
2095 4239 2193 4293 po-

621 4316 743 4362 test.
766 4307 884 4363 Non
912 4311 1058 4364 enim
1081 4327 1179 4367 nos
1200 4314 1441 4367 omnium
1464 4323 1681 4368 actuum
1707 4313 1789 4367 vel
1820 4314 1981 4368 etiam
2012 4326 2193 4366 rerum

2215 3099 2263 3164 C

2309 1877 2435 1918 rum
2453 1866 2645 1921 naeniis
2684 1871 2987 1938 approbare
3028 1869 3297 1941 affectent,
3330 1877 3764 1933 animadvertere
3798 1878 3890 1932 (ιε’

2307 1949 2664 2012 ὺθιιῑι-θωτεε
2701 1959 3088 2028 impossibilem
3125 1966 3387 2033 agendam
3423 1969 3743 2038 arripuisse,
3765 1984 3890 2024 cum

2308 2046 2697 2105 videlicetnee
2738 2052 3043 2108 divinorum
3074 2040 3424 2125 veloquiorum
3460 2060 3772 2115 testimonia
3824 2058 3894 2113 ad

2305 2136 2626 2204 peregrinos
2649 2153 2841 2195 sensus
2861 2141 3120 2197 violenter
3141 2159 3243 2198 nec
3268 2145 3481 2200 valeant
3510 2162 3614 2203 nec
3645 2150 3896 2203 debeant

2306 2226 2581 2295 usurpari,
2608 2242 2709 2282 nec
2745 2228 3050 2296 ignotorum
3075 2231 3407 2297 praedicatio,
3454 2248 3685 2301 quorum
3722 2237 3904 2303 spiri—

2303 2320 2403 2368 tus
2415 2316 2640 2369 necdum
2668 2317 2877 2383 probati
2901 2325 3025 2371 sunt
3052 2332 3119 2370 an
3146 2333 3215 2371 ex
3234 2319 3343 2374 Deo
3372 2319 3505 2389 sint,
3539 2321 3596 2376 in
3627 2325 3902 2381 testimo-

2303 2410 2447 2463 nium
2460 2409 2649 2464 debeat
2662 2411 2907 2479 produci,
2929 2426 3030 2467 nec
3044 2415 3477 2483 apocryphon
3496 2415 3708 2472 frivolis
3718 2420 3898 2475 rebus

2300 2498 2559 2567 ambiguis
2586 2505 2640 2552 et
2658 2500 2891 2555 necdum
2916 2501 3230 2556 deliberatis
3257 2502 3492 2558 firmitas
3523 2504 3704 2561 valeat
3728 2508 3894 2562 exhi-

2299 2590 2413 2643 beri
2448 2592 2745 2660 :qunniam
2775 2591 2821 2646 si
2843 2590 3131 2659 cujuslibet
3154 2594 3314 2647 verba
3346 2592 3605 2650 falsitatis
3634 2594 3759 2651 fuco
3791 2614 3895 2653 ne-

2300 2691 2572 2759 quaquam
2598 2685 2837 2739 vitiauda
2861 2692 3007 2750 sunt,
3031 2686 3201 2741 multo
3231 2686 3411 2741 minus
3429 2686 3616 2742 divina
3641 2688 3884 2759 eloquia,

2300 2788 2420 2842 quae
2445 2757 2573 2829 sunt
2592 2776 2806 2844 eloquia
2834 2782 3005 2840 casta,
3027 2784 3308 2846 argentum
3334 2776 3459 2845 igne
3481 2757 3888 2845 examinatum,

2300 2866 2694 2934 quodammodo
2725 2866 2795 2921 ad
2827 2866 2963 2921 alias
2985 2881 3076 2921 res
3102 2881 3263 2935 quam
3283 2867 3420 2921 ordo
3448 2883 3506 2922 se
3532 2868 3696 2923 habet
3717 2885 3884 2924 usur-

2297 2958 2473 3024 panda
2504 2964 2664 3021 sunt;
2692 2965 2747 3011 et
2775 2973 2897 3012 cum
2938 2956 2995 3010 in
3031 2958 3281 3012 humanis
3311 2958 3545 3027 negotiis
3580 2959 3717 3015 viles
3761 2961 3879 3015 sive

2300 3047 2496 3115 ignota:
2516 3061 2759 3116 personze
2784 3049 2852 3101 ad
2892 3062 2956 3101 ea
2997 3062 3118 3115 quae
3159 3048 3214 3102 in
3256 3050 3613 3117 qumstionem
3649 3050 3883 3105 veniunt

2293 3136 2652 3207 approbanda,
2674 3138 2895 3193 minime
2917 3139 3289 3203 admittantur,
3306 3140 3660 3196 multominus
3680 3142 3735 3195 in
3761 3150 3883 3196 tan-

2292 3226 2365 3281 tis
2385 3226 2547 3280 rebus
2564 3238 2685 3294 qua:
2699 3224 2935 3279 etelestis
2963 3226 3260 3295 magisterii
3289 3227 3593 3282 eruditione
3607 3227 3879 3299 indigent,

2294 3317 2685 3386 incognitarum
2703 3317 2980 3371 doctorum
3004 3326 3096 3372 aut
3120 3319 3546 3387 apocrypharum
3572 3320 3878 3389 scriptura-

2291 3422 2412 3461 rum
2442 3408 2744 3461 testimonia
2776 3416 2905 3461 sunt
2942 3408 3290 3463 admittenth.
3324 3407 3615 3464 Probanda:
3634 3424 3887 3479 namque

2291 3502 2419 3548 sunt
2436 3495 2715 3563 scripturae
2745 3503 2800 3551 et
2821 3497 3004 3551 subtili
3029 3499 3423 3554 examinatione
3438 3502 3868 3570 perscrutanda,

2291 3592 2345 3640 et
2370 3591 2679 3640 sanctorum
2705 3595 2916 3655 patrum
2940 3590 3262 3645 testimoniis
3298 3590 3633 3656 roboranda,
3656 3607 3784 3660 quae
3803 3593 3875 3647 ad

2290 3674 2584 3730 resdubias
2609 3673 2948 3733 allirmandas
2983 3679 3125 3734 intra
3166 3688 3408 3735 sanctam
3457 3680 3760 3737 Ecclesiam
3807 3683 3867 3737 in

2291 3764 2653 3820 testimonium
2702 3775 2829 3825 sunt
2866 3769 3246 3836 producendus,
3277 3772 3531 3840 quoniam
3575 3780 3632 3827 et
3675 3788 3870 3827 servus

2290 3856 2597 3931 nequamin
2622 3856 2933 3927 Evangelia,
2963 3873 3029 3913 eo
3052 3860 3195 3929 quod
3232 3861 3520 3928 pecuniam
3548 3860 3862 3915 nummula-

2294 3948 2391 4003 riis
2433 3964 2539 4013 non
2574 3949 2797 4011 dederit,
2825 3965 2854 4002 a
2878 3949 3107 4004 Domino
3134 3952 3378 4019 arguitur
3408 3966 3423 4005 :
3447 3953 3590 4007 unde
3618 3951 3748 4007 dare
3773 3968 3874 4008 no-

2291 4039 2378 4093 bis
2397 4040 2649 4093 convenit
2675 4039 2961 4108 pecuniam
2998 4040 3397 4106 nummulariis,
3446 4057 3515 4096 ne
3552 4040 3692 4095 forte
3738 4056 3872 4095 cum

2292 4127 2481 4182 eodem
2533 4142 2689 4182 servo
2737 4143 3045 4198 arguamur,
3095 4144 3257 4198 quam
3312 4139 3443 4185 tunc
3492 4129 3876 4186 nummulariis

2292 4217 2652 4286 impendimus
2674 4258 2689 4282 ,
2739 4234 2861 4273 cum
2905 4219 3203 4288 scripturas
3249 4221 3515 4289 quaslibet
3546 4227 3866 4275 sanctorum

2290 4315 2504 4375 patrum
2532 4307 2767 4362 examini
2785 4307 3162 4366 discernendas
3183 4311 3541 4380 impertimus.
3566 4311 3861 4368 Pecuniam

619 4402 833 4467 gustum
877 4411 1068 4466 capere
1122 4400 1368 4467 permisit
1393 4440 1407 4463 ,
1469 4408 1528 4453 ut
1593 4403 1746 4470 quasi
1800 4411 2190 4472 praegustantes
2212 4429 2267 4489 Β
2293 4409 2526 4466 namque
2560 4396 2907 4452 ιιυωωῑιιεπίί
2930 4398 3320 4468 quadripertito
3346 4401 3508 4476 ωοάο
3533 4401 3865 4463 examinant,

618 4487 798 4540 omnia
844 4488 985 4540 bona
1035 4484 1370 4541 solummodo
1425 4489 1739 4555 retinentes,
1776 4491 1914 4546 mala
1964 4507 2189 4561 quaeque

620 4574 972 4659 abjiciamus,
1018 4574 1160 4643 quod
1206 4575 1323 4633 fieri
1371 4578 1571 4659 absque
1605 4580 1837 4648 quadam
1880 4579 2187 4636 illicitorum

619 4652 1017 4743 perpetratione
1071 4681 1406 4741 nequaquam
1445 4652 1640 4739 potest,
1690 4671 1784 4727 sed
1808 4673 2060 4743 probare
2090 4687 2189 4729 nos

615 4755 795 4826 jussit,
816 4764 871 4811 et
911 4755 1139 4826 spiritali
1167 4758 1349 4827 palato
1376 4761 1660 4831 degustare
1685 4776 1872 4818 omnes
1917 4762 2190 4818 doctrinas

618 4855 671 4903 et
695 4862 788 4903 eas
811 4863 931 4919 quze
952 4863 982 4903 a
1008 4848 1137 4903 viris
1170 4848 1561 4918 probatissimis
1586 4853 1748 4906 illata)
1783 4853 2003 4907 interna
2027 4855 2190 4907 satie-

619 4947 727 4994 tate
752 4946 959 4995 mentes
986 4939 1234 4996 reficiunt
1288 4940 1623 4998 solummodo
1662 4942 1915 5005 retinere,
1965 4942 2188 4995 exteras
2223 4974 2226 4977 λ

617 5043 747 5082 vero
773 5043 960 5083 omnes
985 5046 1107 5084 eum
1128 5031 1241 5085 suis
1265 5032 1574 5085 auctoribus
1593 5029 1841 5097 ahjieere.
1875 5029 2028 5085 Unde
2065 5046 2188 5085 cum

617 5130 753 5184 pene
778 5116 832 5170 in
866 5119 1115 5176 omnibus
1133 5119 1501 5189 hujuscemodi
1537 5120 1817 5189 scripturis
1844 5121 1963 5176 hmc
2005 5122 2186 5192 regula

618 5224 837 5278 prorsus
871 5211 939 5265 sit
979 5213 1331 5276 observanda,
1357 5210 1408 5265 in
1454 5211 1605 5265 libris
1654 5227 1867 5284 quoque
1903 5213 1995 5283 qui
2039 5221 2186 5285 gesta

602 5299 970 5366 quorumdam
1014 5309 1321 5355 sanctorum
1350 5306 1566 5371 patrum
1596 5301 1847 5368 retinent,
1874 5303 2188 5372 penitusest

617 5389 983 5445 custodienda.
1001 5389 1262 5455 Quoniam
1280 5400 1334 5445 et
1346 5407 1537 5462 magna
1553 5390 1762 5446 illorum
1778 5399 1861 5445 est
1881 5391 2185 5451 multitudo,

618 5488 671 5533 et
696 5480 847 5533 varia
874 5481 1111 5534 narratio
1143 5483 1457 5552 diversaque
1476 5480 1805 5553 pnedicatio,
1822 5486 1876 5534 et
1903 5487 2051 5534 tanto
2076 5479 2189 5549 ple-

621 5583 844 5634 rumque
865 5571 929 5623 de
944 5568 1154 5623 illorum
1177 5572 1387 5626 dictis'a
1408 5573 1651 5627 ﬁdelibus
1679 5570 1970 5635 dubitatur,
1986 5580 2188 5641 quanto

625 5655 878 5707 nimirum
933 5672 1120 5711 eorum
1180 5670 1426 5715 auctores
1474 5663 1818 5729 ignorantur,
1868 5652 2026 5726 atque
2067 5662 2185 5717 ideo

2291 4491 2470 4539 utrum
2490 4499 2685 4541 aurum
2712 4486 2994 4554 probatum
3014 4487 3104 4553 sit,
3135 4495 3316 4544 utrum
3328 4504 3547 4558 purum,
3566 4506 3668 4546 nec
3687 4489 3871 4559 aliquo

2289 4573 2413 4630 fuco
2460 4574 2709 4631 falsitatis
2734 4575 3003 4634 introrsus
3046 4577 3289 4632 vitiatum
3312 4618 3326 4642 ,
3377 4594 3447 4633 an
3494 4581 3638 4648 regis
3680 4580 3872 4648 potius

2288 4680 2452 4735 quam
2476 4667 2689 4737 tyranni
2722 4667 3070 4736 inscriptione
3103 4670 3366 4740 signatum
3407 4670 3509 4733 sit,
3564 4668 3649 4721 vel
3689 4669 3874 4724 etiam

2286 4756 2586 4823 plenissimi
2612 4757 2865 4825 ponderis
2887 4759 3249 4827 aequalitatem
3274 4766 3423 4830 gerat
3466 4776 3480 4813 :
3515 4773 3638 4827 qua:
3666 4761 3869 4814 omnia

2289 4847 2343 4899 in
2391 4847 2567 4914 magni
2612 4848 3020 4916 patrisfamilias
3057 4853 3304 4921 pecunia,
3332 4850 3387 4907 id
3411 4856 3531 4934 est,_
3567 4849 3622 4904 in
3681 4851 3869 4905 nostri

2273 4932 2896 5004 mdemporisdoctrinis
2916 4954 2947 4993 a
2977 4942 3370 5007 nummulariis,
3398 4956 3430 4995 a
3448 4932 3651 4996 sanctis
3671 4939 3872 4995 videli-

2286 5033 2373 5080 cet
2395 5033 2453 5081 et
2489 5026 2941 5098 eloquentissimis
2990 5033 3142 5097 viris,
3167 5032 3390 5102 superni
3436 5032 3581 5102 ignis
3612 5030 3867 5085 examino

2285 5119 2687 5187 perquiruntur.
2714 5118 2984 5185 Quaeritur
3009 5136 3139 5192 ergo
3180 5124 3236 5178 in
3276 5120 3704 5190 uniuscuiusque
3726 5120 3861 5177 scri-

2285 5215 2457 5276 ptura:
2482 5222 2720 5273 nummo,
2737 5216 2914 5264 utrum
2938 5227 3127 5267 aurum
3147 5214 3586 5283 probatissimum
3606 5212 3699 5275 sit,
3720 5209 3863 5265 unde

2270 5310 2413 5349 arca
2440 5295 2649 5350 Domini
2692 5298 2866 5353 valeat
2909 5302 3183 5365 exornari,
3219 5301 3303 5357 vel
3331 5301 3499 5356 etiam
3530 5300 3697 5355 totius
3735 5312 3861 5352 san-

2287 5385 2478 5439 ctuarii
2496 5406 2497 5411 π
2517 5401 2653 5455 opus
2676 5386 3028 5455 resplendeat,
3065 5398 3124 5444 ut
3152 5391 3404 5445 videlicet
3438 5391 3494 5444 in
3517 5405 3581 5445 ea
3603 5385 3863 5458 spiritalis

2286 5475 2657 5546 intelligentia:
2679 5476 2826 5530 nitor
2844 5477 3098 5541 emineat,
3128 5495 3234 5547 quo
3255 5480 3439 5534 divina
3464 5479 3550 5534 lex
3595 5477 3848 5546 intelliga-

2286 5573 2375 5621 tur
2405 5575 2465 5623 et
2489 5568 2655 5622 totius
2685 5566 2937 5623 Ecclesiae
2965 5569 3309 5639 pulchritudo
3346 5578 3619 5627 coruscet.
3653 5565 3857 5635 Quaeri-

2287 5665 2377 5711 tur
2396 5667 2575 5711 utrum
2600 5672 2798 5725 purum
2826 5659 2897 5713 sit
2925 5670 2981 5715 et
3007 5660 3153 5716 nullo
3175 5661 3431 5718 falsitatis
3449 5661 3576 5721 fuco
3591 5663 3863 5717 introrsus
