4008 6154
185 297 320 354 1105

956 293 1132 347 LIBRI
1167 290 1505 348 CAROLINI.
1546 317 1616 329 —-
1648 287 1866 343 CAPIT.
1907 291 1994 345 DE
2031 292 2218 347 lMAG.
2258 322 2330 332 ——
2368 291 2502 347 LIB.
2546 295 2615 349 IV

3297 304 3439 360 {206

176 409 450 488 yitiatum,
480 423 549 463 ne
579 406 715 460 forte
753 404 979 472 alicujus
1013 404 1280 457 hmreseos
1304 413 1611 472 perversum
1648 398 1749 453 do—
1773 402 1829 458 Α
1852 401 2136 456 admodum
2163 402 2365 457 factum
2408 403 2520 467 sit,
2549 406 2765 473 penitus
2806 408 3099 463 duliitetur.
3131 410 3265 466 Nam
3298 414 3425 467 dum

178 514 302 569 gma
331 497 504 551 nitore
532 493 856 564 eloquentia:
894 500 1116 557 tectum,
1142 500 1198 545 et
1236 492 1391 559 quasi
1420 488 1748 559 spiritalibus

178 586 422 642 sensibus
456 584 756 645 immistum
796 582 1029 637 interius
1052 580 1214 634 lateat
1256 580 1657 641 obumbratum,
1680 581 1750 649 yet

176 676 489 744 dum-putat
505 689 567 731 se
593 673 717 743 quis
750 672 919 730 divini
948 672 1095 726 verbi
1132 670 1413 740 percipere
1438 682 1713 724 nummum
1730 707 1746 730 ,

102 788 105 789 ν
175 765 341 821 virosi
365 763 643 833 dogmatis
656 748 1210 832 percipiat'exitiabile
1228 759 1447 837 malum.
1477 757 1749 838 Quaeritur

94 880 99 884 ι
174 871 244 910 an
272 856 417 925 regis
441 857 578 911 ineo
601 854 676 908 sit
696 852 991 921 inscriptio,
1008 866 1089 905 an
1121 850 1360 921 tyranni,
1391 850 1517 925 quia
1538 840 1747 918 scilicet
1774 904 1777 905 ν

98 982 101 985 λ
173 948 278 1002 hoc
296 962 329 1001 a
353 946 686 1003 doctissimis
714 944 845 998 viris
865 944 920 999 in
942 941 1246 1011 hujusmodi
1270 940 1553 1011 scripturis
1575 928 1761 1015 solea--

173 1037 385 1093 tissime
404 1036 755 1106 indagatione
773 1040 1165 1102 perscrutatur,
1204 1039 1384 1086 utrum
1402 1029 1482 1085 ad
1492 1057 1501 1099 μ
1518 1024 1749 1105 Silium?
1810 1020 1827 1029 ⁸

79 1169 83 1172 .
170 1127 370 1182 animae
382 1126 701 1197 pertineant
716 1132 772 1178 et
795 1124 936 1193 regis
964 1123 1155 1188 nostri,
1184 1122 1275 1191 qui
1294 1122 1530 1191 salvator
1551 1119 1635 1187 yel
1659 1134 1753 1205 ετξτέ

170 1215 608 1279 Ιυιπίςτῶοἰιυιι,
626 1238 631 1243 ι
647 1212 903 1269 salutaria
944 1212 1149 1266 monita
1195 1212 1447 1273 habeant,
1470 1226 1549 1277 ne
1574 1208 1765 1285 forte,
1793 1264 1797 1267 τ

168 1306 485 1375 postpositis
508 1305 614 1369 his,
634 1304 840 1372 antiqui
870 1303 1044 1358 hostis
1064 1302 1309 1371 qumdam
1335 1300 1494 1367 noxia
1537 1298 1745 1379 machif

169 1395 705 1457 namentaxhaheant,
728 1400 787 1447 et
810 1393 938 1455 dum
958 1392 1273 1461 sequendus
1309 1382 1477 1455 sitis,
1509 1390 1602 1458 qui
1644 1389 1739 1464 ait,
1766 1450 1773 1451 ί

172 1486 310 1539 Data
330 1485 552 1539 est’mi'lti
571 1486 740 1541 omnis
757 1493 979 1553 potestas
999 1484 1054 1537 in
1080 1482 1205 1536 caelo
1225 1491 1274 1535 et
1293 1484 1348 1536 in
1367 1490 1510 1535 terra
1527 1478 1759 1549 (Matth.

169 1575 386 1646 xxvru),
420 1576 513 1644 qui
542 1589 640 1643 per
665 1573 1027 1629 humilitatem
1053 1581 1269 1625 terrena
1307 1567 1620 1623 coelestibus
1666 1580 1752 1646 so;

104 1678 107 1679 ⁷
168 1644 356 1733 clavit,
382 1668 489 1730 ille,
519 1668 667 1736 quod
687 1667 848 1728 absit,
875 1673 1135 1732 sequatur
1172 1662 1264 1730 qui
1291 1661 1416 1714 dum
1442 1674 1539 1728 per
1568 1644 1751 1727 tyran-

1846 504 2067 556 prorsus
2105 507 2189 545 an.
2209 491 2264 545 id
2292 495 2436 562 quod
2485 495 2670 549 retulit
2700 496 2841 551 idem
2874 500 3158 569 presbyter
3203 501 3256 555 in
3285 504 3420 557 veri.

1850 586 1959 637 tate
1983 589 2192 669 gestum
2227 582 2298 635 sit
2336 583 2634 653 ignoretur,
2681 587 2891 641 etiamsi
2938 605 2991 642 in
3023 591 3251 646 veritate
3300 608 3424 663 ges.-

1850 674 1964 727 tum
2002 669 2167 724 fuisse
2186 673 2524 740 probaretur,
2553 674 2835 731 sollicitius
2878 679 3240 749 indagandum
3273 684 3423 736 esset

1812 813 1818 818 ,
1848 772 2080 827 quonam
2108 761 2266 816 modo
2302 769 2513 831 gestum
2538 763 2702 819 fuisse
2741 768 3142 834 perbiberetur,
3167 772 3422 839 quoniam

1848 845 2066 919 quidem
2088 848 2354 933 miracula
2383 850 2650 906 interdum
2695 868 2793 923 per
2823 858 3101 924 reprobos,
3149 859 3425 913 interdum

1849 935 2012 1015 etiam
2038 952 2135 1010 per
2160 938 2334 1025 aerias
2378 948 2692 1015 potestates,
2747 947 3062 1019 plerumque
3112 962 3289 1006 tamen
3331 967 3428 1022 per

1850 1026 2064 1113 sanctos
2086 1046 2326 1109 quosque
2354 1032 2466 1086 sive
2504 1049 2603 1101 per
2640 1036 2882 1103 angelica
2913 1038 3213 1093 ministeria
3266 1040 3423 1094 ﬁunt.

1808 1114 1817 1122 ’
1850 1114 2002 1197 QuOd
2027 1120 2071 1177 si
2103 1120 2336 1190 quodam
2363 1118 2569 1190 antiqui
2601 1123 2775 1177 hostis
2794 1123 3196 1197 llexuosissimo
3218 1128 3426 1182 machi-

1838 1204 2103 1291 namento
2132 1218 2310 1277 actum
2339 1218 2441 1291 est,
2470 1226 2578 1265 non
2610 1210 2785 1265 solum
2812 1226 2877 1267 ex
2902 1229 2967 1267 eo
2990 1216 3209 1271 minime
3227 1218 3426 1284 poterit

1832 1285 2143 1377 :ﬁmaginum
2196 1285 2441 1355 ador-aiio
2467 1301 2662 1365 astrui,
2708 1301 2808 1377 sed
2838 1303 3000 1356 etiam
3026 1318 3149 1357 cum
3207 1313 3428 1361 auctore

1848 1378 1964 1463 suo,
1984 1386 2297 1465 cunctisque
2335 1392 2449 1471 ejus
2479 1392 2816 1456 illusionibus
2854 1402 3115 1463 perpetuo
3145 1388 3303 1452 debet
3333 1398 3428 1452 ab-

1802 1472 1972 1563 Δίξὶἰίιίέ
1997 1483 2041 1539 si
2076 1496 2203 1535 vero
2225 1498 2320 1551 per
2351 1483 2623 1552 angelicas
2656 1480 3193 1554 apparatus‘gestum
3215 1495 3317 1550 est,
3370 1495 3431 1540 ut

1798 1622 1811 1652 _.
1845 1573 2105 1641 pleraque
2125 1573 2276 1641 signa
2300 1572 2412 1626 ﬁeri
2440 1574 2632 1637 solent,
2662 1588 2764 1625 nec
2797 1588 2863 1629 ex
2891 1590 2955 1627 eo
2986 1575 3199 1644 quidem
3226 1576 3306 1629 rei
3337 1592 3432 1631 cu-

1850 1663 2061 1733 jusdam
2096 1665 2424 1721 irrationalis
2448 1665 2692 1719 adoratio
2717 1665 2918 1734 poterit
2948 1666 3264 1731 inolescere,
3295 1682 3429 1735 quo-

167 1760 356 1813 nidem
384 1755 578 1811 similis
605 1755 882 1810 Altissimo
900 1760 1216 1820 arroganter
1228 1765 1348 1804 esse
1366 1749 1553 1811 voluit,
1569 1746 1750 1801 divino
1776 1728 1832 1788 Β
1856 1755 2000 1811 niam
2023 1744 2332 1809 credibilius
2358 1754 2573 1822 quidem
2598 1763 2680 1808 es:
2707 1755 2808 1809 hoc
2829 1756 3150 1810 miraculum
3175 1728 3277 1812 loci
3308 1728 3430 1814 ᾅδῃ-

165 1850 475 1918 justissimo
517 1847 723 1917 judicio
773 1847 841 1900 ad
889 1844 1147 1899 inferiora
1185 1843 1424 1910 dilapsus
1465 1826 1787 1913 infeliciter‘

170 1942 305 1995 ruit.
340 1940 610 2006 Quaeritur
633 1939 796 1992 etiam
826 1952 854 1991 a
900 1936 1100 1990 talibus
1128 1931 1523 1995 nummulariis,
1568 1936 1749 1985 utrum

171 2030 313 2083 tanti
388 2027 796 2098 patrisfamilias
844 2040 1116 2079 'nnmmus
1150 2022 1452 2093 plenissimi
1498 2019 1753 2090 ponderis

170 2120 536 2189 aequalitatem
577 2126 743 2190 gerat,
769 2119 825 2173 id
863 2125 967 2180 est,
992 2124 1175 2170 utrum
1204 2114 1451 2169 doctrina
1502 2111 1753 2181 quaelibet

170 2211 504 2282 propheticis
530 2219 691 2279 atque
714 2209 1024 2278 apostolicis
1050 2205 1316 2261 doctrinis
1341 2201 1651 2263 concordet,
1686 2215 1755 2255 ne

168 2301 315 2355 forte
362 2301 469 2355 illis
513 2298 909 2369 quodammodo
949 2296 1277 2351 dissentiens
1334 2301 1445 2353 aut
1484 2289 1753 2359 superﬂua

172 2402 403 2460 quaeque
432 2400 523 2445 aut
546 2391 724 2444 minus
744 2389 902 2459 plena
924 2386 1246 2457 promulget,
1272 2383 1529 2454 quoniam
1563 2390 1617 2437 et
1658 2382 1753 2435 do—

175 2483 332 2536 naria
358 2481 479 2535 auri
507 2489 560 2534 et
582 2481 791 2550 argenti
813 2494 933 2547 quae
958 2479 1010 2531 in
1036 2490 1200 2546 opere
1226 2474 1568 2531 tabernaculi
1599 2488 1629 2527 a
1657 2487 1755 2541 po-

172 2571 307 2639 pulo
327 2568 710 2633 oil'erebantur,
739 2583 770 2621 a
807 2567 1113 2636 legislatore
1133 2567 1202 2621 ad
1228 2567 1438 2635 pondus
1456 2564 1752 2619 sanctuarii

172 2675 411 2730 appensa
462 2660 915 2729 suscipiebantur.
983 2657 1136 2711 Unde
1188 2655 1347 2709 datur
1382 2653 1608 2723 intelligi
1660 2666 1756 2706 eas

172 2734 474 2821 scripturas
519 2751 633 2805 sive
688 2749 986 2812 doctrinas,
1018 2748 1103 2801 vel
1152 2748 1316 2801 etiam
1345 2760 1511 2814 opera
1558 2761 1588 2799 a
1625 2760 1756 2800 vero

171 2840 509 2909 legislature,
539 2840 835 2894 mediatore
856 2838 1106 2892 videlicet
1136 2836 1229 2890 Dei
1256 2844 1310 2889 et
1339 2835 1638 2896 hominum,
1667 2847 1757 2889 ve-

174 2931 382 2985 raciter
434 2930 577 2983 intra
612 2935 858 2983 sanctam
880 2926 1179 2981 Ecclesiam
1226 2939 1346 2980 esse
1387 2923 1756 2991 suscipienda,

174 3034 299 3089 quae
325 3035 353 3073 a
380 3019 617 3088 pondere
645 3015 962 3081 sanctuarii,
1003 3015 1056 3070 id
1079 3022 1162 3068 est
1195 3014 1264 3068 ab
1286 3014 1631 3082 antiquorum
1658 3028 1757 3082 pa-

173 3120 320 3165 trum
350 3125 559 3175 norma,
585 3121 923 3178 nequaquam
952 3113 1077 3161 sunt
1107 3106 1357 3160 sensibus
1397 3105 1481 3159 vel
1501 3105 1754 3174 operibus

171 3202 500 3271 disgregata.
531 3199 659 3254 Haec
683 3213 813 3268 ergo
838 3197 1019 3252 omnia
1042 3196 1168 3251 dum
1217 3194 1528 3265 singillatim
1554 3194 1670 3248 sive
1698 3194 1754 3248 in

170 3290 326 3345 libris
348 3289 440 3357 qui
466 3287 841 3342 inscribuntur
877 3285 1043 3340 Gesta
1068 3284 1313 3344 Patrum,
1343 3284 1458 3338 sive
1479 3283 1533 3336 in
1575 3282 1752 3337 omni-

172 3379 273 3432 bus
322 3377 523 3446 passim
576 3375 918 3445 dogmatibus
965 3371 1167 3427 fuerint
1213 3371 1467 3442 prudenti
1508 3371 1756 3424 examine

171 3468 400 3536 quiesita
429 3474 484 3521 et
504 3480 712 3520 summa
735 3463 1000 3519 industria
1022 3472 1259 3533 reperta,
1277 3461 1611 3516 conﬁdenter
1630 3469 1758 3515 sunt

171 3557 488 3612 eorumdem
508 3557 772 3610 librorum
816 3556 1063 3623 dogmata
1092 3553 1174 3607 vel
1214 3552 1520 3607 testimonia
1562 3553 1629 3605 ad
1668 3566 1756 3605 res

172 3647 372 3700 dubias
394 3644 792 3698 conﬁrmandae
818 3645 872 3698 in
900 3645 1135 3697 medium
1160 3643 1502 3708 deducenda;
1529 3657 1630 3696 nec
1654 3656 1754 3710 po—

170 3736 306 3790 terit
335 3734 459 3789 talis
505 3733 735 3802 pecunia
782 3748 812 3785 a
851 3733 1089 3800 quolibet
1131 3733 1445 3800 improbari,
1494 3748 1615 3801 quze
1659 3746 1758 3801 per

171 3826 311 3881 tales
334 3823 634 3894 trapezitas
663 3823 799 3877 tanti
826 3822 1091 3877 examinis
1111 3818 1454 3890 iudagatione
1479 3822 1646 3877 valuit
1662 3835 1757 3889 ap-

169 3914 412 3987 probari.

799 4001 1026 4058 CAPUT
1064 4001 1178 4056 XII.

174 4116 247 4170 De
256 4132 317 4169 eo
327 4114 469 4184 quod
482 4114 768 4184 Dionysius
780 4114 1042 4184 presbyter
1052 4112 1281 4167 ecclesia:
1293 4112 1679 4184 Ascalonitanaz
1695 4116 1751 4169 in

238 4182 423 4239 eadem
445 4182 647 4254 synodo
673 4182 909 4238 retulisse
936 4182 1120 4254 fertur,
1143 4182 1420 4253 quemdam
1438 4184 1750 4254 monachum

239 4271 423 4309 coram
448 4252 679 4323 imagine
719 4263 916 4307 sanctte
952 4252 1159 4306 Marica
1182 4269 1383 4322 semper
1414 4253 1627 4323 virginis
1670 4254 1753 4306 lu-

241 4340 456 4378 cernam
492 4321 836 4385 illuminasse,
885 4332 933 4376 et
981 4332 1095 4392 post
1122 4321 1332 4392 tertium
1382 4321 1457 4375 vel
1509 4324 1752 4391 quintum

241 4410 337 4446 seu
366 4394 520 4445 etiam
538 4401 740 4447 sextum
773 4390 1001 4446 mensem
1043 4391 1342 4445 redeuntem
1382 4390 1749 4444 incastinctam
1788 4390 1836 4449 D

246 4462 519 4530 reperisse.

244 4590 472 4657 Legitur
498 4590 726 4658 denique
772 4591 826 4644 in
853 4590 1091 4660 ejusdem
1125 4588 1319 4659 synodi
1369 4587 1599 4641 lectione
1629 4588 1752 4642 Dios

171 4679 366 4750 uysius
391 4677 678 4748 presbyter
697 4678 935 4733 ecclesiae
963 4678 1359 4733 Ascalonitauze
1383 4676 1439 4730 in
1462 4690 1608 4744 saepe
1638 4689 1755 4728 me-

172 4778 383 4827 morata
415 4770 621 4839 synodo
646 4770 892 4825 retulisse
906 4769 1197 4839 quemdam
1222 4767 1547 4822 monachum
1571 4780 1756 4820 coram

172 4862 405 4930 imagine
428 4862 600 4916 beata:
634 4859 729 4916 Dei
766 4860 1046 4931 genitricis
1078 4858 1261 4914 Mariae
1290 4857 1566 4912 lucernam
1611 4870 1747 4909 con-

174 4954 443 5017 cinnasse,
456 4961 511 5007 et
522 4960 643 5023 post
658 4960 913 5021 quartum
932 4951 1278 5019 velquintum
1306 4964 1405 5003 nec
1424 4962 1530 5002 non
1554 4956 1609 5001 et
1633 4959 1755 5021 sex-

169 5048 290 5094 tum
330 5055 570 5097 mensem
616 5042 999 5096 inexstinctam
1062 5038 1346 5109 reperisse.
1400 5037 1502 5102 Qui
1546 5037 1755 5091 relatus

172 5132 325 5196 dum,
350 5131 491 5186 sicut
511 5139 564 5186 et
588 5138 783 5185 caetera
820 5145 943 5199 qua:
969 5128 1166 5183 ibidem
1194 5128 1362 5183 relata
1387 5136 1531 5191 sunt,
1559 5142 1663 5179 non
1688 5126 1757 5179 ob

173 5223 321 5279 aliud
365 5223 533 5278 fuerit
562 5222 777 5285 allatus,
817 5220 925 5276 nisi
950 5222 1020 5275 ob
1063 5220 1356 5290 imaginum
1380 5217 1754 5274 slabiliendam

174 5313 569 5373 adorationem,
596 5324 699 5362 nec
725 5311 791 5365 de
817 5327 883 5364 eo
909 5310 1051 5363 sicut
1077 5325 1177 5365 nec
1197 5309 1265 5362 de
1309 5307 1523 5361 exeteris
1566 5307 1756 5361 eadem

174 5399 477 5469 imaginum
505 5396 750 5450 adoratio
779 5398 1066 5466 quemdam
1093 5396 1296 5466 poterit
1338 5394 1582 5448 obtinere
1604 5396 1757 5465 vigo-

174 5504 317 5552 rem,
340 5486 540 5554 quippe
556 5498 681 5536 cum
703 5491 759 5537 et
781 5487 846 5539 de
871 5484 987 5552 ejus
1007 5485 1111 5539 ﬁde
1138 5483 1231 5551 qui
1258 5482 1314 5535 id
1340 5481 1603 5547 retulerit,
1621 5491 1674 5537 et
1695 5484 1760 5539 dc

174 5577 326 5631 facto
363 5580 546 5627 utrum
577 5571 777 5625 factum
807 5574 897 5638 sit,
926 5581 980 5626 et
1008 5573 1073 5626 de
1124 5579 1389 5638 tempore,
1415 5571 1629 5637 quando
1678 5575 1758 5629 fa-

180 5676 324 5722 ctum
339 5666 434 5729 sit,
449 5670 506 5716 et
521 5662 584 5716 de
602 5661 720 5717 loco
746 5663 835 5720 ubi
866 5662 1067 5717 factum
1096 5660 1185 5727 sit,
1217 5659 1362 5734 etde
1385 5659 1544 5715 modo
1571 5676 1758 5733 quem-

1822 1902 1825 1907 _
1853 1844 1924 1898 cti
1938 1843 2240 1897 reverentia
2253 1843 2432 1911 potius
2444 1858 2604 1911 quam
2619 1842 2844 1912 alicujus
2870 1845 3118 1915 imaginis
3135 1848 3424 1915 praesentia

1853 1940 2062 2003 gestum
2104 1932 2289 1994 fuisse,
2319 1933 2364 1986 si
2394 1941 2574 1986 tamen
2605 1943 2814 2002 gestum
2844 1943 2947 1989 est.
2988 1937 3418 1993 Venerabiliores

1853 2025 1998 2079 enim
2028 2033 2153 2079 sunt
2200 2025 2437 2079 basilicae
2484 2025 2735 2094 imagine,
2786 2034 2842 2081 et
2890 2027 3255 2082 reverentiora
3301 2039 3429 2083 sunt

1851 2114 1970 2169 loca
1996 2114 2229 2169 cultibus
2254 2115 2561 2184 mancipata
2583 2114 2798 2180 divinis,
2824 2117 3150 2184 quibuslibet
3182 2118 3427 2186 picturis,

1854 2205 2081 2259 Domino
2108 2212 2417 2269 attestante,
2449 2206 2541 2277 qui
2564 2206 2740 2274 majus
2768 2208 2902 2261 dixit
2929 2224 3049 2263 esse
3074 2209 3244 2263 altare
3262 2225 3425 2277 quam

1854 2310 2049 2349 mimus
2076 2294 2221 2363 quod
2243 2294 2298 2347 in
2323 2309 2391 2349 eo
2420 2293 2665 2359 offertur,
2704 2294 2983 2366 majusque
3018 2313 3139 2353 esse
3170 2299 3428 2367 templum

1854 2400 1986 2439 auro
2006 2385 2148 2454 quod
2169 2386 2222 2439 in
2248 2401 2313 2440 eo
2339 2392 2444 2451 est,
2476 2386 2600 2455 quia
2625 2388 2826 2457 templo
2851 2398 2904 2443 et
2923 2389 3077 2443 altari
3102 2405 3293 2443 aurum
3316 2390 3432 2443 sive

1856 2489 2080 2528 munera
2134 2484 2539 2530 consecrantur.
2592 2476 2844 2546 Legimus
2919 2494 3153 2548 namque
3210 2480 3428 2534 beatum

1854 2565 2173 2635 Gregorium
2197 2567 2398 2623 dixisse
2425 2568 2569 2636 quod
2588 2569 2641 2621 in
2669 2570 2897 2637 quadam
2912 2570 3135 2625 basilica
3148 2570 3434 2641 ingruente

1858 2656 2279 2711 insolentissima
2316 2673 2579 2727 aquamm
2612 2659 2883 2714 alluvione
2917 2661 3228 2714 earumdem
3272 2675 3440 2728 aqua-

1857 2761 1976 2800 rum
2005 2746 2257 2803 incursus
2276 2761 2446 2816 usque
2473 2749 2542 2803 ad
2567 2749 2838 2803 fenestras
2853 2751 3227 2819 pervenerint;
3242 2766 3442 2819 easque

1857 2835 2004 2890 intus
2032 2836 2244 2892 Domini
2287 2837 2488 2892 virtute
2522 2837 2807 2892 resistente
2844 2839 3066 2892 minime
3104 2840 3310 2893 intrare
3345 2856 3442 2907 po-

1856 2923 2045 2985 tuisse,
2073 2931 2127 2976 et
2144 2924 2426 2978 luminaria
2452 2938 2572 2993 quae
2593 2939 2624 2977 a
2646 2924 2959 2979 custodibus
2980 2925 3216 2980 basilicae
3236 2926 3440 2980 dudum

1862 3010 2076 3065 fuerant
2097 3013 2363 3067 exstincta
2382 3053 2396 3078 ,
2440 3013 2508 3067 ab
2528 3013 2729 3068 eisdem
2754 3014 3070 3068 custodibus
3099 3014 3440 3083 postmodum

1860 3101 2165 3158 illuminata
2198 3111 2409 3174 reperta
2441 3104 2643 3158 fuisse:
2687 3105 2830 3173 quod
2865 3104 3082 3173 quidem
3121 3103 3441 3159 miraculum

1859 3207 1969 3246 non
2016 3193 2265 3263 imaginis
2293 3191 2596 3261 cujuslibet,
2646 3193 2740 3249 scd
2783 3195 2954 3250 sancti
2996 3195 3098 3251 loci
3138 3197 3441 3251 reverentia

1860 3282 2061 3337 factum
2089 3283 2253 3339 fuisse
2272 3284 2602 3354 perhibetur.
2646 3283 2703 3338 Si
2722 3298 2861 3355 ergo
2883 3286 2935 3340 id
2958 3286 3273 3342 miraculum
3296 3288 3442 3355 quod
3533 3271 3547 3288 ’

1858 3374 2253 3430 Ascalonitana:
2273 3375 2515 3431 ecclesiae
2543 3377 2826 3447 presbyter
2855 3392 2984 3446 erga
3026 3376 3315 3446 imaginem
3348 3390 3443 3445 ap-

1858 3466 2103 3535 paruisse
2148 3466 2330 3520 retulit
2380 3467 2449 3520 ob
2504 3468 2750 3522 eamdem
2797 3468 3083 3537 imaginem
3127 3466 3443 3536 apparuisse

1860 3563 2151 3621 constaret,
2197 3572 2303 3611 non
2329 3556 2451 3612 ideo
2478 3557 2736 3628 imagines
2761 3558 3047 3613 adorandae
3068 3557 3275 3623 forent,
3309 3573 3443 3626 quo—

1860 3648 2005 3700 niam
2030 3662 2138 3701 non
2156 3647 2341 3702 omnia
2362 3661 2461 3717 per
2484 3662 2607 3717 qua:
2635 3647 2719 3702 vel
2757 3647 2813 3701 in
2845 3647 3041 3716 quibus
3071 3646 3331 3701 miracula
3355 3662 3447 3716 ap-

1858 3753 2086 3808 paruere
2107 3740 2379 3794 adoranda
2403 3739 2721 3803 creduntur;
2745 3739 2791 3793 si
2816 3754 2946 3809 ergo
2966 3740 3146 3795 omnia
3169 3739 3222 3793 in
3249 3739 3446 3809 quibus

1858 3827 1942 3881 vel
1968 3842 2065 3897 per
2093 3843 2213 3897 quae
2251 3829 2510 3883 miracula
2545 3829 2792 3896 quaedam
2835 3843 3132 3896 apparuere
3165 3828 3443 3883 adoranda

1858 3929 2002 3985 sunt,
2030 3935 2168 3988 pene
2193 3920 2326 3973 nihil
2353 3918 2649 3973 remanebit
2668 3917 2812 3985 quod
2838 3934 2944 3971 non
2966 3919 3220 3971 adoretur
3242 3936 3255 3969 :
3280 3919 3441 3986 quip-

1855 4025 1924 4079 pe
1950 4024 2071 4063 cum
2095 4015 2174 4062 tot
2200 4008 2472 4075 tantisque
2496 4006 2670 4060 modis
2694 4018 2831 4073 pene
2863 4006 2919 4058 in
2947 4005 3196 4058 omnibus
3221 4013 3440 4059 creatu-

1860 4102 1935 4155 ris
1973 4100 2152 4154 divina
2183 4098 2440 4153 miracula
2466 4105 2682 4152 ostensa
2705 4095 2838 4158 sint,
2883 4095 2937 4148 in
2976 4095 3173 4164 quibus
3197 4094 3323 4149 huic
3347 4110 3443 4150 no-

1859 4200 1986 4243 str:e
2025 4186 2371 4257 disputationi
2394 4184 2669 4240 immorari
2690 4183 2925 4239 otiosum
2963 4192 3064 4246 est,
3096 4182 3349 4251 quoniam
3386 4184 3441 4238 in

1858 4278 2230 4348 superioribus
2271 4274 2432 4345 hujus
2471 4274 2652 4344 operis
2696 4273 2943 4343 partibus
2987 4288 3053 4328 ex
3099 4275 3202 4328 hac
3238 4289 3297 4329 re
3341 4274 3441 4341 ali-

1859 4367 2174 4439 quantulum
2204 4366 2429 4421 Domino
2465 4369 2736 4418 annuente
2773 4354 3104 4431 disputatum
3130 4371 3234 4418 est.

2441 4476 2670 4533 CAPUT
2710 4474 2845 4530 XIII.

1861 4579 2017 4645 Quod
2039 4580 2147 4633 haec
2176 4578 2403 4648 synodus
2442 4574 2740 4648 nullatenus
2773 4575 3090 4648 mquiparari
3130 4572 3307 4648 possit.
3344 4569 3445 4624 Ni-

1928 4665 2088 4702 cmnaa
2113 4640 2332 4717 syn'odo,
2372 4660 2671 4717 quanquam
2697 4640 2952 4717 iraeadem
2974 4646 3041 4717 sit
3061 4640 3263 4717 agitata
3289 4640 3403 4717 loco
3423 4680 3438 4702 ,

1928 4720 2061 4770 sicut
2084 4710 2325 4770 Joannes
2356 4710 2622 4783 presbyter
2665 4713 2946 4783 adulanter
2981 4710 3177 4770 dixisse
3212 4710 3446 4783 perhibe-
3489 4710 3500 4721 ’

1929 4795 2035 4848 tur,
2055 4785 2241 4854 quippe
2263 4780 2380 4854 cum
2409 4782 2473 4836 ab
2496 4780 2557 4835 ea
2587 4799 2693 4837 non
2735 4782 2906 4838 solum
2935 4786 2992 4839 in
3022 4780 3245 4847 caneris,
3284 4780 3374 4835 sed
3398 4786 3445 4833 et

1928 4856 1983 4908 in
2013 4852 2242 4925 symbolo
2263 4852 2561 4922 discrepare
2588 4861 2851 4907 noscatur.

1929 4943 2243 5012 Quanquam
2276 4941 2438 5010 igitur
2468 4942 2585 4998 haec
2615 4943 2854 5013 synodus
2885 4942 2939 4995 in
2972 4941 3150 4995 Nicaea
3179 4935 3445 5004 Bithyniae

1860 5035 1993 5089 urbe
2016 5034 2085 5088 sit
2104 5032 2326 5103 agitata,
2351 5047 2691 5100 nequaquam
2713 5029 3002 5086 secundum
3028 5027 3240 5080 illorum
3266 5031 3444 5078 osten-

1861 5125 2147 5187 tationem,
2178 5132 2231 5177 et
2269 5121 2560 5177 secundum
2591 5120 2813 5176 Joannis
2850 5115 3152 5186 presbyteri
3187 5113 3446 5168 adulatio-

1860 5230 1982 5269 nem
2017 5212 2337 5289 aequiparari
2377 5211 2515 5264 valet
2558 5216 2757 5265 sancite
2784 5204 3014 5260 Nictenae
3056 5203 3285 5274 synodo,
3317 5217 3446 5272 quo-
3526 5280 3533 5281 ί

1860 5308 2004 5361 niam
2035 5320 2157 5359 cum
2189 5302 2244 5357 in
2276 5302 2522 5373 pluribus
2551 5302 2620 5354 ab
2653 5315 2716 5353 ea
2751 5296 3048 5359 discordet,
3086 5309 3185 5348 nec
3217 5294 3270 5345 in
3304 5307 3443 5359 synl-

1860 5396 1984 5452 holo
2018 5394 2234 5465 quidem
2265 5394 2315 5448 ei
2349 5390 2568 5447 omnino
2601 5384 2911 5441 concordat.
2952 5386 3124 5439 liabet
3152 5381 3295 5433 cnim
3327 5380 3446 5433 haec

1865 5488 1915 5541 in
1952 5501 2063 5541 suae
2094 5485 2215 5540 ﬁdei
2250 5476 2583 5553 professione
2615 5490 2752 5530 nova
2806 5474 2969 5546 verba
3017 5480 3242 5542 quaeque
3278 5475 3334 5519 et
3366 5467 3444 5520 in—

1863 5576 2060 5631 usitata
2087 5591 2208 5646 quze
2233 5588 2263 5625 a
2294 5571 2475 5625 sancta
2505 5561 2724 5620 Nicaeus
2767 5565 2970 5636 synodo
3008 5554 3441 5646 nequaquain‘in

1864 5641 2123 5736 symbolo
2151 5666 2275 5718 sunt
2316 5655 2603 5718 inuiolata,
2655 5653 2723 5710 de
2765 5653 2959 5724 quibus
2999 5652 3054 5707 in
3095 5643 3242 5701 tertii
3285 5641 3444 5711 huius
