4008 6154
583 264 721 320 1207

1437 263 1496 317 Β.
1537 262 1785 317 CAROLI
1820 257 2033 315 MAGNI
2071 256 2231 343 OPP.‘
2263 259 2443 315 PARS
2479 261 2541 316 II.
2584 261 2824 318 SECTIO
2864 261 2926 317 II.

3675 265 3813 322 £208

581 374 761 443 operis
780 371 915 429 .libri
952 371 1188 429 exordiis
1224 380 1383 442 prout
1403 372 1688 437 valuimus,
1718 370 1942 425 Domino
1969 369 2151 438 opitu-
2175 370 2228 430 Α
2254 368 2489 425 Trinitas
2516 370 2674 424 Pater
2695 379 2749 426 et
2777 370 2943 426 Filius
2964 376 3020 426 et
3044 369 3273 441 Spiritus
3296 356 3539 439 sanctus;
3567 383 3818 429 creatura

582 464 750 533 laute,
778 463 1185 532 disputavimus.
1208 463 1381 518 Habet
1401 464 1562 518 etiam
1602 470 1724 532 post
1763 461 2152 517 confessionem

582 560 785 631 sanctae
809 552 1091 613 Trinitatis
1112 551 1501 607 confessionem
1526 566 1741 621 quoque
1763 551 2154 607 adorandarum

582 643 879 712 imaginum
900 643 1142 707 inditam,
1167 658 1329 712 quam
1355 658 1529 713 neque
1552 644 1606 697 in
1628 643 2011 713 prophetarum
2033 657 2156 698 ora-

582 734 747 800 culis,
796 747 969 803 neque
1011 734 1067 788 in
1109 735 1506 805 evangeliorum
1554 736 1834 800 tonitruis,
1881 750 2056 804 neque
2099 735 2152 789 in

583 825 953 895 apostolorum
979 825 1340 895 dogmatibus,
1364 841 1539 896 neque
1574 826 1630 881 in
1667 826 1996 882 anteriorum
2032 839 2158 880 san-

583 920 797 968 ctarum
826 914 1152 989 synodorum
1180 914 1437 985 relatibus
1464 914 1550 969 vel
1587 915 1946 984 quorumlibet
1973 914 2158 968 ortho-

585 1002 850 1065 doxorum
888 1011 1101 1074 patrum
1130 1004 1391 1060 doctrinis
1414 1005 1621 1074 uspiam
1650 1005 1947 1074 reperimus
1987 1004 2159 1060 inser-

582 1102 716 1152 tam.
751 1094 933 1165 Longe
963 1094 1159 1163 quippe
1187 1103 1242 1149 et
1273 1095 1411 1150 ultra
1445 1100 1607 1165 quam
1632 1094 1736 1150 dici
1774 1102 1969 1163 potest,
2001 1092 2158 1161 longe

582 1183 654 1238 ab
683 1182 773 1237 illa
803 1183 920 1239 haec
943 1182 1124 1248 distat,
1154 1185 1455 1253 praesertim
1479 1200 1603 1240 cum
1629 1184 1718 1243 illa
1743 1184 2037 1238 Ecclesiam
2062 1198 2157 1238 ca—

584 1269 843 1332 tholicam
868 1271 936 1328 ab
954 1285 1145 1329 errore
1171 1273 1419 1338 reducat,
1450 1274 1553 1328 ista
1582 1268 1615 1328 e
1635 1273 1907 1328 contrario
1928 1273 1982 1327 in
2003 1287 2156 1328 erro?

584 1374 700 1415 rem
730 1360 982 1427 inducat;
1029 1361 1119 1416 illa
1146 1376 1177 1416 a
1205 1362 1663 1431 periculosissimo
1694 1362 1841 1417 Arrii
1880 1360 2158 1429 naufragio

582 1463 703 1503 eam
730 1450 987 1518 depellat,
1029 1451 1134 1505 ista
1173 1467 1293 1506 eam
1335 1452 1390 1506 in
1431 1451 1821 1507 adorandarum
1863 1452 2157 1523 imaginum

583 1534 920 1606 naufragium
947 1546 1190 1613 coactam
1217 1539 1484 1608 impellat;
1517 1541 1605 1595 illa
1638 1541 1833 1597 Filium
1867 1541 2015 1596 Patri
2039 1557 2157 1597 esse

583 1626 1091 1682 consubstantialem
1119 1636 1176 1683 et
1203 1638 1524 1697 maternum
1564 1632 1883 1701 perdoceat,
1928 1633 2030 1687 ista
2069 1648 2156 1688 res

2253 474 2381 514 vero
2415 461 2608 529 partim
2636 468 2719 515 est
2742 460 3041 525 invisibilis,
3067 461 3207 516 sicut
3237 461 3439 527 anima,
3465 462 3662 531 partim
3689 464 3822 519 visi—

2251 549 2394 614 bilis,
2421 550 2561 605 sicut
2596 563 2807 617 corpus,
2838 548 3095 604 invisibili
3133 549 3399 604 ternarius
3437 564 3702 607 numerus
3723 553 3824 607 tri—

2252 641 2433 695 buitur
2458 655 2473 694 :
2503 654 2669 709 quare
2702 641 2923 711 diligere
2947 641 3118 696 Deum
3148 640 3428 710 tripliciter
3455 639 3732 709 iubemur,
3753 659 3826 698 es

2253 736 2359 785 toto
2380 731 2552 796 corde,
2577 740 2774 786 θεσπεσία
2801 732 2998 795 animo,
3028 725 3081 785 et
3110 748 3175 785 ea:
3200 740 3307 785 tota
3335 740 3503 785 mente
3531 730 3712 803 (Deut.
3740 749 3821 800 Vl,

2254 816 2414 872 Leuit.
2442 818 2587 887 xrx);
2615 819 2827 887 corpori
2847 819 3225 888 quaternarius
3243 826 3463 888 propter
3484 819 3826 879 evidentissi—

2253 921 2395 961 mam
2423 917 2672 963 naturam
2697 906 2833 975 eius,
2864 908 2920 962 id
2942 915 3054 973 est,
3083 908 3312 964 calidam
3338 915 3393 961 et
3418 905 3700 977 frigidam,
3724 909 3825 965 hu—

2256 998 2451 1053 midam
2476 1007 2531 1054 et
2565 1000 2785 1055 siccam.
2813 998 3088 1054 Universae
3111 1014 3241 1070 ergo
3276 1006 3540 1054 creaturae
3577 1008 3825 1069 septena-

2256 1085 2390 1150 rius,
2415 1088 2501 1142 cui
2527 1088 2775 1157 adiuncta
2804 1095 3003 1144 sancta:
3026 1088 3305 1144 Trinitatis
3329 1089 3637 1159 cognitione
3662 1092 3826 1147 dena-

2256 1177 2371 1232 rius
2408 1193 2666 1233 numerus
2704 1178 2998 1248 perﬁcitur,
3026 1179 3079 1233 in
3104 1193 3211 1248 quo
3238 1185 3322 1235 est
3346 1178 3522 1245 omnis
3551 1180 3825 1250 sapientiae

2257 1267 2566 1336 disciplina,
2620 1283 2740 1338 qua:
2788 1269 2857 1323 ad
2908 1269 3153 1324 homines
3198 1267 3519 1343 erudiendos
3564 1270 3819 1337 pertinet,

2257 1363 2558 1412 creatorem
2587 1364 2997 1426 creaturamque
3023 1358 3336 1428 dignoscere
3352 1396 3368 1422 ,
3399 1364 3454 1410 et
3478 1355 3626 1411 illum
3648 1358 3819 1414 colere

2258 1443 2638 1511 dominantem,
2667 1446 2827 1500 istam
2857 1444 3150 1514 subiectam
3178 1443 3356 1500 fateri.
3385 1444 3463 1500 Ac
3489 1460 3588 1515 per
3609 1448 3710 1501 hoc
3730 1447 3821 1501 ad-

2249 1533 2454 1603 iunctis
2492 1536 2619 1591 huic
2655 1536 2952 1605 disciplinae
2976 1536 3187 1592 duobus
3218 1535 3653 1613 eminentissimis
3688 1551 3826 1606 prte-

2259 1626 2447 1695 ceptis,
2476 1625 2775 1681 dilectionis
2798 1625 2896 1680 Dei
2933 1624 3182 1680 videlicet
3203 1633 3256 1680 et
3277 1626 3529 1696 proximi,
3553 1626 3824 1681 duodena-

582 1715 884 1772 insensatas
909 1719 1132 1776 adorare
1153 1730 1497 1789 percenseat;
1525 1723 1615 1777 illa
1641 1724 1933 1778 secundum
1959 1723 2154 1778 divini-
2186 1702 2232 1761 Β
2257 1714 2372 1770 rius
2394 1730 2656 1770 numerus
2675 1715 2972 1785 perﬁcitur.
3002 1714 3138 1770 Nam
3163 1716 3264 1771 etsi
3286 1715 3509 1786 praefato
3529 1717 3824 1785 septenario

583 1813 749 1859 tatem
779 1807 1103 1877 corequalem
1141 1809 1288 1864 Patri
1327 1810 1520 1865 Filium
1549 1810 1801 1874 afﬁrmet,
1832 1812 1934 1866 ista
1959 1811 2158 1880 quasli-
2214 1800 2221 1809 ’
2258 1817 2502 1865 numero,
2529 1804 2586 1859 in
2606 1819 2714 1873 quo
2735 1805 3027 1860 humanam
3051 1813 3297 1861 naturam
3321 1806 3519 1875 partim
3541 1806 3823 1871 visibilem,

581 1892 674 1947 bet
705 1893 944 1962 picturas
987 1910 1129 1959 arcae
1173 1898 1480 1954 testamenti
1509 1899 1740 1965 Domini,
1785 1899 1933 1954 cruci
1977 1898 2158 1952 Domi-

584 1984 739 2050 tiae,
765 1986 1007 2055 corporis
1028 1996 1083 2042 et
1106 1989 1380 2058 sanguinis
1404 1989 1668 2046 Dominici
1692 1996 2047 2055 sacramento,
2072 1988 2157 2042 vel

583 2074 795 2135 ueteris
833 2076 1213 2133 sacratissimis
1253 2079 1412 2133 rebus
1445 2079 1741 2147 coaequales
1778 2092 1899 2138 esse
1935 2077 2154 2142 deliret;

582 2162 679 2221 illa
707 2162 764 2218 in
788 2164 960 2233 tribus
986 2167 1366 2236 coaequalibus,
1393 2168 1850 2231 coessentialibus,
1877 2165 2159 2222 comternis

583 2253 833 2319 personis
860 2269 1025 2309 unam
1078 2256 1274 2311 divina:
1314 2256 1615 2326 maiestatis
1670 2256 2024 2312 substantiam
2065 2254 2161 2309 ad—

587 2341 848 2396 orandam
878 2342 1231 2401 saluberrime
1268 2346 1491 2409 sentiat,
1529 2345 1633 2400 ista
1670 2344 1930 2413 imagines
1969 2358 2159 2399 secun-

585 2429 714 2484 dum
757 2433 1036 2487 servitium
1083 2441 1284 2493 sanctae
1326 2432 1604 2488 Trinitatis
1649 2434 1948 2488 adorandae
1988 2434 2159 2501 impu-

583 2521 774 2574 denter
814 2520 990 2586 dicat;
1041 2522 1095 2574 in
1144 2521 1232 2574 illa
1280 2522 1598 2579 damnentur
1637 2521 1853 2577 Arriani
1894 2523 2159 2592 dogmatis

580 2624 816 2676 errores,
845 2610 901 2665 in
934 2616 1035 2668 ista
1080 2612 1429 2669 nihilominus
1455 2614 1773 2670 ahdicentur
1795 2615 2021 2670 istorum
2047 2630 2159 2670 ma-

577 2697 755 2769 iores;
778 2701 855 2763 ,in
901 2701 992 2756 illa
1034 2711 1383 2758 exsecrentur
1427 2718 1613 2759 eorum
1656 2705 2021 2774 blasphemiae,
2065 2706 2157 2774 qui

581 2788 781 2843 Filium
805 2792 1212 2848 coessentialem
1239 2793 1385 2847 Patri
1414 2794 1762 2862 pertinaciter
1788 2810 1890 2850 nec
1911 2794 2153 2856 credunt,

579 2890 680 2931 nec
707 2875 963 2945 fatentur,
999 2881 1056 2934 in
1097 2881 1204 2937 ista
1249 2883 1589 2938 abominetur
1614 2900 1800 2940 eorum
1828 2886 2037 2955 puritas
2065 2885 2157 2954 qui

577 2976 759 3036 spreta
786 2970 1122 3039 picturarum
1148 2974 1463 3030 adoratione
1490 2975 1589 3030 soli
1617 2976 1729 3032 Deo
1761 2990 1820 3031 se
1859 2977 2153 3031 servituros

578 3068 796 3115 strenua
825 3070 1002 3116 mente
1031 3072 1087 3118 et
1111 3064 1303 3121 devoto
1339 3074 1559 3135 pectore
1597 3068 1948 3136 proﬁtentur;
1984 3068 2038 3121 in
2066 3066 2155 3121 illa

579 3157 701 3218 post
728 3148 1118 3206 confessionem
1147 3161 1346 3210 sanctae
1372 3155 1653 3212 Trinitatis
1681 3157 1928 3212 remissio
1959 3170 2154 3226 pecca—

580 3246 799 3325 torum,
828 3242 1005 3301 carnis
1054 3245 1402 3306 resurrectio
1427 3255 1481 3301 et
1527 3247 1639 3301 vita
1686 3247 1853 3302 futuri
1901 3247 2083 3303 saeculi
2124 3262 2157 3301 a

579 3327 925 3399 pontiﬁcibus
963 3331 1304 3399 perdocetur,
1351 3335 1405 3389 in
1452 3335 1556 3389 ista
1601 3344 1722 3405 post
1765 3337 2157 3392 confessionem

580 3418 820 3488 eiusdem
860 3429 1061 3478 sanctae
1104 3431 1159 3478 et
1189 3425 1361 3486 unicae
1410 3425 1690 3482 Trinitatis
1729 3428 2023 3497 imaginum
2061 3427 2157 3481 ad-

578 3509 754 3563 oratio
781 3509 1204 3581 incompetenter
1222 3513 1508 3578 statuitur;
1537 3514 1590 3567 in
1616 3515 1707 3568 illa
1729 3516 1843 3569 sive
1868 3516 1923 3567 in
1945 3514 2155 3567 caeteris

580 3612 637 3667 sy
648 3598 798 3652 nodis
822 3611 923 3665 pro
942 3597 1205 3653 defunctis
1229 3598 1473 3655 ﬁdelibus
1498 3601 1606 3655 Deo
1630 3601 1953 3656 sacriﬁcium
1976 3599 2156 3655 oﬁ‘erri

579 3701 689 3739 non
737 3686 1079 3753 prohibetur,
1129 3688 1183 3740 in
1229 3688 1333 3742 ista
1382 3687 1646 3744 defunctis
1688 3691 2158 3758 prodecessoribus

581 3775 696 3830 sive
721 3774 1032 3842 parentibus
1055 3791 1087 3831 a
1115 3775 1237 3831 ﬁliis
1262 3777 1347 3832 vel
1389 3779 1789 3835 successoribus
1817 3780 2156 3834 anathemata

582 3866 933 3937 ingeruntur;
974 3875 1029 3923 et
1071 3876 1130 3921 ut
1169 3876 1366 3924 caetera
1404 3877 1677 3925 taceamus
1716 3884 1836 3940 quae
1877 3883 2158 3925 recensere

580 3954 799 4024 longum
822 3960 934 4020 est,
969 3953 1027 4009 in
1053 3954 1141 4010 illa
1166 3968 1399 4012 cccxvm
1433 3955 1583 4012 fuere
1616 3957 1918 4026 pontiﬁces,
1943 3957 2001 4011 in
2028 3956 2154 4021 ista,

580 4051 638 4106 ut
665 4042 767 4113 ipsi
792 4054 1122 4110 asseverant,
1149 4061 1319 4102 cccvt.
1351 4045 1504 4102 Unde
1528 4061 1636 4101 non
1663 4047 1933 4102 immerito
1954 4048 2070 4101 haec
2088 4048 2156 4102 ab

580 4130 670 4196 illa
710 4132 1038 4195 duodenario
1079 4150 1303 4192 numero
1340 4136 1617 4192 subtracto
1653 4137 1837 4203 distat,
1878 4136 1992 4192 sive
2029 4138 2156 4207 quia

578 4224 721 4285 idem
758 4238 1012 4287 numerus
1040 4226 1173 4287 duos
1206 4227 1261 4281 in
1299 4242 1359 4282 se
1388 4227 1656 4297 perfactos
1682 4243 1937 4285 numeros
1971 4230 2149 4294 habet,

576 4313 693 4367 sive
716 4312 841 4384 quia
865 4313 922 4367 in
949 4317 1183 4379 ternario
1206 4310 1366 4385 quem
1388 4327 1580 4386 quater
1621 4319 1805 4383 habet,
1832 4326 1887 4373 et
1926 4320 1983 4373 in
2021 4334 2155 4389 qua-

579 4402 818 4457 ternario
841 4417 1002 4473 quem
1031 4413 1113 4459 ter
1138 4407 1321 4469 habet,
1346 4409 1664 4476 mysterium
1688 4417 1889 4463 sanctae
1916 4408 2152 4464 Trinita-

580 4494 650 4549 tis
692 4492 751 4548 in
791 4503 1023 4565 quatuor
1060 4493 1352 4563 evangeliis
1392 4504 1448 4550 et
1489 4505 1720 4567 quatuor
1758 4498 2151 4568 evangeliorum

579 4581 781 4634 fontem
824 4583 1067 4634 eamdem
1117 4588 1355 4643 sanctam
1404 4580 1722 4647 Trinitatem
1769 4599 1886 4640 esse
1932 4585 2151 4640 demon-

496 4675 509 4688 '
576 4676 746 4730 Strat;
784 4667 897 4720 sive
924 4660 1048 4734 quia
1088 4668 1226 4725 idem
1251 4669 1611 4731 duodenarius
1648 4688 1903 4729 numerus
1938 4689 2150 4729 omnem

577 4753 914 4823 disciplinam
961 4755 1359 4826 dignoscentem
1403 4770 1459 4815 et
1502 4761 1894 4818 discernentem
1942 4772 2154 4819 creatu-

577 4858 693 4899 ram
723 4853 883 4914 atque
903 4852 1204 4901 creatorem
1233 4855 1288 4902 et
1325 4849 1392 4904 ad
1431 4865 1660 4920 superna
1689 4852 1970 4907 ducentem
1988 4891 2002 4915 ,
2034 4868 2152 4920 quae

577 4937 653 4993 Illi
683 4936 888 5008 synodo
912 4937 1124 5008 penitus
1148 4936 1328 5005 deest,
1356 4940 1457 4996 hoc
1487 4942 1646 4997 modo
1674 4942 2026 4996 demonstrat.
2058 4942 2154 4996 Est

517 5066 525 5076 .
578 5037 760 5083 autem
783 5036 996 5083 creator
1017 5029 1176 5095 Deus,
1199 5045 1265 5085 ex
1291 5046 1398 5101 quo
1424 5033 1624 5097 omnia,
1648 5047 1744 5101 per
1765 5046 1925 5102 quem
1948 5032 2148 5098 omnia,

579 5117 634 5171 in
661 5132 767 5187 quo
790 5119 992 5186 omnia,
1027 5120 1236 5177 dicente
1256 5107 1515 5193 Apostolo
1539 5139 1552 5176 :
1578 5121 1837 5187 Quoniam
1863 5139 1927 5178 ea:
1949 5124 2081 5194 ipso,
2105 5134 2152 5178 et

583 5224 672 5270 per
700 5208 886 5278 ipsum,
923 5220 973 5266 et
1009 5211 1063 5267 in
1089 5216 1199 5284 ipso
1240 5197 1360 5267 sunt
1402 5213 1577 5266 omnia
1616 5211 1794 5284 (Rom.
1821 5214 1923 5287 xl),
1952 5223 2006 5270 et
2035 5215 2154 5270 ideo

655 5331 681 5360 ι
717 5319 787 5395 Et
802 5320 976 5391 plures
996 5323 1361 5395 hujuscemodi
1382 5339 1499 5394 qua!
1519 5326 1575 5385 in
1596 5324 1784 5380 divinis
1805 5326 2012 5395 litteris,
2044 5335 2149 5389 etc.

584 5387 909 5463 Emendator
937 5387 1109 5446 mutat
1143 5392 1194 5463 in
1221 5387 1404 5462 plura;
1424 5409 1527 5463 qua
1560 5396 1856 5449 mutatione
1887 5387 2015 5450 nihil
2038 5403 2155 5449 erat

586 5472 760 5532 opus,_
767 5458 812 5511 si
834 5474 933 5532 pro
960 5475 1076 5532 qua:
1096 5458 1412 5532 collocasset
1434 5458 1544 5532 qui.

658 5526 686 5563 ιι
721 5524 855 5579 Sunt
886 5524 1159 5580 duodecim
1195 5531 1330 5582 venti
1358 5524 1608 5585 mundum
1644 5532 1697 5583 in
1726 5531 1946 5584 circuitu
1974 5532 2153 5585 termi-

594 5597 767 5650 natum
796 5609 886 5647 uer
918 5604 1143 5652 quatuor
1168 5595 1279 5648 caeli
1312 5607 1486 5663 partes
1518 5600 1815 5665 per/lautos.
1863 5599 2023 5666 Lego,
2054 5608 2155 5654 ter-

2179 3022 2227 3085 C

2255 1892 2453 1960 partim
2476 1892 2798 1949 invisibilem
2810 1893 3167 1949 demonstrari
3179 1893 3428 1960 diximus,
3443 1894 3681 1963 quinque
3695 1891 3830 1963 legis

2257 1979 2379 2034 libri
2409 1994 2506 2048 per
2540 1996 2678 2050 quos
2704 1982 2772 2037 ad
2801 1982 2896 2037 Dei
2924 1982 3279 2052 cognitionem
3305 1990 3359 2037 et
3385 1983 3451 2036 ad
3487 1982 3832 2039 dilectionem

2258 2068 2354 2123 Dei
2378 2079 2433 2124 et
2453 2071 2685 2140 proximi
2711 2071 2923 2126 venitur
2946 2072 3227 2135 addantur,
3248 2071 3608 2127 duodenarius
3636 2070 3836 2125 nihilo-

2257 2160 2437 2214 minus
2477 2176 2732 2217 numerus
2755 2160 3052 2229 completur
3095 2178 3110 2213 :
3157 2160 3242 2214 cui
3270 2161 3316 2214 si
3343 2167 3573 2233 quatuor
3596 2174 3840 2229 evange-

2258 2247 2457 2304 liorum
2479 2251 2600 2306 libri
2623 2250 2990 2319 adiungantur,
3014 2250 3082 2301 ad
3105 2255 3314 2302 sextum
3336 2247 3604 2301 decimum
3632 2264 3849 2304 nume-

2258 2357 2376 2396 rum
2401 2343 2532 2398 ordo
2556 2341 2908 2410 protenditur,
2935 2338 3190 2407 quoniam
3214 2346 3270 2393 et
3290 2338 3432 2393 idem
3460 2338 3843 2396 duodenarius

2256 2433 2494 2500 partibus
2522 2430 2633 2485 suis
2661 2429 3048 2498 multiplicatus
3085 2430 3154 2484 ad
3192 2437 3406 2484 sextum
3432 2429 3702 2483 decimum
3730 2445 3839 2484 nu-

2255 2534 2458 2574 merum
2481 2519 2755 2589 pervenit;
2786 2519 3047 2587 assumpti
3068 2519 3215 2575 enim
3241 2533 3333 2572 sex
3364 2532 3502 2587 quos
3527 2518 3617 2573 bis
3644 2518 3833 2584 habet,

2253 2619 2308 2664 et
2337 2610 2442 2665 duo
2467 2624 2603 2679 quos
2627 2610 2804 2665 sexies
2827 2609 3021 2673 habet,
3049 2616 3104 2664 et
3131 2615 3240 2663 tres
3260 2622 3396 2677 quos
3420 2616 3615 2677 quater
3636 2608 3831 2672 habet,

2254 2710 2310 2757 et
2336 2708 2567 2771 quatuor
2590 2716 2725 2770 quos
2758 2707 2843 2755 ter
2873 2700 3066 2765 habet,
3106 2705 3163 2754 et
3196 2712 3332 2752 unus
3356 2691 3518 2766 quem
3546 2697 3835 2754 duodecies

2257 2790 2448 2855 habet,
2485 2796 2695 2845 sextum
2721 2788 2988 2844 decimum
3017 2800 3305 2842 numerum
3332 2784 3601 2850 efﬁciunt,
3643 2793 3703 2839 ut
3734 2802 3835 2857 per

2257 2879 2356 2934 has
2404 2881 2640 2949 quinque
2694 2886 2877 2949 partes
2926 2878 2982 2931 in
3035 2876 3230 2945 quibus
3280 2876 3517 2945 quinque
3570 2876 3832 2931 librorum

2256 2968 2424 3038 ﬁgura
2454 2978 2684 3034 tenetur,
2711 2977 2767 3024 et
2795 2976 2999 3038 septem
3030 2967 3084 3021 in
3112 2967 3310 3036 quibus
3328 2974 3577 3026 creatura
3606 2966 3833 3022 visibilis

2256 3066 2332 3113 et'
2357 3059 2640 3113 invisibilis
2684 3060 3102 3122 demonstratur,
3157 3065 3213 3111 et
3261 3065 3491 3126 quatuor
3535 3057 3591 3111 in
3640 3057 3833 3126 quibus

2254 3161 2440 3209 sancta
2488 3152 2762 3222 evangelia
2806 3152 3181 3222 designantur,
3233 3151 3303 3206 ad
3354 3148 3834 3206 sextumdecimum

2254 3255 2539 3298 numerum
2558 3241 2929 3311 perveniatur;
2960 3241 3050 3295 ubi
3074 3248 3129 3294 et
3157 3240 3209 3293 in
3232 3239 3416 3296 decem
3442 3239 3679 3310 decalogi
3703 3254 3826 3309 prae

2256 3341 2426 3402 cepta,
2463 3339 2519 3387 et
2560 3331 2617 3385 in
2662 3344 2756 3385 sex
2790 3330 2956 3385 totius
2997 3328 3341 3400 perfectionis
3382 3343 3589 3383 summa
3629 3344 3751 3397 qua:
3780 3329 3834 3384 in

2256 3437 2395 3477 novo
2419 3422 2762 3476 Testamento
2802 3435 2901 3489 per
2940 3420 3286 3474 mediatorem
3329 3419 3425 3474 Dei
3464 3426 3518 3474 et
3554 3418 3839 3474 hominum

2254 3509 2379 3564 data
2407 3516 2491 3564 est
2508 3547 2523 3574 ,
2553 3507 2874 3573 ostenditur,
2901 3516 2963 3563 ut
2988 3523 3085 3578 per
3113 3509 3394 3564 duodecim
3433 3507 3799 3577 apostolorum
3816 3549 3833 3574 ,

2256 3608 2311 3654 et
2333 3614 2429 3669 per
2455 3605 2687 3668 quatuor
2712 3598 3129 3669 evangeliorum,
3157 3607 3214 3654 et
3235 3612 3333 3669 per
3353 3598 3584 3654 sedecim
3611 3597 3840 3654 nobilis-

2256 3690 2517 3752 simorum
2541 3694 2723 3742 vatum
2750 3688 2842 3757 qui
2868 3686 3037 3743 libros
3061 3687 3261 3741 habent
3289 3687 3543 3750 tonitrua,
3576 3686 3645 3741 ad
3677 3686 3838 3741 unius

2257 3779 2594 3834 solummodo
2616 3778 2713 3836 Dei
2733 3778 2997 3834 culturam
3016 3785 3071 3832 et
3091 3777 3455 3839 adorationem
3464 3818 3484 3843 ,
3495 3777 3693 3847 spretis
3704 3792 3838 3831 cun-

2256 3871 2360 3925 ctis
2388 3870 2715 3932 vanitatibus
2741 3868 3073 3932 mortalium,
3101 3875 3311 3923 mentes
3333 3866 3631 3937 erigantur.

2327 3957 2464 4014 Cum
2505 3972 2636 4027 ergo
2677 3957 2787 4013 sint
2828 3955 3110 4011 duodecim
3153 3956 3511 4025 patriarchae,
3553 3954 3837 4017 duodecim

2254 4048 2494 4104 minores
2533 4048 2826 4118 prophetat,
2872 4045 3154 4101 duodecim
3194 4046 3362 4100 etiam
3410 4043 3662 4115 apostoli,
3704 4055 3731 4083 ι
3776 4051 3838 4097 et

2230 4141 2440 4212 plures
2466 4139 2834 4209 huiuscemodi
2861 4139 3029 4209 quiin
3053 4138 3247 4193 divinis
3264 4138 3465 4194 litteris
3484 4138 3549 4192 ab
3574 4132 3835 4192 studiosis

2257 4233 2550 4290 lectoribus
2572 4232 2816 4300 indagari
2839 4237 3084 4301 possunt,
3111 4237 3236 4285 sunt
3258 4229 3423 4285 etiam
3449 4229 3505 4289 in
3527 4228 3715 4284 eodem
3743 4242 3839 4284 nuo

2257 4337 2408 4379 mero
2451 4321 2623 4377 multa
2669 4336 2789 4391 quae
2829 4321 2896 4375 ad
2941 4320 3191 4391 physicos
3234 4321 3506 4389 pertinent
3534 4319 3833 4376 collocata.

2258 4411 2394 4467 Sunt
2416 4425 2647 4480 namque
2669 4410 2723 4465 in
2746 4410 2966 4466 zodiaco
2988 4410 3190 4465 circulo
3214 4409 3497 4465 duodecim
3518 4409 3690 4480 signa,
3712 4423 3837 4478 qua

2254 4500 2400 4557 illum
2446 4499 2601 4569 quasi
2655 4498 2872 4569 quidam
2917 4511 3247 4568 gemmarum
3292 4498 3511 4553 ordines
3557 4495 3833 4561 ambiunt;

2254 4588 2283 4628 ιι
2311 4597 2435 4643 sunt
2464 4587 2744 4644 duodecim
2775 4587 2919 4641 venti
2949 4587 3205 4642 mundum
3235 4587 3289 4642 in
3315 4586 3544 4641 circuitu
3574 4586 3835 4640 ternatim

2252 4695 2348 4749 per
2386 4687 2616 4749 quatuor
2653 4679 2773 4734 coeli
2816 4686 2995 4747 partes
3036 4676 3344 4747 perﬂantes;
3377 4680 3498 4729 sunt
3534 4671 3832 4727 duodecim

2254 4783 2495 4828 menses,
2548 4766 2741 4834 quibus
2789 4781 2962 4821 annus
3010 4767 3308 4835 perﬁcitur;
3361 4770 3484 4818 sunt
3533 4759 3827 4815 duodecim

2252 4858 2398 4911 horae
2436 4856 2632 4925 quibus
2668 4857 2785 4912 dies
2822 4858 3135 4927 completur,
3174 4868 3228 4914 et
3263 4858 3413 4928 plura
3452 4851 3833 4922 huiuscemodi

2252 4962 2371 5015 qua:
2393 4947 2461 5001 ab
2489 4945 2714 5002 eruditis
2745 4948 2877 5002 viris
2911 4956 2966 5002 et
2996 4949 3287 5004 secundum
3323 4943 3656 5002 saecularium
3684 4941 3835 4996 litte~

2254 5051 2435 5090 rarum
2459 5036 2817 5105 cognitionem
2846 5036 3184 5107 indagantur,
3216 5043 3271 5091 et
3294 5032 3610 5106 spiritaliter
3636 5046 3833 5087 secun-

2253 5126 2378 5181 dum
2407 5125 2830 5181 ecclesiasticam
2865 5127 3163 5182 doctrinam
3194 5125 3593 5194 intelliguntur.
3620 5120 3760 5177 Nam
3782 5118 3832 5175 si

2251 5215 2390 5269 forte
2416 5214 2611 5283 aliquis
2631 5213 2790 5283 huius
2812 5217 2983 5271 nostri
3007 5216 3188 5287 operis
3209 5216 3544 5272 obtrectator
3561 5227 3664 5269 nos
3682 5225 3832 5267 mor-

2252 5323 2439 5397 notim.
2483 5322 2642 5377 Venti
2668 5331 2796 5397 sunt
2830 5321 3108 5397 duodecim
3125 5364 3140 5388 ,
3167 5337 3399 5393 quorum
3424 5328 3657 5397 quatuor

2254 5391 2472 5459 cipales,
2501 5393 2683 5447 caeteri
2712 5392 2978 5446 latcrales.
3007 5392 3071 5446 Hi
3101 5408 3167 5448 ex
3185 5389 3422 5461 quatuor
3443 5389 3629 5446 mundi
3654 5389 3828 5461 parti:

2254 5453 2366 5542 luis.
2389 5453 2757 5542 manipulatim
2795 5461 3029 5542 spirant,
3081 5453 3294 5542 tresfab
3336 5461 3563 5542 oriente,

2254 5530 2550 5600 occidente,
2600 5545 2630 5583 a
2678 5530 2897 5600 meridie
2934 5538 3063 5593 tres,
3098 5538 3152 5585 et
3199 5538 3310 5586 tres
3355 5545 3387 5585 a
3434 5530 3821 5600 septentrione.

2260 5600 2369 5659 Hoc
2393 5599 2614 5655 Carolus
2641 5599 2788 5664 dicit,
2819 5601 3056 5654 tematim
3084 5602 3327 5669 perﬂare.
3410 5600 3413 5603 ’
