4008 6154
225 307 358 365 1209

995 296 1171 351 unm
1208 293 1526 352 canoram
1583 323 1652 334 -
1691 293 1908 349 CAPIT.
1951 299 2037 352 ne
2072 285 2259 354 iniit}.
2300 329 2368 338 —
2400 297 2531 352 LIB.
2575 299 2664 354 tv.

3319 306 3456 361 £210

208 423 340 504 Odere
380 419 601 480 nitatur,
643 428 709 469 eo
745 412 888 481 quod
924 413 994 467 de
1032 409 1288 481 physicis,
1321 410 1384 474 de
1411 407 1495 460 his
1533 404 1777 459 videlicet

1880 408 2295 476 meritorumque
2341 409 2640 477 impuritas.
2682 409 2914 466 Possunt
2958 417 3100 470 enim
3137 417 3188 471 in
3224 417 3309 474 his
3342 419 3454 476 eis"

217 495 332 579 quae
369 509 423 561 in
467 503 844 559 mathematica
882 501 1166 563 habentur,
1205 496 1446 564 exempla
1483 495 1774 564 posuimus,

218 600 357 666 legat
384 597 599 651 beatum
626 593 1012 662 Hieronymum
1031 630 1045 654 ,
1073 597 1126 643 et
1160 603 1259 642 nos
1284 594 1376 640 aut
1400 601 1521 639 cum
1549 599 1612 638 eo
1638 599 1779 638 mor-

216 687 359 750 deat,
397 693 490 738 aut
517 683 633 752 ejus
665 682 967 736 doctrinam
995 683 1412 743 caeterorumqu‘e
1442 675 1662 728 Patrum
1692 688 1779 727 se-

216 782 435 843 quentes
462 773 765 826 litterarum
787 785 894 824 non
914 767 1118 822 nescios
1141 770 1506 834 recognoscat.
1527 763 1616 815 Ait
1637 769 1778 815 enim

215 865 354 917 idem
394 863 584 917 doctor
622 860 749 914 dum
787 860 851 912 de
892 864 1040 910 veste
1080 854 1393 909 sacerdotali
1437 853 1774 920 disputaret:

219 968 237 999 ι
269 948 554 1004 Rationale
581 948 635 1000 in
657 944 830 1000 medio
848 943 1078 1011 positum
1101 949 1299 994 terram
1319 940 1638 1002 edisserunt,
1661 953 1780 1007 quas

214 1041 281 1093 ad
308 1030 489 1093 instar
515 1038 695 1108 puncti
725 1035 847 1088 licet
880 1033 1059 1088 omnia
1096 1032 1150 1085 in
1185 1047 1244 1086 se
1276 1020 1514 1096 habeat,
1535 1039 1714 1084 tamen
1749 1044 1780 1082 a

213 1128 422 1182 cunctis
448 1126 673 1179 v'allatur
702 1121 1009 1186 elementis;
1045 1120 1324 1175 duodecim
1348 1119 1552 1189 lapides
1577 1118 1661 1172 vel
1692 1133 1782 1172 zo—

215 1215 428 1270 diacum
458 1216 879 1282 interpretantur
904 1210 1185 1272 circulum,
1215 1209 1299 1263 vel
1327 1208 1608 1262 duodecim
1633 1220 1782 1260 men-

209 1319 316 1368 ses,
345 1313 400 1358 et
424 1303 647 1374 singulis
670 1300 953 1356 versiculis
979 1299 1189 1368 singula
1216 1299 1492 1367 assignant
1517 1304 1777 1364 tempora,

208 1402 262 1448 et
286 1393 370 1446 his
395 1399 575 1446 ternos
601 1390 858 1459 deputant
887 1403 1118 1442 menses.
1152 1386 1262 1440 Nec
1285 1386 1443 1440 alicui
1469 1385 1683 1454 gentilis
1703 1385 1782 1437 vi-

207 1483 393 1537 deatur
416 1479 697 1549 expositio.
733 1477 849 1532 Non
875 1478 1018 1531 enim
1050 1477 1094 1530 si
1128 1477 1367 1531 ctelestia
1395 1485 1450 1528 et
1477 1475 1572 1527 Dei
1603 1474 1781 1541 dispo-

207 1575 452 1630 sitionem
503 1573 769 1627 idolorum
819 1569 1125 1624 nominibus
1171 1566 1523 1626 infamarunt,
1578 1562 1780 1617 idcirco

207 1663 300 1718 Dei
333 1661 572 1730 neganda
610 1668 694 1712 est
730 1657 1085 1726 providentia,
1125 1670 1244 1723 quae
1281 1661 1429 1706 certa
1465 1651 1584 1720 lege
1612 1649 1780 1703 currit

1877 496 2102 565 demque
2137 498 2268 552 locis
2297 507 2351 552 et
2388 515 2416 552 a
2456 499 2639 566 pravis
2671 515 2834 569 prava
2869 517 3111 574 quaeque,
3143 515 3200 560 et
3231 523 3261 561 a
3293 512 3447 566 rectis

1866 592 2024 637 recta
2059 600 2285 654 quaeque
2322 586 2524 656 peragi.
2566 586 2700 640 Nam
2738 590 2790 643 in
2823 591 2954 645 urbe
2977 608 3095 661 quae
3122 594 3222 648 fuit
3258 605 3437 652 metro

1877 673 2254 767 polis-Egypti
2293 693 2410 757 quae
2439 694 2468 731 a
2498 678 2796 743 Titanibus,
2827 682 2880 736 id
2913 691 3026 748 est,
3065 701 3096 737 a
3133 685 3453 756 Gigantibut.

1879 764 2092 817 condita
2131 764 2296 820 fuisse
2333 769 2662 835 perhibetur,
2695 779 2750 823 et
2787 772 2856 826 ab
2889 773 2966 828 eis
3009 775 3209 830 Thanis
3239 787 3453 848 vocata,

1879 851 2044 904 multa
2066 861 2224 920 atque
2250 858 2507 923 stupenda
2535 872 2565 910 a
2591 857 2772 928 Moyse
2795 860 2957 915 divini
2981 865 3213 918 nominis
3237 865 3450 921 invoca-

1881 938 2024 993 tione
2049 947 2173 994 sunt
2210 951 2424 1008 peracta
2465 945 2754 1010 miracula,
2797 955 2852 1002 et
2889 965 2920 1003 a
2950 949 3114 1021 Magis
3153 952 3450 1010 Pharaonis

1878 1029 2144 1084 aeriarum
2171 1039 2495 1098 potestatum
2532 1035 2962 1091 insolentissimis
2987 1041 3258 1096 exercitiis
3284 1044 3452 1099 multa

1878 1127 2094 1188 peracta
2120 1121 2408 1189 praastigia,
2439 1122 2491 1174 in
2517 1121 2862 1192 ejusdemque
2885 1125 3130 1182 Thaneos
3159 1131 3448 1197 suburbiis,

1879 1217 1932 1261 et
1975 1223 2005 1260 a
2047 1208 2248 1262 sanctis
2275 1208 2406 1262 viris
2446 1208 2625 1282 Moyse
2661 1211 2910 1266 videlicet
2949 1222 3003 1267 et
3037 1216 3218 1271 Aaron
3257 1235 3453 1274 memo-

1880 1295 2045 1348 randa
2075 1305 2197 1349 sunt
2223 1303 2370 1364 gesta
2397 1297 2657 1366 prodigia,
2688 1308 2744 1351 et
2771 1314 2799 1352 a
2829 1300 3128 1356 daemonum
3160 1306 3453 1364 cultoribus

1879 1383 2100 1437 nefariis
2123 1384 2448 1452 quibuslibet
2481 1387 2976 1445 consecrationibus
3015 1392 3128 1446 sive
3168 1393 3455 1450 invocatio-

1879 1473 2036 1526 nihus
2063 1471 2294 1526 infausta
2331 1474 2612 1543 ﬁgmenta,
2657 1477 2840 1544 sicque
2877 1478 2977 1533 loci
3007 1485 3312 1538 communio
3342 1485 3455 1539 nul-

1879 1563 1988 1615 lum
2017 1562 2121 1617 illis
2142 1563 2324 1617 valens
2347 1564 2537 1618 afferre
2563 1565 2948 1634 przejudicium,
2978 1578 3032 1624 et
3058 1572 3176 1626 istis
3197 1575 3284 1641 pia
3309 1591 3453 1644 quae.-

1878 1667 1982 1720 que
1999 1652 2312 1720 agentibus,
2339 1663 2394 1707 et
2424 1654 2529 1708 illis
2557 1658 2813 1723 probrosa
2844 1674 3068 1728 quaeque
3094 1667 3452 1733 perpetranti-

204 1761 259 1806 et
299 1753 471 1805 fertur
513 1757 566 1802 et
607 1746 746 1816 regit
790 1745 970 1799 omnia
1009 1757 1024 1796 :
1063 1750 1118 1797 et
1160 1743 1215 1795 in
1259 1739 1358 1795 Job
1398 1739 1683 1794 Arcturum
1725 1746 1778 1791 et
1809 1741 1852 1800 Β
1880 1743 1980 1796 bus
2013 1759 2296 1798 commune
2335 1747 2562 1813 praebuit
2599 1747 2909 1816 hospitium.
2953 1751 3092 1806 Urbs
3131 1753 3311 1823 itaque
3354 1756 3451 1810 Sa-

205 1840 460 1894 Orionem
492 1846 547 1893 et
573 1836 878 1899 Mazuroth,
911 1835 1014 1888 hoc
1035 1839 1148 1896 est,
1177 1831 1456 1885 zodiacum
1484 1829 1772 1892 circulum,

203 1937 260 1982 et
291 1936 486 1982 caetera
526 1934 793 1979 astrorum
836 1924 1052 1977 nomina
1095 1923 1340 1991 legimus,
1383 1937 1488 1975 non
1518 1920 1658 1989 quod
1685 1934 1776 1972 ea-

204 2019 329 2071 dem
360 2019 496 2086 apud
531 2017 782 2070 Hebrazos
811 2015 1067 2069 vocabula
1099 2015 1236 2078 sint,
1271 2013 1364 2067 sed
1391 2012 1514 2080 quia
1545 2027 1640 2064 nos
1669 2025 1775 2064 non

205 2125 489 2178 possumus
516 2124 633 2177 quae
663 2108 912 2162 dicuntur
941 2108 1043 2161 nisi
1086 2106 1357 2160 consuetis
1377 2104 1596 2158 vocibus
1624 2101 1779 2155 intel-

204 2202 392 2269 ligere.
431 2221 448 2250 ι
486 2200 581 2252 Est
611 2213 826 2266 quoque
866 2199 954 2252 hic
993 2213 1250 2251 numerus
1284 2195 1467 2249 multis
1507 2193 1778 2263 mysteriis

203 2299 570 2354 consecratus,
603 2304 721 2358 quae
755 2289 961 2358 singula
1003 2296 1250 2342 retexere
1287 2285 1570 2341 brevitatis
1604 2283 1779 2337 studio

201 2395 310 2433 non
340 2379 596 2441 valemus,
635 2388 689 2432 et
721 2387 781 2431 ut
813 2392 972 2432 nosse
1007 2378 1295 2445 possimus,
1333 2376 1453 2430 ideo
1487 2374 1613 2430 huic
1643 2374 1777 2427 isto-

202 2483 327 2520 rum
356 2467 560 2536 synodo
587 2467 862 2520 duodecim
902 2466 1179 2534 pontiﬁces
1213 2466 1390 2520 minus
1418 2464 1581 2518 fuisse
1615 2478 1778 2532 quam

203 2557 283 2609 illi
315 2565 511 2609 sanctze
541 2555 768 2610 Nicaeum
799 2558 1018 2624 synodo,
1046 2556 1170 2624 quia
1200 2555 1476 2608 duodecim
1505 2554 1776 2624 apostolo-

202 2663 324 2701 rum
358 2647 722 2701 sacratissima
747 2647 1126 2714 praedicatione
1154 2646 1266 2699 sive
1291 2645 1630 2707 auctoritate,
1655 2644 1776 2711 qui-

203 2729 304 2792 bus
337 2737 478 2790 illam
506 2751 730 2804 prorsus
752 2742 965 2790 constat
990 2750 1107 2789 esse
1133 2734 1424 2796 munitam,
1457 2734 1614 2787 istam
1646 2748 1777 2787 con-

202 2835 313 2882 stat
337 2841 454 2880 csse
490 2826 544 2878 in
574 2825 842 2894 plerisque
871 2833 1212 2889 extraneam;
1251 2833 1303 2878 et
1336 2825 1530 2892 quibus
1565 2823 1653 2879 illa
1683 2823 1777 2875 ad-

201 2916 392 2972 hibitis
436 2917 590 2984 quasi
634 2915 952 2983 quibusdam
998 2915 1494 2984 inexpugnabilibus
1543 2913 1778 2966 turribus

200 3017 466 3062 exornata
491 3009 558 3062 ad
581 3009 771 3062 altiora
793 3008 1085 3076 consurgit,
1115 3009 1198 3062 his
1221 3009 1324 3062 ista
1349 3008 1523 3062 minus
1548 3008 1777 3062 inventis

199 3099 452 3152 mutilata
497 3100 563 3152 ad
609 3099 875 3154 deteriora
918 3067 1184 3162 decurrit;
1233 3098 1323 3151 illa
1372 3100 1456 3153 his
1496 3067 1850 3153 duodecimc

197 3191 430 3260 gemmis
456 3191 511 3244 in
553 3191 747 3262 quibus
782 3190 1061 3244 duodecim
1092 3191 1330 3244 tribuum
1363 3190 1610 3252 nomina,
1639 3190 1779 3242 anti-

199 3297 433 3352 quorum
465 3289 676 3350 patrum
705 3280 952 3335 videlicet
988 3281 1195 3335 notitiae
1219 3281 1304 3334 vel
1339 3279 1580 3347 exempla
1607 3279 1779 3332 virtu-

198 3383 336 3437 tum,
367 3372 565 3440 scripta
593 3379 736 3436 sunt,
766 3378 1077 3436 exornatur,
1103 3371 1302 3439 quibus
1325 3369 1428 3424 ista
1453 3368 1668 3435 penitus
1689 3383 1779 3421 ca-

198 3477 320 3516 rere
351 3459 708 3529 dignoscitur;
738 3459 822 3513 his
851 3459 1131 3513 duodecim
1155 3457 1329 3527 portis
1360 3457 1504 3510 illius
1526 3455 1778 3523 pulcher-

198 3553 356 3606 rimae
393 3550 644 3615 civitatis,
682 3549 1166 3603 sacratissimarum
1204 3549 1410 3602 scilicet
1443 3548 1780 3602 constitutio-

196 3657 357 3703 num,
401 3653 595 3693 arcana
635 3646 999 3706 penetrantur,
1043 3654 1162 3707 qua:
1204 3639 1257 3690 in
1297 3638 1398 3691 ista
1441 3653 1778 3706 nequaquam

195 3730 492 3784 habentur.
531 3727 740 3782 Nullam
767 3744 895 3799 ergo
919 3731 1059 3785 inter
1097 3730 1240 3783 illam
1277 3739 1332 3784 et
1367 3731 1524 3784 istam
1563 3731 1782 3785 merito-

195 3835 325 3874 rum
352 3818 591 3888 reperire
616 3818 886 3888 quivimns
908 3819 1362 3880 concordantiam,
1390 3826 1586 3887 praeter
1606 3818 1780 3873 nomi-

195 3910 286 3968 nis
315 3908 654 3963 solummodo
691 3907 1122 3970 consonantiam,
1165 3915 1223 3960 ttt
1257 3915 1312 3960 et
1348 3907 1438 3964 illa
1466 3921 1529 3960 eo
1557 3909 1698 3976 quod
1725 3908 1780 3962 in

195 3998 503 4067 metropoli
520 3997 789 4066 Bithynia:
818 3997 950 4050 urbe
975 3995 1154 4050 Nicaea
1182 3997 1247 4050 ad
1269 3995 1567 4065 profectum
1595 3996 1780 4050 Eccle-

197 4088 297 4144 siae
324 4087 530 4156 agitata
563 4094 647 4141 est
684 4085 920 4151 Nicaena,
950 4095 1004 4141 et
1044 4086 1148 4140 ista
1190 4085 1317 4155 quia
1354 4085 1571 4150 ibidem,
1615 4101 1784 4155 quan-

197 4190 368 4248 quam
397 4174 502 4229 alio
529 4182 654 4229 voto
682 4173 991 4243 disparique
1016 4174 1209 4228 merito
1234 4182 1385 4243 gesta
1412 4183 1526 4240 est,
1554 4175 1782 4245 appelle-

198 4272 292 4319 tur
315 4265 665 4321 nihilominus
704 4263 939 4320 Niczena.
973 4263 1090 4338 Non
1118 4266 1261 4320 enim
1290 4267 1564 4321 nominum
1591 4283 1784 4323 conso-

198 4356 391 4410 nantia
420 4371 579 4410 unam
620 4371 833 4426 semper
862 4357 970 4411 vim
1013 4358 1213 4412 habere
1238 4359 1494 4425 creditur,
1526 4361 1779 4429 quoniam

197 4446 465 4516 pleraque
506 4456 814 4506 sanctorum
859 4457 914 4508 et
952 4449 1240 4509 illustrium
1284 4451 1522 4511 virorum
1562 4450 1778 4505 nomina

199 4533 540 4604 quibuslibet
581 4536 898 4605 ignobilibus
944 4538 1248 4593 hominibus
1291 4540 1458 4596 indita
1507 4539 1782 4606 reperiun-

199 4631 317 4686 tur,
345 4621 541 4690 quippe
576 4637 697 4677 cum
744 4638 1079 4695 nequaquam
1127 4643 1325 4682 nomen
1363 4627 1542 4682 meriti
1583 4627 1783 4698 irroget

199 4712 618 4782 aequalitatem,
641 4715 734 4769 sed
768 4717 945 4771 meriti
967 4720 1247 4789 aequalitas
1275 4720 1510 4773 nominis
1532 4729 1784 4788 proroget

200 4805 544 4873 dignitatem.
573 4804 706 4860 Cum
731 4822 859 4877 ergo
885 4808 1004 4862 ideo
1027 4824 1146 4863 eam
1172 4809 1384 4880 magnis
1410 4809 1652 4865 attollere
1672 4827 1784 4866 me-

200 4893 437 4947 ritorum
467 4893 765 4964 insignibus
791 4895 1056 4960 aﬁ'ectent,
1082 4898 1224 4966 quod
1250 4899 1303 4951 in
1331 4898 1517 4952 eodem
1543 4914 1651 4968 quo
1675 4901 1786 4969 pri-

199 4984 327 5036 dem
360 4991 546 5038 sancta
583 4985 818 5053 synodus
845 4985 1049 5049 fuerat,
1090 4987 1206 5040 haec
1237 5002 1449 5056 quoque
1479 4989 1550 5042 sit
1586 4989 1784 5059 agitata

199 5068 344 5134 loco,
373 5070 655 5126 advertant
677 5086 784 5126 non
813 5087 980 5126 unum
1004 5087 1220 5142 semper
1249 5089 1368 5128 esse
1397 5077 1536 5130 sicut
1568 5092 1665 5133 nec
1691 5092 1785 5132 no-

197 5159 368 5214 minis
397 5159 641 5229 alicujus,
664 5162 739 5238 ita
767 5162 930 5216 etiam
957 5177 1057 5218 nec
1078 5163 1181 5218 loci
1203 5163 1489 5232 cujuslibet
1512 5168 1782 5224 meritum.

196 5248 474 5324 Quoniam
499 5266 623 5304 cum
650 5266 759 5304 non
796 5251 1040 5305 homines
1079 5269 1178 5321 pro
1206 5253 1358 5317 locis,
1401 5256 1495 5310 sed
1533 5255 1649 5312 loca
1688 5271 1786 5326 pro

195 5340 523 5395 hominibus
561 5340 700 5392 sicut
737 5346 792 5392 et
835 5349 1042 5396 caeteras
1077 5351 1304 5396 terrente
1343 5351 1602 5399 creatura:
1645 5345 1786 5401 facta

193 5430 330 5491 sint,
367 5442 478 5480 non
501 5427 579 5480 eis
601 5426 842 5492 przebent
866 5428 1225 5484 emolumenta
1253 5429 1388 5482 situs
1413 5429 1667 5496 locorum,
1693 5437 1787 5490 sed

194 5515 506 5593 eminentia
533 5515 868 5578 meritomm,
897 5530 996 5570 nec
1015 5519 1304 5586 plurimum
1326 5516 1468 5570 valet
1493 5519 1592 5573 loci
1615 5522 1786 5590 cujus-

198 5592 341 5666 libet
387 5592 759 5671 sanctitas,lsi
805 5612 982 5660 tamen
1027 5605 1080 5660 in
1127 5603 1434 5661 hominibus
1471 5607 1539 5662 sit
1576 5619 1784 5672 actuum

1808 4402 1858 4461 D

1876 1835 2062 1887 maria:
2088 1834 2233 1888 Luza
2251 1874 2265 1900 ,
2297 1849 2416 1902 quae
2439 1851 2469 1888 a
2495 1846 2682 1892 sancto
2707 1841 3012 1907 patriarcha
3037 1842 3202 1898 Jacob
3229 1845 3413 1901 Bethel
3433 1888 3448 1914 ,

1877 1922 1930 1975 id
1967 1931 2049 1976 est
2096 1923 2284 1976 domus
2326 1924 2453 1987 Dei,
2509 1928 2826 1982 vocabulum
2871 1932 3059 1986 sortita
3097 1941 3208 1995 est,
3253 1936 3307 1989 in
3346 1953 3448 2006 qua

1878 2012 2018 2065 idem
2061 2013 2364 2080 patriarcha
2409 2016 2608 2069 scalam
2649 2019 2713 2072 de
2753 2028 2895 2073 terra
2938 2023 3004 2076 ad
3045 2025 3239 2078 caelum
3281 2042 3451 2098 usque

1878 2108 2211 2169 tangentem,
2256 2104 2580 2172 angelosque
2619 2107 2711 2160 Dei
2753 2110 3101 2166 ascendentes
3140 2123 3194 2168 et
3233 2116 3450 2170 descen-

1878 2187 2065 2242 dentes
2098 2203 2194 2256 pcr
2219 2205 2336 2243 eam
2375 2193 2536 2256 vidit,
2573 2199 2911 2252 postmodum
2947 2200 3140 2256 vitulos
3168 2219 3357 2259 aureos
3395 2207 3450 2260 in

1879 2277 2255 2331 oil‘endiculum
2298 2281 2486 2336 domus
2524 2283 2686 2338 Israel
2731 2287 2933 2349 habuit,
2977 2306 3112 2358 quos
3154 2293 3226 2346 ibi
3267 2309 3450 2364 regum

1878 2366 2142 2432 pessimus
2169 2367 2453 2423 Jeroboam
2493 2373 2742 2428 colendos
2784 2379 3092 2446 constituit,
3124 2392 3175 2434 et
3205 2382 3353 2437 locus
3385 2385 3451 2439 de

1878 2472 1984 2524 quo
2030 2459 2114 2511 vir
2158 2468 2376 2513 sanctus
2425 2461 2499 2514 ait
2549 2479 2561 2514 :
2628 2463 2754 2518 Vere
2800 2466 3053 2522 Dominus
3101 2482 3175 2524 est
3224 2474 3280 2526 in
3336 2473 3450 2528 Ioco

1879 2547 1995 2606 isto,
2044 2556 2089 2598 et
2135 2564 2226 2616 ego
2277 2551 2560 2603 nesciebam
2594 2551 2744 2621 (Gen.
2788 2557 2998 2626 xxvm),
3049 2568 3103 2612 et
3143 2576 3300 2628 quem
3340 2572 3454 2617 stu-

1881 2649 2008 2701 pore
2069 2651 2262 2704 magno
2321 2639 2592 2694 admirans
2637 2644 2930 2698 terribilem
2974 2662 3091 2702 esse
3137 2651 3298 2717 dixit,
3355 2667 3454 2707 nec

1880 2724 2024 2777 aliud
2083 2726 2156 2779 ibi
2211 2742 2327 2780 csse
2377 2728 2478 2782 nisi
2529 2729 2745 2784 domum
2795 2735 2887 2788 Dei
2941 2744 2994 2789 et
3032 2746 3241 2804 portam
3294 2742 3452 2808 coeli,

1879 2822 2063 2880 postea
2109 2815 2282 2870 iactus
2312 2827 2393 2871 est
2429 2818 2618 2872 domus
2660 2821 2816 2885 idoli,
2860 2832 2914 2877 et
2952 2824 3257 2882 Israeliticae
3309 2832 3455 2897 genti

1881 2918 2040 2955 causa
2078 2905 2334 2972 periculi,
2380 2921 2480 2960 nec
2512 2909 2676 2963 erecti
2704 2926 2732 2962 a
2760 2913 3069 2978 patriarcha
3095 2915 3284 2984 lapidis
3319 2934 3452 2973 con-

1881 2995 2131 3059 secratio,
2188 3011 2286 3050 nec
2336 2998 2473 3052 sacri
2525 3000 2776 3069 unguinis
2822 3003 3094 3069 delibutio,
3147 3021 3246 3061 nec
3296 3023 3452 3063 reve-

1881 3087 2030 3139 rcndi
2062 3088 2294 3142 nominis
2329 3089 2612 3157 appellatio
2642 3092 2856 3146 nefandi
2881 3096 3022 3163 regis
3049 3095 3330 3154 Jeroboam
3358 3117 3454 3156 nc-

1880 3178 2103 3244 quitiam
2127 3194 2156 3230 a
2183 3194 2435 3247 perversa
2457 3182 2667 3235 actione
2691 3184 2946 3249 cohibuit,
2976 3188 3068 3241 sed
3090 3188 3264 3245 locum
3295 3207 3451 3260 quem

1879 3285 1910 3323 a
1940 3277 2089 3323 tanto
2119 3271 2429 3338 patriarcha
2464 3273 2784 3328 admiratum
2812 3277 2997 3342 scivit,
3028 3279 3182 3335 idolis
3217 3282 3455 3350 polluere

1879 3371 1985 3410 non
2021 3355 2346 3411 formidavit.
2383 3357 2534 3413 Unde
2568 3360 2728 3415 datur
2753 3363 3006 3434 intelligi,
3034 3366 3191 3423 facile
3215 3372 3453 3438 potuisse

1880 3445 1934 3497 in
1974 3443 2149 3498 Nicaea
2183 3446 2444 3516 Bithyniae
2485 3450 2632 3512 urbe,
2681 3452 2770 3506 ubi
2809 3454 3014 3520 pridem
3054 3467 3236 3512 sancta
3278 3459 3454 3516 fuerat

1879 3535 2114 3604 synodus
2129 3536 2415 3602 celebrata,
2431 3552 2740 3608 perversum
2759 3545 3147 3601 adorandarum
3163 3549 3452 3620 imaginum

1880 3627 2131 3680 constitui
2160 3627 2381 3698 dogma,
2413 3631 2458 3684 si
2488 3631 2539 3683 in
2570 3632 2754 3688 Bethel
2781 3649 2813 3687 a
2842 3637 3168 3704 nequissimo
3208 3657 3332 3711 rege
3359 3641 3452 3697 Je-

1880 3717 2099 3770 roboam
2129 3729 2417 3785 potuerunt
2446 3720 2584 3775 idola
2611 3725 2771 3791 poni,
2805 3726 2893 3779 ubi
2921 3726 3088 3784 Jacoh
3117 3730 3332 3786 domum
3360 3732 3454 3786 Dei

1880 3821 1998 3861 esse
2021 3808 2154 3863 dixit
2176 3818 2228 3862 et
2252 3820 2461 3878 portam
2483 3813 2634 3878 caeli;
2659 3823 2712 3867 et
2737 3816 2780 3867 si
2810 3817 2919 3872 illic
2947 3819 3000 3872 in
3021 3831 3295 3888 posterum
3319 3827 3452 3879 tanti

1878 3898 2198 3965 patriarchae
2239 3901 2638 3954 consecratione
2679 3903 2883 3956 nullum
2923 3908 3091 3961 valuit
3133 3897 3282 3964 locus
3321 3913 3454 3966 obti-

1880 4000 2008 4038 nere
2035 3986 2271 4054 vigorem
2289 4027 2304 4051 ,
2336 3987 2534 4041 nullam
2562 3989 2646 4043 his
2678 3993 3005 4059 temporibus
3032 3997 3294 4066 Bithyniae
3323 4002 3452 4056 urbs

1881 4072 1937 4126 in
1974 4074 2072 4126 hac
2106 4081 2258 4140 parte
2293 4074 2632 4141 antiquorum
2657 4077 2878 4132 Patrum
2903 4082 3103 4138 valebit
3127 4085 3326 4140 habere
3356 4087 3451 4142 de-

1881 4163 2208 4230 fensionem,
2241 4165 2334 4220 sed
2369 4166 2644 4220 hominum
2671 4169 3052 4228 diversissimis
3079 4176 3184 4229 huc
3220 4175 3454 4248 illucque

1881 4256 2226 4325 vergentibus
2248 4257 2730 4326 permutationibus
2758 4260 2876 4316 loca
2904 4277 3002 4330 pro
3022 4265 3296 4322 hominum
3321 4285 3455 4340 qua-

1884 4347 2121 4402 litatibus
2142 4354 2195 4400 et
2224 4363 2255 4402 a
2284 4347 2484 4402 sanctis
2509 4361 2668 4416 posse
2697 4351 3041 4419 sanctiﬁcari,
3073 4365 3127 4410 et
3147 4372 3178 4411 a
3206 4369 3456 4428 peccato-

1883 4437 2032 4490 ribus
2055 4436 2216 4505 pollui
2241 4435 2582 4492 manifestum
2615 4447 2719 4494 est.
2757 4438 3007 4510 Legimus
3033 4444 3249 4502 domum
3274 4449 3368 4504 Dei
3401 4450 3455 4505 in

1885 4525 1997 4581 Silo
2038 4527 2104 4582 ab
2147 4527 2405 4584 Eleazaro
2441 4537 2495 4583 et
2532 4528 2762 4585 Phinees
2800 4535 3165 4592 sacerdotibus
3198 4554 3337 4595 arca:
3377 4547 3450 4595 te-

1884 4615 2133 4673 stamenti
2186 4615 2396 4674 Domini
2445 4618 2559 4671 sive
2593 4619 2923 4676 tabernaculi
2973 4623 3326 4684 collocatione
3373 4646 3458 4687 sa-

1885 4705 2318 4773 criﬁciorumque
2363 4705 2580 4772 jugihus
2637 4708 3001 4769 oblationibus
3048 4728 3454 4788 consecratam,
3531 4707 3534 4711 ’

1885 4809 1938 4858 et
1981 4800 2320 4870 postmodum
2367 4801 2435 4855 ab
2483 4800 2656 4870 Ophni
2697 4812 2752 4858 et
2787 4804 3018 4865 Phinees
3062 4812 3185 4867 ﬁliis
3216 4814 3330 4867 Heli
3374 4829 3457 4867 sa-

1885 4890 2194 4946 cerdotibus
2251 4893 2646 4960 perpetratione
2699 4895 3051 4952 nefandorum
3097 4915 3317 4968 operum
3375 4901 3457 4954 in-

1888 4983 2182 5053 quinatam.
2248 4981 2502 5052 Legimus
2560 5000 2775 5056 quoque
2833 4986 3008 5040 Salem
3067 4989 3453 5045 nobilissimam

1885 5074 2153 5145 quondam
2197 5075 2417 5138 urbem,
2450 5091 2572 5145 quae
2601 5084 2783 5146 postea
2829 5074 2994 5129 Jebus
3035 5076 3150 5132 sive
3193 5079 3410 5153 Solyma
3443 5123 3459 5149 ,

1889 5181 2007 5235 quae
2037 5180 2182 5219 nunc
2215 5180 2311 5233 per
2348 5166 2732 5220 derivationem
2767 5164 3132 5232 Hierosolyma
3165 5173 3457 5238 vocitatur,

1886 5256 2114 5325 primam
2136 5261 2256 5321 post
2285 5253 2543 5308 diluvium
2566 5270 2597 5308 a
2621 5261 2806 5309 sancto
2824 5252 2940 5304 viro
2962 5251 3108 5318 Sem,
3136 5259 3228 5324 qui
3249 5268 3452 5329 postea,

1887 5351 1948 5398 ut
1960 5343 2156 5408 ferunt,
2172 5341 2559 5398 Melchisedech
2582 5349 2800 5393 vocatus
2810 5346 2910 5401 est,
2926 5341 3200 5397 conditam
3227 5355 3282 5400 et
3304 5346 3449 5398 inha-

1853 5432 2135 5495 ‘bitatam,
2174 5439 2230 5486 et
2268 5427 2605 5501 postmodum
2645 5426 2712 5479 ab
2751 5424 3068 5479 exsecrabili
3097 5441 3257 5498 gente
3297 5431 3446 5485 Jebu-

1891 5537 2118 5578 szeorum
2150 5524 2446 5579 subactam,
2471 5523 2524 5568 et
2546 5514 2703 5580 longo
2729 5521 2966 5582 tempore
2991 5528 3165 5581 usque
3195 5521 3262 5572 ad
3289 5519 3452 5573 David

1891 5626 2210 5679 possessam,
2248 5607 2496 5674 Legimus
2537 5615 2751 5668 quoque
2787 5598 3215 5660 sacratissimum
3257 5622 3318 5662 ac
3367 5624 3443 5662 re.
