4008 6154
564 283 686 338 iiii

1430 276 1487 328 Β.
1525 273 1776 329 CAROLI
1815 271 2028 327 MAGNI
2067 271 2216 328 OPP.
2257 272 2437 328 PARS
2476 274 2539 328 ll.
2583 274 2829 332 SECTIO
2864 278 2935 332 ll.

3685 285 3833 339 12ιῖ

556 390 989 449 verentissimum
1012 388 1265 456 templum
1298 385 1505 443 Domini
1541 402 1570 439 a
1594 386 1761 440 David
1786 385 2129 440 sanctissimo
2153 387 2207 448 Δ
2234 386 2363 440 tiam
2389 387 2632 443 locorum
2655 391 2899 458 quzedam
2930 391 3010 446 vis
3039 407 3200 446 unam
3227 395 3397 463 possit
3439 396 3646 451 habere
3680 413 3831 465 seni-

558 492 739 539 vatum
762 479 1098 548 dispositum,
1132 486 1186 531 et
1221 491 1251 529 a
1288 476 1575 530 Salomone
1613 476 1937 537 dedicatum,
1977 492 2139 543 ange-

536 570 733 625 'lorum
762 568 1006 623 excubiis
1036 564 1434 633 frequentatum
1462 606 1475 627 ,
1510 565 1704 618 divinis
1753 564 1986 619 oraculis
2012 564 2138 618 illu-

434 654 438 662 ’
482 666 485 669 ’
544 652 786 717 Δδιπλειιιιω
812 699 827 722 ,
875 654 1361 710 saeratissimarum
1393 654 1833 729 caeremoniarum
1864 653 2140 721 perpetuis

488 736 1021 803 A"observationib‘us
1041 751 1422 817 praeparatum,
1456 743 1598 811 quod
1631 743 1700 811 ob
1739 747 1818 813 tot
1842 742 2137 796 Charisma-

426 859 432 866 ·
465 829 467 832 ⁴
536 831 669 893 tum
696 836 1014 907 insigniaab
1051 834 1552 913 antiquis‘patribns
1590 832 1767 886 fuerat
1799 828 2135 894 veneratum,

428 936 442 956 λ
484 940 489 943 ’
556 914 1062 1013 asubsequentibus
1104 916 1405 995 quibusQue
1447 923 1689 992 ejusdem
1719 924 1933 1001 generis
1968 921 2139 991 pessi-

522 1087 535 1097 ἢ
555 1014 671 1097 "mis.
702 1019 921 1097 regibus
962 1018 1227 1095 idolorum
1273 1016 1521 1071 sordibus
1546 1015 1861 1083 ueterisque
1892 1013 2147 1082 ﬂagitiis,

422 1106 466 1123 ι’
521 1092 695 1183 (proh
744 1092 923 1164 dolor!
964 1094 1333 1179 inquinatum,
1357 1115 1411 1160 et
1439 1106 1529 1161 ubi
1584 1106 1842 1175 Dominus
1890 1111 2143 1159 sanctua-

554 1188 709 1275 ‘i‘inm'
734 1204 889 1271 suum
916 1205 971 1255 et
1000 1197 1184 1275 locum.
1206 1196 1566 1275 habitationis
1598 1195 1781 1265 glorise
1805 1209 1915 1248 suae
1944 1190 2143 1247 consti—
2196 1204 2199 1207 '

424 1275 433 1295 ἱ
514 1296 533 1360 ς
562 1270 766 1362 tuerat',
810 1270 1101 1361 Manasses
1121 1270 1213 1341 rev
1248 1278 1527 1340 duodecim
1556 1285 1722 1354 signis
1754 1285 2009 1360 omnique
2042 1273 2142 1337 m’i_

554 1371 834 1452 ‘li’tizecmli
859 1381 985 1445 aras
1023 1368 1213 1447 erexit.
1264 1374 1391 1430 Post
1439 1375 1885 1451 restaurationem
1926 1380 2141 1445 quoque

562 1464 642 1537 sui
696 1452 982 1536 et‘Aggzei
1034 1452 1149 1535 sive
1199 1458 1473 1533 zachariae
1513 1454 1862 1533 prophetiam.
1898 1460 2140 1517 eamdem

559 1548 773 1628 Quoque
803 1559 1019 1610 domum
1048 1572 1077 1623 a_
1131 1556 1443 1611 Graecorum
1477 1557 1692 1625 regibus
1720 1557 1949 1625 legimus
1975 1555 2143 1611 fuisse

558 1643 919 1714 profanatam,
952 1659 1053 1699 nec
1076 1661 1107 1697 a
1129 1645 1503 1713 perpetrandis
1527 1645 1687 1697 rebus
1713 1644 1912 1699 illicitis
1930 1644 2139 1712 illarum

2242 490 2339 542 per
2370 478 2761 540 constantiam,
2790 480 2924 556 quia
2954 497 3053 535 nec
3078 482 3327 537 homines
3357 499 3479 537 eum
3510 482 3620 538 sint
3648 496 3831 542 muta-

2240 564 2393 629 biles,
2418 566 2579 621 unius
2597 583 2809 636 semper
2823 572 3126 625 retinentur
3153 573 3462 628 tenacitatis
3484 575 3667 645 rigore
3692 593 3832 634 con-

2240 656 2447 720 stricti,
2484 659 2781 724 prmsertim
2820 674 2943 713 cum
2966 669 3020 714 et
3042 658 3208 717 Iudas
3235 665 3324 733 qui
3353 648 3625 735 (mundam
3640 658 3832 724 fuerat

2240 748 2533 815 apostolus,
2558 750 2897 831 postmodum
2925 752 3151 809 effectus
3176 764 3257 810 est
3282 756 3527 824 apoStata
3552 774 3566 821 ;
3604 765 3660 812 e’t
3680 760 3831 813 Pau-

2239 836 2322 892 lus’
2342 839 2432 907 qui
2455 840 2726 908 quondam
2751 839 2927 905 fuerat
2950 842 3147 899 Saulus
3176 852 3229 899 et
3252 850 3570 914 persecutor
3590 862 3613 912 ,‘
3634 859 3828 918 postea

2240 926 2461 983 elfectus
2494 938 2577 983 est
2614 930 2802 984 doctor
2846 934 3080 1001 gentium
3126 942 3181 989 et
3210 932 3575 1004 praedicator'i
3619 940 3673 992 et
3708 939 3827 995 loca

2240 1032 2359 1086 qua:
2406 1019 2611 1088 pridem
2669 1021 2883 1076 fuerant
2933 1023 3132 1079 divinis
3182 1026 3419 1103 cultibus
3469 1029 3777 1096 mancipata
3811 1072 3825 1091 ,

2205 1173 2209 1176 ξ
2240 1118 2425 1177 postea
2458 1110 2653 1166 fuerint
2680 1130 2709 1166 a
2749 1115 3000 1184 gentibus
3018 1100 3340 1185 profanata;
3371 1102 3427 1170 et
3452 1118 3689 1187 explosis
3717 1120 3828 1191 ple-

2243 1201 2467 1268 rumque
2496 1202 2966 1268 profanationibus
2993 1206 3111 1259 loca
3138 1222 3258 1277 quae
3291 1207 3502 1279 impura
3530 1209 3826 1266 Credeban—

2185 1362 2188 1366 Δ
2214 1284 2221 1287 ’
2243 1295 2346 1349 tur,
2391 1289 2584 1342 divinis
2612 1293 2952 1360 postmodum
2988 1295 3221 1349 cultibus
3247 1296 3645 1364 mancipentur.
3675 1299 3825 1355 inso-

2245 1378 2369 1430 lenti
2393 1376 2649 1446 prmterea
2672 1382 2941 1436 desiderio
2965 1392 3075 1439 tam
3109 1386 3195 1439 isti
3224 1403 3387 1456 quam
3417 1392 3602 1442 eorum
3632 1391 3825 1463 prode-

2243 1482 2487 1521 cessores
2536 1470 2799 1539 synodum
2843 1476 3088 1529 ambiunt
3120 1478 3346 1545 agitare,
3372 1493 3595 1547 eamque
3616 1486 3706 1534 sex
3734 1494 3828 1533 ve-

2242 1556 2574 1615 nerabilibus
2632 1566 2849 1632 synodis
2902 1581 3022 1634 qua:
3066 1583 3166 1636 pro
3206 1558 3526 1638 quibusdam
3569 1571 3829 1627 Ecclesia:

2242 1647 2568 1703 utilitatibus
2613 1652 2840 1707 diversis
2886 1657 3257 1726 temporibus,
3313 1659 3408 1714 sed
3463 1676 3567 1714 non
3611 1658 3825 1715 diversa

559 1744 778 1805 uitatum
814 1735 1063 1789 homines
1097 1734 1198 1788 loci
1228 1735 1559 1803 compescuit
1600 1735 1907 1805 reverentia
1935 1775 1949 1797 ,
2008 1750 2141 1802 quo-
2174 1722 2215 1780 Β
2246 1738 2392 1793 [idea
2416 1740 2617 1795 sanctis
2645 1742 2776 1796 viris
2800 1722 3016 1814 agitata;
3034 1755 3160 1801 sunt
3183 1749 3469 1811 associare,
3508 1757 3562 1802 et
3588 1749 3827 1818 septima:

561 1842 682 1880 rum
737 1833 943 1880 mentes
991 1825 1379 1879 diabolicarum
1440 1825 1813 1879 illecebrarum
1878 1822 2140 1879 infecerat

560 1904 783 1970 Saevitia.
821 1913 1128 1969 Iudaeorum
1171 1930 1361 1983 nempe
1411 1922 1641 1968 caterva:
1675 1930 1794 1984 qua:
1822 1916 2139 1968 meritorum

561 2006 859 2076 insignibus
885 2013 1133 2060 carentes
1161 2006 1344 2074 templi
1374 2005 1711 2059 solummodo
1738 2022 1795 2059 se
1839 2005 2137 2081 munitione

562 2098 701 2151 tueri
730 2097 1172 2162 arbitrabantur,
1225 2097 1310 2152 his
1343 2112 1440 2167 per
1485 2097 1772 2151 Jeremiam
1820 2113 1852 2152 a
1914 2098 2141 2152 Domino

559 2186 739 2241 verbis
762 2194 1059 2258 arguuntur
1088 2204 1102 2240 :
1135 2186 1330 2248 Nolite,
1366 2186 1560 2256 inquit,
1599 2185 1861 2253 conﬁdere
1888 2187 1942 2239 in
1972 2188 2138 2241 verbis

561 2278 841 2342 mendacii,
868 2278 1095 2331 dicentes
1125 2294 1142 2331 :
1177 2277 1445 2347 Templum
1474 2276 1685 2329 Domini
1704 2316 1718 2336 ,
1763 2276 2008 2346 templum
2038 2276 2143 2329 Do-

562 2369 730 2434 mini,
759 2368 1005 2439 templum
1045 2368 1257 2422 Domini
1286 2377 1361 2423 est
1390 2409 1404 2433 ,
1450 2379 1505 2422 et
1538 2377 1733 2423 czetera
1766 2368 1981 2437 (Jerem.
2018 2369 2138 2440 vn).

520 2454 527 2459 ’
564 2456 623 2510 Si
648 2471 777 2528 ergo
819 2457 887 2511 ad
911 2460 1035 2513 novi
1060 2459 1393 2513 Testamenti
1422 2468 1663 2530 tempora
1684 2460 1983 2525 veniamus,
2024 2476 2143 2515 eas—

564 2548 683 2602 dem
715 2564 930 2617 quoque
963 2557 1271 2603 sanctorum
1307 2550 1547 2604 locorum
1574 2566 1604 2604 a
1629 2551 1810 2619 pravis
1834 2551 2141 2605 hominibus

562 2638 967 2708 profanationes
1004 2648 1345 2708 perpetratas
1391 2640 1557 2696 fuisse
1598 2643 1927 2711 reperiemus
1956 2682 1972 2707 ,
2019 2657 2143 2696 cum

566 2730 817 2785 videlicet
837 2732 893 2786 in
914 2733 1093 2787 crucis
1113 2748 1243 2801 rupe
1272 2735 1385 2788 sive.
1410 2735 1462 2787 in
1485 2735 1601 2788 loco
1624 2736 2037 2790 resurrectionis
2057 2736 2141 2791 vel

564 2822 727 2874 etiam
779 2821 834 2874 in
876 2837 1038 2890 specu
1073 2824 1376 2878 Betheleem
1404 2864 1418 2891 ,
1463 2826 1555 2879 ubi
1604 2826 1862 2880 Dominus
1890 2826 2144 2895 parvulus

567 2912 752 2981 vagiit,
792 2912 933 2967 idola
974 2913 1146 2982 posita
1177 2913 1341 2970 fuisse
1365 2931 1394 2970 a
1423 2917 1714 2986 gentilibus
1733 2918 2138 2986 perhibeantur.

564 3001 655 3055 Ait
679 3002 821 3057 enim
857 3004 1047 3059 beatus
1070 3005 1431 3077 Hieronymus
1461 3024 1473 3060 :
1513 3025 1531 3056 ‹
1572 3007 1656 3062 Ab
1680 3007 1901 3063 Adriani
1937 3016 2143 3083 tempo-

567 3091 715 3161 ribus
744 3107 915 3161 usque
945 3095 1013 3149 ad
1035 3096 1319 3165 imperium
1340 3096 1678 3153 Constantini
1708 3114 1805 3167 per
1833 3116 2005 3154 annos
2033 3102 2141 3154 cir-

568 3181 705 3236 citer
726 3198 931 3249 ccxxx,
978 3185 1034 3239 in
1074 3187 1191 3242 loco
1232 3190 1647 3245 resurrectionis
1686 3191 2030 3245 simulacrum
2056 3192 2147 3246 Jo-

567 3272 670 3339 vis,
716 3273 771 3327 in
802 3275 981 3330 crucis
1029 3292 1160 3347 rupe
1191 3287 1371 3333 statua
1421 3295 1488 3335 ex
1534 3294 1804 3335 marmore
1850 3282 2069 3336 Veneris
2115 3298 2145 3335 a

567 3365 854 3434 gentilibus
884 3368 1059 3436 posita
1108 3371 1403 3434 colebatur,
1436 3371 1870 3427 existimantibus
1897 3389 2146 3443 persecu-

569 3458 731 3513 tionis
759 3461 1065 3515 auctoribus
1111 3463 1253 3529 quod
1289 3463 1537 3517 tollerent
1575 3465 1730 3519 nobis
1776 3465 1935 3518 fidem
1965 3481 2148 3519 resur-

569 3549 826 3604 rectionis
852 3558 908 3603 et
924 3550 1121 3616 crucis,
1152 3551 1197 3604 si
1229 3551 1344 3605 loca
1388 3562 1574 3607 sancta
1619 3570 1719 3622 per
1756 3554 1895 3606 idola
1925 3554 2146 3621 polluis-

567 3646 706 3690 sent.
740 3635 1011 3689 Bethleem
1041 3652 1183 3689 nunc
1219 3646 1459 3690 nostram
1502 3647 1556 3691 et
1585 3639 2024 3708 augustissimum
2052 3656 2145 3692 ur-

564 3724 651 3779 bis
671 3724 847 3777 locnm
866 3761 883 3780 .
907 3724 974 3776 de
998 3720 1106 3792 qtt‘o
1137 3723 1420 3778 Psalmista
1442 3726 1585 3779 canit
1612 3741 1627 3779 :
1670 3725 1871 3781 Veritas
1912 3728 1975 3782 de
2002 3737 2142 3782 terra

565 3820 684 3867 orta
703 3821 799 3874 est,
838 3811 991 3867 lucus
1034 3812 1373 3868 inumbrabat
1409 3814 1630 3881 Tamuz,
1660 3816 1712 3871 id
1732 3825 1833 3882 est,
1858 3818 2138 3882 AdOnidis,

563 3902 697 3957 etin
742 3916 905 3971 specu
927 3904 1019 3958 ubi
1064 3903 1313 3960 Christus
1353 3907 1621 3975 quondam
1651 3908 1907 3978 parvulus
1952 3909 2138 3977 vagiit,

564 3990 790 4047 Veneris
819 3994 1057 4050 amasius
1102 3995 1475 4067 plangebatur.
1519 4016 1538 4049 ι
1584 3997 1641 4052 Si
1678 4014 1806 4069 ergo
1846 3999 2142 4055 nativitatis

560 4082 761 4138 Christi
788 4085 965 4140 locum
989 4087 1248 4143 Adonidis
1274 4088 1426 4143 lucus
1454 4091 1630 4158 potuit
1655 4092 1940 4160 inquinare
1962 4133 1977 4158 ,
2009 4092 2140 4160 quid

562 4174 762 4228 mirum
786 4176 833 4231 si
856 4184 1055 4232 sanctm
1072 4179 1262 4253 synodi
1284 4179 1461 4233 locum
1480 4195 1747 4250 perversa:
1771 4183 2140 4237 conventionis

561 4267 721 4321 turba
744 4268 921 4333 potuit
943 4268 1011 4323 ad
1035 4285 1123 4323 res
1150 4269 1369 4326 illicitas
1393 4273 1705 4327 statuendas
1734 4273 2037 4343 usurpare?
2071 4272 2139 4326 Et

2242 1829 2432 1896 synodi
2466 1834 2866 1900 nuncupatione
2885 1836 3115 1891 censeri.
3140 1836 3272 1891 Nam
3304 1838 3427 1891 dum
3459 1845 3512 1891 et
3545 1837 3621 1891 illi
3646 1846 3701 1892 et
3738 1838 3829 1892 isti

2242 1921 2294 1974 in
2322 1921 2424 1975 hac
2454 1937 2515 1976 re
2556 1924 2860 1994 importune
2896 1928 3183 1982 credantur
3224 1929 3490 1993 inhiasse,
3532 1945 3707 2000 neque
3746 1929 3829 1983 illi

2241 2027 2416 2081 neque
2452 2014 2541 2067 isti
2570 2016 2710 2071 hanc
2742 2018 2807 2071 ad
2841 2034 2952 2072 suae
2986 2019 3295 2073 ambitionis
3342 2018 3594 2074 elfectum
3634 2020 3828 2073 value-

2242 2109 2368 2153 runt
2387 2104 2704 2170 perducere.
2738 2104 3025 2175 Cupientes
3059 2122 3185 2175 ergo
3214 2107 3360 2161 illam
3395 2123 3514 2176 qua:
3543 2109 3611 2162 ab
3639 2122 3836 2162 eorum

2240 2188 2716 2256 prodecessoribus
2744 2194 2954 2248 incaute
2990 2205 3042 2248 et
3067 2195 3360 2248 enormiter
3400 2202 3548 2262 gesta
3574 2204 3659 2247 est
3689 2196 3839 2249 abo-

2245 2279 2373 2343 lere,
2403 2288 2455 2334 et
2482 2297 2631 2335 suam
2654 2299 2769 2350 quae
2798 2285 2973 2349 inepte
3002 2291 3055 2334 et
3078 2281 3269 2335 stolide
3294 2281 3643 2336 nihilominus
3670 2289 3843 2352 gesta

2243 2377 2327 2423 est
2352 2379 2586 2424 statuere
2609 2410 2623 2435 ,
2653 2372 2960 2440 paradigma
2986 2370 3263 2438 cujusdam
3294 2371 3552 2424 retulere.
3591 2370 3697 2437 Qui
3730 2386 3836 2426 sex

2243 2461 2420 2514 aureis
2445 2461 2676 2514 nummis
2698 2461 2987 2529 septimum
3017 2461 3205 2515 volens
3232 2461 3525 2524 associare,
3566 2461 3695 2514 dum
3724 2462 3831 2516 ad-

2242 2552 2451 2604 mittere
2473 2551 2623 2604 nisus
2649 2559 2731 2605 est
2757 2566 2979 2605 aureum
2997 2593 3010 2615 ,
3060 2565 3261 2605 mreum
3294 2550 3413 2606 loco
3436 2551 3589 2604 aurei
3629 2551 3832 2606 dicitur

2242 2640 2550 2706 admisisse;
2573 2657 2680 2710 quo
2698 2641 2785 2696 isti
2815 2642 3036 2711 expulso
3063 2656 3288 2695 aureum
3310 2642 3488 2694 aureis
3513 2656 3571 2695 se
3594 2641 3829 2711 glorian-

2244 2739 2332 2784 tur
2361 2732 2684 2797 associasse;
2714 2733 2803 2801 qui
2840 2733 2885 2786 si
2921 2732 3205 2802 diligenter
3238 2733 3523 2785 advertant
3552 2729 3680 2785 dum
3720 2733 3830 2786 nisi

2245 2831 2371 2877 sunt
2398 2824 2518 2878 loco
2554 2824 2678 2878 terei
2707 2825 2950 2893 ingerere
2976 2840 3219 2886 aureum,
3252 2822 3499 2878 intulisse
3533 2824 3828 2877 creduntur

2245 2922 2557 2978 stanneum,
2588 2923 2641 2971 et
2667 2916 2953 2984 septimum
2977 2914 3166 2985 synodi
3198 2930 3480 2969 numerum
3518 2931 3679 2984 quem
3702 2931 3827 2985 pro-

2246 3003 2561 3058 decessores
2582 3020 2767 3058 eorum
2790 3020 2938 3058 aenea
2973 3004 3180 3073 synodo
3210 3003 3496 3057 voluerunt
3531 3003 3825 3072 complere,

2249 3101 2469 3146 stannea
2514 3093 2602 3146 isti
2630 3093 2978 3148 nihilominus
3004 3094 3211 3163 synodo
3239 3093 3506 3162 applicata
3533 3094 3831 3149 moliuntur

2245 3182 2555 3251 adimplere,
2603 3184 2695 3236 sed
2732 3183 2946 3252 repulso
2984 3197 3014 3236 a
3050 3183 3266 3251 septimi
3311 3184 3521 3237 numeri
3566 3184 3827 3254 mysterio

2246 3294 2466 3333 nummo
2493 3292 2662 3343 ωηο,
2695 3278 2883 3331 abacto
2908 3292 3120 3346 quoque
3156 3284 3409 3340 stanneo,
3459 3276 3558 3331 soli
3589 3284 3826 3331 tantum—

2244 3367 2403 3420 modo
2425 3381 2518 3419 sex
2550 3366 2940 3429 remanebunt,
2983 3380 3117 3434 quos
3145 3374 3199 3419 et
3231 3367 3439 3421 numeri
3467 3365 3726 3435 perfectio
3765 3377 3825 3422 et

2247 3456 2421 3523 fulgor
2445 3454 2724 3508 catholica:
2748 3456 3067 3509 eruditionis
3097 3450 3347 3521 illustrat,
3386 3457 3439 3511 in
3469 3458 3656 3525 quibus
3681 3464 3736 3511 et
3765 3458 3823 3512 in

2244 3545 2364 3598 fidei
2390 3544 2623 3611 puritate
2642 3544 2992 3611 purissimum
3013 3562 3203 3600 aurum
3230 3547 3435 3612 rutilat,
3453 3555 3505 3601 et
3523 3546 3576 3600 in
3593 3561 3827 3601 numero

2242 3631 2591 3702 perfectionis
2631 3632 2800 3702 gloria
2832 3644 3061 3703 regnat:
3089 3637 3345 3705 quoniam
3377 3636 3430 3690 in
3464 3635 3678 3690 senario
3715 3651 3820 3689 nu-

2243 3737 2412 3785 mero,
2447 3721 2540 3789 qui
2570 3721 2755 3791 utique
2790 3723 3060 3791 perfectus
3086 3731 3199 3788 est,
3226 3723 3613 3793 perfectionem
3640 3723 3823 3778 Eccle-

2241 3810 2473 3865 siasticae
2494 3810 2891 3878 praedicationis
2922 3812 3121 3867 habere
3145 3814 3415 3878 videntur,
3455 3821 3514 3866 ut
3544 3812 3601 3865 in
3628 3812 3816 3871 tribus,

2241 3900 2383 3968 quod
2408 3908 2491 3955 est
2532 3899 2649 3968 ejus
2674 3902 2964 3963 medietas,
3007 3910 3206 3955 sancta":
3235 3901 3520 3957 Trinitatis
3555 3900 3820 3957 confessio

2241 3992 2562 4059 declaretur,
2591 3992 2644 4046 in
2659 3994 2882 4057 duobus,
2913 3995 3059 4063 quod
3074 4002 3155 4049 est
3182 3993 3298 4062 ejus
3329 3996 3489 4049 tertia
3509 4010 3654 4064 pars,
3685 3994 3819 4047 duo-

2241 4098 2360 4135 rum
2389 4090 2831 4136 testamentomm
2870 4083 2982 4138 sive
3012 4085 3241 4138 duorum
3272 4084 3625 4147 talentorum,
3661 4082 3819 4137 intel-

2240 4173 2411 4227 lectus
2430 4173 2679 4227 videlicet
2705 4181 2760 4228 et
2782 4174 3111 4242 operationis
3133 4189 3329 4229 munus
3351 4189 3381 4228 a
3407 4181 3588 4229 sancta
3624 4181 3679 4228 et
3697 4173 3820 4227 uni-

2240 4279 2300 4318 ca
2348 4264 2610 4319 Trinitate
2660 4279 2973 4319 concessum
3031 4265 3317 4332 immatur;
3374 4281 3540 4335 porro
3581 4266 3635 4320 in
3690 4278 3815 4327 uno,

559 4355 608 4409 si
631 4354 891 4411 Calvariae
921 4360 1120 4413 montis
1155 4360 1353 4425 locum,
1401 4377 1560 4429 quem
1589 4362 1836 4417 Christus
1862 4364 1927 4417 ad
1959 4364 2136 4418 crucis
2170 4396 2217 4452 ο
2239 4357 2382 4425 quod
2409 4364 2491 4411 est
2526 4363 2677 4410 sexta
2724 4355 2839 4423 eius
2869 4371 3014 4425 pars,
3061 4356 3176 4411 sive
3201 4358 3401 4412 veteris
3420 4358 3657 4413 hominis
3686 4373 3816 4411 con-

562 4451 823 4512 tropaeum
870 4460 1101 4516 pergens
1153 4447 1388 4515 glorioso
1426 4449 1560 4502 calle
1600 4450 1847 4513 calcavit,
1888 4465 1919 4503 a
1966 4451 2137 4517 genti-

561 4533 702 4588 libus
726 4535 959 4602 positum
991 4536 1218 4589 Veneris
1249 4537 1593 4591 simulacrum
1624 4538 1864 4604 foedavit,
1892 4540 2019 4608 quid
2043 4542 2136 4595 mi-

560 4638 681 4676 rum
738 4624 784 4675 si
822 4623 999 4676 locum
1047 4639 1209 4692 quem
1260 4626 1531 4694 quondam
1575 4636 1885 4683 sanctorum
1915 4629 2133 4684 Patrum

562 4710 787 4779 insignis
812 4717 1026 4764 caterva
1056 4713 1124 4766 ad
1146 4713 1307 4768 fidem
1328 4717 1649 4772 catholicam
1672 4717 2030 4774 roborandam
2054 4720 2135 4773 in-

560 4800 717 4865 sedit,
751 4801 971 4857 demens
990 4810 1176 4872 postea
1198 4807 1537 4863 sacerdotum
1562 4810 1848 4866 multitudo
1875 4812 1942 4865 ad
1969 4827 2135 4866 novas

560 4896 612 4945 et
632 4888 888 4944 Ecclesiae
908 4892 1209 4948 contrarias
1236 4896 1646 4953 constitutiones
1681 4899 2011 4954 roborandas
2042 4914 2134 4967 ap-

560 4984 748 5056 petiit?
781 4984 849 5038 Et
874 4984 921 5038 si
948 4985 1125 5040 locum
1155 4991 1563 5046 resurrectionis
1592 5005 1751 5058 quem
1777 4989 2026 5043 Christus
2051 5005 2135 5044 re

558 5072 825 5141 s‘urgendo
885 5076 1262 5147 angelicosque
1334 5088 1508 5135 cretus
1574 5076 1891 5132 mortalibus
1956 5086 2136 5131 osten-

560 5161 733 5216 dendo
781 5162 1001 5228 dicavit,
1054 5164 1202 5220 Jovis
1246 5166 1595 5219 simulacrum
1641 5164 1964 5233 profanavit,
2007 5166 2137 5235 quid

559 5251 757 5304 mirum
778 5251 823 5305 si
847 5251 1140 5324 imaginum
1162 5255 1405 5317 adoratio
1430 5271 1458 5308 a
1483 5255 1819 5311 dementibus
1837 5258 2135 5327 quibusque

562 5340 612 5395 in
637 5344 829 5417 eadem
862 5344 934 5399 sit
961 5352 1163 5400 statuta
1199 5346 1333 5399 urbe
1360 5345 1637 5417 Bithynite,
1666 5347 1718 5402 iu
1752 5362 1856 5417 qua
1888 5347 2135 5404 Christus

561 5433 764 5499 pridem
787 5449 817 5486 a
836 5434 1153 5490 venerandis
1181 5436 1500 5505 praesulibus
1521 5440 1843 5508 prmdicatus
1868 5449 1951 5494 est
1974 5442 2135 5495 unius

562 5535 683 5574 cum
713 5522 874 5578 Patre
906 5539 1026 5579 esse
1057 5525 1407 5582 substantiae?
1449 5529 1544 5583 His
1587 5530 1767 5597 itaque
1801 5528 2135 5583 documentis

563 5616 737 5675 potest
770 5614 1053 5678 approbari
1081 5618 1223 5683 quod
1248 5633 1354 5673 non
1378 5620 1668 5673 secundum
1697 5617 1909 5673 illorum
1929 5616 2103 5685 iaetan

2240 4447 2389 4509 ditio,
2424 4447 2517 4515 qui
2555 4454 2705 4501 sexto
2749 4447 2834 4501 die
2859 4446 3123 4503 formatus
3158 4456 3270 4513 est,
3303 4448 3417 4503 sive
3450 4451 3575 4503 novi
3610 4464 3817 4503 assum-

2235 4535 2367 4605 ptio,
2398 4548 2557 4603 quem
2586 4549 2684 4603 pro
2710 4536 2879 4590 salute
2906 4537 3089 4592 mundi
3118 4546 3268 4592 sexta
3293 4545 3452 4592 aetate
3479 4538 3659 4593 saeculi
3691 4538 3814 4593 Filii

2235 4641 2464 4695 persona
2486 4628 2741 4698 suscepit,
2763 4628 3167 4684 evidentissima
3181 4622 3590 4691 demonstratuf,
3622 4628 3808 4695 sicque

2238 4716 2291 4769 in
2327 4717 2412 4770 his
2435 4732 2527 4770 sex
2573 4716 2952 4771 sacratissimis
2980 4718 3199 4787 synodis
3221 4726 3272 4773 et
3303 4723 3496 4771 sanctae
3521 4715 3805 4772 Trinitatis

2236 4804 2549 4871 mysterium
2597 4805 2946 4871 praedicatur,
2985 4814 3038 4860 et
3093 4806 3318 4862 duorum
3356 4811 3806 4861 testamentorum

2236 4891 2584 4945 consonantia
2607 4891 2687 4946 vel
2716 4891 3022 4949 intellectus
3047 4903 3101 4949 et
3125 4894 3453 4965 operationis
3478 4909 3673 4949 munus
3703 4893 3806 4948 ha-

2234 4982 2393 5036 betur
2424 4989 2478 5036 et
2508 4982 2798 5038 Dominica:
2821 4984 3208 5041 incarnationis
3252 4975 3350 5056 pro
3374 4987 3607 5041 humana
3632 4983 3811 5038 salute

2236 5068 2366 5124 ﬁdes
2392 5071 2726 5140 perdocetur,
2759 5080 2812 5126 et
2835 5073 2961 5143 quia
2988 5074 3121 5128 nihil
3147 5076 3343 5129 horum
3384 5074 3487 5129 illis
3513 5072 3695 5136 deest,
3729 5086 3809 5125 se-

2233 5158 2372 5211 narii
2411 5159 2617 5213 numeri
2654 5161 2984 5229 perfectione
3007 5164 3342 5220 muniuntur.
3378 5161 3496 5217 Jam
3534 5177 3665 5215 vero
3686 5159 3805 5230 quia

2236 5259 2344 5303 tam
2382 5250 2589 5304 ardenti
2625 5252 2887 5307 desiderio
2922 5270 3072 5309 suam
3120 5256 3387 5325 synodum
3422 5253 3659 5322 antiquis
3693 5267 3806 5321 syn—

2233 5340 2352 5395 odis
2376 5341 2597 5409 cupiunt
2611 5344 2895 5405 associare,
2926 5345 3181 5399 associari
3205 5346 3321 5400 haec
3335 5345 3550 5413 quidem
3577 5344 3806 5411 antiqua:

2234 5434 2445 5488 cuidam
2502 5434 2918 5491 Ariminensium
2967 5438 3170 5507 synodo
3235 5443 3397 5504 atque
3459 5431 3805 5489 annumerari

2232 5532 2435 5593 potest,
2469 5526 2721 5595 quoniam
2763 5527 2902 5581 sicut
2930 5528 2982 5581 in
3022 5528 3109 5581 illa
3136 5526 3389 5598 ὁμουσίων
3418 5525 3687 5582 confessio
3718 5525 3806 5578 ab-

2235 5617 2443 5671 dicatur
2466 5656 2480 5681 ,
2516 5618 2587 5670 ita
2612 5618 2662 5670 in
2690 5619 2789 5673 ista
2814 5619 2977 5675 solius
3003 5619 3094 5674 Dei
3126 5619 3360 5675 cultores
3385 5627 3441 5674 et
3467 5620 3581 5675 veri
3618 5619 3802 5674 adora-
