4008 6154
170 347 207 361 η
239 289 388 361 tata

1019 289 1194 344 LIBRI
1229 286 1569 366 CAROLINI.
1609 317 1680 326 —
1709 285 1929 373 CAPIT.
1972 290 2058 344 DE
2094 291 2284 347 IMAG.
2324 324 2393 333 --
2428 295 2560 349 LIB.
2598 295 2683 350 IV.

3351 307 3489 361 1214

236 379 395 468 tores
439 408 824 475 exsecrantur;
875 407 931 453 et
973 402 1127 478 sicut.
1162 384 1215 454 in
1263 400 1355 454 illa
1388 401 1715 455 diversarum
1752 390 1805 450 in
1835 399 1883 453 Α
1910 414 2029 466 quae
2054 402 2121 455 ab
2148 402 2444 460 artiﬁcibus
2480 421 2550 460 ex
2583 407 2814 464 diversis
2841 412 3080 467 materiis
3100 413 3178 477 fit,
3213 417 3484 472 absurdis-

236 489 507 556 Trinitate
562 488 1556 559 substan‘ttarumperniciosissimum
1619 489 1805 556 dogma

218 566 526 656 statuitur,
542 579 620 654 ita
648 568 833 653 inista
856 580 1185 656 diversarum
1233 568 1605 655 rerumcul‘tus
1630 586 1682 632 et
1716 577 1808 631 ad—
1836 589 1844 594 '

109 652 112 667 1
146 652 154 735 η’
172 650 205 745 ξ
229 652 413 745 oratio
442 650 557 739 soli:
573 650 874 743 Deodebita
892 650 1255 745 percensetur.
1280 667 1361 721 Sit
1386 650 1527 737 ergo:
1550 669 1603 721 in
1625 656 1815 735 hujus-5
1856 686 1861 693 ν

98 752 121 757 ’”
190 742 203 821 ί
229 742 447 827 ωἰηὸδί
480 744 705 834 numero
741 742 923 833 prima
944 742 1192 828 synodus
1214 806 1217 825 ς
1241 742 1695 834 Ᾰτίῐιιίήέηείυιης
1722 771 1807 810 se.

100 910 103 913 _
145 835 159 844 ’“
208 837 433 919 ἒιιιιάᾴ
458 832 811 919 illaquzeab'
835 834 1055 909 istorum
1091 832 1563 919 piro‘deeeSSoribus
1588 847 1693 914 pro
1713 840 1837 901 ba?

90 924 143 1002 ίί
170 922 515 1017 ίβίιίᾳειξὶιιίι
546 920 822 1012 abolendis
864 926 1150 1015 ornatibus
1172 946 1345 1021 gesta“
1368 944 1467 1007 est,
1486 923 1807 1011 Ltertla'htec

1910 488 2042 543 sime
2070 500 2123 545 et
2156 494 2581 563 incompetenter
2620 497 2974 565 loeutus‘est,
2997 511 3000 514 ‘
3024 518 3144 555 cum
3179 507 3479 571 prmsertim

1864 575 2107 665 “liquido
2144 586 2341 651 pateat”
2371 589 2641 642 neminem
2688 588 2999 646 mortalium
3046 600 3230 648 Veram
3274 596 3478 652 Christi

1904 662 2064 734 posse
2118 670 2351 730 formare
2392 676 2724 749 imaginem.
2779 680 2915 735 Cum
2954 677 3114 736 enim
3145 690 3292 738 'vera
3322 688 3480 742 ‘dici-

1906 764 2013 821 tur,
2056 761 2278 816 multum
2309 762 2508 821 ab'hac
2534 782 2653 835 quae
2677 771 2744 824 ab
2766 768 3064 826 artiﬁcibus
3082 770 3480 841 tingitur-elon-

1866 850 2080 916 “gatur,
2105 850 2355 917 quoniam
2408 856 2671 922 quantum"
2700 857 2902 913 veritas
2927 873 2957 912 a
2987 854 3436 917 Paleitate‘dlﬂert
3460 903 3475 927 ,

1905 942 2115 989 tantum
2140 936 2497 1015 reraChristi
2530 943 2711 1013 imago
2734 944 2806 999 ab
2835 948 2905 1000 ea
2922 947 3115 1013 distat,
3156 955 3318 1018 quam
3343 951 3476 1005 arti-

1892 1024 2020 1081 ‘ficis
2043 1028 2208 1082 docta
2242 1030 2599 1087 siveiudoeta
2620 1034 2814 1089 manus
2833 1038 2932 1103 pro
2952 1046 3111 1107 captu
3134 1040 3345 1109 ingenii?
3360 1041 3477 1097 for-

98 1014 165 1093 7;,
198 1014 454 1100 gum-"ab
479 1019 603 1105 i595;
629 1032 697 1084 ob
726 1014 1334 1105 i‘nmginumﬁc‘nhumet
1353 1018 1721 1105 adorationem
1747 1020 1811 1081 iri

192 1106 370 1191 ’,μὲὺρ
396 1101 575 1191 Nimia
602 1110 797 1197 agitata
840 1118 924 1197 est
952 1136 964 1172 :
992 1102 1070 1188 ita
1098 1101 1687 1197 iduntaxq‘atfutfpri‘ma
1732 1119 1803 1173 sit
1900 1112 2053 1171 man
2087 1116 2141 1172 Si
2174 1122 2302 1190 vero
2338 1122 2445 1173 de”
2468 1118 2720 1191 corporis
2777 1101 2849 1178 et
2872 1101 3153 1196 sanguinis
3188 1101 3479 1189 :D’o'tfﬁnici

180 1197 193 1261 Ῐ
218 1196 696 1287 nummuslaercbs,
742 1194 975 1287 secunda
1003 1201 1278 1275 Stanneus,
1320 1194 1871 1287 tertiaplumbcusf?‘
1898 1202 2155 1279 mysterio
2204 1210 2347 1279 quod
2364 1206 2613 1281 quotidie
2632 1215 2709 1268 t'i‘n
2747 1194 3112 1272 'sacramento'
3147 1233 3177 1273 a
3202 1214 3480 1282 r‘ﬁdélibus

164 1287 182 1308 ί
212 1286 481 1379 mmmam
499 1283 632 1362 cum
658 1283 1132 1377 habeant‘intcr‘se
1168 1307 1465 1367 temporum
1488 1285 1785 1367 distantia"

1888 1290 2548 1369 sumiturdi'cere-voluit,
2572 1305 2716 1375 quod
2753 1299 2893 1361 inter
2918 1309 3088 1377 ip’sam
3110 1310 3326 1379 quidem
3343 1299 3479 1370 ‘sua-

204 1378 497 1458 restagnant,
527 1378 706 1444 tamen
730 1386 939 1449 habent.
956 1390 1309 1461 quorumdam
1338 1392 1584 1453 errorum
1608 1398 1799 1459 consoa'

212 1480 481 1546 nuntiam.
523 1480 593 1533 At
621 1481 666 1534 si
696 1480 920 1535 istorum
960 1478 1100 1537 fastu
1132 1489 1187 1534 et
1219 1481 1579 1539 ostentatione
1602 1492 1797 1533 secun-f

209 1566 287 1631 da
313 1555 600 1637 abjicitur,
632 1584 729 1623 nos
759 1583 972 1638 quoque
1000 1569 1080 1624 eis
1100 1560 1167 1623 ad
1190 1583 1309 1622 eam
1335 1583 1403 1621 ex
1440 1569 1543 1623 hoc
1576 1582 1797 1623 numero

206 1656 578 1726 abjiciendam
608 1658 988 1713 adminiculum
1015 1661 1351 1728 praebeamus
1378 1677 1392 1715 :
1423 1668 1475 1715 et
1501 1661 1673 1729 prima
1703 1662 1792 1725 sit,

206 1759 279 1805 ut
301 1750 511 1819 praefati
537 1766 754 1818 sumus,
789 1750 1229 1814 Ariminensium,
1273 1751 1504 1806 secunda
1535 1767 1661 1806 vero
1684 1752 1797 1808 htec

207 1858 344 1912 qua:
371 1842 440 1897 ab
482 1842 602 1896 istis
635 1850 784 1912 gesta
821 1849 938 1906 est,
990 1841 1160 1911 prima
1192 1842 1467 1905 videlicet,
1509 1851 1567 1896 ut
1592 1842 1797 1912 praefati

206 1948 427 1999 sumus,
457 1947 706 1988 nummus
729 1948 917 1997 aereus,
950 1940 1005 1988 et
1040 1933 1163 2001 quia
1200 1933 1288 1988 illa
1312 1934 1691 1999 contemnitur,
1717 1949 1797 1989 se-

207 2023 396 2078 cunda
442 2023 669 2077 istorum
711 2037 829 2091 qua:
855 2021 1092 2090 plumbei
1138 2024 1340 2076 nummi
1392 2023 1567 2078 locum
1617 2032 1791 2088 tenet,

207 2120 595 2180 computetur;
640 2119 799 2180 atque
830 2112 915 2165 his
939 2113 1268 2182 postpositis,
1303 2128 1395 2166 sex
1429 2115 1796 2168 tantummodo

207 2224 317 2263 nos
353 2207 557 2263 sanctis
580 2206 970 2261 universalibus
1002 2207 1223 2276 synodis
1255 2216 1309 2261 et
1335 2205 1596 2262 localibus
1623 2208 1798 2261 conci-

208 2299 327 2361 liis,
362 2313 483 2367 qua:
506 2297 579 2357 ab
624 2296 710 2350 his
738 2311 837 2350 nec
866 2295 971 2349 fide
1015 2311 1116 2350 nec
1154 2296 1539 2364 praedicatione
1583 2298 1794 2350 dissen-

209 2386 363 2438 tiunt
390 2384 625 2439 contenti
656 2384 840 2443 simus,
883 2392 937 2437 et
974 2384 1041 2437 ad
1086 2385 1349 2439 tremendi
1385 2385 1649 2440 examinis
1670 2384 1795 2439 ulti-

211 2478 405 2545 mique
431 2476 532 2531 diei
568 2490 667 2530 nos
706 2475 826 2529 ﬁdei
873 2475 1179 2544 integritate
1198 2484 1251 2529 et
1272 2476 1539 2531 bonorum
1569 2490 1792 2544 operum

210 2565 571 2620 incrementis
604 2564 820 2618 omnino
857 2563 1149 2623 terriﬁcum
1191 2578 1551 2633 prmparemus
1598 2566 1794 2619 adven-

206 2666 354 2722 tum,
387 2654 481 2725 qui
525 2652 641 2723 ejus
668 2654 902 2724 glorioso
932 2655 1105 2709 reditu
1139 2655 1525 2719 celebrabitur,
1573 2656 1638 2710 de
1682 2672 1790 2725 quo

208 2748 284 2802 ab
323 2745 551 2814 angelis,
582 2744 836 2814 apostolis
871 2745 1073 2800 dictum
1097 2752 1181 2800 est
1217 2763 1229 2799 :
1272 2743 1385 2799 Viri
1407 2745 1631 2809 Galiltri,
1666 2747 1790 2816 quid

205 2835 369 2889 statis
402 2834 708 2903 aspicientes
735 2834 789 2887 in
815 2831 1037 2887 calum?
1068 2833 1151 2886 hic
1175 2832 1328 2887 Jesus
1362 2834 1450 2903 qui
1481 2834 1785 2904 adsumptus

207 2934 291 2979 est
325 2943 358 2979 a
384 2924 543 2989 vobis,
567 2925 642 2978 sic
663 2925 824 2979 veniet
847 2926 1282 2995 quemadmodum
1306 2926 1506 2980 vidistis
1518 2943 1634 2980 eum
1657 2943 1784 2980 eun-

204 3024 317 3068 tem
349 3014 405 3067 in
438 3013 622 3068 calum
651 3014 787 3086 (Act.
815 3014 878 3084 1).

793 3105 1021 3161 CAPUT
1059 3106 1195 3162 XIV.

205 3195 301 3279 De.
345 3211 407 3249 eo
454 3194 595 3266 quod
622 3193 1323 3279 ‘Gregorius‘Neocwsarete
1361 3198 1629 3279 episcopus
1663 3200 1736 3253 ait
1766 3217 1779 3254 :

278 3265 555 3335 Lactentur
587 3270 642 3318 et
689 3265 959 3320 exsultent
1006 3274 1060 3320 et
1090 3265 1417 3334 praesumant
1462 3265 1553 3335 qui
1599 3283 1783 3324 veram

280 3332 482 3388 Christi
516 3335 800 3403 imaginem
832 3336 1063 3404 benigno
1089 3332 1270 3389 animo
1298 3332 1557 3391 facientes
1579 3348 1635 3392 et
1667 3340 1787 3394 dili-

277 3410 469 3477 gentes
500 3412 554 3459 ct
582 3417 899 3461 venerantes
924 3406 991 3460 ad
1024 3405 1482 3477 salutemanimae
1507 3416 1561 3462 et
1593 3424 1784 3477 corpo—

278 3474 361 3528 ris
387 3474 691 3537 offerentes,
712 3490 872 3547 quam
893 3476 1004 3543 ipse
1027 3476 1275 3530 sacrificii
1292 3475 1564 3547 perfector
1577 3486 1630 3532 et
1643 3474 1784 3532 Deus

281 3552 525 3613 nostram
590 3558 655 3596 ex
706 3545 862 3599 nobis
910 3560 977 3597 ex
1034 3552 1147 3599 toto
1199 3545 1498 3613 suscipiens
1548 3563 1783 3602 massam

284 3612 580 3686 secundum
606 3619 812 3686 tempus
843 3613 1155 3686 voluntaria:
1194 3612 1544 3686 passionisin
1568 3618 1783 3686 signum

281 3689 339 3735 et
360 3680 437 3802 lin
474 3681 789 3734 memoriam
832 3681 1169 3736 manifestam
1195 3680 1316 3738 suis
1364 3684 1584 3741 tradidit
1620 3680 1785 3741 disci-

281 3766 354 3802 nu
381 3765 445 3802 IS.

278 3765 445 3820 puns.

276 3838 526 3906 Gregorii
551 3838 714 3909 igitur
732 3836 1092 3893 Neocaesarea:
1117 3840 1349 3910 episcopi
1374 3842 1560 3898 inutile
1580 3842 1780 3897 dictum

204 3940 261 3988 et
286 3931 577 4001 imperitiae
596 3931 781 3987 nubilo
808 3939 1007 3986 tectum
1032 3947 1096 3989 ac
1121 3932 1334 4002 ineptiae
1371 3933 1659 3989 involucris
1682 3935 1750 3989 ob
1767 3964 1780 3974 -

202 4023 395 4085 situm,
430 4021 485 4074 in
513 4035 578 4076 eo
598 4036 810 4090 quoque
829 4022 1240 4090 reprehenditur
1259 4022 1400 4090 quod
1418 4023 1493 4077 ait
1530 4039 1543 4077 :
1583 4022 1781 4078 Lazten-

203 4124 294 4169 tur
322 4124 370 4169 et
410 4114 669 4170 exsultent
698 4124 747 4168 et
792 4125 1182 4185 prtesumantur
1214 4118 1303 4189 qui
1358 4135 1531 4173 veram
1582 4117 1779 4174 Christi

202 4207 485 4277 imaginem
515 4207 765 4276 facientes
790 4216 841 4262 et
882 4206 1157 4278 diligentes
1186 4220 1235 4263 et
1264 4220 1561 4266 venerantes
1589 4211 1660 4266 ad
1690 4230 1779 4267 sa-

205 4294 367 4349 lutem
410 4296 600 4349 animm
643 4304 691 4350 et
720 4297 955 4367 corporis
992 4299 1219 4367 offerunt
1242 4339 1257 4367 ,
1296 4310 1350 4355 et
1391 4308 1606 4355 caetera.
1638 4300 1778 4368 Quid

1897 1402 2015 1441 ram
2043 1393 2307 1461 nugarum
2329 1391 2879 1462 conglomerationem
2895 1391 3032 1466 pene
3049 1396 3321 1468 patefecit,
3351 1420 3474 1461 cum

1867 1470 1971 1531 “ait
2001 1497 2015 1531 :
2055 1478 2227 1545 Quam
2242 1482 2368 1550 ipse
2386 1478 2636 1552 sacriﬁcii
2674 1485 2932 1557 perfector
2967 1484 3016 1543 et
3052 1490 3195 1545 Deus
3243 1500 3478 1550 nostram

1894 1584 1958 1622 ea:
1984 1569 2131 1623 nobis
2157 1587 2225 1624 ea:
2250 1580 2356 1624 toto
2385 1576 2669 1644 suscipiens
2702 1578 2931 1631 massam
2957 1581 3245 1634 secundum
3274 1578 3476 1654 tempus

1897 1660 2206 1717 voluntaria:
2238 1665 2496 1734 passionis
2518 1667 2581 1719 in
2621 1668 2825 1737 signum
2856 1679 2905 1721 et
2938 1671 2995 1723 in
3030 1673 3334 1725 memoriam
3360 1689 3476 1727 ma-

1902 1753 2144 1821 nifestam
2172 1756 2282 1809 suis
2314 1757 2535 1810 tradidit
2571 1758 2876 1829 discipulis,
2926 1769 2981 1815 et
3024 1762 3078 1815 in
3115 1762 3217 1817 hoc
3261 1779 3474 1834 quoque

1897 1858 2004 1896 non
2034 1844 2377 1900 mediocriter
2396 1848 2616 1901 erravit.
2643 1848 2758 1903 Non
2778 1850 2920 1903 enim
2942 1851 3231 1920 imaginem
3255 1860 3349 1907 aut
3375 1854 3474 1910 ali-

1897 1948 2058 2002 quam
2101 1934 2586 2004 prtetigurationem
2608 1978 2622 2001 ,
2655 1938 2747 1992 sed
2796 1941 3141 1995 semetipsum
3172 1942 3281 1997 Deo
3322 1941 3471 1998 Patri

1896 2040 1993 2094 pro
2026 2026 2181 2079 nubis
2206 2026 2259 2078 in
2291 2027 2612 2081 sacrificium
2637 2028 2850 2093 obtulit,
2881 2038 2937 2083 et
2962 2031 3053 2099 qui
3079 2033 3347 2099 quondam
3370 2035 3470 2089 sub

1895 2116 2085 2170 umbra
2106 2117 2239 2186 legis
2272 2118 2326 2171 in
2351 2119 2473 2187 agni
2502 2104 2865 2174 immolatione
2885 2161 2899 2184 ,
2932 2122 3043 2177 sive
3067 2124 3121 2176 in
3151 2125 3470 2192 quibusdam

1897 2207 2058 2259 rebus
2083 2206 2397 2277 imaginarie
2422 2207 2869 2279 prmﬁgurabatur
2905 2210 3230 2278 oll‘erendus,
3262 2214 3471 2268 veraci-

1895 2305 1981 2351 ter
2009 2312 2071 2351 ea
2109 2313 2491 2353 eonsummans
2520 2315 2639 2369 qum
2668 2300 2735 2355 de
2761 2316 2821 2356 se
2858 2311 3037 2356 vatum
3082 2303 3315 2359 oraculis
3345 2319 3470 2374 pro-

1892 2389 2108 2458 phetata
2139 2396 2283 2455 sunt,
2319 2390 2428 2444 Deo
2450 2391 2595 2444 Patri
2623 2399 2704 2445 est
2724 2392 2940 2447 victima
2964 2394 3212 2450 salutaris
3233 2395 3467 2461 oblatus,

1892 2496 1993 2535 nec
2036 2480 2190 2534 nobis
2240 2481 2375 2550 legis
2401 2484 2801 2539 transeuntibus
2830 2487 3036 2541 umbris
3091 2487 3469 2556 imaginarium

1891 2571 2157 2639 quoddam
2184 2571 2458 2635 indicium,
2486 2573 2577 2627 sed
2600 2576 2683 2627 sui
2703 2576 2980 2645 sanguinis
3002 2584 3056 2631 et
3077 2577 3317 2645 corporis
3337 2593 3463 2632 con-

1890 2660 2011 2714 tulit
2062 2670 2478 2715 sacramentum.
2508 2661 2623 2715 Non
2653 2664 2797 2716 enim
2828 2666 3102 2734 sanguinis
3128 2674 3185 2720 et
3227 2669 3470 2736 corporis

1891 2751 2151 2805 Dominici
2176 2752 2490 2821 mysterium
2519 2751 2693 2821 imago
2707 2751 2821 2819 jam
2861 2770 3004 2809 nunc
3039 2756 3327 2811 dicendum
3360 2766 3465 2823 est,

1889 2839 1983 2893 sed
2017 2838 2234 2902 veritas,
2270 2853 2375 2894 non
2402 2839 2591 2892 umbra
2638 2841 2731 2895 sed
2783 2856 3010 2908 corpus,
3047 2858 3152 2897 non
3194 2846 3470 2915 exemplar

1887 2928 2189 2984 futurorum
2215 2931 2308 2986 sed
2338 2931 2393 2984 id
2416 2931 2559 3000 quod
2585 2931 2979 3000 exemplaribus
3000 2933 3464 3004 przeﬁgurabatur.

1890 3019 2007 3075 Jam
2044 3021 2337 3077 secundum
2372 3022 2652 3078 Canticum
2697 3024 3030 3079 canticorum
3060 3026 3307 3096 aspiravit
3331 3026 3464 3090 dies,

1889 3121 1939 3164 et
1978 3121 2166 3165 amotae
2199 3121 2325 3190 sunt
2348 3113 2546 3167 umbra:
2588 3112 2764 3184 (Cant.
2793 3114 2881 3185 tt):
2929 3113 3042 3183 jam
3085 3116 3206 3171 ﬁnis
3238 3115 3372 3187 legis
3398 3118 3466 3172 ad

1876 3199 2144 3268 justitiam
2176 3202 2323 3256 omni
2346 3202 2585 3257 credenti
2610 3201 2856 3259 Christus
2881 3206 3123 3271 advenit,
3151 3206 3264 3275 jam
3293 3208 3465 3278 legem

1885 3291 2210 3358 adimplevit,
2234 3290 2346 3359 jam
2374 3291 2463 3359 qui
2487 3292 2708 3346 sedebat
2736 3293 2790 3347 in
2823 3295 3042 3362 regione
3079 3297 3285 3351 umbrae
3318 3312 3467 3352 mor-

1884 3382 1975 3446 tis,
2005 3383 2178 3437 lucem
2206 3397 2455 3451 magnam
2487 3383 2653 3446 vidit,
2690 3384 2802 3451 jam
2833 3386 3073 3440 velamen
3106 3384 3262 3440 faciei
3292 3384 3463 3458 Moysi

1885 3475 2121 3539 decidit,
2172 3483 2227 3529 et
2259 3475 2439 3529 velum
2486 3476 2671 3545 templi
2701 3478 2929 3532 sciesnm
2975 3491 3170 3531 arcana
3218 3476 3374 3532 nobis
3409 3485 3468 3533 et

1883 3564 2061 3633 ignota
2094 3578 2321 3634 quaeque
2368 3564 2637 3629 ostendit,
2687 3564 2801 3634 jam
2845 3581 3004 3620 verus
3048 3563 3461 3632 Melchisedech,

1881 3652 2127 3709 Christus
2152 3653 2415 3718 videlicet,
2444 3669 2540 3708 rex
2579 3653 2778 3724 justus,
2826 3670 2921 3709 rex
2952 3653 3132 3726 pacis.
3171 3670 3275 3709 non
3295 3668 3461 3724 pecu-

1882 3747 2009 3801 dum
2035 3745 2283 3801 victimas
2306 3785 2321 3811 ,
2374 3746 2470 3801 sed
2513 3746 2597 3801 sui
2625 3747 2783 3802 nobis
2818 3746 3059 3815 corporis
3095 3755 3150 3801 et
3186 3745 3460 3814 sanguinis

1881 3837 2108 3891 contulit
2130 3844 2543 3891 sacramentum.
2574 3835 2684 3889 Nec
2706 3837 2782 3889 ait
2820 3854 2832 3888 :
2872 3837 2996 3891 Rrec
3020 3844 3105 3890 est
3138 3837 3313 3905 imago
3339 3851 3461 3890 cor-

1877 3928 2025 3997 poris
2062 3935 2115 3980 et
2133 3927 2407 3995 sanguinis
2439 3925 2564 3989 mei,
2604 3926 2697 3979 sed
2735 3942 2747 3977 :
2793 3923 2908 3977 Hoc
2942 3935 3016 3978 est
3040 3942 3228 3994 corpus
3253 3941 3446 3990 meum,

1876 4016 2015 4085 quod
2047 4030 2140 4083 pro
2168 4012 2307 4066 vobis
2349 4011 2617 4075 tradetur;
2646 4018 2701 4065 et
2739 4028 2752 4062 :
2790 4008 2892 4063 Hic
2921 4020 2996 4063 est
3040 4013 3256 4079 sanguis
3283 4027 3452 4077 meus,

1877 4106 1965 4176 qui
1997 4119 2090 4174 pro
2119 4101 2296 4155 multis
2327 4099 2626 4169 eﬂ'undetur
2656 4100 2712 4153 in
2738 4099 3091 4152 remissionem
3121 4107 3453 4168 peccatorum

1880 4197 2093 4270 (Matth.
2127 4193 2297 4265 nm).
2326 4192 2459 4248 Cum
2487 4206 2616 4261 ergo
2635 4232 2650 4257 ,
2681 4198 2740 4245 ut
2767 4189 2977 4260 praefati
3002 4204 3207 4254 sumus,
3239 4204 3340 4245 nec
3366 4205 3456 4244 ar-

1877 4290 2083 4345 tificum
2104 4302 2237 4356 cpus
2266 4299 2392 4339 vera
2421 4281 2626 4338 Christi
2642 4282 2815 4352 possit
2834 4282 3014 4350 imago
3040 4282 3170 4347 dici,
3198 4295 3300 4337 nec
3328 4296 3452 4337 cor-

206 4398 442 4451 namque
470 4384 521 4438 in
550 4385 653 4440 hac
695 4387 924 4452 ditione,
973 4386 1143 4441 [απανὶ
1172 4397 1219 4442 et
1267 4388 1530 4444 exsultare
1554 4431 1567 4456 ς
1621 4391 1691 4445 sit
1726 4392 1779 4445 in

1885 4381 2028 4451 poris
2075 4386 2129 4434 et
2175 4375 2449 4447 sanguinis
2471 4372 2588 4443 ejus
2626 4371 2942 4444 mysterium
2971 4371 3115 4441 quod
3139 4371 3197 4426 in
3230 4370 3455 4427 veritate

208 4481 460 4543 promptu
503 4483 585 4529 est
632 4476 959 4547 intelligere;
997 4480 1125 4550 quid
1153 4495 1283 4536 vero
1310 4481 1381 4535 sit
1411 4482 1553 4551 quod
1592 4482 1775 4551 adjun~

208 4570 358 4616 ctum
386 4571 486 4634 es,
536 4572 583 4617 et
625 4577 1008 4635 prwsumantur
1034 4608 1049 4635 ,
1097 4570 1298 4625 nullius
1344 4572 1560 4640 penitus
1590 4586 1781 4626 sensus

205 4652 395 4708 lectori
426 4654 621 4725 ingerit
659 4655 928 4719 indicium,
959 4660 1083 4728 quia
1133 4666 1189 4713 et
1229 4674 1260 4713 a
1286 4674 1542 4713 sensuum
1583 4661 1781 4729 regulis

205 4754 288 4799 est
316 4745 566 4809 alienum,
606 4754 660 4800 et
685 4762 715 4800 a
740 4747 945 4803 Latina:
975 4748 1264 4804 locutionis
1298 4748 1604 4817 integritate
1629 4751 1781 4819 peni-

210 4843 294 4889 tus
323 4844 636 4891 extraneum
671 4854 683 4890 :
716 4838 910 4907 quippe
934 4854 1056 4894 cum
1084 4841 1132 4894 si
1165 4840 1230 4895 de
1254 4840 1670 4910 prwsumptione
1697 4840 1780 4895 di-

207 4937 330 4979 cere
352 4924 517 4980 voluit
543 4941 697 4991 Lnon
737 4927 947 4982 duobus
970 4930 1398 4997 prtecedentibus
1431 4930 1533 4983 hoc
1558 4929 1777 4984 tertium

209 5014 379 5069 valeat
415 5016 465 5070 in
516 5031 706 5070 sensus
758 5031 950 5084 sapore
1001 5019 1291 5083 cohaerere,
1339 5018 1444 5072 nisi
1495 5017 1633 5072 forte
1660 5017 1779 5072 illos

206 5103 337 5158 dixit
360 5105 530 5160 lmtari
547 5115 600 5160 et
615 5106 910 5169 exsultare,
939 5106 1031 5175 qui
1050 5123 1162 5162 rem
1192 5107 1431 5162 illic-itam
1460 5115 1559 5162 cta
1578 5108 1778 5163 sanctis

205 5195 449 5258 patribus
471 5193 798 5262 prohibitam
819 5195 1042 5249 adorare
1061 5205 1412 5263 praesumunt,
1431 5205 1487 5250 et
1508 5197 1600 5266 qui
1620 5204 1779 5250 tanta:

206 5283 642 5350 praesumptionis
668 5283 989 5349 instigantur
1015 5286 1268 5348 stimulis,
1295 5287 1433 5339 utin
1467 5287 1778 5342 adoratione

207 5386 390 5424 rerum
421 5384 580 5424 sensu
609 5371 910 5425 carentium
955 5376 1163 5428 cunctis
1200 5374 1471 5427 contraire
1500 5376 1779 5431 videantur

209 5459 536 5515 authentieis
579 5459 896 5526 Scripturis.
937 5462 981 5516 Ο
1021 5464 1246 5517 demens
1270 5462 1505 5531 episcopi
1542 5464 1698 5521 dictio
1726 5478 1779 5523 et

210 5552 321 5606 risu
349 5551 537 5617 digna!
581 5565 704 5620 qua:
741 5564 901 5617 quam
938 5552 1131 5606 dixerit
1158 5566 1344 5605 veram
1367 5550 1565 5605 Christi
1596 5553 1780 5626 imagi-

215 5658 334 5698 nem
366 5657 474 5698 non
500 5643 777 5701 evidenter
794 5642 1046 5696 ostendit.
1074 5642 1174 5707 Qui
1212 5642 1255 5696 si
1288 5641 1425 5695 hanc
1445 5641 1577 5722 dixit
1600 5657 1778 5701 veram

1879 4486 2086 4546 gestum
2106 4490 2224 4530 esse
2252 4477 2465 4528 constat
2487 4484 2595 4525 non
2611 4469 2666 4523 in
2685 4466 2878 4538 ﬁgura,
2908 4465 3102 4521 merito
3129 4472 3222 4519 aut
3242 4464 3299 4523 in
3315 4478 3452 4533 quo-

1878 4564 2007 4619 libet
2052 4565 2243 4618 horum
2286 4561 2461 4615 autin
2498 4566 2726 4626 utroque
2764 4554 3056 4626 Gregorius
3092 4554 3455 4610 Neocaesareaa

1879 4657 2161 4725 episcopus
2207 4652 2636 4721 reprehenditur,
2665 4650 2761 4718 qui
2809 4656 2889 4705 tot
2923 4648 3138 4705 indiciis
3184 4647 3455 4717 tantisque

1881 4743 2214 4800 documentis
2264 4741 2422 4794 talem
2469 4740 2724 4810 ineptiam
2759 4739 3053 4808 protulisse
3090 4737 3449 4794 convincitur.

1880 4836 1936 4889 In
1954 4849 2018 4890 eo
2043 4848 2173 4903 ergo
2192 4831 2335 4901 quod
2352 4832 2492 4886 idem
2513 4833 2798 4902 episcopus
2819 4832 2895 4885 ait
2910 4833 2978 4887 de
2997 4832 3214 4885 Christo
3238 4845 3251 4880 :
3279 4825 3451 4890 Quam

1878 4927 1985 4995 ipse
2016 4923 2264 4992 sacriﬁcii
2296 4922 2552 4993 perfedtor
2583 4932 2632 4977 et
2668 4922 2803 4977 Deus
2843 4932 3076 4975 nostram
3109 4934 3172 4970 ea:
3204 4915 3348 4968 nobis
3388 4930 3453 4968 ex

1878 5026 1985 5070 toto
2018 5015 2301 5083 suscipiens
2330 5028 2575 5076 massam,
2620 5012 2767 5080 justa
2792 5017 2875 5063 est
2902 5004 3275 5074 reprehensio,
3314 5018 3451 5071 quo-

1876 5109 2025 5162 niam
2052 5118 2173 5157 cum
2211 5116 2389 5156 massa
2424 5099 2741 5168 perditionis
2765 5107 2935 5162 genus
2966 5092 3259 5145 humanum
3299 5090 3416 5144 dica
3436 5119 3448 5129 -

1879 5207 1965 5251 tur
1991 5186 2120 5249 cum
2142 5191 2390 5259 originali
2415 5195 2654 5258 peccato,
2683 5187 2896 5239 incaute
2933 5188 3174 5235 nostram
3199 5194 3268 5234 ex
3293 5177 3449 5235 nobis

1877 5300 1943 5339 ex
1966 5291 2080 5337 toto
2108 5281 2379 5336 Christum
2401 5277 2700 5343 suscepisse
2732 5283 2965 5326 massam
2992 5270 3133 5323 idem
3163 5268 3448 5337 episcopus

1876 5371 2120 5442 profatus
2144 5378 2265 5426 est:
2298 5368 2422 5436 quia
2455 5362 2707 5416 videlicet
2743 5371 3050 5427 quanquam
3089 5355 3336 5409 Christus

1879 5439 1990 5519 tam
2013 5464 2300 5518 humanam
2330 5463 2596 5511 naturam,
2618 5462 2839 5503 carnem
2860 5443 3108 5498 videlicet
3120 5456 3244 5496 cum
3272 5439 3445 5494 sensi-

1880 5558 1980 5611 bus
2008 5555 2139 5617 suis,
2168 5560 2221 5606 et
2249 5546 2480 5601 animam
2505 5550 2627 5590 cum
2651 5538 2863 5592 ratione
2894 5546 3008 5593 sua,
3035 5545 3140 5584 non
3167 5528 3454 5617 divinitate

1882 5648 1933 5699 in
1970 5641 2352 5699 humanitatem
2388 5638 2672 5688 conversa,
2704 5637 2879 5692 neque
2913 5617 3247 5673 humanitate
3284 5618 3339 5672 in
3366 5616 3455 5673 di-
