4008 6154
550 303 682 352 12ιὸ

1425 290 1483 342 Β.
1522 289 1768 343 CAROLI
1809 287 2020 342 MAG-Nl
2057 288 2204 343 OPP.
2246 289 2422 343 PARS
2458 289 2521 342 ll.
2565 288 2804 344 SECTI‘)
2838 289 2906 342 ll.
2982 296 2989 302 '

3649 287 3805 342 1216

552 411 826 464 vinitatem
859 412 1082 469 mutata,
1112 403 1204 458 sed
1228 409 1574 471 permanente
1599 399 1882 468 utriusque
1911 408 2114 456 natura:
2143 404 2184 458 Α
2217 400 2502 469 imaginem
2561 402 2614 454 in
2669 401 2909 468 ejusdem
2955 400 3164 455 Domini
3210 401 3471 454 honorem
3524 400 3804 466 erexisse,

545 496 901 567 proprietate,
932 494 1075 548 Deus
1105 493 1324 546 verbum
1358 492 1627 546 hominem
1672 489 1726 542 in
1757 493 1960 545 unitate
1997 507 2119 561 per-

544 599 690 640 sona:
717 583 1028 651 susceperit,
1073 581 1308 635 hominis
1349 589 1530 636 tamen
1551 583 1811 654 originale
1838 593 2117 652 peccatum

543 691 652 731 non
687 675 942 744 suscepit,
972 688 1035 728 ac
1060 687 1159 741 per
1207 674 1310 728 hoc
1349 674 1641 728 absurdum
1675 683 1759 728 est
1799 675 1980 729 dicere
2020 690 2116 729 no-

546 776 718 820 stram
762 780 829 819 ex
872 763 1027 817 nobis
1063 778 1131 818 ex
1179 772 1292 817 toto
1343 778 1468 817 eum
1511 765 1810 832 suscepisse
1861 780 2113 819 massam.

547 855 669 912 Ideo
688 869 816 926 ergo
844 861 1082 908 nostram
1119 869 1188 908 ex
1227 854 1382 909 nobis
1426 861 1594 908 totam
1624 855 1842 910 minime
1882 857 2118 925 suscepit

548 961 782 1002 massam
824 945 947 1014 quia
980 945 1254 1014 originalis
1283 945 1490 1015 peccati
1517 960 1623 1014 quo
1646 960 1804 1000 omne
1838 947 2119 1002 hominum

548 1049 715 1103 genus
751 1043 875 1088 ante
911 1033 1232 1102 baptismum
1281 1048 1581 1088 connexum
1623 1043 1862 1099 tenetur,
1914 1037 2118 1104 nequa-

551 1139 711 1192 quam
741 1124 1040 1192 suscepisse
1089 1123 1386 1178 credendus
1418 1131 1501 1178 est
1523 1139 1740 1198 noxam,
1780 1124 1951 1179 Tanta
1993 1140 2120 1194 ergo

552 1213 694 1277 illius
719 1213 921 1282 antiqui
945 1213 1154 1283 peccati
1200 1221 1282 1268 est
1311 1229 1433 1268 cum
1465 1229 1570 1284 quo
1598 1215 1870 1268 nascimur
1917 1229 2116 1279 massa,

551 1313 611 1359 ut
637 1303 682 1358 si
702 1303 1060 1374 particulatim
1091 1303 1329 1372 diligenti
1366 1304 1792 1359 consideratione
1830 1304 2117 1367 dividatur,

553 1396 733 1450 omnia
779 1395 834 1449 in
884 1410 949 1450 eo
999 1395 1296 1448 criminalia
1338 1395 1546 1462 possint
1601 1395 1828 1449 inveniri
1879 1402 2117 1463 peccata.

553 1485 688 1541 Nam
733 1493 788 1540 et
825 1487 1073 1554 superbia
1111 1494 1192 1540 est
1214 1487 1350 1550 illic,
1393 1487 1518 1555 quia
1549 1486 1708 1540 homo
1730 1486 1784 1539 in
1821 1501 1916 1540 sua
1945 1486 2123 1554 potius

553 1590 673 1629 esse
711 1589 870 1642 quam
921 1575 977 1628 in
1003 1575 1095 1628 Dei
1125 1583 1390 1643 potestate
1410 1576 1626 1641 dilexit;
1666 1584 1720 1630 et
1757 1576 2118 1646 sacrilegium,

551 1667 675 1735 quia
696 1665 805 1720 Deo
831 1680 938 1719 non
967 1665 1223 1729 credidit;
1255 1673 1309 1719 et
1343 1667 1709 1730 homicidium,
1741 1667 1865 1734 quia
1907 1680 1964 1720 se
1987 1682 2123 1735 prm-

2217 487 2561 556 ejusdemque
2611 489 2861 559 imaginis
2904 488 3141 542 ﬁmbrias
3191 504 3249 543 se
3299 489 3475 544 denuo
3525 489 3805 558 tetigisse,

2219 578 2406 630 subter
2457 593 2618 646 quam
2668 579 2958 647 imaginem
3001 577 3222 632 herbam
3269 580 3560 647 quamdam
3613 587 3808 636 ortam

2216 664 2396 728 fuisse,
2431 681 2550 735 quae
2578 667 2624 720 si
2649 667 2909 734 paulatim
2959 679 3308 723 succrescens
3347 665 3667 720 summitate
3696 683 3808 722 sua

2216 758 2404 826 pedem
2445 757 2730 827 contigerit
2765 765 2957 811 erecta:
2985 758 3256 825 imaginis,
3282 757 3494 812 cunctis
3519 746 3810 826 aegritudi-

2218 848 2374 901 nibus
2397 847 2656 902 medetur.
2686 847 2742 901 ln
2761 862 2868 915 quo
2889 847 3102 915 quidem
3131 845 3294 912 facto,
3319 845 3364 901 si
3389 853 3568 900 tamen
3591 845 3804 901 factum

2217 948 2336 988 esse
2359 935 2625 997 credatur,
2663 933 2809 988 nulla
2854 935 3147 1005 imaginum
3177 933 3421 990 adoratio
3447 936 3804 990 commenda-

2219 1031 2327 1077 tur.
2375 1023 2431 1078 Si
2461 1040 2590 1094 ergo
2637 1024 2727 1078 illa
2757 1024 2946 1079 mulier
2985 1025 3203 1080 feminei
3244 1040 3408 1079 sexus
3450 1023 3715 1080 facilitate
3744 1034 3806 1079 et

2219 1113 2446 1181 quadam
2498 1113 2660 1167 animi
2708 1113 2924 1168 levitate
2946 1121 3198 1183 percepto
3227 1113 3480 1168 sanitatis
3508 1113 3801 1179 beneﬁcio,

2221 1211 2401 1271 utpote
2430 1205 2644 1258 Domini
2667 1219 2880 1274 semper
2899 1205 3242 1275 praesentiam
3272 1217 3539 1272 quarens,
3565 1218 3802 1274 eumque

2220 1292 2416 1360 ubique
2441 1309 2559 1347 esse
2599 1309 2755 1362 posse
2796 1294 3069 1363 ignorans,
3117 1293 3409 1362 imaginem
3451 1292 3645 1357 erexit,
3671 1293 3797 1361 quis

2223 1389 2330 1435 tam
2352 1397 2541 1436 vecors
2585 1383 2854 1452 perceptis
2925 1397 3096 1436 sacrae
3166 1380 3291 1436 ﬁdei
3353 1380 3796 1444 charismatibus,

2221 1484 2449 1539 eumque
2490 1473 2687 1541 ubique
2733 1487 2854 1526 esse
2901 1487 3010 1525 non
3057 1471 3306 1526 nesciens
3341 1479 3401 1524 ut
3442 1469 3559 1538 ejus
3595 1470 3800 1525 habere

2222 1569 2383 1629 queat
2413 1561 2775 1628 praesentiam,
2814 1561 3014 1615 idcirco
3043 1560 3335 1631 imaginem
3368 1560 3539 1629 eriget
3567 1575 3799 1629 eamque

2223 1651 2498 1705 adorabit?
2550 1652 2618 1705 Et
2666 1652 2712 1706 si
2760 1651 2846 1704 illa
2889 1651 3088 1704 mundo
3124 1665 3224 1705 nec
3257 1651 3384 1704 dum
3423 1651 3490 1703 ab
3531 1649 3792 1704 idolorum

551 1756 793 1825 cipitavit
816 1755 867 1809 in
893 1764 1154 1821 mortem;
1185 1764 1238 1809 et
1264 1754 1544 1811 fornicatio
1571 1758 1847 1825 spiritalis,
1865 1759 2120 1826 quoniam

2225 1742 2458 1796 cultibus
2492 1742 2720 1796 liberato
2763 1741 2892 1796 visis
2934 1749 3268 1796 mortuorum
3306 1741 3656 1808 quorumdam
3689 1738 3797 1792 ho-

552 1846 828 1915 integritas
867 1847 1060 1900 mentis
1091 1846 1336 1900 humana:
1378 1847 1683 1914 serpentina
1725 1848 1976 1903 suasione
2007 1865 2124 1903 cor-

553 1944 708 2004 rupta
745 1944 859 2000 est;
892 1943 945 1990 et
970 1935 1208 2000 furtum,»
1231 1937 1356 2005 quia
1389 1938 1540 1992 cibus
1568 1938 1871 2006 prohibitus
1895 1953 2120 2007 usurpa-

553 2036 641 2082 tus
667 2035 787 2092 est;
823 2035 877 2080 et
904 2028 1159 2091 avaritia,
1191 2028 1316 2096 quia
1353 2029 1632 2096 plusquam
1662 2029 1904 2084 suﬁicere
1930 2030 2006 2083 illi
2031 2030 2125 2084 deo

551 2118 698 2181 buit,
739 2118 980 2186 appetiit.
1033 2118 1236 2183 Quibus
1264 2121 1510 2174 omnibus
1551 2128 1698 2173 tanto
1721 2129 1804 2174 est
1831 2121 2122 2174 humanum

554 2224 723 2278 genus
779 2209 1062 2272 irretitum,
1115 2218 1173 2261 ut
1209 2209 1274 2262 de
1296 2208 1533 2276 legitimo
1569 2211 1732 2264 etiam
1779 2209 2122 2264 matrimonio

551 2306 865 2366 procreatus
895 2298 1036 2352 dicat
1075 2315 1088 2351 :
1127 2297 1193 2351 In
1219 2299 1577 2367 iniquitatibus
1601 2307 1874 2365 conceptus
1903 2314 2047 2362 sum,
2075 2308 2122 2352 et

551 2389 606 2442 in
628 2389 852 2455 peccatis
877 2389 1072 2458 peperit
1101 2405 1181 2440 me
1218 2396 1383 2440 mater
1421 2404 1533 2440 mea
1571 2387 1720 2456 (Psal
1754 2387 1848 2458 Li).
1878 2387 2124 2442 Christus

555 2492 681 2546 ergo
703 2479 795 2531 Dei
812 2479 981 2531 virtus
1002 2485 1055 2530 et
1072 2477 1166 2529 Dei
1189 2476 1448 2543 sapientia
1470 2484 1715 2529 naturam
1740 2477 1992 2540 hominis,
2017 2495 2123 2532 non

558 2566 764 2632 peccati
795 2580 1049 2628 massam,
1083 2564 1335 2630 suscepit.
1390 2563 1516 2629 Sed,
1548 2572 1605 2617 ut
1657 2564 1723 2617 ad
1758 2565 1810 2618 id
1843 2565 2124 2621 redeamus

555 2656 696 2710 unde
715 2656 936 2723 digressi
965 2671 1168 2719 sumus,
1188 2655 1253 2710 de
1281 2655 1518 2723 ejusdem
1541 2658 1774 2727 episcopi
1794 2659 2124 2730 professione

555 2745 942 2813 aliquantulum
968 2761 999 2799 a
1035 2747 1189 2800 nobis
1213 2749 1529 2816 ambigitur,
1559 2751 1648 2818 qui
1675 2759 1839 2804 totam
1874 2767 1941 2806 ex
1971 2753 2124 2807 nobis

555 2843 794 2888 nostram
830 2834 1103 2890 Christum
1134 2838 1432 2906 suscepisse
1459 2854 1690 2894 massam
1712 2841 1912 2896 dixisse
1943 2841 2123 2909 perhi-

552 2925 740 2990 betur,
772 2927 1025 2994 quoniam
1051 2935 1143 2981 aut
1167 2944 1355 2998 magna
1394 2946 1516 2983 eum
1545 2932 1646 2985 hoc
1672 2932 1914 2999 proﬁteri
1941 2933 2120 2986 ineru-

553 3017 685 3071 ditio
723 3019 914 3087 coegit,
947 3026 1038 3072 aut
1063 3019 1311 3073 immanis
1336 3035 1489 3074 error
1534 3021 1586 3074 id
1612 3037 1733 3076 eum
1761 3021 2003 3090 proferre
2029 3023 2124 3076 imo

550 3109 704 3176 pulit.
743 3108 876 3161 Nam
899 3109 1025 3163 dum
1054 3125 1150 3164 nos
1169 3125 1290 3164 cum
1316 3118 1370 3164 et
1390 3111 1657 3165 eruditum
1682 3119 1736 3166 et
1762 3112 2121 3166 orthodoxum

552 3215 671 3254 esse
712 3199 966 3264 velimus,
1003 3201 1243 3270 exemplo
1279 3202 1486 3255 Domini
1533 3203 1801 3257 neminem
1849 3203 2123 3272 cupientes

549 3289 728 3357 perire
757 3330 771 3355 ,
827 3290 872 3344 si
916 3291 1177 3344 utrumvis
1216 3291 1440 3345 istorum
1471 3291 1546 3345 illi
1593 3293 1777 3358 deest,
1832 3301 1886 3348 et
1935 3308 2121 3348 revera

552 3384 734 3448 deest,
801 3384 1083 3440 mallemus
1121 3385 1176 3438 id
1231 3385 1372 3453 quod
1411 3384 1650 3455 profatus
1691 3395 1778 3441 est
1838 3386 2121 3457 imperitia:

549 3473 732 3542 potius
757 3488 918 3543 quam
948 3473 1224 3528 schismati
1263 3474 1536 3541 deputare.

1146 3603 1374 3656 CAPUT
1413 3605 1528 3658 XV.

549 3691 627 3744 De
640 3706 700 3743 eo
711 3690 847 3757 quod
859 3689 1181 3758 Epiphanius
1193 3691 1442 3758 diaconus
1461 3690 1747 3758 imaginum
1761 3692 2119 3748 adorationem

621 3755 853 3842 astruere
875 3755 1218 3842 volens,_dixit
1235 3773 1252 3842 ί
1267 3756 1534 3842 Quoniam
1558 3755 1646 3842 hic
1666 3760 2118 3842 titulumerigcns

620 3825 851 3890 Domini,
880 3832 934 3879 et
966 3839 1023 3879 se
1073 3826 1186 3892 ipsa
1234 3833 1460 3894 tangens
1504 3829 1731 3883 ﬁmbriis
1774 3830 1913 3883 tituli
1958 3825 2116 3886 sicuti

618 3894 832 3969 quidem
884 3895 1098 3969 venitur
1139 3903 1384 3969 sanetum
1425 3897 1806 3969 Evangelium,
1860 3901 2116 3969 quoniam

619 3963 846 4019 salutem
884 3965 1076 4034 adepta
1110 3973 1194 4019 est
1238 3966 1378 4020 inter
1416 3963 1651 4022 medium
1690 3963 1800 4024 ille
1823 3963 2114 4026 et'Domini

622 4034 891 4120 Emathis,
919 4034 1084 4120 her!”
1106 4036 1350 4120 (eadem
1397 4039 1717 4120 εετωίῑιεῐῖι
1741 4054 1860 4120 (ινφ
1919 4054 2115 4120 ερρω-

618 4103 884 4172 pinquans
928 4103 1139 4175 pedem’
1162 4104 1304 4160 tituli
1349 4103 1538 4163 omnes
1575 4103 1916 4164 inﬁrmitates
1939 4103 2113 4164 curat.

621 4215 772 4287 Saepe
779 4216 900 4286 jam
926 4216 980 4272 in
1002 4217 1107 4274 hoc
1127 4233 1289 4288 opere
1311 4218 1561 4286 diximus,
1589 4221 1732 4291 quod
1759 4228 1813 4279 et
1835 4223 2117 4293 perspicue

549 4315 786 4378 apparet,
807 4322 943 4375 pene
962 4323 1147 4364 omnes
1172 4324 1358 4366 eorum
1385 4313 1700 4380 sententias,
1728 4330 1862 4384 quas
1887 4316 1956 4371 ob
1982 4317 2116 4371 ima-

549 4397 731 4466 ginum
759 4396 1124 4453 adorationem
1153 4399 1209 4452 in
1234 4414 1332 4453 sua
1357 4403 1564 4470 synodo
1588 4404 1951 4473 protulerunt,
1984 4420 2118 4475 quo-
2146 4411 2197 4472 D

549 4479 832 4540 dammo'do
861 4485 1024 4540 tantis
1056 4499 1174 4540 esse
1216 4485 1442 4554 ignaviae
1468 4488 1787 4558 caliginibus
1821 4491 2114 4560 interpola-

549 4579 655 4634 tas,
684 4578 744 4623 ut
766 4569 1068 4636 eloquentia
1104 4583 1372 4639 sensuque
1404 4580 1651 4629 carentes
1687 4573 1900 4630 diﬁicile
1924 4590 2112 4631 earum

550 4671 739 4712 sensus
766 4658 1027 4710 lectorum
1057 4657 1284 4727 attingat
1309 4670 1535 4717 mentes.
1574 4661 1711 4718 Cum
1738 4677 1868 4734 ergo
1898 4664 2112 4720 illarum

549 4745 868 4815 ineptissimi
930 4751 1107 4799 textus
1157 4761 1416 4818 compago
1445 4751 1858 4823 haudquaquam
1897 4770 1960 4810 ea
1995 4769 2116 4825 qua:

547 4835 745 4908 profari
786 4835 1026 4906 cupiunt,
1064 4836 1296 4892 evidenti
1339 4853 1585 4895 sermone
1626 4844 1910 4912 exprimat,
1953 4847 2117 4900 habet

545 4937 726 4984 tamen
772 4927 911 4982 inter
959 4928 1147 4983 eadem
1176 4927 1464 4982 verborum
1493 4929 1674 4983 nubila
1720 4934 1966 4999 quaedam
1992 4949 2116 5002 per—

545 5021 729 5089 spicua
766 5019 961 5076 indicia
992 5019 1269 5075 nominum
1313 5018 1579 5084 videlicet,
1612 5034 1705 5075 seu
1736 5035 1918 5075 rerum
1947 5024 2118 5078 notis-

545 5111 803 5164 simarum
847 5110 1166 5172 mentiones,
1192 5109 1357 5164 veluti
1399 5123 1521 5164 cum
1557 5109 1700 5164 inter
1738 5111 1931 5168 densas
1964 5121 2114 5169 tene-

541 5197 668 5250 bras
694 5197 1048 5265 quorumdam
1075 5198 1302 5252 torrium
1338 5197 1556 5268 igniculi
1581 5199 1920 5267 interlucent,
1947 5211 2004 5258 ut
2023 5219 2118 5274 per

542 5298 723 5338 rerum
763 5285 1024 5340 vocabula
1065 5293 1121 5340 et
1160 5301 1248 5340 res
1295 5287 1606 5342 notissimas
1652 5287 1871 5344 lectoris
1907 5293 2118 5346 animus

540 5386 604 5426 ea
650 5389 768 5442 qua:
824 5375 1125 5444 exprimere
1171 5376 1361 5432 volunt
1413 5378 1730 5446 persentiat.
1803 5379 2118 5448 Exprimere

542 5463 765 5524 ctenim,
785 5462 837 5515 ni
855 5461 1030 5527 fallor,
1053 5464 1106 5516 in
1123 5465 1331 5533 prolata
1353 5469 1619 5522 sententia
1642 5468 1974 5537 Epiphanius
2000 5470 2117 5523 dia-

542 5561 710 5602 conus
737 5551 887 5605 nisus
909 5560 1012 5617 est,
1035 5553 1314 5607 mulierem
1356 5570 1387 5606 a
1409 5555 1674 5622 proﬂuvio
1712 5554 1987 5623 sanguinis
2016 5555 2117 5608 Do-

545 5634 754 5688 minicce
796 5641 958 5697 vestis
1002 5642 1226 5698 ﬁmbriae
1259 5652 1403 5698 tactu
1447 5653 1706 5708 sanatam,
1755 5645 1968 5701 titulum
2000 5648 2112 5702 sive

2151 3071 2196 3134 C

2223 1834 2426 1887 minum
2483 1834 2540 1888 in
2586 1833 2812 1888 urbibus
2856 1833 3048 1888 statuis
3100 1833 3168 1886 ob
3216 1830 3568 1900 quarumdam
3614 1843 3802 1883 rerum

2222 1928 2540 1981 memoriam
2590 1929 2704 1982 sive
2759 1935 2958 1982 cultum
3009 1924 3241 1989 erectis,
3305 1922 3576 1984 similiter,
3640 1927 3803 1989 prout

2222 2014 2388 2068 valuit
2435 2029 2597 2085 agere
2625 2016 2847 2078 studuit,
2886 2014 3006 2083 quis
3044 2027 3187 2066 sana:
3228 2011 3421 2064 mentis
3447 2008 3563 2076 ejus
3587 2009 3805 2063 actibus

2223 2121 2500 2162 assensum
2528 2109 2804 2177 praebebit,
2833 2116 2886 2161 et
2906 2108 3186 2160 Dominum
3229 2119 3335 2158 non
3368 2103 3419 2154 in
3448 2101 3804 2162 manufactis,

2223 2200 2319 2254 sed
2365 2200 2422 2254 in
2467 2201 2605 2256 coelo
2650 2201 2730 2254 vel
2767 2201 2944 2268 potius
2984 2199 3178 2263 ubique
3221 2208 3339 2248 esse
3381 2192 3605 2245 credens
3663 2193 3809 2244 talia

2216 2281 2384 2359 agere
2419 2292 2665 2346 curabit?
2713 2291 2818 2343 Aut
2865 2289 2909 2340 si
2959 2285 3095 2338 forte
3141 2284 3229 2336 illa
3270 2281 3649 2350 superstitioso
3680 2281 3806 2333 ritu

2223 2381 2405 2434 habuit
2432 2380 2604 2432 zelum
2625 2379 2740 2440 Dei,
2766 2377 2856 2430 sed
2884 2390 2989 2428 non
3017 2374 3312 2427 secundum
3335 2371 3805 2438 scientiam,_quis

2223 2470 2515 2525 catholicus
2550 2469 2605 2521 in
2644 2467 2748 2520 ﬁde
2777 2467 3060 2521 roboratus
3098 2479 3166 2517 ex
3211 2461 3328 2529 ejus
3355 2462 3564 2515 actibus
3609 2461 3663 2514 in
3696 2462 3803 2515 hac

2223 2569 2373 2628 parte
2409 2557 2654 2626 exempla
2719 2563 2910 2616 sumet,
2959 2555 3150 2621 hisque
3197 2551 3394 2605 similia
3449 2549 3650 2604 faciet?
3691 2551 3800 2603 Aut

2224 2651 2269 2703 si
2292 2648 2430 2703 forte
2455 2647 2546 2700 illa
2571 2645 2875 2700 rudimento
2898 2641 3264 2697 conversionis
3293 2655 3401 2693 suae
3426 2654 3546 2707 qum
3571 2638 3798 2692 necdum

2224 2738 2395 2793 solido
2420 2738 2541 2791 cibo
2571 2736 2714 2790 vesci
2743 2741 2972 2803 poterat,
3003 2733 3122 2786 ideo
3163 2738 3349 2783 tenero
3378 2729 3498 2783 cibo
3524 2729 3795 2792 utebatur,

2224 2838 2284 2884 ut
2317 2830 2386 2883 ad
2403 2828 2802 2897 percipiendum
2828 2825 3055 2878 solidum
3080 2823 3261 2876 cibum
3287 2818 3542 2890 paulatim
3572 2821 3798 2887 sumptis

2225 2923 2430 2977 viribus
2474 2927 2772 2983 cresceret,
2818 2917 3024 2972 scilicet
3057 2925 3116 2970 ut
3154 2929 3252 2984 per
3290 2928 3402 2969 rem
3443 2913 3706 2970 visibilem
3742 2922 3801 2968 et

2225 3012 2562 3066 tractabilem
2601 3011 2666 3063 ad
2706 3009 2992 3063 invisibilis
3033 3016 3087 3061 et
3134 3006 3418 3062 ineﬂ‘abilis
3457 3007 3552 3060 Dei
3597 3006 3798 3062 cultum

2225 3103 2530 3165 accederet,
2561 3103 2682 3170 quis
2714 3099 2829 3168 ejus
2870 3099 2923 3154 in
2967 3100 3070 3152 hoc
3097 3096 3240 3153 facto
3283 3098 3525 3152 imitator
3555 3096 3792 3156 effectus.

2223 3204 2406 3265 spreta
2457 3192 2614 3248 solidi
2669 3192 2774 3246 cibi
2824 3190 3157 3254 fortitudine,
3216 3190 3284 3243 ad
3336 3188 3573 3242 infantia:
3621 3189 3798 3243 denuo

2223 3286 2371 3340 cibos
2399 3283 2579 3353 cupiat
2607 3297 2727 3337 esse
2755 3281 3033 3336 redactus?
3072 3281 3130 3333 ln
3158 3278 3418 3334 miraculo
3464 3278 3629 3349 igitur
3651 3283 3796 3348 quod

2221 3376 2278 3429 in
2311 3376 2478 3429 herba
2511 3373 2589 3436 ﬁt,
2619 3373 2665 3426 si
2702 3380 2882 3424 tamen
2922 3363 3122 3423 factuni
3160 3368 3322 3422 fuisse
3357 3368 3625 3430 credatur,
3649 3382 3792 3434 quae,

2221 3474 2279 3520 ut
2321 3465 2408 3516 ille
2458 3463 2630 3515 fassus
2670 3470 2772 3524 est,
2825 3462 3035 3515 cunctis
3079 3459 3486 3529 mgritudinibus
3528 3459 3790 3522 medetur,

2222 3556 2634 3621 haudquaquam
2664 3553 2864 3622 poterit
2893 3553 3104 3607 illorum
3147 3551 3378 3606 assertio
3407 3549 3798 3618 quodammodo

2220 3643 2417 3706 fulciri,
2462 3643 2716 3711 quoniam
2743 3659 2847 3697 non
2880 3651 2939 3696 ut
2961 3643 3140 3696 herbae
3162 3649 3254 3695 aut
3292 3641 3550 3713 imagines
3569 3639 3796 3694 adoren—

2218 3742 2306 3787 tur
2337 3733 2389 3787 id
2431 3731 2630 3787 faetum
2681 3732 2847 3788 fuisse
2890 3733 3224 3803 perhibetur,
3271 3731 3365 3786 sed
3410 3739 3469 3784 ut
3501 3729 3792 3786 inﬁdelium

2218 3830 2448 3888 mentes,
2490 3823 2684 3892 spretis
2719 3823 3048 3878 vanitatibus
3083 3821 3367 3884 idolorum,
3396 3820 3464 3874 ad
3491 3834 3636 3874 verm
3670 3817 3791 3876 ﬁdei

2217 3912 2521 3968 rudimenta
2559 3919 3022 3975 converterentur,
3047 3911 3304 3980 quoniam
3330 3909 3630 3964 secundum
3656 3908 3792 3978 Apo-

2217 4001 2414 4057 stolum
2456 4002 2608 4071 signa
2652 4016 2759 4055 non
2782 4016 2881 4071 pro
2923 3999 3192 4063 ﬁdelibus,
3219 3999 3313 4054 sed
3355 4013 3456 4066 pro
3498 3996 3796 4054 inﬁdelibus

2217 4093 2340 4150 data
2372 4093 2535 4148 fuisse
2564 4093 2874 4146 creduntur.
2899 4091 3142 4146 Ecclesia
3166 4103 3402 4158 namque
3425 4085 3701 4150 catholica,
3729 4095 3788 4139 ut

2220 4184 2288 4240 ad
2325 4184 2486 4240 ﬁdem
2518 4191 2804 4247 cresceret,
2848 4182 3125 4238 miraculis
3152 4189 3272 4236 erat
3311 4179 3620 4244 nutrienda,
3643 4186 3699 4232 et
3736 4185 3794 4232 ut

2217 4276 2334 4347 ejus
2368 4275 2578 4333 novella
2613 4274 2874 4346 plantatio
2912 4273 3358 4337 convalesceret,
3408 4270 3644 4328 assiduis
3685 4276 3801 4324 erat

2219 4365 2620 4436 irrigationibus
2667 4365 2915 4420 fovenda.

2223 4522 2413 4576 Inutile
2433 4522 2629 4592 dictum
2652 4521 2934 4592 Epiphanii
2968 4521 3179 4592 diaconi
3209 4519 3631 4592 reprelienditur,
3649 4517 3705 4571 in
3736 4533 3794 4571 eo

2284 4592 2423 4662 quod
2447 4592 2519 4672 ait
2543 4608 2562 4645 :
2584 4586 2893 4672 Multaque:
2925 4591 2981 4672 in
3007 4590 3162 4672 nobis
3189 4586 3472 4672 sacrantur
3487 4586 3784 4672 gratiquem

2287 4653 2500 4732 sacrata
2525 4677 2631 4716 non
2666 4653 2993 4732 suscipiunt;
3039 4668 3088 4732 et
3115 4668 3231 4730 post
3256 4673 3422 4728 pauca
3443 4672 3462 4708 :
3483 4654 3592 4708 Nec
3620 4653 3784 4732 pluri—

2286 4745 2432 4784 mum
2460 4731 2600 4803 sicut
2626 4721 2933 4803 veneranda
2975 4721 3031 4783 et
3054 4721 3378 4803 honoramur
3419 4732 3474 4803 et
3497 4721 3784 4803 ampliﬁca-

2284 4814 2407 4873 mur
2433 4815 2446 4850 :
2471 4799 2593 4873 ipse
2622 4799 2765 4852 enim
2786 4799 3020 4873 signum
3049 4796 3276 4873 vivifica:
3305 4793 3482 4873 crucis
3520 4793 3637 4873 sine
3665 4805 3782 4847 ora—

2286 4867 2431 4920 tione
2466 4860 2611 4920 fatur
2652 4881 2681 4919 a
2711 4860 2888 4930 nobis:
2913 4869 3218 4921 veneranda
3245 4872 3346 4928 est,
3387 4872 3441 4916 et
3468 4860 3788 4918 suiliciemur

2286 4937 2498 5011 signum
2543 4935 2958 5011 ejus_accipere
3005 4935 3490 5011 sanctificationem
3532 4947 3629 5011 per
3673 4943 3787 5011 qua

2288 5002 2429 5059 facta
2487 5021 2517 5059 a
2569 5007 2724 5060 nobis
2776 5002 2844 5060 ad
2889 5021 3014 5060 eum
3061 5005 3432 5061 adorationem
3471 5002 3686 5071 quidam
3738 5002 3787 5053 iu

2289 5074 2464 5149 fronte
2510 5076 2950 5149 sanctiﬁcatione,
2981 5082 3035 5149 e_t
3059 5090 3178 5149 qua:
3217 5075 3271 5127 in
3301 5087 3426 5127 aere
3449 5087 3548 5142 per
3569 5071 3786 5149 digitum

2289 5144 2489 5200 factum
2531 5145 2742 5213 signum
2797 5144 3017 5214 eﬂ'ugari
3056 5144 3330 5214 daamones
3377 5155 3679 5214 speramus,
3715 5144 3786 5214 si:

2286 5215 2488 5267 militer
2529 5206 2605 5283 εξ
2629 5214 2862 5283 imagine
2904 5206 3002 5281 per
3049 5226 3241 5283 nomen
3289 5206 3702 5283 signiﬁcationis
3725 5206 3786 5260 ad

2289 5284 2518 5350 primam
2555 5279 2782 5336 formam
2809 5279 3030 5337 honoris
3055 5279 3370 5336 deducimus
3406 5290 3465 5350 et
3488 5279 3792 5334 osculantes

2287 5349 2408 5404 eam
2440 5360 2494 5404 et
2524 5351 2912 5406 honorabiliter
2945 5352 3272 5406 honorantes
3299 5349 3629 5418 accipiemus
3666 5361 3784 5401 sano

2287 5420 2689 5484 ctiﬁcationem,
2726 5436 2849 5474 nam
2883 5429 2936 5473 et
2969 5435 3122 5474 sacra
3147 5419 3357 5472 diversa
3380 5434 3506 5472 vasa
3533 5418 3784 5471 habentes

2288 5489 2387 5543 has
2402 5489 2709 5543 osculamur
2736 5499 2790 5542 et
2817 5489 3206 5558 amplectimur,
3233 5497 3287 5542 et
3310 5485 3786 5542 sanctiﬁcationem

2286 5559 2574 5625 quamdam
2603 5574 2900 5627 speramus.

2288 5647 2349 5701 Si
2372 5647 2575 5713 rideris,
2605 5647 2773 5715 inquit
2796 5646 3090 5715 Scriptura,
3116 5648 3279 5702 virum
3306 5644 3522 5703 reiaccm
3551 5648 3603 5700 in
3629 5644 3734 5700 vcrb
3757 5658 3778 5692 ς
