4008 6154
210 269 347 330 i'Zl'l

990 270 1166 325 LIBRI
1202 265 1543 326 CAROLINI.
1583 299 1649 310 --
1688 273 1906 329 CAPIT.
1949 279 2035 335 DE
2074 276 2263 337 IMAG.
2306 311 2374 320 —
2415 279 2545 335 LIB.
2591 281 2677 337 IV.

3324 283 3462 340 ίὲιϐ

209 386 339 451 suis,
364 384 494 439 scito
518 385 641 455 quia
669 395 807 454 spem
835 382 984 436 habet
1015 383 1260 435 insipiens
1286 383 1450 452 magis
1471 398 1625 451 quam
1653 382 1775 447 ille;
1810 394 1850 447 Α
1881 388 2110 445 cultibus
2138 393 2459 462 mancipatis
2497 392 2679 446 dicere
2711 390 2900 457 voluit,
2938 393 2990 446 in
3018 393 3119 447 hoc
3152 408 3266 461 ejus
3297 396 3460 450 dictio

208 473 339 527 etin
354 471 680 543 multiloquio
700 480 967 542 peccatum
989 487 1092 524 non
1113 470 1293 523 deerit.
1319 470 1616 525 Secundum
1642 471 1782 526 hanc

208 577 341 634 ergo
366 578 535 618 sacrae
557 563 852 632 Scriptura:
889 561 1211 617 sententiam
1239 562 1572 630 Epiphanius
1607 564 1785 618 diaco-

209 669 337 718 nus,
359 653 452 723 qui
482 654 538 708 in
563 652 750 708 eadem
773 653 980 722 synodo
1003 653 1155 706 velox
1180 651 1235 704 in
1260 652 1442 705 verbis
1467 660 1522 706 et
1548 653 1783 706 multilo-

211 745 342 813 quio
388 759 519 798 usus
558 740 726 797 fuisse
756 742 1090 811 perhibetur,
1128 746 1183 794 et
1218 754 1368 808 spem
1405 741 1606 795 habere
1649 741 1776 807 insi-

208 838 453 902 pientem
490 830 663 901 magis
705 845 869 900 quam
909 844 968 884 se
1007 829 1261 893 ostendit,
1285 838 1340 882 et
1367 830 1421 884 in
1448 830 1786 899 multiloquio

208 930 396 974 errata
449 935 678 991 quicque
721 918 1006 975 contraxit.
1061 918 1197 973 Nam
1243 920 1368 974 dum
1418 922 1474 974 in
1517 921 1787 992 superiori

209 1010 454 1078 capitulo
489 1011 546 1065 in
582 1006 698 1078 ejus
734 1009 888 1080 nugis
927 1023 958 1062 a
993 1009 1149 1063 nobis
1178 1009 1561 1078 aliquantulum
1602 1011 1787 1080 dispu-

213 1106 389 1153 tatum
428 1099 519 1164 sit,
550 1099 605 1154 in
641 1099 741 1154 hoc
781 1097 1129 1154 nihilominus
1167 1099 1553 1168 aliquantulum
1597 1101 1784 1171 dispu-

215 1189 444 1244 tandum
472 1198 574 1244 est.

283 1298 650 1369 Disposuimus
675 1297 888 1367 quidem
917 1298 972 1351 in
1007 1310 1194 1353 earum
1228 1299 1650 1369 professionibus
1678 1315 1788 1355 non

209 1386 396 1454 verba,
448 1384 544 1442 sed
586 1387 882 1442 sententias
931 1385 1230 1452 discutere,
1275 1402 1375 1443 nec
1427 1387 1786 1443 litteraturam

210 1475 306 1528 sed
345 1488 539 1528 sensus
579 1471 862 1540 ventilare,
890 1473 1144 1542 quoniam
1186 1474 1501 1529 litteratum
1541 1474 1788 1531 ordinem

210 1564 266 1616 in
297 1564 381 1617 his
410 1562 680 1617 infinitum
711 1569 794 1618 est
816 1578 1077 1631 quaerere,
1110 1563 1306 1633 quippe
1332 1579 1457 1617 cum
1493 1563 1640 1618 nulla
1667 1579 1788 1618 sen-

213 1652 386 1706 tentia
435 1651 493 1704 in
532 1645 769 1718 ejusdem
808 1650 1058 1705 lectionis
1095 1651 1304 1720 prolixo
1351 1661 1497 1707 textu
1543 1665 1641 1722 per
1666 1668 1784 1707 eam

1883 477 2129 536 frustrari
2172 491 2371 551 potest,
2395 483 2648 551 quoniam
2687 498 2826 552 pene
2855 483 2989 537 nihil
3012 492 3095 536 est
3125 485 3178 538 in
3220 485 3301 539 his
3334 500 3478 555 quat,

1883 572 2338 636 enumeravimus,
2382 573 2526 641 quod
2553 588 2658 626 non
2686 587 2784 641 per
2812 573 3152 626 sacerdotum
3183 577 3458 628 orationes

1885 663 1939 708 et
1983 661 2415 714 consecrationes
2483 670 2850 725 consecretur,
2898 663 2994 714 sed
3040 669 3096 715 et
3141 664 3464 719 exorcismis

1883 751 1940 797 et
1964 746 2092 800 salis
2125 756 2181 800 et
2222 765 2374 818 aqua:
2415 751 2729 819 aspersione
2773 751 2852 804 uti
2893 752 3173 806 consuevit
3195 753 3459 818 Ecclesia,

1884 845 2114 902 quorum
2169 847 2408 892 omnium
2472 840 2909 896 consecratione:
2949 841 3036 895 vel
3092 842 3464 898 institutiones

1885 921 1954 974 ab
1986 920 2117 989 ipsis
2157 923 2416 979 Ecclesiae
2463 927 2784 980 rudimentis
2813 929 2880 981 ah
2918 927 3281 984 Ecclesiarum
3321 946 3460 1000 prte-

1885 1011 2092 1066 sulibus
2121 1015 2328 1070 traditae
2367 1015 2534 1071 fuisse
2563 1025 2880 1083 noscuntur,
2905 1028 2962 1075 et
2999 1021 3054 1076 in
3095 1022 3250 1096 libris
3273 1039 3458 1079 sacer-

1884 1097 2154 1156 dotalibus
2181 1111 2416 1164 exaratae
2445 1105 2732 1160 habentur.
2760 1106 2894 1163 Cum
2926 1125 3055 1179 ergo
3092 1112 3147 1168 id
3174 1113 3315 1169 idem
3343 1115 3457 1169 dia-

1885 1202 2053 1244 conus
2072 1190 2194 1246 ideo
2210 1191 2452 1248 intulerit
2473 1202 2530 1248 ut
2546 1194 2828 1265 imagines,
2844 1213 3072 1266 quarum
3093 1200 3458 1258 adorationem

1886 1280 1963 1335 illi
1999 1296 2222 1351 prorsus
2284 1285 2545 1341 roborare
2608 1294 2853 1353 aestuant,
2894 1295 2960 1345 de
2998 1305 3226 1360 quarum
3266 1295 3453 1366 utique

1886 1372 2289 1429 consecratione
2319 1371 2466 1429 nulla
2503 1383 2590 1430 est
2611 1375 2978 1433 ecclesiastica
3004 1378 3294 1447 institutio,
3319 1383 3461 1440 vasis

1887 1459 1970 1514 vel
2001 1461 2211 1518 caeteris
2247 1464 2409 1519 rebus
2451 1464 2647 1520 divinis
2683 1466 2916 1522 cultibus
2949 1468 3273 1538 mancipatis
3309 1484 3459 1528 asso-

1827 1570 1833 1575 '
1888 1550 2075 1617 ciaret,
2119 1553 2220 1610 hoc
2275 1554 2616 1610 introducere
2660 1557 2905 1621 moliens,
2937 1565 2996 1611 ut
3033 1558 3174 1614 sicut
3197 1559 3312 1616 haec
3338 1562 3457 1618 sine

1891 1643 2224 1699 orationibus
2246 1655 2576 1709 consecrata,
2608 1647 2682 1700 ita
2718 1647 2837 1701 illas
2866 1663 3078 1717 quoque
3103 1650 3220 1705 sine
3251 1652 3460 1707 oratio-

207 1741 384 1808 possit
428 1746 574 1793 stare
603 1779 617 1802 ,
674 1740 729 1793 in
779 1739 918 1794 raris
967 1717 1146 1794 autem
1195 1742 1481 1794 verborum
1523 1743 1789 1797 erratibus
1818 1717 1865 1778 Β
1891 1735 2050 1789 nibus
2088 1745 2431 1791 consecratas
2458 1752 2577 1792 esse
2612 1738 2946 1806 Ρθτάοοεΐθῐν
2988 1740 3040 1793 in
3076 1755 3141 1794 80
3167 1740 3283 1808 eius
3306 1743 3460 1797 ωοιί-

212 1827 272 1882 et
325 1829 646 1884 eruditionis
693 1829 819 1882 lima
881 1846 981 1885 nec
1029 1831 1158 1884 dum
1214 1831 1394 1899 politis
1454 1831 1609 1904 facile
1655 1834 1779 1888 inter

1891 1837 2015 1875 men
2043 1825 2242 1876 cassari
2285 1833 2479 1892 potest,
2511 1827 2652 1894 quod
2703 1826 2930 1879 istorum
2977 1831 3457 1884 consecrandorum

211 1933 473 1972 sensuum
528 1927 707 1973 errata
755 1920 1078 1989 disputatur.
1155 1922 1254 1977 libi
1301 1938 1429 1994 ergo
1483 1925 1535 1977 in
1585 1925 1792 1993 prolixa

211 2009 467 2063 lectionis
518 2007 659 2064 serie
702 2024 803 2065 nec
845 2027 1096 2066 sensuum
1145 2024 1229 2067 est
1276 2017 1482 2083 puritas
1524 2031 1624 2069 nec
1673 2030 1793 2068 ver-

210 2099 410 2153 borum
469 2095 780 2168 integritas,
846 2099 1055 2154 difﬁcile
1095 2102 1160 2155 de
1198 2103 1420 2172 singulis
1470 2103 1786 2172 disputatur,

211 2188 469 2256 quoniam
497 2188 551 2240 in
575 2187 844 2241 inﬁnitum
874 2191 1250 2258 disputationis
1276 2194 1406 2248 ordo
1432 2193 1788 2261 protenditur.

212 2273 270 2328 Si
301 2276 446 2330 enim
475 2277 538 2329 de
579 2277 809 2346 singulis
856 2280 1146 2332 verborum
1186 2281 1453 2334 erratibus
1491 2281 1793 2349 disputetur

212 2365 342 2418 dum
370 2366 566 2420 debent
609 2383 811 2422 arcana
854 2369 1061 2432 rimari,
1091 2378 1145 2422 et
1172 2385 1234 2424 ea
1280 2386 1399 2439 quae
1437 2371 1501 2424 ad
1531 2372 1790 2427 ecclesia-

215 2459 384 2511 sticas
430 2474 516 2512 res
572 2461 841 2529 pertinent
909 2462 1094 2516 solerti
1146 2465 1486 2533 indagatione
1533 2467 1784 2530 scrutari,

211 2549 583 2616 grammaticae
609 2550 740 2604 artis
769 2551 1092 2620 multiplices
1121 2554 1334 2622 regulze,
1363 2571 1480 2622 qum
1512 2557 1562 2608 in
1590 2556 1788 2610 scholis

211 2636 518 2703 discuntur,
552 2640 690 2693 tradi
734 2638 1073 2694 videbuntur.
1108 2641 1216 2696 Sed
1253 2645 1378 2697 dum
1410 2646 1462 2698 in
1499 2646 1599 2700 hoc
1625 2662 1788 2714 opere

209 2727 384 2779 nostri
428 2727 642 2781 itineris
684 2744 900 2796 gressus
953 2730 1242 2800 plurimum
1292 2733 1631 2800 impediatur,
1675 2736 1787 2789 sive

209 2815 339 2882 quia
395 2831 583 2870 eorum
658 2821 922 2874 sermonis
986 2821 1295 2877 diliicultate
1348 2825 1603 2878 nonnulla
1661 2827 1788 2894 quid

208 2903 518 2972 signiﬁcare
553 2906 713 2960 velint
736 2908 945 2963 difﬁcile
990 2911 1470 2978 deprehendantur,
1510 2916 1620 2967 sive
1663 2917 1786 2983 quia

209 3006 402 3045 eorum
477 2996 870 3052 enuntiationes
937 3000 1287 3055 barbarismis
1347 3018 1410 3056 ac
1470 3003 1784 3059 solmcismis

206 3082 529 3150 cazterisque
577 3084 719 3138 vitiis
788 3086 1011 3141 infectas
1065 3089 1264 3142 nostris
1334 3091 1783 3159 disputationibus

207 3170 404 3234 coacti,
437 3171 564 3240 quia
593 3187 681 3227 res
709 3173 893 3244 exigit,
931 3175 1319 3241 interserimus,
1346 3166 1466 3231 'sive
1492 3181 1617 3248 quia
1660 3196 1784 3234 cum

204 3259 349 3313 inter
391 3271 647 3331 corrupta
699 3278 887 3318 eorum
918 3255 1099 3320 'verba
1151 3269 1388 3336 corrupti
1441 3270 1784 3325 nihilominus

204 3363 398 3402 sensus
429 3350 568 3416 sint,
603 3359 658 3405 et
686 3368 785 3406 nos
815 3354 1102 3408 verborum
1147 3357 1588 3423 reprehensiones
1621 3360 1783 3428 proli-

203 3437 391 3491 xitatis
417 3452 578 3493 causa
602 3441 930 3508 amittentes,
955 3458 1207 3498 sensuum
1226 3446 1564 3502 solummodo
1586 3449 1780 3503 seriem

203 3524 542 3580 inculcemus
571 3536 625 3581 et
650 3528 918 3584 laboriose
945 3531 1018 3596 id,
1051 3533 1245 3602 quippe
1281 3551 1404 3590 cum
1443 3552 1610 3590 unum
1649 3553 1783 3606 pen-

201 3615 332 3668 deat
370 3629 439 3668 ex
477 3616 668 3682 altero,
700 3620 1037 3690 alterumque
1081 3625 1150 3676 sit
1193 3625 1452 3680 insertum
1493 3627 1546 3680 in
1586 3629 1777 3695 altero,

202 3702 491 3769 faciamus,
516 3714 683 3760 restat
708 3719 787 3774 ut,
810 3721 1076 3766 annuente
1103 3714 1347 3782 Domino,
1368 3721 1665 3788 postposita
1697 3737 1782 3775 re-

199 3794 564 3862 prehensione
597 3811 716 3865 qua:
753 3801 1036 3855 verborum
1073 3804 1217 3860 vitiis
1253 3809 1477 3876 accidit,
1523 3826 1778 3866 sensuum

201 3890 417 3935 tantum
460 3882 796 3941 inordinatus
835 3890 1350 3959 conglomerationes
1395 3900 1647 3966 spiritalis
1674 3918 1776 3971 pu-

197 3971 290 4039 gni
340 3971 571 4027 illisione
612 3986 949 4044 quassantes,
983 3989 1216 4051 coeptum
1266 3985 1370 4040 iter
1394 3997 1449 4042 et
1492 4005 1679 4061 magna
1710 4007 1776 4048 ex

195 4066 359 4128 parte
389 4068 667 4128 peractum
706 4079 1012 4135 pergamus.
1055 4069 1145 4123 Ait
1188 4073 1327 4127 enim
1359 4076 1616 4144 praefatus
1653 4081 1776 4150 Epi-

197 4149 433 4216 phanius
463 4150 740 4219 diaconus,
777 4155 929 4225 cujus
959 4163 1278 4218 sententiam
1306 4167 1573 4225 discutere
1599 4149 1776 4243 coepe-

200 4254 422 4294 ramus:
454 4240 630 4296 Multa
649 4259 767 4314 quae
802 4247 858 4300 in
885 4249 1032 4303 nobis
1062 4264 1340 4308 suci-antur
1372 4260 1658 4316 orationem
1683 4240 1774 4317 sa-

1814 3044 1858 3103 C

1894 1913 1947 1964 in
1981 1913 2130 1966 libris
2164 1916 2588 1969 sacerdotalibus
2625 1916 2823 1983 scripta
2864 1916 3111 1981 habetur,
3152 1925 3207 1970 et
3234 1931 3331 1985 per
3371 1931 3459 1971 sa-

1893 2003 2136 2057 cerdotes
2175 2004 2486 2058 solemniter
2519 2006 2827 2060 celebratur
2870 2009 3046 2077 prisca
3079 2007 3315 2071 traditio,
3348 2007 3460 2062 illa-

1895 2109 2009 2147 rum
2043 2110 2169 2149 vero
2201 2111 2373 2164 neque
2411 2099 2917 2164 consecrandarum,
2953 2113 3126 2168 neque
3163 2101 3459 2156 adoranda-

1891 2198 2010 2235 rum
2041 2183 2147 2235 ulla
2177 2185 2381 2252 uspiam
2425 2186 2479 2238 in
2510 2187 2594 2240 his
2621 2202 2740 2256 qua:
2767 2189 2834 2242 ab
2862 2188 3098 2243 Ecclesia
3131 2190 3460 2258 recipiuntur

1890 2271 2121 2325 habetur
2157 2273 2445 2328 institutio.
2494 2275 2551 2328 In
2577 2291 2642 2330 eo
2667 2291 2794 2331 vero
2829 2278 2972 2346 quod
3009 2278 3081 2331 ait
3111 2295 3122 2331 :
3154 2278 3266 2332 Nec
3299 2278 3461 2349 pluri-

1888 2375 2030 2411 mum
2065 2360 2195 2412 sicut
2235 2363 2528 2415 veneranda
2555 2373 2602 2416 et
2622 2365 2942 2418 honoramur
2969 2375 3016 2418 et
3043 2367 3459 2437 ampliﬁcamur:

1888 2450 1995 2520 ipse
2023 2453 2157 2504 enim
2184 2453 2389 2521 signum
2438 2454 2650 2520 vivi/ica:
2692 2457 2859 2508 crucis
2892 2457 3002 2510 sine
3032 2459 3266 2511 oratione
3308 2476 3461 2512 sacra

1890 2538 2035 2606 fatur
2064 2558 2095 2592 a
2138 2543 2283 2594 nobis
2314 2543 2605 2596 veneranda
2651 2555 2746 2611 est,
2793 2547 2844 2599 id
2889 2560 3008 2599 eum
3051 2555 3180 2616 puto
3229 2548 3462 2603 voluisse

1890 2629 2085 2693 dicere,
2133 2631 2275 2697 quod
2315 2631 2522 2698 signum
2571 2635 2888 2688 veneranda:
2936 2638 3130 2701 crucis,
3176 2639 3318 2706 quod
3363 2655 3463 2694 nos

1889 2717 2181 2772 honoriﬁce
2202 2721 2356 2774 nobis
2383 2721 2614 2775 indimus
2642 2727 2842 2792 absque
2868 2727 3098 2793 quadam
3123 2727 3463 2784 sacerdotum.

1887 2807 2129 2860 oratione
2170 2809 2252 2861 vel
2299 2811 2723 2874 consecratione,
2761 2819 2844 2866 est
2879 2823 2932 2866 et
2967 2825 3142 2867 tamen
3194 2825 3462 2870 sacratum

1888 2896 2116 2949 habetur
2145 2916 2158 2949 :
2191 2897 2244 2950 in
2271 2913 2376 2965 quo
2403 2899 2658 2952 nimirum
2695 2901 2852 2962 dicto,
2888 2903 3027 2956 sicut
3053 2913 3107 2955 et
3144 2905 3198 2957 in
3228 2908 3459 2973 cmteris,

1888 2999 1994 3036 non
2040 2986 2365 3040 mediocrem
2408 3003 2559 3042 suam
2608 2989 2940 3043 demonstrat
2986 2992 3269 3058 insaniam,
3319 2995 3462 3062 quod

1889 3075 2100 3142 signum
2150 3078 2326 3131 erucis
2379 3094 2487 3132 non
2544 3079 2702 3134 aliam
2750 3083 2942 3149 quaerit
3001 3085 3461 3139 consecrationem

1884 3180 2043 3233 quam
2083 3181 2203 3220 eam
2233 3183 2350 3236 qua:
2391 3185 2488 3239 per
2511 3171 2606 3224 Dei
2650 3180 2703 3224 et
2736 3173 3012 3227 hominum
3058 3174 3198 3229 facta
3231 3185 3314 3230 est
3349 3192 3461 3230 me-

1882 3255 2167 3310 diatorem.
2203 3257 2356 3323 Quod
2386 3243 2525 3315 vero.
2564 3261 2880 3329 subiunxit:
2922 3263 2992 3316 Et
3039 3266 3350 3334 suﬁiciemur
3389 3268 3462 3320 si-

1882 3361 2041 3413 gnum
2090 3347 2204 3412 ejus
2260 3349 2494 3418 accipere
2531 3352 2997 3420 sanctiﬁcationem
3044 3371 3136 3423 per
3167 3373 3282 3426 quae
3318 3357 3460 3426 facta

1883 3453 1914 3488 a
1941 3435 2086 3488 nobis
2119 3437 2188 3489 ad
2211 3454 2327 3490 eum
2351 3440 2711 3495 adorationem
2741 3444 2953 3513 quidam
2985 3446 3040 3498 in
3071 3446 3239 3514 fronte
3263 3450 3459 3501 sancti-

1882 3523 2144 3590 ﬁcatione,
2182 3534 2231 3578 et
2253 3543 2369 3596 quae
2405 3527 2460 3580 in
2497 3545 2616 3582 aere
2641 3547 2736 3599 per
2765 3531 2985 3600 digitum
3019 3533 3213 3601 factum
3251 3535 3456 3604 signum

1881 3615 2102 3684 e/fugari
2148 3617 2408 3672 dwmones
2453 3636 2742 3689 speramus,
2791 3625 2857 3678 ad
2903 3625 2955 3680 id
3005 3626 3146 3694 quod
3188 3629 3457 3706 superius

1881 3703 2090 3757 illatum
2133 3714 2214 3759 est
2243 3708 2498 3775 pertinet.
2547 3709 2736 3766 Crucis
2777 3713 2941 3783 igitur
2963 3704 3173 3785 signum
3203 3703 3456 3788 magnum

1881 3791 1935 3845 in
1978 3808 2036 3847 se
2078 3794 2277 3850 habere
2327 3800 2664 3869 mysterium,
2695 3802 2849 3870 eique
2893 3803 3155 3873 imagines
3193 3824 3299 3862 non
3337 3823 3456 3863 esse

1879 3881 2287 3950 tequiparandas
2348 3888 2687 3942 evidentibus
2723 3899 2804 3942 est
2844 3892 3056 3947 indiciis
3089 3898 3454 3965 manifestum,

1878 3980 1932 4025 et
1978 3973 2033 4024 in
2073 3974 2442 4039 superioribus
2508 3976 2668 4043 hujus
2729 3979 2911 4046 operis
2958 3982 3243 4048 partibus,
3296 3997 3457 4052 prout

1877 4061 2137 4115 Dominus
2177 4062 2377 4115 donare
2417 4063 2669 4132 dignatus
2695 4074 2797 4128 est,
2835 4066 3282 4124 demonstratum.
3319 4072 3455 4126 Nam

1880 4153 2006 4206 dum
2046 4152 2326 4222 imagines,
2356 4162 2418 4208 ut
2459 4155 2709 4223 superius
2737 4156 2991 4223 diximus,
3023 4159 3170 4213 nulla
3209 4161 3456 4218 oratione

1878 4243 1962 4297 vel
2011 4259 2202 4298 manus
2249 4244 2593 4313 impositione
2646 4256 2947 4315 sacrentur,
3015 4253 3192 4307 crucis
3238 4254 3451 4323 signum

195 4337 347 4380 cram
376 4344 482 4383 ηοη
513 4333 827 4403 suscipiunt,
865 4335 1018 4402 Quod
1043 4341 1260 4408 quidem
1291 4360 1413 4400 cum
1451 4347 1548 4413 ita,
1587 4358 1646 4403 υι
1691 4352 1848 4425 di_D
1877 4333 2181 4401 ubicunque
2243 4334 2508 4403 ingeritur
2566 4336 2734 4392 divini
2805 4340 3043 4397 nominis
3111 4343 3452 4401 invocatione

196 4420 360 4485 citur,
421 4421 625 4478 nullum
676 4426 897 4495 plenum
948 4445 1165 4486 sensum
1222 4435 1433 4504 habeat,
1494 4440 1598 4495 hoc
1650 4457 1774 4496 eum

198 4507 516 4575 eonjicimus
534 4512 764 4569 voluisse
787 4516 1090 4586 signiﬁcare
1119 4529 1178 4575 ut
1202 4523 1435 4579 diceret:
1462 4527 1626 4582 Multa
1648 4540 1774 4586 sunt

198 4595 251 4650 in
281 4597 446 4654 nobis
478 4609 686 4656 sacrata
726 4619 844 4674 qua:
885 4623 981 4676 per
1013 4613 1311 4668 sacerdotis
1352 4618 1648 4673 orationem
1688 4623 1772 4677 vel

194 4703 389 4744 manus
424 4689 825 4761 impositionem
852 4700 1070 4755 minime
1092 4712 1398 4758 saerantur.
1437 4705 1590 4772 Quod
1621 4711 1666 4763 si
1694 4712 1769 4766 ita

193 4787 294 4844 est,
327 4779 560 4849 qualiter
581 4798 769 4840 verum
794 4801 914 4844 esse
938 4791 1111 4859 possit
1157 4807 1265 4847 non
1298 4794 1434 4850 satis
1477 4797 1762 4857 elucescit:

194 4870 444 4936 quoniam
471 4887 802 4945 quaecunque
845 4879 900 4933 in
925 4880 1166 4938 Ecclesia
1193 4894 1495 4952 sacrentur,
1538 4891 1650 4946 sive
1681 4909 1768 4948 cc-

193 4958 474 5017 eiesiastici
532 4966 749 5022 ordines
775 5007 790 5032 ,
848 4970 962 5023 sive
1006 4975 1392 5031 sacrandorum
1444 4981 1766 5048 templorum

192 5049 572 5120 dedicationes,
603 5056 719 5112 sive
751 5069 963 5114 caeteras
1008 5063 1377 5131 hujuscemodi
1428 5074 1766 5129 constitutio-

191 5153 297 5204 nes,
330 5155 428 5208 per
458 5135 821 5203 sacerdotales
845 5149 1211 5211 ecclesiastico
1233 5173 1382 5213 more
1402 5165 1765 5219 consecratio-

187 5241 280 5281 nes
304 5228 463 5296 ﬁunt,
490 5233 687 5304 quippe
718 5251 840 5290 cum
882 5241 950 5294 ad
986 5242 1153 5309 ipsam
1175 5243 1495 5304 Christianae
1514 5252 1637 5307 fidei
1665 5269 1762 5309 no-

186 5316 450 5405 bilitatem
477 5335 574 5389 per
596 5339 761 5391 quam
793 5327 862 5381 ad
887 5338 1110 5386 caeteros
1136 5335 1335 5402 gradus
1375 5342 1663 5405 acceditur,
1706 5345 1761 5398 in

185 5403 318 5474 ipsis
364 5409 606 5464 infantiae
661 5414 982 5472 rudimentis
1037 5434 1134 5489 per
1179 5423 1518 5480 sacerdotum
1572 5403 1762 5488 manus

186 5494 560 5564 impositiones
585 5510 640 5555 et
667 5502 734 5554 ad
758 5503 926 5559 Deum
952 5510 1227 5564 orationes
1254 5511 1520 5569 veniatur.
1553 5519 1610 5574 Si
1634 5536 1761 5584 vero

184 5585 253 5641 de
281 5584 419 5643 locis
445 5588 559 5646 sive
589 5591 732 5649 vasis
756 5595 839 5650 vel
863 5597 1186 5660 quibuslibet
1224 5601 1542 5662 utensilibus
1568 5612 1758 5674 divinis

1880 4421 2125 4488 infertur,
2161 4429 2215 4477 et
2247 4423 2372 4477 dum
2403 4425 2488 4479 hae
2518 4427 2982 4485 consecrationem
3037 4433 3325 4501 quamdam
3354 4449 3454 4491 nec

1877 4513 2112 4568 habeant
2137 4530 2239 4570 nec
2284 4517 2485 4572 habere
2514 4527 2714 4586 queant
2751 4534 2854 4574 nec
2889 4521 3142 4591 debeant,
3173 4524 3302 4581 illud
3326 4541 3455 4583 vero

1874 4604 2010 4658 adeo
2039 4611 2122 4658 est
2162 4620 2194 4658 a
2223 4606 2563 4675 redemptore
2597 4609 2780 4663 mundi
2821 4620 3115 4679 sacratum,
3144 4622 3205 4668 ut
3235 4628 3344 4669 non
3368 4629 3456 4672 so-o

1873 4691 1982 4755 tum
2029 4691 2329 4762 cuiuspiam
2375 4698 2783 4755 consecratione
2824 4699 3099 4774 indigeat,
3148 4707 3244 4761 sed
3285 4707 3454 4764 divini

1871 4783 2106 4836 nominis
2137 4783 2477 4841 invocatione
2514 4788 2723 4844 illatum
2755 4792 2862 4847 alia
2905 4810 3133 4868 quaeque
3172 4809 3454 4855 consecret

1868 4880 1923 4925 et
1946 4873 2248 4927 benedicat.
2288 4873 2460 4932 Porro
2481 4881 2626 4948 quod
2651 4883 2727 4936 ait
2757 4900 2768 4936 :
2803 4882 3067 4942 Similiter
3093 4898 3140 4941 et
3173 4889 3459 4956 imaginem

1867 4979 1959 5031 per
1985 4980 2172 5018 nomen
2207 4967 2612 5036 signiﬁcationis
2638 4975 2708 5028 ad
2727 4977 2956 5046 primam
2990 4981 3212 5036 formam
3235 4978 3458 5034 honoris

1867 5052 2198 5120 deducimus,
2241 5066 2288 5111 et
2327 5059 2620 5116 osculantes
2655 5081 2770 5118 eam
2798 5074 2848 5116 et
2881 5063 3455 5122 honorabiliter-Itono-

1868 5157 2040 5202 rantes
2089 5150 2400 5218 accipiemus
2448 5152 2934 5221 sanctiﬁcationem,
2960 5166 3121 5222 quam
3157 5153 3230 5207 sit
3253 5157 3448 5212 absur-

1865 5237 1992 5290 dum
2041 5253 2308 5309 quamque
2369 5257 2400 5294 a
2450 5244 2661 5316 ratione
2718 5242 2952 5297 alienum
3009 5244 3214 5312 liquido
3276 5255 3444 5316 patet.

1865 5325 2010 5379 Dixit
2038 5327 2203 5393 enim,
2237 5315 2524 5400 imaginem
2558 5343 2656 5397 per
2690 5345 2886 5384 nomen
2932 5331 3346 5400 signiﬁcationis
3376 5335 3443 5394 ad

1863 5417 2050 5486 prima:
2085 5417 2273 5475 formae
2311 5421 2589 5480 honorem,
2633 5418 2686 5470 id
2725 5427 2829 5485 est,
2877 5420 2946 5473 ad
2982 5418 3182 5482 sancti,
3209 5421 3260 5472 in
3291 5416 3446 5484 cujus

1863 5505 2081 5562 nomine
2119 5497 2494 5577 prmtitnlatu'r,
2543 5506 2949 5562 venerationem
3008 5518 3169 5572 posse
3215 5505 3438 5558 deduci:

1862 5597 2003 5666 σμιοὰ
2032 5599 2145 5654 ﬁeri
2179 5611 2335 5669 posse
2360 5591 2556 5648 nullius
2593 5593 2824 5653 rationis
2854 5595 3066 5651 indiciis
3097 5595 3447 5652 evidentibus
