4008 6154
592 182 725 241 i219

1433 174 1494 236 B.
1537 182 1784 238 CAROLI
1832 178 2043 235 MAGNI
2085 180 2234 234 OPP.
2270 178 2446 237 PARS
2470 182 2531 236 ll.
2576 182 2815 239 SECTIO
2846 180 2906 238 ll.

3685 185 3805 240 19.20

586 303 764 371 potest
785 295 1089 365 approbari.
1133 294 1191 350 Si
1211 294 1448 349 nominis
1478 295 1849 349 tantummodo
1870 293 2149 361 inscriptio
2180 299 2225 356 Λ
2253 309 2374 347 mur
2397 309 2513 347 eam
2537 303 2591 349 et
2610 294 2998 349 honorabiliter
3023 294 3325 360 adoramus,
3347 293 3804 350 sanctiﬁcationem

588 405 681 443 eas
720 387 787 440 ad
829 384 1142 438 eorumdem
1182 391 1491 438 sanctorum
1542 397 1771 451 quorum
1813 381 2030 435 nomina
2072 396 2162 434 su-

586 476 1018 547 perscr‘ibuntur,
1051 474 1310 528 honorem
1339 471 1597 536 deducit“
1617 488 1744 541 ergo
1764 470 2024 539 quaelibet
2052 486 2158 534 res,

587 563 673 618 cui
703 562 876 618 sancti
913 559 1191 627 cujusdam
1231 573 1428 614 nomen
1468 558 1903 626 superscribitur,
1932 558 1998 610 ad
2022 554 2163 624 ejus-

584 653 708 706 dem
740 652 908 705 sancti
934 651 1193 703 honorem
1220 648 1554 702 conscendit.
1577 647 1719 717 Ergo
1739 646 1964 715 lapides,
1997 646 2157 715 ligna,

586 750 782 805 vestes,
814 741 926 795 sive
972 739 1225 792 animalia
1260 738 1507 806 quaedam
1545 737 1899 805 quorumdam
1947 744 2162 790 sancto-

585 844 706 882 rum
739 827 1045 882 nominibus
1088 824 1474 894 superseripta,
1517 824 1584 878 ad
1607 824 1916 877 eorumdem
1948 833 2162 878 sancto-

588 933 711 973 rum
757 921 1019 975 honorem
1068 922 1368 979 transeunt,
1423 927 1653 982 quorum
1690 919 1814 967 sunt
1856 912 2163 967 nominibus

587 1015 914 1078 praenotata;
946 1014 1002 1061 et
1029 1006 1076 1061 si
1109 1005 1329 1061 nomina
1356 1005 1715 1072 superscripta
1743 1002 1858 1081 haec
1887 1016 2007 1070 quae
2031 1016 2163 1055 enu-

589 1099 914 1154 meravimus
939 1097 1221 1149 att-eorum
1248 1107 1478 1162 quorum
1503 1092 1719 1145 nomina
1749 1098 1873 1145 sunt
1901 1090 2162 1143 honorem

589 1188 884 1258 perducere
922 1184 1144 1239 minime
1180 1190 1403 1251 queunt,
1433 1193 1535 1235 nec
1573 1180 1693 1235 illas
1725 1193 1943 1249 quoque
1990 1178 2164 1232 nomi-

590 1290 719 1331 num
771 1275 1151 1344 inscriptiones
1176 1274 1245 1328 ad
1269 1281 1579 1331 sanctorum
1615 1272 1875 1327 honorem
1903 1271 2164 1339 quodam—

592 1364 749 1418 modo
768 1364 1088 1432 perducunt,
1111 1370 1167 1416 et
1187 1362 1232 1416 si
1268 1362 1410 1416 istud
1434 1360 1685 1430 prudenti
1723 1358 2163 1415 consideratione

595 1452 871 1514 abnuitur,
900 1457 955 1504 et
984 1450 1112 1504 illud
1136 1448 1320 1505 solerti
1345 1449 1670 1519 indigatione
1713 1447 1980 1516 abjicitur.
2022 1445 2164 1501 Oﬁ‘e-

590 1548 782 1596 runtnr
818 1538 1038 1594 cuilibet
1065 1552 1251 1593 eorum
1285 1537 1378 1606 qui
1415 1538 1676 1607 imagines
1715 1536 1958 1599 adorant,
2011 1534 2161 1589 verbi

2260 383 2328 438 ab
2353 398 2415 437 ea
2444 385 2687 452 accipere
2722 385 3017 453 cupientes,
3049 400 3210 453 quam
3253 402 3352 441 nec
3391 386 3479 439 illa
3516 386 3692 448 habet,
3725 401 3810 442 nec

2259 474 2415 527 nobis
2456 473 2731 544 impertire
2760 475 2918 530 valet.
2953 474 3161 541 Quanto
3190 491 3318 545 ergo
3355 483 3532 544 potest
3576 491 3716 531 caeco
3742 476 3811 530 lu-

2259 576 2383 615 men
2420 562 2663 629 reddere,
2713 579 2837 619 cum
2882 566 2995 634 ipsa
3032 581 3140 619 non
3186 566 3393 631 videat;
3438 565 3624 619 odoris
3666 580 3813 624 sensu

2260 656 2466 710 carenti
2513 656 2765 724 odorem,
2815 673 2937 712 cum
2994 659 3108 728 ipsa
3154 661 3338 715 eodem
3392 675 3555 715 sensu
3614 674 3807 727 careat;

2259 744 2421 797 surdo
2451 745 2724 809 auditum,
2769 762 2890 800 cum
2927 762 3034 803 non
3077 749 3288 815 audiat;
3336 757 3486 803 muto
3533 750 3810 819 eloquium,

2259 845 2378 884 cum
2408 831 2522 901 ipsa
2548 848 2653 887 non
2680 834 2958 905 loquatur;
2991 837 3153 891 debili
3181 839 3427 893 manibus
3450 844 3675 904 tactum,
3703 856 3810 896 cum

2259 916 2373 985 ipsa
2412 920 2544 989 nihil
2585 922 2808 991 palpare
2850 934 3038 993 queat;
3081 928 3272 983 claudo
3297 944 3561 998 gressum,
3592 945 3701 999 quo
3733 931 3818 988 illa

2258 1008 2472 1073 penitus
2510 1020 2688 1078 caret;
2738 1023 2950 1068 mortuo
2977 1017 3162 1082 vitam,
3201 1032 3323 1072 cum
3363 1020 3478 1089 ipsa
3519 1035 3628 1074 non
3657 1023 3817 1078 vivat:

2262 1105 2411 1151 tanto
2453 1100 2801 1156 nihilominus
2855 1104 3011 1159 nobis
3059 1106 3539 1161 sanctiﬁcationem
3590 1109 3820 1179 ingerere

2261 1187 2419 1253 valet,
2437 1203 2540 1257 qua
2565 1191 2678 1259 ipsa
2702 1194 2919 1261 penitus
2941 1197 3179 1250 caret.ln
3204 1212 3370 1266 parvo
3393 1213 3523 1253 vero
3545 1214 3815 1267 commate,

2261 1276 2401 1343 quod
2443 1290 2705 1347 superest,
2746 1299 2852 1338 non
2881 1292 2964 1340 est
3007 1288 3206 1341 diutius
3248 1288 3661 1357 immorandum,
3697 1310 3815 1364 quo-

2259 1363 2407 1418 niam
2449 1381 2583 1435 pene
2623 1377 2793 1425 totum
2838 1373 2893 1426 in
2936 1375 3308 1443 superioribus
3355 1363 3816 1456 commatibusper

2260 1463 2443 1523 partes
2480 1456 2691 1512 videtur
2736 1476 2857 1516 esse
2907 1479 3232 1519 connexum.
3279 1466 3371 1521 Ait
3398 1470 3584 1523 enim:
3619 1470 3751 1525 Nam
3773 1483 3817 1527 et

2261 1557 2415 1596 sacra
2446 1545 2650 1600 diversa
2674 1565 2797 1603 vasa
2824 1551 3069 1607 habentes
3091 1555 3186 1609 has
3212 1556 3513 1610 osculamur
3550 1569 3597 1613 et
3632 1560 3815 1630 ample-

590 1631 781 1701 gratia,
797 1629 1026 1685 duarum
1061 1627 1383 1685 feminarum
1404 1627 1747 1695 pulchrarum
1775 1626 2035 1693 imagines
2069 1639 2160 1678 su-
2187 1614 2236 1674 Β
2264 1634 2453 1687 cumm-
2494 1645 2542 1690 ει
2574 1641 3041 1709 εαηεεξβοατίοηεήι
3077 1646 3357 1714 quamdam
3395 1664 3673 1717 sperum“.
3703 1614 3816 1705 iam

586 1720 977 1792 perscriptione
999 1724 1264 1782 carentes,
1280 1733 1415 1786 quas
1434 1717 1520 1771 ille
1543 1717 1933 1786 parvipendens
1956 1714 2155 1784 abjicit,

586 1812 930 1881 abjectasque
958 1809 1197 1879 quolibet
1238 1808 1294 1862 in
1341 1808 1462 1863 loco
1483 1805 1666 1874 jacere
1703 1805 1988 1874 permittit,
2032 1804 2162 1859 dicit

594 1901 669 1954 illi
704 1900 872 1963 quis:
929 1898 1046 1954 Una
1095 1897 1311 1951 illarum
1362 1902 1561 1951 sancta:
1604 1894 1783 1949 Mariae
1830 1894 2005 1963 imago
2054 1900 2156 1958 est,

593 1990 757 2059 abjiei
802 2004 907 2044 non
932 1988 1123 2051 debet;
1172 1986 1341 2041 altera
1369 1985 1604 2047 Veneris,
1634 1999 1751 2052 quae
1774 1983 1993 2038 omnino
2021 1980 2159 2050 abji-

591 2080 779 2134 cienda
803 2087 905 2141 est,
944 2078 1106 2131 vertit
1148 2091 1207 2132 se
1253 2076 1319 2130 ad
1360 2076 1622 2145 pictorem
1672 2090 1922 2144 quaerens
1965 2076 2033 2127 ab
2071 2088 2155 2135 eo.

587 2167 712 2234 quia
748 2167 801 2221 in
827 2166 1076 2220 omnibus
1100 2163 1383 2221 simillimae
1412 2171 1554 2228 sunt,
1577 2179 1695 2232 qua:
1722 2163 1933 2216 illarum
1960 2169 2159 2216 saneta:

587 2257 767 2311 Maria:
822 2257 1000 2325 imago
1055 2256 1144 2321 sit,
1189 2254 1272 2309 vel
1320 2270 1439 2323 qua:
1462 2254 1718 2308 Veneris?
1761 2252 1855 2307 llle
1896 2252 2021 2307 huic
2066 2251 2158 2306 dat

586 2345 1097 2414 superscriptionem
1124 2353 1324 2398 sancta
1347 2342 1544 2408 Mariae,
1578 2342 1656 2396 illi
1683 2356 1810 2395 vero
1850 2343 2154 2410 superscri-

583 2436 823 2506 ptionem
866 2435 1090 2491 Veneris
1129 2451 1143 2486 :
1184 2433 1286 2486 ista
1328 2432 1454 2501 quia
1505 2431 2015 2500 superscriptionem
2059 2431 2156 2485 Dei

586 2526 862 2592 genitricis
889 2526 1071 2588 habet,
1115 2523 1359 2592 erigitur,
1390 2522 1698 2587 honoratur,
1729 2523 2029 2587 osculatur;
2066 2523 2155 2577 illa

585 2616 716 2684 quia
761 2616 1162 2685 inscriptionem
1189 2614 1413 2669 Veneris
1432 2612 1618 2668 (Enen:
1643 2611 1918 2680 cujusdam
1941 2611 2153 2683 profugi

586 2706 867 2776 genitricis
889 2706 1070 2767 habet,
1094 2705 1364 2775 dejieitur,
1403 2704 1777 2773 exprobratur,
1805 2713 2147 2769 exsecratur;

585 2795 706 2865 pari
737 2804 978 2863 utraeque
1006 2802 1132 2849 sunt
1159 2794 1353 2865 ﬁgura,
1398 2794 1618 2863 paribus
1663 2793 1954 2859 coloribus,
1997 2794 2151 2862 pari-

584 2886 791 2955 busque
831 2884 986 2939 facta:
1021 2884 1283 2949 materiis,
1334 2884 1790 2955 superscriptione
1835 2891 2044 2938 tantum
2073 2883 2153 2938 di-

581 2983 748 3029 stant.
796 2975 953 3030 Dicat
991 2975 1143 3041 mihi,
1167 2991 1369 3044 quaaso,
1400 2972 1724 3045 Epiphanius
1758 2974 2033 3041 diaconus,
2061 2975 2153 3042 qui

582 3078 681 3132 per
723 3064 958 3118 nominis
1004 3065 1408 3134 inscriptionem
1469 3065 1731 3137 imagines
1778 3064 1847 3119 ad
1892 3064 2153 3119 honorem

579 3153 770 3221 primae
811 3154 999 3209 temtas
1027 3154 1217 3210 deduci
1250 3169 1408 3223 posse
1444 3155 1599 3221 dixit,
1622 3155 1714 3210 ubi
1739 3155 1855 3210 haec
1894 3154 2153 3209 sanctitas

580 3241 739 3311 hujus
764 3252 1052 3313 antequam
1079 3245 1566 3313 superscriberetur
1595 3244 1728 3300 fuit?
1756 3245 1841 3301 vel
1886 3245 1978 3300 ubi
2009 3244 2153 3299 illius

579 3330 923 3399 exprobratio
996 3331 1309 3400 priusquam
1366 3334 1856 3401 superscriberetur
1908 3332 2152 3389 exstitit?

579 3420 978 3491 Superscriptio
1031 3422 1247 3491 itaque,
1305 3437 1424 3491 quae
1467 3424 1794 3493 imaginibus
1837 3424 1947 3479 indi
1994 3424 2147 3486 solet,

578 3512 875 3565 secundum
920 3525 1128 3564 morem
1168 3512 1493 3578 litterarum,
1519 3514 1714 3581 quibus
1757 3521 1907 3566 tanta
1936 3513 2019 3565 vis
2047 3519 2145 3574 est,

577 3609 639 3655 ut
652 3602 823 3654 tacite
837 3601 1144 3667 loquantur,
1168 3608 1222 3653 et
1244 3614 1628 3668 nonnunquam
1653 3601 1794 3655 dicta
1824 3601 2144 3665 absentium,

574 3688 964 3756 nonnunquam
994 3698 1127 3743 vero.
1148 3685 1493 3759 praesentiain
1525 3686 1644 3763 sine
1671 3702 1802 3748 voce
1828 3682 2145 3763 edisseram,

566 3774 828 3833 notitiam
873 3772 1072 3831 inferre
1097 3773 1278 3839 valet,.
1301 3774 1408 3831 illis
1430 3760 1935 3850 veroJimaginibus
1954 3766 2149 3855 quibus

577 3862 1310 3942 ἱηάίιιυν,οεωιῡιίβωιὶοηθω
1350 3865 1605 3939 exhibere
1644 3881 1749 3935 non
1774 3857 1985 3943 pptest.
2012 3856 2150 3925 San-

572 3956 831 4015 αῑὶίὶοιηὶο
842 3982 852 4008 ι
865 3955 1011 4012 Clin)
1042 3955 1411 4023 rationalibus
1424 3949 1717 4030 creaturis.
1732 3942 2011 4037 honoro
2022 3943 2149 4037 ope-

562 4061 703 4116 rum
720 4038 1471 4117 exhibitioneetlmeritorum
1502 4043 1878 4123 praerogativis
1908 4032 2148 4125 concedi-

560 4148 692 4203 ~tur;
732 4140 898 4195 rebus
936 4152 1065 4201 vero
1102 4137 1508 4206 irrationalibus
1542 4145 1789 4219 etsensu
1808 4126 2142 4219 carentibus,

574 4234 909 4296 utpoteasnnt
932 4242 1062 4287 vasa
1083 4226 1303 4293 *ditrinilﬁ
1324 4210 1557 4299 ομιιίῠιιέ
1586 4210 1920 4307 Ψξλιὶέίὲἒίιδ»
1966 4235 2021 4300 (ξι
2059 4210 2187 4307 his/2

572 4315 773 4370 sbnitia
788 4329 921 4371 rnon-
933 4316 1396 4388 superscr-imicus,
1413 4315 1679 4393 qualibet,
1696 4315 1809 4382 sed
1829 4308 2144 4393 sacerdotali

571 4404 983 4471 consecratione
1000 4410 1081 4466 et;
1096 4401 1277 4467 divini,
1290 4402 1523 4475 nominis
1542 4390 1883 4478 invocatione
1913 4402 2139 4475 accedit.

546 4492 653 4548 ,Δρ
676 4504 775 4560 per
790 4493 897 4549 hoc
920 4488 1159 4553 evidenti
1175 4488 1386 4559 ratione
1416 4480 2145 4571 monstratur,_nullamlima-

574 4584 791 4650 sinibus
807 4582 1083 4639 inhaerere
1105 4595 1265 4649 posse
1297 4579 1893 4667 sanctiﬁcationemfper
1910 4566 2145 4669 quintili-

574 4670 1240 4740 bet.superseriptionem,
1272 4673 1526 4741 quoniam
1553 4672 1657 4727 ista
1694 4688 1813 4743 quae
1855 4668 2031 4727 beatae
2049 4670 2142 4749 Dei

536 4802 537 4805 η
573 4762 854 4834 genitricis
888 4759 1624 4831 MaritesuperseriptiOnem
1663 4764 1905 4825 sortitur,
1938 4772 1992 4817 et
2023 4777 2141 4831 quae

569 4854 842 4923 quondam
867 4852 1265 4921 despicabiliter
1298 4851 1507 4921 abjecta
1527 4851 1719 4922 jacuit,
1746 4867 1888 4904 nunc
1914 4865 2139 4903 venera-

572 4944 754 5001 biliter
801 4944 1114 5008 adornatur,
1162 4950 1425 5012 quantum
1467 4942 1635 4995 valuit
1687 4940 2141 5007 contemptorihus

570 5036 684 5091 suis
711 5042 889 5101 spreta
911 5032 1102 5099 jacens
1130 5035 1339 5100 obesse,
1382 5040 1589 5086 tantum
1625 5030 1972 5085 nihilominus
1997 5032 2139 5086 valet

568 5121 868 5177 cultoribus
910 5123 1025 5181 suis
1063 5130 1241 5177 erecta
1288 5130 1342 5176 et
1383 5120 1604 5174 adorata
1644 5119 1914 5189 prodesse,
1957 5130 2009 5175 et
2047 5120 2137 5174 illa

554 5218 826 5279 vquautum
850 5220 1035 5279 posset
1071 5209 1264 5279 juvare
1290 5212 1336 5265 si
1366 5210 1681 5279 erigeretur,
1726 5218 1932 5265 tantum
1960 5220 2135 5282 potest

568 5295 760 5352 Ludere
787 5314 907 5351 cum
941 5298 1236 5364 spernitur.
1269 5298 1422 5369 Quod
1454 5313 1582 5352 vero
1607 5300 1681 5352 ait
1706 5317 1718 5351 :
1747 5299 1814 5353 Et
1841 5300 2133 5354 osculantes

565 5401 679 5437 eam
704 5396 750 5438 et
775 5385 1151 5439 honorabiliter
1180 5389 1459 5443 adorantes
1496 5390 1805 5458 accipiemus
1839 5390 2135 5455 sanctiﬁca-

567 5471 774 5539 tionem,
805 5481 1014 5525 tantum
1040 5474 1242 5528 valeret
1280 5485 1537 5545 quantum
1573 5478 1618 5530 si
1645 5476 1851 5530 diceret
1878 5494 1888 5527 :
1915 5476 2131 5561 Oscula-

2260 1724 2402 1778 enim
2435 1726 2504 1781 ad
2525 1728 2774 1784 homines
2798 1746 2898 1801 per
2924 1749 3073 1799 vasa,
3101 1737 3193 1790 sed
3222 1738 3289 1791 ad
3318 1751 3446 1791 vasa
3471 1753 3569 1807 per
3593 1738 3821 1793 homines

2260 1814 2426 1868 divini
2449 1818 2686 1873 nominis
2708 1821 3045 1878 invocatione
3069 1832 3123 1878 et
3152 1840 3425 1881 sacrorum
3452 1828 3821 1898 mysteriorum

2259 1904 2624 1962 celebratione
2663 1910 3022 1966 sanctiﬁcatio
3053 1914 3229 1979 venit;
3259 1929 3361 1969 nee
3388 1917 3533 1970 vasis
3574 1916 3825 1986 imagines

2258 1999 2602 2065 comquandze
2628 2008 2771 2067 sunt,
2799 2003 3052 2073 quoniam
3081 2006 3136 2059 in
3162 2003 3327 2070 vasis,
3356 2022 3466 2063 non
3496 2009 3554 2063 in
3588 2009 3829 2080 imagini~

2256 2086 2379 2151 bus,
2408 2087 2518 2143 Deo
2559 2090 2884 2146 sacriﬁcium
2928 2092 3168 2148 offertur.
3198 2093 3331 2148 Nam
3361 2097 3407 2149 si
3451 2112 3481 2150 a
3516 2099 3678 2161 vasis,
3710 2113 3829 2167 quae

2256 2176 2442 2245 utique
2492 2180 2823 2234 sanctiﬁcata
2871 2190 3024 2246 sunt,
3094 2183 3398 2236 hominibus
3444 2186 3832 2251 sanctiﬁcatio,

2257 2274 2318 2319 ut
2344 2267 2593 2332 diximus,
2619 2267 3173 2335 minimeimpertitur,
3203 2268 3552 2323 multominus
3585 2271 3655 2324 ab
3685 2272 3837 2325 ima-

2256 2354 2466 2423 ginibus
2487 2354 2839 2422 impertietur,
2868 2368 2986 2424 quae
3010 2368 3112 2409 nec
3133 2355 3475 2413 sanetiﬁcare
3501 2372 3605 2411 nec
3628 2360 3834 2415 sancti-

2254 2442 2403 2496 ﬁcari
2430 2450 2673 2512 possunt.

2824 2532 3050 2588 CAPUT
3086 2533 3249 2589 XVH.

2257 2620 2762 2694 Ridiculosissimum
2801 2623 2996 2694 dictum
3026 2622 3311 2692 Epiphania
3335 2624 3742 2694 reprehenditur,
3768 2628 3827 2682 in

2394 2740 2407 2748 .
2434 2708 2493 2745 eo
2521 2693 2659 2763 quod
2696 2693 2811 2746 ait:
2835 2692 2916 2745 Ex
2939 2693 3158 2760 proprio
3193 2692 3399 2747 ventre
3419 2693 3648 2747 locutus.

2325 2782 2479 2849 Quod
2505 2783 2559 2838 iu
2585 2784 2772 2838 eadem
2797 2783 3000 2853 synodo
3024 2783 3283 2839 scribitur
3309 2798 3375 2839 eo
3405 2785 3550 2853 quod
3577 2784 3826 2854 prmfatus

2258 2871 2590 2940 Epiphanius
2614 2873 2680 2928 de
2699 2875 2929 2942 quodam
2963 2873 3118 2938 dixit,
3144 2873 3230 2928 Ea:
3261 2876 3472 2944 proprio
3498 2884 3669 2930 ventre
3691 2876 3826 2930 locu-

2177 2942 2224 3004 C
2254 2970 2360 3028 tus,
2388 2978 2693 3032 quanquam
2723 2964 2884 3018 rebus
2909 2964 2978 3017 ad
3004 2963 3165 3018 ﬁdem
3189 2942 3580 3032 pertinentibus
3627 2965 3824 3020 nullum

2254 3049 2441 3104 afferat
2459 3050 2846 3119 przejudicium,
2868 3061 2923 3105 et
2945 3051 3077 3119 huic,
3093 3053 3308 3122 negotio
3326 3053 3391 3107 de
3410 3068 3518 3123 quo
3543 3069 3717 3111 sermo
3745 3066 3827 3112 est

2253 3155 2353 3194 nec
2377 3140 2669 3210 quidquam
2702 3139 2790 3194 vel
2814 3140 3018 3210 irroget
3050 3142 3136 3196 vel
3160 3143 3398 3210 deroget,
3422 3142 3544 3197 ideo
3586 3153 3764 3199 tamen
3795 3158 3828 3198 a

2254 3230 2410 3285 nobis
2434 3245 2540 3285 non
2563 3238 2646 3284 est
2667 3231 3110 3299 praetermissum,
3126 3231 3380 3300 quoniam
3397 3232 3673 3288 indoctum
3695 3235 3827 3302 quid

2252 3327 2409 3373 sonat
2429 3327 2485 3374 et
2508 3319 2799 3383 insulsum,
2821 3327 2875 3373 et
2899 3317 3025 3388 quia
3056 3334 3156 3375 nec
3189 3318 3387 3374 debent
3414 3335 3514 3374 nec
3548 3327 3773 3390 possunt
3797 3336 3831 3375 a

2252 3410 2344 3463 tali
2370 3411 2638 3478 scriptura
2667 3424 2821 3464 novae
2849 3410 3100 3479 quaelibet
3135 3411 3544 3465 constitutiones
3571 3410 3831 3465 Ecclesia:

2249 3498 2553 3568 prorogari,
2581 3512 2701 3567 quae
2732 3505 2814 3552 tot
2850 3500 3023 3554 modis
3062 3507 3239 3569 potest
3266 3498 3600 3568 reprehendi.
3647 3498 3830 3553 Omne

2249 3591 2394 3646 enim
2432 3589 2576 3658 quod
2609 3590 3083 3657 irreprehensibile
3117 3600 3217 3655 est,
3254 3592 3358 3647 hoc
3402 3591 3593 3661 recipit
3637 3602 3826 3655 sancta

2242 3676 2514 3734 catholica
2542 3678 2813 3745 Ecclesia;
2838 3725 2840 3728 .
2870 3681 3014 3750 quod
3041 3690 3223 3737 autem
3250 3682 3328 3739 in,
3357 3681 3605 3751 pluribus
3649 3696 3826 3750 repre-

2247 3758 2523 3833 henditur,
2551 3769 2759 3824 hociab
2794 3769 3162 3826 ecclesiastico
3213 3771 3462 3841 dogmate
3514 3771 3821 3837 abdicatur,

2238 3857 2359 3912 Nec
2383 3859 2541 3913 debet
2574 3858 2741 3914 iiliuS'
2764 3859 3009 3914 lectionis
3055 3875 3183 3928 qua:
3227 3859 3739 3935 reprehensionibus
3774 3868 3829 3937 et

2248 3944 2449 4003 talibus
2466 3949 2733 4019 nugisgest
2752 3942 2949 4017 plena;
2971 3950 3039 4003 de
3065 3950 3355 4023 aderandis
3375 3949 3829 4029 imaginibusobr

2248 4041 2457 4095 servari
2466 4031 3013 4096 'cens‘uraxbixerun’t
3034 4055 3239 4109 rnernpe
3265 4041 3549 4109 quemdam
3578 4053 3830 4116 etym-

2245 4131 2565 4200 prioventre
2594 4131 2849 4186 locutum;
2866 4131 3019 4198 Quod
3036 4131 3563 4189 ‘dictum-nonsohtm
3577 4146 3627 4193 :a.
3644 4129 3827 4195 doctis

2247 4228 2434 4272 verum
2483 4221 2666 4273 etiam
2690 4220 2763 4273 ab
2776 4230 2781 4235 '
2796 4216 3029 4273 indoctis
3063 4218 3295 4283 auribus
3310 4219 3614 4288 respuium.
3633 4225 3828 4285 eum:

2232 4307 2344 4361 '~lu‘ti
2374 4309 2516 4362 anile
2544 4309 2811 4376 quoddam
2830 4308 3238 4363 deliramentum
3259 4310 3534 4367 abnuitur.
3557 4309 3827 4377 Excurrit

2220 4397 2389 4451 enim
2404 4386 2498 4460 ea,
2518 4398 2822 4465 ‘quaemeus
2838 4399 3090 4468 concepit
3103 4399 3300 4468 Ji'ngna
3318 4452 3322 4455 _
3351 4399 3663 4468 interprete
3684 4412 3824 4476 prg-

2220 4487 2628 4554 'dueu‘ntur;‘ex
2654 4496 2842 4542 matre
2862 4504 2926 4543 ea
2946 4490 3532 4561 admmisu-antur‘quae

2226 4565 2363 4633 "sum
2390 4564 2553 4634 illisu
2587 4584 2878 4649 egeruntur
2900 4588 2996 4635 :et
3023 4580 3292 4636 sioutntm
3320 4590 3497 4655 potest
3518 4598 3639 4643 tor,
3664 4584 3822 4649 quad

2220 4656 2629 4739 'plerumqueet
2659 4671 2745 4724 in.
2764 4671 2960 4725 divinis
3000 4672 3218 4737 litteris,
3241 4680 3292 4726 et
3310 4720 3314 4724 Α
3334 4674 3389 4725 in
3414 4671 3824 4745 consuetudine

2241 4757 2569 4825 loquentium
2590 4774 2689 4825 pro
2715 4768 2893 4814 mente
2921 4762 3033 4816 sive
3058 4776 3218 4847 sensu
3240 4760 3470 4832 ponitur,
3494 4774 3821 4821 escascon-

2240 4846 2420 4911 ﬁcere,
2451 4848 2735 4900 humerum
2757 4846 3111 4905 collectionesf
3134 4853 3351 4915 habere,
3383 4850 3457 4909 ita
3489 4858 3596 4907 non
3622 4857 3824 4919 potest

2239 4942 2427 4988 venter
2451 4936 2803 5003 cogitationes
2828 4939 3128 5007 concipere,
3153 4953 3354 5008 easque
3374 4953 3469 5007 per
3492 4938 3659 4994 verba
3682 4953 3824 5006 pm-

2237 5023 2453 5078 ducere.
2483 5025 2693 5079 Habent
2714 5038 2858 5096 ergo
2880 5028 3089 5099 singula
3129 5031 3371 5085 membra
3394 5028 3580 5091 pﬂicia
3606 5043 3730 5089 sua.
3758 5035 3821 5082 ιιι

2237 5115 2473 5183 quinque
2500 5128 2689 5169 sensus
2730 5118 2968 5186 quinque
3007 5120 3374 5173 membrorum
3409 5119 3654 5188 partibus
3705 5117 3821 5172 dis-

2237 5202 2422 5257 tributi
2468 5203 2593 5267 sint,
2620 5215 2842 5274 excepto
2878 5213 3044 5270 tactu,
3067 5207 3159 5275 qui
3186 5208 3441 5276 quamvis
3462 5208 3519 5262 in
3559 5206 3820 5261 manibus

2235 5296 2414 5351 sedem
2444 5297 2644 5351 habere
2664 5305 2896 5367 putetur,
2932 5312 3029 5367 per
3055 5306 3252 5353 caetera
3298 5299 3541 5352 membra
3582 5295 3818 5350 diffusus

2232 5392 2332 5440 est.
2377 5385 2445 5439 Et
2477 5386 2769 5440 secundum
2822 5387 3260 5455 philosophorum
3313 5387 3710 5456 experientiam
3760 5385 3816 5436 in

2231 5478 2388 5531 corde
2415 5487 2497 5532 est
2521 5478 2696 5544 timor,
2725 5480 2777 5532 in
2814 5478 2994 5549 splene
3015 5479 3198 5535 laetitia
3216 5520 3232 5546 ,
3256 5480 3311 5534 in
3327 5478 3513 5548 jecore
3533 5477 3813 5546 voluptas,
