4008 6154
153 240 278 301 liii

928 226 1106 288 LIBRI
1141 220 1477 285 CAROLlNi.
1519 254 1589 263 -—-
1627 220 1843 277 CAPIT.
1888 223 1972 276 DE
2014 222 2198 279 lMAG.
2236 256 2303 263 ια-
2342 224 2607 278 ιιιιυιν.

3264 217 3421 291 mea,
3484 188 3491 193 ’

151 358 204 412 in
239 354 411 409 tribus
449 346 754 405 ventricuiis
781 344 1016 410 cerebri,
1044 343 1101 397 in
1125 341 1391 396 anteriore
1412 337 1504 407 qui
1544 344 1627 390 cst
1655 334 1721 386 ad
1754 338 1794 392 A
1824 347 2177 400 quorumdam
2199 328 2504 389 sanctorum
2534 332 2800 403 imagines
2820 334 2891 388 ob
2919 348 3098 387 rerum
3129 339 3402 402 gestarum

152 444 359 509 faciem,
377 454 588 501 sensus,
614 438 670 491 'rn
702 451 767 490 eo
792 434 887 504 qui
920 432 1193 504 posterior
1221 430 1290 485 ad
1319 429 1584 484 cervicem
1610 432 1713 487 est,

156 542 345 598 motus,
372 532 428 586 in
451 544 516 584 eo
550 542 680 582 vero
709 525 804 595 qui
830 525 974 578 inter
1002 530 1291 589 utrumque
1316 532 1430 582 cst,
1464 513 1720 571 memoria

151 623 329 692 vigere
366 620 790 679 demonstratur,
819 615 874 668 in
912 612 1257 682 pulmonibus
1294 606 1603 671 anhelandi,
1634 619 1723 658 vo-

154 727 241 769 ces
259 706 624 771 modiﬁcandi,
658 705 910 775 spiritum
937 700 1161 757 ducendi
1182 698 1415 753 oiﬁcium
1446 697 1672 749 habetur
1708 711 1720 745 :

154 809 393 854 ventrem
413 804 619 860 autem,
645 808 810 863 quem
836 791 1000 845 maris
1023 795 1231 843 constat
1254 786 1454 841 habere
1476 784 1723 852 ﬁguram,

152 904 400 944 escarum
437 894 648 941 tantum
684 881 1106 939 confectionibus
1138 880 1533 944 humorumque
1569 874 1731 928 colle—

152 980 425 1033 ctionibus
445 975 786 1031 manifestum
814 980 897 1026 est
923 969 1207 1026 inservire.
1231 966 1365 1021 Nam
1397 966 1440 1020 si
1472 964 1609 1019 forte
1632 966 1729 1019 hu-

149 1065 309 1135 jusce
346 1066 478 1120 dicti
528 1078 768 1119 errorem
818 1062 903 1114 his
945 1059 1112 1115 velint
1149 1056 1491 1113 adminiculis
1521 1054 1729 1118 fulcire,

151 1156 300 1226 quod
324 1155 642 1224 plerumque
670 1151 874 1217 ventris
906 1149 1109 1204 mentio
1137 1148 1192 1201 in
1227 1147 1395 1201 sacris
1428 1145 1623 1199 litteris
1652 1158 1735 1196 re—

148 1245 413 1314 periatur,
454 1251 515 1296 ut
546 1250 629 1295 est
656 1240 803 1302 illud,
856 1236 1046 1291 Venter
1092 1252 1238 1291 meus
1273 1234 1611 1289 conturbatus
1655 1241 1731 1286 est

153 1333 369 1404 (Thren.
405 1349 442 1396 ι,
476 1330 616 1384 Hab.
645 1346 728 1393 ut,
760 1328 938 1382 Eccle.
970 1326 1071 1399 ιι),
1104 1327 1246 1392 sive,
1288 1325 1527 1383 Ventrem
1556 1341 1729 1378 meum

153 1423 302 1478 doleo
353 1420 545 1493 (Ereti.
580 1418 821 1490 xuvn),
850 1425 905 1473 et
952 1427 1149 1473 caetera
1198 1414 1601 1484 hujuscemodi,
1638 1415 1733 1470 ad-

150 1522 363 1569 vertant
384 1527 661 1582 nunquam
681 1510 840 1578 hujus
862 1509 1093 1565 membri
1120 1508 1439 1564 vocabulum
1462 1522 1561 1576 pro
1586 1506 1745 1561 locu-‘

148 1603 314 1664 tione,
347 1601 442 1655 sed
470 1614 571 1668 pro
593 1599 716 1653 aliis
737 1608 898 1667 atque
925 1599 1045 1651 aliis
1089 1599 1251 1653 rebus
1295 1613 1415 1666 quae
1459 1612 1557 1665 per
1603 1611 1731 1651 ven-

1822 424 2137 477 memoriam
2165 431 2219 477 et
2246 423 2600 477 :ediﬁciorum
2635 422 3086 491 pulchritudines,
3114 438 3145 476 a
3177 425 3405 478 catholi-

1822 508 1901 560 cis
1938 510 2152 566 habitas
2181 512 2345 568 fuisse
2382 513 2439 566 in
2475 511 2736 566 basilicis.
2766 513 2919 567 Sicut
2939 527 3070 580 ergo
3100 514 3406 569 occisorum

1824 599 2085 665 pecudum
2108 603 2356 657 sacrificii
2391 618 2523 657 usus
2551 612 2606 654 et
2635 618 2666 655 a
2705 605 2907 657 sanctis
2932 605 3061 657 ante
3088 603 3261 671 legem
3306 619 3407 674 pa-

1826 686 1997 739 tribus
2028 688 2223 757 legitur
2261 691 2587 755 celebratus,
2620 698 2674 743 et
2705 691 2758 743 in
2802 693 2917 761 lege
2960 707 2994 744 a
3042 691 3271 746 Domino
3313 707 3409 761 per

1828 772 2047 843 Moysen
2073 785 2156 829 est
2185 779 2434 841 traditus,
2467 779 2652 833 dicant
2682 779 2773 833 ubi
2801 782 3195 835 adorandarum
3223 782 3412 851 imagi-

1829 878 1960 916 num
1985 878 2113 917 usus
2136 874 2228 917 aut
2253 876 2379 921 ante
2400 868 2577 937 legem
2604 884 2633 920 a
2669 870 3013 936 patriarchis,
3049 878 3143 925 aut
3195 872 3248 925 in
3296 872 3415 940 lege

1831 967 1927 1021 per
1954 951 2331 1019 legislatorem,
2360 964 2453 1009 aut
2482 957 2537 1009 in
2573 972 2712 1011 novo
2750 966 3071 1014 testamento
3105 977 3135 1013 a
3187 962 3414 1017 Domino

1832 1054 1885 1096 et
1910 1043 2195 1107 salvatore,
2224 1053 2316 1098 aut
2343 1046 2410 1098 ab
2444 1047 2699 1113 apostolis
2725 1047 2807 1100 vel
2830 1049 2898 1101 ab
2937 1050 3248 1115 apostolicis
3281 1051 3415 1106 viris

1814 1133 1904 1185 ~sit
1925 1133 2239 1199 institutus;
2273 1142 2328 1187 et
2351 1148 2472 1187 cum
2496 1135 2706 1188 illorum
2735 1137 3028 1192 celebratio
3053 1148 3161 1192 tam
3188 1142 3416 1195 authem-

1834 1222 1995 1275 ticam
2029 1222 2222 1275 habeat
2246 1221 2617 1289 traditionem,
2642 1224 2824 1278 dicant
2858 1240 3018 1293 quem
3058 1227 3284 1281 istarum
3317 1230 3416 1283 ads

1832 1311 2008 1366 oratio
2041 1310 2282 1366 obtineat
2316 1312 2575 1377 vigorem.
2609 1311 2711 1379 Qui
2742 1314 2867 1370 dum
2900 1315 3004 1370 hoc
3031 1316 3210 1371 dicere
3238 1320 3421 1388 ncqui-

1830 1400 2026 1465 verint,
2058 1413 2172 1454 rem
2191 1416 2250 1455 se
2271 1401 2514 1457 inutilem
2541 1403 2831 1470 protulisse
2848 1406 3190 1471 erubescant,
3218 1413 3271 1462 et
3299 1408 3419 1462 ina-

1830 1494 1974 1546 niter
2006 1501 2315 1548 sanctorum
2338 1493 2728 1549 sacriﬁciorum
2759 1495 3016 1553 oblationi
3048 1499 3423 1555 adorationem
3486 1520 3491 1521 ί

1831 1585 2123 1652 imaginum
2164 1587 2438 1640 associare
2482 1588 2631 1640 nisos
2680 1585 2848 1642 fuisse
2890 1589 3214 1656 resipiscam
3258 1598 3422 1660 atque

152 1699 295 1743 trem
321 1687 718 1758 signiﬁcantur,
745 1687 954 1756 tropice
980 1687 1239 1755 positum,
1276 1687 1342 1741 de
1366 1686 1561 1755 quibus
1590 1701 1730 1739 nunc

1846 1683 2182 1746 eognoscant.
2213 1675 2492 1742 Quomodo
2542 1691 2672 1746 ergo
2724 1685 2904 1745 potest
2957 1680 3105 1733 credi
3157 1672 3421 1751 imagines

146 1781 432 1849 disputare
457 1779 676 1850 longum
704 1788 807 1835 est.
838 1778 973 1834 Illud
996 1780 1163 1844 enim,
1195 1779 1366 1834 sicubi
1396 1778 1599 1834 dictum
1627 1789 1729 1842 est,

149 1869 547 1940 tropologicum
570 1875 674 1935 est,
700 1868 846 1923 istud
868 1884 997 1924 vero
1020 1868 1451 1939 acyrologicum;
1489 1882 1586 1936 per
1606 1867 1736 1921 ilud

146 1960 507 2015 obumbratur
529 1959 817 2029 allegorice
862 1959 1083 2024 veritas,
1112 1973 1211 2028 per
1262 1956 1404 2013 istud
1450 1956 1736 2011 mutilatur

148 2064 346 2104 sensus
390 2050 630 2120 puritas;
681 2049 811 2104 illud
843 2050 979 2104 nitet
1008 2049 1310 2120 mysteriis,
1341 2048 1484 2102 istud
1529 2047 1739 2116 squalet

147 2139 389 2209 ineptiis.
408 2139 677 2195 Caeterum
703 2141 749 2195 si
779 2143 846 2197 de
871 2142 1207 2211 Pythonibus
1227 2142 1406 2196 dicere
1431 2141 1736 2206 voluerunt,

149 2245 285 2299 quos
314 2232 651 2301 septuaginta
686 2232 1037 2302 ventriloquos
1070 2233 1496 2299 transtulerunt,
1528 2234 1595 2287 de
1621 2233 1740 2302 qui-

151 2319 255 2373 bus
284 2335 340 2373 in
380 2319 799 2374 Deuteronomio
831 2319 1071 2391 legitur:
1109 2320 1235 2374 Non
1273 2322 1565 2375 invenietur
1591 2322 1648 2374 in
1690 2329 1740 2374 te

147 2406 385 2462 lustrum
421 2406 591 2468 filium
629 2424 783 2462 suum
808 2418 897 2462 aut
929 2409 1101 2481 ﬁlium
1128 2411 1182 2463 in
1224 2411 1360 2480 igne,
1406 2420 1454 2464 et
1493 2411 1738 2465 divinans

146 2500 549 2566 divinationem,
577 2518 847 2571 augurans
873 2513 921 2556 et
950 2503 1257 2572 aruspicans
1291 2513 1339 2557 et
1381 2504 1743 2558 medicamini-

150 2597 248 2647 bus
283 2593 584 2662 infuscans,
608 2595 935 2660 incantator,
980 2595 1362 2665 ventriloquus,
1402 2606 1450 2650 et
1499 2604 1741 2667 portenta

149 2683 452 2753 inspiciens,
482 2694 531 2737 et
558 2684 887 2755 interrogans
921 2695 1155 2739 mortuos
1185 2686 1375 2757 (Deut.
1412 2702 1544 2740 xvtn
1564 2685 1582 2757 )
1601 2727 1617 2751 ,
1643 2701 1744 2740 nec

152 2775 260 2830 hoc
290 2774 711 2844 reprehensione
736 2785 905 2839 caret,
931 2777 1185 2846 quoniam
1209 2793 1329 2831 cum
1353 2778 1429 2832 illi
1455 2779 1744 2847 quemdam

151 2868 433 2923 hominem
448 2882 513 2923 ex
528 2870 750 2939 proprio
768 2878 959 2925 ventre
991 2871 1228 2925 locutum
1273 2870 1439 2925 fuisse
1486 2870 1740 2935 dixerint,

152 2964 218 3011 ut
243 2956 545 3027 Pythonem
565 2999 579 3023 ,
604 2974 705 3014 nec
732 2961 800 3015 ab
826 2960 992 3028 ipsius
1029 2960 1244 3028 quidem
1272 2960 1533 3031 Pythonis
1559 2970 1744 3015 ventre

1834 1781 1866 1819 a
1904 1765 2187 1820 catholicis
2219 1765 2287 1820 ad
2322 1757 2655 1820 adorandum
2685 1766 2949 1831 conditas,
2972 1783 3095 1823 cum
3145 1784 3245 1823 nec
3290 1771 3402 1840 ipsa

1835 1857 2053 1925 quidem
2080 1855 2363 1924 gentilium
2389 1855 2676 1909 simulacra
2703 1856 2935 1924 primum
2969 1858 3037 1911 ad
3077 1858 3411 1914 adorandum

1833 1946 2222 2015 perhibeantur
2251 1945 2470 2000 condita
2509 1943 2712 2000 fuisse?
2766 1945 3191 2002 Simulacrorum
3238 1950 3424 2017 itaque

1838 2051 1969 2090 usus
1995 2043 2218 2090 exortus
2246 2044 2350 2100 est,
2380 2052 2503 2091 cum
2529 2052 2595 2092 ex
2622 2038 2890 2093 desiderio
2921 2048 3262 2095 mortuorum
3290 2056 3425 2110 quo-

1838 2124 2093 2180 rumlibet
2118 2125 2358 2179 virorum
2384 2124 2603 2180 fortium
2626 2134 2719 2180 aut
2741 2141 2927 2196 regum
2948 2136 3041 2183 aut
3068 2130 3424 2199 quarumdam

1839 2218 2054 2271 urbium
2089 2216 2452 2283 conditorum,
2478 2227 2571 2272 aut
2597 2220 2957 2288 quarumlibet
2989 2222 3188 2275 artium
3234 2223 3427 2277 inven‘

1843 2316 2019 2365 torum
2052 2312 2317 2382 imagines
2338 2313 2424 2368 vel
2454 2312 2655 2385 eﬁigies
2683 2316 2750 2371 ab
2776 2315 2861 2371 his
2886 2317 2977 2385 qui
3007 2333 3100 2373 eos
3126 2318 3429 2373 dilexerant

1842 2403 2239 2469 conderentur,
2272 2412 2333 2458 ut
2376 2415 2721 2475 posterorum
2767 2407 2850 2462 vel
2911 2408 3231 2464 dilectorum
3277 2410 3430 2466 dolor

1842 2493 2067 2550 haberet
2097 2495 2314 2565 aliquod
2335 2497 2401 2551 de
2441 2497 2734 2568 imaginum
2774 2501 3226 2570 contemplatione
3255 2517 3433 2557 reme-

1844 2587 2033 2652 dium;
2075 2588 2167 2642 sed
2195 2586 2455 2657 paulatim
2502 2590 2646 2644 hunc
2690 2605 2930 2646 errorem
2978 2591 3432 2661 persuadentibus

1844 2677 2180 2732 dmmonibus
2207 2678 2282 2731 ita
2306 2678 2360 2732 in
2388 2686 2632 2762 posteros
2659 2681 2964 2750 irrepsisse,
2988 2692 3047 2737 ut
3068 2699 3204 2754 quos
3232 2683 3305 2738 illi
3331 2699 3433 2753 pro

1846 2770 1961 2825 sola
2011 2771 2249 2826 nominis
2288 2773 2549 2827 memoria
2587 2774 2885 2843 pingendos
2934 2787 3279 2843 censuerant,
3309 2794 3435 2833 suco

1847 2878 2092 2918 cessares
2121 2864 2252 2919 deos
2282 2865 2658 2920 existimarent
2692 2876 2853 2935 atque
2883 2869 3142 2933 colerent,
3175 2878 3229 2923 et
3264 2871 3317 2923 in
3349 2871 3438 2925 his

1848 2958 1950 3012 sibi
1997 2958 2270 3014 dtemones
2315 2959 2624 3015 sacriﬁcare
2677 2960 2881 3014 illectos
2919 2976 3162 3031 quosque
3207 2963 3438 3017 miseros

153 3047 339 3111 homo,
357 3048 451 3103 sed
479 3048 749 3118 malignus
774 3050 1013 3118 loquitur
1036 3050 1277 3119 Spiritus,
1302 3030 1375 3104 ita
1402 3051 1663 3105 duntaxat
1687 3057 1747 3103 ut
1769 3030 1816 3093 (ἶ
1847 3057 2250 3116 percenserent.
2278 3048 2392 3104 Hoc
2418 3051 2578 3104 etiam
2602 3051 2847 3120 exemplo
2862 3052 2995 3107 adeo
3011 3054 3284 3109 cernimus
3305 3058 3439 3108 ima-

148 3139 347 3193 eodem
377 3138 626 3209 Pythone
649 3140 740 3208 qui
772 3139 1142 3207 ventriloquus
1163 3139 1381 3204 dicitur,
1403 3154 1501 3209 per
1543 3154 1606 3194 os
1647 3140 1749 3194 hu-

153 3243 318 3283 mano
338 3242 492 3283 more
513 3227 769 3298 loquente
794 3229 862 3283 de
878 3237 1067 3282 ventre
1089 3226 1206 3295 eius
1232 3229 1456 3296 spiritus
1484 3228 1746 3283 immundi

155 3334 321 3375 voces
346 3319 656 3384 audiantur,
687 3326 763 3384 et,
788 3333 1049 3389 responsa
1094 3319 1292 3373 dentur
1309 3359 1323 3383 ,
1347 3334 1485 3388 quos
1528 3319 1751 3387 quidem

156 3410 530 3480 ventriloquos
560 3410 614 3464 in
639 3409 984 3481 Assyriorum
1018 3411 1131 3465 sive
1157 3408 1536 3479 [Egyptiorum
1569 3410 1746 3479 genti-

155 3501 277 3565 bus,
310 3499 452 3569 apud
475 3513 612 3569 quos
637 3501 860 3571 magicae
907 3497 1053 3556 artes
1098 3500 1329 3569 copiosa:
1379 3507 1524 3565 sunt,
1565 3498 1750 3569 plures

156 3603 282 3644 esse
313 3586 658 3643 manifestum
693 3596 793 3642 est.

731 3676 955 3732 CAPUT
1002 3677 1165 3733 XVII!

156 3773 363 3830 Contra
390 3789 480 3827 eos
501 3771 592 3842 qui
613 3771 793 3842 dieunt
821 3788 839 3825 :
862 3771 965 3838 Qui
994 3772 1293 3841 imaginem
1314 3773 1580 3829 idolorum
1606 3774 1752 3828 dixe-

230 3841 800 3912 runt‘dtemoniorum
848 3841 1175 3912 imaginibus
1223 3842 1473 3905 similem,
1497 3850 1753 3898 accusent

228 3912 371 3982 Abel
396 3920 455 3982 et
477 3911 598 3982 Noe
621 3918 675 3982 et
704 3910 982 3982 Abraham
1004 3917 1058 3966 et
1092 3911 1311 3982 Moysen
1342 3921 1397 3965 et
1435 3912 1651 3982 samuel
1698 3920 1754 3966 et

230 3980 429 4107 ngid,
457 3979 602 4050 quod
630 3980 733 4051 ipsi
764 3980 939 4036 aliena
980 3988 1036 4037 et
1081 3979 1291 4052 pag—ana
1336 3981 1602 4035 sacriﬁcia
1645 3982 1753 4037 Deo

233 4060 268 4105 ll
313 4058 565 4105 averunt.
712 4106 715 4107 ν
860 4090 863 4093 -
1546 4073 1551 4077 ~
1644 4074 1645 4077 η

233 4052 565 4105 libaverant.
860 4090 863 4093 -
1546 4073 1551 4077 ·
1644 4074 1645 4077 η

230 4135 511 4209 Quantum
544 4140 598 4193 in
636 4139 742 4196 hoc
775 4129 1011 4211 capitulo
1038 4146 1212 4206 sonat,
1234 4149 1288 4195 et
1309 4152 1407 4196 nos
1433 4146 1498 4197 ex
1523 4141 1644 4196 aliis
1665 4146 1757 4196 eo-

165 4249 289 4291 rum
320 4232 483 4289 ‘dictis
507 4231 716 4303 experti
744 4244 962 4297 sumus,
991 4233 1094 4288 hoc
1123 4232 1465 4287 introducere
1488 4232 1750 4296 nituntur,
1786 4236 1811 4258 '

166 4335 231 4391 ut
250 4326 388 4399 quia
410 4339 442 4380 a
468 4312 691 4395 paganis
716 4325 988 4395 quondam
1014 4326 1315 4381 occisorum
1353 4320 1620 4395 pecudum
1665 4318 1770 4378 εει-ι

163 4417 379 4498 criﬁcia
405 4410 736 4498 daemonibus
763 4416 1077 4485 litabantur,
1107 4430 1205 4471 nec
1240 4424 1422 4470 tamen
1457 4417 1527 4471 ob
1569 4415 1672 4469 hoc
1722 4431 1753 4468 a

162 4601 235 4658 ab
258 4598 374 4655 illis
407 4598 707 4655 occisorum
728 4600 989 4667 pecudum
1015 4599 1127 4652 Deo
1150 4597 1384 4651 victima:
1405 4595 1751 4662 oﬁ'errentur,

163 4706 268 4746 nec
317 4688 442 4744 ideo
478 4689 549 4744 sit
593 4689 1115 4761 prmtermittendum
1150 4687 1280 4757 quin
1322 4686 1464 4740 intra
1511 4694 1752 4741 sanctam

164 4779 470 4835 Eeclesiam
497 4778 758 4849 imagines
784 4764 1093 4842 adorentur,
1121 4792 1221 4846 pro
1255 4792 1319 4831 eo
1349 4776 1491 4846 quod
1521 4792 1551 4829 a
1583 4778 1756 4848 genti-

165 4870 310 4927 libus
351 4869 496 4925 idola
528 4870 873 4935 colebantur;
898 4870 992 4924 sed
1017 4870 1156 4924 sicut
1191 4869 1247 4923 in
1282 4868 1402 4923 aliis
1432 4885 1496 4923 ex
1523 4870 1626 4924 hoc
1657 4884 1755 4923 nc-

167 4960 317 5030 gotio
353 4959 742 5015 assertionibus
779 4972 968 5013 eorum
994 4957 1325 5026 objectiones
1352 4960 1625 5013 incassum
1665 4959 1758 5011 ad-

166 5049 355 5105 hibita:
390 5047 740 5115 frustrantur,
769 5049 845 5103 ita
889 5047 1053 5101 etiam
1101 5049 1218 5102 haec
1263 5064 1477 5118 quoque
1528 5045 1760 5114 objectio

171 5140 598 5209 incompetenter
618 5140 862 5196 adhibita
885 5138 1167 5208 prudentis
1191 5130 1507 5194 asse'rtionis
1542 5137 1757 5206 objectu

166 5231 547 5288 frustrabitur.
588 5229 931 5285 Manifestum
981 5236 1062 5283 cst
1096 5245 1327 5298 namque
1374 5232 1583 5299 pridem
1628 5236 1681 5283 et
1729 5246 1759 5283 ιι

164 5324 381 5379 sanctis
402 5321 540 5374 viris
565 5320 675 5375 Deo
704 5319 1081 5385 omnipotenti,
1105 5326 1161 5372 et
1195 5333 1225 5370 a
1273 5320 1553 5387 gentilium
1589 5336 1763 5375 sacer-

164 5415 397 5471 dotibus
453 5410 760 5463 occisorum
802 5408 1073 5474 pecudum
1121 5406 1387 5462 sacriﬁcia
1434 5409 1765 5467 dmmonibus

166 5504 363 5562 oblata
403 5498 591 5563 fuisse,
631 5506 687 5552 et
736 5496 1037 5564 antiquitus
1087 5495 1444 5549 nefandorum
1491 5499 1764 5556 hominum

171 5591 477 5664 simulacra
501 5587 796 5642 dtemonico
824 5585 1080 5639 instinctu
1108 5584 1283 5651 posita
1329 5583 1381 5636 in
1432 5585 1688 5660 delubris,
1717 5602 1769 5646 (ιι

1784 4375 1834 4433 D

165 4494 382 4562 sanctis
407 4505 541 4560 viris
558 4494 626 4587 in.
639 4494 806 4571 veteri
831 4496 948 4577 lege
982 4502 1517 4575 praetermittebatur,
1541 4507 1672 4575 quin
1700 4503 1784 4582 et"

1851 3140 2034 3210 ginum
2058 3157 2216 3196 usum
2238 3142 2557 3211 inolescere,
2573 3153 2633 3199 ut
2657 3160 2776 3214 quae
2797 3147 2949 3215 prius
2968 3148 3037 3203 ob
3057 3158 3437 3203 ornamentum

1849 3232 2197 3286 basilicarum
2224 3243 2278 3287 et
2304 3237 2622 3290 memoriam
2654 3246 2812 3292 erant
2838 3240 3227 3310 compaginata:
3256 3256 3440 3296 rerum

1851 3329 2160 3389 gestarum,
2204 3322 2532 3381 inolescente
2579 3328 2841 3396 paulatim
2890 3329 3096 3397 nefario
3150 3348 3249 3386 usu
3305 3332 3442 3386 adeo

1852 3424 1997 3463 nunc
2032 3425 2063 3463 a
2087 3411 2369 3467 catholicis
2395 3415 2699 3485 quibusque
2733 3418 3080 3484 extollantur,
3110 3431 3173 3474 ut
3219 3421 3445 3476 adoren-

1853 3508 1960 3566 tur,
1979 3501 2165 3571 eisque
2190 3502 2497 3569 luminaria,
2528 3508 2902 3577 thymiamata,
2921 3511 3173 3580 primitiae
3194 3512 3277 3568 vel
3292 3528 3445 3584 qum-

1853 3592 1977 3647 dam
2016 3595 2335 3651 munuscula
2395 3598 2710 3666 oderantur,
2759 3608 2833 3667 et,
2873 3602 3015 3671 quod
3069 3605 3298 3673 nequius
3338 3614 3461 3673 est,

1853 3686 2002 3740 utin
2040 3686 2266 3743 Gl‘lDCliB
2318 3693 2569 3767 partibus
2613 3693 2815 3749 factum
2871 3696 3132 3769 legimus,
3164 3701 3452 3768 pontiﬁces

1853 3775 1946 3844 qui
1984 3775 2160 3839 solum
2201 3779 2368 3835 Deum
2408 3782 2773 3849 adorandum,
2799 3786 3083 3856 solumque
3116 3791 3402 3855 colendum
3429 3828 3463 3855 ,ε

1856 3865 2040 3935 illique
2062 3868 2855 3939 soli-serviendumprmdicare
2898 3876 3216 3942 debuerant,
3235 3888 3315 3942 et,
3344 3881 3445 3947 ipsi

1856 3955 1935 4009 eis
1958 3971 2019 4010 se
2047 3956 2345 4011 servituros
2371 3957 2657 4031 fateantur,
2681 3973 2880 4029 easque
2906 3962 3085 4021 colant
3115 3975 3170 4023 et
3194 3968 3451 4032 adorent,

1856 4052 1911 4098 et
1931 4057 2123 4105 earum
2142 4030 2845 4114 contemptores.soliusqne
2864 4048 2967 4127 Dei
2992 4050 3253 4117 cultores,
3263 4030 3455 4127 319mg;

1857 4150 1962 4206 que
1997 4137 2311 4193 adoratores
2350 4137 2420 4192 ob
2453 4152 2638 4193 earum
2664 4122 3033 4208 contemptum
3055 4116 3139 4199 aet

1852 4229 2201 4298 judicent,~et
2222 4230 2681 4288 anathematizarc
2714 4231 3009 4295 ‘aileetent,
3048 4237 3167 4293 Uno
3213 4254 3451 4311 namque

1862 4331 1919 4377 et
1942 4337 2083 4391 pene
2110 4321 2226 4392 pari
2261 4323 2424 4378 modo
2439 4322 2465 4388 ,’
2485 4331 2546 4377 ut
2569 4323 2786 4393 pmfati
2814 4340 3019 4390 sumus,
3050 4331 3452 4400 adorandorum

1863 4420 1917 4467 et
1942 4412 2287 4468 colendorum
2316 4414 2728 4470 simulacrorum
2747 4418 2833 4473 vel
2861 4420 3043 4487 potius
3070 4421 3377 4489 daemonum
3396 4432 3452 4479 et

1864 4504 2156 4572 gentilibus
2180 4505 2544 4573 nequissimus
2585 4504 2719 4571 usus
2753 4509 2995 4577 inolevit,
3027 4521 3100 4567 .et
3137 4513 3450 4579 catholicis,
3538 4580 3541 4583 ν
3620 4560 3632 4573 .

1863 4594 2007 4662 quod
2030 4608 2135 4648 non
2176 4593 2289 4648 sine
2317 4596 2549 4663 quodam
2579 4598 2747 4651 animi
2780 4615 3018 4657 maerore
3051 4605 3450 4673 prosequimur,

1864 4684 2256 4737 adorandarum
2291 4684 2585 4754 imaginum
2621 4686 2956 4758 ineptissima
2990 4697 3323 4752 consuetudo
3362 4712 3454 4765 ace

1863 4769 2079 4834 crescit,
2109 4778 2162 4823 et
2200 4785 2288 4825 res
2325 4772 2394 4827 ad
2433 4774 2579 4830 aliud
2626 4781 2877 4849 condita},
2905 4783 2972 4836 ad
3018 4783 3162 4837 aliud
3204 4783 3458 4838 videntur

1864 4873 2157 4933 usurpatis.
2176 4863 2293 4919 Non
2321 4868 2463 4921 enim
2487 4885 2587 4924 nos
2614 4870 2879 4943 imagines
2907 4875 2958 4927 in
2986 4872 3223 4925 basilicis
3246 4873 3460 4939 positas

1863 4956 2002 5012 idola
2019 4973 2412 5028 nuncupamus,
2435 4963 2527 5017 sed
2550 4978 2618 5016 ne
2646 4963 2785 5016 idola
2810 4964 3207 5025 nuncupentur,
3224 4959 3459 5013 adorare

1862 5062 1957 5102 eas
1987 5057 2041 5102 et
2059 5050 2237 5104 colere
2259 5052 2446 5119 eisque
2470 5052 2752 5106 servitium
2779 5047 3089 5116 impendere
3115 5060 3455 5111 recusamus,

1864 5143 2117 5209 quoniam
2143 5144 2465 5213 plerumque
2493 5159 2599 5197 non
2622 5158 2711 5195 res
2729 5182 2742 5205 ,
2769 5140 2863 5193 sed
2894 5152 3055 5192 causa
3083 5137 3166 5190 rei
3198 5155 3297 5207 pro
3350 5152 3462 5192 sce-

1864 5230 2298 5304 lere'reputatur,
2324 5239 2449 5291 dum
2479 5232 2729 5287 videlicet
2756 5230 2925 5283 multa
2963 5225 3165 5294 quibus
3192 5231 3331 5284 bene
3368 5241 3462 5293 po-

1868 5330 1970 5376 test
1996 5325 2074 5378 uti
2106 5326 2246 5380 male
2274 5342 2373 5381 usa
2406 5325 2459 5377 in
2506 5319 2769 5386 ﬂagitium
2819 5320 3240 5378 convertuntur,
3279 5316 3464 5377 sicque

1864 5430 1971 5469 una
1996 5415 2295 5486 eademque
2329 5430 2416 5468 res
2437 5414 2572 5465 bene
2602 5404 2884 5457 utentibus
2908 5416 3015 5458 non
3040 5404 3125 5449 est
3160 5414 3328 5454 causa
3350 5396 3466 5486 pia-

1869 5508 1995 5572 culi,
2022 5516 2078 5563 et
2104 5483 2241 5563 male
2271 5503 2544 5560 utentibus
2579 5500 2667 5546 est
2710 5508 2872 5547 causa
2920 5486 3179 5563 periculi.
3237 5483 3473 5541 Sollicite

1869 5612 1995 5665 ergo
2030 5593 2432 5667 praecavendum
2472 5590 2551 5637 est
2590 5588 2647 5632 et
2697 5595 2904 5633 summa
2952 5575 3243 5631 industria
3292 5583 3484 5640 procu-
