4008 6154
592 269 729 335 1223

1507 267 1572 363 li.
1598 273 1842 329 CAROLI
1882 267 2093 328 MAGNI
2131 275 2279 330 OPP.
2312 269 2507 332 PARS.
2544 278 2606 331 ll.
2642 270 2882 335 SECTIO
2919 274 2983 333 ll.

3671 281 3807 336 me

590 387 845 451 randum,
874 399 945 449 ne
973 382 1098 441 dum
1148 381 1362 452 quidam
1403 390 1707 454 nostrorum
1755 381 2012 450 quasdam
2059 397 2146 436 res
2173 391 2217 446 Α
2247 385 2389 440 lem?
2427 388 2517 456 qui
2563 389 2630 441 ab
2678 389 2808 458 ipsis
2854 389 3131 444 cunabulis
3190 389 3412 444 Domino
3463 398 3814 444 consecratus

592 477 729 530 ultra
753 491 914 544 quam
943 472 1074 529 ordo
1098 470 1334 539 exposcit
1377 470 1666 524 sublimare
1704 468 1974 533 affectant,
2003 477 2153 522 vetu-

590 566 811 620 stissimi
842 564 984 618 illius
1008 571 1064 616 et
1092 561 1285 616 cariosi
1311 559 1512 614 erroris
1542 557 1762 613 redivivi
1799 557 1906 612 iliis
1944 558 2152 613 cineres

589 652 984 714 convalescant,
1016 656 1071 703 et
1111 647 1392 701 victoriam
1446 661 1606 714 quam
1654 647 1709 699 in
1752 653 1940 716 campo
1974 648 2152 716 adepti

588 748 729 803 sunt,
767 738 908 793 intra
951 738 1102 792 urbis
1134 738 1334 792 moenia
1368 737 1614 804 perdant,
1637 737 1952 806 subigatque
1979 739 2153 793 civilis

589 829 714 884 belli
766 825 1216 894 insuspicabiiiter
1259 825 1441 881 dolosa
1491 825 1684 888 illusio,
1725 841 1859 894 quos
1907 827 2154 896 subigere

588 917 797 973 externi
837 916 1007 970 hostis
1041 922 1225 984 aperta
1270 914 1510 983 nequivit
1557 914 1825 982 impulsio.
1858 914 1992 969 Cum
2026 929 2154 984 ergo

591 1005 666 1059 illi
681 1003 1012 1060 accusandus
1030 1003 1269 1072 garriant
1289 1010 1503 1056 sanctos
1520 1011 1722 1070 patres,
1735 1001 1867 1056 Abel
1888 1002 2151 1065 videlicet,

592 1096 701 1151 Noe
727 1104 782 1150 et
806 1095 1099 1158 Abraham,
1132 1093 1347 1163 Moysen
1366 1131 1381 1157 ,
1409 1091 1713 1147 Samueietn
1754 1100 1809 1146 et
1838 1093 2024 1158 David,
2048 1108 2156 1146 non

589 1200 683 1240 eos
710 1185 867 1241 nobis
896 1198 1149 1241 accusare
1179 1183 1331 1247 libet,
1349 1182 1444 1237 sed
1468 1181 1706 1246 laudare,
1735 1182 1946 1236 dicente
1972 1181 2160 1235 Eccle-

590 1274 806 1329 siastico
828 1284 844 1328 ε
867 1273 1164 1328 Laudemus
1190 1271 1325 1325 uiros
1353 1271 1604 1340 gloriosos
1621 1279 1666 1323 et
1690 1279 1928 1340 parentes
1955 1278 2157 1322 nostros

588 1362 644 1415 in
692 1363 1023 1432 generatione
1051 1376 1170 1425 sua,
1195 1358 1415 1413 multam
1467 1358 1687 1428 gloriam
1737 1359 1855 1427 fecit
1902 1358 2157 1412 Dominus

589 1451 976 1521 magniﬁcentia
992 1466 1107 1513 sua,
1127 1466 1159 1502 a
1175 1447 1367 1502 sarculo
1386 1448 1708 1502 dominantes
1735 1449 1791 1500 in
1810 1448 2156 1518 potentatibus

589 1540 698 1592 suis
741 1539 974 1591 homines
1018 1537 1193 1607 magni
1233 1537 1417 1590 uirtute
1440 1546 1486 1590 et
1515 1538 1791 1606 prudentia
1827 1554 1922 1590 sua
1952 1537 2158 1605 praediti

589 1629 644 1683 in
675 1628 924 1697 dignitate
952 1627 1349 1697 prophetarum,
1375 1636 1423 1680 et
1467 1628 1776 1695 imperantes
1820 1628 1876 1678 in
1917 1626 2156 1695 pra’senti

2251 491 2418 545 usque
2446 477 2514 532 ad
2538 478 2866 546 decrepitam
2897 487 3227 534 senectutem
3270 479 3325 532 in
3355 477 3568 532 Domini
3622 478 3816 533 militia

2249 569 2515 623 militavit.
2542 571 2649 625 Aut
2682 571 2884 624 David?
2926 572 3018 640 qui
3053 571 3138 624 vir
3169 570 3365 625 dicitur
3401 567 3696 624 secundum
3720 584 3820 622 cor

2251 658 2462 713 Domini
2475 659 2739 722 inventus,
2756 667 2811 714 et
2830 660 2884 713 in
2899 675 2964 714 eo
2983 659 3192 714 meritis
3211 667 3516 713 sanctorum
3538 657 3813 725 praelatus,

2251 757 2309 802 ut
2333 758 2386 804 et
2410 750 2476 804 de
2507 748 2723 803 Christo
2752 750 2987 819 apertius
3025 748 3235 803 cunctis
3267 745 3625 816 prophetarit,
3651 754 3706 800 et
3730 761 3817 800 se-

2252 839 2484 892 cundum
2518 837 2745 891 formam
2788 839 2930 892 servi
2976 836 3092 893 eius
3136 846 3290 906 pater
3335 835 3406 890 sit
3453 844 3815 903 nuncupatus.

2253 924 2494 990 Quorum
2519 925 2565 980 si
2579 925 2763 980 laudes
2774 934 2828 980 et
2849 926 3102 995 mysteria
3126 923 3436 993 singillatim
3455 921 3815 992 proferamus,

2255 1024 2380 1070 ante
2405 1016 2518 1070 dies
2543 1026 2706 1085 quam
2742 1017 2905 1069 verba
2931 1015 3181 1070 cessabit.
3227 1014 3342 1068 Non
3391 1014 3536 1068 enim
3573 1012 3652 1066 illi
3684 1011 3818 1067 olle-

2255 1105 2445 1158 rebant
2481 1105 2593 1159 Deo
2624 1103 2885 1159 sacriﬁcia
2929 1117 3169 1174 pagana,
3195 1101 3288 1157 sed
3331 1100 3606 1172 mysteriis
3638 1102 3813 1170 plena,

2256 1192 2378 1262 quia
2403 1192 2632 1248 necdum
2657 1209 2690 1247 a
2717 1192 2868 1263 pagis
2887 1191 3294 1247 Atheniensium
3320 1190 3512 1260 pagani
3537 1203 3816 1258 nuncupa-

2255 1281 2470 1346 bantur,
2499 1281 2838 1350 quandojam
2861 1281 2929 1335 ab
2958 1280 3063 1334 illis
3088 1279 3198 1333 Deo
3220 1276 3543 1333 sacriﬁcium
3566 1275 3820 1332 offereba-

2257 1377 2364 1433 tur,
2385 1375 2460 1434 et,
2478 1377 2540 1422 ut
2563 1369 2639 1422 ita
2666 1368 2914 1432 dixerim,
2940 1368 3166 1421 necdum
3183 1365 3513 1420 Athenarum
3538 1365 3665 1419 urbs
3687 1379 3813 1419 con-

2259 1457 2367 1511 dita
2407 1463 2540 1520 erat,
2570 1471 2670 1520 nec
2711 1455 2944 1524 Cecrops
2992 1453 3386 1509 offerendorum
3434 1451 3817 1508 sacriﬁciorum

2257 1543 2626 1598 institutiones
2654 1553 2707 1598 et
2735 1559 2951 1597 ararum
2975 1543 3276 1597 erectiones
3310 1551 3365 1594 et
3389 1541 3685 1594 daemonum
3730 1554 3822 1607 ap-

2257 1633 2573 1702 pellationes
2607 1633 2895 1701 gentilibus
2931 1632 3244 1694 tradiderat,
3273 1645 3394 1684 cum
3421 1627 3535 1696 jam
3581 1627 3709 1682 Abel
3758 1635 3821 1680 et

588 1715 806 1786 popula.
840 1725 888 1769 et
944 1717 1000 1768 in
1052 1715 1236 1767 virtute
1279 1715 1568 1782 prudentia:
1613 1714 1788 1784 populi
1830 1713 2156 1767 sanctissima
2187 1704 2371 1776 BNoe
2404 1730 2457 1775 et
2481 1720 2752 1774 Abraham
2793 1721 2904 1774 Deo
2949 1718 3212 1774 sacriﬁcia
3259 1717 3582 1772 obtulerant.
3622 1714 3817 1770 Otrere-

589 1807 764 1868 verba,
800 1815 855 1858 et
884 1813 1079 1858 caetera
1112 1802 1300 1873 (Eccli.
1338 1805 1504 1872 xuv).
1533 1803 1663 1869 Quis
1701 1819 1829 1872 ergo
1853 1811 1961 1862 tam
1984 1800 2160 1871 profa-

592 1907 716 1945 nam
745 1893 942 1946 habeat
973 1898 1238 1955 mentem,
1262 1900 1322 1944 ut
1367 1891 1521 1956 Abel,
1547 1893 1634 1960 qui
1671 1893 1739 1946 ab
1767 1893 1882 1960 ipso
1933 1893 2157 1952 Domino

586 1983 762 2050 justus
784 1982 1078 2051 appellatus
1101 1989 1204 2046 est,
1231 1996 1486 2036 accusare
1510 1982 1734 2036 audeat?
1754 1982 1906 2050 cujus
1936 1987 2152 2056 sanguis

593 2072 658 2127 de
684 2080 827 2126 terra
852 2072 920 2126 ad
946 2071 1230 2125 Dominum
1251 2071 1511 2125 clamasse
1532 2071 1745 2140 legitur,
1771 2072 1860 2140 qui
1884 2073 2158 2142 exemplar

593 2171 647 2216 et
671 2178 859 2217 norma
891 2170 974 2216 est
990 2163 1227 2216 omnium
1251 2160 1536 2228 justorum,
1564 2163 1653 2231 qui
1672 2164 1878 2230 primus
1907 2179 2158 2232 persecu-

595 2251 797 2306 tionem
820 2253 1059 2320 passuris
1084 2252 1284 2305 sanctis
1304 2252 1535 2320 praevius
1573 2251 1796 2315 exstitit,
1825 2261 1878 2306 et
1927 2253 2160 2308 civitatis

596 2342 686 2396 Dei
719 2357 879 2410 quam
908 2339 1142 2394 ﬂuminis
1201 2341 1430 2409 impetus
1463 2341 1713 2403 laetiﬁcat,
1745 2342 1948 2408 primus
1974 2341 2161 2396 funda-

595 2440 774 2486 menta
793 2431 944 2500 jecit.
972 2429 1079 2485 Aut
1102 2431 1223 2499 quis
1263 2429 1376 2484 Noe
1427 2430 1602 2481 virum
1644 2428 1847 2495 justum
1906 2446 2160 2486 accusare

591 2521 923 2590 praasumat?
955 2535 1113 2588 quem
1149 2519 1407 2573 Dominus
1436 2519 1660 2588 gratiam
1690 2534 1866 2573 coram
1911 2501 1973 2574 se
2014 2521 2160 2574 inve-

593 2612 739 2665 nisse
768 2618 1016 2673 testatur,
1047 2608 1137 2676 qui
1173 2608 1436 2661 secundus
1463 2617 1584 2675 post
1614 2609 1786 2662 Adam
1823 2610 2040 2662 humani
2069 2625 2159 2681 ge-

594 2700 741 2754 neris
766 2706 920 2767 pater
948 2699 1095 2751 orbis
1121 2698 1328 2752 exstitit
1355 2708 1647 2766 reparator,
1665 2706 1718 2752 et
1744 2699 1797 2752 in
1820 2707 1944 2768 typo
1962 2700 2161 2756 Christi

594 2792 685 2861 qui
710 2791 1004 2844 Ecclesiam
1035 2789 1258 2843 diversis
1278 2790 1525 2857 gentibus
1546 2789 1754 2857 plenam
1778 2791 1918 2844 inter
1938 2789 2161 2843 munda-

592 2894 784 2934 norum
841 2877 1096 2931 ﬁuctuum
1151 2878 1412 2930 immanes
1462 2879 1725 2946 procellas
1769 2880 2160 2948 gubernaturus

592 2978 728 3034 erat,
763 2984 902 3022 arca:
929 2967 1155 3021 diversis
1189 2967 1550 3022 animantibus
1574 2969 1763 3037 plenm,
1788 2971 1926 3024 inter
1983 2969 2160 3023 horri.

2257 1811 2407 1873 bant,
2434 1809 2671 1876 inquam,
2697 1808 2866 1862 sancti
2889 1807 3002 1862 sive
3029 1815 3152 1860 ante
3184 1806 3376 1877 legem,
3403 1805 3516 1859 sive
3551 1806 3649 1858 sub
3686 1804 3824 1872 iege,

2257 1897 2521 1952 sacriﬁcia
2547 1897 2736 1966 typicis
2763 1896 3034 1966 mysteriis
3053 1897 3387 1960 obumbrata,
3411 1909 3530 1963 qua:
3582 1893 3638 1946 in
3687 1907 3830 1946 novo

2260 1996 2580 2044 testamento
2602 2004 2698 2059 per
2722 1991 3069 2044 mediatorem
3083 1986 3175 2041 Dei
3191 1996 3241 2040 et
3263 1987 3559 2049 hominum,
3589 1983 3833 2054 expulsis

2257 2078 2591 2134 obumbratis
2613 2079 3152 2150 praefigurationibus,
3183 2086 3308 2132 sunt
3328 2077 3586 2144 completa
3605 2111 3621 2140 ,
3646 2083 3701 2128 et
3727 2073 3834 2127 Ec-

2259 2163 2438 2219 clesiae
2475 2167 2691 2231 tradita,
2722 2168 2916 2235 quibus
2940 2181 3104 2233 usque
3134 2168 3188 2218 in
3213 2165 3370 2218 ﬁnem
3393 2163 3507 2230 ipso
3528 2161 3840 2213 auxiliante

2260 2255 2366 2307 erit
2393 2261 2662 2308 contenta.
2689 2254 2796 2308 Cur
2828 2269 2954 2321 ergo
2988 2252 3187 2317 antiqui
3212 2259 3390 2316 patres
3416 2247 3702 2300 visibiliter
3728 2262 3844 2299 sa-

2259 2342 2613 2397 criﬁcaverint
2661 2352 2714 2395 et
2763 2340 2994 2394 carnalia
3048 2337 3310 2392 sacriﬁcia
3357 2337 3465 2390 Deo
3517 2335 3837 2395 litaverint,

2257 2431 2398 2484 beati
2424 2429 2699 2498 Augustini
2730 2429 2906 2483 verbis
2946 2427 3112 2481 lector
3159 2433 3435 2495 agnoscat.
3481 2424 3570 2476 Ait
3609 2423 3762 2475 enim
3821 2439 3837 2475 :

2265 2539 2282 2571 ‹
2325 2521 2450 2587 Qtue
2471 2527 2595 2574 sunt
2617 2520 2778 2573 etiam
2816 2533 2970 2573 sacra
2997 2515 3278 2584 spiritalia,
3300 2528 3530 2583 quorum
3559 2512 3836 2582 imagines

2259 2611 2528 2667 carnalem
2573 2609 2829 2678 populum
2876 2607 3148 2662 celebrare
3173 2605 3472 2672 oportebat,
3494 2609 3554 2655 ut
3577 2601 3838 2671 praeﬁgu-

2261 2707 2399 2759 ratio
2437 2703 2561 2758 novi
2614 2700 2791 2771 populi
2856 2699 3112 2754 servitute
3156 2696 3355 2751 veteris
3402 2697 3574 2757 ﬁeret,
3599 2708 3834 2761 quorum

2262 2798 2489 2851 duorum
2516 2793 2831 2863 populorum
2859 2789 3211 2845 differentiam
3235 2787 3398 2840 etiam
3426 2785 3481 2838 in
3507 2798 3834 2851 unoquoque

2262 2897 2507 2941 nostrum
2528 2885 2652 2938 licet
2677 2884 2974 2944 advertere,
2989 2894 3110 2933 cum
3133 2879 3357 2947 quisque
3377 2876 3444 2929 ab
3467 2883 3619 2928 utero
3641 2873 3833 2926 matris

2261 2983 2500 3030 veterem
2526 2974 2797 3028 hominem
2824 2985 3043 3024 necesse
3071 2975 3153 3022 est
3176 2975 3314 3036 agat,
3341 2965 3513 3019 donec
3550 2963 3729 3016 veniat
3763 2963 3829 3015 ad

592 3075 845 3116 sonorum
870 3057 1126 3112 ﬂuctuum
1159 3057 1416 3113 iilisiones
1456 3061 1661 3113 exstitit
1701 3062 2041 3126 gubernator,
2069 3060 2158 3128 qui
2187 3043 2232 3104 ο
2255 3065 2547 3134 juvenilem
2573 3062 2912 3124 aetatem,ubi
2930 3059 3043 3128 jam
3063 3075 3169 3114 non
3191 3064 3274 3112 est
3293 3070 3513 3111 necesse
3540 3053 3828 3108 carnaliter

592 3156 672 3201 tot
699 3147 1014 3200 meritorum
1042 3156 1336 3201 exornatur
1365 3148 1680 3215 insignibus,
1715 3156 1773 3202 ut
1816 3149 1903 3202 ille
1953 3158 2161 3202 tantum

595 3253 716 3292 cum
738 3235 957 3290 Daniele
981 3248 1034 3290 et
1061 3234 1160 3292 Job
1186 3237 1240 3290 in
1272 3237 1357 3292 die
1381 3236 1570 3304 judicii
1596 3238 1902 3292 liberandus
1930 3239 2159 3302 dicatur,

594 3326 872 3380 Ezechiele
892 3332 1200 3390 atlestante,
1223 3328 1314 3394 qui
1343 3327 1419 3380 ait
1447 3341 1461 3378 :
1499 3326 1559 3381 Si
1586 3326 1931 3396 pestilentiam
1986 3328 2161 3380 immi-

593 3431 706 3468 sero
750 3431 904 3485 super
943 3425 1136 3469 terram
1176 3413 1351 3477 illam,
1383 3423 1430 3467 et
1479 3414 1710 3482 eﬂ'udero
1754 3416 2162 3485 indignationem

593 3522 762 3558 meam
794 3522 949 3576 super
989 3521 1103 3558 eam
1147 3506 1203 3557 in
1245 3506 1579 3574 sanguinem,
1622 3515 1676 3557 ut
1719 3506 1956 3574 auferam
1995 3521 2060 3557 ex
2101 3521 2164 3557 ea

594 3595 853 3648 hominem
875 3603 921 3646 et
933 3594 1256 3662 jumentum,
1281 3601 1328 3643 et
1353 3592 1468 3644 Noe
1490 3601 1537 3643 et
1560 3591 1746 3644 Daniel
1767 3601 1814 3643 et
1844 3592 1942 3643 Job
1968 3591 2164 3656 fuerint

595 3688 650 3737 in
671 3685 839 3736 medio
864 3685 997 3750 ejus,
1014 3683 1122 3734 vivo
1139 3697 1250 3748 ego,
1269 3681 1392 3733 dicit
1406 3682 1660 3733 Dominus
1678 3681 1834 3743 Deus,
1853 3682 1975 3750 quia
1992 3680 2161 3746 ﬁlium

596 3781 643 3824 et
665 3769 832 3838 ﬁliam
855 3784 957 3821 non
979 3767 1285 3831 liberabant,
1301 3767 1390 3820 sed
1412 3768 1510 3838 ipsi
1524 3767 1734 3836 justitia
1757 3786 1853 3821 sua
1876 3768 2163 3821 liberabant

599 3859 801 3914 animas
824 3875 949 3912 suas
979 3857 1347 3930 (Ezech.x1v).
1393 3860 1450 3913 ln
1491 3859 1685 3928 quibus
1739 3861 1912 3915 tribus
1963 3861 2164 3914 sanctis

597 3949 772 4004 omnis
803 3957 1111 4004 sanctorum
1137 3946 1422 4007 multitudo
1441 3952 1701 4022 signatur,
1724 3961 1784 4007 ut
1809 3969 1906 4023 per
1927 3953 2039 4009 Noe
2064 3954 2168 4009 Ec-

597 4041 774 4096 clesia:
809 4042 1214 4111 gubernatores,
1245 4057 1342 4110 per
1384 4043 1657 4098 Danielem
1693 4045 1927 4114 virgines
1960 4053 2014 4100 et
2041 4060 2166 4100 con-

598 4131 852 4196 tinentes,
882 4145 979 4202 per
1005 4130 1105 4186 Job
1134 4131 1402 4203 conjugati
1431 4141 1484 4188 et
1507 4134 1827 4202 pmnitentes
1854 4135 2162 4189 innuantur.

596 4225 702 4280 Aut
722 4225 840 4294 quis
851 4224 1124 4277 Abraham
1143 4225 1506 4293 patriarcham
1529 4239 1785 4279 accusare
1807 4226 2054 4280 alfectct?
2075 4227 2166 4294 qui
2219 4260 2237 4280 ι

597 4321 680 4367 est
696 4312 869 4379 prima
896 4312 1226 4366 credentium
1251 4312 1337 4366 via
1365 4321 1419 4365 et
1445 4313 1588 4366 beati
1617 4314 1839 4368 seminis
1877 4330 2028 4368 serus
2072 4330 2167 4382 pa-

2263 3168 2470 3222 sapere,
2499 3153 2590 3207 sed
2628 3159 2802 3220 potest
2826 3151 2894 3204 ad
2928 3149 3191 3218 spiritalia
3213 3147 3487 3201 voluntate
3515 3142 3755 3199 converti
3774 3151 3826 3195 et

2263 3245 2585 3298 intrinsecus
2613 3239 2922 3311 regenerari
2953 3253 2967 3290 :
3013 3237 3153 3306 quod
3194 3252 3322 3306 ergo
3360 3235 3427 3309 in;
3460 3248 3568 3287 uno
3613 3229 3828 3285 homine

2264 3341 2410 3387 recte
2434 3333 2660 3386 educato
2683 3329 2870 3383 ordine
2903 3336 3110 3381 naturae
3142 3324 3527 3393 disciplinaque
3546 3319 3822 3389 contingit,

2263 3422 2366 3475 hoc
2412 3419 2754 3488 pr0portione
2799 3418 2854 3470 in
2899 3417 3149 3470 universo
3192 3427 3387 3484 genere
3428 3413 3659 3465 humano
3708 3408 3823 3460 ﬁeri

2263 3523 2359 3577 per
2382 3508 2615 3562 divinam
2651 3506 3062 3574 providentiam,
3087 3504 3375 3574 peragique
3413 3497 3825 3571 pulcherrimum

2263 3604 2364 3651 est.
2409 3615 2428 3647 ι

2853 3682 3076 3740 CAPUT
3113 3681 3253 3737 XIX.

2267 3800 2460 3854 Contra
2483 3813 2569 3850 eos
2592 3797 2680 3867 qui
2701 3795 2881 3867 dicunt
2910 3811 2932 3867 ;
2970 3793 3026 3847 Si
3058 3800 3276 3847 sanctus
3297 3788 3630 3867 Epiphanms
3650 3783 3826 3852 imagi-

2333 3883 2462 3921 num
2501 3857 2805 3920 desiructor
2849 3863 2949 3917 fuit
2991 3870 3046 3916 et
3084 3875 3268 3915 earum
3313 3857 3670 3916 abominator,
3703 3867 3827 3921 quo-

2335 3920 2494 4006 modo
2525 3933 2640 4006 eius
2668 3934 2912 4006 discipuli
2944 3932 3205 4006 imagines
3232 3927 3591 4006 άθὲίηεεδίξηι
3631 3925 3687 3978 in
3727 3920 3829 4006 93f

2334 3993 2573 4074 priorum
2602 3993 2820 4074 insula,
2841 4004 2895 4056 in
2945 3993 3157 4074 templa
3184 3993 3327 4074 quod
3375 3993 3615 4074 ejusdem
3662 3993 3826 4074 patris

2335 4063 2550 4128 nomine
2575 4063 2940 4133 titulaverunt,
2968 4063 3083 4138 cum
3112 4063 3341 4120 videlicet
3363 4063 3529 4138 multa
3548 4063 3826 4138 pinganth

2335 4160 2452 4214 qua;
2471 4159 2574 4214 non
2597 4141 2900 4214 adorantur,
2924 4149 2972 4191 et
3007 4137 3304 4206 plerumque
3329 4152 3362 4188 a
3393 4134 3538 4188 bonis
3563 4134 3822 4198 magistris

2337 4209 2462 4265 ntali
2489 4209 2728 4280 discipuli
2749 4210 3005 4263 oriantur.

2339 4305 2526 4374 Magna
2553 4318 2611 4358 se
2647 4303 2703 4356 in
2730 4301 2832 4355 hac
2869 4306 3023 4368 parte
3052 4296 3128 4352 illi
3170 4298 3235 4351 de
3268 4296 3463 4365 quibus
3501 4305 3676 4348 sermo
3708 4297 3821 4352 est,

597 4375 803 4463 ten—cui
835 4413 940 4452 non
969 4399 1154 4470 legalis
1172 4401 1529 4465 observantia,
1558 4401 1651 4454 sed
1678 4401 1807 4456 ﬁdes
1833 4375 2165 4458 credulitatis
2195 4375 2250 4439 D
2271 4393 2336 4448 ad
2372 4407 2524 4446 suum
2559 4403 2799 4445 errorem
2833 4385 3085 4441 luendum
3113 4397 3389 4438 armorum
3420 4381 3684 4450 reperisse
3709 4393 3830 4448 gra-

599 4498 683 4545 est
709 4488 776 4544 ad
795 4487 1065 4556 justitiam
1106 4496 1382 4556 reputata;
1433 4489 1522 4555 qui
1571 4489 1888 4543 Trinitatem
1930 4492 1985 4543 in
2041 4499 2164 4559 typo

599 4577 804 4642 videns,
843 4586 899 4632 et
943 4577 1202 4631 unitatem
1249 4575 1304 4628 in
1356 4575 1613 4645 mysterio
1672 4590 1954 4641 venerans,
1998 4578 2163 4632 divini

595 4662 781 4735 judicii
815 4679 1031 4727 arcana,
1051 4671 1105 4718 et
1133 4663 1197 4718 de
1227 4663 1451 4735 conjuge
1476 4680 1581 4719 anu
1613 4665 1967 4734 suscipienda:
2009 4668 2166 4723 sobo-

585 4743 666 4809 lis
683 4754 1002 4822 stupendum
1029 4753 1346 4809 miraculum
1368 4757 1551 4814 audire
1574 4757 1898 4826 promeruit;
1918 4759 2009 4828 qui
2041 4759 2163 4814 ﬁdei

600 4843 754 4913 cujus
805 4844 919 4913 ipse
976 4843 1247 4912 specimen
1297 4845 1507 4908 tenuit,
1561 4845 1769 4901 futuras
1813 4849 1956 4902 circa
2006 4849 2165 4903 ﬁnem

602 4934 783 4991 mundi
817 4935 1090 5003 angustias
1133 4932 1428 5002 ﬁguraliter
1467 4935 1652 5000 sensit,
1681 4951 1802 4990 cum
1831 4937 1973 4990 circa
2006 4937 2166 4990 ﬁnem

601 5024 706 5080 diei
733 5032 909 5078 terror
939 5023 1138 5082 nimius
1168 5031 1221 5076 et
1250 5024 1562 5079 tenebrosus
1609 5040 1772 5094 super
1816 5040 1938 5078 eum
1990 5025 2164 5078 irruit.

604 5113 708 5166 Aut
747 5113 867 5180 quis
902 5111 1120 5182 Moysen
1171 5112 1528 5183 iegislatorem
1555 5126 1810 5166 accusare
1848 5113 2170 5182 praesumat?

603 5199 670 5254 de
703 5215 810 5269 quo
835 5199 1092 5270 scriptum
1123 5208 1237 5265 est,
1266 5201 1408 5270 quod
1455 5207 1599 5255 esset
1648 5199 1966 5254 mitissimus
2009 5216 2171 5270 super

603 5303 789 5343 omnes
813 5288 904 5358 qui
942 5293 1288 5346 morabantur
1313 5290 1367 5343 in
1394 5296 1536 5342 terra
1554 5327 1569 5353 ,
1597 5288 1686 5356 qui
1727 5289 1778 5342 in
1811 5297 1937 5360 typo
1965 5290 2168 5346 Christi

605 5387 866 5442 mediator
892 5387 1032 5442 inter
1063 5387 1230 5440 Deum
1262 5391 1316 5439 et
1351 5383 1596 5438 homines
1622 5382 1922 5439 consistens
1957 5383 2171 5438 devicto

608 5475 933 5542 aequissimo
981 5475 1136 5528 hoste
1187 5472 1439 5540 populum
1493 5471 1558 5525 de
1609 5470 1864 5524 servitute
1918 5471 2173 5540 Egyptia

610 5561 775 5629 signis
798 5577 859 5617 ac
881 5562 1137 5632 prodigiis
1160 5561 1490 5614 terribilibus
1515 5559 1784 5615 liberavit.
1813 5559 1918 5614 Aut
1949 5559 2172 5612 Samue~

2272 4484 2514 4538 tuiantur
2554 4480 2945 4541 instrumenta,
2979 4490 3044 4530 eo
3089 4475 3233 4544 quod
3278 4473 3332 4527 in
3376 4472 3549 4526 insula
3584 4469 3763 4539 Cypro
3801 4482 3830 4518 a

2271 4571 2547 4640 cujusdam
2572 4567 2743 4622 sancti
2770 4566 2870 4619 viri
2897 4563 3180 4633 Epiphanii
3206 4560 3483 4631 discipulis
3507 4559 3729 4614 basilica
3751 4555 3832 4609 di-

2271 4671 2424 4716 catur
2453 4659 2617 4714 t‘uisse
2649 4656 2876 4724 depicta,
2903 4653 3055 4722 quasi
3077 4650 3223 4706 nulla
3248 4663 3333 4704 res
3353 4649 3518 4718 possit
3538 4645 3684 4714 pingi
3707 4657 3828 4711 quae

2271 4769 2378 4806 non
2412 4749 2663 4806 continuo
2709 4747 2900 4801 debeat
2924 4743 3157 4797 adorari.
3198 4741 3325 4796 Cum
3355 4751 3480 4805 ergo
3530 4733 3827 4802 imaginum

2271 4837 2631 4894 habendarum
2657 4833 2739 4887 vel
2765 4847 2871 4886 non
2896 4829 3260 4885 habendarum
3281 4839 3405 4881 usus
3430 4837 3535 4877 non
3568 4816 3824 4888 praejudi-

2269 4934 2355 4980 cet
2378 4923 2654 4979 catholietc
2680 4919 2801 4976 ﬁdei
2824 4919 3066 4988 puritati,
3094 4925 3302 4974 constat
3323 4913 3566 4969 eumdem
3590 4905 3826 4977 Epipha-

2268 5018 2417 5070 nium
2450 5016 2561 5068 sive
2589 5013 2752 5067 alium
2781 5011 3069 5080 quemlibet
3091 5017 3336 5065 sanctum
3360 5006 3557 5068 virum,
3585 5015 3684 5055 nec
3704 5001 3832 5054 ima-

2269 5108 2453 5177 ginum
2491 5103 2655 5159 fuisse
2687 5104 3095 5163 destructorem,
3133 5109 3235 5153 nec
3258 5109 3447 5150 earum
3476 5093 3824 5148 adoratorem,

2272 5196 2665 5266 discipulosque
2695 5192 2809 5261 ejus
2832 5193 2916 5247 vel
2943 5191 3206 5261 quoslibet
3235 5187 3530 5244 catholicos
3548 5186 3695 5239 viros
3725 5195 3827 5235 non

2275 5289 2394 5342 ideo
2435 5285 2685 5340 basilicas
2723 5285 2960 5339 colorum
3002 5282 3138 5336 fucis
3166 5279 3494 5349 depinxisse,
3525 5285 3586 5332 ut
3611 5275 3827 5345 pictum

2275 5376 2648 5437 adorarentur,
2677 5373 2770 5427 sed
2795 5380 2852 5426 ut
2875 5387 2942 5426 ex
2968 5370 3048 5425 eis
3070 5369 3368 5439 parietibus
3391 5362 3738 5436 pulchritudo
3759 5359 3830 5413 in-

2273 5464 2523 5527 ferretur,
2553 5471 2606 5518 et
2637 5476 2815 5516 rerum
2854 5469 3126 5529 gestarum
3157 5454 3545 5527 aspicientibus
3577 5445 3828 5504 memoria

2276 5557 2624 5612 inaerci'etur.
2674 5551 2788 5608 Non
2819 5552 2960 5606 enim
3020 5551 3145 5624 quia
3171 5546 3454 5619 Epiphanii
3492 5539 3740 5615 discipuli
3778 5538 3829 5591 in
