4008 6154
146 284 289 345 1225

923 281 1102 340 LIBRI
1135 281 1477 342 CAROLINI.
1515 310 1586 322 —
1619 278 1839 339 CAPIT.
1882 280 1971 337 DE
2013 281 2203 343 IMAG.
2243 317 2314 329 —
2352 288 2482 344 LIB.
2525 289 2610 346 IV.

3272 299 3412 356 1226

145 399 325 459 insula
355 399 534 471 Cypro
558 396 839 456 basilicam
877 397 1184 467 depinxisse
1226 397 1608 468 perhibentur,
1639 394 1723 450 id-
1753 397 1809 460 Α
1829 391 1956 449 leris
1976 401 2371 468 perpetratione
2391 403 2663 470 cohibuit;
2696 405 2810 476 qui,
2837 409 3052 479 cognita
3077 410 3160 467 sui
3183 414 3410 476 sceleris

147 492 297 548 circo
346 491 607 561 imagines
657 490 1045 555 adorabuntur,
1096 489 1355 558 quoniam
1399 503 1507 544 non
1549 487 1728 543 omnia

145 599 267 654 qua:
311 583 607 652 pinguntur
643 579 891 650 protinus
918 580 1230 634 adorantur.
1274 577 1406 645 Quae
1431 579 1477 634 si
1521 577 1726 648 singula

146 673 364 728 adorari
407 673 685 736 deberent,
728 685 916 740 paucae
962 669 1248 725 admodum
1293 677 1558 724 creatum
1607 684 1726 739 quae

142 779 254 818 non
307 763 695 827 adorarentur,
745 767 1106 816 remanerent.
1151 759 1437 815 Cernimus
1490 773 1727 829 namque

141 855 199 910 in
237 853 470 909 metallis
503 853 822 909 conflatorio
847 852 958 907 sive
983 850 1277 921 sculptorio
1298 864 1479 921 opere,
1503 850 1559 904 in
1579 863 1725 919 gem-

136 947 248 1002 mis
275 946 687 1017 insignibusque
713 944 976 1014 lapidibus
1009 941 1145 996 mira
1181 941 1469 1012 sculptoris
1497 949 1634 1009 arte,
1663 940 1721 995 in

134 1039 508 1094 marmoribus
558 1037 873 1105 exterisque
917 1034 1184 1104 lapidibus
1230 1035 1554 1090 latomorum
1606 1034 1724 1088 sive

133 1131 476 1199 sculptorum
506 1128 788 1192 industria,
843 1127 899 1181 in
939 1125 1102 1197 lignis
1141 1126 1409 1182 caalatoris
1440 1124 1718 1194 scalpello,

133 1221 192 1276 in
242 1220 568 1276 litbostrotis
621 1219 962 1274 diversorum
1010 1218 1251 1274 colorum
1297 1234 1396 1289 per
1455 1217 1722 1273 artiﬁcem

129 1311 532 1380 compaginatis
557 1309 834 1375 crustulis,
875 1311 931 1365 in
954 1311 1166 1377 sericis,
1195 1311 1368 1366 laneis
1403 1324 1503 1366 nec
1525 1327 1636 1366 non
1659 1319 1717 1368 et

128 1398 290 1454 lineis
312 1397 743 1455 multicoloribus
765 1400 1006 1455 vestibus
1041 1400 1309 1470 plumario
1331 1400 1714 1471 polymitarto-

131 1506 238 1561 quc
263 1505 428 1560 opere
464 1489 726 1546 formatas
755 1490 1035 1563 imagines.
1066 1491 1318 1564 Nunquid
1347 1493 1473 1561 quia
1500 1491 1712 1562 praefati

127 1581 250 1644 viri,
292 1579 470 1638 sancti
512 1581 722 1636 scilicet
759 1581 1044 1652 Epiphanii
1068 1622 1084 1648 ,
1137 1582 1387 1651 discipuli
1434 1582 1491 1636 in
1528 1581 1707 1651 Cypro

127 1670 419 1726 basilicam
430 1669 810 1739 depinxerunt,
825 1671 1028 1726 ideirco
1046 1685 1236 1726 omnes
1249 1669 1538 1726 adoranda:
1554 1678 1678 1726 sunt
1692 1671 1716 1724 ?

1832 485 2095 554 nequitia,
2111 489 2382 563 indignam
2403 491 2573 546 vitam
2590 493 2750 566 digna
2772 505 2946 554 morte
2968 498 3172 569 finivit;
3202 504 3269 560 de
3292 521 3404 576 quo

1832 577 1909 632 ait
1935 577 2183 638 Sedulius
2209 600 2223 638 :

2012 672 2150 726 Tune
2171 676 2245 726 vir
2267 677 2574 741 apostolicus,
2601 691 2732 731 nunc
2751 681 2859 734 vilis
2882 689 3102 747 apoststa
3128 686 3300 741 factus.

1829 749 2082 810 Nicolaus
2107 771 2320 828 quoque
2344 760 2637 831 discipulus
2667 766 3036 835 apostolorum
3077 779 3132 826 et
3157 771 3302 829 inter
3322 789 3407 831 se-

1827 851 1972 912 ptem
1987 860 2092 899 una
2117 862 2240 902 eum
2259 849 2420 906 beato
2444 852 2718 923 Stephano
2739 855 2794 910 in
2812 857 3023 913 diaconi
3046 861 3408 922 ministerium

1829 945 2194 1004 consecratus,
2237 940 2496 1008 neglectis
2541 945 2885 1014 postmodum
2919 950 3185 1007 bonorum
3231 956 3406 1026 magi-

1827 1034 2064 1082 strorum
2084 1028 2364 1097 doctrinis,
2391 1032 2506 1088 sive
2531 1034 2796 1090 bonorum
2828 1040 3284 1100 condiaconorum
3315 1063 3408 1104 so-

1826 1119 2134 1187 cietatibus,
2186 1122 2574 1182 hmresiarches
2617 1136 2701 1181 est
2729 1128 2974 1198 effectus,
3021 1141 3075 1188 et
3105 1137 3195 1204 qui
3229 1139 3403 1195 bono-

1825 1224 1946 1264 rum
1991 1225 2216 1280 operum
2244 1213 2504 1267 exercitia
2544 1217 2804 1285 exemplis
2834 1219 2949 1275 sive
2975 1223 3175 1290 verbis,
3194 1235 3254 1280 ut
3278 1237 3406 1296 pote

1824 1300 2119 1371 discipulus
2140 1303 2526 1372 apostolorum,
2554 1304 2842 1363 instituere
2861 1310 3063 1376 debuit,
3083 1319 3404 1381 permutatis

1822 1393 1879 1447 in
1903 1395 2242 1450 contrarium
2271 1397 2482 1453 vicibus
2524 1397 2639 1469 ipse
2684 1398 2930 1457 nefandae
2959 1403 3185 1462 haeresis
3228 1411 3404 1467 scelus

1821 1481 2075 1549 instituit,
2107 1483 2173 1539 de
2198 1499 2302 1554 qua
2335 1485 2390 1539 in
2429 1486 2753 1558 Apocalypsi
2800 1490 3104 1547 scribitur:
3153 1495 3261 1551 Sed
3305 1499 3404 1552 hoc

1818 1572 1976 1627 habes
2005 1574 2145 1644 quod
2166 1575 2321 1629 odisti
2351 1575 2492 1644 facta
2524 1577 2934 1646 Nicolaitarum,
2963 1599 3081 1652 qua:
3101 1593 3149 1638 et
3176 1603 3269 1657 ego
3311 1589 3402 1642 odi

1820 1662 2004 1734 (Apoc.
2052 1664 2136 1736 ιι).
2168 1665 2224 1720 Si
2247 1681 2376 1736 ergo
2423 1668 2549 1723 boni
2583 1671 2860 1738 propheta:
2903 1674 3078 1730 malus
3105 1676 3402 1748 discipulus

125 1771 224 1815 aut
252 1760 386 1830 quia
433 1759 510 1813 illi
553 1760 783 1815 diversis
821 1761 1064 1816 materiis
1107 1760 1287 1817 locum
1312 1769 1713 1818 exornaverunt
1745 1747 1798 1813 Β
1820 1762 2044 1825 propter
2073 1757 2353 1811 avaritiam
2385 1758 2723 1826 rcprobalur,
2749 1768 2805 1815 et
2830 1761 2958 1817 Ι)οηί
2985 1747 3257 1835 Πηλείδιῶ
3295 1770 3402 1824 D0-

125 1852 320 1906 divino
343 1850 512 1906 cultui
540 1851 862 1918 dedicatum,
911 1852 1034 1908 ideo
1067 1853 1135 1909 ad
1176 1853 1416 1924 singulas
1459 1855 1717 1912 materias

123 1968 266 2024 quas
301 1950 664 2023 praemisimus
699 1967 798 2022 pro
827 1951 1152 2024 imaginibus
1194 1965 1315 2022 qua:
1338 1952 1418 2007 eis
1441 1951 1498 2006 in
1540 1951 1717 2021 subje-

123 2054 216 2102 cto
246 2057 378 2102 sunt
404 2047 642 2106 curvatis
669 2045 981 2116 poplitibus,
1027 2044 1182 2102 ﬂexis
1227 2045 1549 2113 cervicibus,
1591 2061 1714 2102 cre-

119 2137 508 2196 brescentibus
537 2139 803 2208 suspiriis,
835 2137 1129 2192 sublevatis
1158 2145 1474 2192 reverenter
1503 2151 1567 2192 ac
1601 2137 1719 2206 ple-

124 2245 354 2301 rumque
393 2230 731 2287 scmielausis
771 2229 1081 2294 luminibus,
1115 2244 1148 2283 a
1185 2227 1436 2284 ﬁdelibus
1463 2235 1549 2284 est
1587 2244 1714 2284 cur-

125 2323 392 2380 rendum?
421 2322 541 2379 Non
570 2322 739 2394 igitur
764 2335 1102 2390 consequens
1128 2328 1212 2375 est
1259 2327 1320 2374 ut
1356 2334 1454 2389 pro
1477 2334 1544 2375 eo
1569 2320 1716 2389 quod

124 2413 202 2466 illi
224 2412 510 2468 basilicam
531 2412 774 2482 pinxisse
797 2411 1070 2477 dicuntur,
1099 2403 1365 2481 imagines
1391 2409 1708 2465 adorentur.

119 2503 314 2558 Potest
345 2504 510 2560 etiam
537 2502 664 2558 huic
692 2500 908 2556 illorum
933 2499 1224 2567 objectioni
1249 2500 1394 2555 aliud
1416 2500 1717 2555 rationabi-

118 2591 249 2646 liter
277 2590 498 2662 opponi,
540 2598 601 2644 ut
628 2589 844 2644 illorum
870 2589 1099 2644 assertio
1125 2588 1266 2643 sicut
1292 2587 1413 2644 aliis
1453 2587 1713 2658 objectio-

121 2683 284 2737 nibus
313 2680 557 2751 nequivit
583 2678 804 2742 muniri,
832 2677 908 2732 ita
940 2677 1108 2732 etiam
1138 2692 1238 2733 nec
1264 2677 1368 2733 hac
1388 2692 1602 2748 quoque
1621 2678 1714 2734 de-

120 2775 268 2845 picta
298 2774 368 2828 ab
395 2770 685 2842 Epiphanii
728 2769 1012 2839 discipulis
1034 2768 1258 2824 basilica
1298 2768 1476 2824 valeat
1501 2768 1706 2835 astrui,

119 2863 429 2934 prmsertim
455 2877 580 2918 cum
604 2860 708 2916 etsi
733 2859 974 2930 ejusdem
993 2859 1170 2916 sancti
1198 2859 1306 2914 viri
1325 2859 1711 2929 discipulorum

119 2967 426 3008 consensus
461 2966 493 3005 a
529 2965 589 3007 se
630 2950 832 3006 inditas
860 2949 1178 3020 parietibus.
1200 2950 1441 3020 picturas
1483 2948 1712 3004 adorare

122 3042 446 3108 censuisset,
474 3039 678 3095 nullam
704 3037 821 3109 ejus
859 3039 968 3093 vim
999 3053 1226 3094 censura
1280 3038 1525 3104 haberet,
1570 3053 1706 3108 quo-

1820 1845 1954 1900 mini
1990 1845 2200 1902 scilicet
2237 1854 2292 1902 et
2321 1846 2618 1903 Salvatoris
2668 1850 2862 1916 nostri,
2899 1852 3194 1924 discipulus
3215 1855 3305 1912 fur
3346 1868 3402 1916 et

1818 1936 2064 2006 proditor
2088 1936 2311 1992 ell'ectus
2338 1938 2700 2006 abominatur,
2737 1949 2793 1996 et
2825 1950 3134 2000 sanctorum
3186 1960 3403 2018 aposto-

1820 2024 1996 2081 lorum
2025 2027 2199 2083 malus
2230 2027 2524 2099 discipulus
2557 2039 2779 2102 propter
2803 2033 3030 2104 impium
3059 2035 3255 2108 dogma
3282 2057 3312 2096 a
3338 2059 3400 2099 se

1820 2117 2126 2173 institutum
2147 2129 2478 2184 exsecratur,
2515 2121 2644 2190 quid
2676 2123 2878 2178 mirum
2910 2126 2956 2180 si
2985 2141 3018 2182 a
3042 2127 3186 2185 bono
3228 2134 3400 2204 magi-

1819 2215 1933 2263 stro
1958 2208 2261 2278 Epiphanio
2299 2210 2634 2279 picturarum
2662 2213 3032 2271 adorationem
3061 2217 3398 2279 instituendo

1817 2298 1946 2352 mali
1971 2298 2222 2370 discipuli
2237 2299 2576 2356 eﬁiciuntur?
2590 2301 2657 2356 Et
2681 2303 2785 2360 hoc
2803 2305 3044 2364 dicentes
3067 2326 3178 2368 non
3197 2325 3292 2370 eos
3313 2331 3400 2370 re-

1815 2387 2358 2458 probosjudicamus,
2405 2393 2603 2464 quippe
2632 2409 2756 2450 eum
2781 2409 2970 2453 eorum
2997 2400 3165 2457 vitam
3188 2412 3244 2460 et
3268 2421 3399 2462 con-

1815 2482 2181 2538 versationem
2225 2484 2551 2553 nesciamus,
2593 2487 2688 2542 sed
2730 2491 3008 2560 proposita
3048 2496 3400 2555 conditionali

1813 2571 2100 2641 particula,
2125 2573 2172 2628 si
2199 2574 2442 2644 picturas
2467 2577 2700 2633 adorare
2732 2590 3087 2650 censuerunt,
3119 2584 3177 2640 in
3199 2600 3266 2641 eo
3303 2602 3400 2645 eos

1815 2673 2075 2716 erroneos
2126 2677 2523 2722 asseveramus.
2578 2667 2919 2739 Aspiciamus
2957 2687 3086 2744 ergo
3130 2674 3400 2734 Novatum

1813 2749 2068 2822 Cypriani
2090 2755 2326 2826 episcopi
2351 2757 2729 2828 presbyterum
2753 2759 3109 2818 Novatianam
3131 2765 3399 2825 haeresem

1813 2845 2140 2913 condidisse,
2168 2855 2222 2904 et
2248 2863 2406 2903 suum
2435 2849 2720 2905 arbitrium
2748 2862 2995 2908 secutum
3023 2858 3198 2912 sancti
3220 2862 3386 2931 magi-

1812 2937 1916 2991 stri
1960 2937 2168 2993 monita
2215 2939 2512 3010 sprevisse;
2550 2939 2742 2996 Arium
2791 2955 3005 3014 quoque
3038 2959 3069 2999 a
3125 2948 3399 3007 catholico

1816 3029 2076 3101 magistro
2103 3033 2379 3089 eruditum
2427 3034 2675 3091 novimus
2726 3036 2913 3106 fuisse,
2955 3046 3010 3094 et
3049 3043 3397 3110 postmodum

123 3132 265 3188 “iam
312 3100 634 3204 pler'umque
669 3148 700 3188 α
729 3100 912 3188 ’δοηίε
959 3128 1234 3202 magistris
1269 3131 1409 3187 bene
1457 3100 1704 3200 disci-puli
1737 3100 1786 3168 C
1815 3100 2110 3178 exitiabilis
2136 3123 2404 3195 dogmatis
2437 3141 2604 3197 grana
2652 3100 2969 3184 seminasse.
3008 3100 3150 3198 Quid
3185 3134 3251 3189 de
3284 3100 3397 3194 sin;

125 3225 350 3292 educati,
377 3225 722 3295 postmodum
765 3224 1011 3295 neglecta
1038 3223 1377 3279 institutione
1417 3224 1706 3294 magistro—

125 3331 240 3371 rum
267 3318 573 3373 efIiciuntur
596 3315 861 3386 perversi.
887 3314 1042 3382 Quod
1067 3313 1115 3370 si
1144 3313 1330 3370 solerti
1359 3314 1706 3384 indagatione

125 3418 408 3478 quzeratur,
440 3423 720 3464 sacrarum
744 3406 1050 3463 litterarum
1084 3404 1346 3475 exemplis
1383 3406 1707 3474 approbabi-

123 3506 224 3554 tur.
261 3500 445 3556 Elisaei
478 3499 646 3570 igitur
674 3498 779 3555 viri
805 3499 980 3556 sancti
1010 3506 1066 3554 et
1093 3497 1324 3568 duplicis
1349 3497 1483 3554 Eliae
1507 3498 1704 3569 spiritu

122 3590 276 3646 ditati
314 3591 583 3660 discipulo
631 3598 814 3646 tantus
860 3590 1104 3662 pecuniae
1141 3605 1296 3645 amor
1342 3590 1590 3660 irrepsit,
1643 3600 1706 3648 ut

120 3690 380 3753 percepto
401 3681 720 3750 alienigenae
740 3695 964 3742 munere
985 3696 1016 3734 a
1031 3680 1295 3752 magistro
1317 3688 1501 3751 spreto
1513 3681 1705 3738 exitia-

119 3772 242 3829 bilis
259 3773 430 3828 etiam
448 3771 711 3844 tegritudo
731 3785 855 3826 eum
879 3770 1116 3826 ftedarit.
1143 3769 1262 3826 Non
1287 3770 1438 3825 illum
1461 3774 1704 3844 prophe-

120 3865 227 3920 tica
251 3863 542 3928 allocutio,
581 3878 691 3918 non
716 3862 960 3934 magistri
1007 3861 1259 3928 eruditio,
1286 3877 1396 3918 non
1425 3864 1704 3936 signorum

121 3953 452 4009 terribilium
481 3952 739 4018 ostensio,
775 3966 886 4006 non
913 3950 1051 4006 tanti
1078 3952 1356 4020 prophetae
1404 3953 1706 4010 communis

121 4043 384 4102 habitatio
421 4060 456 4099 a
483 4053 649 4100 tanta:
682 4044 868 4115 pestis,
914 4043 970 4100 id
989 4051 1074 4100 est
1106 4043 1370 4109 avaritiae,
1410 4043 1532 4101 labe
1557 4061 1703 4102 eom-

120 4135 340 4203 pescuit,
380 4135 480 4191 sed
511 4134 742 4190 avaritia
770 4148 891 4205 quae
915 4148 1041 4190 eum
1068 4134 1288 4199 invasit,
1318 4133 1526 4205 lepram
1568 4152 1702 4206 quo-
1745 4173 1757 4185 .

120 4237 216 4291 que
237 4226 286 4281 ei
311 4241 438 4282 eum
466 4225 594 4297 Syri
621 4240 788 4282 censu
812 4225 1027 4281 inussit.
1060 4224 1256 4280 Judam
1282 4226 1466 4291 etiam,
1504 4227 1570 4282 de
1591 4241 1700 4297 quo

115 4496 360 4550 tationem
399 4496 572 4564 (Psal.
601 4497 750 4569 xu);
783 4499 871 4554 cui
897 4499 1168 4569 quondam
1214 4497 1421 4554 dictum
1450 4507 1577 4555 est:
1612 4498 1692 4554 Tu

115 4599 230 4638 vero
287 4587 446 4640 homo
510 4587 794 4653 unanimis,
849 4588 958 4643 duo:
1013 4605 1158 4644 meus
1219 4596 1267 4643 et
1313 4597 1468 4642 notus
1519 4604 1689 4654 meus,

113 4675 196 4741 qui
243 4677 404 4733 simul
446 4677 670 4733 'mecum
737 4677 912 4733 dulces
975 4680 1215 4750 cupiebas
1280 4679 1422 4734 cibos
1489 4677 1689 4748 (Psal.

115 4777 172 4815 ιν
198 4767 216 4835 )
241 4807 256 4833 ,
299 4768 550 4840 neglecta
600 4768 728 4826 boni
797 4770 1045 4842 magistri
1096 4768 1405 4826 eruditione
1429 4809 1445 4836 ,
1502 4777 1559 4824 et
1606 4784 1692 4826 re-

113 4865 230 4911 vera
257 4860 409 4928 boni,
434 4861 530 4932 qui
569 4862 636 4917 de
667 4876 726 4917 se
751 4860 870 4931 ipso
898 4863 1038 4918 dixit
1077 4876 1092 4915 :
1124 4863 1209 4916 An
1237 4861 1422 4917 oculus
1447 4869 1568 4916 tuus
1595 4878 1687 4918 ne-

113 4961 257 5014 quam
280 4963 376 5021 est,
402 4953 534 5024 quia
565 4968 658 5023 ego
684 4952 848 5007 bonus
869 4969 986 5007 sum
1013 4952 1227 5024 (Matth.
1251 4954 1380 5025 xx)?
1405 4961 1462 5010 et
1481 4955 1569 5010 cui
1589 4969 1690 5024 per

108 5033 270 5095 David
312 5041 518 5098 dicitur
557 5054 574 5094 :
619 5040 800 5096 Bonus
843 5059 918 5108 es,
945 5042 1187 5110 Domine,
1231 5046 1511 5100 bonitatem
1540 5053 1685 5099 tuam

110 5124 226 5182 doce
246 5129 365 5199 me;
394 5133 464 5189 de
490 5145 601 5202 quo
626 5131 790 5187 etiam
808 5147 908 5202 per
927 5131 1216 5189 Jeremiam
1244 5135 1443 5191 dicitur
1465 5149 1481 5190 :
1505 5135 1686 5190 Bonus

109 5224 177 5268 est
195 5217 444 5277 Dominus
472 5222 804 5292 sperantibus
832 5223 890 5278 in
925 5239 1002 5289 se,
1034 5225 1226 5280 anima:
1249 5226 1504 5296 quaerenti
1530 5225 1683 5280 illum

111 5300 314 5370 (Thren.
367 5310 478 5382 nt),
507 5311 644 5366 adeo
667 5311 885 5380 capacis
915 5313 1002 5368 vel
1044 5315 1280 5369 maxime
1308 5316 1524 5384 rapacis
1553 5330 1682 5372 ava-

110 5391 240 5448 ritia:
268 5396 416 5452 f‘uror
442 5399 692 5467 arripuit,
720 5409 782 5454 ut
811 5403 1135 5473 magistrum
1162 5405 1392 5473 prodere
1417 5419 1527 5460 non
1575 5407 1682 5463 dis-

108 5484 307 5552 tulerit,
337 5503 500 5558 quem
526 5503 636 5544 non
685 5491 850 5546 verba
895 5494 1154 5558 ctelestia,
1190 5509 1301 5549 non
1343 5494 1468 5548 vitae
1514 5493 1678 5553 fontis

110 5573 396 5648 inundatio,
452 5597 560 5638 non
587 5581 867 5653 signorum
900 5585 1184 5651 exhibitio,
1223 5579 1333 5640 neu
1381 5588 1678 5655 apostolica

1769 3231 1774 3237 ε
1811 3211 1950 3280 gulis
1977 3212 2250 3270 referam?
2282 3230 2419 3286 pene
2445 3232 2636 3274 omnes
2677 3219 3072 3279 haeresiarchas
3094 3225 3393 3285 catholico-

1809 3315 1934 3356 rum
1982 3311 2198 3358 constat
2224 3302 2391 3362 fuisse
2418 3305 2731 3378 discipulos,
2783 3311 2910 3380 quia
2953 3328 3295 3385 nequaquam
3337 3318 3396 3375 in

1809 3405 1909 3447 suo
1937 3394 2157 3451 nomine
2184 3404 2396 3466 poterat
2415 3398 2667 3456 haeresim
2688 3401 2810 3472 quis
2839 3403 3076 3470 titularc,
3107 3407 3210 3462 nisi
3241 3409 3395 3467 illam

1809 3496 1908 3538 suo
1937 3484 2166 3542 arbitrio
2200 3490 2512 3559 reperisset.
2548 3492 2756 3559 Quibus
2785 3497 3043 3566 exemplis
3089 3499 3387 3572 colligitur,

1808 3573 1884 3628 nil
1921 3577 2095 3632 sancti
2138 3578 2428 3651 Epiphanii
2453 3582 2734 3655 discipulis
2761 3588 3007 3658 magistri
3049 3591 3394 3652 sanctitatem

1805 3664 2094 3756 profuisse,
2120 3669 2167 3725 si
2191 3671 2260 3726 ab
2289 3672 2670 3732 ecclesiasticis
2706 3679 3184 3740 constitutionibus
3204 3695 3390 3756 spreta

1806 3755 1935 3813 boni
1955 3760 2203 3831 magistri
2226 3763 2533 3823 eruditione
2562 3770 2859 3828 creduntur
2886 3773 3148 3834 deviasse.

2405 3895 2632 3953 CAPUT
2669 3897 2788 3952 XX.

1807 3977 1961 4046 Quod
1985 3981 2278 4054 adulatorie
2315 3985 2678 4052 imperatorem
2707 4004 2860 4041 suum
2891 3991 2997 4044 sive
3022 4003 3243 4048 matrem
3273 3999 3391 4054 eius

1874 4050 2124 4122 apostolis
2153 4050 2425 4122 cowquare
2467 4055 2568 4107 nisi
2595 4065 2716 4108 sunt
2753 4057 2983 4113 dicentes
3012 4077 3032 4114 :
3063 4060 3217 4116 Sicut
3255 4050 3387 4122 oliui

1873 4119 2064 4175 salutis
2089 4119 2290 4202 nostrae
2336 4130 2542 4202 rector“
2559 4133 2615 4202 e_t
2639 4123 2921 4202 perfector
2947 4128 3104 4202 Jesus
3133 4119 3386 4202 proprios

1874 4204 2002 4264 suos
2023 4191 2294 4264 apostolos
2325 4192 2494 4247 sancti
2509 4191 2743 4264 Spiritus
2778 4195 3007 4254 induens
3031 4191 3387 4260 virt'ute‘cmi-

122 4261 216 4291 ιιυιν
237 4261 286 4281 ιιι
311 4261 438 4282 υυω
466 4261 594 4297 υιιι
621 4261 788 4282 νυμουι
812 4261 1027 4281 “suam”
1060 4261 1256 4280 cunam
1282 4261 1466 4291 υιιαιιι,
1504 4261 1570 4282 υυ
1591 4261 1700 4297 ιίιιυ

122 4328 216 4384 per
241 4316 573 4390 Prophetam
603 4317 868 4387 scriptum
911 4325 996 4372 est
1024 4334 1038 4370 :
1078 4314 1254 4372 Homo
1279 4317 1423 4386 pacis
1460 4333 1588 4373 mea:
1607 4318 1700 4388 qui

1823 4313 1830 4320 ,
1874 4261 1965 4326 sit,
1995 4261 2134 4316 sicut
2158 4271 2212 4316 et
2248 4277 2390 4317 nunc
2435 4261 2567 4319 suos
2592 4265 2884 4336 placabiles
2929 4277 2985 4323 et
3012 4273 3384 4340 apostolorum

1874 4331 2080 4388 similes
2109 4332 2293 4388 ﬁdeles
2319 4340 2535 4390 nostros
2571 4336 2925 4390 imperatores
2967 4341 3139 4390 erexit
3175 4344 3242 4390 de
3288 4361 3384 4390 ρη-

116 4406 289 4460 edebat
317 4425 508 4478 panem
534 4424 706 4463 meum
733 4407 1003 4477 ampliavit
1029 4407 1305 4462 adversum
1332 4424 1416 4462 me
1441 4408 1690 4479 supplan—
1723 4448 1778 4511 Β

1874 4331 2080 4404 similes
2109 4332 2293 4404 fideles
2319 4340 2535 4390 nostros
2571 4331 2925 4404 imperatores
2967 4331 3139 4396 erexit
3175 4344 3242 4398 de
3288 4361 3384 4403 eo-

1871 4401 1998 4456 dem
2019 4402 2566 4475 _Spirituprudentes
2600 4401 2792 4472 factos,
2820 4416 2877 4464 et
2900 4408 3122 4469 idoneos
3144 4401 3385 4475 existen-

1875 4479 1959 4528 tes
1978 4472 2180 4530 virtute
2205 4472 2294 4531 ad
2303 4474 2692 4545 perfectionem
2724 4485 2988 4535 nostram.

1873 4583 2136 4647 Sessuros
2180 4601 2306 4642 cum
2331 4587 2560 4646 Domino
2608 4590 2885 4661 apostolos
2935 4593 3002 4649 ad
3026 4593 3385 4664 iudicandum

1797 4673 2039 4744 ejusdem
2065 4676 2280 4732 Domini
2313 4679 2550 4734 veridica
2593 4694 2725 4737 voce
2757 4684 3062 4754 reperimus
3089 4701 3104 4743 :
3149 4685 3271 4756 Vos,
3301 4689 3387 4745 in-

1797 4763 1934 4832 quit,
1963 4765 2053 4834 qui
2081 4766 2244 4818 secuti
2275 4767 2396 4821 estis
2425 4784 2526 4836 me,
2553 4769 2609 4825 in
2635 4775 3022 4842 regeneratione
3049 4793 3168 4832 cum
3194 4779 3388 4836 sederit

1796 4852 1972 4910 Filius
1997 4855 2222 4912 hominis
2247 4858 2305 4912 in
2325 4859 2448 4914 sede
2483 4862 2780 4932 majestatis
2809 4883 2943 4934 suae,
2963 4868 3206 4922 sedebitis
3228 4886 3381 4938 super

1795 4946 2071 5003 duodecim
2098 4949 2333 5017 thronos,
2350 4951 2656 5020 judicantes
2695 4955 2971 5010 duodecim
3008 4957 3175 5010 tribus
3209 4955 3382 5012 Israel

1796 5034 1950 5106 (Luc.
1973 5037 2132 5111 xm),
2156 5055 2358 5111 eosque
2379 5057 2440 5099 se
2466 5043 2695 5114 elegisse
2707 5044 2775 5098 de
2795 5043 3158 5108 mundo,utde
3175 5047 3378 5104 mundo

1795 5144 1904 5185 non
1942 5139 2140 5196 essent,
2162 5131 2257 5187 sed
2282 5141 2342 5189 ut
2376 5131 2614 5191 fructum
2636 5135 2928 5206 plurimum
2947 5133 3226 5206 afferrent,
3259 5140 3377 5212 ipse
3423 5132 3452 5212 Διέ

1793 5222 2056 5278 Dominus
2070 5231 2390 5280 attestatur:
2409 5226 2524 5298 Ego
2540 5243 2647 5291 vos,
2665 5225 2932 5295 inquiens,
2949 5226 3016 5281 de
3035 5231 3232 5285 mundo
3247 5231 3374 5304 elegi
3423 5222 3467 5257 ⁸*-

1795 5322 1851 5367 ut
1872 5313 1936 5367 de
1950 5314 2146 5369 mundo
2163 5331 2265 5370 non
2283 5318 2481 5382 essetis,
2504 5326 2552 5385 et
2567 5333 2660 5386 ego
2675 5315 2809 5384 elegi
2837 5332 2922 5370 vos
2938 5325 2996 5370 ut
3012 5317 3242 5386 fructum
3258 5320 3372 5388 plu-

1789 5407 1981 5460 rimum
2003 5407 2258 5476 aﬂ'eratis,
2292 5417 2341 5463 et
2369 5409 2570 5477 fructus
2601 5414 2764 5459 uester
2789 5415 2999 5460 maneat
3037 5407 3095 5461 in
3119 5416 3370 5460 teternum

1789 5497 1970 5568 (Joan.
2020 5499 2143 5568 xv);
2197 5499 2318 5555 illos
2364 5511 2482 5551 esse
2512 5493 2593 5547 sal
2619 5503 2774 5548 teme
2808 5495 3027 5565 (Matth.
3058 5496 3154 5563 'v).
3187 5497 3372 5549 condi-

1785 5598 2027 5648 mentum
2055 5589 2303 5648 videlicet
2329 5585 2539 5656 populi,
2579 5597 2688 5652 quo
2717 5585 2923 5642 insulsa
2970 5597 3196 5656 quaeque
3244 5597 3373 5639 con-

110 5671 343 5742 societas,
376 5691 484 5732 non
509 5675 789 5745 apostolici
814 5678 1054 5736 nominis
1081 5679 1318 5754 dignitas
1337 5695 1371 5738 a
1399 5681 1536 5740 tanti
1559 5698 1677 5745 sec-
1784 5684 2023 5751 diuntur,
2059 5689 2114 5739 et
2135 5677 2394 5756 insapida
2440 5682 2762 5746 saporantur
2779 5694 2794 5743 ;
2829 5693 2922 5734 eos
2951 5678 3124 5733 lucem
3149 5673 3364 5746 mundi,

371 5771 644 5836 Ps'rnon.
685 5770 969 5838 XCVIII.

2857 5774 2936 5838 39
