4008 6154
640 173 775 230 1227

1510 183 1570 236 Β.
1610 177 1859 237 CAROLI
1895 176 2108 234 MAGNI
2145 176 2297 236 OPP.
2332 178 2510 238 PARS
2549 183 2613 239 II.
2657 184 2897 246 SECTIO
2934 188 3000 246 Π.

3738 205 3877 274 1228

634 290 737 388 qui
756 298 898 388 verae
926 291 1082 388 lucis,
1125 294 1225 349 hoc
1246 303 1343 388 (est
1392 294 1608 358 Christi,
1640 267 2206 388 ftdgoresuaeprtedié
2229 292 2283 360 Α
2310 300 2443 388 tant,
2482 299 2624 388 quod
2655 313 2714 354 se
2739 299 2887 373 diligi
2914 303 3120 376 sibique
3147 322 3360 378 parere,
3403 325 3568 388 seque
3589 267 3879 386 collaudari

633 383 862 452 cationjs
889 385 1069 440 verbis
1095 387 1276 442 mundi
1309 387 1576 447 tenebras.
1622 381 1926 438 ditiidentite
1953 382 2204 439 videlicet
2252 393 2254 395 ’

633 477 933 547 caliginem,
980 479 1327 544 irradiarunt,
1354 475 1694 532 manifestum
1728 485 1847 542 est;
1883 475 1990 532 illis
2015 493 2048 533 a
2092 478 2199 534 Do-

630 569 776 624 mino
801 576 854 624 et
879 569 935 624 in
970 578 1116 626 terra
1140 586 1237 641 per
1263 567 1669 624 insulllationem
1703 568 1879 633 datur,
1911 575 1964 622 et
1992 583 2024 622 e
2064 568 2201 624 coelo

629 661 684 716 in
719 660 843 731 igne
886 661 1294 739 linguarumqpe
1338 657 1598 713 divisione
1636 659 1870 728 Spiritus
1919 660 2088 715 sancti
2134 659 2202 712 ad

626 750 954 808 innuendam
979 753 1072 806 Dei
1096 758 1148 804 et
1168 747 1398 820 proximi
1424 749 1778 804 dilectionem
1804 749 2096 816 emittitur;
2129 749 2196 805 il-

624 848 694 904 lis
721 845 954 903 solvendi
994 843 1316 913 ligandique,
1358 852 1580 915 peccata
1629 844 1938 900 remittendi
1980 852 2034 899 et
2069 843 2197 899 reti-

621 939 805 1002 nendi,
833 943 1072 990 mortuos
1095 935 1412 1001 suscitandi,
1453 935 1722 990 dmmones
1750 934 2018 1003 ejiciendi,
2046 935 2196 990 infir-

620 1043 737 1084 mos
762 1025 1001 1089 curandi,
1041 1034 1341 1096 catteraquc
1367 1026 1737 1095 hujuscemodi
1771 1043 1932 1097 opera
1961 1027 2193 1082 faciendi

617 1119 775 1173 datur
795 1123 1055 1184 potestas,
1086 1124 1140 1171 et
1171 1132 1358 1172 omnes
1385 1127 1572 1188 gentes
1612 1119 1874 1185 docendi,
1901 1125 1956 1171 et
1997 1119 2050 1172 in
2093 1135 2193 1174 no-

613 1207 760 1262 mine
784 1213 984 1260 sancta:
1012 1206 1294 1262 Trinitatis
1313 1209 1622 1278 baptizandi
1647 1208 1924 1264 confertur
1958 1195 2194 1265 auctori-

613 1308 723 1366 tas;
763 1299 870 1354 illis
895 1301 1127 1370 gaudere
1155 1300 1370 1370 jussum
1411 1311 1513 1365 est,
1558 1303 1700 1372 quod
1743 1302 1955 1360 nomina
2001 1317 2190 1357 eorum

609 1400 828 1449 aeternae
854 1393 974 1447 vita:
1017 1393 1254 1448 cmlestis
1285 1394 1424 1448 liber
1453 1395 1655 1450 inserta
1703 1402 1915 1459 teneat;
1955 1393 2063 1448 illis
2107 1394 2190 1448 di-

608 1494 756 1539 ctum
786 1493 903 1538 est:
942 1484 1093 1538 Beati
1136 1483 1273 1539 oculi
1298 1486 1388 1554 qui
1435 1484 1604 1538 vident
1638 1501 1755 1555 qua:
1785 1501 1870 1538 vos
1898 1484 2110 1557 videtis,
2143 1492 2190 1537 et

609 1593 764 1631 aures
793 1592 908 1646 qua:
958 1577 1180 1630 audiunt
1210 1593 1325 1647 qua:
1355 1577 1547 1630 auditis
1576 1576 1726 1647 (Luc.
1769 1576 1845 1646 ι),
1876 1577 1998 1644 quia
2034 1577 2186 1631 vide-

2305 384 2372 481 ab
2399 385 2713 481 hominibus
2739 391 3016 463 videntur;
3048 398 3155 454 illis
3178 401 3372 458 dicitur
3397 422 3409 458 :
3439 384 3587 462 Beati
3631 415 3724 481 qui
3749 384 3878 473 nune

2299 475 2460 564 ﬂetis,
2487 479 2611 549 quia
2639 481 2870 539 ridebitis
2894 485 3106 558 (Matth.
3126 491 3208 564 v);
3234 493 3351 549 istis
3365 496 3560 552 dicitur
3577 519 3589 554 :
3608 475 3769 560 Iiisus
3789 508 3876 563 do-

2301 562 2411 667 lore
2429 567 2694 667 miscetur,
2721 581 2768 626 et
2789 585 3021 632 extrema
3046 562 3225 653 gaudii
3247 583 3415 640 luctus
3449 602 3668 660 occupat
3700 595 3878 667 (Prov.

2299 655 2445 727 xiv);
2495 658 2572 713 illi
2603 664 2868 732 gaudente
2911 672 3114 726 mundo
3155 677 3460 733 contristati
3500 655 3649 751 sunt,
3679 655 3877 746 centris

2299 757 2462 846 stato
2497 755 2672 809 denuo
2729 762 2930 815 mundo
2986 765 3224 834 gavisuri
3280 777 3419 834 sunt,
3471 772 3562 828 isti
3618 781 3878 846 gaudente

2299 843 2497 941 mundo
2521 847 2776 915 gaudent,
2802 853 3119 910 contristato
3147 860 3348 914 mundo
3377 843 3873 941 contristabuntur;

2298 931 2374 986 illi
2403 945 2595 991 euntes
2621 937 2676 991 in
2720 942 2999 1011 mundum,
3030 946 3182 1016 cujus
3226 949 3452 1020 figuram
3477 931 3874 1024 praeteriturani

2296 1031 2679 1100 prmdicabant,
2721 1035 2838 1105 ejus
2885 1042 3084 1097 noxios
3125 1053 3280 1100 actus
3328 1046 3548 1118 ﬂebant,
3597 1057 3874 1116 mittentes

2297 1122 2484 1176 mterni
2519 1123 2727 1182 fructus
2756 1131 2983 1198 semina,
3009 1134 3098 1188 isti
3127 1135 3180 1190 in
3202 1141 3404 1194 mundo
3432 1140 3641 1202 fundati
3670 1149 3739 1206 de
3757 1167 3874 1220 pro-

2298 1212 2555 1312 speritate
2602 1218 2790 1272 mundi
2820 1224 3136 1292 gaudentes,
3184 1229 3563 1299 amplexantur
3595 1212 3874 1308 praesentis

2295 1311 2421 1356 vttae
2447 1319 2736 1376 prospera;
2773 1311 2849 1366 illi
2884 1316 3160 1374 venientes
3187 1321 3251 1375 ad
3271 1319 3536 1390 judicium
3578 1334 3787 1389 venient
3817 1337 3871 1391 in

2296 1395 2673 1464 exsultatione,
2714 1405 2890 1457 securi
2919 1406 2984 1459 de
3014 1417 3217 1463 mterna
3260 1420 3693 1478 remuneratione
3714 1465 3728 1488 ,
3750 1441 3870 1495 por-

2296 1492 2472 1540 tantes
2497 1490 2798 1559 manipulos
2821 1495 3099 1553 hominum
3124 1516 3223 1569 per
3260 1519 3412 1560 suam
3439 1490 3868 1579 praedicationem

2294 1587 2700 1666 conversorum,
2724 1583 2811 1637 isti
2835 1588 3051 1642 venient
3081 1607 3204 1645 cum
3228 1609 3419 1666 magno
3445 1608 3664 1657 trentarc
3691 1606 3872 1660 reddi-

607 1670 734 1725 licet
761 1669 1055 1724 secundum
1079 1667 1319 1736 ejusdem
1348 1669 1562 1723 Domini
1595 1677 1649 1723 et
1678 1668 1972 1723 Salvatoris
2017 1669 2188 1724 nostri
2219 1640 2267 1710 Β
2297 1664 2401 1717 turi
2427 1667 2695 1723 rationem
2720 1689 2947 1742 operum
2975 1693 3215 1735 suorum.
3250 1640 3356 1739 Sed
3378 1690 3511 1758 quid
3531 1640 3875 1763 ampliiigum‘.

605 1759 736 1814 Jesu
783 1759 982 1815 Christi
1016 1761 1422 1816 veracissimum
1452 1761 1840 1826 testimonium,
1877 1760 2029 1815 multi
2069 1779 2189 1832 pro-

603 1853 772 1923 pheta:
801 1862 848 1906 et
881 1869 1022 1922 reges
1052 1851 1322 1906 voluerunt
1349 1853 1519 1907 videre
1571 1870 1688 1924 qua:
1727 1852 1807 1908 illi
1837 1853 2096 1918 videbant,
2139 1863 2188 1909 et

607 1946 794 2000 audire
815 1963 931 2018 qua:
963 1945 1040 2000 illi
1067 1944 1366 2008 audiebant,
1398 1945 1652 2015 quoniam
1686 1945 1928 2000 omnium
1955 1946 2187 2012 patriar-

605 2038 833 2091 charum
869 2045 924 2090 et
966 2035 1353 2106 prophetarum
1382 2035 1585 2104 egregii
1632 2044 1828 2101 cmtus,
1875 2050 2186 2106 quanquam

602 2129 999 2198 redemptorem
1019 2128 1198 2181 mundi
1217 2133 1501 2181 venturum
1523 2141 1622 2194 pro
1647 2126 1819 2180 salute
1846 2127 2030 2182 mundi
2057 2143 2186 2197 pro-

601 2221 798 2292 phetize
823 2220 1046 2290 spiritus
1068 2219 1373 2274 eruditione
1403 2217 1622 2283 scirent,
1653 2233 1883 2286 eumque
1913 2219 2186 2274 interioris

602 2314 832 2369 intuitus
869 2313 1026 2370 oculo
1051 2312 1447 2382 quodammodo
1495 2321 1800 2377 cernerent,
1849 2324 1971 2365 eum
2003 2320 2183 2374 tamen

602 2420 766 2475 quem
811 2405 1183 2475 corporaliter.
1207 2410 1494 2460 venturum
1534 2403 1795 2466 sciebant,
1829 2405 2185 2474 corporaliter

598 2514 824 2555 cernere
853 2498 1176 2552 aestuabant.
1209 2494 1310 2560 Qui
1348 2495 1475 2549 dum
1501 2502 1583 2550 tot
1615 2497 1932 2554 meritorum
1958 2496 2185 2567 insigni-

597 2591 701 2645 bus
728 2589 1025 2649 emineant,
1066 2595 1251 2656 totque
1286 2587 1677 2641 beatitudinum
1715 2587 2029 2642 excellentia
2061 2588 2181 2656 pol.-

595 2685 768 2748 Ieant,
801 2683 1074 2738 incassum
1104 2682 1184 2737 eis
1226 2681 1302 2736 illi
1331 2696 1560 2750 quorum
1589 2697 1803 2738 errores
1830 2682 2176 2746 discutimus,

595 2777 954 2844 imperatores
984 2789 1112 2829 suos
1137 2775 1441 2830 assimilare
1469 2774 1742 2830 affectant.
1777 2775 2006 2844 Liquido
2027 2791 2180 2836 nam—

594 2883 700 2937 que
722 2874 873 2936 patet
902 2866 1175 2936 apostolos
1208 2867 1488 2936 prophetis
1514 2867 1769 2936 praelatos
1799 2881 1950 2932 esse;
1981 2866 2027 2922 si
2052 2880 2182 2936 apo-

593 2959 749 3014 stolis
775 2958 1137 3027 imperatores
1180 2972 1390 3020 eorum,
1439 2966 1498 3010 ut
1526 2957 1602 3012 illi
1635 2957 1942 3023 somniant,
1975 2955 2182 3012 similes

593 3059 740 3117 sunt,
796 3051 1075 3121 prophetis
1124 3049 1510 3118 praeferuntur,
1543 3048 1636 3117 qui
1681 3048 1980 3113 Christum,
2017 3063 2182 3117 quem

594 3143 952 3213 corporaliter
978 3149 1267 3196 venturum
1297 3141 1560 3203 sciebant,
1587 3139 1943 3209 corporaliter
1967 3154 2076 3194 non
2101 3139 2180 3194 vi-

593 3235 790 3291 derunt
805 3253 818 3301 ;
836 3235 879 3289 si
893 3234 1171 3304 prophetis
1185 3231 1562 3301 praaferuntur,
1583 3232 1979 3299 redemptorem
1993 3229 2178 3285 mundi

591 3327 950 3396 corporaliter
993 3325 1275 3383 viderunt;
1326 3323 1722 3392 redemptorem
1771 3330 1952 3378 autem
1990 3322 2178 3382 mundi

591 3433 687 3474 eos
699 3416 1054 3486 corporaliter
1074 3430 1180 3470 non
1199 3413 1414 3477 vidisse,
1433 3413 1834 3467 evidentissime
1861 3421 2042 3480 patet:
2070 3425 2178 3468 non

588 3511 758 3581 igitur
777 3507 1057 3578 prophetis
1082 3507 1440 3573 imperatores
1463 3519 1652 3557 eorum
1674 3502 2054 3570 prieferuntur,
2076 3517 2178 3556 nec

589 3583 869 3667 apostolis,
901 3605 962 3648 ut
990 3595 1067 3648 illi
1101 3595 1305 3655 dicunt,
1338 3593 1544 3646 similes
1567 3601 1714 3646 sunt.
1739 3592 2022 3658 Quomodo
2045 3609 2177 3664 ergo

590 3686 852 3757 apostolis
880 3692 1081 3752 queant
1110 3680 1430 3744 assimilari,
1451 3696 1574 3735 cum
1602 3697 1712 3737 non
1738 3682 1912 3736 solum
1938 3698 2046 3745 non
2068 3683 2177 3746 sint

589 3779 672 3834 eis
697 3776 965 3831 similibus
991 3773 1204 3828 meritis
1240 3773 1575 3842 aequiparati,
1611 3773 1883 3842 similique
1924 3775 2177 3828 sanctita-

590 3871 661 3926 tis
706 3869 882 3924 nitore
909 3866 1143 3940 prmditi,
1178 3880 1365 3919 verum
1389 3865 1550 3919 etiam
1578 3881 1766 3922 eorum
1791 3865 2174 3920 sacratissimis

587 3962 1066 4034 praedicationibus
1111 3961 1167 4015 in
1211 3959 1458 4030 pluribus
1493 3959 1777 4016 videantur
1819 3957 2024 4024 obniti?
2066 3956 2176 4012 Ant

586 4052 859 4124 quomodo
884 4058 1141 4122 poterunt
1172 4065 1361 4106 eorum
1399 4065 1519 4104 esse
1546 4050 1774 4116 similes,
1809 4065 2042 4119 quorum
2081 4066 2175 4105 ne-

587 4148 796 4220 gligunt
832 4161 952 4201 esse
980 4137 1277 4216 sequaces?
1301 4142 1381 4198 llli
1407 4143 1597 4198 sectati
1625 4149 1750 4197 sunt
1772 4142 2016 4198 cmlestia
2045 4155 2172 4213 per-

585 4241 862 4310 petimque
875 4253 1150 4302 mansura,
1178 4235 1268 4291 isti
1292 4243 1569 4289 sectantur
1585 4235 1866 4289 terrestria
1879 4249 2105 4303 quaeque
2117 4240 2173 4288 et

2205 2997 2254 3070 C

2294 1760 2609 1854 moraniur?
2639 1762 2766 1830 quid
2797 1765 3007 1836 longius
3033 1777 3358 1842 evagamur?
3385 1780 3514 1849 quid
3554 1760 3869 1854 devingenti—

2289 1844 2395 1903 bus
2439 1848 2591 1908 silvis
2637 1855 2879 1911 modicos
2922 1857 3084 1916 ﬂores
3132 1844 3468 1935 colligimus,
3502 1844 3730 1940 quorum
3775 1890 3874 1931 nec

2291 1941 2639 2000 millesimam
2655 1948 2870 2018 quidem
2887 1959 3093 2020 partem
3120 1956 3368 2027 colligere
3398 1962 3676 2018 valemus?
3703 1963 3874 2021 Tanta

2292 2038 2376 2126 est
2412 2033 2668 2090 distantia
2698 2039 2841 2093 inter
2866 2044 3136 2111 apostolos
3157 2054 3210 2100 et
3241 2047 3631 2122 imperatores,
3677 2068 3879 2126 quanta

2291 2119 2437 2177 inter
2481 2133 2696 2184 sanctos
2743 2138 2798 2184 et
2830 2142 3160 2199 peccatores,
3211 2145 3415 2190 etcum
3465 2119 3714 2208 apostoli
3749 2148 3881 2200 emi~

2276 2223 2457 2272 neant
2499 2219 2622 2272 novi
2661 2222 2964 2273 testamenti
3004 2225 3202 2276 sanctis
3232 2227 3515 2294 onmibus,
3545 2233 3722 2286 multo
3768 2253 3884 2290 am-

2288 2305 2426 2378 plius
2467 2307 2706 2361 eminere
2746 2310 3036 2366 creduntur
3075 2317 3473 2382 peccatoribus.
3514 2319 3561 2375 Ο
3615 2323 3879 2392 adulatio,

2271 2395 2384 2448 'cur
2412 2402 2558 2448 tanta
2598 2398 2914 2466 praesumis?
2945 2398 2989 2455 Ο
3024 2401 3200 2456 oleum
3225 2409 3477 2464 rancoris
3524 2413 3711 2480 potius
3747 2432 3880 2473 exu-

2285 2481 2484 2539 berans
2501 2485 2768 2553 nidorem,
2785 2503 2948 2556 quam
2973 2489 3213 2546 lenitatis
3235 2504 3326 2549 aut
3341 2500 3588 2558 nectaris
3612 2504 3875 2561 nitorem!

2286 2587 2317 2626 a
2349 2576 2720 2632 sacerdotibus
2758 2580 3026 2647 vcnderis,
3059 2597 3090 2636 a
3137 2585 3460 2652 praesulibus
3502 2590 3556 2643 in
3603 2592 3878 2652 lectorum

2287 2665 2644 2732 quorumdam
2675 2669 2850 2736 capita
2881 2670 3063 2735 illinis,
3095 2679 3148 2725 et
3175 2675 3315 2743 quod
3342 2676 3610 2749 Propheta
3637 2684 3738 2738 sibi
3781 2688 3877 2742 ad-

2287 2754 2466 2808 hiberi
2495 2757 2778 2812 exhorruit
2803 2775 2816 2810 :
2869 2758 3079 2826 Oleum,
3108 2762 3380 2832 inquiens,
3413 2783 3742 2828 peccatorum
3769 2793 3874 2830 non

2285 2845 2570 2919 impingite!
2589 2859 2741 2920 caput
2769 2867 2938 2905 meum
2958 2851 3130 2922 (Psal.
3152 2854 3316 2926 cxu),
3347 2857 3399 2911 id
3427 2861 3742 2928 pontificum
3763 2883 3873 2924 etn-

2289 2944 2377 3026 tus
2398 2938 2783 3008 imperatorum
2806 2942 3071 3009 capitibus
3100 2943 3256 3012 indit,
3292 2955 3346 3001 et
3381 2951 3521 3018 quod
3549 2958 3871 3026 evangelicae

2284 3025 2522 3096 virgines
2543 3030 2828 3084 emendum
2844 3031 3098 3088 dixerunt
3123 3050 3154 3089 a
3179 3039 3568 3108 venditoribus,
3584 3025 3709 3112 hoc,
3735 3051 3870 3121 proh

2283 3115 2474 3170 dolor!
2505 3117 2689 3172 ﬁdeles
2728 3127 2782 3172 et
2819 3121 3056 3190 maxime
3088 3127 3274 3194 populi
3321 3139 3562 3188 rectores
3603 3115 3794 3194 emunt
3839 3156 3870 3195 a

2279 3205 2624 3276 praesulibus.
2662 3207 2816 3275 Quod
2862 3225 2992 3280 ergo
3022 3229 3090 3269 ex
3127 3216 3318 3272 eodem
3353 3220 3590 3291 Spiritu,
3621 3225 3675 3280 id
3703 3237 3789 3284 est
3843 3245 3870 3284 a

2259 3302 2471 3356 sancto
2508 3301 2732 3371 Spiritu,
2780 3305 2995 3359 eosdem
3048 3308 3433 3388 imperatores,
3473 3319 3770 3386 prudentes
3819 3334 3874 3377 et

2282 3392 2506 3447 idoneos
2532 3392 2704 3448 factos
2738 3409 2859 3451 esse
2883 3398 3081 3453 virtute
3107 3401 3172 3455 ad
3195 3403 3578 3472 perfectionem
3611 3425 3770 3465 suam
3796 3413 3873 3466 fa-

2282 3492 2485 3548 tentur,
2534 3485 2883 3543 manifestum
2926 3500 3009 3545 est
3034 3507 3222 3548 omnes
3254 3495 3433 3554 fideles
3467 3499 3558 3568 qui
3591 3489 3874 3560 veraciter

2279 3573 2572 3629 Christiani
2603 3586 2759 3645 sunt,
2791 3591 3037 3636 sanctum
3081 3583 3280 3641 habere
3328 3587 3606 3660 Spiritum,
3653 3593 3873 3652 dicente

2253 3663 2574 3748 'Apostolo:
2625 3669 2873 3744 Quisquis
2913 3675 3169 3747 Spiritum
3200 3680 3396 3736 Christi
3433 3699 3540 3737 non
3580 3688 3756 3754 habet,
3785 3690 3871 3744 hic

2279 3771 2385 3809 non
2410 3769 2484 3811 est
2515 3759 2628 3830 ejus
2661 3761 2841 3833 (Rom.
2872 3765 3018 3837 vnn).
3043 3770 3186 3838 quod
3213 3771 3446 3842 Spiritus
3479 3778 3870 3836 sanctidonum

2279 3855 2334 3903 et
2354 3858 2478 3919 post
2502 3851 2828 3922 baptismum
2851 3871 2950 3926 per
2982 3874 3171 3926 manus
3199 3863 3602 3934 impositionem
3629 3867 3870 3926 infundi-

2247 3954 2388 4023 .tur,
2427 3958 2483 4004 et
2511 3951 2634 4008 vita:
2660 3953 2923 4008 munditia
2954 3957 3253 4023 secundum
3300 3964 3621 4020 meritorum
3656 3966 3868 4022 distan-

2250 4041 2413 4112 tiam
2441 4043 2669 4115 singulis
2712 4044 3073 4117 distribuitur,
3123 4051 3339 4106 dicente
3370 4069 3496 4111 vase
3533 4055 3822 4113 electionis
3853 4075 3867 4112 :

2279 4133 2572 4208 Unicuique
2602 4122 2729 4192 data
2763 4148 2836 4194 est
2866 4141 3038 4210 gratia
3061 4143 3349 4198 secundum
3371 4163 3668 4202 musarum
3693 4148 3863 4224 (Eph.

2275 4230 2375 4298 ιν).
2403 4228 2720 4301 Quanquam
2767 4231 2929 4302 igitur
2958 4233 3013 4288 in
3053 4234 3158 4292 alio
3205 4235 3326 4293 loco
3365 4240 3636 4296 scribatur
3673 4259 3692 4296 ι
3740 4241 3863 4296 Non

587 4329 822 4394 caduca;
849 4327 949 4393 illi,
965 4335 1157 4397 spreto.
1174 4327 1396 4388 mundo,
1421 4325 1650 4380 Domino
1663 4326 1941 4381 adhaerere
1965 4325 2176 4398 malue-q
2274 4322 2412 4376 enim
2439 4323 2507 4380 ad
2530 4339 2832 4378 mensuram
2857 4326 2948 4379 dat
2972 4324 3114 4382 Deus
3149 4326 3408 4400 Spiritum
3434 4332 3616 4404 (Joan.
3645 4334 3761 4405 ιιι),
3794 4334 3861 4388 ad

586 4430 735 4488 runt,
771 4421 862 4476 isti
894 4420 1080 4475 mundi
1109 4417 1320 4487 pompis
1346 4416 1570 4483 ejusque
1608 4416 1803 4471 fumeis
1829 4417 2039 4482 gaudiis
2074 4417 2169 4472 ad-

585 4513 876 4577 haerentes,
902 4510 1220 4581 plerumque
1239 4508 1452 4562 Domini
1480 4518 1752 4578 praecepta
1777 4517 2067 4578 spernunt;
2106 4511 2170 4564 il-

556 4605 628 4658 li
685 4601 1119 4672 persecutionem
1169 4608 1397 4670 propter
1435 4600 1708 4670 justitiam
1770 4601 2118 4670 patiebantur
2151 4642 2166 4666 ,

585 4695 680 4751 isti
700 4693 1019 4766 plerumque
1043 4700 1268 4764 propter
1294 4691 1617 4760 injustitiam
1636 4701 2064 4764 persequuntur;
2092 4693 2168 4748 illi

559 4787 944 4844 ‘tradebantur
961 4785 1019 4840 in
1045 4783 1310 4851 conciliis,
1339 4791 1394 4840 et
1420 4784 1832 4854 ﬂagellabantur
1857 4786 1916 4840 in
1940 4800 2170 4856 synago—

586 4881 687 4952 gis,
722 4879 813 4936 isti
836 4879 1201 4951 praedicantur
1228 4877 1285 4932 in
1311 4877 1566 4947 subjectis
1595 4877 1846 4941 urbibus,
1873 4883 1928 4930 et
1969 4877 2169 4932 collau-

586 4977 784 5031 dantur
831 4975 886 5030 in
936 4973 1184 5046 populis;
1237 4972 1454 5028 illorum
1497 4969 1742 5039 epistolae
1789 4977 2004 5023 aeternae
2044 4969 2169 5023 vitae

556 5071 558 5076 ’
587 5065 916 5122 commercia
946 5075 1197 5135 gerentes
1243 5063 1582 5118 ducebantur
1627 5057 1866 5128 legenda:
1898 5074 1996 5128 per
2038 5075 2166 5129 pro-

585 5157 794 5212 vincias
820 5163 876 5211 et
900 5157 1169 5227 regiones,
1199 5153 1429 5208 istorum
1453 5152 1719 5222 imagines
1747 5163 1803 5208 et
1823 5153 2025 5225 elligies
2046 5169 2170 5224 gen-

586 5249 796 5306 tilicum
825 5254 882 5303 et
923 5247 1227 5303 obsoletum
1270 5244 1556 5314 quemdam
1603 5257 1843 5303 errorem
1869 5247 2168 5303 referentes

587 5346 878 5402 adoranda:
905 5340 1364 5399 circumferuntur
1386 5357 1484 5412 per
1508 5343 1657 5400 vicos
1691 5353 1746 5400 et
1783 5347 2056 5413 civitates;
2091 5347 2168 5402 illi

586 5439 732 5494 beati
763 5437 879 5492 fore
903 5451 934 5490 a
960 5435 1186 5490 Domino
1210 5435 1340 5490 dicti
1366 5445 1511 5502 sunt,
1541 5453 1663 5490 cum
1695 5453 1785 5489 ens
1812 5440 2052 5493 odissent
2074 5440 2169 5494 ho—

589 5533 797 5594 mines,
828 5537 884 5584 et
917 5529 1188 5597 persecuti
1212 5529 1460 5593 fuissent,
1495 5539 1549 5584 et
1572 5546 1732 5584 omne
1753 5532 1950 5586 malum
1975 5534 2167 5588 adver-

561 5625 568 5634 '
596 5629 688 5670 sus
724 5632 820 5673 eos
846 5620 1170 5676 mentientes
1192 5620 1477 5689 dixissent,
1500 5623 1591 5679 isti
1617 5623 1672 5679 in
1694 5639 1760 5681 eo
1783 5641 1842 5684 se
1860 5629 2048 5692 beatos
2063 5649 2166 5709 pu-

2275 4430 2588 4482 mensuram
2637 4424 2818 4476 tamen
2868 4416 3119 4476 fidelibus
3171 4421 3476 4492 quibusque
3519 4425 3858 4495 imper-titur;

2253 4506 2419 4578 (quod
2444 4513 2626 4560 autem
2655 4505 2733 4562 ait
2763 4519 2777 4560 :
2822 4504 2948 4562 Non
2976 4508 3114 4566 enim
3161 4509 3228 4574 ad
3262 4527 3562 4577 mensuram
3599 4514 3690 4567 dat
3718 4515 3862 4569 Deus

2248 4583 2561 4668 Spiritum,
2623 4598 2726 4654 hoc
2753 4599 2820 4654 de
2845 4598 2959 4658 solo
2980 4599 3120 4658 Filio
3143 4601 3235 4671 qui
3277 4603 3753 4664 consubstantialis
3774 4614 3863 4660 est

2272 4689 2424 4747 Patri
2468 4701 2524 4770 et
2567 4691 2791 4762 Spiritui
2843 4703 3032 4750 sancto
3085 4696 3422 4767 intelligatur,
3473 4694 3562 4754 cui
3620 4711 3737 4754 non
3789 4697 3862 4752 ad

2272 4797 2580 4838 mensuram
2604 4784 2826 4852 spiritus
2845 4787 3041 4856 datur,
3083 4789 3334 4862 quoniam
3362 4785 3514 4858 juxta
3548 4783 3708 4844 Pauli
3759 4803 3863 4848 vo-

2243 4887 2390 4928 cem
2437 4890 2450 4926 :
2483 4872 2552 4927 In
2581 4873 2691 4943 ipso
2728 4875 2966 4933 habitare
3007 4880 3348 4953 corporaliter
3391 4879 3556 4938 omnis
3584 4879 3861 4952 plenitudo

2272 4964 2559 5022 divinitatis
2586 4970 2817 5030 creditur
2855 4972 2992 5044 (Col.
3018 4977 3102 5049 ιι).
3128 4977 3286 5045 Quod
3312 4987 3496 5045 autem
3537 4978 3610 5034 ad
3639 4994 3860 5042 mensu-

2273 5072 2391 5114 ram
2445 5059 2562 5114 dari
2588 5060 2818 5130 Spiritus
2867 5074 2922 5120 et
2968 5068 3194 5140 singulis
3241 5071 3454 5142 singula
3507 5071 3847 5137 distribuere,

2243 5208 2246 5212 _
2268 5158 2431 5220 prout
2452 5151 2586 5218 vult,
2627 5153 2845 5222 dicitur,
2892 5158 2996 5215 hoc
3025 5160 3090 5216 de
3132 5160 3382 5222 ﬁdelibus
3421 5163 3729 5235 quibusque
3774 5163 3855 5219 di-

2271 5253 2419 5301 ctum
2443 5259 2566 5301 esse
2588 5247 2791 5318 absque
2812 5251 3168 5320 ambiguitate
3189 5256 3476 5324 accipitur.
3522 5255 3632 5312 Sed
3664 5270 3857 5328 quam—

2271 5335 2354 5392 vis
2385 5353 2820 5412 unumquemque
2844 5343 3235 5400 catbolicorum
3269 5355 3484 5417 constet
3510 5349 3716 5403 habere
3743 5346 3860 5417 Spi—

2244 5430 2437 5486 ritum
2467 5433 2905 5502 sanctum,juxta
2945 5437 3087 5506 quod
3129 5441 3380 5509 superius
3438 5441 3860 5496 memoravimus

2269 5532 2325 5580 ot
2345 5525 2603 5594 exemplis
2631 5525 3033 5594 illustravimus,
3062 5531 3272 5586 nullum
3304 5539 3484 5588 tamen
3514 5544 3713 5588 nostra
3735 5541 3870 5586 aita-

2237 5667 2251 5685 λ
2270 5624 2342 5686 tis
2369 5621 2644 5683 hominem
2665 5623 2962 5690 secundum
2998 5626 3310 5710 apostolica
3335 5624 3871 5709 ωβιιδψωλτειιὶίιιιι
