4008 6154
373 162 409 175 ι,
452 170 522 187 ..⁸-

139 196 293 263 i239

916 195 1098 257 LIBRI
1131 196 1477 260 GAROLINI.
1511 234 1585 250 —
1612 205 1836 266 CAPIT.
1874 210 1964 269 DE
1999 213 2299 276 11486-
2333 220 2463 281 LIB.
2502 221 2592 281 IV.

3243 225 3384 297 T23?)

136 308 399 413 §piritum
700 307 977 381 accepisse
1203 312 1480 384 audemus,
1508 323 1603 372 aut
1628 316 1712 372 κί’-
1730 325 1789 385 Α
1810 335 1956 413 reus,
1978 333 2074 382 aut
2089 326 2350 386 Betsabee
2375 332 2717 393 Salomouem
2739 349 2974 411 jactans,
3003 356 3095 403 aut
3116 348 3390 413 Elisabeth

134 400 353 461 ﬁrmare
378 400 640 458 valemus.

720 555 950 614 CAPUT
985 556 1134 615 XXI.

132 684 290 766 Βεςο
324 687 465 768 quod
490 688 741 774 dixerunt
762 706 783 771 ς
1023 691 1174 774 enim
1223 694 1507 774 prophetia
1530 712 1546 752 :
1574 697 1712 774 Ecce

202 763 343 828 virgo
385 763 440 812 in
484 769 629 813 utero
659 763 897 841 accipiet,
923 771 971 842 et
1013 763 1177 843 pariet
1214 763 1387 831 lilium
1421 766 1556 838 (Ian.
1588 770 1709 840 vn),

199 826 547 908 bancautem
568 832 915 908 prophetiam
930 847 983 908 in
1010 847 1298 908 Imaginem
1323 851 1421 891 nos
1442 837 1704 908 videntes,

197 898 454 978 videlicet
480 898 827 978 virginemin
864 902 1004 956 ulnis
1028 898 1288 978 ferentem
1318 920 1475 973 quem
1501 898 1717 978 genuit,’

236 970 470 1023 uomodo
511 972 891 1025 sustinebimus
923 988 1030 1025 non
1065 973 1292 1028 adorare
1333 970 1388 1030 et
1431 970 1710 1034 osculari?

236 981 470 1023 uomono
511 981 891 1025 sustinebimus
923 988 1030 1025 non
1065 981 1292 1028 adorare
1333 985 1388 1030 et
1431 981 1708 1034 osculari?

195 981 336 1103 ὃιιὶε
372 1039 794 1109 iudisciplinatus
822 1051 1000 1096 mente
1045 1043 1299 1099 resistere
1345 1049 1605 1101 audebit?
1648 1050 1708 1104 In

197 1108 575 1181 taleosculuui
612 1111 796 1180 dignos
849 1113 997 1166 enim
1031 1115 1277 1181 nosipsos
1318 1115 1578 1172 faciamus
1614 1121 1706 1174 ad—

194 1179 479 1259 orationis,
517 1189 575 1234 ut
614 1179 722 1235 non
761 1183 1079 1238 accedentes
1103 1179 1305 1256 indigni
1335 1186 1459 1243 01:13
1506 1190 1710 1259 suppli-

193 1248 344 1303 cium
366 1251 673 1307 subeamus.
765 1280 770 1284 ~

190 1379 504 1453 Prophetia,
558 1399 677 1453 quae
705 1384 973 1456 virginem
1023 1396 1407 1459 concepturam
1450 1397 1504 1445 et
1534 1391 1706 1447 ﬁlium

122 1475 421 1543 parituram
451 1476 678 1543 intonat,
710 1494 816 1531 non
852 1477 963 1547 jam
1010 1480 1062 1534 in
1090 1481 1311 1536 incertis
1358 1490 1414 1536 et
1442 1484 1706 1554 ambiguis

122 1575 203 1622 est
228 1570 536 1637 qumrenda,
571 1571 665 1623 sed
706 1570 758 1623 in
788 1581 1003 1640 pectore
1035 1574 1335 1637 retinenda,
1362 1590 1463 1631 nec
1488 1575 1602 1643 ejus
1622 1593 1709 1631 ar-

127 1671 260 1711 cana
292 1659 552 1730 mysteria
577 1668 702 1714 sunt
741 1662 794 1714 in
818 1663 1063 1731 picturis,
1092 1664 1185 1718 sed
1208 1665 1263 1718 in
1292 1666 1489 1720 divinis
1514 1668 1707 1724 litteris
1735 1677 1787 1739 Β

121 1762 422 1820 earumque
450 1751 905 1819 explanatoribus,
937 1755 1191 1827 apostolis
1221 1757 1468 1813 videlicet
1496 1774 1711 1816 eorum-

120 1859 230 1916 que
269 1845 689 1911 successoribus,
723 1845 1110 1918 invesﬁganda,
1137 1856 1190 1903 et
1216 1849 1320 1904 ﬁde
1341 1852 1518 1920 potius
1546 1868 1707 1921 quam

118 1934 298 1988 oculis
347 1934 621 1989 intuenda.
656 1934 775 1990 Non
811 1938 957 1991 cnim
989 1938 1128 1993 idem
1167 1941 1531 2010 nobilissimus
1560 1951 1709 1999 vates

117 2023 289 2080 Isaias
316 2025 589 2096 Evangelii
618 2028 775 2081 nobis
810 2029 990 2099 potius
1015 2045 1174 2100 quam
1226 2032 1519 2103 prophetia:
1566 2034 1711 2089 refe-

117 2131 249 2171 rens
271 2133 519 2188 saporem
543 2120 617 2172 ait
643 2136 655 2172 :
684 2118 795 2173 Nisi
828 2120 1112 2190 pinxeritis
1126 2130 1180 2174 et
1202 2124 1557 2178 adoraveritis
1576 2124 1731 2178 ima--

120 2209 292 2281 gines,
316 2225 422 2264 non
445 2212 832 2282 permanebitis
848 2229 862 2277 ;
906 2212 1001 2267 sed
1026 2213 1120 2277 ait,
1152 2211 1215 2267 Si
1235 2230 1338 2268 non
1367 2215 1708 2282 credideritis,

122 2314 225 2352 non
244 2298 612 2370 permanebitis
641 2296 775 2371 (lsa.
829 2298 947 2369 vn).
986 2298 1328 2355 Manifestum
1387 2301 1571 2372 itaque
1601 2311 1707 2369 est,

113 2397 246 2441 eum
286 2388 463 2457 quiin
513 2388 781 2444 mandatis
830 2389 1025 2445 divinis
1078 2390 1203 2446 ﬁdei
1246 2392 1557 2462 integritate
1592 2394 1710 2449 vult

117 2492 463 2549 permanere,
495 2487 549 2533 et
578 2480 644 2533 ad
679 2486 938 2532 :eternam
973 2481 1468 2535 remunerationem
1497 2482 1721 2550 venire,

120 2567 489 2623 instrumenta
520 2582 618 2638 per
651 2584 771 2638 quae
806 2569 873 2622 ad
899 2569 1013 2623 haec
1038 2570 1221 2623 veniat
1248 2585 1356 2624 non
1404 2571 1459 2624 in
1486 2572 1710 2641 parieti-

119 2659 242 2725 bus,
274 2676 384 2714 non
414 2660 468 2715 in
503 2659 718 2727 tabulis,
754 2675 862 2715 non
899 2661 954 2715 in
982 2660 1225 2731 picturis,
1253 2677 1363 2716 non
1392 2662 1446 2716 in
1482 2664 1705 2731 quibus-

120 2751 253 2807 libet
299 2751 603 2807 visibilibus
640 2752 822 2816 rebus,
878 2751 974 2806 sed
1013 2752 1069 2805 in
1101 2753 1261 2807 corde
1290 2767 1387 2822 per
1431 2751 1611 2818 ﬁdem,
1651 2754 1710 2809 in

122 2860 218 2899 ore
233 2858 335 2914 per
362 2842 774 2906 confessionem,
809 2843 865 2898 in
893 2858 1055 2914 opere
1075 2859 1172 2915 per
1193 2845 1457 2900 bonorum
1487 2854 1708 2903 actuum

131 2934 525 2989 exhibitionem
559 2935 759 2990 habere
781 2935 997 3000 debere,
1050 2942 1104 2989 et
1158 2937 1380 2991 credere
1442 2934 1705 3006 virginem

120 3038 242 3094 quae
267 3022 605 3079 Salvatorem
630 3024 852 3095 protulit
875 3024 1075 3087 mundi,
1105 3040 1212 3078 non
1238 3024 1291 3079 in
1316 3026 1708 3082 mundanorum
1733 3024 1783 3090 ο

124 3112 393 3168 artiﬁcum
439 3114 710 3183 operibus,
745 3114 838 3168 sed
880 3114 933 3168 in
980 3114 1168 3168 aeterni
1218 3121 1273 3169 et
1319 3114 1701 3173 inenarrabilis

124 3202 345 3258 artiﬁcis
384 3217 570 3277 opere,
613 3204 667 3257 id
700 3211 803 3269 est,
854 3204 910 3258 in
959 3204 1269 3260 cmlestibus
1299 3207 1515 3261 sedibus
1561 3222 1699 3263 esse.

126 3292 275 3349 Unde
324 3309 547 3350 necesse
580 3303 662 3349 est
724 3301 785 3349 ut
831 3295 1075 3365 quisquis
1128 3311 1250 3350 eam
1302 3297 1527 3351 adorare
1566 3297 1708 3351 desi-

124 3383 290 3449 derat,
342 3401 452 3440 non
498 3385 553 3439 in
601 3384 842 3439 colorum
891 3384 1047 3452 fucis,
1100 3386 1288 3440 nonin
1338 3386 1707 3442 materialibus

124 3473 364 3543 Opiﬁciis,
408 3489 516 3529 non
557 3474 613 3527 in
642 3474 969 3543 quibuslibet
994 3475 1249 3542 ofﬁcinis,
1284 3478 1376 3531 sed
1407 3475 1500 3531 illo
1549 3492 1705 3531 men-

125 3561 190 3617 tis
218 3565 392 3616 aciem
422 3563 570 3631 ﬁgat,
602 3578 708 3632 quo
727 3578 848 3618 eam
891 3580 1013 3618 cum
1059 3565 1276 3620 Christo
1312 3581 1537 3637 regnare
1577 3582 1707 3621 con-

120 3662 251 3709 stat.
282 3652 420 3707 Nam
449 3654 576 3707 dum
602 3653 678 3706 illi
708 3653 974 3708 dixerint:
1008 3653 1162 3710 Hanc
1189 3665 1362 3710 autem
1379 3658 1706 3730 praphetiam

121 3750 174 3803 in
212 3750 497 3821 imaginem
522 3763 614 3801 nos
641 3748 886 3811 videntes,
923 3748 1153 3802 videlicet
1178 3749 1427 3819 virginem
1462 3750 1518 3804 in
1564 3750 1706 3805 ulnis

120 3836 369 3909 ferentem
393 3854 542 3907 quem
556 3838 755 3907 genuit,
781 3836 1040 3906 quomodo
1071 3837 1435 3892 austinebimua
1471 3855 1574 3893 non
1609 3839 1708 3893 ad-

120 3943 273 3982 orare
305 3938 354 3982 et
383 3928 651 3983 osculari?
684 3927 815 3994 Quis
842 3927 1259 3998 indisciplinatus
1286 3939 1451 3984 mente
1474 3933 1706 3986 resistere

123 4021 371 4076 audebit?
400 4029 455 4075 et
484 4036 583 4076 nos
619 4036 759 4092 pene
785 4021 974 4076 eadem
1008 4021 1171 4076 verba
1204 4036 1359 4087 sono,
1385 4037 1492 4076 non
1523 4037 1703 4092 sensu,

126 4114 287 4169 secuti
316 4115 633 4185 ingerimus.
658 4113 811 4169 Hanc
834 4120 1011 4168 autem
1040 4114 1307 4184 picturam
1331 4114 1384 4168 in
1414 4115 1591 4169 tabula
1614 4122 1706 4173 aut

125 4204 326 4271 pariete
348 4212 656 4269 cernentes,
690 4203 959 4274 virginem
986 4203 1235 4259 videlicet
1273 4204 1535 4274 depictam
1569 4220 1701 4277 pue-

126 4308 241 4348 rum
279 4295 331 4350 in
358 4296 503 4351 ulnis
540 4295 827 4362 ferentem,
860 4296 1131 4365 quomodo
1170 4312 1558 4366 praesumemus
1585 4312 1703 4352 rem

126 4386 451 4447 insensatam
488 4391 733 4457 adorare,
771 4397 825 4444 et
858 4405 993 4461 opus
1026 4389 1311 4460 cujuslibet
1350 4390 1575 4446 artiﬁcis
1611 4406 1700 4446 os-

128 4479 336 4532 culari?
373 4480 507 4546 Quis
541 4481 967 4550 indisciplinatus
995 4482 1102 4537 tale
1140 4480 1351 4538 facinus
1386 4489 1702 4554 perpetrare

128 4566 361 4634 audebit,
388 4576 451 4623 ut
482 4566 844 4626 adorationem
882 4571 980 4625 soli
1008 4572 1240 4626 creatori
1269 4572 1506 4625 debitam
1546 4587 1701 4627 crea-

129 4657 260 4714 turis
298 4659 592 4732 impendat,
624 4668 677 4714 et
707 4662 832 4716 dum
868 4661 982 4716 vult
1034 4661 1215 4716 favere
1243 4661 1490 4731 picturis,
1530 4662 1700 4717 sacris

130 4750 384 4808 renitatur
404 4752 734 4822 Scripturis?
749 4751 898 4819 Esto,
930 4753 1108 4823 imago
1135 4752 1341 4809 sanctae
1357 4753 1453 4809 Dei
1479 4752 1703 4823 genitri-

131 4842 203 4897 cis
249 4844 519 4902 adoranda
575 4853 678 4911 est,
736 4846 880 4901 unde
929 4846 1070 4902 scire
1119 4861 1404 4916 possumus
1450 4861 1569 4914 quae
1631 4845 1702 4901 sit

130 4933 240 5002 ejus
262 4938 456 5010 imago,
486 4945 580 4993 aut
606 4939 801 5008 quibus
826 4938 1041 4994 iudiciis
1082 4955 1114 4994 a
1141 4940 1353 4995 creteris
1377 4939 1702 5010 imaginibus

131 5023 443 5084 tirimatur?
476 5029 674 5099 quippe
716 5042 840 5083 cum
880 5026 1027 5081 nulla
1074 5028 1130 5082 in
1166 5029 1418 5083 omnibus
1455 5027 1703 5083 differen-

130 5114 197 5168 tia
220 5128 413 5186 praater
443 5119 712 5175 artiﬁcum
739 5119 1152 5187 experientiam,
1188 5128 1243 5176 et
1288 5135 1476 5176 eorum
1508 5119 1703 5189 quibus

130 5220 409 5279 operentur
449 5209 685 5279 Opiﬁcia,
720 5210 1178 5280 materiarumque
1209 5211 1522 5281 qualitatem
1556 5210 1705 5263 inve-

129 5298 325 5353 uiatur.
360 5299 498 5353 Cum
524 5313 650 5368 ergo
677 5299 944 5368 depictam
975 5301 1259 5370 pulchram
1297 5300 1584 5367 quamdam
1628 5296 1706 5352 fe-

127 5390 329 5442 minam
368 5402 595 5458 puerum
631 5389 686 5442 in
712 5389 857 5445 ulnis
884 5399 1067 5445 tenere
1100 5390 1392 5453 cernimus,
1426 5389 1471 5442 si
1515 5404 1703 5459 super-

128 5477 353 5546 scriptio
382 5477 617 5532 necdum
659 5477 805 5533 facta
830 5480 922 5542 sit,
961 5488 1053 5533 aut
1089 5477 1361 5549 quondam
1392 5474 1535 5529 facta
1581 5491 1707 5532 casu

129 5565 361 5638 (prodam
391 5566 672 5636 demolita,
698 5578 805 5640 'qua
832 5570 1097 5633 industria
1120 5570 1431 5625 discernere
1452 5566 1707 5638 valemus,

133 5654 309 5729 mrum
338 5654 478 5715 Sara
507 5654 579 5721 sit
600 5657 753 5719 Isaac
774 5666 991 5730 tenens,
1025 5663 1117 5717 au’t
1145 5657 1395 5717 Rebecca
1427 5654 1592 5716 Iacob
1632 5657 1710 5719 fe-

1812 410 2073 473 Joauuem
2128 420 2393 490 bajulans,
2434 435 2526 480 aut
2571 410 2823 499 quaelibet
2871 410 3065 495 mulier
3107 410 3392 511 parvulum

1812 518 1969 563 suum
1998 516 2247 607 tenens?
2281 516 2350 570 Et
2378 525 2437 571 ut
2474 522 2544 577 ad
2590 527 2816 593 gentiles
2844 527 3056 587 fabulas
3086 536 3387 607 veniamus,

1811 609 1934 687 quae
1960 600 2272 674 plerumque
2297 609 2523 679 depicta:
2548 610 2911 687 inveniantur,
2956 623 3098 678 unde
3131 627 3273 682 scire
3297 600 3390 685 va:-

1811 685 1985 781 Iemus
2024 700 2207 749 utrum
2248 698 2432 757 Venus
2460 704 2530 758 sit
2554 704 2765 765 IEnean
2796 720 3004 781 tenens,
3033 731 3102 771 an
3127 717 3387 779 Alcmena

1811 777 2096 888 Ηθτοξξξυ
2138 798 2382 888 Pii-ﬂans,
2408 810 2496 888 ian
2520 798 2896 861 Andromacha
2930 777 3256 880 Astyanacta

1809 874 1980 975 reus?
2015 873 2151 932 Nam
2175 880 2221 934 si
2257 897 2354 950 pro
2374 887 2478 942 alia
2508 890 2614 945 alia
2648 894 2925 965 adoratur,
2969 873 3237 960 dementia
3265 873 3391 981 est;

1811 962 1857 1016 si
1888 972 2067 1069 tamen
2087 984 2151 1023 ea
2176 988 2296 1042 qua:
2327 977 2595 1035 adoranda
2629 986 2844 1053 penitus
2864 962 2971 1045 non
2990 1002 3090 1060 est,
3113 962 3389 1070 adorator:

1809 1057 2028 1160 vesania
2062 1068 2182 1114 est:
2213 1066 2357 1162 quod
2394 1077 2683 1140 utrumque
2727 1082 3026 1136 cavendum
3055 1057 3157 1141 est.
3201 1057 3389 1162 Pingi:

1811 1154 1901 1201 tur
1918 1149 2081 1203 etiam
2133 1153 2322 1207 eadem
2370 1157 2529 1214 beata
2560 1162 2712 1231 virgo
2764 1169 2994 1237 qualiter
3033 1175 3182 1230 aselli
3213 1149 3390 1248 gesia-

1808 1242 1953 1297 mine
1982 1252 2152 1309 vecta,
2177 1260 2405 1316 puerum
2449 1251 2504 1305 in
2534 1253 2675 1310 ulnis
2720 1256 2899 1315 ferens
2950 1261 3145 1335 Ioseph
3189 1242 3391 1337 prima)

1809 1333 2202 1432 in_zEgyptum_
2234 1340 2616 1432 descenderit,
2673 1349 2971 1419 qualiterve
3037 1333 3103 1410 ei:
3156 1333 3392 1432 A—igypto

1810 1425 1879 1480 ad
1938 1434 2140 1481 terram
2186 1428 2352 1484 Israel
2410 1435 2633 1490 redierit
2701 1439 2720 1510 (
2746 1440 2802 1494 in
2856 1442 3101 1513 pluribus
3158 1425 3393 1524 namque
3424 1458 3444 1478 ⁸

1807 1519 2051 1572 materiis
2105 1520 2221 1575 haec
2281 1523 2506 1580 historia
2590 1527 2794 1584 inditur
2821 1573 2835 1599 ,
2895 1543 2950 1589 et
3003 1554 3110 1593 non
3174 1519 3390 1614 semper

1812 1607 1868 1662 in
1919 1611 2175 1677 basilicis,
2234 1615 2329 1669 sed
2384 1617 2650 1675 interdum
2700 1623 2755 1677 in
2802 1626 2943 1682 vasis
2998 1633 3220 1688 escariis
3278 1607 3391 1694 sive

1808 1702 2109 1771 potatoriis,
2137 1704 2408 1760 interdum
2435 1707 2490 1762 in
2518 1712 2708 1766 sericis
2747 1714 3095 1788 indumentis,
3154 1725 3385 1792 plerum-

1810 1808 1919 1863 que
1971 1801 2155 1849 tameu
2203 1796 2257 1851 in
2308 1799 2625 1871 stragulis),
2696 1809 3065 1877 nunquidnam
3116 1813 3230 1870 haec
3273 1832 3389 1873 om-

1810 1890 1902 1945 nia
1937 1890 2207 1947 adoranda
2246 1894 2415 1949 sunt?
2463 1895 2596 1952 Cum
2634 1911 2763 1971 ergo
2808 1901 2861 1956 in
2900 1905 3137 1974 quolibet
3179 1911 3389 1968 borum

1809 1981 1991 2053 imago
2017 1990 2219 2039 sancta:
2240 1983 2466 2054 virginis
2490 2000 2716 2055 puerum
2750 1993 2980 2048 tenentis
3005 1997 3243 2066 pecualis
3274 2001 3390 2055 ani-

1808 2072 2010 2136 mantis
2042 2079 2193 2153 tergo
2215 2081 2467 2143 suscepta
2508 2076 2782 2146 adoratur,
2818 2085 3060 2152 nunquid
3088 2101 3195 2141 non
3219 2088 3390 2160 ipsius

1811 2164 2105 2219 animantis
2136 2179 2259 2219 cum
2290 2179 2355 2220 ea
2390 2167 2569 2239 imago
2607 2170 2900 2227 aduratur?
2942 2175 3089 2230 nullo
3120 2179 3263 2234 enim
3295 2196 3390 2252 pa-

1810 2264 1899 2312 cto
1914 2257 1971 2311 in
1986 2259 2259 2317 adorando
2284 2261 2565 2332 utriusque
2581 2264 2850 2336 imaginis,
2872 2268 3096 2341 virginis
3118 2273 3387 2342 videlicet,

1812 2349 1926 2405 sive
1956 2350 2270 2418 animantis,
2299 2355 2545 2424 quaedam
2569 2365 2746 2427 potest
2761 2358 2876 2415 ﬁeri
2898 2362 3219 2435 diremptio;
3251 2383 3391 2438 pra:-

1809 2442 1997 2499 sertim
2017 2458 2142 2498 cum
2163 2445 2323 2501 unius
2339 2446 2447 2501 sint
2471 2450 2731 2517 materiae,
2760 2468 2972 2523 unoque
2993 2456 3217 2512 artiﬁcis
3241 2458 3391 2530 inge-

1806 2530 1900 2587 nio
1910 2534 2317 2604 compaginatae,
2340 2544 2433 2590 aut
2467 2539 2745 2611 utriusque
2765 2542 3007 2600 adoratio
3024 2556 3107 2602 est
3133 2562 3390 2617 spernen-

1809 2622 1894 2689 da,
1915 2632 2008 2678 aut
2030 2633 2273 2696 utrmque
2285 2634 2410 2682 sunt
2433 2628 2738 2686 adorandae.
2754 2630 2861 2689 Sed
2876 2633 3016 2689 dicet
3032 2634 3261 2693 fortasse
3277 2640 3390 2711 spi—

1807 2716 2034 2772 uosulus
2074 2717 2463 2789 aliquiszﬂzec
2510 2723 2741 2779 assertio
2788 2725 3044 2781 adorandi
3099 2729 3393 2788 animantis

1806 2807 2119 2863 frustrantia
2172 2816 2276 2876 est,
2308 2811 2561 2881 quoniam
2611 2828 2733 2867 cum
2777 2815 3070 2883 quemlibet
3116 2818 3394 2875 hominem

1809 2899 2067 2954 cathedra
2092 2909 2403 2972 susceptum
2425 2909 2517 2956 aut
2545 2902 2739 2959 bacqu
2767 2903 3010 2958 innixum
3037 2922 3200 2960 causa
3246 2909 3392 2963 salu-

1810 2991 2032 3047 tationis
2060 2992 2376 3058 adoramus,
2420 3008 2528 3047 non
2556 3008 2679 3047 cum
2720 3007 2785 3048 eo
2838 2994 3151 3049 cathedram
3212 3013 3390 3069 neque

1808 3084 2063 3140 baculum
2103 3084 2329 3139 adorare
2358 3093 2741 3150 monstramur,
2776 3086 2869 3140 sed
2897 3087 3114 3142 homine
3157 3088 3390 3147 salutato

1806 3177 1897 3234 illa
1947 3177 2235 3232 insalutata
2282 3191 2558 3233 remanere
2601 3177 2910 3234 creduntur.
2967 3178 3129 3249 Cujus
3165 3182 3391 3252 spinula:

1806 3270 1911 3324 hoc
1939 3269 2100 3322 modo
2138 3267 2455 3337 quassandze
2481 3278 2639 3323 sunt:
2689 3268 2810 3323 Alia
2842 3278 2925 3325 est
2949 3270 3188 3327 deﬁnitio
3218 3274 3392 3328 homi-

1806 3358 1909 3422 nis,
1958 3358 2065 3410 alia
2119 3357 2296 3411 baculi
2352 3359 2463 3412 sive
2514 3360 2827 3415 cathedrae:
2863 3363 3118 3431 quoniam
3171 3364 3389 3434 quidem

1806 3450 1970 3504 homo
1997 3447 2251 3502 deﬁnitur
2281 3449 2375 3514 ita,
2406 3447 2579 3503 Homo
2606 3460 2681 3505 est
2712 3451 2912 3506 animal
2941 3455 3219 3523 rationale,
3247 3472 3391 3509 mor-

1808 3542 1931 3608 tale,
1960 3541 2177 3608 risibile,
2203 3549 2258 3595 et
2292 3550 2488 3596 cmtera
2519 3539 2886 3610 hujuscemodi
2912 3561 2925 3610 ;
2956 3545 3213 3602 cathedra
3258 3563 3389 3604 vero

1805 3632 1891 3688 vel
1918 3631 2142 3688 baculus
2175 3647 2280 3686 non
2311 3633 2499 3688 eodem
2538 3633 2698 3687 modo
2724 3633 3071 3703 deﬁniuntur,
3115 3637 3207 3692 sed
3246 3637 3390 3698 vires

1806 3740 1968 3781 sensu
2002 3725 2219 3794 vitaque
2245 3732 2511 3790 carentes,
2549 3740 2650 3796 pro
2675 3727 2898 3794 artiﬁcis
2923 3728 3257 3799 experientia
3303 3731 3393 3788 vel

1806 3816 2081 3873 voluntate
2092 3816 2161 3871 ad
2182 3816 2359 3871 ofﬁcia
2380 3818 2575 3887 quibus
2603 3818 2906 3872 necessaria
2920 3828 3045 3873 sunt
3062 3832 3390 3892 praeparata,

1806 3916 1863 3964 et
1887 3916 2081 3964 caetera
2110 3905 2479 3975 hujuscemodi
2503 3922 2518 3970 ;
2550 3906 2641 3960 ubi
2666 3904 2871 3975 liquido
2901 3915 3054 3975 patet
3079 3911 3224 3966 aliud
3268 3927 3392 3971 esse

1807 3996 2127 4052 rationalem
2168 3995 2441 4049 hominem
2482 3992 2766 4046 salutando
2803 3994 3061 4061 adorare,
3102 3997 3248 4051 aliud
3292 4014 3386 4053 ca-

1807 4090 1962 4145 dram
1994 4084 2080 4141 vel
2103 4084 2373 4147 baculum,
2401 4088 2607 4151 utpote
2632 4095 2721 4135 res
2743 4080 3060 4149 insentatas,
3088 4084 3385 4143 insalutata

1806 4178 2137 4248 relinquere.
2161 4175 2222 4230 In
2252 4173 2563 4229 deﬁnitione
2583 4187 2714 4228 vero
2734 4172 2989 4246 virginea:
3010 4175 3123 4232 sive
3146 4179 3390 4248 pecualis

1807 4270 2095 4327 animantis
2117 4265 2385 4338 imaginis,
2417 4280 2540 4320 cum
2573 4272 2820 4335 utraeque
2845 4266 2955 4322 sint
2979 4271 3145 4326 sensu
3166 4271 3388 4343 vitaque

1723 4374 1779 4436 1)
1802 4375 2066 4429 carentes,
2108 4378 2175 4419 ex
2198 4376 2305 4417 una
2331 4360 2558 4415 materia
2594 4357 2772 4427 factae,
2798 4375 2905 4416 uno
2933 4364 3232 4437 eodemque
3253 4368 3389 4425 arti.

1802 4459 1904 4516 ﬁce
1947 4456 2211 4520 formatae,
2267 4452 2342 4508 ita
2374 4451 2477 4507 sibi
2524 4458 2712 4506 mutuo
2759 4451 3092 4513 cohzerentes
3164 4464 3224 4514 ut
3268 4459 3389 4518 sine

1801 4548 2063 4615 materiae,
2094 4546 2151 4602 in
2174 4560 2280 4617 qua
2310 4543 2366 4599 in
2400 4542 2643 4612 subjecto
2672 4551 2818 4609 sunt,
2862 4544 3089 4604 discidio
3133 4548 3202 4605 ab
3242 4549 3385 4607 invi-

1800 4656 1920 4696 cem
1946 4643 2218 4707 nequeant
2243 4633 2504 4703 separari,
2532 4648 2670 4702 pene
2692 4634 2839 4689 nulla
2875 4636 3038 4692 estin
3080 4638 3386 4700 deﬁniendo

1800 4731 2074 4796 distantia.
2118 4728 2179 4782 In
2222 4727 2418 4796 quibus
2448 4742 2573 4781 cum
2616 4735 2768 4783 tanta
2813 4728 2885 4783 sit
2913 4731 3184 4801 parilitas,
3236 4740 3387 4789 tanta

1800 4821 2052 4885 societas,
2091 4824 2241 4873 tanta
2276 4815 2515 4872 materia:
2552 4817 2703 4885 uuio,
2740 4826 2836 4875 aut
2878 4822 3165 4892 utriusque
3191 4822 3388 4878 adora-

1801 4912 1878 4970 tio
1913 4918 2000 4968 est
2042 4908 2397 4979 suscipienda,
2447 4917 2541 4964 aut
2565 4910 2851 4981 utriusque
2890 4910 3213 4982 spernenda.
3248 4910 3386 4966 Cum

1801 5020 1931 5076 ergo
1973 5003 2147 5059 altera
2180 5000 2248 5056 ab
2282 4999 2453 5054 altera
2499 4999 2681 5056 dirimi
2720 5002 2836 5057 sine
2867 4999 3094 5054 discidio
3128 5008 3382 5067 nequeat,

1802 5108 1858 5157 et
1906 5107 2167 5167 utraeque,
2233 5106 2303 5148 ue
2352 5091 2495 5150 forte
2548 5091 2839 5148 animantis
2886 5089 3067 5160 imago
3102 5089 3382 5160 adoretur,

1805 5189 2021 5243 adorari
2046 5202 2152 5243 non
2186 5184 2438 5250 debeant,
2470 5192 2641 5239 restat
2676 5190 2734 5236 ut
2758 5188 3000 5247 utraaque
3044 5181 3377 5239 adorationis

1805 5284 2010 5336 honore
2059 5288 2300 5345 careant,
2357 5287 2411 5333 et
2461 5281 2899 5330 ornamentorum
2952 5270 3288 5327 solummodo
3325 5273 3383 5325 in

1804 5375 2045 5433 basilicis
2073 5382 2167 5428 aut
2190 5374 2246 5427 iu
2280 5368 2607 5443 quibuslibet
2634 5365 2764 5419 locis
2798 5362 2916 5414 loca
2947 5369 3182 5424 teneant,
3217 5373 3271 5415 et
3294 5376 3383 5415 as-

1804 5468 2131 5541 picientibus
2176 5479 2358 5520 rerum
2398 5464 2673 5541 gestarum
2719 5451 3039 5508 memoriam
3084 5451 3378 5541 praebeant,

1808 5537 2060 5632 quoniam
2083 5571 2203 5612 cum
2236 5560 2314 5608 tot
2342 5538 2673 5605 diverticulis
2702 5543 2757 5597 in
2791 5545 2971 5592 tantos
2997 5551 3212 5632 errores
3244 5537 3380 5590 ima-

1756 5717 1773 5733 .
1809 5627 1995 5725 ginum
2034 5645 2274 5704 adoratio
2302 5642 2509 5723 vergat,
2542 5632 2692 5695 nulla
2719 5644 2837 5691 eam
2866 5634 3013 5684 stare
3057 5627 3203 5683 intra
3246 5640 3379 5717 san-1
