4008 6154
614 191 744 250 1251

1483 194 1544 251 Β.
1582 191 1830 252 CAROLI
1859 191 2072 250 MAGNI
2104 191 2254 251 OPP.
2288 193 2467 252 PARS
2504 194 2568 252 ll.
2603 193 2844 254 SECTIO
2878 194 2945 251 ll.

3637 215 3640 220 ·
3720 193 3890 250 12⁸52

609 317 754 368 ctam
776 307 1074 365 Ecclesiam
1097 309 1379 380 perspicua
1402 310 1538 366 ratio
1567 318 1849 366 monstrat.
1885 309 2182 366 Hortamur
2205 313 2259 374 Δ
2283 311 2339 367 in
2376 313 2479 368 hoc
2514 327 2727 382 quoque
2762 311 3112 366 deliramento
3131 307 3575 381 reprehenditur,
3617 320 3683 363 eo
3721 309 3888 378 quod

609 417 742 471 ergo
768 401 846 456 illi
872 409 1159 465 se-mutuo,
1187 410 1248 456 ut
1268 402 1418 473 digni
1441 400 1738 456 efﬁciantur
1761 400 1830 455 ad
1852 401 2039 456 oscula
2065 401 2180 456 sive

610 495 956 551 adorationes
1001 507 1185 548 rerum
1235 510 1395 550 sensu
1449 491 1763 558 carentium,
1798 492 2078 548 dicentes:
2118 492 2189 546 In

611 583 719 641 tale
762 582 996 639 osculum
1025 584 1212 656 dignos
1262 585 1396 637 enim
1441 582 1674 651 nosipsos
1705 581 1962 651 faciamus
1996 583 2188 636 adora-

611 675 788 738 tiom‘s,
845 685 903 728 ut
951 691 1058 730 non
1101 673 1394 728 accedentes
1446 671 1650 743 indigni
1699 671 1823 728 Ozaz
1877 672 2188 744 supplicium

611 765 912 821 subeamus.
967 764 1075 820 Nos
1128 762 1353 830 denique
1409 761 1598 834 dignos
1656 777 1755 819 nos
1812 761 2073 818 faciamus
2119 763 2188 818 ad

613 855 944 912 adorandam
979 850 1213 907 divinam
1257 847 1616 920 maiestatem,
1664 853 1773 908 imo
1822 853 1890 908 ab
1933 868 1998 908 eo
2043 852 2188 923 digni

612 945 914 1002 efﬁciamur
931 958 960 996 a
977 955 1084 1010 quo
1103 951 1184 996 est
1207 941 1346 996 bene
1377 942 1508 997 velle
1533 950 1589 996 et
1607 942 1887 1013 perﬁcere,
1918 950 1974 997 ct
1994 949 2054 995 ut
2075 939 2188 995 veri

612 1038 924 1094 adoratores
965 1047 1075 1087 non
1117 1033 1412 1089 secundum
1457 1048 1643 1089 eorum
1691 1033 1981 1088 vanitatem
2002 1031 2192 1087 adore-

610 1141 734 1182 mus
755 1122 1039 1177 Dominum
1079 1121 1135 1177 in
1161 1121 1392 1192 quadam
1416 1122 1669 1194 imagine,
1707 1124 1801 1178 sed
1829 1122 1882 1177 in
1913 1122 2106 1192 spiritu
2135 1129 2192 1175 ct

611 1211 860 1276 writate,
885 1210 1096 1266 dicente
1137 1210 1252 1281 ipsa
1284 1211 1564 1267 Veritate:
1602 1209 1722 1266 Veri
1748 1211 2053 1265 adoratores
2095 1209 2192 1263 ad-

610 1303 831 1360 orabunt
859 1303 1074 1359 Patrem
1104 1305 1162 1358 in
1185 1305 1372 1375 spiritu
1391 1313 1439 1360 et
1467 1305 1678 1360 veritate
1701 1303 1882 1376 (Joan.
1911 1301 2009 1372 tv).
2037 1299 2190 1368 Quod

571 1413 739 1474 .vero
778 1411 838 1452 se
878 1396 1000 1452 ideo
1045 1396 1114 1452 ad
1165 1395 1349 1452 oscula
1397 1404 1454 1451 et
1511 1396 1850 1452 adorationes
1897 1393 2192 1464 imaginum

608 1489 801 1556 dignos
834 1485 976 1543 efﬁci
1026 1494 1268 1553 monent,
1303 1501 1373 1541 ne
1419 1484 1560 1541 forte
1597 1485 1721 1542 Ozae
1753 1489 1968 1554 poenam
2015 1483 2187 1547 luant,

609 1580 830 1636 videant
871 1595 940 1634 ne
972 1577 1114 1632 illius
1150 1576 1586 1648 praesumptionis
1633 1589 1817 1639 causa,
1853 1588 1958 1643 qua
2003 1581 2060 1628 et
2099 1571 2190 1627 ille

612 1685 796 1726 arcam
833 1668 1043 1724 Domini
1071 1647 1274 1738 absque
1301 1647 1400 1723 suo
1447 1665 1772 1722 adminiculo
1807 1677 2055 1718 casuram
2077 1675 2181 1730 pu-
2209 1647 2264 1711 Β

613 1764 768 1828 tavit,
791 1770 846 1818 et
866 1761 956 1816 isti
986 1759 1334 1816 nihilominus
1363 1759 1530 1814 divini
1559 1757 1738 1814 cultus
1758 1755 2033 1824 regionem
2063 1755 2185 1810 abs-

614 1871 720 1930 que
797 1853 1092 1925 imaginum
1148 1850 1474 1907 adminiculo
1537 1847 1902 1904 frustrandam
1969 1855 2183 1916 putant,

2283 404 2514 474 majores
2538 418 2668 459 suos
2689 419 2786 474 pro
2815 402 2992 458 tritico
3016 401 3224 458 zizania
3252 400 3454 456 sevisse
3478 397 3888 455 ecclesiasticis

2283 495 2445 566 agris,
2471 495 2760 564 vinumque
2787 509 2940 564 aqua:
2964 492 3243 548 miscuisse
3269 499 3322 546 et
3344 490 3620 562 proximos
3647 499 3889 560 potasse

2282 583 2588 640 turbulento
2611 591 2740 653 potu
2764 583 3034 649 dixerunt,
3061 581 3361 653 praesertim
3388 595 3514 634 cum
3548 579 3605 633 in
3633 579 3744 635 hoc
3773 595 3885 636 ne-

2285 676 2431 743 gotio
2465 690 2600 745 pene
2633 675 2689 729 in
2723 675 2975 730 omnibus
3010 675 3067 729 in
3095 673 3287 744 quibus
3320 671 3397 727 illi
3429 670 3728 740 deliquisse
3759 687 3890 728 cre-

2287 766 2505 831 duntur,
2522 767 2610 822 isti
2631 781 2738 821 non
2753 769 2925 821 solum
2941 780 3004 819 ea
3018 780 3126 820 non
3145 763 3476 827 emendasse,
3492 776 3684 816 verum
3703 764 3882 817 etiam

2286 857 2516 928 amplius
2543 857 2829 927 deliquisse
2855 855 3274 927 perhibeantur;
3306 852 3538 921 denique
3569 853 3884 909 secundum

2286 957 2498 1021 poetam
2526 951 2618 1018 qui
2646 949 2763 1003 ait:

2441 1039 2540 1088 Pro
2559 1037 2692 1100 molli
2713 1039 2859 1099 viola,
2875 1049 2976 1100 .pro
3002 1047 3250 1100 purpureo
3276 1037 3516 1100 narcisso.

2447 1099 2666 1153 Caranus
2688 1105 2742 1150 et
2762 1097 2918 1162 spinis
2938 1097 3114 1161 sui-gat
3137 1097 3353 1162 paliurus
3373 1099 3550 1162 acutis,

3219 1159 3358 1210 Vina.
3378 1158 3554 1222 Bglog.
3578 1171 3628 1210 ν.

2288 1243 2519 1301 istorum
2551 1244 2847 1314 majoribus
2880 1260 2979 1316 pro
3013 1243 3194 1299 tritico
3233 1249 3591 1298 surrexerunt
3629 1240 3844 1296 zizania
3864 1282 3880 1307 ,

2291 1333 2410 1389 istis
2429 1351 2558 1390 vero
2582 1352 2678 1406 pro
2699 1336 2881 1390 tritico
2919 1335 3141 1390 zizaniis
3160 1333 3388 1389 necdum
3411 1333 3612 1388 evulsis
3636 1333 3884 1403 paliurus

2290 1427 2546 1490 surrexit,
2578 1427 2703 1495 quia
2733 1427 2986 1481 videlicet
3008 1425 3337 1496 prophetiae
3362 1431 3418 1477 et
3444 1422 3769 1493 evangelicae
3797 1422 3880 1477 sic

2291 1528 2356 1567 ve
2376 1516 2679 1583 apostolica:
2699 1515 3098 1586 praedicationis
3115 1514 3361 1585 neglecto
3383 1513 3560 1568 tritico
3574 1553 3590 1578 ,
3613 1514 3665 1567 in
3690 1528 3802 1582 qua
3823 1523 3882 1566 et

2291 1602 2410 1659 loca
2433 1603 2628 1658 divinis
2649 1605 2882 1660 cultibus
2901 1605 3205 1674 mancipata
3229 1603 3480 1660 exornari
3496 1611 3802 1668 censentur,
3823 1612 3886 1657 et

2286 1693 2455 1750 solius
2479 1694 2576 1749 Dei
2600 1695 2778 1750 cultus
2800 1703 2856 1750 et
2878 1695 3122 1750 adoratio
3143 1693 3567 1758 commendatur,
3591 1700 3678 1746 aut
3699 1692 3755 1745 in
3776 1707 3877 1745 or-

2286 1795 2667 1842 namentorum
2693 1804 2724 1842 a
2749 1788 2989 1844 basilicis
3015 1788 3322 1853 abolitione,
3349 1795 3442 1842 aut
3469 1788 3525 1842 in
3552 1787 3870 1842 earumdem

2286 1889 2730 1936 ornamentorum
2760 1881 3102 1947 adoratione,
3135 1882 3466 1937 zizaniam
3495 1881 3794 1936 amentium
3823 1887 3878 1933 et

614 1946 729 2016 ei“
761 1944 1054 2042 “Mi???”
1087 1956 1260 2012 poma
1302 1940 1631 2042 _5°‘“f’““{“3
1667 1939 1902 2042 ,suPean.t
1927 1936 2188 2042 1,9”???
2287 1971 2484 2042 paliuri
2512 1972 2715 2041 spinosi
2745 1936 3106 2042 perniciosum
3144 1972 3336 2038 dogma
3374 1971 3680 2040 percepisse
3717 1983 3880 2023 mon-

614 2051 739 2092 cum
784 2049 887 2090 nec
921 2033 1012 2088 illa
1039 2047 1108 2088 ne
1136 2039 1336 2096 rueret,
1390 2029 1508 2100 ejus
1555 2029 1831 2084 fulcimine
1875 2027 2185 2097 indiguerit,

617 2142 716 2182 nec
745 2126 848 2182 ista
877 2134 938 2181 ut
964 2125 1172 2180 ﬁrmius
1205 2131 1328 2190 stet,
1360 2123 1572 2178 illarum
1600 2119 1874 2176 fulcimine
1913 2119 2186 2189 indigeat;

615 2228 672 2274 et
691 2218 831 2274 sicut
855 2218 946 2273 illa
995 2216 1196 2271 nullam
1225 2216 1338 2270 Deo
1373 2201 1722 2285 indigentiam
1771 2211 2011 2282 patiente
2068 2211 2193 2266 abs—

616 2323 722 2378 que
757 2308 935 2378 aliquo
995 2306 1078 2362 sui
1122 2321 1250 2362 casu
1304 2305 1428 2362 02a:
1485 2303 1848 2360 sustentaculo
1878 2310 2104 2355 vacante
2131 2300 2195 2355 il—

616 2397 768 2470 lapsa
816 2398 1110 2462 ferebatur,
1149 2399 1225 2451 ita
1278 2396 1534 2450 nimirum
1577 2395 1682 2449 ista
1721 2393 1947 2448 Domino
1992 2394 2194 2463 guber-

617 2498 782 2544 nante
815 2491 1019 2558 absque
1053 2488 1162 2542 ullo
1192 2485 1470 2554 naufragio
1505 2484 1799 2554 imaginum
1844 2483 2196 2552 opitulatione

618 2580 918 2648 postposita
954 2580 1277 2632 intemerata
1311 2583 1576 2630 servatur.
1611 2573 1750 2640 Quid
1779 2588 1907 2645 ergo
1928 2582 2012 2629 est
2057 2587 2198 2628 arca:

621 2669 935 2724 testamenti
971 2667 1185 2722 Domini
1209 2681 1327 2736 qua:
1352 2683 1382 2720 a
1422 2666 1648 2721 Domino
1681 2666 2097 2737 gubernabatur,
2132 2680 2199 2721 ne

620 2775 807 2816 casum
837 2766 1129 2829 pateretur,
1167 2772 1384 2811 manum
1409 2757 1545 2812 velle
1577 2759 1897 2828 subponere,
1947 2758 2052 2812 nisi
2103 2772 2198 2811 ca-

619 2851 836 2906 tholica:
871 2849 1118 2920 religioni
1145 2863 1265 2918 quae
1294 2862 1324 2901 a
1376 2848 1603 2903 Domino
1648 2849 1833 2920 utique
1861 2849 2083 2918 regitur,
2133 2862 2204 2902 ne

620 2942 763 2999 inter
786 2939 943 3010 hujus
966 2939 1090 2994 vita:
1126 2939 1320 2994 itinera
1349 2939 1574 3005 titubet,
1608 2940 1900 3011 imaginum
1931 2939 2201 2995 adoratio-

619 3049 745 3090 nem
766 3031 901 3087 velle
927 3030 1251 3087 admittere?
1274 3029 1380 3084 Aut
1403 3030 1490 3084 cui
1517 3029 1802 3084 assimilari
1835 3037 2013 3100 potest
2066 3027 2197 3094 Oza,

620 3127 713 3197 qui
761 3126 963 3194 absque
1021 3121 1362 3178 sacerdotum
1417 3129 1472 3176 et
1535 3121 1925 3176 conlevitarum
1977 3119 2204 3175 consilio

625 3219 861 3289 quadam
894 3215 1303 3287 praasumptibili
1327 3231 1457 3271 cura
1491 3230 1687 3270 novum
1711 3231 1850 3270 arcte
1873 3215 2088 3270 Domini
2111 3231 2207 3270 vo-

620 3310 724 3366 luit
778 3307 1198 3365 sustentaculum
1249 3315 1530 3378 pmstare,
1575 3306 1680 3362 nisi
1716 3307 1836 3363 istis
1872 3307 1964 3377 qui
2001 3307 2206 3377 absque

627 3410 939 3460 sanctorum
981 3399 1210 3454 Patrum
1245 3399 1484 3454 doctrina
1516 3406 1572 3453 et
1619 3399 2064 3457 consacerdotum
2109 3414 2209 3469 per

621 3495 866 3550 diversas
900 3491 1083 3545 mundi
1123 3502 1306 3558 partes
1346 3489 1763 3544 constitutorum
1811 3504 2078 3544 consensu
2119 3505 2208 3541 ar-

620 3565 869 3655 rogantia
909 3582 1140 3650 quadam
1173 3589 1229 3633 et
1258 3580 1601 3648 superciliosa
1650 3580 1950 3633 intentione
2003 3593 2203 3631 novam

625 3673 948 3727 Christiana:
966 3668 1211 3737 religioni
1239 3668 1531 3735 imaginum
1557 3667 1929 3721 adorationem
1957 3665 2206 3721 nituntur

623 3761 899 3818 inserere?
920 3757 1160 3812 Perdidit
1178 3757 1342 3828 igitur
1368 3757 1536 3812 vitam
1561 3759 1653 3828 qui
1677 3773 1859 3811 arcam
1884 3757 1979 3813 Dei
2001 3759 2207 3814 tumide

623 3857 929 3910 sustentare
960 3846 1247 3913 affectavit,
1277 3848 1405 3917 quia
1429 3849 1520 3918 qui
1559 3849 1730 3904 Deum
1757 3850 1850 3919 qui
1889 3850 2088 3919 ubique
2119 3857 2205 3905 to-

621 3951 712 4000 tus
745 3949 845 4007 est,
869 3939 1066 4010 ubique
1105 3937 1392 4004 mirabilis,
1425 3951 1485 3992 re
1515 3939 1697 4009 aliqua
1737 3938 1978 4011 indigere
2015 3937 2071 3992 in
2099 3952 2207 4008 qua

626 4039 882 4095 adoretur
908 4033 1097 4100 credit,
1131 4029 1362 4104 eumque
1388 4033 1444 4089 in
1472 4035 1634 4091 rebus
1663 4033 1968 4090 visibilibus
1997 4033 2205 4101 adorat,

628 4129 929 4185 cavendum
954 4134 1039 4183 est
1065 4141 1132 4181 ne
1161 4133 1291 4182 tunc
1333 4125 1501 4180 vitam
1526 4126 1736 4196 perdat,
1769 4139 1892 4180 cum
1917 4124 2034 4193 ejus
2072 4125 2209 4180 vita-

624 4220 768 4276 libus
810 4219 1032 4276 monitis
1069 4217 1287 4287 procaci
1318 4223 1498 4272 mente
1541 4216 1762 4272 resistit.
1811 4215 2028 4271 Levites
2077 4228 2208 4285 ergo

2289 2072 2564 2128 strantur,
2614 2072 2671 2119 et
2715 2065 2805 2133 qui
2852 2064 3148 2118 debuerant
3190 2061 3462 2116 frumento
3507 2059 3673 2114 divini
3729 2058 3890 2112 verbi

2290 2160 2501 2206 mentes
2527 2151 2762 2206 ﬁdelium
2790 2151 2932 2207 illius
2960 2150 3222 2206 satietatis
3246 2163 3364 2216 quae
3389 2149 3505 2202 sine
3524 2147 3752 2201 fastidio
3778 2153 3894 2208 est,

2293 2242 2622 2313 plenitudine
2648 2242 2892 2305 reﬁcere,
2928 2241 3019 2293 illo
3052 2241 3298 2307 dogmate
3325 2251 3449 2302 eas,
3486 2237 3629 2304 quod
3660 2236 3894 2306 ingenti

2294 2332 2510 2390 fastidio
2535 2343 2590 2387 et
2617 2332 2900 2387 amentiam
2922 2330 3094 2384 nutrit
3117 2335 3174 2382 et
3198 2341 3448 2382 errorum
3477 2326 3698 2380 aculeos
3725 2325 3895 2397 inge-

2294 2425 2384 2488 rit,
2428 2422 2672 2476 nituntur
2719 2419 2959 2475 inﬁcere.
3008 2418 3150 2473 Vino
3191 2417 3360 2472 etiam
3405 2429 3602 2484 aquam
3646 2413 3895 2484 majores

2293 2529 2420 2569 suos
2449 2513 2730 2567 miscuisse
2754 2509 3230 2576 turbulentumque
3251 2512 3441 2575 potum
3465 2504 3729 2575 proximis
3750 2520 3889 2574 pm-

2297 2601 2393 2657 fati
2413 2609 2538 2658 sunt
2560 2601 2874 2670 propinasse
2895 2615 2908 2652 :
2928 2597 3125 2668 quibus
3139 2611 3245 2651 non
3268 2596 3472 2664 absque
3493 2593 3703 2649 ratione
3721 2595 3889 2664 objici

2299 2702 2492 2766 potest,
2510 2691 2654 2761 quod
2679 2689 2913 2759 majores
2936 2703 3126 2745 eorum
3151 2687 3338 2741 vinum
3367 2686 3508 2741 sacri
3534 2684 3756 2754 eloquii,
3778 2699 3888 2755 quo

2301 2785 2382 2839 uti
2418 2784 2743 2846 debuerant,
2779 2795 2934 2849 aqua:
2963 2777 3321 2848 permixtione
3354 2774 3656 2844 insapidum
3693 2774 3886 2830 effece-

2303 2884 2449 2941 runt,
2477 2890 2599 2930 cum
2622 2879 2938 2929 ornamenta
2961 2885 2992 2923 a
3019 2869 3256 2924 basilicis
3283 2866 3542 2923 abolenda
3566 2875 3877 2930 sanxerunt,

2227 2990 2274 3055 ρ
2305 2967 2393 3024 isti
2421 2983 2548 3023 vero
2573 2967 2812 3036 ejusdem
2837 2966 2947 3020 vini
2974 2973 3160 3035 potum
3185 2979 3217 3018 a
3243 2963 3718 3034 prodecessoribus
3743 2977 3876 3032 aqua

2305 3060 2547 3115 vitiatum
2575 3072 2779 3113 veneno
2804 3063 3084 3120 acuerunt,
3109 3070 3234 3110 cum
3256 3067 3315 3109 se
3341 3053 3604 3125 imagines
3627 3053 3878 3108 adoratu-

2304 3169 2394 3208 ros
2425 3152 2611 3220 eisque
2638 3149 2917 3205 servitium
2947 3148 3284 3203 exhibituros
3304 3146 3562 3218 professi,
3591 3161 3882 3215 earumque

2305 3223 2670 3297 adorationem
2712 3245 3026 3308 spernentes
3059 3236 3492 3291 auathematibus
3527 3234 3885 3290 condemnare

2307 3332 2486 3388 conati
2510 3340 2653 3386 sunt.
2689 3327 2892 3385 Deinde
2920 3327 3284 3383 turbulentum
3309 3335 3495 3397 potum
3516 3327 3731 3398 utrique
3750 3343 3881 3398 pro-

2306 3423 2467 3479 ximis
2493 3421 2778 3489 propinare
2804 3434 2912 3474 non
2935 3419 3274 3482 erubescunt,
3309 3433 3432 3473 cum
3452 3417 3888 3489 praedicationem

2306 3526 2480 3573 suam,
2498 3523 2659 3578 quam
2675 3509 2848 3564 sacris
2867 3509 3096 3578 eloquiis
3115 3516 3172 3563 et
3189 3509 3451 3563 bonorum
3464 3522 3684 3577 operum
3698 3521 3886 3563 exem-

2303 3601 2409 3673 plis
2456 3615 2718 3655 exornare
2774 3601 3098 3664 debuerant,
3150 3599 3302 3656 vanis
3344 3607 3400 3654 et
3444 3599 3884 3655 extraordinariis

2306 3690 2775 3746 constitutionibus
2821 3690 3014 3744 vitiare
3056 3704 3165 3744 non
3211 3688 3494 3756 differunt,
3551 3706 3777 3761 eamque
3827 3699 3885 3747 et

2306 3782 2658 3855 praesentibus
2682 3781 2793 3836 vita
2816 3782 2901 3838 vel
2923 3790 3048 3837 actu
3072 3790 3376 3838 monstrare
3403 3791 3460 3838 et
3485 3784 3759 3839 memoria:
3782 3799 3882 3853 po-

2307 3873 2570 3929 steritatis
2599 3873 2814 3942 scriptis
2844 3872 3102 3927 mandare
3128 3887 3237 3928 non
3264 3881 3531 3928 metuunt.
3580 3873 3732 3940 Quod
3757 3889 3881 3929 vero

2308 3977 2404 4019 eos
2431 3964 2529 4018 sub
2554 3962 2780 4031 pellibus
2803 3962 2980 4017 ovium
3004 3961 3159 4032 lupos
3183 3961 3378 4029 celare,
3403 3970 3460 4017 et
3481 3971 3660 4033 spreta
3686 3963 3880 4018 verita-

2310 4065 2364 4114 te
2378 4058 2714 4113 mendacium
2729 4054 2976 4126 amplecti
2998 4063 3326 4120 asseverant,
3351 4055 3581 4125 idipsum
3603 4055 3656 4109 in
3675 4069 3732 4110 se
3749 4055 3882 4125 ipsis

2311 4149 2428 4205 ﬁeri
2465 4149 2816 4220 conspicient,
2853 4147 2899 4202 si
2941 4146 3222 4219 diligenter
3253 4147 3550 4202 advertant.
3588 4145 3724 4201 Nam
3758 4147 3881 4202 dum

2312 4241 2390 4296 illi
2429 4257 2674 4312 magnam
2716 4255 2776 4296 se
2819 4241 3160 4294 sanctitatem
3198 4239 3399 4295 habere
3443 4239 3736 4309 ﬁngentes,
3773 4237 3878 4306 ejus

626 4314 800 4370 isdem
839 4320 985 4366 recte
1021 4309 1135 4364 Oza
1171 4310 1368 4400 dicitur
1392 4309 1484 4378 qui
1514 4307 2205 4400 robustus‘interpretatur,
2231 4330 2286 4391 Β
2311 4330 2466 4400 quasi
2509 4307 2624 4384 z'elo
2650 4329 2861 4385 accensi
2888 4327 3146 4398 imagines
3182 4327 3251 4381 ab
3289 4307 3540 4383 ecclesﬁs'
3568 4335 3628 4382 ut
3663 4335 3788 4396 pom
3817 4342 3878 4382 ne

627 4401 755 4470 quia
791 4407 1207 4468 praasumptores
1225 4399 1445 4467 quique,
1475 4398 1580 4453 nisi
1606 4395 1795 4452 audaci
1817 4403 1997 4451 mente
2021 4398 2212 4451 robus-

629 4500 715 4548 tos
741 4505 798 4546 se
823 4493 1122 4553 crederent,
1154 4503 1491 4558 nequaquam
1521 4488 1756 4558 synodos
1782 4487 1837 4540 in
1885 4486 2080 4556 quibus
2119 4488 2213 4541 ad-

631 4583 961 4636 orandarum
1003 4576 1301 4648 imaginum
1341 4590 1478 4630 nova
1526 4574 1838 4631 constitutio
1880 4582 2207 4642 censeretur,

632 4668 920 4736 agitarent.
1154 4724 1165 4733 ο

1206 4734 1434 4792 CAPUT
1471 4734 1635 4790 XXII.

634 4827 712 4880 De
735 4841 795 4880 eo
820 4823 958 4895 quod
989 4839 1082 4895 nec
1101 4824 1198 4878 sibi
1228 4826 1353 4895 ipsis
1373 4835 1612 4895 parcunt,
1643 4839 1759 4877 cum
1784 4825 2080 4895 parentibus
2104 4823 2214 4895 suis

706 4893 1454 4975 injuriam_in[erunt_dicentes
1477 4911 1493 4948 :
1513 4894 1617 4950 Pro
1641 4910 1769 4949 vero
1785 4893 1980 4975 tritico
2007 4893 2215 4974 zizania

705 4962 1084 5021 ecclesiasticis
1115 4965 1258 5034 agris
1289 4964 1721 5028 seminaverunt,
1761 4965 1944 5034 vinum
1981 4962 2212 5034 miscue-

709 5045 836 5089 runt
862 5050 1034 5102 aqua),
1062 5041 1117 5089 et
1141 5031 1444 5105 proximum
1471 5042 1791 5105 potavcrunt
1814 5031 2214 5105 subversionem

709 5098 1092 5174 turbulentam,
1142 5098 1201 5158 et
1251 5105 1358 5174 lupi
1415 5098 1630 5159 Αἱ·θῦἰοὶ
1683 5102 1976 5174 existentes
2021 5098 2214 5170 pellem

709 5173 892 5226 ovium
917 5169 1380 5229 subsannavcrunt
1405 5174 1633 5234 indueri,
1668 5180 1722 5223 et
1756 5169 2036 5224 veritatem
2072 5184 2213 5238 pra:-

709 5249 985 5296 tereuntes
1019 5245 1355 5300 mendacium
1388 5241 1618 5308 amplexi
1654 5246 1795 5302 sunt,
1824 5239 1917 5293 sed
1943 5254 2042 5292 ova
2069 5239 2213 5308 aspi-

710 5314 838 5367 dum
859 5309 1221 5379 jactaverunt,
1250 5321 1304 5366 et
1333 5311 1437 5364 tela
1463 5310 1644 5364 aranei
1666 5310 1957 5363 secundum
1979 5310 2216 5379 prophe-

710 5391 822 5436 tam
849 5390 1154 5446 texuerunt,
1187 5389 1242 5436 et
1267 5381 1358 5450 qui
1381 5388 1562 5450 sperat
1588 5395 1687 5435 ova
1708 5394 1893 5450 eorum
1910 5381 2214 5450 armedere,

710 5450 1054 5520 confringens
1078 5447 1301 5520 caudam
1341 5447 1594 5520 inveniet,
1633 5459 1686 5504 et
1719 5449 1774 5520 in
1805 5463 1869 5501 eo
1909 5447 2217 5502 basiliscum

711 5517 975 5572 venenum
999 5528 1054 5572 et
1081 5517 1266 5573 flatum
1289 5519 1626 5575 mortiferum
1653 5517 1934 5587 repletum.

713 5604 1069 5679 lntemperata
1097 5623 1284 5664 eorum
1311 5607 1557 5664 vecordia
1585 5607 1723 5663 sicut
1749 5605 1802 5660 iu
1833 5603 2043 5660 caeteris
2064 5603 2137 5658 ita
2163 5613 2217 5662 et

2310 4421 2665 4476 adorarentur
2691 4434 2812 4487 qua:
2838 4433 2947 4473 non
2970 4418 3039 4475 ad
3061 4417 3394 4472 adorandum
3421 4419 3489 4472 ab
3521 4416 3757 4485 antiquis
3795 4431 3879 4486 po-

2309 4509 2429 4563 sita:
2476 4508 2689 4564 fuerant
2727 4508 3132 4573 abdicaverunt,
3173 4515 3228 4564 et
3266 4507 3356 4562 isti
3391 4523 3486 4562 eas
3515 4507 3672 4576 quasi
3711 4506 3880 4560 nimiae

2309 4601 2615 4657 sanctitatis
2658 4614 2842 4655 amore
2882 4599 3097 4654 accensi
3141 4599 3440 4654 adorandas
3476 4604 3739 4658 statuunt,
3782 4609 3881 4648 nec

2311 4692 2417 4748 sibi
2445 4691 2721 4746 catholicae
2751 4689 2875 4745 ﬁdei
2917 4690 3241 4745 charismata
3271 4687 3508 4743 sufﬁcere
3535 4693 3746 4755 putant,
3775 4685 3878 4739 nisi

2311 4783 2392 4838 eis
2453 4782 2734 4837 servitium
2779 4781 3108 4835 adorationis
3159 4779 3470 4841 exhibeant,
3523 4789 3650 4830 cum
3697 4782 3876 4829 tamen

2312 4871 2528 4940 utrique
2551 4885 2704 4924 vanze
2727 4869 2900 4924 laudis
2925 4870 3162 4938 appetitu
3193 4869 3248 4924 id
3273 4875 3448 4939 agant,
3478 4864 3607 4934 quid
3631 4862 3774 4919 aliud
3799 4862 3876 4917 fa—

2313 4961 2460 5015 ciunt
2491 4959 2593 5015 nisi
2629 4959 2729 5014 sub
2754 4959 2982 5028 pellibus
3009 4959 3190 5014 ovium
3214 4958 3370 5029 lupos
3397 4955 3620 5028 tegunt?
3649 4953 3775 5024 quia
3807 4953 3877 5007 ni-

2313 5050 2512 5104 mirum
2543 5049 2668 5104 dum
2697 5047 2830 5103 foris
2859 5056 2952 5103 aut
2980 5049 3153 5103 zelum
3191 5057 3284 5103 aut
3319 5047 3556 5102 studium
3590 5043 3875 5100 sanctitatis

2314 5142 2585 5207 simulant,
2615 5142 2880 5196 introrsus
2906 5140 3142 5210 lupinam
3163 5139 3369 5195 rabiem
3395 5153 3502 5207 qua
3531 5134 3740 5192 caeteris
3765 5131 3875 5186 emi—

2315 5249 2445 5289 nere
2466 5233 2726 5297 ambiunt,
2745 5248 2941 5301 eosque
2961 5233 3365 5287 anathematum
3393 5228 3647 5285 dentibus
3676 5225 3872 5286 rodunt,

2315 5324 2515 5380 habere
2540 5339 2597 5378 se
2621 5330 2921 5379 monstrant
2943 5337 2958 5375 :
2979 5323 3263 5377 veritatem
3290 5321 3477 5390 itaque
3506 5320 3872 5388 praetereuntes

2315 5415 2655 5470 mendacium
2676 5415 2890 5484 utrique
2910 5413 3325 5482 amplectuntur,
3358 5409 3485 5481 quia
3504 5409 3631 5464 dum
3665 5404 3873 5476 superbe

2316 5515 2372 5561 et
2399 5515 2712 5578 arroganter
2734 5521 2868 5560 nova
2890 5519 3114 5573 quaeque
3133 5504 3459 5558 constituere
3482 5498 3764 5560 anhelant,
3786 5507 3872 5547 nec

2315 5598 2618 5658 humilitate
2637 5597 2769 5654 duce
2790 5597 3132 5666 antiquorum
3144 5596 3368 5653 Patrum
3386 5589 3635 5662 exempla
3658 5599 3873 5657 sequun'
