4008 6154
142 300 270 362 1-233

899 295 1081 358 LIBRI
1116 287 1461 352 CAROLINI.
1501 315 1572 329 —-
1606 279 1830 343 CAPIT.
1868 283 1958 344 DE
1991 283 2183 346 IMAG.
2224 315 2296 330 -—
2331 284 2463 346 LIB.
2502 286 2591 346 IV.

3247 265 3388 340 «ex;

141 429 238 486 tur,
266 432 329 474 an
352 411 423 473 ea
439 415 667 472 veritate
695 426 814 484 quae
846 412 1032 470 fallere
1068 411 1287 480 fallique
1322 407 1493 463 nescit
1527 406 1708 460 absce-
1727 397 1780 461 Δ
1805 399 1946 467 quod
1980 401 2255 457 osculatur
2285 415 2394 456 non
2423 399 2698 473 adoretur.
2742 397 3014 454 Adoratur
3051 397 3196 452 enim
3221 397 3386 464 Deus,

138 509 278 573 dunt,
303 506 485 577 illique
503 504 785 561 mendacio
806 503 1084 560 adhaerent
1105 502 1171 556 de
1193 514 1300 570 quo
1319 497 1579 565 scriptum
1591 501 1700 548 est:

134 599 206 653 Ab
233 598 381 652 initio
405 596 632 652 mendax
657 595 759 666 fuit
797 603 842 650 et
884 595 942 648 in
979 593 1191 648 veritate
1217 607 1320 644 non
1360 589 1498 642 stetit
1523 587 1702 657 (Joan.

135 690 268 762 vin).
311 689 452 756 Quid
474 703 604 761 ergo
633 695 719 745 est
753 687 1037 742 veritatem
1073 681 1374 752 praeterire,
1422 679 1528 734 nisi
1551 675 1706 732 Chri-

132 784 196 837 sti
221 781 460 847 monitis,
487 781 580 852 qui
611 786 803 835 auctor
823 774 1140 832 humilitatis
1160 780 1264 836 est,
1280 767 1706 842 perjactantiam

132 870 431 926 contraire?
457 868 598 936 Quid
632 877 716 923 est
736 864 1072 922 mendacium
1107 862 1280 930 sequi,
1318 858 1424 913 nisi
1459 854 1576 926 ejus
1609 854 1706 924 qui

127 969 313 1016 auctor
351 959 614 1029 superbiae
652 965 734 1014 est
769 954 1013 1023 exempla
1051 954 1106 1007 in
1137 951 1290 1006 novis
1324 957 1378 1004 et
1411 947 1467 1002 in
1504 944 1707 1000 illicitis

124 1050 602 1106 constitutionibus
633 1045 930 1110 illiciendo,
968 1051 1023 1099 et
1054 1041 1290 1111 antiquis
1315 1054 1378 1094 ac
1414 1033 1706 1092 salutiferis

125 1141 506 1197 traditionibus
523 1136 834 1200 obnitendo,
849 1143 1047 1189 sectari
1061 1134 1082 1186 ?
1094 1131 1248 1199 Quod
1258 1130 1475 1200 quidem
1489 1125 1708 1194 utrique

123 1241 250 1287 tunc
280 1232 503 1296 faciunt,
545 1245 667 1285 cum
701 1227 968 1299 superbizn
1005 1233 1167 1279 vento
1209 1221 1378 1277 inﬂati
1419 1226 1512 1273 aut
1553 1215 1706 1271 fran-

124 1323 414 1394 gendarum
447 1328 541 1376 aut
577 1319 973 1376 adorandarum
1012 1314 1308 1386 imaginum
1337 1323 1578 1367 errorem
1623 1322 1710 1361 ar-

124 1415 340 1484 ripiunt.
378 1412 548 1468 Porro
581 1411 725 1481 quod
761 1409 994 1477 majores
1027 1420 1153 1462 suos
1183 1419 1284 1460 ova
1318 1401 1563 1471 aspidum
1584 1414 1713 1469 pro-

125 1505 326 1569 tulisse,
356 1512 411 1559 et
441 1503 600 1558 telam
630 1515 841 1555 araneae
869 1499 1105 1555 texuisse
1138 1502 1409 1560 asserunt,
1446 1507 1554 1547 non
1590 1505 1708 1545 me-

121 1595 330 1648 diocres
357 1593 458 1647 sibi
490 1592 545 1646 in
572 1592 674 1646 hac
695 1597 850 1660 parte
874 1586 1226 1643 contumelias
1251 1583 1492 1638 inferunt
1517 1599 1530 1634 :
1555 1579 1711 1650 quip—

118 1700 350 1756 pe,cum
388 1684 511 1739 idco
547 1698 736 1739 eorum
775 1696 875 1737 ova
909 1682 1037 1746 sint,
1078 1679 1333 1749 quoniam
1365 1683 1457 1732 aut
1499 1674 1566 1728 ab
1607 1671 1710 1727 illis

115 1752 246 1829 sunt
299 1789 398 1844 per
445 1769 627 1828 carnis
676 1771 958 1827 materiam
1010 1769 1319 1840 propagati,
1372 1773 1466 1820 aut
1517 1761 1710 1818 studiis
1737 1752 1788 1816 Β

116 1865 456 1934 quibuslibet
482 1864 694 1929 imbuti,
721 1871 815 1917 aut
842 1870 988 1918 certe
1009 1875 1106 1930 per
1131 1873 1390 1914 manuum
1421 1851 1714 1926 impositio-

115 1972 242 2012 nem
267 1956 324 2011 in
348 1955 733 2011 ecclesiasticis
751 1953 1033 2009 ordinibus
1053 1949 1384 2015 consecrati;
1410 1954 1464 2002 et
1486 1945 1606 2000 ideo
1627 1957 1716 1999 eo-

116 2062 241 2100 rum
269 2046 378 2101 tela
401 2052 548 2111 sunt,
570 2045 696 2114 quia
729 2045 796 2099 ah
832 2042 941 2098 illis
975 2049 1069 2096 aut
1100 2057 1165 2098 ex
1199 2039 1421 2094 traduce
1458 2049 1716 2105 corpora-

114 2139 262 2205 liter,
306 2146 400 2193 aut
441 2153 507 2193 ex
553 2137 801 2193 doctrina
846 2135 1161 2205 spiritaliter
1200 2138 1325 2188 sunt
1366 2130 1548 2186 orditi.
1604 2126 1717 2183 Ova

114 2244 244 2301 ergo
293 2230 539 2300 aspidum
593 2236 648 2283 et
699 2228 862 2282 telam
915 2241 1129 2281 aranete
1177 2241 1238 2281 se
1287 2239 1394 2279 non
1443 2221 1716 2279 immerito

113 2329 453 2392 nuncupant,
482 2319 609 2390 quia
635 2327 688 2375 et
711 2333 871 2376 aures
900 2332 1027 2373 suas
1055 2317 1337 2383 obturant,
1370 2329 1440 2370 ne
1471 2312 1718 2382 Scriptu-

111 2429 308 2469 rarum
346 2414 510 2467 verba
547 2413 800 2466 interiore
835 2426 963 2465 aure
1004 2410 1260 2476 audiant,
1301 2425 1421 2479 quae
1462 2409 1624 2463 unius
1659 2414 1717 2462 et

107 2502 288 2557 solius
327 2501 422 2556 Dei
463 2500 664 2556 cultum
705 2508 761 2555 et
796 2500 1164 2554 adorationem
1204 2499 1523 2562 instituunt,
1559 2506 1614 2553 et
1647 2497 1716 2552 ad

108 2593 415 2662 capiendas
438 2592 554 2648 sive
590 2591 892 2647 illiciendas
927 2592 1135 2647 animas
1172 2605 1433 2645 novarum
1468 2598 1525 2644 et
1558 2589 1716 2644 inuti-

108 2685 247 2739 lium
265 2683 711 2740 constitutionum
729 2682 892 2738 telam
909 2681 1292 2753 praedicatione
1303 2679 1469 2736 ordiri
1487 2687 1542 2735 et
1555 2693 1718 2749 opere

107 2781 304 2830 texere
322 2789 431 2830 non
450 2782 717 2838 metuunt,
740 2781 795 2829 et
815 2774 1110 2828 secundum
1132 2787 1284 2827 suam
1305 2769 1712 2841 professionem,

106 2867 203 2935 qui
245 2866 443 2920 eadem
478 2879 579 2919 ova
611 2879 732 2920 esse
769 2863 1060 2930 desiderat,
1097 2862 1412 2918 basiliscum
1448 2861 1718 2916 introrsus

103 2958 380 3020 Inveniet,
409 2959 536 3026 quia
561 2956 807 3012 videlicet
835 2957 1142 3026 quicunque
1166 2969 1354 3011 eorum
1382 2953 1717 3024 praedicatio-

108 3065 178 3104 ne
222 3049 306 3105 uti
358 3050 587 3119 appetit,
621 3048 913 3104 mortifera:
944 3048 1001 3102 in
1049 3047 1130 3103 eis
1178 3047 1483 3102 traditionis
1527 3044 1713 3101 ﬂatum

109 3141 343 3212 reperit,
499 3113 626 3197 dum
682 3140 830 3210 cupit
876 3138 1077 3196 famem
1124 3137 1277 3195 verbi
1327 3137 1712 3208 praedicatione
1735 3113 1788 3184 θ

107 3236 394 3291 solaturus
437 3233 709 3304 quoddam
741 3231 982 3302 reperire
1023 3231 1346 3294 remedium,
1395 3230 1566 3284 vitam
1592 3243 1719 3300 per-

105 3325 333 3381 diturus
362 3325 588 3380 internae
611 3323 800 3380 salutis
822 3323 1024 3394 reperit
1048 3320 1407 3393 dispendium.
1457 3319 1585 3376 ldeo
1619 3320 1718 3391 igi-

107 3424 200 3468 tur
224 3415 313 3471 eis
330 3416 387 3469 in
405 3422 589 3471 nostra
605 3413 968 3483 disputatione
990 3426 1214 3484 parcere
1236 3410 1678 3482 parvipendimus
1695 3450 1714 3477 ,

101 3507 236 3576 quia
265 3520 371 3560 eos
392 3505 608 3560 sibimet
631 3505 686 3558 in
715 3519 810 3559 sua
839 3504 1204 3573 disputatione
1230 3502 1534 3573 pepercisse
1558 3502 1718 3557 mini-

102 3612 194 3651 me
243 3595 581 3664 reperimus,
633 3595 729 3649 sed
773 3603 992 3664 accepta
1030 3595 1097 3650 ab
1131 3595 1242 3649 illis
1286 3594 1716 3664 reprehendenti

99 3685 357 3742 materia
385 3683 495 3738 suis
522 3699 616 3740 eos
640 3683 859 3753 spiculis
877 3683 1200 3753 iaculamur.
1239 3683 1369 3751 Quae
1397 3685 1580 3740 omnia
1603 3701 1716 3744 non

98 3778 226 3833 sine
259 3774 559 3832 dilectione
606 3773 854 3840 facimus,
898 3775 994 3830 sed
1040 3776 1159 3830 haec
1204 3775 1431 3846 agimus,
1466 3776 1596 3846 quia
1621 3792 1719 3833 eo-

99 3884 232 3924 rum
283 3868 365 3922 ab
411 3882 598 3922 errore
643 3865 1054 3922 conversionem
1100 3867 1320 3933 inimus,
1349 3867 1397 3922 si
1441 3867 1580 3924 forte
1619 3868 1720 3923 ali-

100 3959 340 4030 quando
361 3957 563 4014 erroris
581 3957 665 4013 sui
682 3964 932 4029 portenta
952 3957 1480 4028 sequicontemnant,
1508 3967 1562 4014 et
1575 3958 1718 4016 viam

100 4065 228 4122 quae
249 4053 416 4110 ducit
447 4055 517 4111 ad
537 4054 704 4110 vitam
729 4054 995 4126 perpetim
1021 4053 1310 4110 tenendam
1334 4060 1610 4124 appetant.

701 4164 930 4223 CAPUT
953 4161 1140 4221 XXIII.

101 4233 347 4292 Inutilis
374 4245 422 4291 et
447 4237 714 4292 inerudita
736 4237 1094 4306 interpretatio
1121 4251 1300 4306 eorum
1334 4236 1428 4306 qui
1459 4235 1596 4302 dum.
1617 4235 1718 4290 ad-

176 4323 352 4361 orare
386 4317 433 4361 et
464 4307 692 4362 oscuiari
717 4305 881 4361 unum
902 4322 1012 4360 esse
1037 4305 1309 4375 afﬁrmare
1333 4305 1537 4370 uellent,
1569 4307 1720 4360 dixe-

176 4386 318 4455 runt
371 4393 389 4430 :
436 4377 644 4446 Quique
692 4386 1006 4432 sanctorum
1037 4377 1350 4459 principum
1393 4384 1597 4432 nostra:
1625 4376 1719 4431 do-

178 4455 398 4498 ctrina:
433 4456 488 4498 et
540 4461 727 4498 eorum
779 4461 1121 4498 successores
1172 4462 1447 4498 carentum
1497 4453 1715 4498 patrum

178 4456 301 4498 Ctl‘l
311 4460 398 4497 na:
433 4456 488 4498 et
540 4461 604 4499 80

178 4521 539 4575 nostrorum,
567 4523 623 4568 et
655 4515 762 4570 has
789 4518 999 4572 adorari
1050 4515 1594 4581 videlicet'osculari,
1627 4515 1713 4570 id-

177 4585 383 4656 ipsum
433 4583 574 4656 enim
618 4593 926 4656 utrumque,
971 4602 1314 4643 communem
1357 4600 1486 4656 vero
1529 4585 1716 4641 Graece

175 4654 440 4727 antiquae
467 4654 756 4727 locutionis
792 4654 1022 4712 osculari
1053 4667 1110 4712 et
1146 4656 1400 4727 amplecti
1447 4655 1713 4727 designat,

177 4735 238 4798 et
277 4724 582 4798 voluntatis
609 4727 924 4798 extensione
953 4728 1134 4796 aliqua
1177 4724 1448 4798 significat
1490 4724 1713 4798 amoris,

177 4795 363 4850 sicuti
388 4795 501 4849 fero
538 4804 593 4851 et
615 4796 803 4863 offero,
837 4798 994 4852 ﬁrmo
1032 4795 1086 4852 et
1136 4795 1417 4862 confirmo,
1449 4796 1716 4866 participo

177 4874 238 4919 et
270 4866 469 4930 adoro,
500 4867 641 4934 quod
667 4868 1003 4922 demonstrat
1032 4869 1276 4923 osculum
1305 4875 1360 4922 et
1382 4867 1715 4922 extensionis

177 4935 494 5009 amicitias:
537 4937 682 5005 quod
719 4938 869 5009 enim
916 4939 1062 5009 quis
1089 4938 1263 5009 diligit
1297 4947 1354 4994 et
1401 4937 1613 5003 adorat,
1661 4943 1719 4991 et

175 5005 343 5074 quod
371 5006 561 5060 adorat
586 5007 809 5062 omnino
839 5014 894 5062 et
917 5005 1116 5078 diligit.

170 5097 242 5151 In
295 5096 606 5153 differentia
654 5098 820 5154 osculi
865 5108 920 5154 et
961 5101 1450 5172 adorattoms,qute
1494 5101 1600 5158 duo
1640 5097 1719 5154 illi

96 5203 287 5244 unum
319 5202 439 5244 esse
467 5196 684 5258 putant,
729 5204 840 5244 non
879 5198 960 5244 est
1006 5190 1300 5260 plurimum
1340 5192 1713 5256 laborandum,

92 5278 388 5349 quoniam
425 5279 544 5333 haec
570 5279 677 5332 duo
721 5279 942 5334 nomina
994 5289 1146 5336 tanto
1197 5281 1341 5335 inter
1389 5295 1449 5336 se
1495 5282 1718 5346 distant,

89 5376 334 5439 quanto
361 5375 417 5422 et
448 5369 532 5423 hae
571 5381 663 5422 res
690 5383 921 5436 quarum
948 5371 1068 5425 htec
1092 5371 1314 5426 nomina
1342 5378 1467 5424 sunt
1494 5371 1638 5427 inter
1663 5387 1721 5429 se

87 5462 476 5526 discrepant;
500 5467 557 5514 et
587 5459 898 5515 necessario
925 5475 1176 5530 magnam
1201 5461 1408 5515 habent
1452 5461 1520 5515 ab
1562 5459 1723 5514 alter-

89 5563 232 5608 utro
263 5549 689 5617 discretionem,
734 5565 857 5604 cum
882 5559 939 5606 et
972 5551 1102 5620 ipsa:
1138 5565 1226 5606 res
1251 5550 1568 5620 plerumque
1603 5566 1720 5606 ma-

88 5659 279 5714 gnam
340 5643 485 5697 inter
529 5657 589 5698 se
634 5641 873 5697 habeant
919 5639 1365 5712 diremptionem,
1419 5639 1722 5710 prmsertim

91 5749 237 5792 cum
291 5730 572 5792 interdum
596 5742 651 5794 et
688 5732 832 5808 quod
879 5732 1140 5789 adoratur
1187 5748 1296 5790 non
1339 5731 1629 5802 osculetur,
1667 5740 1722 5793 et

1809 490 1904 544 sed
1927 506 2034 546 non
2071 493 2377 558 osculatur;
2417 500 2741 547 venerantur
2773 492 2947 548 sancti
2984 491 3077 562 qui
3115 505 3146 547 c
3191 490 3390 546 srcculo

1808 595 1931 634 cum
1956 583 2241 652 triumphis
2268 583 2588 638 meritorum
2612 585 3001 655 migraverunt,
3027 583 3122 639 sed
3156 597 3256 639 nec
3286 583 3384 638 ad-

1807 669 1952 724 orari
1980 670 2175 726 debent
2197 671 2345 726 cultu
2370 672 2572 739 divino,
2589 687 2688 728 nec
2709 672 2944 729 osculari
2955 679 3204 743 possunt.
3220 670 3394 728 Oscu-

1808 760 1989 815 lantur
2017 774 2048 814 e
2074 763 2346 818 contrario
2374 762 2648 834 coniuges,
2679 763 2856 830 liberi,
2880 781 2982 821 nec
3007 780 3116 821 non
3143 773 3199 820 et
3223 763 3388 832 servi,

1807 866 1909 906 nec
1940 857 2122 907 tamen
2147 852 2460 908 adorantur.
2492 854 2836 911 Manifestum
2857 871 3090 927 namque
3112 864 3197 913 est
3233 872 3394 914 oscu-

1808 943 1923 998 lum
1957 952 2013 999 et
2055 943 2427 1001 adorationem
2453 946 2699 1003 'duarum
2750 964 2935 1004 rerum
2983 951 3199 1004 nomina
3250 965 3392 1007 esse.

1809 1033 2090 1102 Quomodo
2115 1050 2244 1107 ergo
2269 1035 2375 1091 erit
2394 1037 2673 1092 nominum
2703 1045 2855 1093 tanta
2902 1039 2957 1094 in
2995 1055 3156 1096 sensu
3190 1042 3393 1109 unitas,

1809 1142 1934 1184 cum
1968 1142 2148 1182 rerum
2193 1127 2249 1182 in
2293 1127 2568 1182 intellectu
2607 1128 2679 1184 sit
2727 1136 2880 1184 tanta
2931 1130 3254 1185 diversitas?
3289 1131 3398 1202 A_ut

1811 1237 1911 1276 cur
1935 1237 2044 1278 non
2071 1222 2283 1293 possint
2305 1221 2568 1280 vocabula
2589 1221 2791 1279 differri
2821 1223 2877 1277 in
2911 1239 3093 1288 sensu,
3121 1239 3242 1278 cum
3267 1239 3400 1294 pos-

1811 1313 1919 1367 sint
1978 1314 2365 1370 vocabulorum
2415 1315 2653 1384 origines
2716 1314 2920 1370 diﬂ'erri
2959 1317 3017 1372 in
3069 1317 3236 1371 actu?
3279 1316 3400 1373 Non

1810 1403 1956 1458 enim
1981 1419 2069 1460 res
2093 1414 2218 1460 sunt
2246 1406 2477 1461 condita:
2505 1414 2728 1477 propter
2768 1408 3008 1473 nomina,
3037 1408 3132 1464 sed
3177 1410 3400 1468 nemina

1809 1503 2032 1566 propter
2053 1509 2160 1562 res,
2183 1511 2284 1550 nec
2300 1495 2629 1551 credendum
2653 1503 2738 1550 est
2759 1503 2818 1550 ut
2841 1512 2932 1551 res
2953 1504 3203 1565 aptentur
3225 1499 3402 1553 nomi-

1811 1584 1990 1649 nibus,
2016 1584 2110 1640 sed
2135 1584 2353 1640 nomina
2375 1585 2557 1653 potius
2587 1592 2838 1654 aptentur
2867 1586 3046 1652 rebus,
3069 1588 3325 1656 quoniam
3343 1597 3400 1643 et

1813 1677 2150 1748 protoplasto
2193 1676 2488 1732 animantia
2524 1676 2755 1732 adducta
2789 1691 2820 1730 a
2850 1676 3076 1732 Domino
3120 1678 3287 1736 fuisse
3336 1690 3400 1736 ut

1813 1769 2020 1825 videret
2047 1770 2177 1839 quid
2197 1778 2416 1825 vocaret
2434 1783 2518 1836 ea,
2547 1768 2824 1840 leguntur;
2855 1769 3018 1825 rebus
3045 1770 3190 1826 enim
3229 1786 3261 1826 a
3287 1771 3400 1828 Deo

1812 1859 2044 1916 conditis
2079 1860 2225 1914 idem
2269 1860 2490 1915 humani
2517 1859 2730 1930 generis
2763 1867 2920 1930 pater
2964 1861 3182 1917 nomina
3226 1861 3398 1930 dedit,

1811 1965 1919 2004 non
1950 1949 2260 2005 nominibus
2297 1965 2328 2004 a
2349 1965 2408 2005 se
2437 1949 2671 2005 conditis
2701 1965 2789 2006 res
2820 1951 3150 2026 quibusipsa
3175 1954 3400 2010 nomina

1813 2040 2023 2096 inderet
2050 2041 2116 2096 ad
2149 2056 2208 2096 se
2233 2041 2494 2097 adductas
2519 2042 2814 2112 perspexit.
2842 2041 2995 2098 Plato
3023 2043 3254 2112 denique
3277 2045 3402 2115 phi-

1812 2130 2068 2202 losophus
2111 2132 2335 2188 nomina
2379 2132 2648 2187 naturalia
2693 2148 2813 2189 esse
2856 2136 3157 2202 constituit,
3199 2145 3253 2192 et
3298 2138 3404 2194 hoc

1812 2221 1940 2276 hinc
1975 2223 2206 2292 probare
2251 2224 2544 2288 contendit,
2594 2225 2738 2294 quod
2782 2227 3024 2295 quaedam
3067 2228 3306 2298 supellex
3347 2239 3409 2287 et

1813 2317 2209 2386 quodammodo
2238 2317 2660 2372 instrumentum
2695 2319 2804 2374 sint
2830 2319 3061 2376 invicem
3087 2336 3246 2377 sensa
3277 2337 3405 2394 pro-

1815 2408 1990 2473 dendi,
2020 2409 2346 2464 naturalium
2385 2423 2516 2463 vero
2560 2409 2921 2479 supellectiles
2949 2419 3074 2466 sunt
3102 2413 3402 2480 naturales,

1813 2507 1874 2555 ut
1895 2499 2037 2555 oculi
2069 2501 2427 2556 instrumenta
2459 2501 2679 2570 quidem
2705 2509 2830 2556 sunt
2855 2502 3090 2570 videndi,
3122 2504 3215 2574 qui
3253 2506 3406 2562 visus

1814 2605 1906 2647 res
1925 2591 2188 2646 naturalis
2211 2600 2314 2657 est,
2339 2607 2506 2661 quare
2533 2592 2720 2648 oculos
2749 2607 2963 2664 quoque
2990 2597 3265 2652 naturales
3286 2612 3410 2656 esse

1813 2698 2038 2740 necesse
2057 2694 2170 2751 est;
2201 2685 2277 2740 ita
2296 2685 2460 2741 etiam
2484 2686 2658 2741 oratio
2678 2701 2860 2741 rerum
2879 2688 3204 2743 naturalium
3227 2692 3411 2762 supel-

1815 2773 1904 2830 lex
1948 2784 2030 2832 est
2058 2785 2220 2849 atque
2261 2777 2697 2844 instrumentum,
2729 2778 2786 2832 id
2840 2787 2942 2846 est,
2991 2783 3406 2854 sententiarum,

1816 2883 1984 2940 quare
2006 2870 2121 2940 ipsa
2166 2885 2384 2941 quoque
2409 2878 2492 2926 est
2532 2869 2818 2927 naturalis.
2853 2870 3176 2928 Aristoteles
3218 2883 3406 2933 autem

1819 2963 1952 3018 dicit
1989 2977 2097 3019 non
2138 2963 2434 3020 secundum
2478 2970 2729 3019 naturam
2770 2978 2891 3020 esse
2935 2965 3256 3031 orationem,
3309 2969 3410 3029 sed

1815 3054 2111 3110 secundum
2153 3054 2410 3124 placitum
2433 3095 2449 3122 ,
2489 3056 2742 3126 quocirca
2775 3071 2878 3112 nec
2923 3070 3042 3114 esse
3100 3059 3407 3116 orationem

1815 3149 2203 3222 supellectilem
2228 3149 2550 3206 naturalem.
2582 3150 2735 3218 Quod
2771 3151 2918 3208 enim
2957 3152 3090 3208 dicit
3127 3167 3237 3208 non
3285 3169 3411 3212 esse

1813 3242 2255 3309 instrumentum,
2285 3258 2393 3298 non
2427 3244 2558 3300 dicit
2585 3259 2693 3300 non
2717 3259 2816 3316 per
2853 3244 2958 3300 hoc
2983 3245 3404 3303 instrumentum

1812 3348 1971 3392 sensa
2004 3333 2260 3404 proferri,
2292 3335 2389 3391 sed
2416 3343 2629 3392 tantum
2667 3351 2783 3392 rem
2816 3351 2956 3404 esse,
2983 3337 3282 3393 orationem
3317 3353 3407 3394 se-

1813 3423 2048 3482 cundum
2084 3424 2428 3496 positionem,
2471 3441 2570 3496 per
2606 3443 2767 3498 quam
2812 3428 3060 3498 proprias
3109 3428 3410 3485 sententias

1813 3516 2270 3573 demonstremus.
2296 3516 2442 3573 Idem
2473 3531 2686 3589 quoque
2708 3519 3077 3590 philosophus,
3104 3519 3190 3575 cui
3219 3519 3274 3574 in
3300 3520 3408 3577 hac

1813 3617 1969 3681 parte
2003 3609 2137 3666 ﬁdes
2164 3610 2506 3681 potissimum
2531 3611 2834 3669 adhibenda
2861 3619 2964 3678 est,
2995 3612 3051 3667 in
3079 3611 3220 3668 libro
3250 3611 3408 3668 Peri-

1815 3700 2219 3757 hermeniarum
2244 3719 2259 3756 :
2290 3720 2309 3753 ‹
2341 3701 2550 3759 Nomen
2568 3702 2699 3758 dicit
2725 3715 2844 3758 esse
2867 3718 3056 3759 vocem
3088 3703 3402 3773 signiﬁcati-

1815 3807 1942 3848 vam
1996 3794 2292 3850 secundum
2331 3794 2590 3863 placitum
2639 3793 2756 3847 sine
2797 3800 3060 3860 tempore,
3106 3814 3125 3846 ι
3181 3795 3236 3849 id
3291 3803 3402 3858 est,

1815 3901 2013 3942 nomen
2033 3901 2152 3942 esse
2172 3901 2380 3941 vocem.
2415 3885 2522 3939 Sed
2551 3898 2743 3938 vocum
2779 3883 2898 3936 alia:
2923 3893 3049 3938 sunt
3080 3899 3199 3952 qua:
3235 3887 3399 3954 signi-

1816 3977 2002 4041 ficant,
2053 3975 2172 4028 aliae
2217 3988 2337 4044 qum
2394 3971 2526 4027 nihil
2573 3969 2912 4040 significant;
2961 3987 3158 4026 nomen
3218 3984 3402 4031 autem

1815 4066 2085 4139 signiﬁcat
2111 4063 2167 4120 id
2195 4063 2347 4132 cujus
2372 4078 2568 4120 nomen
2597 4071 2681 4117 est
2707 4076 2722 4116 :
2755 4076 2952 4116 nomen
2982 4061 3150 4134 igitur
3182 4072 3264 4119 est
3297 4081 3403 4122 vox

1817 4156 2194 4231 signiﬁcativa.
2224 4155 2428 4210 Vocum
2453 4153 2931 4225 signiﬁcativarum
2954 4153 3074 4208 alia:
3094 4164 3220 4209 sunt
3243 4163 3404 4210 natu-

1817 4252 2024 4316 raliter,
2073 4249 2193 4305 aliae
2236 4262 2344 4303 non
2394 4244 2735 4300 naturaliter.
2787 4243 3119 4300 Naturaliter
3165 4255 3248 4302 est
3297 4257 3438 4304 vox'

1818 4343 2195 4415 signiﬁcativa,
2218 4348 2278 4398 ut
2309 4355 2374 4395 ea
2400 4354 2520 4409 qua:
2541 4337 2755 4394 dolores
2793 4337 3114 4392 naturaliter
3137 4347 3407 4396 monstrat

779 4429 1715 4537 sﬁécéssof-eséérégiuﬁimdtmjn
1741 4473 1798 4537 Β
1819 4444 1912 4492 aut
1940 4437 2153 4508 gaudia,
2197 4443 2258 4490 ut
2302 4440 2426 4490 sunt
2464 4429 2894 4500 interiectiones;
2938 4446 3047 4486 non
3086 4432 3408 4488 naturaliter

791 4518 996 4537 dum,
1050 4517 1294 4537 ηελλ--.
1346 4517 1569 4537 ------..ε
1627 4516 1640 4537 ε
2003 4529 2016 4537 .
2229 4527 2257 4537 ..
2679 4530 2690 4537 .
3119 4523 3136 4537 .
3361 4525 3376 4537 .

1816 4545 1946 4586 vero
1973 4527 2344 4600 signiticativae
2383 4539 2543 4581 voces
2572 4530 2714 4589 sunt,
2757 4537 2892 4594 quas
2937 4523 3232 4580 secundum
3258 4525 3408 4596 posi-

1817 4623 2020 4678 tionem
2070 4633 2193 4675 esse
2244 4617 2494 4672 dicimus.
2545 4615 2852 4671 Secundum
2900 4617 3227 4686 positionem
3275 4631 3410 4676 vero

1819 4722 1962 4779 sunt,
2003 4725 2136 4782 quas
2161 4709 2264 4780 ipsi
2289 4709 2392 4764 sibi
2429 4708 2676 4763 homines
2700 4717 3018 4779 posuerunt,
3058 4712 3196 4768 sicut
3230 4710 3285 4765 in
3312 4725 3409 4766 su-

1817 4806 2030 4880 periore
2058 4802 2304 4873 exemplo
2345 4800 2488 4872 quod
2516 4799 2582 4855 de
2615 4800 2811 4858 Genesi
2852 4803 3200 4871 sumpsimus,
3250 4815 3406 4854 mon-

1819 4903 2049 4953 stratum
2093 4901 2194 4958 est,
2243 4907 2364 4962 quae
2416 4889 2625 4960 singula
2675 4891 2830 4962 sequi
2877 4890 3245 4959 longissimum
3295 4896 3427 4942 est.

1823 4987 2074 5043 Osculum
2123 4985 2331 5041 interea
2381 4990 2436 5038 ct
2478 4982 2857 5045 adorationem,
2907 4980 3020 5033 sive
3065 4976 3298 5032 osculari
3351 4987 3409 5032 et

1821 5078 2062 5142 adorare,
2096 5077 2230 5131 duas
2255 5088 2343 5130 res
2390 5087 2507 5128 esse
2537 5071 2829 5142 plurimum
2873 5067 3143 5122 interdum
3178 5065 3321 5121 inter
3351 5081 3412 5123 se

1821 5171 2084 5226 distantes
2137 5163 2482 5221 manifestum
2545 5171 2648 5219 est.
2705 5159 3008 5216 Secundum
3061 5157 3408 5213 stecularium

1821 5260 2122 5315 litterarum
2148 5257 2438 5330 magistros
2474 5254 2579 5309 tria
2617 5260 2740 5307 sunt
2765 5265 2831 5304 ex
2860 5248 3058 5317 quibus
3089 5247 3268 5303 omnis
3293 5248 3409 5301 col-

1821 5347 2022 5404 locutio
2077 5347 2474 5416 disputatioquc
2540 5339 2846 5412 perficitur,
2917 5352 3026 5403 res,
3079 5333 3405 5401 intellectus,

1821 5455 2002 5497 voces.
2042 5439 2150 5494 Res
2190 5445 2314 5494 sunt
2354 5449 2488 5505 quas
2532 5427 2695 5485 animi
2725 5427 2937 5483 ratione
2959 5426 3287 5498 percipimus
3325 5423 3408 5477 in-

1822 5531 2146 5600 tellectuque
2176 5525 2547 5586 discernimus,
2573 5526 2631 5573 ut
2653 5523 2736 5570 est
2762 5515 3012 5585 adorare,
3039 5517 3122 5573 vel
3147 5509 3406 5582 osculari,

1823 5621 1908 5678 vel
1956 5619 2157 5688 aliquid
2192 5610 2516 5683 hujusmodi.
2555 5604 2862 5664 lntellcctus
2909 5623 3040 5665 vero
3083 5610 3166 5661 est
3191 5600 3411 5668 quidam

1821 5711 1990 5772 animi
2011 5709 2163 5780 vigor
2187 5720 2292 5775 quo
2326 5717 2414 5762 res
2455 5702 2598 5774 ipsas
2635 5692 2992 5770 addiscimus,
3030 5707 3086 5757 et
3123 5689 3258 5768 quid
3276 5691 3413 5753 inter
