4008 6154
608 316 745 373 1235

1538 308 1600 362 Β.
1640 305 1891 361 CAROLI
1924 301 2139 359 MAGNI
2173 300 2326 358 OFP.
2364 304 2545 361 PARS
2578 304 2645 361 11.
2685 303 2926 364 SEC’I'IO
2958 304 3023 365 Il.

3698 276 3888 372 ἠδε

607 445 664 487 se
688 429 889 484 distent
923 424 1302 483 discernimus.
1319 384 1505 477 Voces
1540 420 1736 490 quibus
1765 419 1818 473 id
1855 417 1998 487 quod
2029 415 2189 470 intel-
2214 418 2269 478 Α
2291 416 2420 482 sint,
2448 419 2543 473 sed
2584 420 2725 476 sicut
2750 421 2838 477 illa
2884 424 2990 478 duo
3018 422 3088 479 ab
3114 424 3376 481 alterutro
3405 424 3761 497 dirimuntur,
3812 432 3885 487 ita

605 519 748 579 Icotu
772 518 1016 589 capimus
1040 514 1428 585 signiﬁcamus,
1456 520 1517 568 ut
1547 527 1646 581 pro
1684 526 1750 566 eo
1786 511 1932 578 quod
1974 519 2058 565 est
2093 506 2188 561 ad-

604 627 766 671 orare
787 612 1018 668 dicimus
1039 608 1302 672 adoratio,
1334 622 1435 677 pro
1458 621 1523 661 eo
1536 604 1680 674 quod
1697 611 1779 659 est
1800 601 2034 657 osculari
2056 600 2189 655 dici-

589 720 729 768 ~mus
770 706 1035 759 osculum.
1081 700 1181 756 Est
1233 699 1379 755 aliud
1424 697 1679 766 quiddam
1731 693 1873 764 quod
1923 692 2189 763 signiﬁcat

603 810 801 849 voces:
832 794 918 849 ha:
938 800 1064 849 sunt
1088 791 1311 857 litterae;
1349 791 1543 845 harum
1565 788 1708 850 enim
1749 785 1971 853 scriptio
1995 799 2189 839 vocum

590 872 929 957 signiﬁcatio
964 892 1066 941 est.
1114 882 1252 939 Cum
1287 882 1452 953 igitur
1476 880 1593 935 Ιιιεο
1638 884 1765 932 sunt
1788 886 2041 946 quatuor,
2077 890 2186 940 res,

599 976 938 1041 intellectus,
981 991 1115 1040 vox,
1159 975 1369 1040 littera,
1416 986 1529 1027 rem
1575 968 1811 1039 concipit
1851 968 2187 1032 intellectus,

591 1051 939 1122 intellectum
970 1082 1101 1121 vero
1128 1080 1289 1121 voces
1336 1064 1638 1133 designant,
1675 1062 1821 1130 ipsas
1861 1076 1991 1115 vero
2030 1073 2191 1113 voces

596 1150 796 1213 littera:
836 1158 1161 1229 signiﬁcant.
1208 1157 1361 1212 Unde
1397 1164 1451 1209 et
1500 1153 1754 1224 praefatus
1789 1154 2109 1209 Aristoteles
2134 1154 2190 1207 in

600 1247 1022 1305 Perihermeniis
1053 1249 1166 1303 suis
1189 1250 1301 1302 ait:
1338 1266 1359 1298 ι
1399 1246 1534 1300 Sunt
1564 1262 1693 1315 ergo
1727 1258 1790 1298 ea
1829 1259 1949 1314 qua:
1983 1252 2108 1299 sunt
2134 1243 2190 1296 in

600 1358 736 1400 voce
759 1360 948 1399 earum
979 1358 1098 1413 qua:
1133 1352 1259 1397 sunt
1288 1344 1347 1410 in
1368 1342 1548 1396 anima
1588 1341 1899 1409 passionum
1940 1346 2107 1401 notas;
2137 1344 2192 1391 et

602 1451 667 1492 ea
710 1451 830 1505 qua:
869 1436 1199 1499 scribuntur,
1254 1448 1442 1488 eorum
1494 1446 1615 1501 quae
1667 1439 1793 1485 sunt
1843 1430 1897 1483 in
1937 1443 2097 1492 voce;
2136 1435 2193 1481 et

603 1528 1051 1597 quemadmodum
1085 1542 1186 1581 nec
1219 1527 1413 1581 littera:
1450 1526 1700 1581 omnibus
1736 1523 1960 1588 eadem,
1988 1524 2067 1577 sic
2092 1535 2192 1578 nec

601 1619 802 1674 easdem
828 1634 1030 1674 voces:
1061 1632 1089 1660 ι
1120 1634 1352 1687 quarum
1387 1626 1568 1673 autem
1610 1617 1694 1671 ha:
1747 1616 1980 1685 primum
2024 1624 2187 1679 notae,

601 1711 804 1767 eaedem
828 1711 1080 1765 omnibus
1104 1708 1383 1778 passiones
1431 1710 1625 1764 animae
1670 1715 1817 1772 sunt,
1866 1714 1920 1761 et
1958 1719 2187 1775 quarum

601 1805 687 1862 lue
701 1804 1101 1868 similitudines,
1125 1819 1214 1858 res
1236 1804 1397 1857 etiam
1417 1804 1639 1868 eadem,
1671 1821 1690 1854 ι
1718 1800 2024 1855 intellectus
2046 1799 2189 1853 vide-

600 1895 745 1961 licet,
774 1895 932 1965 juxta
975 1896 1329 1952 eruditissimi
1367 1895 1470 1949 viri
1518 1895 1687 1950 Boetii
1734 1891 2184 1961 explanationem,

601 1988 768 2043 animi
817 1989 1109 2057 quamdam
1152 1989 1461 2058 passionem
1503 1988 1820 2057 designans;
1854 2003 1873 2036 ι
1911 1984 2188 2053 quoniam,

603 2086 665 2133 ut
685 2079 827 2134 idem
859 2078 1078 2134 Boetius
1103 2078 1198 2143 ait,
1227 2079 1330 2133 nisi
1361 2079 1652 2147 quamdam
1680 2075 2086 2153 similitudinem
2111 2074 2190 2127 rei

602 2184 765 2240 quam
799 2169 922 2239 quis
957 2169 1226 2240 intelligit,
1258 2171 1314 2225 in
1340 2170 1533 2224 animm
1555 2169 1765 2222 ratione
1785 2167 2041 2236 patiatur,
2070 2164 2192 2220 nul-

600 2260 687 2316 lus
715 2269 798 2316 est
826 2260 1153 2315 intellectus.
1182 2260 1316 2315 Cum
1357 2262 1505 2315 enim
1546 2260 1701 2314 video
1727 2259 1918 2313 orbem
1946 2257 2030 2311 vel
2057 2271 2191 2325 qua-

601 2355 836 2421 dratum,
876 2354 1107 2425 ﬁguram
1138 2354 1258 2423 ejus
1301 2363 1484 2408 mente
1531 2352 1777 2420 concipio
1805 2357 1860 2404 et
1906 2348 2024 2417 ejus
2059 2349 2193 2403 mihi

601 2446 895 2503 similitudo
945 2448 999 2501 in
1047 2446 1243 2500 animae
1290 2446 1501 2499 ratione
1542 2444 1837 2508 formatur,
1885 2443 2194 2511 patiturque

601 2542 783 2596 anima
812 2541 895 2596 rei
918 2539 1205 2595 intellectae
1233 2535 1658 2594 similitudinem.
1689 2537 1842 2592 Unde
1869 2536 1931 2590 ﬁt
1957 2543 2017 2589 ut
2040 2533 2197 2589 intel-

601 2629 774 2687 lectus
799 2638 853 2686 et
881 2630 1179 2686 similitudo
1204 2630 1276 2685 sit
1298 2630 1378 2683 rei
1400 2638 1457 2683 et
1482 2629 1676 2683 animae
1702 2628 1900 2696 passio.
1941 2648 1959 2678 ι
1991 2627 2193 2681 Harum

602 2729 784 2777 anteiri
810 2737 999 2777 rursus
1021 2730 1277 2792 quatuor,
1313 2722 1433 2776 dua:
1469 2730 1595 2775 sunt
1636 2721 1932 2786 naturales,
1959 2721 2078 2774 dum
2104 2734 2194 2774 se-

603 2814 841 2870 cundum
890 2816 1169 2870 hominum
1228 2816 1572 2885 posrtionem.
1623 2816 1792 2872 Voces
1851 2829 2085 2883 namque
2141 2820 2195 2867 et

602 2909 801 2965 litterae
828 2910 1125 2966 secundum
1150 2910 1475 2978 positionem
1506 2918 1647 2970 sunt,
1682 2908 1987 2964 intellectus
2015 2912 2195 2961 autem

601 3008 657 3056 et
685 3016 774 3056 res
797 3002 1139 3057 naturaliter.
1184 3001 1297 3057 Hoc
1345 3002 1441 3057 illo
1476 3003 1825 3073 approbatur,
1872 3002 2016 3070 quod
2054 2999 2195 3070 apud

2289 507 2547 566 nimirum
2571 511 2674 567 hoc
2712 515 2929 569 tertium
2956 517 3025 571 ab
3045 517 3149 572 illis
3187 517 3393 574 duobus
3422 520 3721 590 dirimitur,
3753 525 3885 595 quia

2288 602 2536 659 videlicet
2562 607 2825 676 quaedam,
2877 618 2936 662 ut
2979 610 3225 680 superius
3272 615 3725 680 memoravimus,
3784 618 3884 673 ad.

2287 703 2532 761 orantur,
2580 712 2681 752 nec
2736 701 2993 755 continuo
3048 702 3385 768 osculantur,
3432 707 3677 774 quaedam
3722 724 3884 765 oscu-

2287 782 2470 841 lantur
2497 801 2597 842 nec
2629 792 2884 844 continuo
2908 793 3219 859 adorantur,
3258 795 3516 866 pleraque
3541 798 3883 868 amplectun-

2287 884 2379 931 tur
2401 892 2520 947 quae
2548 895 2649 936 nec
2684 883 2979 937 adorantur
3003 900 3107 940 nec
3141 886 3476 942 osculantur.
3518 888 3881 959 Amplectitur

2286 972 2542 1039 quislibet
2585 976 2815 1043 quodam
2872 987 3068 1034 eventu
3112 979 3316 1050 lignum
3361 988 3453 1035 aut
3501 981 3738 1051 lapidem
3786 993 3881 1043 aut

2284 1060 2579 1126 quamlibet
2611 1078 2744 1127 rem,
2785 1065 2871 1119 cui
2918 1068 3159 1121 osculum
3203 1068 3347 1123 ferre
3389 1069 3719 1139 superﬂuum
3768 1079 3874 1144 est,

2284 1160 2391 1204 nec
2441 1158 2619 1206 tamen
2676 1170 2796 1209 eam
2844 1157 3052 1211 adorat.
3098 1157 3385 1214 Osculatur
3430 1160 3592 1215 etiam
3642 1163 3881 1234 aliquem

2286 1234 2530 1306 priorum
2559 1242 2625 1295 ad
2657 1257 2815 1311 quem
2844 1248 3145 1301 reverentia
3175 1248 3460 1302 cohibente
3502 1250 3592 1303 vix
3620 1253 3879 1307 accedere

2289 1332 2582 1396 praesumit,
2609 1348 2710 1388 nec
2737 1344 2915 1388 tamen
2945 1352 3067 1391 eum
3095 1337 3473 1406 amplectitur;
3500 1351 3698 1408 quanto
3727 1343 3878 1397 enim

2291 1420 2406 1475 haec
2426 1424 2525 1477 tria
2557 1424 2700 1480 inter
2739 1444 2797 1483 se
2832 1437 3020 1482 mutuo
3054 1429 3106 1482 in
3135 1444 3295 1483 sensu
3324 1430 3527 1485 distare
3562 1443 3876 1498 cernuntur,

2293 1517 2442 1566 tanto
2462 1514 2718 1571 nimirum
2743 1532 2773 1571 a
2798 1520 3004 1572 ratione
3028 1520 3214 1572 eadem
3246 1520 3491 1590 exempla
3527 1537 3642 1591 qua:
3668 1523 3739 1576 ab
3771 1523 3906 1597 illis,

2291 1603 2359 1658 ad
2401 1619 2465 1658 ea
2513 1623 2681 1661 unum
2720 1624 2839 1663 esse
2874 1611 3148 1679 probanda
3176 1612 3350 1680 posita
3395 1621 3519 1667 sunt
3550 1614 3743 1670 distare
3777 1600 3903 1670 no—l

2292 1703 2535 1762 scuntur,
2578 1701 2772 1769 quippe
2798 1716 2920 1754 cum
2964 1708 3017 1755 et
3064 1701 3151 1756 illa
3205 1703 3345 1757 inter
3381 1719 3440 1767 se
3467 1704 3750 1774 plurimam
3779 1706 3886 1760 ha-

2294 1785 2457 1840 beant
2483 1789 2813 1855 distantiam,
2835 1800 2890 1846 et
2913 1792 3015 1847 ista
3043 1809 3164 1848 cum
3184 1796 3394 1850 ratione
3418 1796 3620 1850 nullam
3648 1797 3885 1852 habeant

2293 1884 2724 1939 consonantiam.
2756 1885 2950 1940 Dicunt
2973 1887 3115 1941 enim
3142 1906 3155 1942 :
3187 1887 3390 1957 Quique
3412 1899 3716 1944 sanctorum
3737 1891 3887 1960 prin-

2293 1972 2465 2042 cipum
2497 1986 2691 2030 nostra:
2718 1977 2968 2035 doctrina:
2996 1991 3043 2034 et
3070 1997 3247 2034 eorum
3276 1999 3600 2036 successores
3619 1982 3888 2053 egregium

2291 2074 2499 2135 patrum
2540 2076 2854 2136 nostrorum,
2887 2081 2933 2124 et
2974 2072 3072 2125 has
3111 2071 3325 2124 adorari
3364 2071 3598 2125 videlicet
3627 2070 3891 2135 osculari,

2294 2158 2519 2226 idipsum
2548 2161 2683 2213 enim
2712 2171 3000 2235 utrumque,
3032 2177 3354 2214 communem
3396 2177 3511 2212 vero
3541 2160 3756 2214 Gra’cae
3804 2178 3895 2214 au-

2295 2250 2453 2318 tiqua’
2479 2249 2751 2306 locutionis
2778 2250 3005 2303 osculari
3039 2260 3089 2303 et
3123 2249 3364 2320 amplecti
3406 2250 3669 2320 designat,
3712 2259 3775 2303 et
3812 2268 3875 2306 uo

2294 2339 2504 2393 lunlatis
2528 2341 2817 2393 extensione
2838 2339 3015 2410 aliqua
3041 2341 3303 2410 signiﬁcat
3336 2342 3553 2404 amoris,
3583 2341 3748 2394 sicuti
3776 2340 3898 2411 fero

2293 2439 2339 2482 et
2373 2430 2551 2497 offero,
2579 2429 2733 2496 ﬁrmo
2758 2439 2804 2482 et
2833 2430 3108 2498 conﬁrmo,
3144 2432 3402 2501 participo
3434 2440 3482 2483 et
3514 2430 3705 2495 adoro,
3744 2433 3899 2502 quod

2292 2518 2609 2571 demonstrat
2633 2519 2869 2599 osculum
2897 2530 2943 2573 et
2960 2522 3311 2575 extensionem
3339 2521 3605 2575 amicitiae.
3629 2519 3673 2575 Ο
3693 2537 3897 2578 sensus

2294 2610 2627 2665 confundens
2661 2612 2841 2679 potius
2884 2614 3180 2667 sententias
3220 2629 3383 2683 quam
3428 2613 3702 2679 ordinans,
3736 2614 3894 2671 fran-

2295 2718 2428 2773 gens
2451 2704 2628 2772 potius
2658 2705 2818 2758 verha
2849 2720 3008 2774 quam
3035 2703 3352 2775 proferens!
3398 2705 3442 2761 Ο
3476 2722 3705 2762 acumen
3735 2710 3890 2765 omni

2294 2796 2497 2865 pistillo
2527 2796 2827 2850 retunsius!
2871 2795 2915 2851 0
2958 2798 3227 2851 machaera
3258 2798 3507 2866 plumbea
3535 2800 3685 2870 prius
3713 2800 3889 2855 aciem

2296 2889 2589 2942 retundens
2614 2904 2774 2958 quam
2802 2904 2916 2943 rem
2962 2890 3165 2944 incidat
3202 2891 3287 2945 cui
3329 2891 3627 2946 incidendae
3667 2893 3887 2948 adhibe-

2296 2982 2411 3035 tur!
2444 2980 2490 3036 Ο
2526 2982 2671 3035 ensis
2700 2981 2875 3035 mallei
2901 2982 3083 3051 potius
3123 2980 3364 3055 referens
3391 2984 3695 3037 tunsionem
3723 2999 3887 3053 quam

603 3093 846 3152 diversas
873 3101 1062 3164 gentes
1093 3094 1320 3150 diversis
1349 3071 1573 3150 vocibus
1598 3095 1768 3149 utitur
1787 3101 1843 3148 et
1869 3090 2082 3157 litteris,
2117 3090 2196 3145 id-
2222 3110 2270 3174 ο
2299 3071 2459 3143 gladii
2503 3073 2823 3174 feflim‘cm:
2874 3072 3155 3174 Ϊτίιηξθηξ.
3191 3076 3369 3174 [mlius
3428 3075 3685 3129 ιιιίλῑθνίθδ
3722 3090 3888 3144 quam

605 3186 752 3242 circo
776 3185 1029 3255 quoniam
1055 3186 1158 3255 ipsi
1184 3198 1350 3242 voces
1389 3187 1586 3256 quibus
1613 3193 1913 3249 uterentur,
1952 3192 2009 3239 et
2051 3183 2198 3238 litte-

605 3293 699 3335 ras
749 3277 946 3347 quibus
995 3279 1333 3344 scriberent,
1389 3288 1840 3348 composuerunt;
1893 3276 2198 3332 intellectus

610 3376 791 3424 autem
815 3376 869 3423 et
898 3383 988 3423 res
1011 3368 1189 3424 nullus
1212 3369 1412 3438 posuit,
1437 3370 1532 3425 sed
1569 3369 1893 3424 naturaliter
1919 3374 2063 3422 sunt.
2095 3364 2201 3420 Ne-

609 3475 716 3533 que
734 3461 880 3517 enim
902 3462 1047 3532 quod
1066 3461 1209 3531 apud
1232 3461 1507 3517 Romanos
1530 3476 1704 3532 equus
1721 3469 1827 3525 est,
1852 3462 1992 3531 apud
2011 3460 2203 3513 barba-

609 3569 701 3610 ros
729 3568 942 3619 cervus,
988 3554 1085 3608 sed
1120 3552 1264 3620 apud
1292 3554 1535 3608 diversas
1561 3563 1749 3622 gentes
1781 3553 1971 3604 eadem
2017 3564 2198 3603 rerum

611 3651 808 3696 natura
830 3650 933 3696 est.
960 3642 1251 3709 Propterea
1280 3656 1390 3695 non
1413 3642 1558 3708 quod
1586 3657 1686 3696 nos
1712 3640 2063 3709 intelligimus
2083 3655 2203 3695 esse

614 3745 835 3799 equam,
865 3744 1055 3784 canem
1085 3730 1303 3784 barbari
1338 3738 1551 3799 putant,
1596 3732 1691 3786 sed
1735 3731 1923 3786 eadem
1954 3732 2096 3801 apud
2124 3732 2206 3786 di-

613 3820 954 3876 versissimas
1010 3827 1199 3891 gentes
1260 3822 1682 3879 substantiarum
1729 3823 2207 3894 intellectumque

616 3912 758 3967 ratio
781 3918 865 3965 est
891 3912 1204 3967 constituta.
1236 3912 1416 3981 Quare
1450 3916 1569 3971 dua:
1612 3916 1809 3972 harum
1851 3924 1978 3971 sunt
2008 3931 2205 3972 secun-

616 4005 744 4061 dum
782 4006 1063 4061 hominum
1102 4007 1444 4078 positionem,
1482 4009 1537 4066 id
1574 4020 1659 4065 est
1710 4026 1871 4067 voces
1905 4019 1961 4067 et
1990 4011 2207 4080 litterae,

620 4098 738 4154 duae
783 4100 1078 4156 secundum
1122 4111 1395 4168 naturam,
1424 4118 1514 4157 res
1552 4114 1607 4159 et
1635 4103 1939 4160 intellectura
1968 4123 1979 4158 :
2015 4105 2211 4174 quibus

622 4192 964 4248 documentis
995 4201 1330 4249 monstratur
1354 4210 1461 4249 non
1493 4196 1612 4251 ideo
1637 4198 2005 4252 adorationem
2034 4205 2089 4252 et
2115 4214 2208 4254 os-

625 4283 807 4338 culum
828 4299 991 4338 unam
1021 4299 1138 4339 rem
1161 4301 1301 4349 esse,
1331 4288 1576 4355 quamvis
1607 4288 1747 4357 apud
1775 4288 1993 4344 Grzecos
2015 4305 2209 4358 quam-

628 4372 754 4427 dam
799 4374 916 4428 hwc
949 4374 1055 4429 duo
1080 4376 1298 4430 nomina
1350 4377 1584 4431 habeant
1623 4381 2053 4433 consonantiam.
2093 4379 2214 4434 Ple-

2300 3166 2515 3221 secans!
2558 3164 2603 3219 Ο
2653 3166 3048 3237 argumentatio
3083 3166 3158 3220 nil
3206 3166 3474 3221 aﬁirmare
3521 3176 3720 3237 praeter
3763 3183 3891 3223 suos

2300 3268 2553 3316 auctores
2601 3260 2878 3315 dementes
2931 3274 3051 3314 esse
3094 3260 3297 3326 valens,
3350 3260 3423 3314 nil
3476 3262 3767 3331 proposita:
3810 3259 3893 3316 rei

2301 3352 2577 3407 ﬁrmitatis
2603 3350 2880 3415 exhibens,
2905 3351 2999 3406 sed
3025 3353 3361 3411 solummodo
3398 3353 3597 3409 latores
3630 3355 3896 3410 vecordes

2301 3461 2420 3499 esse
2458 3443 2719 3513 pandens.
2753 3444 2834 3499 Ab
2857 3460 2922 3499 eo
2949 3445 3091 3515 quod
3127 3454 3210 3499 est
3245 3446 3356 3515 fero
3376 3455 3430 3500 et
3451 3446 3606 3514 a/fero
3632 3445 3896 3512 adorare,

2292 3534 2535 3599 osculari
2565 3543 2619 3588 et
2654 3535 2903 3605 amplecti
2944 3553 3111 3590 unum
3150 3552 3270 3591 esse
3314 3545 3555 3592 astruere
3590 3536 3807 3602 nititur,
3839 3546 3897 3594 et

2302 3626 2740 3699 praepositionum
2790 3629 2927 3684 vires
2965 3629 3240 3700 ignorans,
3267 3646 3386 3701 quae
3414 3631 3736 3701 plerumque
3764 3631 3896 3686 alias

2303 3724 2488 3791 partes
2517 3728 2887 3795 corrumpunt,
2916 3722 3238 3793 plerumque
3266 3725 3334 3778 ab
3357 3723 3477 3778 aliis
3504 3725 3754 3793 partibus
3776 3741 3897 3780 cor-

2305 3821 2647 3884 rumpuntur,
2696 3812 3013 3883 plerumque
3060 3823 3114 3869 et
3160 3824 3517 3886 corrumpunt
3558 3825 3615 3872 et
3654 3832 3897 3873 corrum-

2304 3904 2525 3975 p‘untur,‘
2545 3904 2813 3960 interdum
2836 3920 2934 3959 nec
2956 3890 3308 3977 corrumpunt
3330 3922 3431 3962 nec
3454 3917 3896 3977 corrumpuntur,

2308 3994 2494 4064 eisque
2538 3995 2957 4068 signiﬁcationes
3000 3997 3291 4068 aliquando
3335 4010 3557 4071 augent,
3606 4001 3901 4069 aliquando

2309 4090 2578 4155 minuunt,
2603 4090 2891 4160 aliquando
2925 4101 3255 4161 permutant,
3296 4095 3425 4149 dum
3473 4110 3606 4149 vana
3645 4095 3899 4165 quaedam

2311 4181 2596 4253 astruenda
2624 4183 2846 4253 appetit,
2869 4184 3022 4239 vanis
3057 4200 3121 4239 ea
3152 4186 3474 4255 quibusdam
3510 4188 3899 4243 assertionibus

2312 4274 2612 4344 approbare
2637 4277 2934 4332 contendit.
2961 4276 3093 4344 Quis
3110 4294 3242 4349 ergo
3266 4279 3478 4349 ignoret
3500 4283 3689 4351 olere,
3715 4283 3897 4351 «vim,

2312 4364 2503 4434 infero,
2527 4366 2760 4435 confero,
2786 4368 2987 4437 aufero,
3013 4369 3212 4439 defero,
3238 4371 3427 4440 refero,
3449 4373 3669 4440 suffero,
3694 4372 3898 4441 differo,

628 4478 862 4534 rumque
883 4479 1013 4535 ergo
1037 4465 1143 4520 duo
1182 4466 1262 4518 vel
1293 4466 1448 4532 plura
1487 4469 1704 4521 nomina
1749 4472 2044 4526 secundum
2073 4486 2201 4541 syn-

2308 4458 2538 4532 profero,
2569 4462 2812 4530 praefero,
2860 4463 3088 4532 perfero,
3120 4472 3174 4519 et
3221 4476 3423 4519 cmterl
3443 4466 3487 4520 si
3526 4482 3631 4533 qua
3662 4474 3791 4520 sunt
3823 4463 3903 4519 his

627 4568 824 4624 onyma
836 4569 999 4608 unam
1020 4552 1465 4622 signiﬁcationem
1484 4558 1702 4624 habent,
1720 4562 2034 4632 plerumque
2047 4563 2211 4617 etiam

628 4658 797 4696 unum
822 4658 1019 4697 nomen
1044 4660 1056 4696 :
1089 4645 1382 4700 secundum
1409 4647 1733 4721 homonyma
1763 4653 1899 4709 duas
1921 4654 2003 4707 vel
2032 4655 2214 4724 plures

630 4750 720 4791 res
746 4732 1033 4805 signiﬁcat,
1065 4752 1165 4792 nec
1200 4745 1377 4793 tamen
1406 4739 1526 4797 ideo
1559 4758 1743 4797 rerum
1771 4747 1906 4803 ordo
1940 4746 2217 4801 confundi-

630 4840 722 4888 tur
769 4839 864 4887 aut
889 4830 1284 4900 quodammodo
1306 4835 1603 4902 mutilatur,
1637 4838 1683 4891 si
1711 4838 1789 4893 eis
1810 4841 1878 4893 ab
1906 4841 2215 4894 hominibus

631 4921 925 4980 secundum
981 4921 1243 4992 placitum
1309 4924 1691 4982 diversissimis
1748 4927 1923 4982 modis
1997 4929 2216 4982 nomina

632 5017 849 5072 dantur.
886 5014 1194 5087 Adjungunt
1222 5017 1430 5073 interea
1466 5019 1552 5073 his
1577 5019 1783 5071 duabus
1813 5018 1975 5071 rebus
2002 5019 2215 5073 tertiam

634 5122 771 5173 rem,
813 5116 873 5162 ut
896 5107 1140 5176 adorare,
1177 5110 1406 5166 osculari
1450 5118 1506 5162 et
1549 5106 1789 5178 amplecti
1828 5124 1992 5163 unum
2035 5110 2218 5166 omnia

707 5250 733 5279 ι
761 5237 997 5305 Quorum
1021 5253 1195 5298 autem
1220 5244 1301 5297 lue
1329 5242 1617 5312 primorum
1649 5249 1805 5307 ποια»,
1825 5244 2017 5299 credent
2044 5236 2220 5299 omni-

637 5308 732 5365 bus
766 5313 1032 5382 passiones
1066 5315 1255 5367 anima:
1290 5308 1411 5369 sunt
1434 5327 1451 5365 :
1476 5320 1525 5366 et
1558 5328 1778 5383 quorum
1809 5314 1890 5367 lue
1919 5316 2218 5370 similitudi~

637 5396 749 5461 uec,
779 5398 859 5461 res
886 5385 1045 5461 etiam
1070 5383 1271 5461 eadem.
1309 5383 1542 5461 _Graecus
1565 5382 1875 5461 Aristotelis
1901 5388 2069 5461 codex
2100 5390 2221 5461 περὶ

638 5450 917 5527 ἑρμηνείας,
938 5454 1188 5526 (Carolus
1204 5456 1439 5527 barbare
1471 5463 1525 5509 et
1564 5455 1811 5523 imperite
1836 5456 1893 5509 in
1917 5450 2224 5527 periherm'i-

640 5522 764 5594 uiis,
814 5526 908 5594 sed
948 5522 1014 5579 ex
1056 5541 1157 5579 usu
1200 5525 1343 5581 illius
1393 5527 1573 5581 smculi
1598 5567 1612 5590 ,
1642 5522 1803 5594 quem
1839 5536 1892 5580 et
1917 5522 2133 5581 "Balbus
2167 5528 2222 5580 in

643 5586 923 5664 patholico
949 5597 1174 5659 notavit,
1208 5597 1489 5651 scribens:
1526 5616 1543 5648 ι
1582 5586 1810 5664 Quidam
1836 5607 2014 5652 tamen
2046 5597 2224 5653 minus

1038 5657 1264 5738 utuntur
1306 5666 1409 5738 hoc
1450 5657 1628 5738 quasi
1643 5668 1859 5723 nomine
1902 5669 2221 5738 composito,

649 5720 857 5780 scilicet
883 5726 998 5784 haec
1017 5732 1419 5792 perihermeuia.
1455 5720 1486 5789 ι’
1520 5736 1602 5793 lta

2314 4555 2532 4620 similia,
2557 4570 2865 4625 quanquam
2916 4558 2984 4612 ab
3033 4573 3098 4614 eo
3142 4563 3306 4615 verbo
3350 4559 3490 4628 quod
3530 4568 3615 4612 est
3645 4560 3768 4626 [ero
3813 4573 3906 4610 ve-

2314 4648 2485 4712 niant,
2513 4649 2772 4704 adhibitis
2813 4657 2869 4705 et
2911 4652 3144 4720 quadam
3168 4666 3236 4706 ex
3263 4662 3408 4721 parte
3434 4648 3710 4717 corruptis
3756 4662 3907 4717 prae-

2313 4741 2671 4811 positionibus
2691 4741 3072 4798 diversissimis
3096 4743 3371 4800 effectibus
3401 4742 3540 4797 inter
3564 4754 3624 4795 se
3647 4739 3702 4793 in
3731 4754 3905 4794 sensu

2288 4832 2558 4887 'distare?
2588 4831 2695 4886 Aut
2728 4834 2851 4902 quis
2907 4835 3113 4890 nesciat
3144 4837 3288 4907 quod
3322 4834 3574 4907 participo
3621 4839 3680 4887 et
3734 4831 3902 4887 adoro

2315 4938 2453 4995 pene
2486 4923 2688 4979 nullam
2731 4941 2922 4982 sensus
2969 4929 3409 4985 concordantiam
3454 4926 3728 4981 habeant?
3754 4925 3903 4994 firmo

2317 5035 2550 5088 namque
2572 5029 2626 5075 et
2647 5021 2920 5089 confirmo,
2949 5038 3256 5093 quanquam
3272 5024 3326 5078 in
3349 5037 3513 5078 sensu
3534 5022 3645 5075 sint
3670 5034 3902 5075 commu-

2318 5109 2428 5175 nia,
2444 5110 2513 5165 ab
2538 5125 2601 5164 ea
2624 5119 2804 5166 tamen
2823 5126 2899 5179 re,
2912 5114 2999 5168 cui
3021 5114 3089 5168 ab
3109 5113 3214 5168 illis
3228 5113 3576 5177 adhibentur,
3590 5124 3818 5180 prorsus
3831 5107 3900 5162 vi-

2320 5260 2443 5299 cum
2467 5262 2482 5327 ξ
2503 5242 2597 5300 Ὧν
2624 5247 2794 5327 μέντρι
2820 5253 2985 5327 ςαῦτα
3004 5251 3253 5327 τιδμιὶιςτως,Δ
3273 5248 3442 5303 ταύτά
3468 5251 3606 5327 πᾶσι
3631 5246 3902 5327 «deriput:

2321 5333 2412 5392 τῆς
2454 5311 2657 5392 {Nar-16':
2688 5321 2772 5372 καὶ
2810 5315 2877 5374 ὧν
2909 5311 3075 5392 τοιᾷτᾶ
3107 5319 3441 5392 Ξὸμοιὼμνατα.
3480 5311 3783 5392 πράγματα’
3810 5311 3900 5392 ᾔδη

2320 5378 2502 5463 rati-ria
2529 5378 2689 5463 :Und‘e
2724 5388 3070 5463 patetdhujus
3106 5378 3205 5444 loci
3242 5378 3572 5457 corruptela,
3603 5378 3772 5463 'q'uam

2325 5459 2484 5513 modo
2527 5456 2742 5535 ivimus:
2768 5456 3120 5535 medicatum;
3164 5481 3182 5510 ι
3213 5456 3444 5535 quarum
3477 5464 3659 5535 autem
3689 5456 3775 5509 hae
3792 5456 3900 5535 prif

2324 5546 2473 5585 mum
2515 5540 2656 5585 uota:
2701 5530 2828 5595 sint,
2875 5532 3078 5587 ewdem
3119 5528 3372 5585 omnibus
3410 5528 3693 5597 passiones
3718 5528 3902 5595 anim

2326 5608 2451 5676 sunt
2486 5619 2498 5654 :
2548 5611 2601 5676 et
2629 5617 2856 5676 quarum
2904 5602 3008 5676 lue
3032 5600 3430 5676 similitudines,
3480 5612 3569 5676 res
3596 5598 3901 5676 etiameta-

2327 5672 2469 5729 dem.
2503 5690 2523 5724 ι
2553 5666 2669 5728 Nec
2697 5670 2854 5727 aliter
2879 5680 2962 5727 est
2995 5672 3050 5727 in
3079 5672 3336 5742 operibus
3362 5669 3609 5725 Severini
3640 5666 3835 5723 Boetii.
