4008 6154
173 233 308 294 12“
944 229 1128 292 LIBRI
1163 227 1506 294 CAROLINI.
1545 265 1615 278 --
1647 237 1871 298 CAPIT.
1913 241 2001 303 DE
2038 243 2230 306 lMAG.
2269 278 2340 295 --
2374 252 2507 311 LIB.
2548 254 2644 314 IV.
3305 268 3448 330 1242

171 365 313 405 mum
339 345 512 420 (Eccl.
535 340 621 421 ιι),
650 345 704 404 id
725 354 831 416 est,
861 349 1132 420 sapientia
1159 350 1258 406 Dei
1279 351 1480 419 Patris,
1512 353 1626 409 sine
1651 368 1756 424 qua
1785 362 1834 422 Α
1862 367 2040 415 autem
2081 361 2224 419 inter
2269 366 2554 428 haereticos
2597 371 2963 442 computavit:
2993 388 3104 434 non
3150 376 3313 451 igitur
3349 397 3446 442 eos

68 504 77 513 ι
169 439 332 494 Pater
377 452 655 509 nunquam
683 436 807 504 fuit,
851 453 974 508 qua:
1002 453 1112 494 non
1154 448 1240 496 est
1263 441 1331 496 ab
1361 457 1426 497 eo
1450 443 1610 509 facta,
1661 443 1756 499 sed
1859 449 2143 511 hazreticos
2203 457 2499 516 credidisse
2547 436 2847 521 credendus
2889 478 3004 525 est.
3065 436 3218 540 Quovd
3261 484 3443 535 autem

167 536 316 596 nata,
350 528 521 585 Filius
556 527 810 585 videlicet
835 531 931 601 qui
954 532 1116 587 unius
1151 539 1234 587 est
1263 547 1388 588 cum
1435 534 1599 592 Patre
1634 536 1757 594 sub-
1858 542 1996 598 idem
2017 546 2347 617 Epiphanius
2374 568 2482 608 non
2508 553 2683 611 solum
2729 558 3024 631 imaginum
3071 527 3441 627 adorationem

167 621 401 688 stantiae,
429 620 846 677 aediﬁcavirsibi
866 623 923 677 in
944 624 1169 694 virginis
1194 632 1349 679 utero
1372 641 1590 696 corpus,
1616 629 1756 704 quod
1855 636 2137 702 spreverit,
2161 654 2348 696 verum
2375 644 2541 698 etiam
2569 660 2662 702 eas
2691 647 2746 702 in
2769 651 3018 710 ecclesiis
3038 655 3228 713 haberi
3248 660 3440 718 nolue-

166 711 426 784 templum
459 713 780 779 nominavit,
814 715 1036 770 dicens:
1064 713 1259 770 Solvite
1280 717 1528 788 templum
1558 721 1676 786 hoc,
1699 728 1756 776 et
1857 723 1946 789 rit,
1973 723 2059 780 his
2091 727 2306 786 indiciis
2329 733 2652 792 declaratur.
2684 737 2743 794 In
2782 741 3008 812 epistola
3037 711 3275 819 namque
3321 767 3442 823 quas

167 810 364 858 caetera
387 803 572 874 (Joan.
594 804 681 875 ιι).
716 803 824 860 Sed
843 820 911 859 ne
930 803 1067 860 forte
1094 805 1210 860 haec
1235 809 1503 862 sententia
1529 808 1605 862 illi
1629 825 1753 866 sen-

162 895 348 950 tentia:
381 894 648 964 refragari
691 896 934 951 videatur
970 912 1091 966 qua:
1131 897 1301 953 dicit:
1331 899 1484 965 Quod
1517 903 1654 956 enim
1692 905 1747 960 in

157 999 225 1039 ea
249 995 434 1039 natum
456 987 614 1041 estde
638 986 839 1058 Spiritu
866 998 1045 1041 sancto
1075 999 1150 1043 est
1175 989 1386 1062 (Matth.
1415 991 1479 1058 ι),
1505 994 1749 1051 animad-

157 1077 486 1133 vertendum
514 1087 596 1134 est
633 1079 773 1149 quod
808 1079 1191 1150 inseparabilia
1216 1082 1324 1138 sint
1357 1099 1523 1154 opera
1569 1088 1749 1144 Trini-

156 1171 312 1239 tatis,
339 1181 396 1228 et
425 1175 565 1243 quod
594 1173 722 1228 facit
748 1173 928 1240 Pater,
955 1174 1085 1230 facit
1113 1176 1300 1243 Filius,
1333 1179 1462 1234 facit
1499 1189 1552 1235 et
1575 1181 1747 1251 Spiri-

156 1269 245 1317 tus
291 1272 533 1329 sanctus,
585 1272 638 1318 et
675 1264 814 1319 sicut
855 1273 982 1320 sunt
1011 1266 1172 1322 unius
1214 1268 1536 1337 majestatis,
1587 1273 1746 1329 unius

157 1353 494 1420 substantiae,
525 1355 685 1411 unius
724 1355 1040 1424 voluntatis,
1087 1359 1162 1414 ita
1209 1361 1374 1416 etiam
1421 1363 1531 1418 sint
1584 1365 1746 1420 unius

103 1427 109 1432 ’
156 1445 502 1512 operationis.
533 1444 670 1500 Tota
719 1448 864 1503 enim
902 1447 1140 1504 Trinitas
1184 1461 1406 1520 operata
1441 1460 1526 1508 est
1570 1455 1624 1508 in
1654 1455 1742 1510 in-

155 1535 466 1591 carnatione
508 1535 741 1603 Domini,
783 1538 879 1594 sed
917 1539 1030 1595 sola
1058 1541 1183 1596 Filii
1228 1558 1458 1613 persona
1505 1547 1744 1617 suscepit

154 1638 392 1679 carnem.
425 1623 562 1680 Nam
593 1626 639 1682 si
665 1627 860 1684 etl'ectu
893 1629 1127 1699 Spiritus
1163 1643 1383 1690 sanctus
1413 1634 1616 1692 factum
1657 1647 1744 1695 est

1857 816 1924 871 ab
1951 815 2043 872 illo
2081 821 2148 874 ad
2174 819 2436 880 Joannem
2478 828 2791 901 episcOpum
2818 834 2984 892 missa
3013 846 3118 904 est,
3163 815 3219 894 et
3241 857 3274 896 a
3312 815 3441 901 Ilie-

1857 922 2082 978 ronymo
2122 911 2189 966 de
2233 911 2423 971 Graeco
2471 918 2526 972 in
2557 918 2810 976 Latinum
2845 925 3118 997 eloquium
3153 932 3438 1002 translata,

1853 999 1928 1055 ita
1951 1001 2220 1057 habetur:
2261 1023 2279 1056 σ
2323 1005 2522 1064 Audivi
2563 1012 2826 1081 quosdam
2865 1023 3193 1076 murmurari
3247 999 3436 1082 contra

1850 1111 1957 1162 me,
2012 1098 2228 1166 quando
2278 1099 2436 1155 simul
2486 1106 2841 1174 pergebamus
2874 1109 2942 1164 ad
2980 1111 3157 1167 locum
3189 1126 3436 1175 sanctum

1849 1186 1942 1255 qui
1973 1195 2200 1260 vocatur
2227 1188 2432 1256 Bethel,
2462 1199 2525 1247 ut
2552 1193 2627 1247 ibi
2658 1195 2941 1253 collectam
2965 1207 3142 1256 tecum
3166 1218 3234 1258 ex
3282 1221 3436 1264 more

1848 1280 2220 1337 ecclesiastico
2256 1283 2513 1352 facerem,
2547 1295 2602 1340 et
2632 1287 2901 1344 venissem
2923 1304 2952 1332 α
2984 1294 3052 1347 ad
3089 1295 3270 1351 villam
3314 1314 3436 1368 qua:

1847 1371 2047 1426 dicitur
2075 1372 2357 1442 Anablata,
2385 1376 2752 1448 vidissemque
2801 1381 2875 1437 ibi
2919 1385 3235 1452 praeteriens
3259 1387 3436 1443 lucer-

1849 1476 1973 1516 nam
2008 1463 2306 1531 ardentem,
2338 1473 2392 1520 et
2417 1465 2836 1538 interrogassem
2865 1473 2955 1540 qui
2983 1473 3133 1530 locus
3166 1485 3309 1532 esset
3351 1477 3435 1534 di-

1849 1554 2207 1626 dicissemque
2229 1571 2350 1612 esse
2371 1558 2675 1624 ecclesiam,
2711 1568 2767 1615 et
2796 1561 3084 1619 intrassem
3107 1575 3168 1619 ut
3192 1582 3430 1636 orarem,

1849 1643 2030 1700 inveni
2058 1646 2133 1701 ibi
2175 1647 2352 1703 velum
2381 1649 2624 1716 pendens
2651 1649 2706 1704 in
2737 1649 2943 1708 foribus
2973 1652 3211 1723 ejusdem
3254 1659 3430 1715 eccle-

151 1729 368 1785 corpus,
395 1717 541 1785 quod
568 1726 623 1773 et
652 1718 870 1774 domum
898 1722 1001 1777 dici
1023 1739 1179 1794 posse
1204 1727 1547 1794 arbitramur,
1573 1745 1743 1799 quare
1773 1711 1821 1772 Β
1846 1737 1942 1793 sia:
1971 1738 2198 1794 tinctum
2247 1711 2410 1810 atque
2457 1742 2750 1813 depictum,
2790 1754 2844 1799 et
2887 1746 3093 1803 habens
3139 1747 3426 1819 imaginem

150 1806 221 1860 ad
274 1821 561 1876 personam
609 1809 811 1866 Christi
857 1813 1086 1870 relatum
1141 1826 1254 1884 est,
1320 1821 1489 1890 quteri
1538 1829 1738 1890 potest.

151 1897 378 1954 Factum
424 1900 547 1955 Filii
575 1901 780 1958 factum
817 1905 995 1963 Patris
1025 1916 1126 1974 est,
1157 1911 1283 1980 quia
1317 1913 1596 1984 utriusque
1634 1929 1740 1970 una

149 1991 326 2045 virtus
351 2000 454 2059 est,
488 1993 650 2049 simili
674 1997 834 2053 modo
871 1999 1035 2054 etiam
1058 2000 1258 2058 factum
1285 2005 1519 2074 Spiritus
1566 2007 1740 2062 sancti

148 2080 354 2136 factum
379 2082 501 2139 Filii
543 2086 641 2141 Dei
695 2096 797 2154 est,
843 2099 1066 2161 prepter
1108 2102 1315 2149 natura:
1359 2105 1414 2150 et
1445 2097 1741 2154 voluntatis

148 2173 432 2229 unitatem.
475 2175 599 2232 Sive
631 2179 777 2233 enim
813 2179 978 2236 Pater
1011 2181 1194 2250 faciat,
1243 2185 1358 2241 sive
1400 2186 1588 2253 Filius,
1625 2188 1748 2245 sive

150 2264 385 2334 Spiritus
407 2277 651 2336 sanctus,
682 2269 920 2328 Trinitas
949 2281 1033 2328 est
1059 2290 1179 2344 qua:
1193 2287 1466 2347 operatur,
1499 2289 1555 2334 et
1583 2279 1740 2349 quid-

145 2356 276 2425 quid
305 2365 416 2413 tres
462 2358 712 2427 fecerint,
755 2362 850 2419 Dei
893 2366 1056 2419 unius
1105 2375 1188 2422 est
1236 2370 1501 2439 operatio.
1551 2370 1739 2427 Potest

142 2449 314 2504 etiam
352 2457 406 2506 et
431 2451 674 2509 Ecclesia
702 2454 894 2510 domus
917 2457 1122 2514 Christi
1143 2461 1335 2530 accipi,
1360 2477 1523 2531 quam
1567 2463 1738 2518 aedifi-

143 2541 293 2594 cavit
325 2541 429 2598 sibi
452 2545 715 2615 sanguine
746 2561 864 2613 suo,
892 2550 1211 2620 ornavitque
1226 2552 1486 2608 virtutum
1506 2555 1735 2625 gemmis

141 2640 196 2684 et
233 2631 682 2689 documentorum
720 2639 1108 2708 comptissimis
1154 2645 1510 2712 ornamentis,
1540 2647 1734 2715 quibus

143 2721 230 2776 isti
282 2739 392 2779 non
440 2727 700 2792 contenti,
750 2730 879 2783 dum
924 2732 1178 2800 quiddam
1216 2749 1415 2790 novum
1441 2751 1735 2808 prorogare

138 2811 258 2880 ejus
313 2814 703 2885 pulchritudini
749 2829 1044 2889 appetunt,
1096 2822 1398 2880 foeditatem
1448 2827 1500 2882 ei
1553 2829 1733 2897 potius

139 2921 310 2973 quam
336 2909 794 2976 pulchritudinem
818 2913 1065 2984 ingerere
1090 2925 1407 2975 noscuntur.

718 3003 944 3063 CAPUT
981 3007 1148 3064 XXV.

136 3086 342 3178 Contrq_
370 3107 457 3178 eos
489 3109 582 3178 qui
630 3094 824 3178 dicunt,
868 3099 1009 3178 quod
1053 3099 1384 3178 Epiphanius
1423 3109 1726 3178 octuaginta

203 3160 436 3250 capitulla
466 3160 680 3250 digessit
707 3165 770 3219 de
791 3160 1218 3250 [imresibus,:q'tti
1240 3182 1434 3250 tame_n,
1457 3160 1725 3250 δὶηἰῆἷᾶᾇὶῖ

201 3246 291 3283 nes
322 3231 548 3287 adorare
574 3235 825 3291 Itwresem
854 3239 1030 3306 sciret,
1061 3231 1115 3294 id
1139 3231 1345 3314 'quoque
1369 3231 1507 3301 inter
1557 3231 1725 3306 hdie}

201 3316 280 3353 se:
310 3310 654 3373 computarat.

197 3388 254 3443 In
279 3391 384 3446 hoc
405 3392 572 3450 etiam
595 3411 850 3468 magnum
880 3415 939 3456 se
960 3402 1238 3459 munimen
1263 3407 1584 3465 adoratores
1625 3426 1722 3468 seu

133 3477 369 3536 cultores
393 3481 690 3554 imaginum
711 3487 982 3547 invenisse
1008 3494 1114 3548 rati
1147 3493 1290 3561 sunt,
1315 3513 1381 3554 eo
1405 3501 1550 3568 quod
1584 3501 1717 3572 Epi-

129 3569 366 3638 phanius
411 3573 653 3642 quidam,
709 3579 800 3648 qui
851 3580 1118 3639 hmresum
1170 3589 1462 3647 varietates
1495 3592 1552 3646 in
1577 3609 1722 3648 Lxxx

128 3660 386 3729 capitulis
412 3661 675 3728 distinxit,
711 3666 759 3720 si
795 3668 1092 3742 imaginum
1138 3677 1506 3738 adorationem
1540 3663 1718 3740 han-e-

128 3769 241 3808 sem
296 3753 486 3820 sciret,
533 3757 851 3815 earumdem
893 3762 1188 3835 imaginum
1215 3772 1528 3829 adoratores
1577 3776 1722 3833 inter

129 3844 419 3901 hmreticos
475 3857 839 3918 computaret.
891 3852 988 3911 His
1032 3860 1199 3915 armis
1243 3878 1362 3931 nos,
1406 3868 1500 3935 qui
1551 3871 1720 3929 solius

130 3934 222 3989 Dei
249 3935 402 3990 cultu
423 3943 478 3991 et
498 3937 815 3999 adoratione
849 3948 1088 4002 contenti
1111 3963 1314 4018 sumus,
1349 3934 1588 4024 plectere
1615 3961 1718 4019 nisi

129 4033 268 4093 sunt,
310 4024 612 4096 hisjaculis
638 4045 740 4086 nos
765 4032 1054 4091 confodere
1080 4040 1254 4096 moliti
1292 4052 1436 4112 sunt,
1486 4047 1572 4103 his
1622 4050 1720 4106 ha-

128 4115 224 4170 stis
250 4132 351 4172 nos
396 4119 670 4176 debellare
698 4126 879 4179 conati
926 4136 1073 4196 sunt,
1121 4130 1206 4187 his
1255 4136 1474 4194 ensibus
1511 4149 1715 4199 nostra:

128 4203 392 4264 libertatis
446 4210 751 4283 irruptores
799 4231 859 4272 se
898 4216 1017 4275 fore
1060 4224 1427 4295 crediderunt,
1456 4239 1518 4286 ut
1558 4236 1714 4304 quasi

127 4298 359 4365 quodam
393 4312 710 4372 argumento
745 4321 778 4362 a
810 4323 1009 4380 genere
1031 4326 1130 4381 per
1154 4319 1442 4385 quamdam
1471 4298 1720 4384 reﬂexio-

1844 1831 1996 1900 quasi
2039 1830 2242 1888 Christi
2291 1834 2375 1889 vel
2404 1836 2576 1891 sancti
2611 1836 2912 1906 cujusdam,
2959 1855 3068 1896 non
3120 1841 3264 1896 enim
3293 1845 3427 1901 satis

1841 1924 2064 1978 memini
2093 1923 2249 1994 cujus
2272 1926 2450 1998 imago
2491 1927 2674 1983 fuerit.
2715 1928 2850 1985 Cum
2886 1945 3015 2003 ergo
3043 1933 3146 1989 hoc
3169 1935 3424 1992 vidissem

1841 2015 1895 2069 in
1926 2017 2153 2072 ecclesia
2165 2017 2367 2074 Christi
2391 2028 2577 2074 contra
2598 2023 2976 2079 auctoritatem
2998 2024 3420 2096 Seripturarum,

1841 2107 2072 2163 hominis
2123 2110 2356 2178 pendere
2397 2112 2709 2180 imaginem,
2755 2114 2889 2171 scidi
2941 2116 3091 2184 illud,
3145 2127 3200 2174 et
3249 2121 3424 2190 magis

1838 2200 1958 2257 dedi
1987 2202 2273 2259 consilium
2308 2205 2622 2262 custodibus
2664 2208 2906 2278 ejusdem
2944 2210 3067 2278 loci,
3113 2221 3176 2268 ut
3221 2227 3423 2284 paupe-

1839 2309 1953 2348 rem
2001 2303 2274 2350 mortuum
2314 2312 2380 2354 eo
2419 2298 2768 2354 obvolverent
2814 2309 2868 2356 et
2907 2300 3204 2371 efferrent;
3239 2303 3422 2375 illique

1837 2393 2026 2439 contra
2055 2395 2457 2442 murmurantes
2478 2389 2719 2444 dicerent
2745 2409 2758 2445 :
2790 2389 2848 2446 Si
2878 2392 3124 2449 scindere
3154 2392 3420 2459 voluerat,

1829 2475 2034 2546 justum
2090 2486 2210 2534 erat
2235 2487 2295 2533 ut
2349 2479 2494 2535 aliud
2519 2482 2673 2537 daret
2719 2483 2896 2538 velum
2952 2493 3114 2554 atque
3164 2495 3418 2541 mutaret.

1834 2569 1990 2637 Quod
2040 2587 2163 2626 cum
2220 2573 2513 2641 audissem,
2549 2589 2636 2629 me
2679 2575 2932 2630 daturum
2981 2591 3101 2632 esse
3150 2577 3422 2648 pollicitus

1833 2677 1974 2728 sum,
1999 2672 2054 2718 et
2081 2663 2224 2719 illico
2252 2679 2372 2720 esse
2418 2667 2733 2722 missurum.
2765 2667 3048 2723 Paululum
3091 2676 3273 2724 autem
3300 2684 3423 2724 mo-

1833 2770 2016 2810 rarum
2042 2755 2144 2812 fuit
2187 2757 2243 2811 in
2272 2758 2466 2823 medio,
2524 2757 2656 2812 dum
2704 2774 2887 2828 quaero
2931 2760 3197 2829 optimum
3244 2759 3423 2818 velum

1829 2863 1929 2918 pro
1957 2863 2022 2904 eo
2052 2850 2286 2905 mittere.
2319 2849 2642 2905 Arbitrabar
2669 2851 2812 2904 enim
2837 2851 2903 2906 de
2930 2849 3109 2922 Cypro
3137 2852 3269 2906 mihi
3299 2866 3422 2907 esse

1830 2939 2174 2997 mittendum.
2203 2941 2359 2996 Nunc
2411 2949 2591 2998 autem
2628 2941 2750 2996 misi
2777 2942 2920 3012 quod
2963 2941 3115 3013 potui
3155 2942 3416 3011 reperire,

1753 3063 1800 3129 ο
1830 3039 1886 3087 et
1932 3047 2129 3102 precor
2170 3044 2232 3087 ut
2251 3030 2444 3102 jubeas
2471 3033 2791 3104 presbytero
2819 3033 2964 3089 illius
2987 3033 3092 3090 loci
3136 3035 3416 3129 suscipere

1829 3123 2006 3179 velum
2027 3140 2058 3180 a
2087 3124 2279 3191 latore,
2313 3125 2457 3194 quod
2484 3139 2517 3178 a
2547 3125 2700 3180 nobis
2733 3125 2960 3180 missum
3009 3133 3114 3191 est,
3158 3135 3213 3182 et
3258 3127 3416 3184 dein-

1827 3230 1953 3286 eeps
1977 3215 2274 3286 praecipere
2310 3216 2367 3270 in
2419 3215 2648 3272 ecclesia
2684 3215 2887 3272 Christi
2918 3217 3226 3275 istiusmodi
3273 3220 3413 3287 vela,

1826 3323 1946 3378 quae
1975 3316 2163 3362 contra
2202 3308 2518 3380 religionem
2566 3317 2808 3366 nostram
2857 3311 3099 3378 veniunt,
3162 3329 3271 3369 non
3314 3330 3413 3386 ap-

1824 3397 2006 3468 pendi.
2055 3398 2220 3452 Decet
2274 3399 2420 3454 enim
2473 3401 2814 3460 honestatem
2868 3415 3016 3462 tuam
3053 3407 3195 3464 hanc
3241 3411 3414 3481 magis

1824 3490 2026 3544 habere
2050 3488 2464 3547 sollicitudinem
2491 3503 2547 3548 et
2569 3497 3055 3566 scrupulositatem,
3081 3514 3200 3570 qum
3245 3501 3408 3573 digna

1823 3590 1906 3638 est
1931 3581 2174 3638 Ecclesia
2196 3583 2416 3653 Christi,
2436 3594 2490 3641 et
2509 3588 2721 3658 populis
2747 3590 2838 3660 qui
2872 3591 2968 3647 tibi
2990 3592 3181 3648 crediti
3205 3602 3351 3649 sunt.
3384 3616 3403 3648 ι

1822 3673 1974 3730 Hanc
1994 3675 2138 3730 enim
2162 3677 2490 3734 sententiam
2523 3679 2590 3735 de
2611 3682 2715 3737 hoc
2743 3685 2958 3755 negotio
3005 3685 3292 3758 Epiphanii
3335 3688 3414 3744 in-

1821 3766 2086 3831 venimus,
2125 3783 2245 3838 qua:
2295 3778 2476 3825 utrum
2503 3771 2772 3828 laudanda
2822 3791 2891 3830 an
2938 3776 3295 3848 vituperanda
3339 3781 3412 3837 sit

1821 3857 2041 3914 lectoris
2085 3859 2312 3914 arbitrio
2349 3861 2682 3917 conceditur.
2737 3862 3006 3920 Caeterum
3050 3871 3299 3924 veniatur
3340 3870 3409 3927 ad

1819 3946 2035 4002 beatum
2055 3947 2434 4017 Augustinum,
2458 3950 2821 4020 interrogetur
2839 3955 2921 4007 vir
2951 3956 3402 4024 sapientissimus,

1820 4038 2124 4108 inquiratur
2169 4039 2358 4096 doctor
2405 4040 2666 4106 eximius,
2721 4043 2866 4098 dicat
2913 4052 3097 4100 utrum
3155 4049 3404 4118 quaedam

1818 4131 2042 4188 haeresis
2090 4132 2385 4205 imaginum
2443 4135 2756 4192 adorationc
2804 4145 3006 4194 utatur.
3058 4142 3209 4198 Fecit
3255 4146 3402 4202 enim

1817 4223 1962 4280 idem
1985 4224 2071 4279 vir
2091 4225 2415 4280 venerabilis
2437 4225 2633 4282 librum
2655 4228 2722 4284 de
2734 4231 3047 4302 octuaginta
3072 4249 3264 4289 novem
3292 4237 3402 4292 ha:-

1816 4315 2044 4383 resibus,
2079 4315 2221 4372 inter
2249 4331 2383 4387 quas
2403 4318 2520 4373 dua:
2545 4317 2841 4391 imaginum
2863 4322 3232 4382 adorationem
3273 4341 3401 4384 cen-

124 4403 249 4445 nem
281 4400 498 4463 sumpto
539 4397 779 4455 dicerent
817 4419 830 4456 :
876 4401 934 4458 Si
984 4404 1095 4473 ille,
1142 4411 1234 4479 qui
1282 4415 1610 4482 generaliter
1645 4421 1714 4477 de
1735 4441 1790 4505 Β
1815 4418 2058 4476 suerunt,
2093 4408 2393 4466 Simoniani
2420 4411 2672 4468 videlicet
2704 4419 2759 4468 et
2793 4415 3198 4486 Carpocratitae.
3245 4419 3400 4490 Quod

126 4482 342 4537 eunetis
387 4483 682 4545 haeresibus
713 4493 1022 4565 disputavit,
1068 4501 1174 4556 hoc
1219 4505 1485 4563 haeresem
1519 4514 1706 4580 sciret,

125 4570 227 4669 hoc
269 4588 488 4644 quoque
519 4577 660 4634 inter
694 4591 916 4643 exteras
953 4590 1189 4650 haereses
1221 4610 1334 4652 sua:
1359 4570 1708 4669 disputationi

125 4660 424 4720 insereret:
463 4683 574 4724 non
615 4680 796 4729 autem
823 4676 878 4732 id
909 4679 1052 4737 inter
1078 4681 1316 4741 haereses
1340 4660 1519 4757 posuit
1571 4708 1708 4763 quas

124 4751 362 4852 digessit,
393 4773 502 4815 non
530 4760 696 4831 igitur
720 4779 822 4834 pro
869 4769 1075 4830 haerese
1119 4751 1410 4834 tenendum
1436 4788 1538 4836 est.
1574 4751 1706 4852 ῥαί-

123 4842 217 4899 bus
238 4863 337 4904 nos
356 4863 385 4904 e
406 4853 678 4910 contrario
695 4861 1127 4928 respondendum
1148 4870 1476 4938 putavimus,
1501 4888 1703 4946 eosque

122 4938 461 5005 propriorum
482 4957 758 5000 armorum
786 4949 1160 5012 instrumentis
1178 4959 1405 5020 Domino
1430 4977 1702 5024 annuente

123 5024 384 5086 deliciare
416 5032 799 5103 disposuimus,
832 5043 1131 5115 eademque
1153 5051 1259 5118 pila
1310 5069 1432 5124 qua;
1471 5059 1539 5113 ab
1594 5061 1701 5118 illis

119 5127 184 5173 ad
213 5137 310 5178 nos
340 5126 509 5182 missa
545 5138 687 5194 sunt,
719 5132 825 5188 illis
848 5137 1116 5195 vibrantia
1146 5144 1530 5219 detorquentes
1557 5153 1694 5210 diri-

119 5223 237 5278 gere
263 5229 371 5314 non
393 5219 760 5314 gravabimur,
788 5225 1026 5286 dicentes
1062 5249 1076 5284 :
1112 5231 1169 5288 Si
1199 5236 1339 5293 idem
1365 5241 1702 5314 Epiphanius

116 5316 206 5357 eos
234 5306 327 5371 qui
357 5305 654 5376 imaginum
683 5310 1049 5375 adorationem
1088 5338 1382 5395 spernunt,
1410 5305 1696 5397 haereticos

115 5393 300 5458 sciret,
347 5396 402 5449 in
432 5412 528 5451 sua
576 5405 814 5468 generali
859 5410 925 5464 de
983 5415 1284 5474 hteresibus
1334 5393 1696 5492 disputatione

113 5499 206 5539 eos
247 5486 392 5540 inter
441 5488 726 5548 htereticos
763 5503 948 5564 procul
989 5505 1154 5559 dubio
1183 5486 1556 5586 computaret;
1588 5539 1693 5581 non

185 5611 209 5639 α
237 5597 323 5671 _A_d
350 5598 528 5654 villam
553 5618 671 5671 qua:
699 5605 892 5661 dicitur
917 5611 1194 5670 Anablata.

118 5669 251 5727 auud
279 5669 614 5731 itinerarios.
644 5673 974 5738 Emendator
1004 5687 1229 5757 mutavit
1257 5669 1614 5760 {6'Ahlti'éi't'ol

1815 4507 1875 4554 ut
1899 4499 2239 4557 manifestius
2269 4501 2382 4568 fiat,
2415 4501 2625 4572 praefati
2659 4502 2899 4563 doctoris
2919 4511 3200 4567 sententia
3231 4513 3308 4569 ita
3338 4521 3399 4568 ut

1814 4589 1870 4646 in
1896 4593 2083 4648 eodem
2127 4594 2268 4650 libro
2294 4595 2577 4663 habentur,
2629 4599 2942 4670 singillatim
2977 4614 3268 4674 ponantur.
3305 4607 3398 4662 Ait

1810 4683 1993 4736 enim:
2038 4701 2057 4734 ι
2094 4684 2390 4741 Simoniani
2418 4702 2450 4741 a
2480 4687 2700 4746 Simone
2728 4690 2904 4764 Mago,
2955 4697 3048 4766 qui
3090 4698 3398 4771 baptizatus

1809 4787 1840 4826 a
1871 4771 2118 4844 Philippo
2155 4773 2413 4843 diacono,
2465 4777 2607 4836 sicut
2651 4782 2708 4838 in
2756 4783 2982 4843 Actibus
3029 4792 3394 4860 apostolorum

1807 4862 2024 4934 legitur,
2054 4866 2282 4935 pecunia
2318 4868 2488 4926 voluit
2513 4888 2543 4926 a
2569 4876 2773 4931 sanctis
2797 4881 3056 4948 apostolis
3081 4899 3286 4950 emere,
3329 4895 3390 4942 ut

1805 4957 1968 5012 etiam
1992 4972 2090 5027 per
2115 4959 2513 5030 impositionem
2536 4984 2730 5025 manus
2753 4970 2870 5039 ejus
2905 4973 3126 5028 daretur
3154 4976 3387 5048 Spiritus

1802 5057 2042 5105 sanctus.
2076 5049 2174 5106 ilic
2203 5054 2428 5123 magicis
2454 5056 2684 5116 fallaciis
2704 5061 2989 5128 deceperat
3013 5065 3230 5122 multos.
3280 5069 3387 5126 Do-

1801 5141 1958 5196 cebat
1991 5150 2171 5197 autem
2215 5144 2587 5204 detestandam
2624 5149 3028 5221 turpitudinem,
3069 5155 3383 5218 indifferen-

1800 5241 1882 5289 ter
1919 5237 2102 5290 uteudi
2122 5235 2359 5306 feminis,
2391 5258 2492 5297 nec
2521 5243 2688 5299 Deum
2722 5241 2985 5301 mundum
3011 5247 3206 5308 fecisse
3233 5255 3383 5311 dice-

1799 5327 1912 5381 bat.
1930 5326 2171 5399 Negabat
2197 5335 2359 5388 etiam
2383 5335 2559 5390 carnis
2588 5335 3058 5404 resurrectionem,
3083 5352 3138 5396 et
3169 5360 3384 5402 asseve-

1801 5419 1956 5475 rabat
2002 5437 2060 5478 se
2090 5423 2388 5492 Christum,
2416 5427 2666 5495 idemque
2686 5423 2874 5480 Jovem
2893 5445 2952 5486 se
2972 5432 3116 5487 credi
3137 5435 3383 5508 volebat,

1797 5511 2092 5571 Minervam
2112 5532 2241 5574 vero
2263 5515 2600 5573 meretricem
2627 5516 2918 5588 quamdam
2940 5522 3182 5587 Selenen,
3209 5539 3389 5594 quam

1257 5621 1595 5736 illa}!
1611 5641 1748 5708 apud
1785 5643 1960 5716 ipsum
2010 5650 2414 5722 Hieronymum,
2465 5648 2540 5703 ita
2587 5650 2642 5707 in
2684 5653 2896 5721 synodo
2927 5651 3252 5729 Parisiensi,‘
3291 5664 3395 5736 ita
