4008 6154
529 303 698 438 12‘5-

1428 363 1489 421 B.
1528 360 1779 421 CAROLI
1813 356 2028 416 MAGNI
2064 342 2214 412 OPP.
2254 350 2434 410 PARS
2467 353 2529 410 ll.
2572 351 2814 411 SECTIO
2850 340 2915 409 ll.

3630 298 3781 419 ea

530 488 632 546 sibi
660 487 863 545 sociam
907 484 1171 542 scelerum
1187 481 1413 548 fecerat,
1439 464 1806 552 imaginesque
1864 486 1918 532 et
1946 489 2102 531 suam
2127 476 2180 536 Δ
2202 479 2350 527 ctum
2388 470 2648 526 mundum
2698 478 2797 536 est,
2846 467 2981 525 nihil
3025 464 3283 525 mundum
3329 454 3622 537 impurum,
3650 460 3785 522 nihil

533 588 588 635 et
612 577 851 649 ejusdem
891 574 1194 631 meretricis
1249 572 1527 642 discipulis
1564 571 1677 626 suis
1700 569 1974 640 prmbebat
2011 568 2107 623 ad-

531 671 765 729 orandas
794 688 809 725 :
831 685 966 740 quas
989 677 1046 725 et
1073 668 1259 725 Romae
1284 675 1545 737 tanquam
1572 666 1794 721 deorum
1816 666 2104 721 simulacra

532 761 854 819 auctoritate
877 759 1089 831 publica
1112 762 1490 816 constituerat.
1519 756 1581 812 In
1609 772 1714 826 qua
1738 758 1873 812 urbe
1913 757 2108 813 beatus

532 852 806 924 apostolus
835 851 1030 907 Petrus
1064 866 1188 907 eum
1231 865 1360 905 vera
1384 848 1769 919 omnipotentis
1794 848 1890 903 Det
1911 848 2102 907 virtuts

533 945 822 1002 exstinxit.
869 942 1090 999 Dixerat
1138 943 1283 999 enim
1328 956 1389 997 se
1426 941 1483 996 in
1525 948 1709 996 monte
1751 940 1881 997 Sina
1934 941 2110 1012 legem

533 1038 702 1111 Moysi
722 1039 777 1095 in
791 1037 970 1093 Patris
988 1051 1219 1108 persona
1254 1036 1466 1091 dedisse
1488 1032 1706 1098 Iudaeis,
1740 1042 1979 1103 tempore
2019 1033 2111 1087 Ti-

530 1130 667 1187 berii
702 1129 756 1184 in
779 1128 898 1184 Filii
931 1143 1160 1198 persona
1188 1129 1428 1197 putative
1451 1129 1790 1198 apparuisse,
1833 1134 2020 1196 postea
2052 1140 2112 1181 se

531 1223 587 1278 in
613 1222 811 1292 linguis
848 1221 1020 1292 igneis
1050 1220 1311 1291 Spiritum
1349 1227 1598 1277 sanctum
1643 1234 1803 1289 super
1842 1216 2112 1288 apostolos

532 1313 744 1370 venisse
770 1327 786 1368 :
814 1312 1089 1369 Christum
1134 1323 1315 1369 autem
1340 1328 1443 1368 nec
1466 1313 1698 1375 venisse,
1732 1326 1834 1366 nec
1856 1328 1887 1366 a
1911 1308 2113 1365 Indicis

533 1404 826 1474 quidquam
858 1404 1165 1475 pertulisse.
1204 1424 1223 1457 ι
1260 1403 1414 1459 Sicut
1445 1401 1608 1459 enim"
1630 1403 1855 1458 haeresis
1885 1418 2004 1473 quas
2044 1402 2113 1457 ab

533 1492 724 1548 eodem
757 1492 976 1548 Simone
1014 1502 1203 1546 exorta
1225 1500 1332 1558 est,
1356 1508 1477 1562 quae
1523 1491 1830 1548 Simoniaca
1867 1500 2110 1558 vocatur,

534 1583 754 1638 omnino
773 1599 804 1637 a
818 1581 1063 1639 ﬁdelibus
1085 1583 1380 1652 spernitur,
1399 1583 1472 1638 ita
1486 1598 1700 1653 quoque
1716 1580 2114 1638 adorandarum

534 1673 827 1742 imaginum
846 1688 980 1729 usus
999 1674 1216 1743 penitus
1253 1675 1588 1744 spernendus
1606 1683 1708 1728 est.
1739 1672 1922 1728 Altera
1973 1688 2110 1743 quo-

534 1779 638 1835 que
660 1764 886 1821 haeresis
905 1770 1008 1828 est,
1036 1778 1157 1833 quae
1185 1764 1331 1820 hunc
1353 1779 1593 1820 errorem
1615 1773 1918 1834 percenset,
1948 1779 2110 1833 quam

533 1855 611 1911 ita
656 1852 915 1924 praefatus
951 1854 1140 1910 doctor
1174 1856 1410 1925 scripsit.
1450 1875 1470 1908 ι
1513 1857 1900 1926 (ὶπροοηιὶιω
1927 1871 1957 1909 a
1984 1855 2115 1911 Car—
2142 1836 2190 1898 Β

532 1953 754 2015 pocrate
798 1953 1095 2014 cmperunt,
1124 1946 1217 2016 qui
1247 1948 1474 2003 docebat
1506 1962 1721 2003 omnem
1749 1954 1962 2016 turpem
1987 1961 2116 2017 cpe-

535 2037 821 2102 rationem,
885 2051 1211 2106 omnemque
1257 2039 1691 2094 adinventionem
1735 2037 1963 2108 peccati,
2015 2052 2116 2092 nec

534 2123 693 2181 aliter
718 2127 872 2183 evadi
915 2137 1077 2201 atque
1126 2129 1341 2184 transiri
1358 2130 1705 2199 principatus
1730 2137 1785 2184 et
1819 2136 2115 2197 potestates

537 2213 731 2283 quibus
764 2216 879 2273 haec
916 2219 1149 2293 placent,
1200 2228 1258 2275 ut
1295 2220 1465 2290 possit
1515 2219 1583 2274 ad
1629 2217 1826 2273 cmlum
1867 2217 2117 2287 superius

534 2305 825 2374 perveniri.
864 2306 965 2364 Hic
1009 2311 1172 2365 etiam
1217 2309 1401 2366 Jesum
1426 2309 1700 2364 hominem
1746 2307 2117 2362 tantummodo

535 2395 685 2449 etde
726 2405 957 2470 utroque
997 2416 1129 2455 sexu
1175 2409 1361 2456 natum
1406 2407 1624 2470 putasse
1664 2397 1997 2467 perhibetur,
2024 2397 2118 2452 scd

536 2486 810 2557 accepisse
846 2492 1010 2547 talem
1037 2493 1291 2559 animam,
1322 2507 1427 2561 qua
1452 2491 1615 2545 sciret
1644 2504 1708 2543 ea
1743 2504 1861 2558 quae
1885 2504 2118 2559 superna

534 2586 717 2632 essent
768 2586 932 2649 atque
988 2584 1282 2637 nuntiaret.
1344 2580 1814 2637 Resurrectionem
1877 2581 2119 2650 corporis

539 2665 698 2720 simul
723 2683 847 2723 cum
890 2669 1007 2742 lege
1050 2671 1357 2742 abjiciebat.
1386 2671 1626 2743 Negabat
1659 2690 1689 2728 a
1734 2673 1846 2727 Deo
1892 2670 2113 2740 factum,

537 2758 633 2812 sed
659 2775 691 2813 a
713 2761 1036 2829 quibusdam
1062 2766 1352 2821 virtutibus
1398 2767 1677 2822 mundum.
1728 2766 1902 2822 Sectze
1948 2768 2119 2839 ipsius

537 2845 705 2906 fuisse
730 2856 962 2912 traditur
989 2859 1135 2914 socia
1163 2860 1408 2929 quaedam
1447 2859 1774 2926 Marcellino,
1808 2877 1927 2932 quae
1976 2863 2121 2919 cole-

539 2949 634 3004 bat
659 2947 919 3019 imagines
936 2944 1064 3005 Iesu
1084 2956 1143 3006 et
1182 2950 1336 3006 Pauli
1370 2960 1425 3008 et
1447 2951 1662 3009 Homeri
1699 2961 1753 3008 et
1776 2953 2118 3024 Pythagorae,

540 3042 814 3097 adoranda
835 3041 1227 3114 incensumque
1255 3044 1521 3114 ponendo.
1556 3064 1575 3096 ι
1604 3043 1738 3099 Nam
1771 3045 1815 3099 si
1846 3042 1986 3099 forte
2021 3045 2121 3103 ali-

539 3134 661 3204 quis
716 3133 941 3203 liujusce
973 3137 1177 3191 erroris
1212 3145 1554 3193 asseverator
1583 3138 1762 3193 dicet:
1817 3136 1940 3192 Ideo
1986 3137 2119 3191 ima-

2204 564 2367 635 igitur
2392 570 2636 618 sanctum
2662 562 2963 634 impurum;
2995 570 3051 618 et
3071 561 3117 617 si
3140 561 3256 617 hinc
3278 560 3613 630 impurorum
3637 558 3787 614 loco-

2204 672 2324 710 rum
2350 656 2506 712 sedes
2527 656 2819 711 secundum
2845 654 3061 710 illorum
3081 668 3364 711 censuram
3383 659 3657 721 quaerunt,
3685 651 3788 706 im-

2205 747 2541 811 munditiam,
2573 762 2692 816 qua:
2722 747 2999 802 sanctitati
3040 745 3311 802 contraria
3350 751 3452 809 est,
3491 756 3603 798 non
3636 758 3792 814 sper-

2205 847 2371 907 nunt;
2405 847 2460 895 et
2484 839 2531 894 si
2555 838 2950 894 immunditiam
2998 852 3108 892 non
3139 843 3419 907 spernunt,
3445 844 3791 905 nequaquam

2206 938 2407 985 sancta:
2452 929 2554 984 dici
2598 937 2843 1000 possunt.
2893 928 2952 983 Si
2997 926 3164 998 igitur
3184 926 3521 998 impurorum
3546 925 3791 983 locorum

2210 1020 2365 1074 sedes
2379 1026 2647 1088 quairunt,
2663 1026 2862 1074 sancta:
2878 1017 3176 1088 nuncupari
3190 1030 3528 1087 nequaquam
3541 1026 3789 1086 possunt.

2210 1109 2346 1163 Nam
2375 1119 2431 1164 ut
2464 1118 2659 1165 cmtera
2689 1109 2934 1180 exempla
2962 1121 3256 1174 taceamus,
3278 1108 3478 1179 quibus
3497 1108 3684 1165 doceri
3704 1126 3794 1182 po-

2211 1209 2318 1257 test
2342 1218 2775 1274 unamquamque
2804 1218 2919 1257 rem
2955 1219 3060 1258 non
3089 1203 3507 1267 inconvenienti,
3538 1205 3635 1259 sed
3662 1220 3791 1260 con-

2211 1296 2449 1350 venienti
2474 1297 2653 1365 potius
2683 1297 2762 1351 rei
2790 1296 3147 1352 adhibendam
3169 1311 3288 1352 esse
3309 1296 3528 1362 debere,
3555 1297 3791 1366 ipsorum

2212 1388 2374 1443 etiam
2402 1387 2720 1457 eloquentia:
2768 1388 3074 1459 principum
3119 1395 3391 1459 praecepta
3433 1386 3787 1457 proferamus,

2213 1480 2306 1550 qui
2335 1480 2390 1534 in
2416 1480 2726 1550 eloquentia
2763 1482 2866 1538 hoc
2887 1481 3283 1537 observandum
3323 1481 3539 1552 penitus
3573 1497 3794 1537 censue-

2214 1584 2357 1639 runt,
2386 1582 2445 1629 ut
2467 1590 2575 1640 res,
2603 1575 2771 1639 locus,
2803 1584 3038 1646 tempus,
3060 1590 3290 1646 persona
3312 1575 3701 1641 consideretur,
3728 1587 3799 1629 ne

2214 1670 2463 1725 dicantur
2494 1670 2678 1739 gravia
2704 1669 2933 1737 levibus,
2966 1685 3036 1725 ne
3077 1668 3380 1724 verecunda
3405 1667 3798 1735 inverecundis,

2213 1777 2283 1816 ne
2310 1760 2511 1816 lasciva
2558 1761 2740 1827 seriis,
2790 1777 2858 1817 ne
2903 1762 3171 1831 impudica
3217 1762 3458 1833 pudicis,
3493 1775 3562 1816 ne
3594 1762 3801 1815 incesta

2215 1854 2398 1920 castis,
2431 1869 2500 1908 ne
2543 1854 2772 1909 ridicula
2813 1854 3089 1920 tristibus,
3129 1868 3197 1909 ne
3231 1852 3459 1923 profana
3503 1851 3806 1923 religiosis,

2214 1945 2310 2000 sed
2338 1946 2522 2002 omnia
2550 1946 2606 2000 in
2627 1946 2949 2015 eloquentiae
2972 1954 3089 2000 arte
3116 1944 3188 1999 ita
3209 1952 3392 2000 essent
3405 1943 3808 2009 convenientia,

2213 2043 2275 2089 ut
2302 2035 2379 2089 nil
2413 2037 2820 2103 inconveniens,
2853 2036 2928 2091 nil
2959 2052 3290 2107 repugnans,
3322 2036 3418 2093 sed
3457 2037 3675 2107 singula
3708 2048 3812 2106 pro

2215 2124 2462 2182 locorum
2486 2135 2543 2182 et
2569 2136 2870 2198 temporum
2907 2127 3168 2197 qualitate
3190 2128 3464 2182 moderata
3494 2134 3815 2182 manerent.

2217 2215 2277 2271 Si
2311 2232 2439 2287 ergo
2472 2219 2529 2273 in
2556 2219 2877 2288 eloquentiae
2901 2225 3019 2272 arte
3051 2219 3155 2272 hoc
3181 2218 3248 2272 ab
3287 2216 3593 2270 oratoribus
3618 2217 3823 2270 obsep

2216 2310 2333 2364 vari
2358 2309 2568 2378 jussum
2607 2319 2709 2375 est,
2740 2311 2907 2364 multo
2936 2308 3108 2377 magis
3149 2307 3306 2360 nobis
3346 2306 3402 2360 in
3436 2313 3643 2360 nostra:
3675 2306 3832 2359 reli-

2216 2405 2389 2476 gionis
2414 2403 2644 2457 cultibus
2676 2400 3073 2457 observandum
3108 2407 3210 2464 est,
3243 2408 3304 2453 ut
3329 2398 3537 2469 singula
3565 2412 3822 2469 quasque

2215 2496 2281 2551 ad
2315 2495 2626 2565 religionem
2656 2493 2981 2563 pertinentia
3028 2492 3103 2545 ita
3127 2492 3505 2556 observentur,
3534 2495 3709 2560 atque
3738 2489 3820 2545 ita

2215 2588 2534 2653 habeantur,
2564 2591 2728 2656 prout
2758 2584 2897 2638 ratio
2926 2582 3044 2638 sive
3069 2581 3203 2637 ordo
3220 2580 3481 2651 exposcit.

2756 2694 2988 2750 CAPUT
3027 2692 3240 2748 XXVII.

2219 2768 2372 2838 Quod
2418 2766 2555 2822 male
2574 2767 2724 2843 pictis
2749 2765 3065 2843 imaginibus
3105 2764 3395 2843 imaginum
3430 2760 3656 2816 cultores
3691 2762 3818 2833 faui

2285 2848 2522 2911 possunt,
2550 2832 2654 2911 sive
2687 2832 3145 2911 inquiréndum_ab
3174 2832 3247 2911 eis
3293 2832 3383 2911 qui
3423 2848 3550 2911 pene
3602 2832 3815 2911 omnem

2287 2902 2412 2977 'ﬁdei
2438 2902 2764 2977 Christiana!
2784 2902 3271 2977 praerogativamin
3294 2902 3588 2977 imaginum
3614 2903 3817 2977 odora-

2288 2972 2426 3053 tione
2452 2980 2558 3053 sive
2590 2976 2734 3053 cultu
2760 2972 3081 3053 ἀφίει-ξηαπ,
3114 2973 3240 3044 quid
3271 2972 3586 3053 pauperibus
3610 2974 3816 3053 fugien-

2287 3048 2412 3101 dum
2450 3049 2536 3111 sit,
2570 3048 2658 3117 qui
2705 3043 2997 3115 artiﬁcibus
3043 3043 3137 3115 per
3183 3059 3311 3115 quos
3344 3043 3599 3114 imagines
3651 3043 3810 3113 ﬁunt,

2288 3119 2500 3172 omnino
2524 3127 2705 3170 carent
2728 3117 2752 3171 ?

539 3190 692 3296 gines
713 3190 954 3292 adorare,
983 3226 1125 3281 inter
1149 3227 1381 3284 haereses
1401 3230 1595 3284 beatus
1618 3228 1951 3300 Augustinus
1973 3243 2120 3283 com-
2139 3190 2193 3257 α
2291 3206 2547 3266 omnium
2583 3207 2782 3263 aruum
2808 3206 3080 3263 ίηείίωιίο
3114 3206 3264 3300 νπίὲ
3312 3205 3480 3300 Ῑιίῴθί
3524 3204 3808 3272 “emit”,

540 3317 769 3388 putavit,
803 3319 928 3388 quia
949 3319 1229 3389 gentilium
1251 3321 1626 3389 quorumdam,
1659 3318 1713 3374 id
1746 3324 1846 3381 est,
1886 3317 2122 3373 Simonis

540 3417 596 3465 et
625 3407 851 3476 Selente,
868 3424 963 3465 seu
977 3409 1141 3465 etiam
1156 3410 1372 3467 Homeri
1389 3419 1444 3465 et
1463 3410 1804 3481 Pythagora},
1824 3410 2123 3464 adorabunt

542 3499 822 3570 imagines,
846 3500 1088 3555 advertat
1107 3501 1251 3571 quod
1276 3501 1440 3555 etiam
1461 3501 1722 3572 imagines
1746 3497 1874 3554 Jesu
1895 3508 1949 3552 et
1968 3497 2121 3554 Pauli

542 3592 798 3653 adorasse
816 3590 1089 3655 dicuntur,
1127 3600 1181 3647 et
1210 3592 1263 3647 id
1292 3592 1466 3661 ipsum
1499 3592 1640 3645 inter
1666 3590 1900 3644 haereses
1925 3603 1957 3640 a
1982 3602 2122 3655 pnn-

544 3684 654 3738 fato
680 3684 799 3739 viro
829 3692 1198 3752 computatum
1222 3690 1324 3736 est.
1354 3681 1489 3735 Nam
1534 3681 1579 3736 si
1606 3682 1749 3735 idem
1774 3678 1861 3731 vir
1888 3677 2121 3736 eximius

546 3775 811 3846 imagines
858 3773 1197 3830 manufactas
1233 3772 1442 3828 Domini
1472 3772 1583 3828 sive
1622 3770 1983 3842 apostolorum
2036 3766 2122 3825 vel

545 3865 711 3919 etiam
768 3863 1129 3934 quorumlth
1180 3868 1487 3918 sanctorum
1550 3862 1851 3917 adorandas
1914 3861 2117 3925 sciret,

545 3971 822 4026 nunquam
851 3953 980 4012 Jesu
1005 3963 1059 4009 et
1087 3954 1239 4011 Pauli
1261 3954 1552 4026 imaginum
1581 3955 1950 4012 adorationem
1978 3953 2122 4011 inter

546 4048 781 4105 haereses
809 4054 1164 4120 computarat.

1103 4161 1330 4220 CAPUT
1363 4161 1552 4221 XXVI.

547 4269 744 4326 Contra
1322 4280 1532 4354 senem
1571 4282 1895 4354 et_sacratas
1916 4273 2119 4354 digitis,

615 4357 804 4411 eosque
822 4341 880 4397 in
893 4341 1129 4416 tussire
1150 4342 1207 4398 in
1222 4341 1430 4415 plateis,
1455 4360 1572 4415 qua
1591 4344 1893 4416 plerumque
1909 4343 2122 4415 polluta

619 4410 760 4474 sunt,
781 4411 905 4482 poni
925 4410 1136 4481 jubent.

619 4498 856 4571 iungunt
907 4500 1088 4574 itaque
1129 4502 1206 4571 hi,
1252 4503 1317 4559 de
1364 4504 1559 4575 quibus
1590 4519 1769 4560 sermo
1801 4510 1905 4570 est,
1932 4503 1988 4558 in
2017 4504 2123 4561 hoc

549 4591 762 4663 negotio
788 4591 924 4649 duas
956 4609 1045 4649 res
1093 4609 1211 4665 qua:
1243 4584 1347 4649 sibi
1369 4594 1623 4664 utrinque
1650 4601 1969 4665 repugnant,
1997 4610 2123 4651 cum

549 4681 799 4735 videlicet
837 4681 1134 4751 saepissime
1156 4693 1480 4741 memoratas
1526 4684 1788 4756 imagines
1827 4693 2043 4742 sanctas
2067 4694 2124 4744 et

551 4772 886 4828 venerandas
910 4785 1236 4845 nuncupant,
1260 4792 1460 4847 easque
1484 4774 1538 4829 in
1565 4776 1667 4833 viis
1691 4778 1805 4832 sive
1830 4777 1884 4833 in
1906 4776 2121 4848 plateis,

551 4877 670 4936 quae
693 4862 1008 4938 plerumque
1034 4866 1252 4938 polluta:
1284 4875 1426 4931 sunt,
1452 4868 1728 4936 ponendas
1761 4883 1879 4925 esse
1905 4884 2123 4925 asseve-

553 4963 694 5033 rant.
722 4954 873 5013 Sicut
897 4957 1043 5013 enim
1067 4973 1172 5013 non
1193 4958 1442 5013 convenit
1460 4956 1567 5011 luci
1592 4965 1647 5013 et
1668 4959 1927 5024 tenebris,
1950 4958 2126 5017 calido

553 5055 606 5104 et
625 5046 839 5120 frigido,
862 5049 938 5105 ita
965 5049 1221 5105 nimirum
1242 5063 1349 5103 non
1369 5050 1617 5104 convenit
1638 5050 1909 5106 sanctitati
1931 5058 1985 5105 et
2001 5066 2130 5107 con-

554 5133 909 5205 t'aminationi,
938 5138 1162 5210 puritati
1206 5146 1262 5194 et
1304 5138 1617 5211 impuritati.
1650 5138 1806 5198 Unde
1835 5157 2028 5213 magna
2061 5158 2131 5198 ex

552 5229 706 5300 parte
737 5243 832 5283 eos
863 5223 1047 5286 errare
1087 5237 1319 5298 constat,
1359 5246 1483 5287 cum
1527 5246 1619 5288 eas
1661 5238 1716 5287 et
1759 5239 1974 5288 sanctas
2011 5246 2132 5289 esse

554 5322 820 5388 asserunt,
844 5327 898 5375 et
922 5319 976 5376 in
996 5319 1129 5377 locis
1150 5322 1528 5380 contaminatis
1557 5324 1870 5380 statuendas
1892 5338 2011 5380 esse
2038 5324 2133 5380 de-

554 5420 801 5468 cernunt.
827 5410 1063 5469 Patescit
1078 5428 1307 5486 namque
1324 5415 1717 5486 quodammodo
1738 5415 1793 5469 in
1816 5415 1920 5470 hoc
1938 5429 2127 5481 eorum

557 5516 806 5571 censura,
840 5504 932 5573 qui
958 5519 1051 5560 eas
1092 5506 1144 5560 in
1176 5506 1277 5562 viis
1317 5507 1428 5563 sive
1453 5507 1507 5561 in
1527 5507 1742 5563 urbium
1780 5507 2129 5577 vicorumque

557 5593 749 5660 plateis
785 5597 912 5664 poni
935 5608 1273 5666 percensent,
1302 5603 1441 5670 quod
1461 5601 1543 5655 ba:
1562 5600 1852 5655 sanctitate
1885 5609 2126 5669 careant,

564 5682 721 5736 sicuti
763 5696 815 5739 et
844 5698 1055 5752 carent,
1081 5705 1207 5744 cum
1250 5691 1455 5748 scilimt
1497 5692 1542 5748 si
1568 5702 1771 5750 sanctae
1800 5708 1922 5751 esse
1946 5695 2110 5751 crede

568 5776 773 5837 rentur,
807 5772 864 5827 iu
887 5772 1020 5830 locis
1042 5781 1241 5836 sanctis
1261 5781 1389 5853 poni
1416 5772 1782 5842 censerentur.
1815 5785 1985 5846 Omne
2009 5804 2131 5846 san—

2125 5923 2133 5930 σ
2175 5914 2219 5932 κ,

2220 3304 2433 3376 pictura
2471 3309 2652 3356 autem
2678 3315 2770 3355 ars
2803 3306 2908 3361 est.
2929 3300 3157 3368 pictura:
3177 3298 3346 3369 igitur
3366 3297 3637 3353 institutio
3658 3298 3812 3352 varia

2221 3401 2385 3456 habet
2411 3395 2687 3459 exercitia,
2726 3401 2780 3449 et
2808 3394 2949 3448 hanc
2994 3400 3313 3448 exercentes
3337 3390 3431 3462 qui
3455 3391 3694 3461 pictores
3717 3400 3815 3446 vo-

2222 3501 2432 3555 cantur,
2461 3489 2550 3543 alii
2576 3488 2719 3558 plus,
2751 3487 2843 3543 alii
2872 3487 3051 3543 minus
3078 3501 3197 3543 eam
3226 3484 3544 3557 intelligunt,
3572 3483 3663 3538 alii
3684 3482 3812 3553 pul-

2221 3582 2459 3644 chriora,
2487 3578 2580 3633 alii
2625 3575 2853 3647 foediora
2899 3579 2955 3635 in
2985 3592 3048 3632 ea
3073 3583 3331 3632 exercent
3360 3587 3547 3647 opera;
3576 3570 3671 3628 alii
3695 3570 3816 3637 lor-

2221 3686 2421 3742 mosas,
2475 3673 2566 3728 alii
2619 3646 2888 3729 del'drmes
2937 3679 3269 3741 componunt
3317 3646 3602 3741 imagines.
3652 3665 3813 3724 Unde

2220 3766 2477 3823 nimirum
2520 3764 2808 3836 colligitur,
2849 3764 2993 3834 quod
3035 3762 3113 3818 illi
3142 3763 3235 3833 qui
3276 3772 3416 3832 pene
3445 3770 3664 3816 omnem
3688 3752 3813 3813 ﬂdel

2221 3868 2334 3914 sum
2356 3856 2669 3912 ﬁrmitatem
2716 3855 2772 3910 in
2802 3854 3129 3926 imaginibus
3149 3860 3374 3924 ponunt,
3400 3864 3701 3922 earumque
3723 3848 3815 3905 ad—

2220 3950 2522 4008 orationem
2550 3950 2690 4005 inter
2708 3950 2976 4005 bonorum
3005 3959 3228 4020 operum
3260 3947 3621 4002 instrumenta
3642 3958 3816 4000 annu-

2220 4054 2434 4099 merare
2459 4054 2567 4097 non
2593 4042 2936 4105 erubescunt,
2957 4028 3013 4097 et
3032 4040 3191 4096 modo
3223 4039 3507 4110 pulchras,
3532 4034 3692 4094 modo
3712 4035 3816 4092 fm-

2222 4136 2318 4194 das
2357 4136 2583 4192 adorant
2632 4134 2913 4205 imagines,
2951 4132 3346 4204 quodammodo
3375 4131 3643 4188 fallantur.
3671 4127 3810 4183 Nam

2220 4220 2268 4285 si
2294 4227 2546 4299 qutelibet
2566 4227 2744 4298 imago
2767 4228 2967 4297 quanto
2986 4224 3264 4297 pulchrior
3288 4230 3392 4292 est,
3416 4230 3562 4279 tanto
3577 4220 3810 4292 amplius

2221 4319 2385 4374 habet
2410 4317 2712 4373 sanctitatis
2734 4326 2897 4387 atque
2917 4317 3151 4383 virtutis,
3175 4326 3397 4372 necesse
3417 4325 3503 4372 est
3526 4322 3588 4371 ut
3605 4331 3669 4371 ea
3691 4328 3809 4384 qua:

2222 4407 2417 4468 foedior
2442 4418 2541 4475 est,
2576 4411 2752 4465 minus
2801 4410 2999 4465 habeat
3027 4408 3333 4465 sanctitatis
3364 4412 3529 4479 atque
3557 4406 3807 4472 virtutis:

2226 4510 2281 4557 et
2313 4504 2357 4558 si
2383 4517 2447 4556 ea
2476 4516 2595 4574 quae
2621 4499 2817 4558 fmdior
2842 4507 2925 4557 est
2952 4501 3132 4556 minus
3166 4501 3350 4567 habet,
3381 4512 3610 4556 necesse
3648 4504 3737 4556 est
3753 4502 3813 4553 ut

2229 4594 2522 4651 fmdissima
2547 4594 2797 4665 qurelibet
2820 4603 2911 4649 aut
2936 4594 3070 4649 nihil
3095 4602 3187 4649 aut
3211 4593 3483 4649 modicum
3507 4593 3732 4657 habeat;
3757 4594 3815 4646 et

2230 4685 2276 4742 si
2307 4701 2371 4742 ea
2394 4701 2512 4757 qua:
2552 4686 2826 4758 pulchrior
2867 4694 2969 4751 est,
3000 4686 3121 4741 ideo
3152 4687 3404 4741 attentius
3426 4683 3704 4747 aduratur,
3736 4694 3808 4735 eo

2230 4781 2374 4850 quod
2417 4793 2579 4836 causa
2626 4778 3037 4850 pulchritudinis
3084 4777 3306 4849 amplius
3355 4773 3517 4829 habet
3559 4771 3811 4839 virtutis,

2223 4868 2338 4940 jam
2366 4885 2474 4925 non
2517 4869 2632 4937 ejus
2661 4869 2918 4924 sanctitas
2948 4884 3014 4924 ex
3039 4870 3266 4940 quadam
3296 4865 3580 4935 religione,
3607 4863 3706 4920 sed
3735 4879 3814 4920 ex

2232 4958 2457 5016 artiﬁcis
2482 4948 2630 5015 venit
2656 4960 2985 5031 operatione.
3025 4960 3093 5015 Et
3147 4962 3192 5016 si
3226 4975 3288 5016 ea
3330 4974 3450 5030 qum
3481 4956 3664 5012 minus
3689 4955 3817 5027 pul-

2233 5051 2365 5107 chra
2393 5057 2476 5106 est
2493 5090 2509 5113 ,
2535 5050 2619 5106 vel
2665 5066 2729 5106 ea
2764 5065 2883 5120 quae
2909 5049 3039 5105 nihil
3065 5050 3229 5106 habet
3256 5048 3694 5122 pulchritudinis,
3718 5046 3815 5103 ad-

2231 5151 2437 5211 oratur,
2458 5142 2612 5198 valde
2637 5158 2823 5198 earum
2846 5145 3157 5199 adoratores
3182 5140 3465 5208 falluntur,
3486 5156 3610 5197 cum
3628 5138 3814 5194 videli-

2232 5243 2320 5291 cet
2337 5249 2424 5290 res
2438 5233 2831 5304 pulchritudine
2861 5242 3107 5288 carentes
3133 5234 3361 5289 adorare
3387 5234 3731 5302 percensent.
3750 5226 3812 5283 Si

2233 5337 2363 5395 ergo
2396 5339 2583 5380 omnes
2627 5334 2681 5379 et
2726 5325 2982 5395 pulchras
3022 5331 3077 5379 et
3104 5325 3284 5379 minus
3328 5323 3604 5395 pulchras,
3637 5329 3691 5378 et
3733 5318 3814 5376 nil

2232 5417 2644 5490 pulchritudinis
2655 5418 2914 5473 habentes
2930 5418 3209 5488 aequaliter
3228 5418 3458 5473 adorare
3477 5424 3814 5485 consequens

2237 5519 2335 5578 est,
2371 5509 2602 5581 iustitia,
2628 5526 2748 5580 qua:
2788 5509 3075 5579 unicuique
3119 5524 3275 5565 suum
3306 5508 3517 5573 tribuit,
3550 5506 3620 5561 de
3652 5506 3814 5561 rebus

2237 5603 2512 5658 auferatur
2561 5615 2780 5656 necesse
2823 5607 2925 5655 est.
2972 5598 3106 5654 Nam
3154 5612 3276 5654 cum
3298 5598 3557 5669 pulchras
3586 5596 3815 5651 adorant

2235 5694 2517 5765 imagines,
2553 5705 2681 5746 casu
2709 5691 2889 5761 aliquo
2911 5705 3021 5761 quo
3050 5699 3238 5762 putant
3262 5705 3319 5745 se
3340 5688 3543 5760 aliquid
3566 5694 3818 5744 sanctum

2236 5784 2484 5852 adorare,
2506 5779 2791 5852 falluntur;
2818 5797 2942 5840 cum
2961 5796 3090 5841 vero
3110 5779 3377 5841 deformes
3397 5782 3630 5839 adorant
3643 5776 3803 5852 pictu
