4008 6154
184 239 319 298 12ιό

951 228 1133 287 LIBRI
1167 224 1511 286 CAROLINI.
1547 255 1621 269 —
1655 223 1877 283 CAPIT.
1916 227 2006 286 DE
2038 224 2232 284 IMAG.
2271 253 2342 266 —
2376 223 2506 280 LIB.
2545 224 2637 282 IV.

3295 224 3437 283 1246

183 370 284 418 ras,
306 346 555 407 consulto
585 343 860 408 falluntur,
887 343 1087 413 quippe
1108 357 1231 396 cum
1254 353 1343 396 res
1364 327 1633 396 deformes
1650 352 1750 408 pro
1776 342 1830 401 Α
1851 339 2159 408 terrogandi
2206 343 2353 402 sunt,
2379 346 2560 391 utrum
2600 338 2723 393 ideo
2762 336 2989 407 quilibet
3013 349 3281 407 pauperes
3314 335 3441 394 ﬁdei

182 442 379 500 sanctis
404 440 566 494 rebus
587 437 832 491 adorant.
865 431 991 487 Sive
1012 432 1175 501 igitur
1202 445 1331 485 casu
1358 444 1468 494 eas,
1496 428 1606 484 sive
1627 441 1754 481 con-

182 534 319 589 sulto
353 531 597 592 adorent,
637 525 915 580 falluntur.
960 520 1237 576 Falluntur
1269 536 1414 584 vere,
1466 527 1520 575 et
1566 518 1756 573 merito

181 622 456 685 falluntur,
484 618 576 687 qui
607 629 731 671 cum
765 614 910 668 Deus
944 619 1154 665 creator
1196 604 1435 663 omnium
1487 622 1545 662 se
1582 606 1756 661 solum

182 710 395 766 adorari
421 707 717 771 censuerit,
745 719 835 758 res
860 701 1117 772 quasdam
1160 714 1324 754 sensu
1380 706 1628 752 carentes
1665 697 1759 751 ad.

179 816 339 857 orare
363 801 638 863 nituntur;
664 805 720 852 et
740 796 868 849 dum
888 800 1077 862 putant
1104 806 1164 845 se
1190 791 1247 844 in
1267 789 1554 845 adorandis
1576 787 1761 857 imagis

178 895 338 948 nibus
376 890 667 960 quamdam
698 887 897 942 sanctis
924 884 1184 939 exhibere
1209 883 1632 945 venerath,
1659 880 1759 936 soli

180 982 378 1037 divina:
418 979 715 1035 adorationi
755 975 1044 1047 quamdam
1091 981 1383 1044 prorogant
1428 971 1763 1027 communio.-

178 1087 329 1126 nem.
355 1071 491 1136 Quia
521 1070 684 1137 igitur
705 1066 853 1121 solus
882 1066 1026 1119 Deus
1045 1065 1352 1119 adorandus
1375 1064 1465 1129 sit,
1495 1072 1765 1133 martyres

178 1178 312 1217 vero
341 1163 425 1217 vel
453 1161 678 1231 quilibet
718 1158 889 1213 sancti
938 1158 1230 1211 venerandi
1263 1156 1441 1226 potius
1465 1156 1574 1209 sint
1601 1168 1765 1222 quam

177 1253 459 1317 adorandi,
495 1260 549 1305 et
596 1251 651 1304 in
693 1250 798 1303 hoc
838 1262 1001 1318 opere
1038 1243 1153 1317 jam
1197 1247 1451 1312 diximus,
1482 1255 1537 1301 et
1564 1246 1767 1317 egregii

177 1345 417 1401 doctoris
443 1342 752 1412 Hieronymi
799 1342 1137 1396 documentis
1187 1339 1592 1410 approbandum
1640 1347 1762 1393 est:

180 1437 276 1505 qui
316 1436 442 1489 dum
485 1442 675 1489 contra
710 1433 1059 1503 Vigilantium
1106 1432 1395 1501 quemdam
1429 1430 1766 1495 htereticum,

180 1526 273 1594 qui
302 1534 604 1593 martyrum
631 1523 888 1592 reliquias
912 1536 1252 1591 nequaquam
1278 1521 1493 1576 dicebat
1530 1535 1650 1575 esse
1676 1534 1771 1573 ve-

180 1614 474 1679 nerandas,
493 1614 781 1676 scriberet,
802 1613 945 1665 inter
964 1620 1158 1667 caetera
1174 1613 1250 1665 ait
1275 1629 1287 1665 :
1319 1631 1337 1661 ι
1359 1610 1492 1677 Quis
1509 1624 1765 1679 unquam,

1857 445 1965 484 sua:
1992 430 2270 500 patiantur
2299 427 2586 498 iacturam,
2638 443 2703 483 eo
2745 430 2889 498 quod
2917 443 3114 483 census
3141 427 3443 498 indigentia

1856 522 2025 590 pressi
2052 538 2159 576 nou
2204 521 2441 576 habeant
2484 519 2797 575 facultatem
2820 535 2927 590 qua
2950 519 3249 588 suscipiant
3268 519 3445 589 pictu-

1857 610 2009 663 ram?
2044 610 2102 665 Si
2136 627 2266 681 ergo
2299 611 2454 681 inops
2490 610 2717 680 quilibet
2752 611 2881 667 ideo
2920 612 3188 666 bonorum
3217 610 3446 667 merito-

1859 716 1981 757 rum
2005 704 2109 756 erit
2132 718 2343 772 expers.
2369 705 2495 773 quia
2524 704 2707 767 rebus,
2740 704 2936 772 quibus
2977 703 3241 775 imagines
3265 701 3443 773 adipi-

1860 800 2063 858 scatur,
2090 804 2258 860 caret,
2274 796 2511 864 locuples
2534 796 2656 851 ideo
2680 797 2939 851 auctioris
2961 796 3141 850 meriti
3169 808 3447 865 praeroga-

1860 885 2027 939 tivam
2049 887 2245 952 subiet,
2272 904 2338 943 eo
2356 892 2500 959 quod
2528 892 2693 947 rebus
2717 893 2913 961 quibus
2941 893 3168 961 picturae
3200 899 3451 946 emantur

1862 978 2126 1045 abundat;
2152 986 2207 1033 et
2247 982 2295 1034 si
2335 981 2436 1036 iste
2476 998 2577 1052 pro
2605 986 2784 1049 rebus,
2829 1001 2936 1039 non
2970 1001 3070 1054 pro
3103 985 3333 1048 meritis,
3354 992 3451 1038 aut

1863 1086 2050 1140 poenas
2101 1078 2196 1125 aut
2232 1075 2454 1143 praemia
2501 1076 2779 1145 suscipiet,
2824 1088 2880 1131 et
2908 1075 2997 1130 ille
3035 1090 3139 1145 pro
3162 1075 3453 1144 indigentia

1864 1178 1972 1217 non
2010 1178 2111 1232 pro
2157 1164 2412 1233 operibus
2451 1164 2809 1234 iudicabitur,
2869 1166 3165 1237 imaginum
3211 1165 3457 1221 adoratio

1867 1268 2118 1322 magnam
2162 1253 2217 1308 in
2247 1254 2554 1310 Christiana
2603 1255 2865 1326 religione
2893 1271 3079 1311 arcem
3108 1255 3456 1323 conscendet,

1868 1343 2171 1411 etjustitia,
2203 1361 2324 1414 qua:
2359 1347 2553 1401 merita
2596 1346 2904 1415 cujuslibet,
2941 1363 3047 1402 non
3077 1362 3166 1403 res
3193 1346 3459 1415 explorat,

1869 1435 2013 1490 vires
2048 1452 2239 1507 magna
2262 1453 2328 1492 ex
2361 1446 2512 1507 parte
2542 1439 2773 1493 amittet.
2802 1440 2934 1506 Qua:
2959 1440 3141 1495 omnia
3161 1439 3289 1493 dum
3315 1437 3461 1493 nulla

1872 1542 2054 1580 rerum
2078 1530 2461 1597 consequentia
2486 1530 2769 1599 approbari
2797 1531 3027 1599 possint,
3052 1536 3224 1584 restat
3247 1537 3308 1582 ut
3328 1528 3464 1581 ima-

1875 1619 2059 1687 ginum
2104 1619 2281 1673 cultus
2326 1620 2534 1675 nullum
2575 1620 2631 1674 in
2656 1618 2962 1675 Christiana
2990 1619 3252 1691 religione
3275 1624 3464 1674 tenere

180 1723 216 1762 ο
245 1710 497 1760 insanum
544 1714 724 1774 caput,
756 1712 1019 1774 martyres
1050 1704 1330 1758 adoravit?
1363 1723 1381 1753 ι
1417 1702 1474 1755 Si
1514 1716 1644 1770 ergo
1689 1714 1774 1754 se-
1803 1696 1848 1756 B
1877 1711 2129 1765 credatur
2150 1712 2530 1782 principatum.

182 1797 423 1852 cundum
453 1795 694 1863 ejusdem
735 1795 1055 1849 sententiam
1103 1805 1372 1865 martyres
1401 1809 1508 1847 non
1545 1792 1777 1845 adoran-

181 1898 296 1959 tur,
324 1888 496 1944 multo
521 1888 698 1941 minus
719 1901 904 1942 eorum
932 1887 1192 1956 imagines
1219 1903 1250 1939 a
1280 1885 1529 1940 ﬁdelibus
1547 1883 1777 1938 adoran-

180 1979 270 2036 da:
301 1987 448 2035 sunt.
476 1978 631 2045 Quod
657 1994 786 2033 vero
819 1977 876 2033 in
922 1977 1060 2032 libro
1088 1978 1396 2048 Regnorum
1424 1975 1553 2030 Saul
1582 1974 1778 2044 legitur

182 2058 497 2128 Samuélem
527 2073 847 2127 suscitatum
876 2084 906 2124 a
932 2070 1253 2141 Pythonissa
1284 2071 1539 2123 adorasse
1567 2066 1621 2139 (1
1646 2064 1774 2135 Reg.

178 2162 402 2230 xxvm),
420 2162 749 2232 deprehendi
768 2168 964 2231 potest,
990 2175 1097 2215 non
1120 2158 1388 2214 Samuelis
1410 2159 1589 2213 anima
1612 2154 1779 2210 fuisse

181 2256 468 2320 suscitata,
497 2254 591 2309 sed
615 2254 860 2323 qumdam
882 2253 1221 2323 prmstigiosa
1250 2250 1530 2307 diabolicae
1553 2249 1780 2303 fallacia:

178 2348 370 2417 imago
400 2348 515 2414 regi
559 2345 709 2399 Sauli
738 2347 1052 2415 apparuisse
1070 2386 1086 2411 ,
1116 2348 1230 2399 sive
1257 2345 1309 2399 in
1338 2358 1404 2397 eo
1437 2343 1579 2411 quod
1603 2355 1662 2395 se
1687 2340 1782 2395 ad-

179 2438 338 2494 orari
366 2437 706 2506 permiserit,
734 2438 876 2508 quod
900 2439 1083 2506 utique
1109 2438 1191 2491 vir
1222 2443 1440 2491 sanctus
1470 2434 1649 2488 facere
1670 2447 1782 2486 non

175 2531 544 2600 permitteret,
580 2530 693 2584 sive
714 2529 875 2582 etiam
902 2529 1029 2597 quia
1052 2529 1287 2598 pessimo
1316 2527 1427 2595 regi
1470 2524 1624 2589 dixit,
1652 2522 1783 2577 Cra-

177 2623 327 2676 stina
362 2638 566 2675 mecum
589 2622 711 2684 eris,
743 2636 865 2675 cum
911 2620 1161 2674 videlicet
1193 2620 1331 2673 idem
1379 2615 1787 2671 immanissimas

176 2712 449 2782 nequitiae
489 2727 588 2767 rex
633 2728 740 2767 non
776 2727 897 2766 cum
938 2713 1198 2781 propheta
1244 2710 1502 2773 moriens,
1538 2708 1630 2762 sed
1659 2719 1782 2760 cum

177 2800 407 2859 diabolo
430 2802 647 2858 futurus
675 2813 812 2869 erat,
837 2805 928 2872 qui
951 2820 1087 2873 quos
1112 2803 1165 2856 in
1192 2804 1295 2857 hoc
1328 2800 1522 2856 saeculo
1547 2800 1615 2853 ad
1642 2797 1783 2851 mala

175 2911 358 2965 opera
384 2897 746 2965 perpetranda
774 2897 944 2960 illicit,
967 2910 1151 2951 secum
1173 2896 1228 2948 in
1256 2894 1442 2948 futuro
1461 2894 1530 2947 ad
1553 2901 1784 2948 aeternas

171 3002 386 3059 paenae
420 2987 604 3043 trahit.
656 2988 769 3042 Rex
805 2989 985 3058 itaque
1019 2989 1272 3042 immanis
1308 2985 1486 3041 meriti
1535 2986 1778 3051 audiens,

175 3082 236 3136 in
271 3098 386 3151 quo
432 3082 621 3136 habitu
672 3091 815 3137 esset
859 3082 1143 3145 excitatus,
1189 3079 1455 3133 intellexit
1485 3081 1629 3133 hunc
1659 3092 1781 3133 esse
1808 3047 1852 3110 Ο

177 3173 520 3239 Samuelem,
546 3175 672 3244 quid
698 3175 1024 3229 intellexerit
1051 3174 1250 3238 retulit,
1280 3181 1334 3227 et
1365 3174 1621 3242 quianon
1645 3173 1783 3225 bene

174 3268 475 3333 intellexit,
514 3277 700 3323 contra
733 3267 1070 3337 Scripturam
1115 3267 1282 3320 alium
1331 3265 1579 3319 adoravit
1619 3278 1783 3333 quam

174 3361 510 3427 Dominum;
553 3370 606 3415 et
632 3369 822 3431 putans
857 3359 1183 3423 Samuelem,
1215 3350 1463 3412 adoravit
1487 3353 1779 3420 diabolum,

176 3464 241 3509 ut
276 3454 518 3509 fructum
549 3454 773 3508 fallacia:
811 3470 919 3508 sua:
946 3455 1173 3507 haberet
1200 3452 1454 3505 Satanas.
1494 3447 1609 3503 IIoc
1638 3449 1785 3502 enim

172 3545 391 3600 nititur
414 3552 482 3596 ut
504 3544 760 3599 adoretur
781 3543 939 3613 quasi
961 3543 1124 3597 Deus.
1153 3541 1210 3595 Si
1235 3542 1381 3595 enim
1404 3555 1532 3595 vere
1565 3538 1787 3594 Samuel

171 3636 264 3692 illi
296 3635 662 3706 apparuisset,
691 3650 797 3689 non
824 3637 1006 3705 utique
1030 3637 1116 3691 vir
1136 3635 1318 3704 justus
1344 3634 1786 3705 permisissent}-

169 3728 364 3794 orari,
401 3727 491 3797 qui
542 3727 930 3797 praedicaverat
974 3728 1257 3780 Dominum
1303 3726 1478 3781 solum
1519 3741 1639 3780 esse
1685 3725 1782 3778 ad-

168 3820 480 3879 orandum.
515 3820 581 3874 Et
615 3818 884 3889 quomodo
911 3818 1071 3871 homo
1102 3818 1219 3882 Dei,
1252 3818 1487 3887 quicum
1512 3817 1786 3871 Abraham

170 3913 235 3967 in
268 3908 563 3981 refrigerio
609 3916 745 3972 erat,
778 3908 990 3963 diccbat
1032 3908 1101 3961 ad
1127 3908 1304 3962 virum
1341 3907 1661 3979 pestilentiae
1705 3907 1788 3962 di-

169 4017 360 4074 gnum
406 4001 600 4055 ardore
629 4000 904 4069 gehennae,
944 3997 1074 4052 Cras
1104 4015 1307 4052 mecum
1341 3999 1484 4052 eris?
1523 3997 1620 4051 liis
1654 3997 1788 4051 duo-

170 4096 286 4151 bus
314 4094 492 4148 titulis
520 4092 875 4146 subtilitatem
901 4090 1125 4146 fallacia:
1146 4107 1257 4146 suae
1278 4090 1518 4160 prodidit
1538 4089 1788 4159 improvi-

171 4186 285 4239 dus
315 4184 570 4246 Satanas,
602 4184 729 4253 quia
775 4193 829 4237 et
863 4182 1076 4238 adorari
1104 4198 1162 4237 se
1189 4182 1432 4251 permisit
1460 4183 1558 4236 sub
1599 4181 1785 4238 habitu

168 4285 231 4332 et
256 4276 488 4330 nomine
516 4273 802 4339 Samuelis,
827 4274 969 4343 quod
991 4282 1121 4343 puto
1146 4272 1363 4328 Samuel
1384 4289 1487 4328 non
1511 4275 1784 4344 permitte-

167 4377 290 4432 ret,
322 4376 384 4421 et
411 4365 586 4419 virum
615 4366 851 4434 peccatis
884 4379 1152 4434 pressum,
1187 4378 1311 4417 cum
1353 4378 1547 4433 magna
1577 4362 1779 4418 distan—

168 4464 260 4517 tia
285 4468 642 4529 peccatorum
668 4468 723 4514 et
741 4459 1009 4526 iustorum
1052 4457 1144 4524 sit,
1174 4473 1299 4512 cum
1326 4456 1573 4511 Samuele
1591 4455 1783 4525 justis—

165 4555 335 4608 simo
385 4548 631 4603 futurum
666 4552 917 4604 mentitus
945 4559 1055 4617 est;
1090 4566 1279 4605 verum
1310 4557 1489 4620 potest
1514 4548 1705 4614 videri,
1738 4548 1784 4602 si

166 4655 240 4709 de
274 4648 561 4705 Samuelis
587 4648 807 4702 nomine
849 4655 1112 4713 taceatur,
1140 4647 1269 4716 quia
1317 4644 1447 4700 Saul
1493 4659 1617 4699 cum
1664 4643 1783 4698 dia-

162 4741 308 4798 bolo
377 4737 593 4792 futurus
642 4745 760 4791 erat
800 4756 813 4791 :
850 4739 918 4793 ad
965 4754 1092 4792 eum
1155 4738 1301 4791 enim
1347 4735 1782 4805 transmigravit,

161 4848 352 4908 quem
415 4831 690 4898 adoravit,
739 4847 1051 4902 quanquam
1104 4840 1161 4885 et
1204 4845 1236 4884 a
1279 4831 1441 4885 beato
1480 4827 1786 4899 Augustino

158 4934 227 4985 et
276 4925 363 4981 ab
416 4922 538 4979 aliis
570 4924 883 4979 doctoribus
921 4924 1138 4977 diversa
1181 4923 1248 4977 de
1297 4923 1403 4977 hac
1453 4936 1513 4978 re
1561 4921 1786 4991 opinen-

159 5030 263 5078 tur
290 5061 310 5087 ,
372 5024 430 5076 et
480 5016 620 5074 liber
671 5017 1091 5074 Ecclesiasticus
1147 5017 1215 5071 ad
1256 5016 1471 5072 laudem
1517 5011 1786 5070 samuelis

158 5114 418 5181 referat,
452 5127 521 5169 eo
542 5112 687 5184 quod
713 5120 957 5168 mortuus
988 5109 1344 5181 prophetarit.
1375 5110 1497 5165 Jam
1529 5123 1658 5165 vero
1687 5106 1782 5173 illi,

157 5212 266 5283 qui
319 5222 469 5279 pene
517 5220 734 5262 omnem
779 5205 903 5260 ildei
943 5203 1267 5259 Christianae
1294 5202 1700 5274 praerogativam
1730 5199 1788 5254 in

154 5298 497 5371 imaginum
522 5296 836 5351 adoratione
866 5295 980 5350 sive
1006 5294 1156 5350 cultu
1186 5309 1306 5350 esse
1341 5294 1673 5359 existimant,
1704 5292 1789 5346 iu-

242 5430 277 5458 ι
309 5412 472 5466 Sicut
518 5409 657 5464 enim
687 5407 925 5463 Ecclesia
974 5405 1286 5462 universalis
1328 5415 1424 5460 est.
1468 5407 1788 5463 Hincmarus

152 5484 366 5546 verba
390 5494 509 5548 quae
551 5479 604 5532 in
633 5478 739 5532 ﬁne
772 5478 993 5548 capituli
1038 5476 1326 5548 habentur,
1363 5477 1468 5548 huc
1506 5475 1788 5548 in‘pritici-

154 5543 347 5634 sum,
398 5543 693 5634 ίτξηειιξιίιν
741 5543 855 5634 ιξοίί
891 5543 1789 5634 rosae,119,99ia19199i918

158 5614 398 5702 ἕρκη-ιθ
431 5621 568 5702 libro
596 5621 710 5702 haec
737 5621 802 5676 de
836 5614 1381 5702 universali‘nomine
1413 5614 1784 5702 scriptasunt.

163 5684 546 5760 i'Jniversitas
573 5692 641 5751 ab
672 5706 781 5750 uno
812 5685 1251 5767 cognominatur,
1288 5686 1435 5776 quod
1454 5699 1565 5776 uno
1588 5684 1789 5750 multo.

2412 1826 2640 1882 CAPUT
2679 1826 2916 1882 XXVIII.

1879 1913 2033 1981 Quod
2063 1915 2263 1984 frustra
2292 1933 2441 1970 suam
2481 1916 2738 1987 synodum
2781 1915 3126 1987 uniuersalem
3169 1917 3464 1985 nominaut,

1945 2002 2102 2055 quam
2129 1996 2302 2060 "Lmen
2328 1986 2531 2060 constat
2559 1988 2624 2041 ab
2654 1986 2936 2043 universali
2968 2004 3073 2042 non
3102 1987 3262 2050 fuisse
3289 2003 3469 2060 aggre-

1946 2071 2121 2125 gatam
2154 2055 2411 2111 Ecclesia.

1947 2173 2093 2227 Inter
2117 2180 2313 2228 caetera
2339 2173 2693 2229 deliramenta
2723 2187 2844 2244 quae
2865 2173 2921 2227 in
2947 2174 3135 2230 eadem
3156 2173 3360 2245 synodo
3383 2171 3471 2231 vel

1881 2276 2032 2338 gesta
2059 2266 2143 2320 vel
2174 2267 2372 2335 scripta
2404 2266 2675 2331 dicuntur,
2708 2268 2809 2324 hoc
2835 2282 3048 2338 quoque
3086 2284 3193 2324 non
3218 2268 3472 2325 omnibus

1880 2365 2067 2407 eorum
2097 2350 2465 2406 deliramentis
2504 2353 2682 2407 minus
2720 2360 2822 2419 est,
2873 2353 3017 2423 quod
3054 2355 3301 2409 eamdem
3342 2368 3473 2426 syn-

1880 2444 2042 2498 odum
2067 2442 2427 2497 universalem
2453 2454 2785 2513 nuncupant,
2810 2460 2931 2499 cum
2954 2458 3138 2515 neque
3149 2445 3474 2502 universalis

1882 2534 2005 2590 ﬁdei
2032 2534 2401 2589 inconvulsam
2431 2535 2627 2589 habeat
2663 2536 2969 2603 puritatem,
3018 2551 3192 2607 neque
3218 2550 3315 2608 per
3348 2538 3473 2593 uni-

1881 2639 2165 2678 versarum
2212 2624 2579 2680 Ecelesiarum
2625 2634 2775 2696 gesta
2821 2634 3031 2681 constet
3073 2628 3475 2682 auctoritatem.

1885 2732 1911 2760 8
1936 2719 2089 2775 Sicut
2117 2720 2260 2774 enim
2284 2718 2523 2774 Ecclesia
2553 2720 2875 2775 universalis
2903 2730 2988 2776 est
3007 2737 3128 2790 quae
3159 2722 3349 2778 (imo
3370 2722 3478 2777 elo-

1883 2812 2012 2881 quio
2040 2811 2307 2865 catholica
2338 2811 2570 2876 dicitur,
2606 2811 2679 2865 ita
2722 2811 2979 2864 nimirum
3020 2826 3181 2867 omne
3216 2810 3478 2881 quidquid

1884 2901 1951 2954 ab
1980 2900 2096 2967 ejus
2133 2900 2340 2954 unitate
2383 2915 2489 2954 non
2534 2900 2789 2966 discedit,
2821 2899 3148 2955 catholicum
3175 2900 3476 2970 nuncupari

1882 2999 2078 3062 potest.
2117 2991 2306 3048 Omnis
2332 2992 2477 3047 enim
2498 2993 2741 3048 doctrina
2774 2993 3079 3048 Christiana
3118 2992 3201 3049 vel
3224 2992 3478 3063 quaelibet

1886 3084 2202 3139 constitutio
2221 3084 2335 3137 sive
2357 3084 2577 3138 traditio
2599 3083 2722 3139 talis
2750 3097 2870 3139 esse
2894 3084 3075 3150 debet,
3101 3093 3163 3138 ut
3186 3072 3476 3140 universali

1886 3175 2171 3228 conveniat
2198 3175 2492 3228 Ecclesiae:
2525 3175 2669 3242 quod
2705 3190 3049 3244 nequaquam
3090 3176 3329 3230 haeretici
3374 3176 3474 3230 ob-

1885 3274 2256 3329 servaverunt,
2286 3265 2378 3332 qui
2404 3279 2501 3332 per
2523 3264 2766 3319 diversas
2788 3266 2972 3319 mundi
2997 3274 3180 3335 partes
3205 3266 3477 3334 aliquibus

1886 3354 2166 3421 regionum
2217 3354 2464 3423 partibus
2515 3355 2773 3410 coarctati
2818 3355 3187 3411 conventicula
3214 3342 3476 3425 quaedam

1886 3451 2218 3509 statuerunt,
2276 3444 2471 3513 quibus
2524 3453 2580 3498 et
2618 3461 2676 3500 se
2723 3454 2777 3500 et
2821 3446 3166 3516 quamplures
3208 3445 3473 3519 [thcm.,

1884 3536 2185 3610 plurimos]
2216 3539 2289 3593 ab
2310 3537 2698 3593 ecclesiasticae
2724 3537 2946 3592 unitatis
2987 3538 3259 3592 consortio
3298 3550 3481 3606 segre-

1887 3638 2169 3701 gaverunt.
2201 3630 2336 3686 Cum
2362 3644 2499 3702 ergo,
2521 3632 2748 3686 duarum
2788 3639 2847 3686 et
2889 3631 3053 3686 trium
3076 3631 3479 3701 provinciarum

1885 3722 2146 3795 praesides
2182 3724 2236 3778 in
2265 3740 2433 3777 unum
2463 3725 2813 3788 conveniunt,
2861 3724 2907 3778 si
2949 3724 3294 3794 antiquorum
3316 3738 3480 3779 cano-

1887 3832 2019 3870 num
2062 3816 2403 3872 institutione
2456 3818 2648 3871 muniti
2697 3816 2897 3885 aliquid
2940 3817 3338 3884 praedicationis
3385 3823 3479 3871 aut

1888 3909 2154 3979 dogmatis
2181 3914 2424 3963 statuunt
2450 3900 2805 3978 [instituunt],
2833 3906 2978 3977 quod
3016 3914 3196 3962 tamen
3224 3908 3293 3962 ab
3336 3907 3476 3960 anti-

1887 4017 2117 4070 quorum
2147 4000 2369 4056 Patrum
2397 4000 2738 4070 dogmatibus
2765 4014 2870 4053 non
2904 3999 3201 4069 discrepat,
3242 3998 3475 4054 catholi-

1887 4113 2012 4154 cum
2040 4104 2126 4151 est
2158 4094 2302 4163 quod
2328 4093 2549 4157 faciunt,
2577 4100 2632 4147 et
2665 4091 2895 4147 fortasse
2930 4092 3034 4147 dici
3060 4099 3237 4163 potest
3258 4092 3477 4146 univer-

1887 4192 2016 4255 sale,
2047 4191 2302 4261 quoniam
2326 4189 2573 4260 quamvis
2594 4204 2700 4244 non
2721 4189 2792 4243 sit
2817 4190 2885 4243 ab
2906 4188 3143 4243 universi
3172 4188 3318 4243 orbis
3342 4202 3477 4258 pra:-

1886 4282 2095 4338 sulibus
2119 4288 2322 4345 actum,
2349 4287 2530 4334 tamen
2561 4278 2630 4333 ab
2663 4279 3039 4333 universorum
3066 4277 3172 4333 ﬁde
3210 4284 3265 4332 et
3308 4276 3475 4332 tradi-

1889 4372 2033 4427 tione
2061 4389 2165 4428 non
2193 4372 2501 4442 discrepat:
2529 4370 2673 4439 quod
2714 4370 2908 4437 crebro
2951 4367 3154 4427 factum
3205 4367 3260 4423 in
3286 4367 3479 4438 pleris-

1884 4478 1990 4534 que
2038 4465 2227 4519 mundi
2270 4464 2536 4534 partibus,
2576 4448 2896 4530 quibusdam
2945 4460 3358 4515 necessitatibus
3397 4458 3480 4513 in-

1885 4555 2284 4619 cumbentibus,
2310 4554 2531 4608 scimus.
2559 4551 2731 4606 Multa
2748 4552 2891 4606 enim
2914 4552 3139 4608 concilia
3163 4558 3314 4621 gesta
3331 4556 3475 4615 sunt,

1884 4659 2117 4714 quorum
2145 4642 2580 4697 institutionibus
2616 4652 2805 4699 sancta
2846 4644 3088 4698 munitur
3127 4651 3182 4697 et
3225 4641 3481 4697 corrobo-

1885 4746 2037 4792 ratur
2062 4734 2322 4789 Ecclesia.
2359 4732 2416 4788 Si
2442 4749 2573 4789 vero
2599 4735 2828 4790 duarum
2858 4742 2951 4789 aut
2981 4736 3143 4792 trium
3175 4730 3480 4804 provincia-

1884 4820 2007 4884 rum
2034 4824 2296 4897 prmsuies
2341 4825 2395 4880 in
2443 4841 2610 4880 unum
2655 4808 3037 4883 convenientes
3064 4827 3202 4879 nova
3231 4821 3478 4889 quaedam

1885 4928 2126 4978 statuere
2149 4918 2448 4989 cupientes,
2462 4919 2834 4986 conventicula
2847 4918 3090 4986 quaedam
3110 4910 3334 4974 faciunt,
3349 4909 3476 4979 quia

1884 5028 1996 5068 non
2021 5026 2147 5068 cum
2174 5010 2415 5065 universi
2440 5010 2590 5065 orbis
2621 5009 2862 5064 Ecclesia
2884 5006 3152 5067 sentiunt,
3180 5000 3277 5056 sed
3308 5002 3380 5056 ab
3411 5014 3475 5055 ea

1886 5103 2120 5174 quadam
2159 5116 2226 5155 ex
2266 5108 2422 5171 parte
2464 5100 2822 5161 dissentiunt,
2866 5111 2977 5150 non
3018 5104 3101 5149 est
3143 5092 3476 5148 catholicum

1888 5194 2033 5266 quod
2077 5193 2322 5260 faciunt,
2374 5202 2431 5249 et
2476 5193 2599 5247 ideo
2655 5188 2959 5245 universale
3016 5184 3319 5253 nuncupari
3368 5199 3474 5239 non

1886 5294 2083 5358 potest.
2102 5286 2274 5343 Omne
2293 5287 2435 5357 quod
2454 5281 2880 5338 ecclesiasticum
2898 5287 3002 5341 est,
3019 5273 3349 5332 catholicum
3369 5280 3477 5338 est,

1890 5404 2029 5461 tiens
2049 5419 2208 5458 verso
2228 5404 2571 5472 propagatur.
2596 5388 3039 5472 Nammultjtudo
3053 5385 3477 5472 gnitatumuver:

1888 5452 2355 5532 {5330155515
2374 5452 2627 5532 ‘é'ollecta,
2659 5459 2999 5532 universitas
3018 5452 3272 5532 emcitur._
3319 5453 3480 5507 Sicut
3508 5486 3515 5489 -

2058 5521 2634 5599 E'éaggﬁ—ﬁniversalis
2658 5537 2757 5603 est,
2776 5537 2890 5603 etc.
2914 5548 2935 5581 ι
2958 5528 3072 5603 Non
3093 5521 3235 5592 quod
3258 5521 3362 5575 hoc
3383 5537 3481 5577 0r-

1891 5597 2095 5674 aias};
2114 5597 2260 5666 libro
2282 5622 2378 5662 suo
2402 5605 2638 5674 legisset,
2662 5597 2843 5674 sed_ut
2868 5598 3234 5674 institutosuo
3257 5604 3468 5674 accurri-

2278 5659 2498 5750 57mm}
2511 5659 2754 5745 πρόὲερω
2763 5664 3109 5729 bunclocum
3118 5659 3501 5738 transcripsit,
