4008 6154
591 271 714 324 1271

1461 266 1522 320 Β.
1562 266 1808 321 CAROLI
1850 263 2064 318 MAGNI
2103 260 2253 317 Oi’P.
2292 259 2470 315 PARS
2503 262 2566 316 II.
2611 262 2851 319 SECTIO
2890 263 2951 318 II.

3664 232 3849 316 ten

582 379 793 449 quando
820 353 1039 449 et'ipsos
1072 383 1125 429 tu
1152 374 1348 430 fecisti.
1407 372 1485 426 Tu
1509 388 1567 427 es
1596 373 1753 433 Deus,
1781 372 1873 441 qui
1902 371 2033 426 facis
2058 372 2157 424 mi-
2189 380 2228 434 Α
2260 378 2459 449 cuntur
2485 371 2536 449 in
2576 372 2711 449 lege,
2735 388 2906 449 _un_um
2942 372 3124 435 Vetus,
3160 371 3384 449 alterum
3411 369 3641 449 Novum.
3669 372 3844 449 Yetus

583 447 769 503 rabilia
799 447 964 509 solus,
995 455 1099 500 etc.
1150 466 1167 496 ι

647 517 777 571 ΟΜ).
819 532 905 569 Lv.
935 545 1001 554 —
1030 512 1401 584 [lepra/pensio.
1436 511 1511 563 De
1533 526 1603 584 eo
1638 510 2156 584 qnod_apoc_ryphas

578 597 631 640 ιιι
664 585 813 641 omni
856 580 1126 639 derisione
1173 583 1361 650 dignas
1407 581 1609 634 naeuius
1644 581 1755 635 suis
1788 580 2158 645 ,locutionibus

580 656 1039 725 interposuerunt.

654 717 961 794 Responsio.
998 720 1080 774 Ad
1098 718 1431 794 _deri_s_ionem
1473 726 1532 794 et
1571 718 1921 794 opprobrium
1950 717 2159 772 haereti-

578 786 787 855 corum,
824 791 916 860 qui
950 788 1434 861 pseudosyllogum_
1471 787 1618 861 illum
1648 786 1928 861 fecerunt,
1968 802 2155 861 eorum

579 856 917 932 apocryphas
951 856 1194 932 nimias,
1223 856 1358 927 quas
1404 857 1786 932 deliraverunt,
1818 858 1871 910 in
1920 856 2155 911 medium

580 926 936 993 iledux'e'runt,
966 926 1398 983 demonstrantes
1425 926 1506 980 eis
1543 926 1755 995 qualem
1793 940 2033 995 errorem
2060 940 2155 980 co-

581 1002 849 1056 nabantur
879 999 932 1053 in
970 1007 1214 1053 sanctam
1258 994 1579 1051 catholicam
1600 1002 1655 1049 et
1694 994 2045 1064 apostolicam
2078 995 2161 1048 in-

584 1070 871 1145 troducere
900 1067 1223 1145 Ecclesiam.
1263 1068 1327 1145 Et
1346 1065 1676 1145 idcirco_qui_
1707 1079 1773 1117 ex
1798 1066 1921 1145 ipsa
1954 1064 2157 1145 reversi

582 1147 710 1195 sunt
736 1139 947 1202 haeresi,
975 1153 1097 1191 eum
1134 1138 1395 1206 propheta
1421 1135 1683 1206 canebant
1701 1148 1801 1201 pro
1824 1134 1954 1201 ipsis
1989 1134 2159 1206 haere-

581 1211 742 1265 ticis:
768 1201 976 1262 Inimiti
997 1201 1292 1275 defecerunt
1315 1204 1617 1275 framearAin
1646 1203 1961 1275 [ine_m,_etc.A
1983 1201 2155 1275 (Rsai.

524 1325 535 1331 -
584 1279 687 1350 IX.)
728 1279 832 1332 alia
862 1272 1237 1353 Δριιὲιτῃλιιθῃι
1288 1272 1760 1353 sancti-Gregorii
1799 1272 2055 1353 Theologi
2092 1272 2159 1353 de

585 1339 836 1405 sermone
860 1339 914 1401 in
946 1345 1277 1416 Epiphaniisg
1319 1343 1592 1416 (Oratione
1622 1339 1679 1395 in
1698 1350 1879 1395 sancta
1899 1339 2155 1416 Lumina),

586 1416 732 1474 inter
758 1426 952 1473 czetera
986 1410 1007 1468 Ξ
1046 1410 1070 1465 ἱ
1103 1410 1436 1485 Accedamus
1460 1412 1528 1485 ad
1548 1411 1743 1485 iucem,
1776 1420 1829 1485 et
1860 1410 2160 1485 effigiamur

586 1490 752 1543 etiam
780 1488 881 1555 ipsi
906 1487 994 1539 lux
1020 1482 1593 1555 participationelucis
1612 1481 1844 1555 aeternio.
1899 1499 1917 1555 ρ
1950 1481 2016 1555 Et
2032 1487 2160 1555 post

587 1573 757 1627 pauca
776 1550 838 1610 ί(
862 1550 1110 1627 Nunquid
1135 1550 1238 1606 tale
1253 1552 1453 1621 aliquid
1474 1551 1528 1605 in
1549 1550 2159 1627 mysteriis_suis_habent

586 1619 921 1708 paganorum
946 1619 1112 1708 delira
1155 1619 1477 1681 commenta,
1505 1619 2155 1708 Det.’mysteria“obscura,

588 1688 995 1751 adiuventiones
1023 1693 1342 1752 daemonum,
1389 1699 1481 1744 aut
1504 1688 1718 1743 furiosae
1747 1691 1939 1742 mentis
1963 1704 2157 1743 vesana

589 1766 861 1836 figmenta,
916 1771 1156 1836 tempore
1202 1759 1537 1822 conﬁrmata,
1564 1766 1618 1812 et
1651 1757 1846 1836 fabulis
1884 1773 2159 1813 commen-

589 1828 754 1888 data?
784 1834 857 1887 Ea
905 1828 1071 1895 enini,
1112 1846 1232 1900 qua:
1283 1839 1561 1900 tanquam
1587 1842 1712 1900 vera
1748 1828 1993 1900 adorant,
2023 1844 2163 1900 _rur-_-

591 1920 709 1958 sum
739 1905 861 1957 ficta
890 1917 1010 1958 esse
1029 1911 1082 1955 et
1107 1897 1408 1968 composita
1428 1913 1524 1967 per
1537 1897 1747 1951 fabulas
1762 1898 1973 1951 docent.
2010 1897 2163 1963 Quod

590 1976 635 2027 si
664 1982 844 2028 essent
898 1987 1047 2036 vera,
1098 1967 1283 2039 utique
1331 1967 1585 2039 fabulosa
1626 1982 1731 2039 non
1785 1975 1986 2039 essent,
2040 1982 2164 2021 cum

591 2044 700 2098 sint
731 2043 879 2098 omni
922 2055 1118 2111 genere
1172 2036 1445 2111 contraria
1486 2036 1589 2091 sibi
1615 2038 1815 2090 veritas
1856 2038 2161 2111 et‘ligmen-

594 2122 728 2167 tum.
783 2112 890 2167 Sed
909 2106 1075 2179 agunt
1101 2110 1297 2179 omnia,
1332 2116 1603 2179 tanquam
1631 2121 1755 2179 vere
1774 2107 2010 2179 pueriin
2047 2106 2164 2179 pia:

593 2184 698 2237 teis
727 2175 969 2237 ludentes
1006 2195 1071 2233 ac
1112 2180 1214 2234 sibi
1271 2175 1501 2231 invicem
1552 2176 1853 2230 illudentes.
1895 2175 2047 2230 Nulla
2093 2177 2165 2230 ibi

591 2252 767 2306 virilis
791 2266 980 2305 sensus
1002 2259 1055 2304 et
1076 2248 1325 2319 perfecta:
1356 2246 1580 2319 rationis
1599 2246 2001 2319 assertio,_ni_bil
2024 2248 2166 2319 quod

591 2322 836 2391 proferre
856 2314 1358 2391 valeant-adversus
1384 2316 1618 2371 cultores
1661 2317 1809 2370 verbi
1834 2314 1947 2378 Dei,
1977 2326 2032 2369 et
2061 2315 2166 2368 alia

593 2390 789 2446 similia
815 2390 991 2459 plura.

663 2454 941 2517 CAR-LVI.
978 2488 1052 2501 -
1090 2456 1457 2527 Reprehensio.
1508 2454 1585 2527 De
1640 2469 1705 2527 eo
1768 2455 1912 2524 quod
1968 2464 2169 2527 quanto

593 2531 748 2599 plura
771 2529 1015 2599 exempla
1046 2524 1420 2599 haaretieorum
1445 2533 1499 2578 et
1521 2524 1783 2594 imagines
1803 2525 2169 2593 spernentium

595 2595 680 2653 vel
706 2595 1115 2667 despicientium
1150 2595 1388 2667 trahunt,
1417 2602 1569 2667 tanto
1624 2602 1874 2662 parentes
1900 2609 2028 2648 suos
2051 2610 2169 2667 mag

591 2663 1088 2736 joribus'conviciis
1108 2673 1161 2718 et
1187 2663 1393 2736 injuriis
1440 2663 1778 2736 inhonorant,
1808 2678 1956 2736 quos;
1982 2664 2170 2732 procul

595 2732 758 2792 ilubio
779 2752 965 2791 eorum
989 2749 1245 2804 sequaces
1270 2734 1323 2786 in
1354 2733 1453 2787 hac
1476 2741 1626 2802 parte
1650 2732 1810 2788 fuisse
1830 2732 2168 2802 proﬁtentur.

675 2807 977 2875 Responsio.
1007 2806 1143 2875 Ecce
1170 2805 1342 2872 ipsum
1372 2818 1536 2875 unum
1568 2812 1806 2858 tenorem
1849 2804 1903 2856 in
1946 2804 2049 2875 hoc
2076 2818 2169 2856 ca-

595 2872 810 2946 pitulari
840 2875 1033 2945 sepius
1057 2874 1314 2946 referunt,
1344 2873 1468 2946 quia
1497 2882 1746 2943 parentes
1769 2889 1954 2946 eorum
1975 2872 2173 2946 despe-

596 2944 793 3002 ierunt
815 2944 977 3015 atque
1008 2944 1323 3015 injuri-antes
1349 2944 1826 3015 inhonoraverunt.
1871 2944 1949 3015 Et
1973 2944 2092 3015 ideo
2118 2949 2172 2997 et

594 3034 719 3080 nos,
741 3024 801 3071 ut
826 3012 1075 3084 superius
1098 3014 1458 3075 exaravimus,
1485 3028 1581 3081 pro
1604 3012 1906 3080 huiusmodi
1936 3013 2171 3067 breviter

2258 436 2894 511 promissiones'habebat
2918 441 3261 511 temporales,
3290 442 3391 511 sed
3410 441 3847 511 significationes

2259 509 2550 579 spiritales.
2585 510 2826 564 lntendat
2852 509 3091 565 Charitas
3129 520 3329 565 vestra.
3364 509 3420 564 Si
3453 509 3721 579 promissa
3753 524 3846 567 est

2257 576 2456 649 iudicis
2488 587 2629 632 terra
2666 580 3061 648 promissionis,
3091 579 3361 648 signiﬁcat
3384 576 3587 649 aliquid
3619 582 3846 649 spirita-

2259 646 2381 718 liter
2403 656 2542 718 terra
2560 646 2948 716 promissionis.
2966 649 3021 703 Si
3040 646 3303 718 promissa
3326 657 3408 703 est
3422 646 3626 704 ludatis
3643 646 3843 705 civitas

2294 716 2407 770 acis
2448 715 3057 788 Jerusalem,signilicat
3107 719 3306 788 aliquid
3355 733 3550 772 nomen
3600 720 3847 775 civitatis

2288 786 2551 859 erusaiem
2581 803 2595 837 :
2620 806 2650 859 )_
2672 795 2726 840 et
2750 786 2943 842 similia
2979 789 3083 842 alia
3107 786 3279 859 plura.
3307 788 3477 859 Unde,
3511 796 3570 859 ut
3586 792 3846 859 superius

2257 857 2597 926 exaravimus
2620 856 2686 910 de
2709 859 2897 910 eodem
2926 858 3064 912 libro
3103 856 3277 912 sancti
3311 857 3597 926 Augustini
3617 856 3720 913 una
3749 876 3846 915 res

2257 925 2441 1000 multis
2472 925 2644 1000 modis
2681 926 3055 1000 significatur:
3083 943 3203 996 quae
3239 928 3366 981 nihil
3405 925 3598 981 horum
3626 936 3711 982 est
3740 945 3846 1000 per

2257 994 2600 1067 evidentiam,
2629 994 2809 1067 omnia
2846 1006 2929 1051 est
2963 1012 3059 1065 per
3090 994 3340 1067 figuram,
3371 1004 3483 1050 etc.

2329 1062 2459 1117 CAP.
2507 1078 2617 1135 ms.
2653 1095 2723 1103 —
2755 1062 3153 1135 Reprehensiof
3175 1066 3328 1132 Quod
3382 1082 3488 1120 non
3539 1067 3651 1120 sint
3702 1082 3845 1122 00:2-

2259 1136 2485 1205 quandaz
2514 1134 2774 1202 imagines
2812 1134 3054 1205 reliquiis
3094 1145 3403 1191 sanctorum
3442 1146 3742 1205 martyrum
3783 1144 3845 1191 et

2260 1200 2648 1274 confessorum,
2690 1212 2748 1256 ut
2790 1204 2864 1257 illi
2912 1200 2964 1258 in
3012 1221 3108 1259 sua
3145 1220 3369 1259 erronea
3415 1200 3620 1274 synodo
3662 1206 3842 1261 {cem

2261 1272 2519 1344 nituntur,
2556 1287 2619 1344 eo
2645 1274 2787 1341 quod
2830 1274 3068 1342 reliquis:
3093 1285 3185 1329 aut
3219 1276 3285 1329 de
3319 1272 3545 1344 corpore
3571 1285 3712 1337 sunt,
3744 1286 3842 1329 aut

2259 1339 2583 1415 de_his_qu:e
2607 1339 3060 1415 in'eorporefaut
3096 1345 3161 1399 de
3194 1345 3279 1398 his
3305 1339 3431 1411 quae
3461 1345 3608 1398 circa
3643 1361 3841 1415 corpus

2260 1407 2535 1476 cuiusdam
2563 1412 2734 1484 sancti
2761 1407 3005 1484 fuerunt;
3037 1414 3304 1484 imagines
3321 1407 3450 1467 vero
3485 1429 3585 1468 nec
3624 1416 3678 1469 in
3713 1407 3842 1469 cor—

2261 1493 2411 1553 pore,
2450 1495 2547 1533 nec
2584 1481 2727 1553 circa
2756 1496 2953 1553 corpus
2980 1481 3255 1538 fuisse'vel
3279 1482 3395 1538 fore
3419 1484 3708 1538 creduntur
3732 1484 3846 1538 illis

2261 1549 2456 1617 quibus
2484 1550 2847 1605 aseribuntur.

2334 1616 2637 1688 Responsio.
2667 1619 2725 1672 lu
2757 1620 2927 1675 sacris
2962 1622 3232 1693 praedictis
3260 1622 3503 1677 conciliis
3541 1624 3845 1693 praedeces-

2263 1703 2445 1760 sorum
2512 1702 2756 1760 meorum
2822 1691 3285 1745 sanctissimorum
3355 1691 3664 1760 pontificum
3721 1693 3847 1747 hac

2264 1757 2441 1812 oblata
2474 1766 2599 1811 sunt
2630 1759 2959 1822 testimonia,
2992 1760 3044 1814 id
3082 1768 3165 1815 est
3192 1757 3372 1816 sancti
3391 1761 3653 1817 Gennadii
3695 1761 3849 1815 Mas-

2265 1826 2499 1900 siliensis
2545 1828 2803 1900 episcopi,
2851 1830 3080 1897 qualiter
3121 1830 3422 1885 veneranda
3464 1832 3574 1885 sint
3616 1846 3849 1900 corpora

2265 1897 2349 1950 vel
2394 1897 2635 1967 reliquiae
2684 1897 3028 1970 sanctorum,
3080 1900 3311 1970 capitulo
3353 1900 3462 1953 40:
3497 1919 3515 1951 ι
3553 1897 3850 1970 Sacrorum

2266 1974 2600 2047 corpora,_et
2624 1969 3191 2047 praecipuebeatorum
3229 1970 3503 2047 reliquias,
3528 1971 3666 2047 ac__si
3692 1969 3856 2024 Chri-

2265 2036 2332 2090 sti
2372 2036 2616 2091 membra
2640 2036 3000 2092 sincerissime
3018 2036 3359 2102 honoranda,
3384 2051 3440 2094 et
3469 2040 3731 2095 basilicas
3750 2054 3852 2093 eo-

2265 2121 2385 2159 rum
2413 2107 2629 2161 nomine
2652 2108 2960 2175 appellatas,
2989 2110 3130 2163 velut
3155 2109 3267 2164 loca
3292 2111 3475 2163 divino
3495 2109 3662 2165 cultui
3694 2124 3858 2161 man—

2266 2176 2461 2245 cipata,
2522 2176 2717 2231 affectu
2778 2178 3019 2246 piissimo
3072 2186 3126 2232 et
3184 2179 3464 2231 devotione
3529 2178 3864 2231 fidelissima

2267 2247 2560 2315 adeun'las.
2586 2247 2643 2301 Si
2668 2247 2787 2315 quis
2812 2257 2995 2301 contra
3024 2248 3161 2300 hanc
3189 2247 3509 2300 sententiam
3538 2248 3706 2310 venit,
3738 2262 3865 2299 non

2268 2314 2603 2385 Christianus
2644 2314 2910 2381 credatur,
2961 2316 3053 2369 sed
3101 2316 3486 2369 Eunomianus.
3536 2336 3555 2366 ι
3587 2315 3729 2369 Item
3788 2316 3862 2369 de

2265 2386 2523 2453 petitione
2553 2386 2865 2439 clericorum
2895 2395 2950 2439 et
2980 2386 3365 2439 monachorum
3407 2392 3611 2438 sanctae
3650 2385 3860 2438 Antio—

2268 2456 2454 2511 chenze
2506 2455 2755 2509 Ecclesia!
2808 2455 3064 2508 adversus
3110 2454 3371 2508 Severum
3426 2454 3745 2507 haereticum
3804 2454 3861 2506 in

2269 2534 2453 2579 sancta
2486 2526 2673 2594 quinta
2703 2524 2906 2593 synodo
2940 2542 2954 2576 :
2991 2542 3008 2573 ι
3046 2523 3225 2593 Neque
3259 2523 3403 2594 enim
3435 2524 3501 2577 de
3535 2524 3744 2577 sanctis
3776 2523 3855 2576 al-

2270 2595 2478 2648 taribus
2509 2593 2781 2664 pepercit,
2837 2594 3202 2648 sacratissima
3243 2593 3566 2664 vestimenta
3592 2605 3859 2664 _vasaque

2270 2661 2539 2719 nonnulla
2577 2661 2911 2732 discerpeus,
2954 2671 3256 2732 eceteraque
3296 2662 3530 2732 fundens
3574 2661 3859 2732 distribuit

2270 2734 2731 2803 consentientibus
2757 2730 2872 2787 _sibi
2913 2732 2992 2803 (In
3020 2730 3222 2803 synodo
3247 2734 3348 2786 sub
3390 2731 3601 2803 Menna,
3635 2740 3753 2803 act:
3775 2730 3856 2803 1).

2269 2802 2448 2858 Ausus
2483 2802 2583 2857 fuit
2605 2804 2749 2856 enim
2789 2803 2896 2866 ille,
2923 2800 3241 2865 beatissimi,
3269 2817 3388 2870 qua:
3428 2802 3482 2855 in
3511 2811 3693 2871 typum
3722 2800 3854 2870 Spi-

2270 2873 2409 2931 ritus
2443 2872 2614 2927 saneti
2652 2888 2830 2927 aurea:
2858 2882 3233 2941 argenteaque
3262 2871 3522 2926 columba:
3541 2871 3852 2941 pendebant

2273 2958 2432 3011 supra
2468 2943 2863 2996 sacratissimos
2890 2939 3066 2996 fontes
3108 2939 3163 2996 et
3204 2941 3412 3011 altaria,
3455 2955 3578 3011 cum
3607 2939 3852 3011 reliquiis

2272 3009 2552 3081 usurpare,
2581 3013 2763 3065 dicens
2786 3011 2933 3065 :Non
2958 3019 3041 3065 est
3063 3026 3281 3066 necesse
3307 3010 3361 3064 in
3388 3009 3566 3079 specie
3587 3010 3853 3064 culumbm

597 3069 860 3142 addentes
891 3069 1144 3146 dicimus,
1187 3084 1313 3151 quia
1359 3069 1460 3136 nec
1486 3069 1744 3149 'parent'es
1789 3084 1915 3137 boni
1948 3090 2173 3151 possunt
2199 3069 2241 3129 C
2275 3069 2803 3151 spiritum'sanctum
2829 3082 3129 3151 nominare,
3155 3091 3260 3135 etc.
3292 3100 3309 3132 ι

600 3158 727 3211 filiis
756 3156 912 3209 malis
941 3154 1214 3224 prodesse,
1247 3166 1419 3224 neque
1444 3152 1547 3224 lilii
1571 3152 1694 3205 boni
1723 3160 1946 3224 possunt
1974 3166 2170 3221 paren-

597 3227 745 3282 tibus
776 3221 1214 3279 malis'auxilinm
1251 3221 1413 3284 ferre,
1458 3222 1550 3275 sed
1589 3221 1953 3290 unusquisque
1984 3237 2081 3290 pro
2116 3236 2175 3275 se

600 3295 789 3350 reddet
806 3294 1068 3348 rationem
1095 3293 1224 3345 Deo.
1249 3290 1413 3359 Magis
1434 3299 1611 3345 autem
1637 3292 1860 3345 multum
1883 3291 2175 3344 laudabiles

598 3375 727 3420 sunt
747 3365 838 3434 qui
866 3370 1124 3434 parentes
1139 3376 1323 3414 eorum
1347 3375 1450 3434 non
1474 3368 1774 3434 sequuntur
1801 3363 1853 3415 in
1881 3360 2175 3415 saevissimo

597 3428 805 3497 errore,
837 3428 1037 3488 reversi
1063 3432 1131 3485 ad
1156 3445 1337 3485 veram
1375 3428 1533 3483 fidem
1562 3428 1925 3484 'orthodoxam
1975 3439 2176 3484 sanctae

598 3505 879 3559 catholica:
926 3511 981 3557 et
1023 3500 1328 3569 apostolicae
1362 3499 1632 3569 Ecclesiae.
1686 3499 1762 3552 Ex
1813 3501 1961 3569 libro
2001 3500 2174 3569 sancti

597 3573 891 3644 Augustini
929 3573 1005 3644 de
1034 3568 1312 3644 prophetia
1345 3568 1550 3644 (Tracti
1576 3569 1639 3620 de
1685 3570 1883 3644 ovibus,
1919 3568 2064 3621 circa
2108 3568 2174 3620 li-

600 3638 769 3713 nem),
806 3641 916 3713 ubi
942 3642 1011 3693 ad
1051 3654 1202 3713 oves_
1229 3639 1483 3713 [equitur
1518 3638 1712 3713 Densa
1745 3638 1886 3713 inter
1932 3646 2128 3713 ecetera
2157 3650 2172 3690 :

606 3729 626 3763 ι
663 3705 807 3780 Ergo
830 3710 1133 3780 quicunque
1155 3708 1224 3760 ab
1251 3705 1517 3780 hmreticis
1544 3705 1860 3780 transierint
1886 3705 1954 3780 ad
1980 3705 2178 3762 Catho-

600 3774 781 3843 licam,
809 3774 915 3832 non
946 3776 1218 3846 habebunt
1257 3775 1359 3846 hoc
1382 3774 1726 3846 opprobrium
1773 3776 2029 3846 gentium,
2076 3792 2177 3832 nec

601 3849 898 3932 ροτιειξειιιι
934 3844 1278 3932 maestae
1312 3843 1678 3932 ίὲίξεςειξίριξίξν
1708 3843 2177 3932 subierunt?“

601 3913 660 3974 in
708 3918 888 3973 radice
932 3915 1172 3977 unitatis,
1224 3915 1279 3969 in
1326 3913 1653 3982 plantatione
1695 3913 2014 3971 cbaritatis:
2049 3917 2175 3970 Non

600 3987 880 4053 portabunt
915 3984 1271 4048 maledictum,
1318 3993 1366 4037 et
1395 3984 1576 4057 _scien1
1618 3986 1866 4057 quoniam
1916 4002 2023 4057 ego,
2059 4001 2176 4039 sum

601 4058 861 4112 Dominus
901 4057 1040 4110 Deus
1080 4072 1277 4118 eorum,
1306 4062 1353 4107 et
1387 4053 1485 4123 ipsi
1523 4053 1744 4123 populus
1789 4053 1963 4110 meus'
1989 4056 2176 4109 domus

602 4125 794 4192 Israel,
815 4127 941 4181 dicit
972 4125 1226 4197 Dominus
1257 4122 1875 4197 Deus_'(Ezech._xxx1v).
1896 4144 1927 4197 _»

676 4191 806 4251 Cui.
845 4212 974 4252 Lvn.
999 4224 1070 4233 —-
1092 4191 1458 4264 Reprehensio'.
1488 4191 1658 4264 Quod
1709 4191 1844 4248 nou'
1866 4194 1936 4248 sit
1986 4202 2177 4264 contra

608 4266 920 4336 religionem
958 4262 1340 4336 Christianam,
1383 4271 1442 4316 ut
1485 4262 1560 4315 illi
1592 4262 1794 4330 dicunt,
1845 4279 1954 4319 non
2000 4263 2179 4319 colere

605 4343 663 4388 et
688 4333 794 4387 n'on
822 4334 1052 4388 adorare
1078 4333 1356 4397 imagines.

2343 3150 2472 3205 Car.
2488 3149 3189 3220 1.x.-—gRepreliensio.Quod
3216 3151 3329 3204 haec
3352 3150 3604 3220 synodus,
3619 3163 3738 3219 qua:
3754 3163 3859 3220 nec.

2276 3221 2513 3290 synodus
2557 3218 2773 3288 quidem
2799 3219 3022 3290 dicenda
3066 3228 3168 3282 est,
3200 3218 3503 3275 nullatenus
3527 3218 3853 3290 aequiparari

2273 3288 2448 3361 possit
2473 3289 2699 3361 Niuenze
2726 3289 2944 3361 synodo,
2975 3303 3283 3357 quanquam
3314 3290 3389 3361 in,
3410 3291 3601 3361 eodem
3631 3290 3702 3361 sit
3743 3288 3857 3361 agi-

2278 3348 2388 3413 ista
2413 3359 2552 3421 loco,
2582 3360 2720 3413 sicut
2752 3348 3303 3428 Joannes'pres'byter
3328 3360 3612 3413 atlulanter
3651 3348 3855 3412 dixisse

2274 3430 2589 3499 perhibetur
2611 3429 2837 3499 :quippe
2863 3443 2985 3481 cum
3014 3430 3083 3482 ab
3108 3443 3169 3481 ea
3199 3444 3305 3481 non
3329 3429 3500 3483 solum
3528 3428 3585 3481 in
3616 3428 3850 3489 cineris,

2276 3497 2373 3567 sed
2396 3498 2448 3551 in
2474 3497 2716 3567 symbolo
2742 3497 3046 3565 discrepare
3073 3507 3345 3551 noscatur.

2347 3564 2653 3637 Responsio.
2684 3564 2804 3637 Jam
2830 3564 3077 3635 superius
3104 3568 3447 3637 exaravimus
3473 3566 3635 3634 hujus
3665 3566 3855 3637 synodi

2275 3636 2456 3690 divina
2480 3636 2729 3705 dogmata
2760 3636 3249 3706 irreprehensibilia
3269 3638 3523 3698 existere,
3553 3636 3703 3691 sicut
3722 3650 3854 3705 prte-

2275 3706 2555 3775 cipuorum
2601 3705 2909 3775 sanctorum
2953 3705 3170 3759 Patrum
3216 3707 3443 3761 mirifice
3483 3707 3855 3760 demonstrant

2274 3774 2550 3856 opuscula.
2598 3774 2737 3856 Nam
2779 3776 2856 3856 si.
2868 3777 2993 3856 quis
3028 3790 3060 3828 a
3090 3775 3356 3856 praedicta}
3382 3776 3586 3856 synodi
3613 3774 3855 3856 symbolo

2275 3844 2582 3913 discrepare
2603 3860 2661 3900 se
2688 3844 2903 3908 dixerit,
2931 3845 3237 3914 discrepare
3255 3844 3466 3898 videtur
3486 3861 3517 3897 a
3543 3844 3854 3914 sanctarum

2276 3930 2370 3969 sex
2400 3914 2728 3985 synodorum
2758 3913 3016 3985 symbolo,
3046 3913 3118 3967 eo
3140 3914 3282 3985 quod
3313 3915 3400 3985 isti
3431 3929 3539 3985 non
3564 3930 3628 3969 ex
3663 3929 3742 3975 se,
3764 3913 3855 3967 sed

2348 4001 2374 4038 r
2396 3984 2705 4039 sanctorum
2740 3984 3049 4053 dogmatum
3076 3984 3494 4038 constitutiones
3517 3984 3680 4038 loculi
3704 3991 3851 4053 sunt.

2324 4071 2353 4108 κ
2386 4054 2525 4108 libro
2546 4061 2746 4108 sanctae
2770 4051 2933 4107 sexta:
2955 4054 3164 4123 synodi,
3187 4054 3331 4107 inter
3353 4063 3549 4109 caetera
3572 4053 3706 4123 (Act.
3728 4051 3850 4123 i7);

2286 4143 2301 4175 ι
2339 4123 2654 4178 Snfllciebat
2684 4124 2896 4191 quidem
2931 4119 3012 4192 ad,
3040 4122 3335 4192 perfectam
3382 4119 3691 4178 orthodoxa:
3723 4119 3854 4175 ﬁdei

2278 4193 2640 4264 cognitionem
2680 4201 2842 4264 atque
2863 4191 3372 4264 confirmationem,
3397 4193 3548 4264 pium
3579 4203 3740 4264 atque
3766 4206 3856 4244 or-

2279 4261 2573 4317 thodoxum
2617 4263 2720 4316 hoc
2769 4262 2963 4316 divinae
3003 4261 3189 4330 gratiae
3221 4262 3545 4331 symbolum.
3585 4261 3689 4316 Sed
3725 4275 3855 4330 quo-

2280 4332 2425 4387 niam
2471 4346 2578 4386 non
2616 4331 2822 4385 destitit
2864 4332 2933 4385 ab
2984 4331 3206 4385 exordio
3252 4330 3571 4385 adiuventor
3618 4331 3851 4393 malitiae,

679 4401 984 4472 Responsio.
1026 4402 1107 4455 Ex
1152 4402 1288 4472 libro
1330 4400 1472 4454 beati
1507 4399 1793 4472 Augustini
1840 4402 1907 4457 de
1944 4408 2177 4457 tractatu
2211 4407 2259 4463 D
2281 4408 2685 4472 cooperatorem
2718 4400 2819 4455 sibi
2849 4408 3151 4469 serpentem
3188 4401 3466 4472 inveniens
3509 4409 3565 4455 et
3602 4414 3852 4472 pereum

607 4470 884 4526 Proverbii
914 4472 1235 4533 Salomonis,
1265 4471 1403 4523 inter
1430 4470 1623 4525 czetera
1651 4488 1664 4523 :
1702 4488 1722 4521 ι
1753 4470 1967 4525 Iuvenis
2007 4472 2181 4526 homi-

609 4555 731 4595 nem
758 4542 1122 4610 porrigentem
1147 4554 1309 4593 manu
1333 4540 1703 4610 eleemosynas
1730 4554 2047 4610 pauperum,
2080 4555 2181 4595 nec

608 4608 790 4664 tamen
821 4611 886 4663 de
909 4608 1017 4663 Deo
1038 4608 1112 4661 ibi
1140 4609 1482 4678 cogitantem,
1512 4608 1606 4663 sed
1632 4608 1939 4663 hominibus
1968 4608 2183 4678 placere

609 4678 934 4747 cupientem.
978 4678 1156 4731 Lanea
1199 4678 1363 4733 vestis
1403 4679 1573 4733 videri
1616 4687 1817 4747 potest,
1870 4678 2181 4747 interiorem

608 4746 806 4813 lineam
841 4762 948 4801 non
975 4747 1153 4801 habet.
1181 4747 1392 4803 Iuvenis
1415 4747 1581 4801 alium
1603 4746 1869 4802 dicentem
1895 4747 1989 4801 tibi
2017 4765 2029 4799 :
2063 4746 2185 4801 Suf-

610 4816 726 4871 ficit
746 4816 876 4870 mihi
898 4817 951 4870 in
976 4817 1300 4873 conscientia
1325 4817 1493 4870 Deum
1513 4816 1709 4879 colere,
1733 4815 1901 4870 Deum
1921 4817 2181 4871 adorare:

610 4886 740 4969 avid
768 4885 900 4967 mihi
927 4902 1079 4969 ορυξ.
1097 4894 1311 4969 ceam.
1331 4887 1385 4969 i9
1403 4884 1701 4969 ,ερρὲίξὲἱδφ
1736 4886 1838 4969 ire:
1873 4894 1966 4969 at"
1999 4886 2187 4966 visibi-

608 4952 734 5011 Iiter
763 4952 977 5011 misceri
1022 4954 1374 5011 Christianis?
1403 4952 1625 5006 Lineam
1662 4953 1777 5005 vult
1824 4955 2024 5007 habere
2070 4955 2187 5009 sine

610 5026 795 5080 tunica
825 5040 840 5077 :
874 5042 981 5080 non
1012 5026 1179 5085 novit,
1209 5039 1317 5078 non
1345 5020 1687 5092 commendat
1712 5022 1839 5076 talia
1866 5037 2029 5092 opera
2066 5038 2187 5076 mu-

610 5094 711 5150 lier
735 5096 856 5148 ista.
889 5094 1123 5148 Dicenda
1151 5089 1529 5161 suntgquidem
1569 5089 2189 5161 etrdocenda'spiritalia

572 5174 579 5179 ’
614 5166 733 5220 sine
769 5162 1095 5223 carnalibus,
1128 5160 1220 5213 sed
1248 5160 1324 5213 illi
1352 5159 1444 5228 qui
1481 5160 1753 5229 accipiunt
1778 5159 1975 5217 debent
2007 5170 2189 5218 tenere

614 5231 896 5304 spiritalia,
922 5238 977 5284 et
1004 5229 1423 5304 uon_carnaliter
1442 5231 1656 5304 operari
1688 5232 1944 5295 carnalia,
1968 5240 2077 5304 etc.
2115 5252 2133 5285 ι

688 5303 818 5381 (ξων.
847 5316 1080 5381 ινιιιλέ
1102 5298 1469 5381 Reprehensio.
1501 5298 1655 5381 Quod
1692 5316 1800 5381 non
1830 5302 2077 5381 parvinsit
2106 5316 2192 5381 er:

617 5374 779 5433 roris,
811 5369 1147 5424 manufactas
1174 5369 1431 5439 imagines
1458 5381 1598 5424 arcae
1642 5372 1952 5425 testamenti
1980 5370 2191 5425 Domini

621 5454 902 5511 cozequare
930 5440 1134 5497 conari.
1164 5448 1223 5494 ut
1251 5440 1325 5493 illi
1354 5439 1409 5494 in
1440 5453 1535 5493 sua
1570 5440 1775 5509 synodo
1810 5439 1988 5494 facere
2012 5439 2191 5496 conati

620 5519 764 5564 sunt.
1439 5562 1447 5571 ,

694 5578 997 5644 Responsio.
1029 5577 1159 5631 Item
1200 5592 1266 5631 ex
1308 5585 1539 5632 tractatu
1589 5576 1757 5631 sancti
1796 5574 2079 5645 Augustini
2128 5581 2193 5632 de

624 5642 760 5694 Esau
793 5642 845 5696 et
880 5645 1061 5708 δειραὶ),
1097 5651 1234 5699 inter
1257 5654 1449 5700 caetera
1481 5661 1492 5696 :
1527 5665 1544 5694 ‹
1583 5647 1696 5699 Duo
1725 5642 2069 5700 Testamenta
2105 5647 2187 5701 di—

2282 4484 2605 4525 venenosam
2635 4470 2882 4523 humana:
2918 4476 3123 4524 natura:
3146 4469 3373 4524 aﬁ‘erens
3408 4479 3634 4523 mortem
3661 4484 3676 4522 2
3705 4470 3778 4523 ita
3803 4475 3855 4521 ει

2281 4554 2425 4594 nunc
2448 4553 2649 4607 organa
2680 4539 2745 4592 ad
2775 4538 3047 4607 propriam
3074 4555 3226 4593 suam
3262 4538 3587 4593 voluntatem
3617 4547 3739 4607 apta
3772 4552 3857 4591 ne-

2353 4609 2512 4671 riens,
2542 4617 2645 4662 etc.
2680 4629 2698 4660 ι

2282 4624 2512 4679 pertens,
2542 4624 2645 4662 etc.
2680 4629 2698 4660 ι

2354 4679 2484 4732 Item
2510 4693 2577 4731 ex
2615 4677 2752 4733 libro
2776 4678 2948 4733 sancti
2982 4678 3263 4747 Augustini
3288 4678 3352 4732 de
3384 4674 3664 4744 Prophetia
3688 4672 3852 4747 (Loco

2285 4747 2484 4817 citato),
2522 4748 2610 4817 ubi
2655 4748 2722 4801 ad
2756 4762 2888 4817 oves
2919 4748 3173 4814 loquitur,
3211 4748 3346 4801 inter
3372 4754 3562 4817 caetera
3590 4761 3603 4796 :
3636 4761 3655 4793 ι
3696 4747 3861 4817 Late-

2287 4813 2521 4869 ribus'et
2557 4815 2799 4870 humeris
2843 4813 3037 4871 vestris
3082 4815 3551 4886 impellebatistet
3581 4813 3859 4886 cornibus

2288 4885 2481 4959 vestris
2503 4886 2902 4959 percutiebatis,
2937 4895 3005 4959 etg
3025 4884 3185 4941 omne
3218 4887 3360 4959 quod
3394 4884 3675 4959 deficiebat
3714 4897 3861 4959 com-

2286 4951 2620 5024 primebatis,
2649 4969 2926 5024 quousque
2955 4951 3336 5024 dispergeretis
3358 4970 3451 5012 eas
3480 4951 3628 5009 for'as
3647 4961 3735 5024 :et
3763 4951 3862 5024 sal-

2288 5022 2426 5077 vabo
2468 5037 2595 5076 oves
2631 5038 2797 5078 meas.
2831 5022 2982 5079 Sicut
3022 5022 3338 5079 detestanda
3372 5039 3561 5079 eorum
3606 5023 3861 5091 iniquitas

2289 5100 2345 5147 et
2385 5091 2690 5163 crudelitas,
2740 5094 2811 5146 ita
2867 5094 3130 5148 laudanda
3178 5095 3416 5163 pastoris
3461 5094 3631 5147 nostri
3679 5100 3735 5147 et
3772 5091 3858 5163 D_ei

2290 5163 2460 5216 nostri
2488 5162 2877 5216 misericordia.
2917 5183 2935 5215 ι
2963 5165 3029 5217 Et
3051 5161 3381 5232 post—pauca
3421 5164 3668 5230 sequitur
3696 5179 3710 5214 :
3741 5180 3760 5211 ε
3800 5161 3859 5232 ει

2292 5247 2454 5300 super
2494 5246 2706 5285 omnem
2743 5240 2940 5286 terram
2981 5229 3147 5301 gloria
3185 5229 3294 5285 tua.
3344 5229 3585 5301 Sponsus
3634 5232 3689 5285 in
3729 5229 3861 5301 cupio

2292 5298 2394 5365 est,
2422 5315 2617 5369 sponsa
2651 5303 2704 5355 in
2730 5310 2874 5356 terra
2899 5298 3126 5371 estiille
3149 5316 3312 5371 super
3338 5298 3529 5357 omnes
3555 5301 3740 5359 ecelos,
3759 5298 3860 5371 ilia

2293 5367 2465 5438 super
2497 5385 2710 5426 omnem
2758 5378 2977 5425 terram.
3007 5369 3052 5425 Ο
3086 5367 3364 5433 hterétice,
3410 5371 3589 5425 credis
3631 5367 3775 5439 quod
3809 5368 3859 5421 in

2294 5440 2431 5496 cmlo
2475 5456 2579 5495 non
2624 5441 2806 5506 vides;
2844 5455 3005 5510 negas
3046 5440 3190 5509 quod
3226 5442 3282 5495 in
3329 5450 3474 5495 terra
3502 5438 3685 5493 vides?
3713 5438 3860 5510 Dicat

2294 5524 2422 5579 ergo
2459 5511 2592 5573 haec,
2632 5511 2777 5565 dicat
2805 5518 2860 5564 et
2901 5505 3166 5573 audiatur,
3214 5510 3384 5579 salvet
3426 5524 3556 5564 oves
3606 5524 3754 5564 suas.
3800 5505 3859 5579 Et

2295 5577 2553 5653 salvabo,_
2596 5580 2788 5649 inquit,
2824 5594 2953 5653 oves
2981 5588 3273 5653 __tneas,,_et
3303 5578 3414 5648 jam
3460 5594 3568 5633 non
3608 5588 3767 5633 erunt
3812 5577 3858 5630 in

2299 5647 2718 5705 devastationein
2759 5666 2770 5703 :
2810 5656 2863 5703 et
2902 5647 3156 5717 iudicabo
3182 5647 3343 5703 'inter
3382 5664 3537 5704 ovem
3584 5657 3639 5703 et
3690 5661 3858 5710 ovem.
