3992 6172
589 311 727 367 ιξωδ

1464 308 1522 360 Β.
1567 306 1814 362 CAROLl
1856 305 2070 361 MAGNI
2107 305 2255 361 OPP.
2298 307 2475 361 PARS
2514 308 2575 361 ll.
2620 307 2858 363 SECTlO
2897 304 2957 362 ll.

3700 315 3825 372 ηυξ

659 419 760 475 llic
789 418 952 489 igitur
974 428 1057 471 est
1084 418 1171 471 ille
1192 415 1444 491 Michael,
1472 416 1562 482 qui
1587 430 1803 468 ovmam
1832 415 2023 491 peilem
2068 416 2152 491 in-
2183 419 2230 477 Α
2257 416 2323 491 a_d
2343 416 2593 470 Carolum
2617 418 2839 471 missam
2856 420 3183 486 examinare,
3204 412 3520 490 dijudicare,
3546 424 3825 491 reprehen-

589 492 768 549 dutus,
799 483 920 541 cum
946 494 1089 541 esset
1114 501 1299 540 revera
1326 485 1483 552 lupus
1508 499 1692 552 rapax,
1712 483 1867 552 quaSi
1894 484 2013 538 ﬁdei
2042 486 2157 541 zelo

588 571 868 619 accensus,
898 556 1029 610 nihil
1068 555 1213 608 aliud
1251 562 1439 622 optare
1465 567 1524 607 se
1549 553 1720 622 ﬁngit,
1768 553 1871 622 nisi
1899 553 2154 610 Ecclesiae

588 627 1023 684 reformationem
1048 631 1101 677 et
1123 620 1333 691 pacem.
1358 620 1934 691 Sedquerriadmodum
1969 622 2024 675 in
2067 623 2156 678 illa

587 698 705 766 ipsa
730 694 952 766 epistola
977 690 1426 766 deploratnecem
1461 690 1657 766 Leonis
1682 690 2042 766 imperatoris,
2069 694 2157 766 cui

626 759 832 821 roxime
867 763 981 831 ipse
1005 759 1289 831 successit,
1325 775 1484 828 quem
1509 759 1641 831 dicit
1665 759 1733 813 ab
1758 759 2015 826 improbis
2037 762 2159 828 qui-

626 780 832 821 roxnme
867 779 981 831 Ipse
1005 779 1283 825 successu,
1325 779 1484 828 quem
1509 779 1641 813 (llCll
1665 779 1733 813 an
1758 779 2015 826 unpronls
2037 779 2156 828 qut-

583 779 813 892 Busdam
850 831 1218 900 conjuratione
1265 829 1405 883 facta
1453 828 1661 900 misere
1706 835 1953 900 necatum
1976 869 1993 900 ,_
2031 840 2156 883 cum

587 905 720 960 satis
738 908 927 971 aperte
944 896 1154 971 constet
1170 914 1243 953 ex
1261 896 1755 971 auctoribussupra
1780 897 1958 971 citatis
1976 898 2156 971 ipsum

588 965 835 1029 eumdem
864 968 1174 1024 Michaelem
1211 965 1625 1035 conspirationis
1644 966 1944 1034 principem
1969 965 2152 1032 fuisse,

588 1044 668 1098 sic
694 1035 856 1097 etiam
881 1039 969 1107 pie
994 1038 1148 1107 queri
1175 1034 1404 1099 videtur,
1438 1034 1737 1107 Ecclesiam
1768 1035 2169 1107 ob_dissensio-,

588 1126 688 1167 nes
710 1109 778 1165 de
801 1102 949 1165 cultu
974 1102 1265 1174 imaginum
1299 1120 1418 1160 esse
1444 1104 1668 1174 divisam
1697 1118 1820 1157 cum
1844 1102 1958 1171 ipse
1991 1106 2158 1172 potis-

590 1182 786 1238 simum
809 1173 1158 1233 dissensionis
1173 1182 1228 1229 et
1253 1173 1530 1230 divisionis
1551 1180 1739 1227 auctor
1763 1181 1926 1243 esset,
1952 1173 2042 1241 qui
2068 1188 2159 1243 sy-

591 1251 791 1305 nodum
819 1245 1144 1317 generalem,
1174 1258 1295 1317 qua;
1334 1243 1692 1298 dissensiones
1729 1241 2039 1317 sustulerat,
2074 1241 2159 1297 re

588 1311 846 1389 jecisset,‘
857 1324 911 1371 et
956 1311 1378 1389 iconoma’chiam
1424 1325 1752 1389 propagare__
1760 1311 2007 1389 studeret
2044 1328 2056 1365 :
2105 1319 2160 1389 et

593 1376 700 1444 non
725 1376 1009 1443 contentus
1038 1376 1460 1437 dissensionibus
1510 1376 1891 1444 orientalibus;
1920 1376 1993 1433 in'
2016 1381 2159 1435 occi-

593 1460 754 1514 dente
777 1470 988 1525 quoque
1016 1452 1373 1507 dissensiones
1405 1464 1584 1504 serere
1607 1464 1671 1504 ac
1694 1462 1989 1519 propagare
2015 1458 2160 1504 sata-

581 1534 763 1584 ,εει-ει.
826 1557 834 1561 -
919 1554 928 1561 ν
1290 1548 1297 1557 '

592 1544 816 1662 εβὲιῖὸά
856 1607 995 1662 vero
1036 1590 1103 1662 in
1128 1597 1367 1662 estrema
1394 1584 1618 1656 epistola
1645 1563 1937 1662 catholico/3
1980 1602 2161 1662 repre-_-

591 1657 806 1725 hen'dit,
860 1660 1002 1730 quod
1057 1659 1322 1730 vivilicain
1374 1672 1590 1730 crucem
1640 1657 1975 1730 despiciant,
2015 1657 2156 1730 quod

591 1733 853 1804 imagines
878 1726 939 1784 ut
964 1730 1091 1784 deos
1114 1728 1386 1804 quosdam
1410 1729 1666 1804 adorent,
1702 1726 1845 1794 quod
1880 1726 1964 1804 eis
1984 1726 2155 1804 sacri-

592 1794 732 1860 ﬁcia“
760 1800 1005 1880 offerant,
1042 1794 1186 1880 quod
1226 1798 1295 1880 ab
1342 1797 1420 1850 eis
1454 1794 1636 1851 nescio
1680 1811 1798 1876 quo.
1828 1795 2057 1880 artiﬁcio
2094 1796 2187 1876 de

591 1886 748 1930 sacro
774 1871 920 1925 fonte
944 1864 1177 1937 suscipi,
1206 1874 1260 1922 et
1286 1881 1494 1937 sacram
1531 1864 1960 1937 communionem
1972 1864 2159 1937 perci-

591 1955 719 2013 pere
742 1939 927 2013 velint,
941 1935 1171 2013 denique
1190 1937 1333 2005 quod
1350 1935 1483 1989 alias
1500 1936 1553 2013 id
1568 1949 1737 2013 genus
1755 1935 2163 2013 superstitiones

590 2004 677 2067 vel
702 2010 929 2084 ineptias
953 2004 1179 2084 incultu
1204 2004 1486 2084 sacrarum
1507 2004 1801 2084 imaginum
1834 2004 2117 2084 ostendant
2144 2043 2158 2066 ,

592 2097 757 2137 merae
792 2076 1074 2133 calumnia:
1116 2084 1278 2144 atque
1301 2076 1606 2144 impostuwc
1632 2081 1779 2144 sunt,
1803 2088 1976 2141 neque
2000 2076 2164 2144 mira-

593 2152 737 2207 bitur
770 2146 1029 2217 ejusmodi
1054 2142 1351 2217 _mendacia
1395 2143 1639 2217 Graecum
1690 2143 2067 2217 imperatorem
2092 2142 2161 2217 _in

592 2230 690 2275 Sua
714 2210 940 2288 epistola
963 2216 1028 2269 ad
1052 2215 1273 2288 Latinos
1302 2214 1454 2288 ionge
1479 2211 1680 2281 positos
1697 2210 1934 2266 scribere
1958 2210 2164 2288 potuis-

592 2304 672 2354 se,
700 2280 1070 2370 quincogitare
1114 2283 1344 2366 voluerit
1362 2280 1568 2370 ,O'qu’am
1600 2292 1781 2370 crassa
1809 2288 2048 2370 et‘quajm
2075 2280 2161 2333 in-

593 2350 869 2414 credibilia
898 2350 1178 2409 mendacia
1217 2352 1385 2407 nostri
1431 2351 1687 2419 temporis
1712 2350 1949 2409 lneretici
1976 2350 2043 2404 de
2072 2365 2162 2404 ca-

594 2423 807 2482 tholicis
832 2428 887 2480 in
913 2424 1102 2478 vicinis
1126 2423 1257 2478 locis
1285 2421 1603 2489 degentibus
1632 2419 1853 2489 ﬁngant.

667 2495 773 2551 Sed
798 2511 865 2568 ex
888 2493 1117 2568 concilia
1156 2486 1796 2568 Nicainqsecundonvere
1830 2487 2067 2568 legitimo
2109 2496 2163 2568 et

595 2564 928 2621 mcumenico
955 2602 969 2623 ,
1014 2562 1145 2614 velit
1183 2558 1318 2613 nolit
1356 2557 1582 2625 Michael
1628 2556 1857 2618 Balbus,
1888 2556 1993 2611 illis
2034 2556 2164 2625 ipsis

596 2633 928 2701 temporibus
952 2622 1259 2701 celebrato,
1286 2629 1406 2701 luce
1430 2622 1565 2701 solis
1578 2626 1774 2701 clarius
1798 2625 1937 2681 efﬁci
1961 2622 2160 2701 potest,

597 2694 685 2756 illa
708 2694 843 2756 'esse
881 2707 1182 2754 commenta
1207 2696 1528 2765 fraudesque
1552 2696 1944 2765 haereticorum.
1962 2694 2165 2750 Docuit

595 2771 739 2826 enim
771 2769 1056 2825 concilium
1092 2768 1221 2821 illud
1250 2807 1265 2830 ,
1303 2765 1389 2821 cui
1415 2764 1662 2821 catholici
1694 2780 1882 2819 omnes
1905 2765 2165 2820 assentie-

593 2842 807 2903 bantur,
844 2836 1166 2907 imaginibus
1198 2835 1368 2907 sacris
1413 2835 1594 2890 deberi
1629 2835 1855 2907 quidem
1878 2849 2030 2889 suam
2073 2850 2165 2907 ve-

593 2903 1070 2967 nerationemfsed
1104 2921 1210 2960 non
1243 2903 1499 2972 majorem
1536 2918 1695 2972 quam
1717 2903 1943 2963 viviﬁcat
1968 2905 2116 2959 cruci
2145 2943 2161 2969 ,

593 2994 768 3047 neque
793 2978 897 3032 illis
918 2975 1028 3031 ullo
1054 2977 1221 3047 modo
1251 2973 1660 3047 sacriﬁcandum
1693 2988 1845 3047 esse,
1868 2987 2046 3047 neque
2073 2988 2165 3028 eas

592 3041 741 3104 cultu
766 3048 955 3110 latriae,
978 3044 1081 3114 qui
1097 3046 1206 3100 Deo
1228 3052 1310 3099 est
1337 3042 1586 3114 proprius
1605 3081 1620 3106 ,
1646 3041 1974 3098 adorandas.’
1994 3041 2165 3113 Lega-

593 3126 689 3186 turi
710 3117 976 3186 synodus,
994 3112 1048 3169 et
1074 3112 1383 3186 imposturig
1406 3112 1583 3186 subito
1607 3118 1949 3186 evanescent.
1997 3180 2009 3186 _
2080 3112 2089 3113 “
2189 3115 2237 3181 C

663 3180 793 3252 Quin
817 3200 940 3239 cum
964 3183 1048 3252 ita
1064 3180 1190 3252 sint,
1216 3182 1300 3237 vel
1338 3180 1553 3252 Franci,
1580 3182 1672 3252 qui
1697 3181 1969 3236 Ludovico
1996 3180 2166 3252 impe-

595 3249 763 3309 ratori
809 3269 840 3307 a
886 3251 1125 3307 consiliis
1166 3259 1322 3306 erant
1347 3290 1361 3316 ,
1413 3249 1571 3304 ﬁdem
1621 3251 1925 3305 habuerunt
1972 3250 2167 3305 litteris

598 3324 890 3387 Michaelis,
914 3321 997 3376 vel
1016 3336 1122 3375 non
1147 3322 1472 3375 habuerunt.
1518 3318 1576 3373 Si
1619 3320 1779 3374 ﬁdem
1816 3321 2162 3383 habuerunt,

596 3391 950 3448 circumventi
976 3398 1101 3444 sunt
1125 3398 1288 3458 atque
1311 3388 1553 3458 decepti;
1582 3389 1628 3443 si
1653 3388 1811 3443 ﬁdem
1832 3404 1938 3443 non
1964 3389 2167 3443 habue-

597 3470 742 3526 runt,
771 3462 921 3516 abusi
951 3467 1075 3515 sunt
1103 3456 1297 3513 litteris
1322 3456 1427 3511 illis
1450 3458 1518 3512 ad
1556 3459 1976 3526 permovendum
2021 3473 2167 3512 sum-

597 3547 743 3585 mum
768 3531 1093 3599 pontiﬁcem,
1120 3537 1181 3599 ut
1206 3526 1475 3599 majorum?
1502 3542 1719 3599 suorum
1751 3536 1869 3582 acta
1897 3527 2191 3599 rescindc-'

598 3607 702 3680 ret,
742 3596 795 3680 ei
829 3600 1090 3680 synodum
1126 3597 1399 3680 i‘licaanam
1432 3598 1500 3651 ab
1529 3596 1772 3680 Adriano
1818 3597 2167 3664 approbalam

597 3666 927 3790 improbaret
952 3670 1064 3737 ipse
1089 3675 1249 3736 atque
1272 3666 1565 3719 damnaret.

640 3805 674 3818 η
699 3739 777 3818 .ed
802 3738 1151 3818 sive‘decept‘i
1179 3735 1394 3818 fuerint,
1434 3735 1545 3789 sive
1573 3734 1818 3818 decipere
1852 3733 2121 3818 voiuerint
2149 3775 2164 3799 ,

600 3805 734 3858 nihil
762 3807 1024 3861 attinebat
1073 3803 1235 3861 istum
1275 3804 1359 3859 vel
1399 3819 1637 3860 errorem
1675 3803 1758 3857 vel
1805 3803 1947 3858 istud
1994 3803 2170 3858 scelus

601 3875 836 3945 ipsorum
865 3876 981 3930 orbi
1009 3882 1273 3945 terrarum
1299 3875 1547 3945 prodere,
1576 3874 1875 3945 praisertim
1903 3888 2025 3945 cum
2059 3887 2168 3945 non

602 3940 718 3999 sine
740 3960 899 3999 causa
926 3944 1154 4013 majores
1174 3940 1344 3998 nostri
1367 3940 1879 4013 libellos—ejusmodi,
1916 3943 2008 4012 qui
2034 3942 2169 3997 nihil

600 4015 867 4079 utilitatis,
895 4012 1201 4070 detrimenti
1224 4021 1402 4067 autem
1434 4013 1745 4083 plurimum,
1776 4012 1973 4068 afferre
2011 4017 2168 4083 pote—

599 4092 742 4151 rant,
777 4085 1003 4139 libenter
1040 4084 1354 4139 delitescere
1375 4083 1520 4151 passi
1541 4082 1669 4136 sint.

1188 4212 1417 4268 CAPUT
1451 4210 1537 4265 III.

672 4342 841 4399 Venio
879 4357 1021 4398 nunc
1054 4341 1121 4396 ad
1147 4357 1210 4396 ea
1240 4338 1547 4395 testimonia
1582 4353 1701 4408 qua:
1733 4343 1892 4410 pauci
1916 4341 1990 4397 illi
2010 4342 2112 4397 viri
2138 4357 2168 4397 a

604 4412 874 4467 budovieo
899 4411 1221 4480 imperatore
1251 4410 1427 4480 vocati
1454 4424 1519 4463 ex
1542 4419 1786 4480 veterum
1808 4412 2173 4466 monumentis

602 4480 881 4549 collegisse
918 4467 991 4535 sel
1010 4481 1227 4544 dicunt;
1252 4478 1438 4549 multis
1466 4479 1611 4533 enim
1633 4482 1941 4537 nominibus
1966 4482 2064 4534 viri
2094 4481 2170 4537 illi
2202 4467 2251 4527 Ῑ)

603 4548 857 4620 peccasse
883 4550 1152 4620 videntur,
1175 4562 1240 4620 ac
1252 4548 1484 4620 primum
1510 4549 1725 4620 quidem
1751 4559 1876 4604 ante
1900 4550 2171 4605 collectio-

603 4615 727 4673 nem
761 4619 894 4672 satis
924 4617 1180 4670 audacter
1203 4615 1462 4684 judicium
1500 4615 1599 4673 sibi
1625 4619 1692 4672 de
1717 4620 1932 4687 scriptis
1958 4627 2173 4686 aposto-

606 4687 722 4740 licis
748 4688 1179 4752 desumpserunt,
1200 4699 1298 4740 nec
1317 4687 1489 4741 solum
1510 4689 1576 4742 de
1601 4687 1871 4755 pontiﬁce,
1897 4688 1990 4741 sed
2009 4690 2170 4742 etiam

605 4755 673 4809 de
713 4754 947 4825 generali
981 4755 1183 4824 synodo
1207 4770 1237 4809 a
1263 4757 1515 4825 pontiﬁce
1543 4754 1833 4824 approbata
1863 4765 2064 4811 temere
2085 4756 2175 4824 jn-

607 4822 955 4895 dicarunt._ln
981 4822 1086 4892 qua
1111 4839 1170 4879 re
1200 4822 1354 4895 longe
1394 4822 1716 4895 superarunt
1750 4832 2034 4895 peccatum
2079 4822 2173 4880 au-

607 4893 773 4948 ctoris
818 4892 980 4957 illius,
1001 4891 1106 4962 qui
1133 4891 1349 4949 nomine
1372 4891 1549 4948 Caroli
1588 4891 1769 4962 Magni
1791 4895 1983 4948 librum
2009 4896 2176 4948 edidit

608 4966 867 5017 adversus
885 4961 1089 5017 cultuin
1113 4979 1387 5018 sacrarum
1416 4961 1730 5031 imaginum.
1746 4961 1836 5031 Ille
1853 4962 1993 5014 enim
2012 4961 2176 5031 (quod

609 5030 1228 5107 etiam’l’atresconcilii
1266 5028 1760 5107 Francofordiensis
1801 5028 2066 5107 fecerunt}
2090 5030 2176 5085 Ni-

609 5102 809 5171 caenam
835 5102 1099 5171 synodum
1122 5100 1409 5171 secundam
1436 5096 1776 5171 improbavit,
1802 5096 2069 5171 quoniam,
2086 5116 2175 5155 ce-

610 5162 880 5223 lebratam'
894 5169 1059 5224 fuisse
1088 5166 1414 5237 existimavit
1438 5162 1843 5237 sin'econsensu
1868 5170 2174 5237 apostolica:

608 5238 767 5291 sedis.
807 5238 877 5290 At
907 5238 1196 5308 consiliarii
1240 5236 1327 5288 isti
1365 5233 1626 5308 Ludovici
1655 5233 2014 5304 imperatoris,
2041 5252 2175 5308 quo—

611 5321 725 5359 rum
754 5308 950 5375 scripta
973 5306 1290 5375 discutimus
1310 5344 1324 5369 ,
1358 5304 1593 5358 fatentur
1618 5308 1878 5373 synodum
1904 5322 2001 5375 pro
2026 5304 2172 5361 cultu

610 5373 931 5444 imaginum,
977 5376 1142 5444 idest
1188 5373 1456 5427 Nicenam
1501 5375 1808 5440 secundam,
1837 5373 1915 5429 ab
1938 5376 2173 5430 Adriano

608 5443 817 5513 summo
861 5443 1111 5513 pontiﬁce
1160 5452 1431 5507 coactam,
1473 5451 1527 5496 et
1563 5444 1839 5513 probatam
1866 5485 1881 5507 ,
1913 5454 1967 5498 et
1997 5453 2173 5497 tamen

610 5510 913 5581 turniipsain
937 5513 1219 5581 synodum,
1245 5521 1355 5565 tum
1383 5510 1664 5580 epistolam
1689 5510 1925 5577 ejusdem
1954 5513 2173 5566 Adriani

609 5580 674 5628 ad
702 5580 1108 5650 Constantinum
1137 5583 1514 5650 imperatorem
1542 5595 1638 5648 pro
1664 5581 1808 5634 cultu
1842 5582 2130 5650 imaginum
2159 5622 2173 5645 ,

611 5656 665 5695 tt
692 5661 901 5698 sursum
941 5648 1302 5704 defensionem
1349 5649 1586 5720 ejusdem
1629 5653 1814 5720 synodi
1849 5651 1915 5704 ab
1942 5648 2179 5706 Adriano

2259 487 2386 540 dere
2412 500 2520 537 non
2554 493 2827 540 verentur.
2894 512 2897 517 ·

2330 553 2454 627 ῌῑεᾳ
2479 554 2620 627 enim
2646 562 2770 627 sunt
2793 556 3031 627 ipsorum
3044 557 3205 611 verba
3216 558 3411 627 pagina
3426 560 3520 615 l9:
3545 583 3562 613 ε
3587 562 3831 617 Primum

2258 622 2537 700 epistolam
2563 623 2761 700 domini
2796 622 3017 700 Adriani
3042 622 3234 700 papas,
3263 622 3424 700 quam
3478 632 3698 699 quidem
3733 646 3832 700 pro

2256 689 2577 763 imaginibus
2602 692 2869 763 erigendis
2893 689 3247 749 Constantino
3272 689 3583 763 imperatori
3630 709 3685 755 et
3730 689 3832 762 lle-

2257 758 2390 831 len-e
2426 760 2580 831 matri
2616 758 2731 831 ejus
2763 761 2830 831 ad
2859 777 3046 816 eorum
3087 758 3516 831 deprecationem
3549 770 3604 822 in
3650 758 3831 823 trans-

2256 828 2477 906 marinis
2502 828 2745 896 partibus
2771 829 2987 895 direxit,
3015 828 3209 906 rorant
3250 834 3405 886 nobis
3422 835 3538 906 legi
3579 838 3828 899 fecimus,

2256 905 2311 951 et
2346 905 2607 973 quantum
2625 906 2858 973 nostrai
2878 899 3133 973 parvitati
3173 917 3261 956 res
3286 904 3460 970 patuit
3480 899 3513 969 ξ
3526 907 3669 961 sicut
3685 906 3831 973 juste

2258 967 2599 1033 reprehendit
2622 967 2742 1021 illos
2771 968 2861 1035 qui
2900 969 3164 1035 imagines
3201 967 3508 1027 sanctorum
3541 967 3831 1030 temerario

2257 1048 2392 1088 ausu
2418 1035 2472 1088 in
2496 1035 2603 1090 illis
2621 1036 2864 1108 partibus
2903 1035 3245 1108 confringere
3283 1049 3336 1093 et
3373 1044 3585 1108 penitus
3615 1046 3829 1098 abolere

2255 1112 2744 1177 praesumpserunt,
2767 1175 2776 1177 _
2798 1105 2877 1177 sic
2909 1105 3196 1177 indiscrete
3228 1105 3472 1163 nosci—tur
3513 1111 3725 1177 fecisse,
3772 1114 3825 1166 in

2257 1188 2326 1251 eo
2364 1175 2507 1242 quod
2546 1175 2921 1251 superstitiose
2972 1191 3064 1230 eas
3097 1175 3307 1251 adorari
3338 1177 3532 1251 jussit,
3573 1197 3675 1249 pro
3712 1175 3827 1251 qua

2257 1243 2417 1317 etiam
2441 1244 2885 1317 causasynodum
2904 1246 3213 1317 congregari
3241 1243 3525 1317 praecepit.
3549 1243 3663 1303 {Et
3689 1243 3827 1303 infra

2252 1311 2448 1386 pagina
2471 1310 2562 1386 gl,
2594 1310 2665 1367 de
2686 1312 3000 1386 defensione
3013 1310 3464 1386 'Niemnzesynofli
3489 1322 3557 1373 ab
3592 1320 3828 1373 Adriano

2257 1381 2422 1443 edita,
2440 1380 2518 1453 sic
2547 1382 2839 1449 loquuntur
2867 1380 2939 1453 τῖε
2973 1382 3074 1436 Per
3095 1380 3502 1453 singula'eapita
3534 1390 3587 1441 in
3616 1389 3824 1442 illorum

2258 1450 2655 1526 excusationem
2680 1452 3004 1519 respondere
3026 1468 3145 1526 qua:
3166 1454 3352 1517 voluit,
3381 1450 3684 1511 nontamen
3707 1474 3828 1526 qua:

2261 1518 2458 1581 docuit,
2487 1528 2710 1574 conatus
2737 1518 2839 1583 εει,
2864 1529 2970 1575 etc.
3004 1541 3022 1573 ι
3043 1518 3073 1533 ““
3492 1574 3499 1577 _

2328 1587 2406 1639 Ita
2437 1588 2690 1642 nimirum
2712 1589 2946 1663 judicem
2977 1606 3146 1663 suum
3174 1599 3229 1663 et
3271 1590 3437 1648 totius
3476 1596 3650 1649 mundi
3672 1593 3829 1663 judi-

2262 1670 2407 1733 care,
2443 1664 2714 1733 pastorem
2745 1660 2988 1733 omnium
3022 1658 3225 1715 Christi
3248 1663 3431 1716 ovium
3471 1658 3689 1733 pascere
3703 1703 3720 1727 ,
3756 1670 3829 1716 .et

2259 1724 2537 1802 doctorem
2558 1728 2932 1802 universorum
2957 1729 3153 1802 docere
3168 1745 3285 1802 non
3324 1724 3649 1788 erubuerunt
3669 1755 3686 1798 ς
3707 1724 3829 1802 qua

2262 1795 2570 1851 temeritate
2590 1796 2736 1852 nulla
2761 1795 2935 1866 major
2958 1798 3183 1868 cogitari
3207 1808 3402 1869 potest.

2869 1927 3098 1987 CAPUT
3132 1927 3222 1987 IV.

2333 2058 2438 2113 Sed
2459 2057 2690 2114 fortasse
2715 2074 2857 2133 nova
2877 2058 3052 2132 aliqua
3079 2070 3239 2133 atque
3278 2062 3553 2120 recondita
3590 2065 3836 2121 testimo-

2263 2128 2720 2203 nia__repererun_t,
2750 2131 2945 2203 quibus
2966 2128 3096 2203 'freti
3120 2128 3369 2189 resistere
3395 2136 3449 2188 in
3476 2135 3668 2189 faciem
3704 2150 3839 2203 apo-

2262 2197 2452 2252 stolico
2474 2199 2684 2266 prmsuli
2703 2197 2811 2254 non
2825 2199 3254 2257 reformidarunt.
3270 2204 3379 2257 lmo
3401 2219 3527 2258 vero
3542 2197 3839 2258 notissima

2263 2276 2318 2322 et
2338 2268 2596 2338 vulgaria,
2645 2277 2700 2323 et
2735 2284 2853 2338 quze
2901 2271 3028 2324 nihil
3068 2272 3135 2325 ad
3173 2288 3282 2325 rem
3310 2271 3526 2337 faciant,
3563 2273 3684 2326 sine
3718 2275 3847 2326 ulla

2263 2336 2471 2407 ratione
2491 2336 2574 2391 vel
2598 2336 2783 2393 ordine.
2811 2339 3147 2407 collegerunt.

2333 2405 2429 2478 Ac,
2456 2407 2766 2478 utiexempli
2787 2405 2963 2477 gratia
2981 2424 3147 2476 pauca
3183 2409 3552 2478 discutiamus,
3588 2410 3844 2478 primum

2265 2475 2631 2546 testimonium
2673 2475 2888 2546 sumunt
2934 2475 2999 2532 ex
3037 2478 3173 2532 libro
3216 2480 3386 2532 sancti
3431 2475 3715 2546 Augustini
3769 2482 3846 2533 de

2264 2545 2600 2617 Haeresibus,
2641 2547 2731 2601 ubi
2776 2545 3003 2617 legimus
3038 2547 3312 2602 Simonem
3353 2545 3569 2617 magum
3601 2548 3847 2617 jussisse

2265 2613 2553 2685 imaginem
2579 2630 2751 2685 suam,
2776 2613 3060 2682 et'llelcna:
3090 2613 3584 2672 meretriculze'sute
3604 2613 3639 2670 ᾗ
3664 2618 3844 2671 disci-

2264 2685 2407 2754 pulis
2431 2683 2666 2754 adorari.
2712 2684 2887 2754 Atque
2908 2685 3046 2741 hanc
3066 2701 3183 2741 esse
3208 2687 3390 2739 dicunt
3413 2686 3640 2754 primam
3664 2687 3850 2754 origi-

2268 2751 2391 2824 nem
2423 2751 2813 2824 adorandaruni
2837 2754 3150 2824 imaginum.
3178 2754 3339 2821 Quasi
3362 2751 3511 2819 vero,
3536 2756 3581 2809 si
3602 2756 3667 2809 de
3688 2751 3849 2809 falso

2264 2821 2412 2893 cultu
2435 2823 2630 2893 agitur,
2676 2837 2787 2893 non
2827 2821 3214 2879 ante'Simonis
3241 2831 3483 2893 tempora
3508 2824 3652 2878 vituli
3674 2826 3845 2878 aurei

2264 2892 2333 2946 ab
2364 2890 2604 2965 Hebraeis
2627 2898 2725 2965 ,_et
2749 2892 3037 2965 simulacra
3086 2890 3368 2965 heminth
3392 2902 3744 2965 mortuoan
3812 2910 3848 2947 a

2266 2959 2552 3030 gentilibus
2595 2962 2815 3015 adorata
2864 2959 3103 3016 fuerint.’
3136 2961 3241 3017 Sed
3282 2962 3536 3017 Ecclesia
3564 2963 3846 3017 catholica

2267 3029 2372 3084 non
2397 3029 2556 3083 discit
2591 3030 2794 3083 cultum
2821 3044 3002 3086 rerum
3028 3046 3305 3085 sacrarum
3334 3033 3401 3085 ab
3425 3033 3664 3087 hostibus
3689 3034 3843 3091 suis.

2265 3106 2323 3170 et
2363 3098 2408 3170 si
2449 3112 2526 3170 ex
2571 3113 2636 3152 eo
2683 3099 2991 3170 testimonio
3044 3100 3229 3154 liceret
3269 3100 3519 3170 colligere
3558 3116 3658 3170 non
3706 3117 3848 3156 esse

2266 3166 2465 3221 Christi
2490 3174 2546 3221 et
2574 3175 2881 3237 sanctorum
2926 3168 3187 3237 imagines
3229 3166 3561 3225 venerandas
3586 3209 3601 3233 ,
3643 3169 3851 3225 licebit

2265 3237 2453 3307 eadem
2480 3236 2688 3291 ratione
2717 3236 2992 3306 colligere,
3019 3236 3085 3292 ne
3122 3239 3297 3307 ipsum
3325 3240 3541 3307 quidem
3559 3238 3851 3295 Christum

2265 3305 2375 3360 ullo
2401 3306 2603 3376 honore
2624 3307 2840 3376 dignum
2855 3321 3000 3361 esse:
3018 3305 3301 3376 propterea
3325 3305 3585 3376 siquidem
3606 3308 3850 3376 impium

2265 3382 2388 3446 cra_t_
2405 3373 2640 3446 Simonis
2659 3373 2713 3446 et
2736 3375 2951 3446 llelenm
2967 3373 3228 3446 imagines
3260 3373 3458 3441 colere,
3479 3378 3617 3445 quod
3643 3373 3849 3433 Simon

2265 3451 2321 3497 et
2343 3443 2560 3515 ileienai
2584 3444 2938 3515 indignissimi
2966 3443 3144 3500 essent
3166 3447 3255 3515 qui
3283 3443 3602 3500 colerentur.

2337 3510 2442 3565 Sed
2465 3510 2869 3583 ridiculaplane
2890 3522 3015 3568 sunt
3037 3530 3155 3583 qua:
3174 3510 3240 3570 ex
3264 3516 3487 3583 epistola
3509 3515 3578 3569 56
3594 3513 3848 3582 ejusdem

2265 3580 2550 3654 Augustini
2580 3582 2648 3654 ad
2692 3580 3009 3654 Dioscorum
3047 3580 3353 3639 testimonia
3398 3580 3843 3654 desumpsemnt.

2268 3650 2509 3722 ltidicula
2531 3689 2546 3715 ,
2588 3651 2808 3720 inquam
2829 3693 2843 3717 ,
2879 3653 2924 3707 si
2962 3654 3028 3707 ad
3055 3653 3106 3707 id
3135 3654 3201 3722 de
3233 3669 3341 3722 quo
3366 3653 3574 3720 agimus
3590 3650 3848 3709 referan-

2269 3727 2376 3791 tur.
2414 3719 2543 3791 Qua:
2584 3719 2814 3789 namque
2850 3729 3069 3776 sanctus
3118 3719 3449 3791 Augustinus
3493 3724 3731 3791 disputat
3776 3723 3850 3778 de

2269 3788 2610 3859 imaginibus,
2639 3788 2757 3858 qua:
2778 3805 2808 3844 a
2836 3792 3152 3860 corporibus
3191 3788 3489 3845 detinentes
3515 3788 3848 3846 inanimum

2267 3866 2570 3927 penetrant,
2608 3868 2667 3930 ut
2689 3874 2785 3928 per
2809 3875 2905 3930 eas
2926 3860 3125 3928 aliquid
3165 3875 3484 3930 cernamus,
3527 3861 3615 3913 vel
3636 3862 3851 3930 cogite-

2268 3941 2409 3990 mus,
2437 3942 2499 3981 ea
2519 3928 2798 3996 proferunt
2823 3929 2906 3983 isti
2928 3930 2995 3983 ad
3017 3929 3350 3998 probandum
3371 3944 3478 3983 non
3493 3944 3615 3983 esse
3638 3928 3849 3984 Christi

2270 4004 2325 4051 et
2374 4004 2681 4067 sanctorum
2728 3999 2988 4067 imagines
3029 3998 3266 4067 depictas
3320 3998 3406 4051 vel
3454 3999 3693 4067 sculptas
3734 4000 3851 4054 ullo

2270 4066 2430 4121 modo
2456 4065 2729 4121 colendas.
2753 4065 2881 4133 Quas
2903 4082 3062 4135 quam
3084 4065 3549 4136 beneeohaareaut
3565 4065 3683 4122 cum
3702 4082 3854 4136 pra:-

2271 4136 2410 4205 senti
2429 4136 3063 4205 idisputationcalectoris
3082 4144 3199 4190 esto
3218 4135 3501 4204 judicium.

2341 4203 2545 4274 Quid?
2561 4204 2705 4274 quod
2750 4206 2982 4274 plurima
3026 4203 3370 4270 testimOnia,
3419 4221 3541 4274 quae
3596 4220 3853 4260 summus

2270 4273 2510 4342 pontifex
2543 4273 2811 4328 Adrianus
2835 4276 2887 4328 in
2915 4274 3138 4343 epistola
3164 4275 3253 4328 illa
3282 4289 3380 4329 sua
3407 4273 3721 4329 doctissima
3748 4290 3854 4343 pro

2271 4343 2595 4413 imaginibus
2634 4344 2851 4412 posuit,
2892 4344 2980 4398 isti
3013 4359 3225 4398 rursum
3251 4344 3503 4412 allegant,
3532 4346 3626 4413 qui
3656 4353 3855 4398 contra

2273 4412 2531 4480 imagines
2560 4421 2817 4480 pugnant.
3146 4438 3165 4451 ι

2343 4480 2494 4545 Quod
2520 4496 2648 4534 vero
2677 4482 2860 4535 dicunt
2893 4490 2949 4535 et
2993 4481 3263 4538 nonnullis
3304 4482 3468 4538 etiam
3521 4482 3859 4539 testimoniis

2274 4551 2502 4618 probare
2528 4550 2802 4611 nituntur,
2850 4566 2956 4603 non
2982 4553 3587 4613 esseronsuetudinem,
3616 4550 3704 4605 vel
3748 4566 3857 4605 an‘

2276 4634 2466 4673 norum
2492 4627 2794 4688 numerum,
2813 4627 2905 4672 aut
2930 4620 3224 4688 quamlibet
3245 4621 3521 4675 vetustatis
3545 4621 3863 4674 auctorita-

2277 4697 2382 4741 tem
2407 4686 2790 4755 pratferendam
2834 4686 3076 4755 veritati;
3113 4698 3239 4744 tunc
3265 4697 3403 4743 recte
3437 4688 3748 4755 diceretur,
3802 4691 3860 4742 si

2239 4816 2244 4822 _
2274 4753 2497 4826 multari
2511 4764 2694 4826 posset
2710 4756 2933 4820 cultum,
2968 4753 3128 4826 quem
3156 4756 3382 4812 Ecclesia
3404 4753 3672 4809 catholica
3698 4755 3865 4810 ima-

2277 4825 2490 4892 ginibus
2535 4825 2771 4886 exhibet,
2814 4840 2882 4878 ex
2911 4825 3197 4880 manifesto
3228 4839 3426 4887 errore,
3454 4838 3563 4878 non
3588 4839 3659 4877 ex
3694 4834 3862 4878 certa

2277 4894 2504 4963 veritate
2527 4893 2873 4963 descendere.
2913 4894 3019 4949 Sed
3048 4912 3169 4949 cum
3195 4895 3263 4950 de
3288 4910 3345 4949 re
3371 4894 3549 4961 aliqua
3573 4892 3859 4963 litigatur,

2277 4961 2500 5014 multum
2546 4961 2723 5015 valere
2771 4965 3229 5025 consuetudinem,
3257 4973 3313 5018 et
3339 4961 3700 5016 venerandam
3730 4977 3862 5016 esse

2276 5030 2666 5101 antiquitatem,
2704 5044 2772 5084 ne
2799 5032 2897 5098 ipsi
2931 5033 3145 5099 quidem
3170 5046 3369 5101 negare
3395 5039 3619 5101 possunt
3648 5045 3662 5083 :
3688 5046 3857 5101 quor-

2276 5113 2394 5168 sum
2430 5099 2572 5168 enim
2612 5105 2889 5168 tantopere
2916 5099 3317 5155 laboramnt’in
3358 5099 3669 5154 evolvendis
3713 5100 3853 5152 anti-

2277 5166 2498 5236 quitatis
2539 5166 2919 5239 monumentis,
2960 5170 3003 5239 si
3032 5170 3235 5224 nullum
3260 5170 3541 5239 probabile
3565 5184 3851 5239 argumen-

2276 5244 2388 5290 tum
2424 5252 2489 5306 ex
2515 5236 2835 5303 antiquitate
2867 5238 2976 5306 peti
3003 5239 3215 5306 potest?
3239 5236 3428 5293 Nonne
3456 5236 3654 5292 videnf
3667 5254 3726 5291 se
3748 5239 3855 5291 hoc

2276 5320 2387 5389 suo
2417 5303 2559 5359 facto
2608 5313 2793 5389 conira
2850 5303 2945 5389 sita
2980 5303 3141 5360 verba
3191 5307 3467 5389 pugnare?
3528 5315 3592 5389 et‘
3628 5322 3689 5389 re

2277 5374 2551 5428 destruere
2584 5376 2727 5442 quod
2758 5376 2933 5429 verbis
2973 5374 3216 5429 astruere.
3245 5374 3592 5429 nitebantur?
3623 5376 3787 5429 Certe
3813 5375 3869 5427 si

2276 5442 2467 5515 liberet
2518 5445 2822 5497 testimonia
2856 5447 3026 5515 sancti
3073 5444 3377 5515 Augustini,
3406 5444 3579 5515 sancti
3624 5444 3852 5515 Basilii.

2276 5513 2610 5579 aliorumque
2636 5522 2870 5565 veterum
2894 5512 3113 5566 Patrum
3143 5512 3195 5566 in
3228 5513 3465 5568 medium
3491 5512 3708 5578 afferre,
3740 5512 3867 5581 qui-

2277 5583 2376 5637 bus
2424 5582 2524 5649 ipsi
2562 5597 2625 5633 ex
2668 5581 2988 5647 antiquitate
3042 5583 3125 5635 vel
3176 5583 3431 5636 Ecclesia:
3466 5582 3873 5637 consuetudine

2276 5652 2503 5723 probant
2528 5649 2894 5704 ecclesiastica
2924 5651 3170 5719 dogmata
3190 5692 3203 5715 ,
3230 5652 3407 5703 nullus
3437 5651 3559 5705 finis
3587 5661 3755 5706 esset.
