3992 6172
616 224 639 275 ί
650 225 754 280 299

1494 229 1554 282 Β.
1594 229 1846 286 CAROLI
1880 228 2096 288 MAGNI
2132 229 2282 288 OPP.
2323 230 2503 291 PARS
2539 236 2604 293 ll.
2642 238 2885 296 SECTIO
2919 242 2985 298 ll.

3733 250 3891 305 1500

611 340 1187 435 Ξῖθέῗέῗῖδθὲἶεὲῗῖξ
1211 342 2184 435 ‘lei‘ﬁiff‘f‘l'if’l‘ﬁ‘lj.°‘_92'3"}???
2210 346 2258 408 Α
2284 348 2599 435 ίὶίέἷῧίῖοιιῖεν
2630 354 2938 435 ΨίὲίΨίίθιδ
2954 363 3300 435 ,εμπυονεηιο
3317 358 3469 435 Nam
3494 375 3674 435 “9‘19?
3697 362 3887 435 Euse-

612 417 923 483 verterunt,
950 412 1042 480 qui
1068 427 1188 466 eam
1213 412 1496 482 epistolam
1523 413 1741 467 nomine
1779 414 1989 483 summi
2010 418 2189 483 ponti-

609 480 732 536 ficis
756 480 1017 553 scribunt,
1046 496 1114 536 eo
1133 480 1593 553 argumentonon
1617 483 1793 553 solum
1808 482 1949 553 effici
1972 480 2037 553 (si
2061 487 2188 552 quid

606 558 791 622 tamen
833 547 1068 622 efficitur
1102 547 1395 622 quodmox
1419 551 1743 622 videbimus)
1784 547 2046 622 imagines
2073 547 2189 611 om-

607 619 739 675 nino
760 619 827 674 de
847 618 1024 674 medio
1044 618 1165 674 esse
1187 618 1448 689 tollendas
1466 660 1481 684 ,
1525 621 1666 689 quod
1697 618 1796 688 ipsi
1828 618 2036 676 nolunt.
2079 624 2190 681 Nec

606 696 791 769 tamen
817 688 1344 769 argumentumillud
1372 688 1574 769 aliquid
1598 690 1761 769 valet.

680 756 937 827 Quamvis
985 757 1129 827 enim
1167 757 1299 813 nihil
1340 756 1545 827 periret
1589 760 1657 813 de
1700 757 1829 822 fide,
1867 772 1960 827 spe
1984 768 2038 815 et
2061 763 2191 817 cha-

605 826 801 898 ritate_,
834 826 893 898 si
915 826 1060 881 nulla
1084 827 1246 898 picta
1291 826 1377 882 vel
1425 828 1549 882 ﬁcta
1574 837 1719 898 esset
1742 826 1955 898 imago,
2003 838 2189 887 tamen

606 895 821 966 quando
844 896 989 965 picta
1015 895 1117 951 vel'
1138 896 1261 952 ﬁcta
1285 905 1388 962 est,
1423 905 1614 966 peccat
1645 897 1699 951 in
1730 895 1911 961 ﬁdem,
1942 900 2035 966 qui
2065 914 2185 956 eam

604 965 769 1036 negat
793 981 914 1021 esse
941 967 1325 1037 venerandam,
1356 965 1607 1037 quoniam
1638 967 1810 1037 honor
1847 965 2098 1037 imaginis
2120 969 2187 1024 ad

644 1034 960 1107 rototypume
994 1034 1244 1107 refertur,
1291 1034 1434 1105 quod
1475 1035 1842 1107 venerandum
1882 1034 2016 1107 esse
2052 1038 2186 1094 ﬁdes

601 1049 949 1160 gratetypum
994 1049 1244 1098 retertur,
1291 1049 1434 1105 quoa
1475 1049 1842 1090 venerandum
1894 1050 2016 1091 esse
2052 1049 2185 1094 tides

818 1105 1236 1188 etadvseatius
1258 1105 1659 1188 eaeaeae-“Et
1685 1112 1859 1188 ροιεξδι
1880 1106 1983 1188 ἱιοο
2010 1107 2185 1188 ipsum

565 1173 959 1243 similitudine
1014 1174 1293 1229 illustrari.
1352 1174 1409 1228 Si
1466 1173 1699 1229 libellus'
1741 1174 1937 1243 aliquis
1992 1173 2187 1233 divina:

560 1251 567 1258 '
608 1241 924 1315 scripturae,
940 1251 1011 1315 ut
1025 1244 1262 1315 Epistpla
1285 1244 1352 1299 ad
1375 1244 1769 1315 Philemonem,
1796 1241 1903 1298 non
1925 1254 2182 1310 exstaret,

604 1313 751 1384 nihil
771 1313 1041 1384 deperiret
1068 1313 1135 1368 de
1159 1313 1264 1384 ﬁde
1288 1354 1301 1379 ,
1341 1327 1454 1383 spe,
1499 1322 1555 1368 et
1597 1313 1864 1369 charitate
1889 1327 1904 1367 :
1928 1322 1983 1369 et
2004 1322 2186 1371 tamen

608 1382 737 1453 quia
765 1382 910 1438 nunc
932 1391 1132 1453 exstat,
1160 1383 1252 1453 qui
1296 1382 1416 1437 eam
1446 1392 1663 1453 negaret
1704 1397 1825 1437 esse
1854 1398 1978 1439 cum
2019 1400 2185 1440 vene-

608 1452 821 1509 ratione
840 1452 1233 1523 suspiciendam
1256 1492 1271 1517 ,
1299 1452 1552 1522 peccaret
1581 1453 1637 1507 in
1663 1452 1844 1517 ﬁdem,
1875 1462 1931 1507 et
1975 1453 2021 1507 si
2053 1469 2182 1523 pro-

649 1530 795 1576 terea
822 1521 1182 1577 dissensiones
1204 1521 1479 1577 orirentur
1502 1564 1515 1583 ,
1539 1537 1647 1577 non
1671 1529 1815 1578 esset
1834 1521 2072 1591 Epistola
2097 1525 2187 1580 ab-

611 1590 992 1716 jicitendahsed
1019 1591 1291 1663 imperitia
1340 1591 1719 1648 dissidentium
1753 1590 2090 1663 coarguenda
2129 1603 2185 1649 et

611 1675 694 1715 IIIS
721 1674 853 1715 ruen
891 1677 946 1716 a.

606 1668 921 1716 instruenda
929 1699 946 1715 ο

2291 418 2416 473 nius
2438 433 2559 499 eam
2580 420 2861 499 epistolam
2896 424 3044 480 misit
3077 440 3092 479 :
3127 436 3182 482 et
3207 428 3367 499 paulo
3389 439 3512 498 post
3532 418 3824 488 Adrianus
3838 418 3887 490 ll

2290 488 2552 571 synodum
2573 493 2960 571 (acumenicam
2994 488 3239 551 octavam
3268 488 3743 571 Constantinopoli
3794 488 3888 558 ce;

2289 554 2887 647 lerﬂeeLnfaraiia
2902 562 2958 647 in
2984 579 3090 647 qua
3113 568 3351 647 ενηρίιεεε
3375 554 3611 647 septima
3629 554 3711 625 δέ
3728 554 3887 647 δυξῶ

2291 635 2583 746 imaginum
2612 635 2806 709 iterum
2830 635 3126 714 approbata
3144 642 3247 689 est.
3282 635 3524 717 Denique
3548 637 3888 719 Anastasius

2294 760 2316 777 I
2337 694 2733 777 ililiothecernis
2760 698 3037 777 Romanus
3059 720 3113 759 in
3140 702 3453 777 praefatione
3473 721 3558 777 Vli
3566 710 3782 777 synodi
3814 711 3887 765 ad

2286 760 2545 819 Joannem
2594 765 2705 845 Ylll
2753 767 3086 845 pontiﬁcem,
3132 760 3226 842 qui
3262 772 3507 845 Adriano
3536 760 3888 845 uiritim;

2287 841 2640 902 successerat,
2672 837 2864 892 scribit
2885 838 2940 893 in
2969 837 3167 896 eadem
3192 843 3455 897 sententia
3481 837 3655 900 fuisse
3680 860 3885 902 omnes

2288 900 2559 983 liomanos
2594 905 2899 983 pontifices.
2930 908 3132 983 «Qum,
3175 911 3369 981 inquit,
3397 928 3563 982 super
3591 900 3877 970 venerabi:

2286 969 2416 1055 lium
2444 969 2740 1055 imaginum
2766 969 3084 1034 adoratidne
3101 969 3366 1055 praesens
3403 969 3645 1055 synodus
3674 969 3841 1040 docet
3863 1026 3879 1048 ,

2287 1039 2401 1120 inec
2421 1048 2476 1095 et
2497 1039 2795 1125 apostolica
2809 1056 2996 1125 vestra
3223 1051 3366 1125 sicut
3387 1039 3879 1125 nonnulla_scripta

2285 1118 2548 1174 iunuunt,
2589 1118 2889 1182 antiquitus
2935 1118 3144 1181 tenuit,
3176 1120 3578 1177 etuniversalis
3628 1118 3881 1177 Ecclesia

2286 1192 2497 1260 semper
2533 1190 2787 1260 venerata
2831 1193 2968 1260 est,_
3001 1195 3057 1241 et
3105 1188 3368 1260 hactenus
3394 1200 3716 1255 veneratur,
3756 1192 3879 1260 qui-

2283 1247 2511 1330 busdam
2555 1250 2821 1330 duntaxat
2851 1253 3126 1330 Gallorum
3153 1258 3394 1330 exceptis
3416 1298 3430 1322 ,
3459 1261 3659 1328 quibus
3683 1247 3879 1330 utique

2285 1318 2522 1373 nondum
2551 1327 2635 1376 est
2668 1321 2863 1378 horum
2889 1325 3092 1381 veritas
3120 1318 3376 1383 revelata.
3411 1318 3433 1381 ὁ

2883 1432 3113 1492 CAPUT
3152 1435 3238 1492 Vl.

2356 1518 2546 1602 Restat
2585 1535 2714 1602 pars
2748 1523 2937 1602 ultima
2961 1565 2977 1590 ,
3002 1526 3105 1582 boc
3124 1536 3208 1602 est
3230 1529 3737 1602 epistolaALudovici
3768 1533 3876 1587 im-

2283 1592 2550 1712 peratoris
2577 1593 2645 1646 ad
2674 1592 2971 1674 Eugenium
2996 1592 3335 1681 pontificem,
3352 1607 3408 1653 et
3432 1599 3605 1680 altera.
3621 1599 3873 1682 ejusdem

2333 1659 2542 1715 udovrct
2564 1661 2631 1717 ad
2650 1660 2939 1717 Jeremtam
2962 1675 3019 1719 et
3037 1662 3229 1720 Jonam
3250 1682 3533 1724 emscouos
3555 1686 3568 1722 :
3592 1685 3647 1723 tu
3667 1672 3872 1724 quibus

3283 1683 3533 1749 piscppos
3553 1686 3568 1749 ξ
3592 1685 3647 1723 tn
3667 1683 3872 1749 qmpus

679 1729 959 1807 Postremo
1002 1729 1058 1785 in
1102 1730 1293 1785 eadem
1346 1730 1435 1807 illa
1476 1731 1706 1807 epistola
1770 1732 2184 1807 reprelienditur
2212 1719 2260 1781 Β
2285 1728 2420 1807 nihil
2444 1730 2840 1807 observandum
2865 1719 3867 1807 murreum“aiba'iiiéisﬁtiagzﬁi

606 1798 1010 1864 Constantinus,
1039 1807 1096 1855 et
1131 1807 1305 1855 mater
1327 1799 1444 1868 ejus
1476 1798 1660 1866 liene,
1703 1798 1849 1924 (lniod
1885 1802 2061 1857 edicto
2086 1818 2184 1857 suo

606 1868 828 1924 iusserit
866 1883 1050 1924 sacras
1082 1868 1343 1924 imagines
1370 1868 1520 1924 iuxta
1558 1871 1710 1924 conci
1736 1871 1770 1924 ii
1807 1871 2071 1924 generalis
2094 1871 2184 1924 de-

604 1868 828 1937 jusserit
866 1883 1050 1925 sacras
1082 1868 1343 1942 imagines
1364 1868 1520 1938 juxta
1558 1868 1770 1942 concilii
1807 1871 2071 1942 generalis
2094 1871 2187 1928 de-

608 1947 835 2003 cretum,
865 1953 987 1995 cum
1029 1939 1378 1996 veneratione
1401 1954 1520 1995 esse
1557 1939 1848 1995 habendas.
1897 1940 2027 2007 Qua:
2054 1956 2185 1996 sane

607 2008 958 2091 reprehensio
981 2023 1012 2062 a
1035 2023 1254 2091 summe
1286 2009 1573 2091 pontifice“,
1592 2010 1709 2091 ‘nisi
1734 2009 1894 2079 plane
1930 2018 2145 2091 ameiite
2167 2050 2183 2076 ,

608 2077 774 2150 scribi
814 2092 922 2133 non
960 2078 1153 2150 petuit.
1204 2077 1343 2145 Quid
1366 2080 1552 2134 enim?
1576 2077 1845 2150 Adrianus
1874 2094 2011 2150 papa
2045 2079 2187 2135 Con-

606 2147 905 2218 stantinum
930 2147 1193 2218 etlrenen
1220 2149 1447 2218 summis
1468 2149 1712 2218 laudibus
1737 2147 1909 2216 effert,
1934 2147 2077 2218 quod
2099 2165 2186 2204 sa-

606 2231 823 2273 crarum
845 2215 1137 2288 imgginum
1164 2216 1416 2288 religioso
1436 2219 1604 2273 cultui
1635 2217 1865 2282 faveant,
1888 2215 2185 2274 etldriani

605 2301 891 2358 successor
910 2286 1183 2358 Eugenius
1225 2286 1440 2358 eosgem
1484 2289 1837 2358 imperatores
1869 2288 1939 2358 ob
1964 2303 2181 2358 causam

606 2356 853 2427 eamdem
878 2355 1265 2427 reprehendet?
1304 2356 1373 2411 Et
1414 2355 2012 2427 qutefmajorstultit‘ia
2056 2356 2186 2426 tingi

602 2426 803 2496 potest,
843 2424 1005 2496 quam
1030 2433 1091 2481 ut
1120 2440 1365 2480 summus
1388 2424 1628 2496 pontifex
1667 2426 1891 2481 moleste
1937 2424 2082 2481 ferre
2126 2424 2185 2482 se

606 2493 769 2558 dicat,
805 2493 949 2564 quod
978 2496 1046 2551 ab
1062 2493 1404 2565 imperatore
1441 2496 1653 2550 decreta
1696 2496 2047 2550 conciliorum
2094 2511 2186 2565 ge-

605 2562 872 2634 neealiuin
910 2579 942 2617 a
982 2564 1109 2634 sede
1150 2562 1443 2634 apostolica
1483 2565 1778 2634 approbata
1802 2562 2187 2621 serventur'ac

608 2630 965 2688 defendamur
976 2632 1003 2686 ?

680 2700 787 2774 Sed
811 2701 857 2757 si
880 2716 1071 2771 parum
1092 2703 1383 2774 prudentes
1428 2702 1743 2759 collectores
1783 2703 2035 2767 fuerunt,
2077 2718 2185 2758 non

606 2765 709 2843 fuit
741 2765 1054 2843 inconstans
1078 2765 1387 2842 apostolicae
1413 2773 1556 2829 sedis
1579 2775 1805 2831 antistes
1839 2793 1853 2827 :
1888 2765 2187 2843 permansit

606 2838 753 2895 enim
773 2840 830 2896 in
851 2840 920 2897 iis
954 2857 1075 2913 quae
1098 2838 1526 2912 prmdccessores
1562 2859 1671 2899 non
1697 2844 1815 2900 sine
1836 2838 2032 2915 magna
2056 2841 2190 2897 deli-

2290 1797 2571 1869 dicuntur,
2596 1816 2717 1869 qua‘
2747 1801 2991 1858 redolere
3019 1804 3267 1859 videntur
3287 1797 3519 1862 ’fraudes
3568 1797 3869 1863 recentium

2291 1868 2690 1946 itzereticorum.
2728 1868 2878 1946 Unde
2904 1874 3053 1946 venit
3096 1874 3152 1929 in
3204 1884 3439 1946 mentem
3479 1877 3749 1946 suspicari
3801 1891 3871 1946 ne

2288 1938 2429 1993 forte
2465 1938 2560 2013 vei
2587 1948 2746 2013 _t_otus
2780 1940 2870 2013 llic
2904 1942 3117 1999 libellus
3160 1945 3232 2013 sit
3259 1944 3542 2009 conﬁctus,
3571 1938 3676 2008 vel,
3724 1945 3869 2013 quod

2289 2015 2375 2080 est
2397 2009 2739 2080 credibilius,
2764 2010 3121 2080 depravatus,
3166 2009 3222 2069 et
3265 2022 3459 2070 auctus
3492 2015 3562 2069 ad
3607 2009 3871 2070 invidiam

2290 2077 2547 2134 Romana:
2570 2077 3255 2137 Eccleske'conciliandam.

2365 2146 2470 2202 Sed
2495 2148 2609 2204 sive
2634 2148 2884 2221 siteverues
2906 2151 3058 2221 liber,
3082 2152 3193 2206 sive
3215 2152 3496 2215 conﬁctas,
3528 2152 3645 2206 sive
3669 2152 3872 2221 partim

2290 2216 2551 2279 sincerus,
2580 2219 2778 2287 partim
2800 2219 3141 2283 adulterinus,
3173 2220 3303 2275 illud
3327 2236 3490 2276 unum
3512 2216 3735 2275 constat
3758 2236 3872 2274 non

2289 2300 2411 2342 esse
2447 2287 2643 2359 librum
2687 2288 2903 2359 dignum
2942 2306 2996 2343 in
3028 2305 3133 2359 quo
3163 2289 3385 2357 legendo
3421 2299 3633 2357 tempus
3664 2298 3873 2359 conte-

2292 2364 2463 2411 ratur.
2493 2356 2705 2413 Titulus
2738 2356 2931 2422 falsus,
2963 2356 3124 2414 dictio
3150 2356 3399 2423 barbara,
3440 2356 3734 2412 sententiae
3791 2359 3873 2411 in-

2293 2426 2453 2480 sulsa:
2477 2466 2492 2491 ,
2544 2427 2679 2481 ordo
2724 2441 3034 2496 perversus,
3079 2428 3392 2483 eorumdem
3425 2426 3875 2496 testimoniorum

2290 2496 2481 2567 crebra
2510 2496 2757 2567 repetitio
2781 2537 2797 2560 ,
2827 2496 2981 2553 facile
3019 2498 3317 2567 potuissent
3351 2495 3676 2566 persuadere
3716 2504 3876 2565 typo-

2329 2566 2496 2634 rapbo
2514 2605 2529 2629 ,
2556 2566 2603 2620 si
2628 2567 2674 2621 is
2689 2582 2977 2623 commune
2995 2566 3352 2628 commodum.
3377 2575 3434 2620 et
3454 2581 3560 2620 non
3582 2567 3876 2633 proprium

2311 2633 2499 2690 uerum
2526 2644 2821 2704 spectasset
2839 2677 2855 2702 ,
2882 2643 2942 2692 ut
2966 2636 3070 2693 sibi
3096 2637 3165 2692 ab
3192 2636 3401 2692 edendo
3418 2633 3683 2692 eiusmodi
3704 2649 3878 2703 opere

2290 2709 2531 2760 tempera
2539 2714 2640 2760 ret.

2211 2809 2260 2871 c
2362 2773 2462 2843 (De
2509 2774 2692 2829 eadem
2730 2777 3127 2847 pseudoaynoda
3158 2774 3452 2830 Parisiensi
3485 2773 3643 2845 plura
3688 2781 3873 2826 sertos

2289 2840 2556 2895 Barom'ua
2589 2843 2741 2895 annis
2765 2846 2871 2895 824
2892 2859 2940 2895 εί
2965 2844 3116 2895 825Λ

2338 2845 2556 2898 aronius
2589 2843 2741 2898 annis
2765 2846 2871 2900 824
2892 2843 3116 2917 c1825.)

1522 3121 2140 3200 CONVENTUS
2212 3116 2845 3195 PARISIENSIS
2873 3171 2895 3205 ,

977 3307 1574 3353 EXCELLENTISSIMIS
1642 3310 1719 3351 AC
1787 3306 2352 3353 VICTORIOSISSIMIS
2421 3276 2676 3360 DEOQCE
2751 3302 3131 3347 AMABILIBUS
3202 3300 3511 3349 Αυαυετιε

1115 3468 1452 3532 DOMINIS
1490 3467 1993 3531 HLUDOWICO
2033 3469 2136 3529 ET
2169 3464 2644 3530 HLUDHARIO
2681 3464 3348 3528 IMPERATORIBUS.

670 3732 779 3787 Nos
803 3730 943 3786 servi
957 3744 1023 3785 ac
1045 3728 1792 3798 ﬁdelissimioratoresvestri,
1807 3728 2039 3798 qualiter
2063 3728 2193 3798 pro?

597 3802 760 3859 ximis
785 3799 1039 3855 Kalendis
1080 3797 1399 3854 Novembris
1436 3798 1577 3869 apud
1614 3797 1951 3869 Parisiorum
1994 3797 2184 3852 urbem

597 3872 753 3944 juxta
779 3877 1106 3944 praeceptum
1136 3876 1329 3944 vesti-te
1352 3867 1734 3944 magnitudinis
1778 3869 1833 3922 in
1859 3882 2024 3944 unum
2049 3882 2183 3921 con-

592 3937 862 4006 venimus,
888 3937 1223 4009 qualiterque
1251 3938 1556 4009 deenegotio
1587 3952 1619 3991 a
1643 3946 1821 4009 vestra
1850 3937 2049 4009 pietate
2075 3951 2172 3991 no-

594 4014 681 4070 bis
702 4006 961 4080 injuncto,
989 4009 1054 4064 de
1074 4006 1238 4064 causa
1258 4006 1508 4080 videlicet
1540 4008 1853 4080 imaginum,
1880 4006 2170 4080 egerjmus,

597 4082 667 4137 ad
689 4074 1005 4137 memoriam
1033 4086 1228 4133 vestra:
1252 4077 1585 4133 celsitudinis
1622 4074 1949 4131 reducimus.
1983 4075 2089 4131 Sed
2116 4083 2175 4129 ut

594 4151 786 4207 melius
815 4148 972 4204 nobis
1001 4146 1349 4202 manifestum
1372 4147 1542 4211 fieret,
1571 4147 1640 4201 ob
1660 4160 1824 4215 quam
1848 4146 2069 4215 causam
2085 4159 2176 4215 vc-

594 4229 709 4277 stra
750 4220 945 4289 pietas,
966 4233 1089 4289 qua:
1117 4232 1249 4289 erga
1272 4216 1368 4289 Dei
1409 4214 1715 4289 sauciaeque
1761 4230 1873 4289 suae
1919 4214 2175 4289 Ecclesiae

2289 3742 2412 3792 rus,
2448 3725 2714 3797 simulque
2738 3735 2794 3782 et
2847 3726 3092 3797 populus,
3152 3727 3530 3783 auctoritatem
3593 3740 3866 3791 sumentes

2287 3796 2551 3866 synodum
2583 3795 2861 3866 fecerunt,
2874 3798 2928 3850 in
2953 3812 3056 3865 qua
3084 3797 3222 3852 sicut
3254 3797 3329 3851 illi
3358 3797 3588 3852 multum
3619 3798 3865 3857 deviavc-

2285 3865 2433 3931 runt,
2464 3865 2571 3950 qui
2592 3865 2853 3950 imagines
2891 3876 3200 3922 sanctorum
3249 3866 3439 3950 inilla
3473 3866 3581 3921 alia
3602 3937 3615 3950 .
3637 3872 3861 3950 synodo,

2276 3952 2398 4005 qua:
2418 3933 2519 3990 sub
2531 3933 3011 4005 Constantinoiavo
3036 3937 3320 3992 memorati
3333 3933 3680 3992 Constantini
3718 3933 3861 3995 facta

2278 4004 2402 4086 est,_
2409 4006 2626 4086 penitus
2648 4004 2972 4086 abdicandas
2994 4020 3113 4086 esse
3144 4006 3516 4086 decreverunt,
3543 4007 3623 4063 sic
3643 4007 3730 4086 isti
3750 4026 3860 4065 non

2281 4074 2628 4145 mediocriter
2651 4083 2987 4138 erraverunt,
3015 4074 3105 4145 qui
3131 4090 3226 4130 eas
3254 4092 3364 4130 non
3390 4075 3564 4131 solum
3598 4076 3698 4132 coli
3719 4087 3778 4131 et
3801 4096 3861 4133 a-

2279 4144 2546 4215 dorari,et
2580 4152 2792 4215 sanctas
2816 4144 3111 4215 nuncupari
3140 4154 3454 4215 sanxerunt,
3484 4161 3672 4215 verum
3691 4146 3859 4203 etiam

2279 4213 2691 4271 sanctimoniam
2717 4213 2785 4266 ab
2815 4213 2895 4268 eis
2926 4213 3234 4283 se'adipisci
3266 4213 3496 4283 professi
3529 4224 3676 4271 sunt.
3710 4215 3776 4270 Et
3801 4227 3860 4272 ut

594 4282 837 4369 amorem
884 4282 1260 4377 ardentissime
1303 4285 1515 4357 ﬂagrat,
1546 4282 1753 4377 “ad'hec
1786 4282 2173 4377 inquirendum
2204 4317 2253 4377 υ
2281 4283 2334 4338 id
2360 4298 2546 4377 verum
2575 4296 2695 4377 esse
2720 4284 2865 4352 quod
2889 4282 3495 4377 nitebanéurastruere,
3520 4283 3856 4377 demonstra-

631 4357 828 4410 rimum
851 4371 1078 4411 accensa
1100 4354 1279 4419 fuerit,
1296 4351 1655 4411 necessarium
1673 4351 1943 4419 duximus,
1961 4351 2171 4408 initium

634 4424 815 4494 ujusce
838 4425 929 4494 rei
979 4438 1324 4494 cognoscere,
1373 4432 1430 4478 et
1473 4424 1592 4494 ideo
1626 4424 1862 4492 primum
1891 4422 2173 4494 epistolam

593 4491 1241 4572 domininAdi-janifpapge,
1272 4507 1433 4572 quam
1457 4491 1664 4572 pridem
1690 4508 1804 4572 pip
1850 4491 2174 4572 imaginibus

591 4564 861 4634 erigendis
904 4561 1261 4634 Constantino
1302 4561 1611 4634 imperatori
1647 4561 1721 4617 et'
1742 4563 1970 4634 Herceum
2012 4562 2177 4634 matri

592 4629 710 4700 ejus
734 4633 804 4700 ad
830 4645 1017 4687 eorum
1054 4629 1487 4700 deprecationem
1515 4631 1573 4686 in
1606 4630 1981 4687 transmarinis
2005 4630 2174 4700 parti-

588 4701 692 4756 bus
713 4699 927 4771 direxit,
955 4713 1136 4771 coram
1152 4699 1307 4771 nobis
1329 4700 1431 4771 legi
1456 4701 1705 4771 fecimus,
1723 4709 1779 4755 et
1803 4699 2063 4771 quantum
2072 4715 2173 4771 Ano-

591 4777 717 4839 strae
743 4767 994 4839 parvitati
1032 4782 1125 4823 res
1141 4770 1331 4839 patuit,
1347 4767 1644 4839 sicutjuste
1670 4767 2169 4839 reprelienditillos,

592 4839 685 4909 qui
710 4838 970 4909 imagines
991 4846 1299 4893 sanctorum
1325 4838 1612 4895 temerario
1637 4838 1770 4892 ausu
1797 4838 1849 4892 in
1873 4838 1977 4892 illis
2002 4838 2172 4907 parti-

588 4906 693 4964 bus
723 4906 1079 4978 confringere,
1110 4915 1166 4962 et
1193 4909 1405 4978 penitus
1435 4908 1652 4978 abolere
1681 4906 2168 4978 prmsumpserunt,

588 4978 672 5034 sic
699 4975 986 5033 indiscrete
1012 4975 1251 5033 noscitur
1272 4978 1463 5033 fecisse
1491 4977 1545 5030 in
1561 4991 1641 5036 eo,
1662 4975 1805 5042 quod
1834 4975 2170 5043 superstitio-

589 5062 649 5117 se
676 5063 774 5102 cas
795 5047 1020 5103 adorare
1042 5046 1231 5115 jussit;
1248 5063 1347 5117 pro
1371 5060 1599 5116 quarum
1627 5044 1793 5117 etiam
1821 5059 1982 5099 causa
2004 5060 2166 5117 syno-

589 5114 719 5188 dum
744 5111 1063 5188 congregari
1094 5111 1369 5188 ptmcépit,
1390 5111 1451 5169 et
1470 5129 1566 5167 sua
1593 5113 1911 5188 auctoritate
1944 5111 2046 5169 sub
2071 5111 2165 5182 ju—

587 5182 876 5253 rejurando
899 5182 1129 5250 ce'nsuit,
1159 5194 1219 5239 ut
1238 5182 1593 5252 erigerentur,
1623 5189 1678 5253 et
1706 5182 2083 5249 adorarentur,
2110 5194 2166 5239 et

586 5251 792 5311 sancite
811 5263 1271 5322 nuncuparentur,
1294 5251 1416 5306 cum
1440 5266 1534 5307 eas
1572 5251 1779 5322 erigere
1809 5253 2036 5318 licitum,
2071 5255 2165 5308 ad-

584 5338 743 5381 orare
768 5341 898 5381 vero
921 5322 1074 5380 nefas
1094 5324 1181 5378 sit.
1211 5322 1442 5378 Inseruit
1466 5323 1630 5377 etiam
1653 5323 1706 5377 in
1721 5325 1909 5379 eadem
1934 5324 2161 5394 epistola

586 5395 832 5463 quredam
858 5394 1167 5463 testimonia
1196 5399 1505 5448 sanctorum
1520 5401 1756 5462 patrum,
1780 5401 2041 5463 quantum
2067 5410 2163 5447 no-

586 5459 669 5517 bis
696 5465 874 5534 datur
897 5462 1138 5534 intelligi,
1177 5463 1331 5518 valde
1367 5459 1588 5528 absona,
1610 5471 1666 5517 et
1690 5463 1758 5517 ad
1798 5459 1920 5517 rem
1943 5463 2010 5517 de
2055 5478 2159 5531 qua

591 5533 868 5601 agebatur,
900 5533 1119 5587 minime
1143 5534 1492 5601 pertinentia.
1771 5556 1774 5561 ~

659 5598 737 5650 Ex
758 5599 915 5666 hujus
944 5598 1174 5669 namque
1201 5601 1441 5669 epistolae
1467 5610 1636 5669 textu,
1666 5601 1959 5673 imperator
1979 5599 2154 5656 ctclc-

2278 4360 2422 4417 rent,
2473 4354 2721 4423 quasdam
2755 4361 3068 4423 sanctarum
3106 4352 3509 4422 Scripturarum
3548 4355 3855 4409 testimonia

2272 4430 2321 4475 et
2355 4420 2675 4493 sanctorum
2691 4420 2911 4493 Patrum
2959 4422 3103 4493 dicta
3130 4423 3198 4476 ad
3228 4420 3397 4478 suum
3421 4424 3856 4493 superstitiosum

2271 4505 2513 4562 errorem
2544 4490 2969 4562 cuntirmandum
2998 4492 3260 4547 violenter
3288 4490 3651 4562 sumpserunt,
3693 4502 3748 4548 et
3774 4496 3855 4550 ei-

2272 4560 2391 4615 dem
2418 4576 2517 4616 suo
2556 4560 2707 4630 operi
2737 4559 3164 4644 incqmpetenter
3217 4559 3553 4644 aptaverunt,
3596 4563 3858 4629 quoniam

2273 4646 2377 4684 non
2400 4644 2466 4685 eo
2491 4629 2654 4686 sensu
2702 4646 2811 4699 quo
2835 4629 3001 4695 dicta,
3039 4647 3140 4687 nec
3170 4647 3237 4687 eo
3254 4629 3855 4699 intellectu,quoasan-

2270 4700 2373 4756 ctis
2399 4699 2653 4755 Patribus
2685 4698 2932 4769 exposita
2961 4702 3030 4757 ab
3054 4700 3162 4757 illis
3182 4716 3301 4758 esse
3324 4698 3625 4768 produntur
3666 4698 3858 4766 prola-

2269 4776 2324 4822 ta
2350 4769 2434 4823 vel
2459 4769 2747 4825 intellecta.

2337 4838 2596 4892 Eamdem
2620 4838 2785 4906 parre
2805 4838 3067 4907 synodum
3089 4854 3212 4894 cum
3237 4845 3433 4908 sanctae
3454 4837 3738 4908 memoria:
3761 4853 3855 4908 ge-

2268 4906 2412 4977 nitor
2432 4914 2609 4977 vester
2624 4905 2885 4977 coramse
2910 4909 3129 4977 suisque
3153 4907 3354 4977 perlegi
3400 4905 3639 4977 fecisset,
3652 4905 3854 4961 ettn'ul-

2269 4975 2337 5047 tis
2365 4975 2416 5029 in
2434 4974 2584 5047 locis,
2600 4984 2670 5047 ut
2700 4976 2922 5043 dignum
2966 4974 3084 5033 erat
3129 4974 3584 5047 repreliendisset,
3617 4984 3675 5031 et
3710 4992 3852 5046 qua:-

2267 5046 2391 5100 dam
2412 5044 2669 5114 capitula,
2684 5062 2805 5115 qua:
2829 5044 3237 5115 reprehensioni
3264 5044 3849 5115 patebant,prtenotas-

2266 5124 2369 5178 set,
2394 5129 2568 5195 eaque
2584 5130 2681 5195 per
2704 5113 3084 5195 .Angiibertum
3101 5113 3371 5195 abbatem
3407 5113 3587 5195 eidem
3603 5113 3848 5195 AAdriano

2263 5199 2413 5253 papa:
2433 5183 2740 5240 direxisset.
2770 5183 2830 5238 ut
2857 5184 3002 5240 illius
3020 5183 3227 5253 judicio
3250 5192 3308 5240 et
3327 5184 3655 5239 auctoritate
3678 5184 3845 5240 corri-

2263 5252 2537 5321 gerentur,
2577 5254 2691 5323 ipse
2720 5270 2905 5309 rursus
2931 5252 3158 5310 favendo
3183 5255 3313 5318 illis,
3331 5253 3423 5323 qui
3447 5252 3567 5321 ejus
3598 5255 3849 5309 instinctu

2264 5330 2371 5377 tam
2399 5324 2773 5392 superstitiosa
2803 5332 3022 5392 tamque
3075 5323 3372 5393 incongrua
3400 5324 3713 5393 testimonia
3744 5337 3847 5393 me-

2262 5391 2639 5463 moratooperi
2668 5391 3027 5456 inseruerant,
3056 5408 3154 5463 per
3202 5391 3413 5463 singula
3437 5392 3677 5463 capitula
3712 5394 3766 5448 in
3784 5391 3846 5447 il-

2261 5460 2437 5517 lorum
2464 5460 2867 5518 excusationem
2890 5460 3218 5531 respondere
3246 5460 3367 5531 qua:
3396 5460 3591 5526 voluit,
3627 5478 3735 5517 non
3771 5470 3846 5515 ta-

2261 5547 2383 5586 men
2408 5548 2530 5601 quze
2554 5533 2752 5611 decuit,
2796 5539 3023 5611 conatus
3061 5539 3166 5611 est.
3196 5532 3348 5586 Talia
3377 5531 3577 5611 quippe
3610 5532 3844 5600 quaedam

2261 5610 2406 5668 sunt,
2442 5618 2560 5667 qua:
2587 5602 2641 5657 in
2681 5601 2895 5657 illorum
2921 5601 3280 5672 objectionem
3306 5601 3585 5671 opposuit,
3613 5616 3732 5671 qua:
3769 5613 3829 5654 re
