3992 6172
172 273 301 329 1509

877 270 1053 324 LIBRI
1089 266 1431 325 CAROLINI.
1470 295 1545 306 -—
1580 267 1872 323 APPEND.
1910 302 1979 310 —
2017 272 2437 329 CONVENTUS
2472 273 2696 328 PARIS.

3269 280 3407 335 I3I0

166 385 359 451 cipare.
392 378 714 454 __Utrumq_uc
760 391 891 448 ergo
944 387 1155 454 resecat
1200 392 1377 454 sermo
1410 377 1653 445 divinus,
1679 385 1739 432 ut
1764 386 1814 444 Α
1840 379 1986 454 iecit,
2032 381 2247 454 adorari
2290 382 2520 454 debeat:
2550 383 2723 454 factor
2768 386 2913 440 enim
2959 401 2990 440 a
3019 387 3249 454 factura,
3298 405 3407 446 non

165 446 333 516 neque
350 446 548 502 all‘ectu
573 448 739 511 colas,
768 446 946 515 neque
978 448 1159 516 specie
1185 447 1397 500 adores.
1444 464 1464 498 ι

276 520 598 598 ieronymus
624 516 696 597 _in_
747 516 1084 598 expositione
1131 516 1382 598 Danielis
1413 516 1686 585 prophetae
1715 534 1728 569 :

168 606 188 641 ι
217 587 413 642 Notum
430 584 513 639 'sit
542 585 657 648 tibi,
682 584 879 653 inquit,
913 600 1028 651 rex,
1057 586 1180 654 quia
1218 584 1348 654 deos
1369 584 1489 640 tuos
1518 584 1625 640 non
1648 599 1734 640 εοο

162 657 337 721 limus,
361 663 415 709 et
443 662 679 710 statuam
709 669 934 723 auream
956 653 1116 723 quam
1153 653 1373 708 erexisti
1410 670 1518 707 non
1544 654 1733 709 adora-

163 741 298 789 mus,
336 726 449 780 sive
477 731 733 794 statuam,
775 733 837 777 ut
885 722 1266 794 Symmachus,
1290 723 1404 794 sive
1449 723 1733 794 imaginem

163 810 399 858 auream,
432 802 493 847 ut
524 792 711 847 caeteri
747 792 1154 862 transtulerunt,
1183 792 1514 862 voluerimus
1530 792 1730 862 legere,

162 863 395 920 cultores
422 862 520 917 Dei
556 877 678 917 eam
728 861 953 917 adorare
978 864 1084 914 non
1114 860 1329 915 debent.
1359 860 1500 930 Ergo
1520 860 1735 929 judices

160 940 213 990 et
226 933 500 1003 principes
522 930 705 1003 saeculi
723 929 1248 1003 cumiimperatorum
1264 929 1471 984 statuas
1485 932 1732 1003 adorant,

160 996 545 1071 et'imag'ines,
595 1000 698 1071 hoc
754 1014 812 1054 se
843 996 1023 1071 facere
1058 998 1373 1071 intelligant,
1431 1002 1573 1067 quod
1621 1008 1737 1071 tres

157 1072 313 1140 pueri
336 1066 827 1140 fa'cereinolenics,
865 1066 1192 1140 placuerunt
1231 1066 1465 1140 Deo;_et
1498 1069 1731 1140 notanda

158 1136 479 1210 proprietas,
511 1139 639 1210 deos
663 1137 786 1210 coli,
815 1136 1107 1207 imaginem
1127 1138 1343 1210 adorari
1362 1138 1568 1200 dicunt,
1591 1137 1737 1206 quod

160 1205 448 1276 utrumque
470 1207 641 1262 servis
672 1205 766 1260 Dei
796 1221 903 1260 non
933 1205 1205 1260 convenit.
1244 1226 1266 1259 ι

224 1295 371 1366 Idem
392 1295 651 1366 Origenes
664 1294 736 1366 in
762 1292 996 1347 Homilia
1021 1292 1064 1366 6_
1082 1294 1148 1349 de
1171 1295 1395 1366 cantico
1424 1294 1567 1366 quod
1615 1311 1739 1366 cgn-

161 1366 290 1421 tavit
312 1362 520 1434 Moyses
557 1381 570 1417 :
612 1382 631 1413 ι
663 1362 815 1417 Licet
858 1362 1135 1434 apostolus
1164 1362 1398 1418 Joannes
1423 1362 1563 1434 dicat
1595 1381 1607 1417 :
1638 1364 1735 1417 Fi-

160 1433 289 1497 lioli,
314 1431 542 1487 nondum
569 1433 761 1502 scimus
797 1431 949 1502 quid
967 1432 1377 1502 [uturirisumum
1420 1431 1519 1487 Sin
1561 1444 1735 1487 autent

163 1502 434 1557 revelatum
459 1501 604 1570 nobis
622 1501 781 1570 fuerit
808 1500 888 1570 Vde
922 1500 1052 1570 Deo,
1076 1500 1281 1555 scilicet
1309 1501 1510 1565 dicens,
1540 1502 1736 1556 similes

162 1572 238 1627 illi
264 1572 459 1627 erimus
490 1569 543 1642 (Ι
572 1570 739 1642 «Ιειιιιἶ
769 1569 1232 1642 ιιι).ᾼ5ἱιιιίιίιιιάο
1262 1578 1442 1642 tamen
1471 1572 1587 1642 hate
1626 1588 1733 1625 non

162 1642 227 1695 ad
254 1638 523 1703 naturam,
554 1638 648 1692 sed
675 1638 744 1692 ad
770 1639 998 1708 gratiam
1022 1649 1323 1694 revocatur.
1362 1640 1524 1695 Verbi
1549 1655 1731 1705 causa,

162 1720 219 1764 ut
270 1710 319 1765 si
365 1710 610 1764 dicamus
657 1708 923 1778 picturam
974 1708 1206 1764 similem
1248 1723 1369 1764 esse
1415 1707 1535 1777 ejus
1581 1709 1736 1778 cujus
1770 1712 1814 1772 Β

161 1780 339 1849 imago
365 1778 420 1831 in
441 1778 664 1849 pictura
687 1776 1198 1849 videturexpressa,
1228 1776 1488 1848 quantum
1530 1780 1598 1849 ad
1623 1776 1740 1849 gra-

162 1794 339 1849 tmago
365 1794 420 1831 in
456 1794 664 1845 pictura
687 1794 896 1831 Videtur
925 1794 1198 1900 eiclpressa,
1228 1794 1488 1848 quantum
1530 1794 1598 1834 aa
1623 1796 1738 1849 gra-

162 1849 301 1928 tiam
314 1847 567 1928 pertinet,
593 1846 741 1928 visits
758 1846 950 1928 sitniiis
1004 1849 1490 1928 _i_c_etur,.quantuin
1514 1848 1584 1903 ad
1607 1850 1738 1928 sub-

160 1915 419 1971 stantiam
463 1915 622 1985 longe
654 1916 957 1986 dissimilis.
986 1916 1093 1986 cllla
1133 1915 1277 1972 enim
1311 1918 1520 1986 species
1556 1919 1740 1974 carnis

160 1994 245 2040 est
272 1994 328 2040 et
347 1986 590 2054 corporis
613 1985 738 2047 vivi,
790 1986 893 2039 ista
920 1985 1156 2041 colorum
1201 1985 1356 2042 fucus
1382 1995 1488 2051 est,
1514 1996 1570 2041 et
1613 2003 1739 2043 cera

160 2055 363 2110 tabulis
383 2070 545 2109 sensu
578 2055 886 2109 carentibus
936 2056 1290 2126 superposita.
1327 2076 1347 2109 ι

230 2145 420 2200 lsidori
445 2160 511 2201 ex
531 2145 667 2200 libro
683 2145 1134 2216 Etymologiarum
1151 2161 1194 2200 ιι
1215 2146 1430 2201 Pictura
1451 2155 1631 2201 autem
1656 2154 1741 2201 est

159 2214 344 2285 Imago
386 2216 693 2285 exprimens
745 2214 978 2285 speciem
1023 2215 1101 2269 rei
1151 2216 1404 2285 alicujus,
1452 2232 1574 2285 quae
1612 2218 1739 2271 dum

159 2283 479 2349 visa'fuerit',
529 2286 597 2338 ad
635 2283 1061 2340 recordationem
1118 2283 1351 2340 mentem
1389 2283 1617 2341 reducit.
1651 2285 1741 2338 Pi-

160 2363 316 2423 ctura
370 2361 548 2408 autem
601 2353 745 2409 dicta
806 2355 959 2423 quasi
1006 2354 1222 2423 ﬁctura.
1247 2355 1342 2411 Est
1377 2356 1521 2410 enim
1561 2355 1740 2423 imago

161 2421 309 2493 (icta,
344 2438 450 2493 non
478 2423 695 2483 veritas,
742 2421 867 2493 hinc
895 2434 949 2478 et
995 2422 1194 2488 fucata,
1243 2424 1297 2479 id
1345 2433 1450 2491 est,
1503 2421 1738 2493 quodam

160 2491 284 2548 fuco
327 2492 484 2556 illita,
511 2493 643 2546 nihil
686 2492 808 2547 ﬁdei
839 2503 893 2547 et
922 2494 1166 2547 veritatis
1201 2494 1472 2548 habentia.
1510 2491 1660 2548 Unde
1684 2503 1741 2546 et

161 2570 289 2632 sunt
310 2561 555 2632 quaedam
594 2562 837 2632 picturae,
874 2577 995 2630 qua:
1028 2577 1266 2632 corpora
1293 2563 1537 2617 veritatis
1561 2563 1740 2632 studio

160 2629 359 2687 coloris
388 2629 675 2695 excedunt,
706 2638 761 2683 et
807 2629 967 2685 ﬁdem
1010 2629 1149 2685 dum'
1164 2646 1364 2700 augere
1409 2631 1741 2685 contendunt

162 2700 230 2755 ad
266 2700 610 2771 mendacium
647 2700 973 2771 provehurit.
1005 2718 1023 2750 ι
1063 2729 1139 2771 T-
1162 2699 1293 2771 ltem
1321 2700 1434 2771 ipse
1461 2707 1581 2767 post
1608 2714 1741 2771 pau-

162 2784 224 2825 ca
252 2787 267 2823 :
312 2788 331 2821 ι
369 2767 851 2848 Ρὶειιιι-ιιῳέιιιειη
876 2767 1119 2848 έΕεγριιξ
1149 2767 1607 2848 exedgitaverunt,
1637 2768 1742 2835 pri-

160 2852 313 2893 mum
344 2839 591 2893 umbram
612 2837 846 2892 hominis
876 2836 1038 2891 lineis
1069 2836 1514 2899 circumductam,
1563 2836 1740 2904 itaque

160 2906 324 2962 initio
348 2907 489 2972 talis,
512 2907 747 2961 secunda
779 2905 1010 2975 singulis
1036 2906 1326 2975 coloribus,
1357 2913 1543 2975 postea
1554 2905 1741 2959 .diver-

157 2977 258 3041 sis,
292 2978 480 3045 sicque
514 2975 785 3045 paulatim
816 2973 1045 3045 sesears
1074 2974 1188 3045 ipsa
1214 2973 1489 3045 distendit,
1513 2981 1567 3028 et
1591 2975 1741 3028 inve-

159 3040 252 3100 nit
280 3040 462 3100 lumen
486 3040 649 3115 atque
682 3042 900 3099 umbras
922 3040 1253 3098 differentias
1276 3043 1535 3109 colorum,
1562 3051 1700 3098 etc.»
1763 3040 1814 3105 α

231 3134 371 3189 Item
414 3132 771 3204 Hieronymus
801 3133 854 3204 in
898 3132 1236 3204 expositione
1282 3132 1585 3204 Ezechielis
1621 3148 1748 3203 pro-

159 3205 346 3331 nhetaa
376 3221 390 3256 :
429 3221 450 3255 ‹
485 3202 555 3257 Et
604 3201 1067 3287 septuagintaviri
1101 3201 1168 3256 de
1206 3201 1508 3283 senioribus
1554 3201 1746 3283 domus

215 3273 331 3328 rael
356 3280 415 3328 et
453 3270 742 3326 Jechontas
787 3271 928 3325 lthus
981 3272 1199 3331 Saphan
1240 3272 1418 3325 stabat
1466 3287 1521 3324 in
1570 3271 1746 3327 medio

215 3273 331 3328 rael
356 3280 415 3328 et
453 3268 742 3326 Jechonias
787 3268 928 3341 lilius
981 3272 1199 3341 Saphan
1240 3272 1419 3341 stabat
1466 3271 1521 3324 in
1570 3268 1746 3341 medio

164 3357 356 3399 eorum
387 3342 645 3398 stantium
668 3348 793 3395 ante
818 3340 1074 3409 picturas,
1112 3349 1168 3395 et
1194 3340 1748 3409 unusquisquehabe-

163 3412 257 3468 bat
284 3411 622 3467 thuribulum
669 3410 721 3464 in
754 3407 914 3464 manu
955 3425 1071 3474 sua,
1132 3416 1189 3464 et
1220 3424 1391 3477 vapor
1426 3407 1632 3463 nebula:
1681 3410 1746 3465 de

166 3482 323 3537 thure
369 3481 751 3550 consurgebat.
793 3479 1023 3550 Quando
1047 3479 1179 3550 dicit
1223 3477 1561 3550 septuaginta
1602 3477 1747 3550 viros

167 3550 333 3606 fuisse
356 3551 425 3605 de
455 3548 760 3605 senibribus
789 3550 979 3603 domus
1007 3548 1187 3610 Israel,
1232 3548 1323 3616 qui
1354 3555 1598 3616 tenerent
1626 3548 1747 3601 thu-

169 3620 341 3675 ribula
365 3620 635 3683 manibus,
664 3618 901 3673 ostendit
929 3618 1129 3672 multos
1165 3624 1219 3671 et
1247 3615 1381 3671 alios
1408 3615 1573 3670 fuisse
1622 3631 1749 3685 pro-

168 3687 265 3744 bos
287 3691 380 3759 qui
403 3688 509 3744 hoc
529 3704 636 3744 non
664 3688 953 3751 faciebant,
980 3686 1073 3740 sed
1093 3685 1335 3759 forsitan
1363 3686 1601 3759 peccatis
1629 3686 1749 3759 aiiis

166 3752 513 3824 tenebantur,
559 3771 831 3825 unumque
859 3769 1052 3810 nomen
1087 3752 1601 3825 Jechoniamﬁlium
1651 3755 1749 3809 Sa-

166 3826 309 3899 phan
332 3828 552 3884 stetisse
580 3827 635 3880 in
661 3824 1049 3899 medioeorum
1070 3825 1223 3899 quasi
1244 3824 1543 3899 principem
1577 3825 1747 3899 scc_I0-_

166 3893 243 3952 ris
278 3913 473 3953 eorum
506 3905 668 3965 atque
704 3894 991 3965 sacrilegii,
1031 3894 1122 3963 qui
1152 3894 1347 3965 omissa
1380 3894 1634 3965 religione
1656 3893 1749 3948 Dei

166 3967 421 4022 colebant
449 3961 610 4031 idola,
650 3974 705 4020 et
734 3964 788 4019 in
830 3961 1170 4032 templo'non
1216 3961 1513 4018 adorabant
1558 3964 1746 4030 Deum,

169 4036 328 4159 cuius
350 4046 468 4117 erat
494 4034 772 4104 templum,
798 4035 892 4115 sed
911 4035 1155 4114 picturas
1175 4032 1464 4103 parietum.
1502 4051 1520 4084 ι

260 4105 551 4159 ‘trmtanus
569 4104 887 4158 Lactantius
909 4119 963 4156 tn
985 4102 1120 4157 llbl‘O
1140 4119 1158 4156 ι
1200 4103 1265 4157 de
1288 4100 1423 4156 falsa
1450 4102 1520 4157 Re

260 4105 551 4161 "irmianus
569 4100 887 4158 Lactantius
909 4100 963 4156 in
985 4102 1120 4157 libro
1140 4119 1158 4156 ι
1177 4100 1265 4157 ’άε
1288 4100 1423 4156 falsa
1450 4101 1744 4167 Religiono,

124 4228 131 4236 ,
170 4173 314 4230 inter
342 4183 564 4239 caetera,
618 4172 829 4242 inquit:
867 4191 886 4224 ι
925 4171 1017 4242 Illa
1052 4186 1171 4242 quae
1205 4179 1330 4226 sunt
1372 4180 1527 4225 extra
1577 4171 1751 4226 homi-

172 4258 320 4310 nem,
349 4244 480 4313 quid
502 4258 637 4313 opus
677 4241 762 4295 est
797 4257 860 4297 ea
880 4241 1062 4313 colere
1083 4241 1278 4313 quibus
1311 4242 1535 4313 careas?
1566 4242 1750 4313 Vfirtus

171 4314 316 4367 enim
342 4311 565 4368 colenda
596 4320 698 4376 est,
728 4326 835 4366 non
876 4312 1053 4379 imago
1071 4311 1305 4375 virtutis,
1338 4317 1392 4364 et
1414 4311 1639 4366 colenda
1668 4319 1752 4366 est

171 4396 278 4450 non
303 4380 575 4436 sacriﬁcio
597 4381 796 4450 aliquo,
830 4389 922 4450 aut
958 4380 1133 4444 thure,
1178 4388 1269 4434 aut
1314 4381 1624 4448 precatione
1665 4397 1752 4435 so-
1778 4381 1833 4443 Β

172 4447 361 4519 lemni,
403 4450 499 4505 sed
522 4447 796 4505 voluntate
818 4448 928 4504 sola
960 4456 1121 4519 atque
1147 4447 1418 4519 proposito
1448 4466 1461 4501 :
1507 4465 1633 4504 nam
1674 4467 1753 4504 re-

173 4518 307 4589 ligio
333 4521 721 4589 Aaciveneratio
759 4519 903 4573 nulla
942 4518 1173 4589 aliacnisi
1208 4518 1367 4589 unius
1396 4519 1489 4589 Dei
1521 4520 1751 4573 tenenda

174 4586 282 4642 εει.
318 4586 460 4654 Quid
484 4589 643 4659 igitur
671 4605 804 4659 opus
826 4596 928 4654 est,
956 4604 997 4659 io
1017 4588 1102 4659 vir
1133 4587 1547 4659 sapientissime,
1574 4597 1753 4659 tantos

173 4667 445 4729 sumptus
475 4656 555 4729 χει
589 4656 857 4729 ﬁngendis
885 4657 970 4711 vel
1012 4657 1252 4729 colendis
1283 4656 1607 4729 imaginibus
1654 4658 1753 4711 itu-

174 4725 452 4795 pendere?
474 4725 705 4782 Firmius
752 4735 808 4782 et
846 4726 1207 4795 incorruptius
1236 4725 1492 4792 templum
1530 4734 1613 4779 est
1658 4742 1752 4795 pc-

176 4803 297 4851 ctus
343 4797 639 4850 humanum
670 4815 683 4850 :
723 4797 828 4852 hoc
859 4796 1038 4865 potius
1065 4803 1309 4865 ornetur,
1332 4795 1434 4849 hoc
1459 4796 1601 4851 veris
1646 4795 1752 4850 illis

176 4866 493 4921 numinibus
534 4866 837 4935 impleatur.
861 4862 992 4920 'llas
1024 4865 1169 4920 enim
1206 4862 1368 4935 falsas
1392 4865 1754 4935 consecratio-

179 4950 275 4989 nes
302 4936 553 5004 sequitur
574 4934 717 5004 quod
759 4950 975 4991 necesse
999 4945 1101 4998 est,
1128 4934 1219 5003 qui
1256 4934 1401 5004 enim
1429 4935 1509 4989 sic
1531 4934 1760 4989 virtutes

179 5003 399 5068 colunt,
416 5004 472 5059 id
508 5003 703 5073 estqui
730 5006 950 5058 umbras
973 5013 1025 5057 et
1067 5004 1325 5074 imagines
1349 5003 1607 5060 virtutum
1631 5020 1757 5059 con-

179 5082 482 5137 sectantur,
525 5088 589 5128 ea
618 5074 754 5143 ipsa,
785 5089 905 5142 qua:
937 5087 1063 5127 vera
1095 5081 1240 5136 sunt,
1271 5080 1456 5127 tenere
1482 5088 1587 5127 non
1635 5089 1758 5143 pos-

181 5151 328 5207 sunt,
351 5151 410 5198 et
434 5151 651 5198 cetera.
682 5164 699 5195 ι

252 5212 591 5283 Augustinus
612 5212 664 5266 in
684 5212 830 5283 iihro
857 5210 1233 5283 _Qu_a:stionum
1278 5210 1490 5266 Veteris
1527 5218 1580 5264 et
1625 5209 1758 5264 Novi

184 5280 563 5337 Testamenti:
607 5299 626 5332 ι
670 5280 985 5344 Christiani,
1034 5289 1094 5334 ut
1138 5289 1584 5350 potecpaupcres,
1626 5293 1762 5348 quos

183 5351 381 5406 stultos
418 5359 632 5415 vocant,
673 5366 837 5405 unum
861 5350 1030 5419 Deum
1067 5349 1255 5419 colunt
1280 5349 1343 5419 in
1379 5350 1655 5419 mysterio,
1695 5362 1762 5400 ex

185 5434 295 5488 quo
329 5428 460 5476 sunt
499 5420 709 5485 omnia;
746 5433 848 5474 nec
894 5418 1093 5487 aliquid
1119 5418 1261 5488 quod
1298 5418 1366 5471 ab
1391 5418 1457 5488 eo
1489 5418 1763 5488 conditum

185 5484 286 5552 est,
335 5484 705 5544 venerantur:
744 5489 939 5558 ipsum,
966 5484 1111 5541 enim
1136 5484 1332 5558 'solum
1368 5486 1612 5558 subicere
1662 5484 1764 5539 sibi

186 5566 242 5610 ct
264 5558 547 5613 abundare
566 5559 744 5614 sciunt
768 5552 836 5612 ad
865 5557 1117 5612 salutem.
1155 5576 1173 5607 ι
1208 5584 1273 5593 -
1304 5555 1437 5608 Item
1468 5552 1608 5606 idem
1647 5560 1769 5623 post

190 5640 403 5696 pauca:
455 5647 473 5678 ι
517 5626 634 5685 Non
670 5643 798 5698 ergo
836 5627 991 5682 nobis
1026 5625 1255 5689 videtur,
1307 5633 1365 5679 ut
1409 5623 1551 5691 quod
1608 5623 1769 5679 homo

1838 448 2108 521 facturara
2138 451 2345 506 factore
2370 453 2584 506 adorari
2618 453 2907 521 iudicatur.
2950 474 2969 507 ι

1904 519 2318 594 iterqliirmiani
2336 521 2602 594 Lactantii
2622 519 2691 578 de
2712 521 2846 578 falsa
2872 523 3169 594 Religione,
3200 525 3295 579 lib.
3325 534 3362 581 t‘t
3385 544 3403 581 :

1839 587 2101 673 igDupIici
2149 604 2280 673 ergo
2310 590 2539 673 Iratione
2594 600 2854 673 peccatur
2890 593 2967 673 _ab
2995 587 3404 673 insipientibus,

1831 659 2067 776 primum
2103 659 2247 725 quod
2275 659 2558 720 elementa,
2594 659 2647 714 id
2683 671 2784 726 est,
2812 663 2905 716 Dei
2950 659 3252 732 opera—Deo
3278 659 3409 732 pne-

1856 736 2030 776 erunt.
2088 726 2287 776 Deinde
2325 730 2466 776 nund
2495 729 2880 776 Plomnnlnrnm
2916 732 3153 776 insm-nm
3204 732 3408 776 ﬁgurae

1856 726 2030 779 ’erunt.
2088 726 2287 803 Deinde
2325 730 2467 796 quod
2495 729 2881 803 elementorum
2916 726 3157 803 ipsorum
3203 726 3408 803 ﬁguras

1834 794 2066 875 humana
2087 796 2262 875 specie
2299 794 2724 875 comprehensas
2760 794 2961 875 colunt.
3002 822 3021 853 ι
3045 794 3406 875 —_l_te_tﬁipse

1833 864 1887 916 in
1913 865 2101 934 eodem
2122 864 2260 919 libro
2288 884 2301 918 :
2342 884 2360 915 ι
2397 864 2542 920 Nihil
2582 868 2727 922 aliud
2753 870 3059 934 adoremus,
3093 870 3226 925 nihil
3263 864 3409 927 cola-

1834 947 1975 996 mus,
1998 932 2103 985 nisi
2152 933 2319 1008 solius
2360 935 2584 1008 artiﬁcis
2616 940 2958 1008 parentisque
2985 932 3155 994 nostri
3187 942 3407 996 unicum

1834 1015 2058 1079 nomen;
2081 1020 2100 1051 ι
2138 1032 2211 1040 —
2238 1002 2370 1079 liem
2392 1004 2505 1072 ipse
2527 1005 2581 1079 in
2606 1002 2791 1079 eodem
2826 1002 2994 1079 libro:
3026 1028 3044 1060 ι
3075 1012 3246 1078 Supra
3280 1024 3410 1079 ergo

1833 1085 1942 1145 non
1970 1068 2112 1145 infra
2147 1079 2230 1124 est
2256 1068 2428 1145 Deus;
2443 1088 2542 1145 nec
2562 1074 2617 1127 in
2643 1074 2749 1129 ima
2774 1078 2971 1145 potius,
2998 1078 3090 1132 sed
3117 1068 3170 1132 in
3198 1068 3410 1133 summa

1833 1139 2110 1208 religione,
2142 1153 2247 1206 qua
2281 1142 2579 1196 credendus
2604 1152 2705 1196 est.
2743 1139 2875 1195 ›“--
2908 1139 2975 1198 Ει
3004 1146 3139 1199 infra
3166 1164 3178 1199 :
3220 1165 3238 1197 ι
3269 1147 3411 1201 Nihil

1833 1217 2009 1285 potest
2038 1222 2157 1285 esse
2175 1208 2392 1285 cmleste
2418 1210 2473 1262 in
2498 1225 2569 1285 ea
2592 1226 2668 1274 re,
2697 1226 2817 1280 quae
2840 1213 2897 1267 tit
2924 1230 2990 1268 ex
3026 1224 3171 1268 terra
3202 1234 3214 1269 :
3248 1217 3409 1285 quid-

1834 1276 1963 1345 quid
1996 1277 2140 1331 enim
2162 1276 2468 1342 simulatur,
2501 1278 2694 1333 falsum
2715 1276 2866 1337 'esse
2892 1298 3113 1337 necesse
3158 1276 3283 1347 εει,⁸
3311 1301 3411 1339 nec

1833 1355 2008 1432 potest
2028 1347 2409 1432 unquam-feri
2432 1362 2626 1430 nomen
2659 1350 2920 1432 accipere,
2961 1353 3105 1432 quod
3131 1353 3413 1432 veritaiem

1835 1413 1958 1489 fuco
2000 1423 2056 1469 et
2104 1414 2712 1489 imitationementitur2
2749 1413 2945 1489 fidem
2978 1413 3096 1489 ipse
3135 1421 3190 1475 in
3224 1422 3413 1476 eodem

1834 1483 2015 1560 libro:
2071 1501 2089 1533 ‹
2141 1483 2525 1560 Ut___intelligas
2584 1487 2716 1540 nihil
2760 1483 3045 1543 colendum
3087 1503 3230 1558 esse,
3271 1491 3415 1560 quod

1834 1552 2006 1607 oculis
2029 1553 2347 1607 mortalibus
2370 1552 2629 1608 cernitur.
2680 1575 2699 1606 ι

1907 1621 2258 1698 Augustinus,
2284 1624 2337 1677 in
2364 1622 2627 1691 psalmum
2655 1640 2785 1679 cxnt
2812 1642 2879 1698 :__¢
2922 1625 3037 1680 Noli
3055 1641 3197 1698 ergo
3216 1627 3416 1682 addere

1838 1705 2034 1764 manus
2067 1692 2361 1764 hominum,
2409 1703 2561 1764 utex
2590 1708 2654 1748 eo
2684 1694 2898 1748 metallo
2927 1696 3066 1764 quod
3100 1692 3228 1749 fecit
3254 1708 3416 1750 verus

1840 1760 2001 1825 Deus,
2037 1759 2170 1814 velis
2212 1762 2389 1815 facere
2412 1760 2605 1816 falsum
2640 1764 2818 1826 deum,
2858 1759 2967 1818 imo
3006 1764 3200 1818 falsum
3236 1764 3412 1818 homi-

1840 1844 1984 1894 nem,
2027 1844 2189 1902 quem
2218 1846 2316 1902 pro
2350 1846 2479 1902 vero
2504 1835 2778 1886 venereris
2806 1833 2934 1893 Deo,
2970 1848 3128 1902 quem
3170 1834 3415 1902 quisquis

1836 1914 1937 2021 Bm
1968 1913 2094 1952 vero
2121 1899 2336 1953 homine
2377 1898 2432 1953 in
2462 1902 2755 1954 amicitiam
2797 1898 3075 1970 reciperet,
3127 1898 3410 1957 insaniret.

1886 1969 1994 2021 ucit
2015 1967 2157 2020 enim
2200 1974 2256 2021 et
2280 1967 2475 2021 allectu
2513 1971 2741 2021 quodam
2785 1970 2999 2021 inﬁrmo
3028 1971 3167 2021 ranit
3202 1971 3410 2021 inﬁrma

1886 1969 1994 2039 ucit
2015 1967 2157 2020 enim
2200 1974 2256 2039 et
2280 1967 2475 2039 allectu
2513 1971 2746 2039 quodam
2785 1967 2999 2024 iniit-ine
3028 1971 3167 2039 rapit
3202 1971 3415 2025 inlirma

1837 2038 2002 2091 corda
2024 2035 2332 2091 mortalium
2374 2032 2562 2094 forma:
2604 2032 2898 2094 similitudo
2950 2047 3004 2094 et
3048 2032 3412 2095 membrorum

1837 2106 2047 2187 imitata
2068 2121 2402 2187 Carmo-.3

1908 2174 2222 2244 Fulgentius
2260 2174 2316 2228 in
2344 2176 2482 2230 libro
2510 2176 2575 2230 de
2611 2174 2744 2230 Fide
2766 2177 2832 2230 ad
2866 2177 3131 2231 Donatum
3162 2197 3174 2232 :
3218 2195 3237 2229 ι
3280 2177 3417 2244 Quia

1838 2244 1953 2313 ipse
1977 2244 2120 2298 Deus
2168 2244 2269 2313 sibi
2306 2245 2407 2298 soli
2435 2245 2750 2313 prtecipiens
2783 2246 3153 2301 tantummodo
3180 2248 3419 2302 servien-

1878 2329 1988 2376 um,
2007 2327 2181 2384 seque
2207 2311 2406 2384 jubens
2436 2311 2486 2367 ‘a
2509 2313 2755 2384 fidelibus
2799 2315 3150 2380 adorandum,
3196 2331 3419 2384 prorsus

1840 2382 2143 2446 interdixit,
2182 2396 2249 2435 ne
2279 2382 2399 2450 quis
2430 2382 2623 2435 audeat
2647 2389 2955 2437 creaturam
2977 2382 3224 2448 adorare,
3272 2400 3421 2440 crea-

1840 2459 2081 2523 turmque
2124 2450 2357 2523 servire;
2389 2458 2667 2520 propterea
2696 2451 2748 2504 in
2781 2452 2893 2523 [ine
2925 2452 3083 2523 primi
3113 2453 3256 2508 illius
3279 2470 3418 2523 pra:-

1839 2519 2084 2588 cepti’de
2135 2520 2416 2583 omnibus,
2457 2534 2576 2588 quze
2626 2521 2827 2588 creavit
2881 2519 2957 2575 ita
2994 2521 3233 2588 loquitur
3265 2519 3419 2577 {non

1839 2538 1978 2588 cepu
2018 2538 2084 2573 ne
2135 2538 2416 2583 οιιιωυιιε,
2457 2538 2576 2588 qua:
2626 2538 2827 2574 creavu
2881 2538 2957 2575 ita
2994 2538 3046 2576 to
3087 2538 3233 2576 uitur
3265 2538 3280 2577 :
3313 2539 3419 2576 non

1838 2587 2085 2643 adorabis
2114 2603 2195 2662 eg,
2220 2603 2311 2641 nec
2335 2588 2635 2662 servieecis.
2673 2609 2703 2662 ⁸ι
2745 2587 2942 2662 (Brod.
2972 2538 3087 2662 ιιιὲ
3119 2592 3278 2662 -ίΕι
3298 2600 3422 2659 post

1836 2670 2008 2727 pauca
2037 2672 2050 2708 :
2084 2673 2102 2706 ι
2138 2655 2275 2727 vera
2295 2657 2440 2727 enim
2463 2657 2648 2727 religio
2671 2658 2726 2713 in
2751 2655 2910 2713 unius
2939 2655 3153 2716 constat
3182 2661 3278 2716 Dei
3300 2655 3423 2714 ser-

1838 2723 1989 2781 vitio.
2030 2744 2049 2776 ›
2088 2754 2157 2781 ——.
2195 2723 2327 2779 Item
2382 2726 2494 2793 ipse
2537 2723 2657 2793 post
2698 2742 2913 2793 pauca:
2963 2748 2981 2780 ι
3022 2728 3113 2785 Sic
3157 2730 3426 2784 veraciter

1838 2809 2006 2849 unum
2062 2793 2230 2847 Deum
2272 2792 2587 2848 cum’Patre
2634 2792 2830 2848 Filium
2874 2812 3000 2852 vera
3032 2797 3167 2853 ﬁdes
3211 2799 3420 2861 adorat,

1838 2879 1959 2934 quae
1996 2862 2074 2918 sic
2095 2862 2208 2934 Deo
2234 2863 2384 2916 novit
2407 2878 2440 2916 a
2467 2862 2731 2934 creaturis
2754 2865 3024 2934 omnibus
3054 2868 3421 2928 serviendum,

1838 2930 1899 2986 ut
1924 2932 2133 3014 noverit
2154 2940 2414 2988 creaturae
2446 2946 2555 2988 non
2585 2931 2770 2988 deberi
2808 2930 3001 2989 divinae
3031 2934 3310 2989 servitutis
3332 2935 3426 2990 ob-

1846 3017 2112 3057 SCGIIIIIIII.
2141 3021 2159 3053 ι
2657 3035 2661 3038 ν

1907 3017 2274 3141 Ἡιὲἒῗιζιίἠιιε,
2307 3069 2363 3124 in
2404 3068 2631 3141 epistola
2657 3035 2743 3125 ad
2783 3068 3075 3141 Maximum
3105 3071 3423 3141 grammati-

1848 3157 1971 3196 cum
2011 3139 2029 3194 Ξ
2079 3158 2097 3191 ι
2141 3139 2293 3195 Scies
2334 3155 2365 3193 a
2407 3139 2729 3195 Christianis
2759 3139 3059 3205 catholicis,
3090 3139 3320 3209 quorum
3368 3139 3425 3194 in

1847 3219 2027 3265 vestro
2063 3210 2259 3279 oppido
2290 3210 2455 3279 etiam
2486 3209 2723 3279 Ecclesia
2752 3209 3044 3265 constituta
3069 3208 3172 3274 est,
3219 3208 3425 3279 nullum

1846 3279 1951 3333 coli
1980 3276 2337 3354 mortuorum,
2366 3278 2496 3354 nihil
2531 3279 2760 3354 denique
2804 3279 3018 3354 adorari
3058 3280 3200 3354 quo_d
3226 3278 3297 3333 sit
3340 3276 3423 3354 fa-_

1847 3357 1995 3402 ctum
2029 3357 2085 3403 et
2110 3349 2386 3407 conditum
2409 3347 2440 3403 a
2462 3348 2592 3413 Deo,
2621 3347 2717 3404 sed
2746 3364 2910 3403 unum
2936 3347 3111 3417 ipsum
3146 3347 3313 3402 Deum
3333 3347 3428 3416 qui

1846 3417 1975 3472 fecit
2003 3427 2058 3472 et
2090 3416 2327 3473 condidit
2363 3418 2562 3472 omnia.
2600 3436 2619 3469 ι

1918 3507 2053 3561 Item
2082 3504 2414 3575 Augustinus
2446 3507 2502 3559 in
2546 3506 2689 3575 libro
2719 3506 2786 3561 de
2824 3505 3136 3575 Quantitate
3180 3503 3378 3575 animae
3406 3520 3423 3558 ε

1855 3593 1873 3627 ι
1907 3576 2051 3633 Deus
2075 3574 2253 3630 autem
2299 3574 2656 3630 immortalem
2684 3576 2919 3629 animam
2950 3574 3097 3637 fecit,
3128 3582 3189 3628 ut
3211 3574 3426 3643 opinet,

1848 3645 1954 3701 nisi
1968 3644 2120 3701 forte
2159 3644 2254 3699 tibi
2280 3645 2437 3700 aliter
2462 3644 2690 3701 videtur.
2726 3644 2869 3715 Ergo
2896 3651 2955 3698 tu
2990 3644 3185 3700 velles.
3205 3683 3220 3697 .
3237 3681 3253 3699 .
3270 3683 3285 3698 .
3309 3682 3322 3697 .
3342 3682 3357 3698 .
3376 3683 3390 3698 .
3408 3683 3427 3698 .

1849 3715 1978 3770 talia
2007 3715 2127 3770 ﬁeri
2147 3714 2394 3779 dixerim,
2417 3715 2511 3769 sed
2532 3714 2984 3783 quemadmodum
3010 3714 3125 3784 ipse
3147 3715 3426 3774 immorta-

1849 3784 1917 3839 lis
1942 3784 2246 3839 immortale
2270 3784 2526 3854 quiddam
2552 3785 2680 3854 fecit
2702 3784 2777 3841 ad
2805 3785 3214 3845 similitudinem
3249 3799 3426 3846 suam,

1850 3854 1931 3910 sic
1957 3862 2011 3909 et
2044 3870 2145 3909 nos
2182 3853 2516 3908 immortales
2540 3853 2720 3909 factia
2744 3854 2873 3918 Deo,
2914 3854 2982 3907 ad
3015 3854 3428 3909 similitudinem

1850 3931 2094 4003 nostram
2114 3924 2257 4003 quod
2282 3921 2510 4002 facimus
2529 3922 2832 4002 immortale
2859 3936 2979 3975 esse
3001 3923 3239 4003 deberet.
3264 3921 3432 4003 Recte

1851 3995 2080 4068 diceres,
2105 3988 2149 4045 si
2180 3993 2247 4068 ad
2268 3990 2388 4068 ejus
2411 3991 2696 4068 imaginem
2728 3989 2976 4056 pingeres
2997 3989 3258 4068 tabulam,
3284 3988 3428 4068 quod

1852 4062 1906 4116 in
1940 4070 1991 4114 te
2011 4055 2315 4113 immortale
2334 4072 2453 4112 esse
2477 4055 2651 4112 credis
2674 4055 2816 4110 nunc
2844 4070 2973 4109 vero
2995 4057 3049 4108 in
3078 4069 3140 4108 ea
3169 4055 3431 4120 exprimis

1852 4128 2259 4185 similitudinem
2295 4126 2731 4196 corporistquod
2766 4122 3009 4196 profecto
3038 4121 3265 4196 mortale
3321 4129 3425 4196 est.

1853 4198 2131 4267 Quomodo
2155 4212 2285 4266 ergo
2306 4189 2636 4267 sumsimilis
2652 4189 2903 4267 Deojcum
2929 4191 3250 4267 immortalia
3281 4189 3427 4267 nulia

1851 4258 2071 4340 possum
2105 4258 2286 4340 facere
2305 4273 2365 4320 ut
2378 4265 2512 4340 ille?
2537 4263 2814 4340 Quomodo
2848 4276 2951 4316 nec
2979 4260 3156 4329 imago
3181 4258 3430 4340 corporis

1855 4328 1932 4393 iui
1973 4345 2151 4407 potest
2177 4336 2280 4407 hoc
2309 4334 2506 4407 valere,
2546 4328 2873 4407 quod_tuum
2903 4328 3111 4407 corpus
3145 4328 3308 4394 valet,
3343 4328 3426 4383 sic

1855 4399 2036 4462 anima
2061 4421 2170 4461 non
2209 4399 2640 4467 mirandumest,
2667 4402 2713 4456 si
2741 4399 3040 4470 potentiam
3065 4406 3430 4470 tantam_non

1854 4478 2035 4541 habet,
2087 4484 2347 4546 quantam
2393 4473 2484 4528 ille
2527 4472 2596 4528 ad
2632 4467 2786 4540 cujus
2827 4467 3238 4525 similitudinem
3280 4468 3428 4524 facta

1852 4555 1955 4613 cst,
1996 4556 2101 4601 etc.
2141 4564 2161 4599 ι

1923 4636 1983 4691 Si
2007 4637 2150 4692 enim
2175 4636 2351 4706 imago
2371 4632 2591 4688 humani
2624 4631 2868 4706 corporis
2888 4644 2988 4685 nec
3015 4635 3225 4683 tantum
3251 4629 3435 4706 va_lere

1852 4706 2126 4770 asseritur,
2177 4699 2437 4774 quantum
2484 4699 2751 4774 veraciter
2779 4702 2953 4774 ipsum
2979 4714 3202 4774 corpus
3248 4699 3433 4754 valere

1851 4769 2335 4845 perhibeturfqua
2384 4784 2548 4845 causa
2576 4771 2677 4845 sibi
2708 4769 3001 4845 suﬁ‘ragari
3036 4769 3197 4845 posse
3244 4775 3438 4845 putant

1862 4839 2102 4897 nonnulli
2154 4839 2573 4912 reprehensione
2620 4839 2789 4912 digni,
2852 4840 2943 4909 qui
2986 4839 3053 4912 in
3084 4840 3175 4892 illa
3227 4840 3436 4912 synodo

1860 4913 2170 4967 Grzncorum
2197 4906 2575 4965 titediationem
2617 4906 2931 4981 imaginum,
2955 4909 3056 4963 sibi
3076 4906 3436 4961 necessariam

1859 4996 1977 5037 esse
2005 4982 2186 5037 dicere
2212 4980 2709 5051 prazsumpserunt?

1929 5071 2279 5139 Augustinus,
2313 5069 2455 5139 libro
2501 5084 2597 5139 vni
2627 5067 2692 5139 dc
2736 5065 2964 5139 initate
2987 5058 3103 5111 Dei.
3122 5075 3155 5139 ,ς
3190 5053 3434 5139 Quapro-

1862 5124 1981 5209 ptér
2007 5124 2201 5195 riterite
2232 5124 2393 5209 homo
2426 5137 2607 5209 deficit
2632 5135 2699 5209 ab
2736 5133 2827 5209 illo
2854 5128 2944 5197 qui
2971 5141 3094 5209 cum
3121 5124 3266 5209 fecit,
3288 5138 3433 5209 cum

1862 5191 1969 5278 sibi
1991 5191 2355 5278 prmrlicitipse
2378 5205 2519 5278 quod
2546 5202 2694 5258 fecit.
2716 5191 3103 5278 Demonstrat.
3118 5191 3433 5278 enimdidcin

1863 5260 2237 5340 Drmiasiquod
2261 5260 2513 5329 homines
2535 5270 2731 5326 mortui
2752 5266 2932 5340 divino
2971 5262 3287 5340 colebantur
3336 5260 3434 5311 ho-

1863 5360 2016 5408 nore,
2040 5332 2183 5398 velut
2208 5342 2553 5410 .Esculapius
2583 5332 3077 5410 atqueMercurius,
3101 5344 3257 5409 qucm
3275 5340 3433 5410 suum

1863 5429 1983 5469 esse
2005 5403 2140 5467 dicit
2183 5427 2359 5473 avum,
2387 5403 2447 5465 et-
2462 5403 2674 5478 reliqui}
2713 5403 2825 5456 Hac
2850 5413 2991 5452 entm
3019 5403 3427 5478 occasione

1867 5455 2359 5553 Eé‘ﬁaj'ﬁa'eiﬁbiiéé’
2389 5455 2477 5531 31'
2493 5455 2883 5553 infercessores
2906 5455 3437 5553 icasisicrenntmit‘lg‘d
3510 5515 3519 5525 .

1868 5523 2044 5609 ῑιόῗιῖἐ
2067 5523 2376 5617 εῖῶἒῗεῐιῖὸε
2394 5523 2772 5617 “hosticum
2794 5542 3031 5617 seces.
3065 5547 3159 5617 se
3204 5523 3418 5617 araer}.

2070 5598 2508 5686 ἶῗῶἿιιόιεειιιιεε
2564 5598 2812 5665 dicimus.
2845 5602 2961 5659 Tali
3008 5603 3154 5657 enim
3204 5598 3447 5651 ratione.
