3992 6172
205 287 327 349 1313

898 288 1072 341 LIBRI
1109 288 1445 343 CAROLINI.
1478 278 1546 325 -ἒ
1584 286 1871 340 APPEND.
1914 320 1982 328 —
2020 289 2436 347 CONVENTUS
2472 290 2690 347 PARIS.

3291 290 3425 351 4314

256 400 527 473 itemipse
557 398 611 452 in
632 398 772 473 libro
800 412 895 450 vttt
923 396 990 449 de
1007 394 1246 473 _Civitate
1275 397 1367 450 Dei
1393 411 1407 449 :
1446 414 1464 446 1
1495 396 1755 473 8³11119116
1786 404 1831 457 Α
1860 396 2187 453 Testamenti
2218 417 2230 473 ς
2270 419 2288 449 1
2319 399 2721 473 Irrationabile,
2749 402 2946 473 inquit,
2979 403 3185 473 vulgus,
3214 414 3307 458 aut
3331 421 3428 473 ap-a

200 464 518 539 martyribus
567 466 795 539 templa,_
832 465 1153 539 sacerdotia,
1182 480 1353 539 _sacra
1388 474 1443 539 e_t
1495 464 1756 519 sacrificia

196 533 596 600 eoitstituimus,
636 533 890 602 quoniam
940 548 1045 584 non
1094 533 1214 601 ipsi,
1262 534 1354 587 sed
1398 533 1537 587 Deus
1574 548 1757 587 eorum

198 607 347 662 nobis
377 616 459 660 est
488 606 661 667 Deus;
698 603 1026 656 honoramus
1074 615 1201 654 sane
1248 603 1537 655 memorias
1578 616 1760 655 eorum

198 687 447 743 tanquam
468 680 777 726 sanctorum
799 670 1074 724 hominum
1097 668 1209 743 Dei,
1227 669 1317 737 qui
1342 685 1511 737 usque
1535 671 1600 723 ad
1622 685 1762 743 mor—

198 737 617 810 tem-corporum
644 755 864 810 suorum
895 737 1234 810 provcritate
1264 745 1559 810 certarunt,
1590 745 1649 810 ut
1678 739 1762 791 in-

198 804 499 867 notesceret
534 824 663 863 vera
713 804 929 875 religio,
983 804 1128 875 falsis
1175 804 1418 873 fictisque
1469 805 1760 875 convictis,

196 880 336 950 quod
359 879 573 950 etiamsi
602 878 693 947 qui
734 873 887 950 antea
908 873 1215 950 sentiebant
1233 875 1471 950 timendo
1500 874 1763 942 reprime-

196 942 346 1003 bant.
373 947 506 1013 Quis
535 942 714 999 autem
744 943 945 996 audivit
968 942 1252 1013 aliquando
1274 942 1506 996 fidelium
1532 952 1765 996 stantem

198 1008 533 1071 sacerdotem
561 1016 627 1067 ad
676 1015 863 1073 altare,
899 1019 954 1064 et
972 1008 1087 1076 jam
1115 1024 1277 1080 super
1309 1020 1549 1065 sanctum
1574 1027 1770 1080 corpus

197 1084 458 1155 martyris
503 1084 568 1137 ad
599 1082 693 1155 Dei
738 1082 996 1155 boggem
1030 1077 1357 1155 _cultumque
1402 1077 1769 1155 constructimi

199 1145 377 1207 dicere
406 1153 458 1205 in
484 1152 732 1220 precibus
761 1167 773 1201 :
807 1147 984 1202 Offero
1007 1147 1107 1220 tibi
1127 1145 1470 1212 sacriﬁcium,
1492 1145 1671 1220 Petre,
1692 1148 1770 1220 vel

199 1221 379 1280 Paule,
405 1217 499 1273 vel'
518 1220 802 1288 Cypriane,
822 1232 943 1288 cum
969 1217 1110 1288 apud
1133 1226 1319 1271 eorum
1343 1218 1634 1288 memorias
1649 1218 1775 1271 offe-

203 1298 353 1344 ratur
378 1290 505 1350 Deo,
557 1285 647 1355 qui
679 1301 772 1341 eos
800 1295 854 1339 et
889 1285 1134 1355 homines
1168 1292 1222 1338 et
1250 1297 1514 1355 martyres
1539 1285 1684 1355 fecit,
1720 1296 1774 1338 ct

205 1360 402 1417 Sanctis
422 1358 532 1412 suis
553 1352 755 1423 angelis
776 1352 986 1423 caelesti
1009 1355 1213 1408 honore
1236 1352 1491 1407 sociavit?
1517 1365 1572 1407 ut
1600 1352 1665 1408 ea
1685 1371 1775 1408 cc—

205 1427 453 1492 lebritate
478 1434 532 1479 et
558 1422 667 1478 Deo
689 1440 815 1479 vero
844 1425 908 1492 de
932 1422 1142 1492 illorum
1167 1423 1406 1477 victoriis
1426 1425 1626 1491 gratias
1647 1439 1774 1492 aga-

206 1488 358 1558 mus,'
377 1504 431 1550 et
456 1510 553 1549 nos
579 1494 647 1548 ad
668 1488 1025 1546 imitationem
1051 1491 1235 1557 talium
1264 1488 1583 1545 coronarum
1614 1488 1775 1559 aliine

204 1565 503 1635 palmarum
538 1561 741 1635 eodem
774 1562 1021 1635 invocato
1052 1558 1125 1635 in
1161 1559 1421 1635 auxilium
1462 1576 1529 1616 ex
1564 1558 1773 1635 illorum

206 1628 480 1688 memoria:
506 1631 849 1685 renovatione
869 1630 1235 1699 adhortemnr.
1258 1628 1594 1699 Quzecunque
1615 1631 1776 1698 igitur

206 1704 533 1757 adhibentur
557 1700 924 1768 religiosorum
946 1698 1199 1766 obsequia
1225 1698 1279 1751 in
1309 1698 1602 1768 martyrum
1619 1700 1772 1761 locis,

205 1778 525 1825 ornamenta
557 1779 680 1823 Slllll.
706 1769 1102 1830 memoriarum,
1130 1782 1236 1821 non
1270 1782 1423 1821 sacra
1453 1768 1536 1823 V61
1567 1768 1775 1823 sacrifi-

205 1841 292 1895 cia
324 1847 655 1893 mortuorum
688 1846 937 1904 tanquam
968 1837 1208 1890 deorum.
1232 1855 1250 1887 1

279 1908 646 1977 Hieronymus
663 1905 728 1959 ad
754 1906 1026 1977 Riparium
1047 1906 1457 1977 presbyterum:
1483 1924 1501 1957 1
1529 1904 1780 1977 Acceptis

205 1976 443 2058 primum
487 1976 682 2029 litteris
713 1976 838 2056 t_uis,_
877 1990 980 2058 non
1014 1977 1349 2058 respondere
1384 1976 1647 2058 superbia:
1674 1983 1777 2037 est,

205 2043 536 2114 respondere
556 2044 891 2099 temeritatis.
917 2045 990 2097 De
1013 2043 1097 2097 bis
1116 2044 1256 2114 enim
1276 2046 1435 2100 rebus
1449 2043 1778 2114 interrogas,

204 2113 341 2185 gnte
360 2123 414 2168 et
445 2114 765 2185 proferreset
808 2114 993 2167 audire
1022 2113 1357 2185 sacrilegium
1382 2123 1484 2169 est.
1520 2114 1616 2168 Ais
1640 2113 1783 2183 Vigi-

205 2182 462 2258 l_antiu_m,
479 2183 570 2258 qui
592 2183 700 2238 κατ’
720 2185 1012 2258 ἀητίφροεᾳιν
1037 2182 1139 2236 hoc
1159 2193 1380 2258 vocatur
1396 2185 1631 2258 nomine,
1657 2182 1781 2238 nam

206 2252 603 2307 Dormitantius
655 2251 1181 2313 rectius'diceretur,
1228 2267 1289 2305 os
1333 2252 1555 2307 fetidum
1596 2268 1786 2307 rursus

205 2322 442 2390 aperire,
471 2327 524 2374 et
549 2329 792 2391 putorem
820 2320 1223 2391 spurcissimum
1257 2332 1442 2376 contra
1474 2331 1782 2378 sanctorum

209 2389 782 2461 martyrumproferre
810 2389 1084 2461 reliquias,
1102 2398 1294 2461 etnos,
1310 2391 1398 2460 qui
1424 2407 1517 2447 eas
1543 2392 1784 2461 suscepi-

207 2459 651 2530 mus,'appellare
674 2460 965 2514 cinerarios
989 2469 1043 2514 et
1069 2459 1402 2530 idololatrias,
1426 2463 1519 2530 qui
1548 2459 1785 2515 mortuo—

209 2543 335 2582 rum
390 2526 666 2583 hominum
710 2544 832 2582 ossa
883 2543 1223 2583 veneramur.
1249 2526 1292 2584 0
1320 2526 1584 2585 infelicem
1614 2529 1788 2586 homi-

209 2610 356 2679 nem,
374 2606 428 2652 et
443 2598 588 2679 omni
613 2598 971 2679 lacrymarum
996 2596 1140 2679 fonte
1166 2598 1546 2679 plangendum,
1555 2600 1645 2679 qui
1672 2601 1786 2654 hmo

210 2667 403 2721 dicens
436 2678 542 2720 non
570 2682 628 2721 se
662 2666 911 2737 intelligit
955 2679 1074 2720 esse
1099 2666 1420 2737 Sainaritam
1445 2680 1498 2723 et
1522 2666 1784 2733 Judaeum,

209 2737 305 2803 qui
336 2750 562 2806 corpora
603 2735 935 2806 mortuorum
978 2750 1078 2806 pro
1129 2735 1416 2806 immundis
1468 2738 1699 2803 habent,
1735 2747 1790 2792 et

209 2800 385 2859 etiam
407 2800 531 2858 vasa
557 2820 675 2873 qum
708 2805 762 2858 in
786 2800 1171 2876 eadem—domo
1190 2800 1390 2860 fuerint
1421 2806 1585 2876 pollui
1611 2800 1787 2876 suspi—

209 2881 433 2945 cantur,
454 2881 746 2945 _sequentes
772 2874 1111 2945 occidentem
1140 2873 1390 2945 litteram,
1421 2873 1475 2931 et
1501 2892 1605 2931 non
1628 2873 1791 2945 spi'ria

209 2942 753 3015 ium‘viviftcantem,
769 2944 876 2997 Nos
896 2949 1074 3015 autem
1101 2958 1206 3015 non
1231 2944 1350 2998 dico
1373 2942 1673 3015 martyrum
1711 2962 1792 3000 re-

212 3010 443 3079 liquias,
470 3010 563 3084 sed
588 3025 663 3084 ne_
678 3013 844 3066 solem
871 3012 1083 3081 quidem
1100 3021 1166 3084 _e_t
1190 3013 1391 3078 lunam,
1415 3010 1532 3069 non'
1550 3016 1786 3084 angelos,

210 3071 330 3133 non
384 3071 746 3147 archangelos,
791 3071 904 3139 non.
944 3081 1229 3148 seraphim,
1263 3071 1693 3149 non'cbcrubim,
1737 3071 1792 3139 et
1818 3071 1863 3131 C

207 3162 610 3221 omnesnomen
639 3152 778 3221 quod
800 3150 1121 3221 nominatur,
1149 3159 1203 3203 et
1231 3152 1282 3204 in
1321 3154 1569 3221 praesenti
1594 3154 1791 3207 Steculo

208 3225 266 3271 et
290 3216 350 3270 in
374 3214 556 3271 futuro
576 3214 799 3273 colimus
826 3229 879 3273 et
905 3220 1207 3283 adoramus,
1239 3235 1303 3274 ne
1321 3214 1624 3277 serviamus
1649 3238 1794 3276 crea-

212 3295 378 3356 turae
407 3287 586 3356 potius
637 3303 795 3356 quam
842 3289 1105 3350 creatori,
1144 3290 1235 3356 qui
1270 3299 1351 3343 est
1383 3292 1699 3345 benedictus
1738 3293 1791 3345 in

211 3354 454 3434 saecula}.
485 3354 817 3411 Honoremus
858 3366 1055 3434 autem_
1077 3354 1350 3434 reliquias_
1377 3369 1694 3429 martyrum,
1735 3369 1794 3413 ut

213 3441 341 3479 eum
368 3426 528 3496 cujus
555 3434 678 3479 sunt
704 3435 966 3496 martyres
991 3426 1308 3492 adoremus;
1336 3426 1660 3482 honoramus
1684 3444 1794 3482 ser-

212 3508 332 3556 vos,
365 3502 430 3547 ut
456 3495 626 3565 honor
652 3495 926 3550 servorum
957 3496 1217 3549 redundet
1246 3498 1312 3550 ad
1334 3496 1638 3561 Dominum,
1669 3499 1796 3565 quia

211 3565 302 3634 qui
324 3579 419 3634 uos
443 3564 676 3634 suscipit,
707 3582 785 3617 me
818 3565 1058 3634 suscipit.
1092 3584 1109 3615 1
1136 3594 1206 3603 —-
1236 3566 1379 3618 Idem
1406 3565 1519 3633 ipse
1540 3564 1797 3620 adversus

213 3632 597 3702 Vigilantium.
623 3653 640 3683 1
665 3634 795 3700 Quis
817 3632 981 3697 enim,
1000 3649 1032 3686 o
1049 3633 1293 3703 insanum
1316 3632 1494 3703 caput,
1511 3636 1799 3703 aliquando

214 3709 492 3772 martyres
524 3704 802 3757 adoravit?
847 3703 979 3768 Quis
1024 3702 1291 3772 hominem
1338 3706 1543 3772 putavit
1594 3702 1798 3758 Deum?

213 3784 399 3844 nonne
430 3770 633 3844 Paulus
657 3781 712 3825 et
738 3772 1028 3834 Barnabas,
1059 3786 1178 3844 cum
1222 3770 1558 3844 iiycaonibus
1591 3772 1800 3844 Jupiter

213 3844 269 3892 et
296 3839 608 3895 Mercurius
629 3850 965 3905 putarentur,
983 3849 1037 3895 et
1056 3841 1135 3894 eis
1158 3839 1354 3894 vellent
1380 3842 1584 3897 hostias
1610 3839 1802 3898 inimu-

214 3856 269 3892 ct
296 3856 608 3895 mercurius
669 3856 965 3905 utarentur,
983 3856 1037 3895 et
1056 3856 1135 3894 ets
1158 3856 1354 3894 vettent
1380 3856 1584 3897 nosttas
1610 3860 1800 3898 immo-

214 3908 333 3979 larc
356 3908 374 3977 (
381 3856 667 3979 Act._x1vi:
696 3909 972 3964 sciderunt
996 3910 1311 3964 vestimenta
1338 3925 1453 3977 sua,
1476 3920 1530 3965 et
1549 3928 1605 3967 se
1631 3914 1800 3967 homi-

214 3971 316 4030 nes
339 3971 470 4047 esse
494 3971 770 4047 dixeiunt,
801 3996 904 4047 non
933 3994 1040 4047 quo
1068 3978 1314 4034 meliores
1336 3971 1648 4036 nou'essent
1673 3981 1800 4035 olim

216 4046 460 4119 mortuis
485 4046 799 4119 hominibus
828 4046 959 4119 Jove
1001 4058 1162 4119 atque
1206 4048 1498 4119 Mercurio,
1529 4050 1622 4105 sed
1661 4051 1801 4119 quod

214 4116 322 4169 sub
344 4113 672 4184 gentilitatis
699 4132 881 4171 errore
907 4113 1182 4171 honor'eis
1205 4117 1312 4171 Deo
1334 4119 1544 4174 debitus
1570 4113 1805 4175 deferrea

217 4192 328 4247 tur,
363 4184 518 4253 quod
534 4194 599 4256 et
622 4187 687 4240 de
712 4185 872 4239 Petro
894 4187 1147 4256 legimus,
1172 4187 1263 4255 qui
1285 4186 1590 4243 Cornelium
1617 4205 1676 4244 se
1716 4191 1807 4244 ad-

216 4266 381 4308 orare.
417 4255 748 4329 capientem,
771 4271 932 4309 manu
957 4254 1267 4329 sublevavit
1306 4264 1360 4310 et
1393 4257 1528 4312 dixit
1565 4272 1579 4311 :
1613 4257 1802 4329 Surge,

217 4336 346 4396 nam
378 4333 429 4375 et
463 4322 556 4396 ego
582 4325 891 4396 hornoisum.
923 4344 944 4396 r_
978 4325 1116 4396 (ᾼεζ.
1144 4322 1228 4396 ii.)

1858 476 2104 533 parentes
2126 470 2345 522 umbras
2362 508 2376 531 ,
2413 478 2507 522 aut
2534 470 2796 524 daemonia
2812 470 2843 534 ,⁷
2858 480 2951 525 aut
2975 470 3265 526 simulacra
3289 470 3433 527 mor-

1859 541 2092 605 tuorum,
2112 544 2169 588 ut
2190 537 2320 590 deos
2346 537 2524 591 colere
2549 548 2847 605 emperunt.
2873 539 3002 604 Qua:
3023 541 3177 594 resin
3201 540 3441 596 consue-i

1860 602 2042 655 tudine
2087 605 2372 658 vetustatis
2419 602 2649 659 deducta
2696 602 2989 662 arbitratur
3046 610 3268 663 rationis
3326 611 3430 665 sibi

1863 670 2143 724 veritatem
2170 687 2323 739 posse
2354 671 2562 726 defendi
2580 713 2595 735 ,
2634 690 2756 728 cum
2784 676 3025 730 veritatis
3051 679 3188 731 ratio
3232 693 3338 731 non
3367 694 3433 731 ex

1863 739 2245 815 consuetudine
2266 750 2427 815 aique
2451 756 2517 795 ex
2542 750 2829 815 vetustate,
2846 746 2955 815 sed
2978 759 3045 798 ex
3064 746 3172 799 Deo
3193 747 3281 810 sit,
3306 747 3432 815 quia

1864 820 1971 884 npn
2001 814 2262 884 vetustate
2292 809 2431 862 Deus
2455 810 2731 877 probatur,
2767 813 2857 865 sed
2880 815 3180 884 ;et_ernitate
3205 832 3218 866 :
3246 809 3434 884 quam-

1865 873 2048 945 obrem
2104 874 2238 945 fides
2284 892 2389 931 non
2441 873 2615 945 coepta
2666 894 2771 941 res,
2799 882 2890 934 sed
2916 881 3029 935 sine
3074 883 3225 938 initio
3245 873 3347 938 est.
3377 885 3434 938 In

1866 942 2034 1020 Deum
2057 943 2441 1020 enimicredere
2466 942 2707 1000 nostrum
2733 949 2967 1020 incipere
2988 959 3071 1003 est
3102 968 3115 1003 :
3144 968 3267 1004 nam
3292 954 3434 1020 quod

1867 1010 2105 1087 creditur
2151 1019 2408 1087 mternutn
2432 1022 2555 1087 .cst.
2593 1036 2611 1065 )
2633 1034 2708 1054 -δ
2732 1017 2798 1068 Et
2822 1010 2942 1084 post
2975 1034 3141 1086 pauca
3175 1034 3189 1072 :
3223 1038 3242 1070 1
3281 1010 3433 1087 Quod

1868 1078 2054 1154 colunt
2073 1080 2264 1154 pagani
2290 1088 2410 1147 post
2432 1080 2598 1134 Deum
2623 1092 2724 1147 est,
2740 1078 2874 1152 opus
2902 1078 3021 1152 post
3047 1078 3429 1154 opiﬁcem~est;

1870 1148 2059 1214 pagani
2106 1148 2287 1200 colunt
2327 1164 2652 1220 operahnos
2685 1148 2962 1220 opificem,
2997 1148 3432 1220 illi-creaturam,

1872 1231 1970 1270 nos
1993 1224 2314 1288 creatorem.
2349 1216 2737 1288 Factusgbomo
2781 1222 2942 1288 cmpit
2990 1226 3234 1276 venerari
3284 1216 3440 1279 suum

1871 1284 2202 1363 conditorem
2220 1324 2235 1350 ,
2270 1285 2397 1352 quia
2431 1295 2487 1339 et
2513 1286 2731 1354 dignum
2759 1297 2841 1342 est
2855 1284 2881 1353 ,⁷
2905 1296 2959 1342 et
2986 1305 3146 1344 causa
3178 1293 3283 1347 hoc
3310 1310 3438 1348 exe-

1873 1362 1971 1420 811.
2007 1372 2025 1404 1

1944 1420 2205 1496 Jereinias
2232 1423 2491 1491 propheta
2520 1422 2686 1496 :_Post
2708 1423 2934 1496 Βᾳαιιῃι,
2966 1426 3158 1496 inquit,
3185 1428 3443 1496 abierunt,

1872 1502 2001 1566 qui):
2028 1490 2318 1543 didicerunt
2357 1508 2388 1542 α
2419 1492 2655 1559 patribus
2693 1494 2822 1566 suis.
2858 1495 3006 1549 Unde
3039 1490 3397 1566 Hieronymus
3427 1490 3440 1550 ξ

1881 1559 1899 1607 1
1932 1559 2071 1627 Ergo
2086 1572 2196 1634 _ncc
2216 1569 2518 1634 parentum,
2543 1576 2646 1634 nec
2676 1560 2936 1627 majorum
2964 1580 3118 1634 error
3140 1559 3445 1634 sequendus

1876 1636 1987 1708 est,
2007 1628 2101 1682 sed
2124 1628 2416 1682 auctoritas
2438 1627 2854 1696 Scripturarum,
2881 1639 2937 1685 et
2965 1633 3060 1687 Dei
3085 1627 3447 1690 dooehtis'itm

1915 1712 2106 1751 Bl‘lllm.
2138 1714 2157 1747 ῑ

1876 1712 2277 1836 pexgg'usiinus
2320 1766 2375 1820 in
2421 1767 2687 1836 psalmum
2715 1783 2844 1822 cxttt
2871 1784 2885 1822 :
2920 1786 2939 1820 1
2971 1770 3232 1827 Videntur
3265 1779 3444 1827 autem

1877 1834 1979 1907 sibi
2005 1835 2331 1907 purgatioris
2358 1834 2477 1907 esse
2497 1836 2788 1904 religionis,
2816 1839 2908 1907 qui
2931 1840 3131 1905 dicunt,
3157 1857 3256 1896 nec
3280 1844 3445 1902 simu-

1879 1904 2110 1979 lacrum,
2129 1918 2230 1979 nec
2248 1905 2566 1979 daemonium
2590 1906 2727 1970 colo,
2754 1904 2850 1961 sed
2873 1908 3096 1979 efﬁgiem
3118 1904 3448 1979 Corporalem

1877 1973 1996 2038 ejus
2037 1972 2115 2025 rei
2146 1974 2371 2039 .signum
2417 1974 2628 2043 intueor
2676 1991 2837 2043 quam
2888 1972 3063 2032 col'ere
3108 1972 3296 2034 debeo.
3333 1999 3351 2031 1
3380 2011 3450 2022 -—-

1879 2042 2008 2096 item
2042 2050 2165 2117 post
2190 2057 2361 2110 pauca
2378 2057 2401 2117 _:
2431 2062 2449 2093 1
2478 2042 3054 2117 Audentrespondere,
3074 2063 3179 2102 non
3203 2051 3312 2117 ipsa
3337 2065 3451 2104 eor-

1879 2126 2012 2191 pora
2051 2110 2249 2174 colere,
2299 2112 2393 2166 sed
2433 2128 2553 2181 quae
2597 2113 2704 2169 illis
2748 2110 2995 2182 regendis
3039 2110 3321 2186 praesident
3354 2135 3452 2172 nu-

1883 2195 2048 2234 mma.
2087 2199 2104 2231 1

1954 2249 2010 2302 Si
2035 2249 2195 2324 enim,
2233 2250 2373 2303 sicut
2413 2251 2688 2324 praemissa
2713 2261 3019 2324 sanctorum
3043 2263 3255 2324 patrum
3286 2258 3451 2312 docu-

1883 2318 2371 2392 mentadeelarant,
2399 2318 2569 2392 sancti
2596 2321 2768 2392 angeli
2802 2330 2856 2392 et
2878 2318 3172 2379 sancti'viri
3199 2341 3304 2379 non
3330 2334 3455 2380 sunt

1885 2388 2223 2463 col_endi_nec
2272 2390 2549 2463 adorandi,
2603 2388 2703 2445 hoc
2750 2390 2893 2446 enim
2941 2401 2996 2446 et
3024 2394 3125 2462 ipsi
3166 2396 3452 2463 refugiunt,

1886 2456 1981 2512 sed
2026 2455 2139 2510 sola
2171 2457 2453 2522 charitate,
2484 2475 2590 2513 non
2638 2469 2814 2514 autem
2850 2455 3104 2517 servitute
3135 2455 3454 2527 honorandi,

1886 2540 1987 2581 nec
2034 2527 2235 2597 sanctis
2279 2528 2606 2597 martyribus
2650 2530 2860 2597 templa,
2891 2545 3043 2584 sacra
3085 2542 3138 2587 et
3171 2533 3453 2595 sacriﬁcia,

1887 2597 1978 2649 sed
2006 2594 2118 2666 _soii
2168 2596 2278 2650 Deo
2328 2594 2726 2659 constituenda,
2760 2594 3078 2666 praesertim
3129 2616 3247 2655 cum
3294 2594 3459 2655 hono-

1888 2663 2042 2719 randi
2072 2666 2180 2740 sint
2204 2675 2426 2740 propter
2459 2663 2828 2740 imitationem,
2873 2685 2978 2740 non
3030 2671 3285 2724 adorandi
3336 2687 3461 2740 pro-ﬁ

1888 2742 2008 2807 pter
2067 2732 2397 2807 religionem,
2434 2750 2541 2803 qua
2589 2738 2833 2807 _ratiuue_
2864 2739 3081 2807 antiqua
3143 2732 3463 2794 auctorita:e

1889 2804 2169 2878 adoratio_,
2222 2804 2535 2878 ipcensum,
2588 2805 2905 2867 luminaria,
2956 2804 3011 2859 ei
3054 2816 3276 2878 caetera,
3341 2825 3462 2878 qua:

1890 2873 1945 2927 in
1966 2872 2190 2942 epistola
2236 2873 2546 2942 Graecorum
2580 2883 3001 2942 annumerantur
3041 2875 3121 2929 eis
3161 2872 3458 2931 exhibenda

1890 2943 2049 2997 sunt?
2077 2942 2408 3011 Quapropter
2424 2941 2621 2996 omissa
2646 2941 2788 3011 omni
2817 2943 3192 3009 superstitione
3214 2948 3464 3000 convenit

1892 3020 2090 3067 sancite
2136 3009 2413 3082 catholica:
2462 3019 2517 3064 et
2553 3009 3163 3082 apostolicacUEcclesite
3216 3014 3461 3082 religioni

1893 3097 2018 3151 erga
2060 3090 2366 3151 sanctorum
2403 3081 2664 3148 imagines
2692 3081 2830 3133 hanc
2858 3080 3230 3151 discretionem
3259 3080 3458 3147 tenere,

1893 3148 2033 3204 sicut
2052 3150 2280 3215 eximius
2299 3148 2487 3203 doctor
2510 3151 2696 3203 beatus
2720 3164 2853 3217 papa
2875 3148 3164 3219 Gregorius
3191 3153 3387 3215 docuit,
3410 3163 3466 3206 et

1894 3219 1947 3273 in
1963 3219 2074 3273 suis
2085 3218 2301 3287 scriptis
2312 3220 2467 3275 nobis
2480 3220 2760 3273 tenendum
2778 3218 3213 3291 sequendumqne
3225 3223 3464 3292 reliquit.

2483 3331 2709 3388 CAPUT
2749 3333 2857 3387 Vl].

1963 3420 2041 3493 Ne
2066 3420 2228 3489 igitur
2260 3436 2327 3493 es
2354 3423 2732 3493 superstitione
2755 3431 2847 3476 aut
2879 3439 2943 3478 ex
2968 3425 3205 3493 qualibet
3242 3425 3344 3479 alia
3369 3439 3465 3480 oc-

1896 3491 2113 3544 casione
2157 3492 2407 3563 scandala
2453 3492 2839 3563 infirmioribus
2886 3491 3149 3563 fratribus
3186 3497 3468 3563 provenire

1895 3568 2131 3628 possent,
2169 3561 2271 3615 hoc
2297 3575 2636 3628 summopere
2661 3562 2831 3615 sancti
2856 3562 2955 3615 viri
2979 3561 3202 3629 provida
3225 3566 3472 3619 conside-

1899 3630 2125 3703 ratione-
2154 3629 2325 3703 vitsre
2374 3631 2710 3696 studuerunt,
2746 3640 2801 3685 et
2847 3632 3004 3703 dictis
3052 3631 3312 3703 factisque
3357 3638 3473 3690 suis

1897 3700 2054 3771 nobis
2078 3698 2351 3771 vitandum
2381 3715 2761 3771 usquequaque
2790 3702 3065 3758 evidenter
3091 3698 3398 3759 ostendunt.

1970 3768 2106 3840 Hinc
2131 3768 2498 3840 cnimﬂbeatu’s
2523 3768 2851 3840 Augustinus
2886 3772 2938 3825 in
2975 3772 3112 3826 libro
3139 3790 3192 3827 tv
3226 3776 3291 3828 de
3331 3773 3474 3827 Civi-

1901 3844 2011 3911 tate
2038 3839 2129 3911 Dei
2162 3857 2175 3890 :
2213 3856 2230 3888 1
2266 3838 2510 3906 Maiores,
2541 3838 2736 3908 inquit,
2765 3841 2955 3905 nostri,
2985 3844 3415 3911 superstitionem
3442 3860 3473 3896 a

1901 3907 2161 3977 religione
2182 3917 2589 3975 separaverunt.
2616 3907 2650 3959 3

1972 3977 2271 4046 ltem_idetn
2305 3977 2357 4028 in
2382 3976 2519 4030 libro
2553 3992 2585 4028 x
2612 3976 2677 4029 de
2703 3976 2931 4030 Civitatc
2956 3977 3051 4030 Dei
3079 3977 3314 4044 ejusdem
3341 3993 3474 4046 opes

1904 4044 1981 4099 ris
2005 4062 2018 4098 :
2055 4062 2071 4093 1
2106 4043 2356 4110 Legimus
2378 4052 2682 4111 serpentum
2705 4060 2915 4098 morsus
2934 4043 3237 4099 mortiferos
3256 4043 3470 4113 pain—am

1897 4113 2248 4183 iustissimam
2283 4122 2623 4180 peccatorum
2652 4114 2705 4167 in
2730 4113 2875 4183 ligno
2902 4115 3135 4168 exaltato
3164 4122 3323 4182 atque
3346 4129 3477 4182 pro-

1904 4182 2088 4253 Specto
2115 4194 2263 4253 mneo
2289 4189 2535 4250 serpente
2565 4190 2799 4253 sanatos,
2835 4190 2891 4236 ut
2917 4190 2972 4235 et
2997 4182 3192 4251 populo
3225 4184 3476 4237 subveni-

1907 4251 2055 4307 retur
2077 4251 2290 4312 afﬂicto,
2319 4260 2374 4305 et
2398 4267 2545 4306 mors
2570 4258 2741 4305 morte
2767 4252 3061 4316 destructa,
3105 4253 3189 4305 vel
3219 4260 3277 4305 ut
3300 4255 3479 4306 cruci-

1909 4322 2027 4376 lixa:
2054 4322 2244 4376 mortis
2269 4320 2615 4390 similitudine
2641 4321 2963 4390 signaretur.
2998 4321 3164 4388 Quem
3203 4336 3333 4376 sane
3364 4337 3480 4376 ser—

291 4389 642 4476 Atigustiiius
660 4394 714 4476 in
751 4394 887 4473 libro
913 4389 1689 4476 de'Solutio'nequtcstiopum,
1711 4412 1804 4451 ca-
1837 4412 1883 4470 ο
1906 4396 2122 4476 pentem
2161 4398 2381 4476 propter
2426 4389 2555 4445 facti
2587 4389 2913 4476 memoriam
2950 4400 3312 4476 ‘rescrvstum,
3354 4408 3476 4474 cum

219 4459 336 4531 pitc
354 4459 438 4531 εἷς
471 4480 489 4511 1
522 4461 748 4515 Proinde
774 4462 911 4516 sicut
937 4462 1097 4530 impia
1123 4459 1369 4531 superbia
1397 4465 1508 4518 sive
1530 4459 1806 4519 hominum
1837 4459 1877 4470 “’
1909 4459 2091 4531 postea
2119 4459 2346 4529 pepulus
2372 4475 2561 4515 errans
2586 4467 2836 4529 tanquam
2862 4461 3059 4515 idolum
3090 4462 3265 4517 colere
3287 4462 3480 4530 coepis-

222 4529 347 4595 sive
368 4529 695 4595 daemonum,
725 4531 827 4585 sibi
852 4532 950 4585 hos
970 4529 1177 4586 divinos
1188 4529 1433 4588 “honores
1454 4534 1696 4588 exhiberi
1725 4535 1807 4587 vel

222 4594 389 4669 jubet_
418 4597 509 4651 vel
536 4594 695 4666 cupit,
739 4601 811 4653 ita
855 4601 943 4669 pia
977 4599 1246 4655 humilitas
1279 4601 1361 4656 vel
1401 4602 1677 4655 hominum
1725 4603 1811 4669 vel

222 4664 553 4736 angelorum
587 4664 912 4731 sanctorum,
951 4670 1066 4723 haec
1098 4670 1199 4723 sibi
1229 4670 1407 4723 oblata
1444 4673 1725 4736 recusavit,
1757 4666 1816 4726 et

223 4736 315 4790 cui
349 4735 684 4790 deberentur
704 4739 960 4792 ostendit.
1005 4757 1023 4789 1

296 4802 360 4856 in
388 4806 533 4877 libro
564 4819 653 4857 six
675 4807 739 4861 de
758 4806 984 4877 Civitate
1008 4807 1101 4862 Dei
1129 4807 1260 4863 dicit
1279 4805 1636 4877 Augustinus:
1665 4825 1683 4857 1
1709 4806 1815 4863 Sed

226 4874 374 4945 Deus
426 4874 521 4928 ille
557 4888 712 4945 quem
749 4876 1029 4929 coluerunt
1060 4878 1327 4945 sapientes
1357 4874 1718 4941 Hebraeorum,
1759 4885 1815 4933 et

222 4942 337 5016 jam
362 4942 691 5016 ecclestibus
710 4945 913 4998 sanctis
930 4942 1136 5016 angelis
1153 4957 1206 5000 et
1229 4947 1515 5001 virtutibus
1540 4946 1652 5007 Dei,
1683 4962 1818 5014 quos

228 5012 874 5097 boeatissimos'tanquam
909 5012 1052 5069 cives
1079 5016 1131 5069 in
1164 5017 1263 5071 hac
1290 5012 1801 5097 tiostrauperegrina

229 5081 387 5150 tione
409 5081 633 5134 mortali
656 5094 972 5136 veneramur
990 5091 1044 5138 et
1071 5099 1332 5150 amamus,
1356 5081 1661 5140 sacrificari
1675 5091 1825 5137 vetat

226 5156 286 5272 εἰς
306 5149 442 5214 coli,
476 5150 729 5205 intonans
758 5152 812 5206 in
840 5152 953 5220 lege
987 5168 1103 5219 sua,
1134 5154 1437 5222 sacriﬁcans
1459 5152 1559 5205 diis
1583 5152 1819 5206 eradica-

265 5228 398 5272 uur.
442 5238 465 5271 ι

265 5228 398 5273 itur.
442 5238 465 5271 ι

833 5306 1058 5363 CAPUT
1097 5309 1180 5364 Vl.

246 5428 249 5435 ’
306 5416 443 5489 Hcce
473 5425 663 5472 contra
688 5416 791 5473 eos
809 5419 901 5487 qui
930 5434 1188 5473 annorum
1232 5435 1455 5474 numero
1483 5423 1822 5489 superstitio-

235 5498 362 5539 nem
393 5488 691 5555 imaginum
735 5489 1004 5544 vindicare
1030 5489 1231 5546 volunt.
1262 5488 1700 5544 consuetudinem
1737 5508 1822 5546 se-

235 5556 335 5627 qui
363 5557 596 5624 cupiunt
625 5558 803 5627 potius
829 5572 989 5626 quam
1022 5558 1264 5611 veritatis
1287 5558 1675 5611 auctoritatem.

309 5625 652 5695 Augustinus
692 5628 743 5680 itt
791 5625 925 5680 libro
950 5626 1314 5693 Quaestionum
1348 5626 1556 5681 Veteris
1592 5634 1643 5680 et
1690 5626 1824 5683 Noti

1909 4539 2010 4592 set,
2034 4530 2291 4584 Ezechias
2313 4543 2405 4601 res
2429 4531 2673 4601 religiosa
2687 4538 2952 4598 potestate
2971 4531 3082 4587 Deo
3097 4546 3336 4586 serviens
3356 4547 3479 4585 cum

1912 4613 2103 4669 magna
2134 4600 2347 4669 pietatis
2373 4599 2822 4655 laude‘contrivit.
2858 4620 2878 4652 ι

2028 4668 2111 4721 ale
2134 4668 2261 4736 quid
2286 4680 2340 4738 et
2363 4669 2580 4738 beatum
2616 4669 2968 4738 Epiphanium
2999 4672 3171 4726 virum
3200 4671 3480 4725 sanctissi-

1911 4752 2059 4811 mum
2092 4744 2147 4789 et
2170 4737 2535 4811 doctissimum
2562 4739 2881 4811 zeloilivino
2907 4756 3241 4804 succensum,
3280 4741 3333 4794 in
3368 4742 3484 4811 epi-

1914 4807 2050 4861 s'to!a
2075 4820 2234 4872 quam
2258 4807 2336 4881 _ad
2383 4804 2642 4881 Joannem
2675 4806 3321 4881 Consutntinopolitanum
3366 4804 3482 4881 epi-

1919 4888 2139 4941 scopum
2165 4874 2373 4939 scribit,
2411 4883 2466 4927 et
2503 4877 2691 4931 beatus
2732 4874 3089 4941 Hieronymus
3109 4880 3175 4933 de
3217 4874 3485 4932 Graecdin

1919 4897 2139 4941 scopum
2165 4897 2373 4939 surum,
2411 4897 2466 4927 ct.
2503 4897 2691 4931 uentus
2733 4897 2928 4933 titeron
2971 4897 3175 4934 musae
3217 4897 3403 4932 ura'co

1919 4943 2182 5014 Latinum
2199 4958 2501 5014 sermonem
2542 4947 2915 5009 transtulerat,
2932 4897 3165 5014 {egimus
3189 4945 3379 4997 fecisse
3407 4961 3420 4995 :

2002 5029 2019 5061 1
2052 5010 2261 5083 Audivi,
2290 5011 2480 5083 inquit,
2509 5018 2767 5082 quosdam
2794 5010 3126 5083 murmurare
3155 5020 3488 5083 contraime,

1921 5081 2134 5151 quando
2154 5081 2314 5151 simul
2334 5081 2683 5151 pergebamus
2709 5085 2775 5137 ad
2799 5091 3041 5137 sanctum
3079 5082 3255 5134 locum
3277 5082 3369 5148 qui
3394 5095 3490 5151 vo-

1923 5159 2076 5203 catur
2109 5150 2309 5211 Betbel,
2336 5150 2401 5203 itt
2426 5151 2497 5205 ibi
2532 5152 2810 5205 collectam
2842 5160 3014 5203 tecum
3040 5166 3107 5204 ex
3132 5163 3280 5204 more
3312 5150 3491 5205 eecIe-t

1925 5218 2142 5287 siastieo
2165 5219 2420 5283 facerem,
2451 5229 2506 5273 et
2529 5221 2788 5274 venissem
2823 5219 2890 5272 ad
2919 5218 3098 5287 villam
3143 5233 3262 5287 qua:
3292 5219 3493 5272 dicitur

1925 5285 2209 5350 Anablata,
2248 5287 2606 5356 vidissemque
2638 5289 2706 5341 ibi
2754 5286 3066 5356 praeteriens
3103 5285 3374 5356 lucernam
3404 5302 3492 5338 ar-

1928 5356 2160 5418 dentem,
2189 5365 2238 5408 cl
2262 5355 2671 5430 itt‘terroga’sein
2695 5355 2786 5421 qui
2812 5355 2959 5407 lo‘cus
2979 5364 3140 5430 esset,
3164 5355 3496 5430 didicissentf

1926 5439 2030 5492 que
2071 5438 2187 5478 esse
2214 5422 2513 5487 ecclesiam,
2542 5434 2595 5476 et
2626 5424 2905 5492 intrassem
2954 5429 3013 5492 ut
3050 5435 3282 5492 orarem,
3310 5422 3491 5492 inveni

1927 5488 1999 5547 ibi
2028 5493 2199 5547 velum
2245 5494 2478 5562 pendens
2505 5493 2556 5542 iu
2601 5490 2805 5562 foribus
2830 5488 3064 5562 ejusdem
3096 5489 3353 5562 ecclesiae,
3385 5488 3499 5562 tin-_-

1927 5572 2070 5617 ctum
2113 5556 2272 5631 atque
2327 5560 2613 5631 depictum,
2648 5565 2717 5631 _ct
2766 5559 2966 5631 habens
3012 5558 3294 5631 imaginem
3339 5556 3494 5631 qussi

1927 5632 2149 5695 Christi,
2174 5624 2254 5682 vel
2283 5626 2448 5680 sancti
2472 5624 2627 5692 cuius
2648 5627 2770 5679 lam.
2802 5626 2919 5681 Non
2939 5626 3081 5680 enim
3124 5624 3253 5681 satis
3274 5625 3500 5680 memini
