3992 6172
160 267 290 326 ιόἆῚ

860 266 1038 320 LIBRI
1072 263 1414 321 osseum.
1443 294 1516 304 —
1547 260 1838 318 APPEND.
1878 296 1947 305 -
1984 264 2402 321 CONV’ENTUS
2440 250 2663 321 PARIS.

3279 268 3415 326 1338

158 403 286 459 grua
314 381 911 459 plurimahtestimonia,
928 384 1130 459 quibus
1156 391 1212 437 et
1240 382 1327 437 isti
1363 397 1534 445 suam,
1558 389 1613 435 et
1651 381 1726 435 illi
1757 386 1801 443 Α
1830 381 1975 459 bea_ti_
1999 382 2431 459 prmdecessorig
2445 385 2549 459 mel
2583 354 2785 459 domini
2812 384 3056 459 Gregorii
3097 401 3247 456 papa:
3290 396 3415 447 utar

159 454 398 513 scontra
433 454 708 509 vindicare
731 462 786 508 et
830 454 1078 508 obtinere
1130 468 1282 506 suam
1326 460 1518 520 putant
1570 466 1728 521 posse

160 526 502 582 sententiam.

229 596 380 652 Unde
405 596 543 649 sicut
574 594 795 661 dignum
825 600 880 646 et
904 607 1032 646 vere
1062 592 1289 661 dignum,
1302 598 1359 661 et
1380 589 1584 661 justum
1614 596 1729 661 est,

159 674 216 721 ut
254 658 805 738 prmeunteSpiritus
828 662 999 716 sancti
1036 662 1254 721 virtute,
1279 660 1365 738 ille
1394 660 1535 738 inter
1558 673 1650 712 eos
1679 658 1734 738 in

160 729 375 791 nomine
407 729 620 808 Domini
650 732 1173 808 talia_correcturus,
1200 738 1254 808 et
1292 729 1359 781 ad
1405 729 1545 808 viam
1594 729 1735 808 veri-

161 806 287 859 tatis
307 804 649 858 sanctissimo
675 801 1042 855 moderamine
1070 800 1389 852 reducturus
1430 798 1636 865 primus
1680 798 1733 849 in

161 874 470 929 hominibus
496 873 700 925 arbiter
725 877 1001 931 occurrat,
1024 881 1183 936 quem
1212 867 1352 920 Deus
1398 867 1735 936 omnipotens

161 960 214 997 Ill
240 944 367 997 sede
393 940 1021 1011 apostolieaicollocare,
1038 934 1334 1011 eorumque
1362 934 1621 990 vicarium
1652 934 1733 1011 el_-

161 1014 283 1066 dem
313 1005 515 1065 saneue
548 1025 657 1064 suae
684 1009 935 1063 Ecclesia:
965 1008 1379 1076 dare.dignatus
1424 1015 1536 1071 est,
1570 1014 1624 1059 et
1666 1005 1735 1058 ob

163 1084 264 1137 hoc
292 1081 343 1133 ei
371 1096 565 1134 nomen
596 1079 824 1148 speciale
851 1079 904 1148 in
934 1084 1049 1130 toto
1072 1077 1203 1129 orbe
1232 1084 1497 1148 terrarum
1531 1076 1737 1148 abea-

163 1152 283 1205 dem
328 1158 512 1203 sancta
560 1144 654 1201 Dei
692 1147 927 1200 Ecclesia
963 1160 1073 1213 pra:
1104 1145 1354 1198 omnibus
1395 1144 1738 1213 pontiﬁcibus

165 1221 437 1273 decretum
462 1227 566 1281 est,
592 1226 651 1271 ut
675 1217 819 1269 solus
849 1231 953 1268 non
996 1230 1092 1267 sua
1133 1214 1410 1277 abusione,
1440 1214 1533 1267 sed
1561 1223 1737 1267 tanto-

165 1304 281 1342 rum
304 1287 671 1357 apostolorum
695 1285 1017 1357 auetoritate
1057 1284 1397 1357 un_iversalis_
1410 1298 1544 1357 papa
1586 1284 1736 1357 dica—

168 1366 272 1421 tur,
301 1353 587 1419 scribatur,
610 1365 664 1409 et
693 1357 761 1409 ab
782 1354 1035 1408 omnibus
1057 1354 1334 1406 habeatur.
1358 1353 1424 1405 Et
1451 1353 1575 1420 quia
1599 1353 1738 1405 sicut

170 1427 415 1481 omnibus
442 1433 628 1479 notum
673 1434 775 1489 est,
805 1425 1017 1478 dicente
1065 1421 1270 1475 Joanne
1321 1421 1583 1489 apostolo,
1607 1421 1737 1473 hora

170 1437 415 1481 omnibus
442 1437 628 1479 notum
673 1437 775 1489 est,
805 1437 1017 1478 dicente
1065 1437 1270 1475 Joanne
1321 1437 1583 1543 algoswto,
1607 1437 1737 1473 nora

170 1497 442 1550 novissima
466 1503 548 1564 est
595 1493 650 1564 (Ι
676 1493 838 1564 Joan.
869 1492 954 1561 ll).
987 1491 1253 1564 _E_t_l‘aulo
1287 1510 1341 1564 :_
1389 1508 1448 1564 os
1498 1492 1553 1543 in
1609 1505 1738 1558 quos

167 1566 293 1687 rues
315 1558 625 1618 swculoruni
650 1558 959 1615 devenerunt
982 1560 1034 1682 ﬁl
1054 1558 1178 1613 Cor.
1197 1560 1274 1625 χ).
1302 1560 1368 1613 Ει
1387 1559 1505 1613 ideo
1530 1568 1741 1627 tempus

191 1643 354 1687 nstat.
384 1632 698 1687 diesiudicii
726 1633 925 1687 absque
952 1646 984 1683 u
1013 1631 1059 1682 la
1084 1630 1332 1683 diuturna
1361 1629 1617 1682 dilatione
1646 1644 1740 1687 ap-

191 1643 354 1697 nstat,
384 1632 698 1699 diesjudicii
726 1633 925 1700 absque
952 1629 1059 1683 ulla
1084 1630 1332 1700 diuturna
1361 1629 1626 1700 dilatione
1646 1644 1740 1698 ap-

1830 451 2029 519 verbis)
2045 451 2275 525 fratres,
2309 462 2364 525 et
2397 453 2606 525 Domini
2640 456 2784 508 mei:
2832 455 2887 525 in
2925 451 3184 524 quantum
3216 473 3411 525 pecca-

1833 527 2006 582 tores,
2040 520 2231 574 fratres
2260 522 2396 593 mei,
2441 521 2792 593 inquantum
2826 520 2989 590 justi,
3028 520 3232 580 domini
3263 530 3405 593 mei;

1832 599 2092 654 quantum
2122 605 2186 643 ex
2218 606 2332 663 mel,
2376 590 2649 663 humiliter
2677 594 2936 663 supplico,
2982 604 3242 663 quantum
3282 590 3412 651 vero

1834 671 1899 726 ex
1932 664 2078 726 tanta
2111 660 2451 723 auctoritate,
2484 660 2794 715 sublimiter
2812 660 3022 726 moneo,
3052 674 3112 719 ut
3140 680 3297 718 nemo
3325 680 3413 719 me

1834 724 1961 801 hoc.
1983 724 2097 778 loco
2127 736 2350 798 prepter
2378 745 2464 782 me
2482 730 2751 801 despiciat
2776 773 2790 795 ,
2844 734 2967 801 quia
2999 724 3053 787 et
3089 734 3134 787 si
3173 735 3238 788 ad
3278 734 3413 788 invi-

1836 794 2055 873 tandum
2082 794 2433 873 nequ—aquam
2464 794 2658 873 dignus
2688 794 2938 873 apparéo,
2980 819 3170 873 magna
3209 812 3291 857 est
3332 810 3414 859 ta-

1835 877 1958 940 men
1990 862 2160 917 virtus
2185 862 2481 940 charitatis,
2512 862 2659 937 pacis
2684 862 2738 923 ei
2758 862 3003 936 inuitatis,
3036 862 3102 927 ad
3133 888 3293 940 quam
3316 889 3413 928 vos

1836 930 2460 1008 altapotestatein'vjce
2490 930 2769 992 beatorum
2796 930 3163 1008 apostolorum
3188 940 3334 997 Petri
3359 950 3416 1003 et

1836 1000 2011 1064 Pauli,
2042 1002 2094 1053 in
2124 1003 2339 1057 nomine
2368 1004 2578 1059 Domini
2609 1010 2777 1061 nostri
2804 1000 2926 1063 Iesu
2957 1010 3153 1064 Christi
3184 1000 3413 1069 invitare

1836 1085 2124 1140 prtesumo.
2182 1070 2313 1124 Cum
2361 1077 2501 1127 enim
2549 1076 2745 1130 Paulus
2782 1080 3015 1133 veridica
3051 1095 3181 1133 voce
3227 1081 3407 1135 dicat:

1839 1138 2035 1218 Pacem.
2056 1141 2329 1218 sequimini
2346 1158 2471 1218 eum
2493 1146 2756 1218 omnibus,
2780 1158 2826 1218 et
2851 1150 3267 1211 sanctimoniam,
3288 1151 3412 1218 quia

1838 1209 1949 1261 sine
1975 1207 2069 1261 illa
2098 1207 2245 1285 neuio
2274 1210 2466 1285 videbir
2482 1212 2857 1285 Demntllebr.
2881 1219 3003 1285 xu),
3028 1218 3154 1285 quid
3181 1207 3409 1283 felicius,

1879 1293 1999 1330 uam
2026 1287 2079 1331 et
2107 1280 2160 1331 in
2184 1279 2285 1335 hoc
2310 1280 2504 1335 sarculo
2527 1279 2897 1347 desiderando,
2922 1279 2974 1338 et
3003 1279 3060 1338 iii
3082 1286 3171 1342 illo
3192 1279 3415 1341 fruendo

1837 1293 1999 1399 quam
2026 1293 2079 1331 et
2107 1295 2160 1331 tn
2186 1293 2285 1335 nec
2310 1293 2504 1335 saeculo
2527 1293 2897 1347 aesmerando,
2922 1295 2974 1338 et
3003 1293 3055 1338 in
3082 1293 3171 1342 illo
3192 1293 3414 1341 fruendo

1840 1416 1868 1436 l
1885 1347 2218 1436 murmurare
2231 1348 2274 1436 ΞΑ
2287 1349 2419 1436 quid
2446 1365 2477 1403 e
2504 1351 2715 1436 diverso
2743 1352 3028 1434 infelicius,
3052 1356 3414 1436 quamnueein

1840 1416 1944 1489 hoc
1987 1418 2197 1489 sicculo
2229 1417 2458 1472 feliciter
2498 1422 2769 1489 Optantio,
2822 1439 2920 1477 nec
2970 1416 3022 1476 in
3070 1416 3163 1481 illo
3211 1424 3419 1479 felicius

1840 1484 2067 1561 fruendo
2112 1486 2294 1561 videre
2339 1484 2596 1561 meruerit
2635 1484 2845 1544 Deum?
2878 1493 2945 1545 Et
2979 1509 3100 1547 cum
3140 1492 3296 1561 hujus
3332 1509 3420 1548 as-

1842 1554 2111 1627 sertionis
2128 1555 2211 1608 vel
2242 1557 2481 1627 veritatis
2518 1559 2572 1611 in
2611 1561 2861 1627 universo
2898 1563 3096 1615 mundo
3127 1554 3271 1616 tanta
3310 1564 3421 1616 sint

1844 1624 2149 1698 testimonia
2169 1664 2199 1698 _,_
2226 1640 2343 1692 qua:
2374 1626 2425 1678 in
2454 1629 2705 1698 praesenti
2722 1624 2974 1698 tempore
3003 1631 3145 1683 nulla
3171 1632 3419 1685 evolvere

167 1693 665 1771 propinquatfnulli
693 1693 911 1754 dubium
942 1699 1068 1771 quin
1099 1699 1343 1771 diabolus
1369 1699 1510 1752 inter
1536 1693 1739 1771 reliqua
1775 1709 1819 1769 Β
1845 1693 2132 1771 praevaleat
2168 1694 2369 1771 lingua,
2402 1693 2685 1771 nullusque
2713 1693 3017 1771 mortalium
3046 1701 3296 1771 praescire
3322 1716 3418 1771 vaf-

167 1768 487 1840 perditionis
512 1786 623 1825 suae
648 1778 957 1838 argumenta
988 1768 1112 1822 illud
1148 1770 1418 1891 ἔπηείμυο
1447 1768 1742 1829 contendit,

176 1850 235 1891 ut
259 1841 313 1891 in
344 1840 636 1891 novissimo
670 1839 754 1891 die
795 1847 992 1891 sancta:
1019 1838 1114 1891 Dei
1194 1839 1401 1891 celesim
1428 1838 1742 1891 charitatem

176 1838 313 1894 utin
344 1840 636 1894 novissimo
670 1839 754 1892 die
795 1847 992 1892 sancta":
1019 1838 1114 1891 Dei
1148 1838 1401 1892 Ecclesize
1428 1838 1746 1893 charitatem

168 1918 416 1964 mutuam
448 1910 690 1972 scindat;
723 1909 1127 1963 unanimitatem
1152 1922 1250 1976 per
1275 1907 1569 1976 quamlibet
1598 1920 1749 1959 occa-

166 1980 378 2033 sionem
437 1978 667 2041 scindat,
716 1979 921 2031 viicera
976 1978 1277 2031 dilectionis
1332 1986 1662 2044 corrumpat,
1692 1982 1750 2027 ut

169 2065 293 2103 eam
318 2064 423 2102 non
450 2048 505 2101 in
534 2062 663 2115 pace
694 2047 941 2116 superius
969 2056 1408 2108 commemorata,
1434 2046 1527 2100 sed
1558 2045 1748 2099 discis-

171 2133 292 2172 sam
316 2126 372 2171 et
398 2118 687 2171 laceratam
714 2115 829 2170 dies
863 2116 952 2169 ille
973 2117 1273 2170 horrendus
1299 2115 1555 2169 Inveniat.

251 2187 357 2241 Sed
383 2202 482 2240 nec
522 2186 650 2240 illud
690 2186 841 2248 latet,
868 2186 1009 2254 quod
1038 2186 1152 2254 ipse
1201 2184 1382 2238 infelix
1430 2184 1744 2247 infelicium,

173 2256 616 2324 miserrimusque
651 2256 890 2308 omnium
945 2255 1261 2308 miserorum
1300 2270 1403 2308 non
1453 2262 1627 2318 curat,
1655 2269 1751 2322 per

213 2326 468 2380 uamlibet
494 2325 832 2378 occasionem
861 2324 1213 2392 corporalem,
1240 2324 1535 2392 spiritalem
1555 2362 1568 2385 ,
1592 2338 1750 2376 mun-

213 2341 468 2380 uamunet
494 2341 832 2378 occasronem
861 2341 1213 2392 corporalem,
1240 2341 1535 2392 spiritalem
1555 2362 1568 2385 ,
1592 2341 1749 2376 mun-

176 2341 392 2457 aanam,
414 2393 847 2462 ecclesiasticam,
867 2394 918 2447 id
951 2392 1161 2448 ellicere
1185 2395 1377 2462 possit,
1401 2394 1528 2447 dum
1568 2402 1749 2445 tamen

214 2465 416 2519 uolibet
458 2474 772 2530 argumento
806 2461 922 2530 ejus
962 2464 1071 2519 Deo
1105 2464 1353 2531 placitam
1407 2474 1648 2515 mutuam
1696 2461 1750 2513 in

214 2479 416 2519 uounet
458 2479 772 2530 argumento
806 2479 922 2530 ejus
962 2479 1071 2519 ueo
1105 2479 1353 2531 plaCllam
1407 2479 1648 2515 muzuam
1696 2479 1750 2513 ιιι

176 2479 448 2603 giligendo
476 2533 797 2603 soliditatem
825 2533 1070 2603 scindere
1107 2534 1311 2603 valeat;
1363 2541 1411 2586 et
1460 2548 1582 2603 cum
1608 2531 1751 2603 uni-

178 2601 369 2656 versus
389 2604 438 2656 ei
468 2602 863 2657 ecclesiasticus
888 2602 1019 2655 ordo
1048 2602 1242 2655 merito
1269 2603 1486 2655 obviare
1539 2601 1749 2664 debeat,

178 2672 357 2727 nullus
383 2665 561 2726 tamen
585 2673 684 2725 sub
713 2672 814 2725 hac
833 2671 1135 2724 conditione
1151 2669 1339 2737 majori
1368 2670 1752 2738 constringitur

179 2741 380 2806 debito,
414 2757 575 2810 quam
604 2741 692 2795 ille
726 2741 819 2809 qui
859 2748 1010 2792 tanto
1048 2740 1099 2792 in
1135 2742 1260 2793 sede
1305 2741 1592 2808 apostolica
1636 2739 1753 2810 illo7

178 2825 301 2863 rum
349 2808 668 2865 auctoritate
709 2808 809 2878 pro
838 2825 1024 2863 eorum
1051 2810 1350 2865 reveren'ia
1380 2810 1433 2863 in
1463 2808 1753 2862 universali

178 2881 403 2943 mundo,
431 2896 495 2933 ac
531 2880 641 2949 tali
664 2879 918 2932 honorari
961 2879 1155 2931 meruit
1193 2879 1493 2949 privilegio.
1528 2878 1627 2944 Qui
1673 2887 1753 2949 ta—

178 2964 307 3003 men
359 2948 678 3002 universalis
721 2949 915 3001 merito
962 2963 1066 3001 non
1115 2949 1342 3012 dicitur,
1395 2948 1439 3002 Si
1489 2964 1585 3017 pro
1633 2948 1754 3001 uni-

182 3018 383 3071 versali
431 3018 683 3072 Ecclesiae
730 3026 871 3072 statu
918 3018 1372 3087 viribus,quibus
1418 3019 1590 3083 valet,
1643 3033 1752 3072 non

183 3088 531 3156 agonizatur.
618 3124 621 3127 λ

254 3156 404 3219 Haec,
433 3157 647 3209 domine
674 3156 851 3215 Pater,
876 3170 938 3209 ac
978 3164 1091 3210 toto
1117 3156 1316 3211 mundo
1345 3157 1647 3211 venerande
1682 3164 1759 3210 at-

182 3239 289 3294 que
320 3226 613 3279 reverende
644 3225 981 3279 sanctissime
1006 3224 1266 3294 pontifex,
1286 3226 1349 3279 ad
1383 3227 1757 3280 insinuandam

185 3293 240 3347 in
269 3303 418 3367 tanta
460 3310 518 3348 re
555 3294 753 3349 mentis
781 3302 981 3349 nostra:
1032 3296 1373 3349 devotionem
1430 3298 1759 3367 prmmittere

186 3364 509 3418 studuimus.

254 3433 466 3488 Abhinc
492 3447 638 3498 vero,
668 3434 712 3487 si
739 3434 872 3489 adeo
897 3434 1262 3489 conservanda
1313 3432 1526 3487 almitas
1577 3444 1757 3498 vestra

188 3499 259 3555 ita
284 3502 528 3572 elsgerit,
555 3519 659 3557 non
684 3504 1003 3557 insinuando
1030 3503 1121 3556 sed
1151 3504 1503 3566 admonendo,
1531 3499 1760 3571 qualiter

186 3573 490 3653 communis
516 3572 1017 3653 legatio_nostr_a.ad
1058 3573 1202 3653 illam
1240 3580 1481 3653 sauctam
1529 3574 1620 3626 Dei
1657 3573 1759 3628 Ec-

189 3640 403 3711 clesiam
437 3640 812 3711 corrigendam
842 3642 999 3710 dirigi
1041 3643 1230 3710 possit,
1255 3643 1573 3696 subnectere
1606 3658 1762 3696 cura-

189 3710 380 3780 bimus,
398 3727 509 3765 non
533 3710 601 3764 ut
618 3720 816 3765 sancta}
838 3720 891 3764 et
913 3729 940 3765 a
967 3712 1073 3765 Deo
1094 3712 1231 3765 datae
1251 3712 1526 3780 sapientiae
1548 3720 1756 3771 vestrm,

189 3779 327 3848 quod
359 3782 524 3837 absit.
548 3780 707 3833 altius
746 3782 1132 3850 sublimiusque
1164 3779 1534 3850 progrediendi
1579 3782 1764 3835 termi—

190 3864 314 3902 num
336 3864 541 3917 ponere
555 3851 1082 3918 prmsumpserimus;
1114 3852 1206 3904 sed
1229 3865 1294 3903 ne
1321 3850 1393 3913 id,
1408 3852 1548 3919 quod
1569 3851 1761 3905 exinde

192 3919 340 3971 nobis
360 3920 751 3987 omnipotentis
778 3920 869 3973 Dei
898 3920 1251 3988 omnipotenti
1284 3920 1649 3975 misericordia
1696 3920 1763 3973 ad

193 3987 508 4055 obsequium
539 3998 779 4063 vestrum
827 3987 1061 4042 salutem
1100 3998 1338 4063 nostram
1383 3989 1633 4063 conferre.
1684 3989 1764 4043 di-

192 4065 346 4127 gnata
374 4065 481 4118 est,
508 4058 723 4111 silentio
755 4068 1071 4125 tegeremus,
1096 4059 1235 4113 sicut
1268 4058 1436 4111 ﬁlium
1474 4058 1633 4113 decet
1671 4074 1764 4127 pa-

195 4125 366 4208 trisﬁin
398 4127 611 4208 gremio
638 4128 902 4208 examinis
926 4129 1115 4208 _restri_
1148 4128 1550 4208 collocavilnus,
1575 4125 1763 4208 conﬁsi

194 4193 244 4247 in
272 4193 523 4259 Domino,
551 4197 836 4267 quodipse
857 4198 1007 4251 vobis
1033 4198 1242 4257 exinde,
1274 4196 1415 4265 quod
1452 4198 1555 4251 sibi
1601 4198 1764 4267 placi-

195 4270 303 4337 tum
330 4272 384 4317 et
408 4266 746 4334 aceeptabile
774 4273 874 4327 est,
896 4267 1165 4337 inspirare
1192 4267 1515 4337 dignabitur.

262 4332 377 4405 Nos
392 4332 579 4388 tamen
608 4351 714 4405 non
739 4332 1004 4404 synodnni
1025 4332 1413 4405 congreganda,
1441 4337 1554 4395 sed.
1572 4351 1759 4404 quem-

196 4402 481 4474 admodum
514 4420 544 4456 a
574 4404 725 4456 vobis
757 4391 1555 4474 postulavitanlicentiamque
1570 4391 1761 4474 agendi
1794 4391 1839 4451 Ι)

198 4473 569 4537 percepimus,
620 4488 725 4526 una
795 4489 916 4527 cmn
967 4473 1324 4528 familiaribus
1375 4475 1577 4528 nostris
1612 4473 1765 4528 ifiliis

202 4539 414 4611 vestris,
452 4551 710 4608 quantum
757 4559 853 4611 pro
894 4543 1274 4611 nmltiplicibus
1315 4542 1766 4598 sollicitudinibus

201 4607 381 4680 regni
415 4607 639 4665 diversis
699 4607 945 4679 occupati
1003 4607 1099 4680 per
1156 4612 1433 4665 intervalla
1496 4614 1767 4680 potuimus

199 4676 543 4755 considerare
576 4676 894 4755 studuimus,
912 4676 1038 4749 quid
1053 4681 1292 4755 _almitati
1321 4676 1511 4755 vestrm
1531 4682 1597 4739 de
1620 4691 1768 4755 tanta

199 4747 521 4819 necessitate
567 4750 871 4818 signiﬁcare
920 4747 1295 4819 potuissemus,
1341 4750 1573 4819 qualiter
1626 4752 1768 4805 idem

200 4816 424 4887 populus
444 4834 475 4872 a
498 4818 610 4872 Deo
624 4816 728 4887 per
748 4816 978 4873 vestram
998 4816 1396 4874 conservandus
1416 4822 1771 4875 orthodoxam

201 4885 537 4971 sunctitatem
561 4885 836 4971 ad‘veram
862 4891 1201 4971 concordiam
1226 4890 1465 4971 revocari
1485 4891 1765 4971 potuisset,

203 4959 261 5004 ut
299 4968 428 5026 vera
484 4972 619 5025 pace
669 4958 1044 5026 conglutinari,
1065 4968 1120 5013 et
1145 4960 1197 5012 in
1232 4960 1351 5023 hoc,
1381 4967 1434 5013 et
1483 4958 1535 5013 in
1591 4959 1771 5014 futuro

204 5023 392 5097 szeculo
418 5023 664 5097 omnium
692 5023 918 5081 Domino
946 5028 1156 5097 placere
1185 5030 1500 5096 potuissent.
1532 5029 1597 5083 Et
1619 5030 1773 5096 quid-

205 5092 327 5167 quid
359 5095 559 5149 exinde
588 5096 803 5167 salubre
833 5092 1055 5151 Domino
1082 5092 1377 5167 inspirante
1410 5092 1651 5152 invenire
1678 5112 1773 5167 po-

205 5161 423 5236 tuimus,
453 5165 767 5233 paternitati
792 5174 984 5221 vestra:
1016 5182 1112 5235 per
1158 5161 1451 5236 praesentes
1500 5167 1638 5220 ﬁlios
1678 5161 1774 5219 've—

206 5236 359 5309 atros,
388 5232 597 5309 fratres
631 5243 866 5309 nostros.
895 5232 1139 5305 quzedam
1159 5232 1361 5299 'dictis,
1380 5236 1619 5304 quaedam
1647 5237 1774 5290 scri-

206 5302 310 5365 ptis
334 5302 635 5358 intimando
657 5302 973 5359 direximus.

211 5405 440 5479 Epistola
472 5380 681 5469 nomine
709 5414 932 5485 Romani
970 5416 1232 5485 pontiﬁcis
1262 5372 1331 5485 ut!
1359 5413 1664 5469 Michaelem
1695 5425 1776 5469 at-

395 5499 497 5552 que
525 5484 862 5554 Theoyhilum
894 5482 1230 5555 imperatores
1254 5482 1577 5539 ercorum.

225 5669 244 5689 ο
273 5628 296 5690 ξ
330 5675 344 5695 .
384 5642 492 5698 Oro
521 5654 701 5700 autem
732 5654 783 5699 et
831 5647 1057 5701 obsecro
1089 5646 1142 5700 in
1174 5644 1426 5697 universo
1468 5646 1666 5702 mundo
1696 5628 1775 5708 (ut

1869 1771 1976 1825 eat,
2005 1765 2219 1840 quando
2244 1764 2327 1817 vel
2352 1764 2785 1840 [uniuscujufqum
2817 1769 2899 1840 vel
2927 1764 3087 1840 (quoii
3113 1769 3285 1838 majus
3312 1770 3417 1840 est)

1849 1839 2015 1885 totus
2042 1832 2220 1909 mundi
2248 1850 2471 1909 occasus
2501 1832 2827 1903 ten-mitiusve
2854 1832 3212 1902 ﬁeri-debeat;
3226 1832 3420 1909 magna

1849 1916 1951 1975 me,
1983 1909 2041 1953 ut
2073 1902 2125 1975 iu
2158 1904 2408 1975 omnibus
2436 1913 2620 1958 notum
2649 1914 2764 1969 est,
2810 1917 2963 1975 urget
2992 1902 3343 1969 necessitas:
3361 1916 3420 1967 ut

1850 1970 2123 2041 iquuod
2160 1973 2226 2024 ex
2265 1972 2446 2027 debito
2484 1975 2706 2028 reddere
2745 1970 2930 2041 debeo,
2978 1978 3174 2032 diutius
3210 1977 3421 2033 deferre

1848 2038 2110 2162 Ldiﬁ'erre]
2142 2056 2248 2094 non
2278 2044 2502 2095 audeam
2521 2084 2534 2107 ,
2569 2059 2635 2097 ne
2670 2045 2804 2100 forte
2840 2038 2988 2102 tanto
3018 2047 3297 2102 charitatis
3325 2047 3421 2100 de-

1887 2110 1961 2162 ito
1989 2110 2281 2162 subtracto.
2312 2111 2365 2162 in
2394 2123 2682 2162 consnectu
2712 2116 2896 2162 aeterni
2928 2115 3117 2162 indicis
3146 2131 3243 2162 nm
3269 2117 3421 2162 vobis

1887 2110 1961 2162 ito
1982 2110 2281 2186 subtracto,
2312 2111 2365 2164 in
2394 2123 2683 2181 conspectu
2712 2116 2898 2169 :eterni
2921 2115 3117 2184 judicis
3146 2131 3243 2186 pro
3269 2117 3422 2173 vobis

1850 2179 2100 2250 omnibus
2128 2194 2251 2233 reus
2278 2179 2583 2250 appaream.

1920 2247 2281 2323 Quamobrem
2312 2247 2429 2323 oru
2452 2250 2797 2323 velimoneo,
2842 2261 2902 2307 ut
2942 2254 3119 2323 primo
3148 2270 3233 2309 me
3264 2253 3418 2323 [Βαν.

1849 2317 2010 2386 primi
2033 2316 2162 2439 meil
2184 2320 2379 2373 summi
2404 2321 2496 2374 Dei
2525 2316 2895 2376 Ecclesizelilii
2924 2316 3148 2379 Michael
3175 2333 3229 2378 et
3251 2316 3424 2380 Theo-

1850 2387 2059 2439 nbilus.
2112 2388 2329 2439 curiosi
2374 2405 2501 2439 vero
2547 2400 2602 2439 et
2647 2392 2945 2439 sublimiter
2985 2410 3012 2439 a
3058 2396 3166 2439 nm
3202 2394 3422 2439 exaltati

1850 2387 2072 2467 philus,
2112 2387 2329 2467 gloriosi
2374 2405 2501 2443 vero
2547 2400 2602 2443 ct
2647 2392 2945 2447 sub1itniter
2985 2396 3166 2467 aADeo
3202 2394 3424 2467 exaltati

1852 2456 2628 2527 imperatoresRomanorum,
2662 2478 2765 2515 una
2798 2480 2917 2516 cum
2949 2464 3199 2518 universo
3238 2465 3423 2519 catho-

1852 2525 1955 2601 lico
1984 2526 2641 2601 nobilissimoquesenatu
2672 2546 2734 2585 ac
2764 2533 2957 2601 populo
2985 2534 3136 2588 vobis
3164 2549 3195 2586 a
3221 2534 3330 2587 Deo
3353 2534 3424 2588 ad

1852 2596 2256 2674 gubernandum
2294 2596 2615 2674 credito,_ut
2645 2616 2707 2674 ea
2725 2641 2737 2665 ,
2764 2596 3021 2674 'qtiteApro
3050 2605 3219 2658 salute
3244 2614 3426 2674 vestra

1851 2680 1919 2718 ex
1969 2665 2290 2721 auctoritate
2335 2668 2477 2721 beati
2525 2668 2705 2733 Petri,
2754 2665 2840 2728 cui
2890 2665 3148 2730 Dominus
3189 2681 3242 2726 et
3288 2673 3427 2729 Deus

1851 2741 2036 2812 noster
2057 2732 2213 2812 Jesus
2237 2735 2484 2812 Christus
2508 2732 2695 2812 claues
2712 2743 3049 2812 committere
3073 2743 3320 2812 dignatus
3344 2750 3427 2798 cst

1853 2804 2003 2873 regni
2046 2803 2302 2882 euelorum
2342 2806 2562 2882 dicens:
2598 2808 2951 2882 Quodcunque
2984 2803 3233 2882 Aligav‘éris
3271 2828 3429 2882 super

1851 2871 2064 2936 terram,
2088 2871 2303 2941 ligatum
2328 2876 2427 2947 erit
2452 2885 2499 2928 et
2528 2877 2580 2929 in
2605 2871 2760 2947 ewlis,
2784 2888 2830 2930 et
2854 2871 3193 2947 quodcunque
3216 2871 3427 2935 solveris

1853 2959 2007 3018 super
2035 2953 2245 3004 (errant,
2276 2941 2503 3018 solutum
2546 2946 2642 3018 erit
2685 2955 2755 3018 ετξ
2776 2948 2843 3018 ing
2865 2941 3015 3000 'cazlis
3047 2941 3258 3018 (Matth.
3289 2949 3424 3017 xvi),

1781 3013 2145 3114 cadmonere
2192 3022 2264 3094 et.
2291 3013 2600 3095 exhortari,
2637 3022 2708 3095 .et
2746 3016 3018 3070 insinuare
3056 3013 3426 3072 necessarium

1859 3082 2127 3135 duramus.
2156 3090 2425 3135 Datlenter
2454 3084 2701 3135 audiatis.
2742 3085 3086 3135 animumque
3116 3087 3225 3135 Deo
3259 3086 3426 3135 nlaci—

1895 3098 1925 3134 ll

1933 3083 2127 3146 ximus,
2156 3083 2425 3153 patienter
2454 3083 2701 3156 audiatis,
2742 3085 3086 3155 animumque
3116 3087 3225 3141 Deo
3259 3086 3428 3156 placi-

1858 3160 1969 3203 tum
1996 3160 2261 3213 vestrum,
2296 3168 2402 3206 non
2432 3154 2498 3207 ad
2528 3154 3015 3220 contemnendum,
3052 3157 3147 3211 sed
3192 3154 3275 3210 ad'
3296 3157 3428 3211 obe-

1857 3220 2204 3294 diendum_et_
2220 3225 2644 3294 conservandum
2670 3240 2973 3294 praeparare
2998 3227 3276 3281 studeatis.
3306 3226 3429 3281 Ideo

1858 3298 2035 3343 autem
2063 3291 2130 3365 ad
2158 3291 2513 3365 obediendum
2544 3291 2700 3365 nobis
2726 3291 3028 3362 bdrtamur,
3065 3296 3191 3365 quia
3225 3296 3423 3358 omnia,

1860 3373 1978 3427 quae
2003 3359 2158 3413 vobis
2188 3361 2253 3415 de
2288 3362 2388 3420 hac
2419 3378 2579 3417 causa
2614 3361 2808 3417 dicturi
2848 3359 3283 3429 sutnus,'tribus
3327 3366 3431 3419 hoc

1859 3429 2107 3500 capitulis
2134 3430 2505 3500 principaliter
2532 3441 2585 3486 et
2611 3434 2863 3487 ordinare
2901 3443 2955 3488 et
2991 3435 3309 3489 confirmare
3335 3449 3432 3500 pa-

1861 3499 1964 3569 rati
2002 3514 2207 3569 sumus,
2239 3499 2419 3562 idest,
2454 3502 2681 3566 ratione,
2714 3504 3057 3569 auctoritate;
3099 3512 3152 3557 et
3184 3499 3429 3569 consilio,

1861 3568 2107 3621 videlicet
2133 3571 2394 3623 rationem
2434 3572 2683 3637 texendo,
2721 3582 2774 3628 et
2802 3575 3041 3628 eamdem
3079 3574 3341 3627 rationem
3374 3568 3431 3628 in

1860 3645 2119 3706 quantum
2154 3638 2502 3702 rationabilis,
2532 3642 2780 3707 discreta,
2811 3644 3032 3698 honesta
3063 3652 3117 3697 et
3143 3644 3290 3698 utilis
3319 3642 3437 3699 fue-

1861 3709 1947 3767 rit,
1975 3708 2293 3761 aucloritate
2318 3709 2610 3776 ﬁrmando;
2644 3715 2885 3768 eamdem
2909 3729 3035 3768 vero
3058 3715 3436 3769 auctoritatem

1862 3779 2156 3831 secundum
2190 3780 2469 3834 catholica
2507 3782 2627 3835 ﬁdei
2662 3783 2937 3837 veritatem
2967 3791 3020 3838 et
3056 3784 3436 3840 rectitudinem

1863 3846 2152 3922 salubriter
2180 3848 2539 3922 intelligendo.
2558 3851 2928 3922 lAduItimum
2957 3868 3082 3922 vero
3110 3855 3237 3922 quid
3266 3854 3319 3906 in
3349 3852 3436 3922 his

1864 3915 1931 3968 ad
1961 3916 2187 3970 salutem
2218 3915 2533 3971 universalis
2557 3921 2806 3973 Ecclesia:
2834 3915 3235 3985 tenendum-sit,
3265 3920 3436 3974 consi-

1864 3984 1990 4036 lium
2024 3985 2131 4039 Deo
2157 3985 2411 4053 placitum
2442 3988 2635 4047 dando,
2669 3995 2722 4039 et
2756 3990 2893 4041 idem
2921 3991 3201 4043 consilium
3238 3989 3435 4042 conﬁr-

1866 4054 2077 4129 mando.
2119 4054 2185 4107 Et
2214 4056 2477 4129 quamvis,
2509 4064 2565 4108 ut
2591 4057 2807 4129 dignum
2834 4064 2930 4129 est,
2959 4056 3137 4129 dirina
3165 4058 3436 4129 praecellet
3478 4083 3489 4092 -

1865 4123 2192 4194 auctoritas,
2245 4124 2420 4194 primo
2462 4123 2645 4178 tamen
2685 4125 2750 4177 ad
2791 4123 3109 4194 mitigandos
3158 4123 3319 4192 atque
3366 4127 3435 4180 ad

1866 4191 2175 4245 adunandos
2201 4193 2409 4247 animos
2436 4194 2486 4246 in
2515 4194 2721 4247 diversa
2750 4191 3043 4260 tendentes,
3068 4191 3436 4249 ratiocinando

1865 4261 2112 4315 omnibus
2143 4260 2451 4318 satisfacere
2476 4263 2738 4329 volumus,
2771 4273 2828 4317 ut
2867 4278 2931 4317 eo
2966 4265 3174 4319 facilius
3210 4272 3266 4318 et
3294 4263 3434 4319 divi-

1866 4346 1991 4384 nam
2023 4332 2396 4386 auctoritatem
2445 4333 2734 4387 secundum
2770 4349 2956 4387 sanum
2998 4334 3275 4390 catholicae
3312 4333 3437 4390 ﬁdei

1865 4400 2512 4472 intellectumconcordes
2546 4403 2867 4472 suscipiant,
2911 4420 2973 4457 ac
3004 4405 3195 4459 deinde
3225 4412 3437 4460 certum

1865 4471 2019 4546 nobis
2045 4471 2570 4546 consiliumsuavius
2596 4471 3004 4541 amplectantur,
3027 4475 3440 4546 amplexumque

1866 4539 1921 4592 in
1949 4539 2063 4594 futu
2073 4557 2130 4594 ro
2158 4542 2482 4595 custodiant.

1937 4608 2091 4690 Apud
2122 4625 2308 4664 omnes
2335 4612 2494 4682 igitur
2527 4610 2682 4690 hujus
2715 4622 2914 4690 sancta:
2947 4614 3307 4690 Occidentalis
3337 4615 3441 4671 Ec-

1868 4678 2075 4753 glesile,
2119 4678 2708 4753 quaese'auctoritate
2754 4686 3029 4739 beatorum
3077 4685 3439 4753 apostolorum

1868 4748 2017 4825 Pctri
2042 4757 2095 4800 et
2119 4747 2291 4825 Pauli,
2329 4749 2843 4825 largienteDomino
2881 4754 3024 4821 ﬁdei,
3054 4747 3167 4824 sp'ei
3186 4796 3201 4818 ,
3230 4763 3286 4811 et
3314 4756 3443 4811 cha-

1871 4817 2045 4873 ritatis
2091 4818 2380 4895 sumpsisse
2416 4817 2705 4895 exordium
2744 4817 3021 4895 gloriatur,
3072 4817 3144 4879 ita
3184 4817 3443 4879 hactenus

1871 4902 1969 4967 per
1990 4887 2212 4967 eosdem
2248 4889 2517 4967 apostolos
2553 4887 2870 4961 protegcnte
2898 4895 3111 4967 _Spirilu
3150 4900 3355 4967 sancto,
3390 4899 3444 4944 et

1872 4956 2485 5031 ipsis_lutet'cedenttlius
2520 4956 2582 5014 ac
2613 4956 3031 5031 protegentibus,
3065 4961 3131 5013 ab
3160 4961 3306 5013 omni
3342 4959 3444 5019 hac:

1873 5025 1978 5098 resi
2008 5025 2240 5098 illibata,
2269 5042 2409 5082 nunc
2439 5025 2953 5098 usqudconsérvata
2982 5038 3095 5098 est,
3128 5036 3185 5081 ut
3213 5043 3321 5098 non
3340 5042 3441 5098 so-

1874 5094 1982 5163 lum
2027 5095 2141 5162 ipsa
2177 5095 2243 5148 ad
2278 5094 2548 5163 quodlibet
2577 5100 2777 5154 erroris
2810 5097 3178 5152 diverticulum
3222 5096 3444 5151 minime

1874 5162 2195 5225 declinaret,
2230 5162 2329 5234 sed
2369 5167 2546 5234 potius
2582 5182 2768 5221 omnes
2807 5181 2838 5219 a
2881 5174 3025 5219 recto
3060 5166 3183 5221 ﬁdei
3227 5166 3444 5234 tramite

1872 5246 2086 5299 quoquo
2122 5232 2280 5287 modo
2309 5232 2604 5297 deviantes,
2643 5252 2739 5305 per
2768 5235 3098 5305 orthodoxos
3131 5233 3445 5291 earumdem

1875 5315 2217 5377 successores
2250 5307 2527 5377 toto_orbe
2556 5302 2921 5377 terrarumad
2947 5306 3348 5377 rectitudinem"

1868 5369 1982 5421 tius
2008 5376 2303 5445 revocaret.
2340 5372 2529 5445 _’l_‘estis
2572 5374 2713 5425 enim
2756 5370 2915 5445 hujus
2958 5372 3036 5426 rei
3078 5389 3183 5445 non
3222 5368 3451 5445 quilibet

1875 5437 2118 5510 angulus,
2153 5442 2246 5494 sed
2275 5441 2420 5495 orbis
2457 5446 2721 5493 terrarum
2749 5437 3050 5505 universus,
3081 5442 3205 5510 quia
3232 5437 3455 5510 quoties

1877 5504 2010 5562 tales
2030 5523 2127 5578 per
2145 5510 2397 5586 mundum
2422 5510 2799 5586 perceptiones
2819 5504 3267 5586 [persecittiontgsj
3291 5512 3459 5586 [ptitur

1878 5585 1999 5631 sunt
2017 5569 2047 5633 .’
2069 5593 2187 5646 qua:
2221 5578 2286 5629 ad
2320 5569 2620 5646 periculum
2668 5579 2788 5632 ﬁdei
2821 5569 3156 5632 ἳιηίνεῑδειιὶε
3193 5569 3463 5633 Εὲοιθεὶίιδ

1880 5644 2158 5702 imminere
2184 5644 2531 5715 putabantur,
2565 5648 2635 5705 ob
2665 5646 3037 5705 inveniendam
3072 5649 3469 5706 inventamque
