  <div class='ocr_page' id='page_1' title='image "/cluster/home/n/w/nwhite01/storage/ocr_20150623/98/uva.x000827056/677.png"; bbox 0 0 3992 6172; ppageno 0'>
   <div class='ocr_carea' id='block_1_1' title="bbox 540 281 678 337">
    <p class='ocr_par' dir='ltr' id='par_1_1' title="bbox 540 281 678 337">
     <span class='ocr_line' id='line_1_1' title="bbox 540 281 678 337; baseline 0 -1"><span class='ocrx_word' id='word_1_1' title='bbox 540 281 678 337; x_wconf 62' lang='grc'><strong>1559</strong></span> 
     </span>
    </p>
   </div>
   <div class='ocr_carea' id='block_1_2' title="bbox 1417 262 2897 327">
    <p class='ocr_par' dir='ltr' id='par_1_2' title="bbox 1417 262 2897 327">
     <span class='ocr_line' id='line_1_2' title="bbox 1417 262 2897 327; baseline -0.006 -1"><span class='ocrx_word' id='word_1_2' title='bbox 1417 271 1479 326; x_wconf 84' lang='grc' dir='ltr'><strong>Β.</strong></span> <span class='ocrx_word' id='word_1_3' title='bbox 1509 267 1760 327; x_wconf 78' lang='lat' dir='ltr'><strong>CAROLI</strong></span> <span class='ocrx_word' id='word_1_4' title='bbox 1796 264 2011 322; x_wconf 75' lang='lat' dir='ltr'><strong>MAGNI</strong></span> <span class='ocrx_word' id='word_1_5' title='bbox 2047 264 2196 321; x_wconf 84' lang='lat' dir='ltr'><strong>OPP.</strong></span> <span class='ocrx_word' id='word_1_6' title='bbox 2238 263 2418 320; x_wconf 78' lang='lat' dir='ltr'><strong>PARS</strong></span> <span class='ocrx_word' id='word_1_7' title='bbox 2455 264 2517 320; x_wconf 88' lang='lat' dir='ltr'><strong>ll.</strong></span> <span class='ocrx_word' id='word_1_8' title='bbox 2556 262 2799 320; x_wconf 82' lang='lat' dir='ltr'><strong>SECTIO</strong></span> <span class='ocrx_word' id='word_1_9' title='bbox 2833 263 2897 318; x_wconf 79' lang='lat' dir='ltr'><strong>ll.</strong></span> 
     </span>
    </p>
   </div>
   <div class='ocr_carea' id='block_1_3' title="bbox 3640 266 3781 321">
    <p class='ocr_par' dir='ltr' id='par_1_3' title="bbox 3640 266 3781 321">
     <span class='ocr_line' id='line_1_3' title="bbox 3640 266 3781 321; baseline 0.007 -1"><span class='ocrx_word' id='word_1_10' title='bbox 3640 266 3781 321; x_wconf 67' lang='grc'><strong>1380</strong></span> 
     </span>
    </p>
   </div>
   <div class='ocr_carea' id='block_1_4' title="bbox 536 373 3784 445">
    <p class='ocr_par' dir='ltr' id='par_1_4' title="bbox 536 373 3784 445">
     <span class='ocr_line' id='line_1_4' title="bbox 536 373 3784 445; baseline -0.003 0"><span class='ocrx_word' id='word_1_11' title='bbox 536 384 955 445; x_wconf 80' lang='lat' dir='ltr'><strong>conservandam</strong></span> <span class='ocrx_word' id='word_1_12' title='bbox 981 382 1255 439; x_wconf 66' lang='lat' dir='ltr'><strong>catholicae</strong></span> <span class='ocrx_word' id='word_1_13' title='bbox 1282 378 1406 435; x_wconf 89' lang='lat' dir='ltr'><strong>ﬁdei</strong></span> <span class='ocrx_word' id='word_1_14' title='bbox 1431 379 1733 442; x_wconf 74' lang='lat' dir='ltr'><strong>veritatem,</strong></span> <span class='ocrx_word' id='word_1_15' title='bbox 1765 390 1977 445; x_wconf 83' lang='lat' dir='ltr'><strong>semper</strong></span> <span class='ocrx_word' id='word_1_16' title='bbox 1998 375 2103 430; x_wconf 90' lang='lat' dir='ltr'><strong>hoc</strong></span> <span class='ocrx_word' id='word_1_17' title='bbox 2129 381 2179 441; x_wconf 75' lang='grc' dir='ltr'>Α</span> <span class='ocrx_word' id='word_1_18' title='bbox 2205 374 2450 445; x_wconf 87' lang='lat' dir='ltr'><strong>devincta</strong></span> <span class='ocrx_word' id='word_1_19' title='bbox 2479 380 2622 435; x_wconf 88' lang='lat' dir='ltr'><strong>sunt,</strong></span> <span class='ocrx_word' id='word_1_20' title='bbox 2654 373 3004 445; x_wconf 25' lang='lat' dir='ltr'><strong>illudidiaboli</strong></span> <span class='ocrx_word' id='word_1_21' title='bbox 3031 374 3194 429; x_wconf 88' lang='lat' dir='ltr'><strong>telum</strong></span> <span class='ocrx_word' id='word_1_22' title='bbox 3224 376 3293 430; x_wconf 90' lang='lat' dir='ltr'><strong>ab</strong></span> <span class='ocrx_word' id='word_1_23' title='bbox 3317 375 3506 431; x_wconf 87' lang='lat' dir='ltr'><strong>eadem</strong></span> <span class='ocrx_word' id='word_1_24' title='bbox 3535 377 3784 435; x_wconf 73' lang='lat' dir='ltr'><strong>Ecclesia</strong></span> 
     </span>
    </p>
   </div>
   <div class='ocr_carea' id='block_1_5' title="bbox 537 445 2103 527">
    <p class='ocr_par' dir='ltr' id='par_1_5' title="bbox 537 445 2103 527">
     <span class='ocr_line' id='line_1_5' title="bbox 537 445 2103 527; baseline -0.01 -14"><span class='ocrx_word' id='word_1_25' title='bbox 537 454 852 527; x_wconf 82' lang='lat' dir='ltr'><strong>universalis</strong></span> <span class='ocrx_word' id='word_1_26' title='bbox 868 454 1118 527; x_wconf 71' lang='lat' dir='ltr'><strong>Ecclesia</strong></span> <span class='ocrx_word' id='word_1_27' title='bbox 1136 493 1150 517; x_wconf 92' lang='lat'><strong>,</strong></span> <span class='ocrx_word' id='word_1_28' title='bbox 1185 456 1450 521; x_wconf 69' lang='lat' dir='ltr'><strong>praesente</strong></span> <span class='ocrx_word' id='word_1_29' title='bbox 1475 449 1545 503; x_wconf 92' lang='lat' dir='ltr'><strong>ob</strong></span> <span class='ocrx_word' id='word_1_30' title='bbox 1573 446 1734 516; x_wconf 84' lang='lat' dir='ltr'><strong>hujus</strong></span> <span class='ocrx_word' id='word_1_31' title='bbox 1759 445 2103 527; x_wconf 46' lang='lat' dir='ltr'><strong>sanctitatem</strong></span> 
     </span>
    </p>
   </div>
   <div class='ocr_carea' id='block_1_6' title="bbox 534 514 2105 593">
    <p class='ocr_par' dir='ltr' id='par_1_6' title="bbox 534 514 2105 593">
     <span class='ocr_line' id='line_1_6' title="bbox 534 514 2105 593; baseline -0.01 -9"><span class='ocrx_word' id='word_1_32' title='bbox 534 526 677 584; x_wconf 80' lang='lat' dir='ltr'><strong>sedis</strong></span> <span class='ocrx_word' id='word_1_33' title='bbox 707 523 977 593; x_wconf 91' lang='lat' dir='ltr'><strong>pontiﬁce,</strong></span> <span class='ocrx_word' id='word_1_34' title='bbox 1009 532 1101 576; x_wconf 89' lang='lat' dir='ltr'><strong>aut</strong></span> <span class='ocrx_word' id='word_1_35' title='bbox 1128 514 1276 593; x_wconf 70' lang='lat' dir='ltr'><strong>certe</strong></span> <span class='ocrx_word' id='word_1_36' title='bbox 1306 533 1429 573; x_wconf 89' lang='lat' dir='ltr'><strong>cum</strong></span> <span class='ocrx_word' id='word_1_37' title='bbox 1465 514 1729 573; x_wconf 82' lang='lat' dir='ltr'><strong>consensu</strong></span> <span class='ocrx_word' id='word_1_38' title='bbox 1757 514 1904 569; x_wconf 90' lang='lat' dir='ltr'><strong>illius</strong></span> <span class='ocrx_word' id='word_1_39' title='bbox 1926 514 2105 593; x_wconf 76' lang='lat' dir='ltr'><strong>verbis</strong></span> 
     </span>
    </p>
   </div>
   <div class='ocr_carea' id='block_1_7' title="bbox 533 583 2105 662">
    <p class='ocr_par' dir='ltr' id='par_1_7' title="bbox 533 583 2105 662">
     <span class='ocr_line' id='line_1_7' title="bbox 533 583 2105 662; baseline -0.008 -13"><span class='ocrx_word' id='word_1_40' title='bbox 533 594 620 650; x_wconf 88' lang='lat' dir='ltr'><strong>vel</strong></span> <span class='ocrx_word' id='word_1_41' title='bbox 648 583 844 649; x_wconf 74' lang='lat' dir='ltr'><strong>litteris</strong></span> <span class='ocrx_word' id='word_1_42' title='bbox 868 583 1115 662; x_wconf 89' lang='lat' dir='ltr'><strong>porrecto</strong></span> <span class='ocrx_word' id='word_1_43' title='bbox 1137 590 1429 662; x_wconf 85' lang='lat' dir='ltr'><strong>corrigere,</strong></span> <span class='ocrx_word' id='word_1_44' title='bbox 1453 593 1864 656; x_wconf 88' lang='lat' dir='ltr'><strong>porrectumque</strong></span> <span class='ocrx_word' id='word_1_45' title='bbox 1887 583 1956 638; x_wconf 89' lang='lat' dir='ltr'><strong>ad</strong></span> <span class='ocrx_word' id='word_1_46' title='bbox 1982 599 2105 638; x_wconf 87' lang='lat' dir='ltr'><strong>con-</strong></span> 
     </span>
    </p>
   </div>
   <div class='ocr_carea' id='block_1_8' title="bbox 533 657 1437 721">
    <p class='ocr_par' dir='ltr' id='par_1_8' title="bbox 533 657 1437 721">
     <span class='ocr_line' id='line_1_8' title="bbox 533 657 1437 721; baseline -0.011 -1"><span class='ocrx_word' id='word_1_47' title='bbox 533 664 857 721; x_wconf 83' lang='lat' dir='ltr'><strong>servandum</strong></span> <span class='ocrx_word' id='word_1_48' title='bbox 869 657 1119 716; x_wconf 63' lang='lat' dir='ltr'><strong>&#39;statuere</strong></span> <span class='ocrx_word' id='word_1_49' title='bbox 1142 657 1437 716; x_wconf 79' lang='lat' dir='ltr'><strong>consuevit.</strong></span> 
     </span>
    </p>
   </div>
   <div class='ocr_carea' id='block_1_9' title="bbox 605 728 2002 806">
    <p class='ocr_par' dir='ltr' id='par_1_9' title="bbox 605 728 2002 806">
     <span class='ocr_line' id='line_1_9' title="bbox 605 728 2002 806; baseline -0.007 -19"><span class='ocrx_word' id='word_1_50' title='bbox 605 732 780 806; x_wconf 86' lang='lat' dir='ltr'><strong>Simili</strong></span> <span class='ocrx_word' id='word_1_51' title='bbox 807 730 966 806; x_wconf 85' lang='lat' dir='ltr'><strong>modo</strong></span> <span class='ocrx_word' id='word_1_52' title='bbox 988 731 1150 806; x_wconf 80' lang='lat' dir='ltr'><strong>etiam</strong></span> <span class='ocrx_word' id='word_1_53' title='bbox 1171 736 1226 806; x_wconf 84' lang='lat' dir='ltr'><strong>et</strong></span> <span class='ocrx_word' id='word_1_54' title='bbox 1248 728 1304 806; x_wconf 78' lang='lat' dir='ltr'><strong>in</strong></span> <span class='ocrx_word' id='word_1_55' title='bbox 1325 728 1571 806; x_wconf 48' lang='lat' dir='ltr'><strong>his,ﬂqu:e</strong></span> <span class='ocrx_word' id='word_1_56' title='bbox 1592 728 1660 806; x_wconf 75' lang='lat' dir='ltr'><strong>ad</strong></span> <span class='ocrx_word' id='word_1_57' title='bbox 1681 728 2002 806; x_wconf 78' lang='lat' dir='ltr'><strong>conservand</strong></span> 
     </span>
    </p>
   </div>
   <div class='ocr_carea' id='block_1_10' title="bbox 535 794 2106 866">
    <p class='ocr_par' dir='ltr' id='par_1_10' title="bbox 535 794 2106 866">
     <span class='ocr_line' id='line_1_10' title="bbox 535 794 2106 866; baseline -0.01 -7"><span class='ocrx_word' id='word_1_58' title='bbox 535 805 592 860; x_wconf 90' lang='lat' dir='ltr'><strong>in</strong></span> <span class='ocrx_word' id='word_1_59' title='bbox 628 801 876 857; x_wconf 85' lang='lat' dir='ltr'><strong>humanis</strong></span> <span class='ocrx_word' id='word_1_60' title='bbox 910 800 1119 855; x_wconf 90' lang='lat' dir='ltr'><strong>actibus</strong></span> <span class='ocrx_word' id='word_1_61' title='bbox 1147 796 1387 866; x_wconf 87' lang='lat' dir='ltr'><strong>ejusdem</strong></span> <span class='ocrx_word' id='word_1_62' title='bbox 1427 794 1685 866; x_wconf 52' lang='lat' dir='ltr'><strong>Ecclesia;</strong></span> <span class='ocrx_word' id='word_1_63' title='bbox 1717 794 2106 866; x_wconf 54' lang='lat' dir='ltr'><strong>inconiamina:</strong></span> 
     </span>
    </p>
   </div>
   <div class='ocr_carea' id='block_1_11' title="bbox 533 860 2106 936">
    <p class='ocr_par' dir='ltr' id='par_1_11' title="bbox 533 860 2106 936">
     <span class='ocr_line' id='line_1_11' title="bbox 533 860 2106 936; baseline -0.009 -9"><span class='ocrx_word' id='word_1_64' title='bbox 533 872 697 928; x_wconf 81' lang='lat' dir='ltr'><strong>bilem</strong></span> <span class='ocrx_word' id='word_1_65' title='bbox 727 878 961 936; x_wconf 89' lang='lat' dir='ltr'><strong>statum,</strong></span> <span class='ocrx_word' id='word_1_66' title='bbox 1002 860 1342 930; x_wconf 74' lang='lat' dir='ltr'><strong>moderante,</strong></span> <span class='ocrx_word' id='word_1_67' title='bbox 1389 880 1496 936; x_wconf 80' lang='lat' dir='ltr'><strong>non</strong></span> <span class='ocrx_word' id='word_1_68' title='bbox 1518 863 1764 936; x_wconf 85' lang='lat' dir='ltr'><strong>qualibet</strong></span> <span class='ocrx_word' id='word_1_69' title='bbox 1800 860 1990 936; x_wconf 79' lang='lat' dir='ltr'><strong>dolosa</strong></span> <span class='ocrx_word' id='word_1_70' title='bbox 2021 860 2106 915; x_wconf 86' lang='lat' dir='ltr'><strong>vel</strong></span> 
     </span>
    </p>
   </div>
   <div class='ocr_carea' id='block_1_12' title="bbox 535 930 2107 1007">
    <p class='ocr_par' dir='ltr' id='par_1_12' title="bbox 535 930 2107 1007">
     <span class='ocr_line' id='line_1_12' title="bbox 535 930 2107 1007; baseline -0.008 -9"><span class='ocrx_word' id='word_1_71' title='bbox 535 939 825 1007; x_wconf 82' lang='lat' dir='ltr'><strong>sophistica</strong></span> <span class='ocrx_word' id='word_1_72' title='bbox 843 980 858 1004; x_wconf 92' lang='lat'><strong>,</strong></span> <span class='ocrx_word' id='word_1_73' title='bbox 886 930 986 994; x_wconf 81' lang='lat' dir='ltr'><strong>nec</strong></span> <span class='ocrx_word' id='word_1_74' title='bbox 1009 954 1118 996; x_wconf 86' lang='lat' dir='ltr'><strong>non</strong></span> <span class='ocrx_word' id='word_1_75' title='bbox 1145 935 1341 1007; x_wconf 84' lang='lat' dir='ltr'><strong>duplici</strong></span> <span class='ocrx_word' id='word_1_76' title='bbox 1364 930 1667 1007; x_wconf 69' lang='lat' dir='ltr'><strong>calliditate</strong></span> <span class='ocrx_word' id='word_1_77' title='bbox 1684 972 1698 995; x_wconf 92' lang='lat'><strong>,</strong></span> <span class='ocrx_word' id='word_1_78' title='bbox 1743 931 1839 1007; x_wconf 83' lang='lat' dir='ltr'><strong>sed</strong></span> <span class='ocrx_word' id='word_1_79' title='bbox 1876 930 2107 1007; x_wconf 75' lang='lat' dir='ltr'><strong>veritate</strong></span> 
     </span>
    </p>
   </div>
   <div class='ocr_carea' id='block_1_13' title="bbox 535 956 2109 1084">
    <p class='ocr_par' dir='ltr' id='par_1_13' title="bbox 535 956 2109 1084">
     <span class='ocr_line' id='line_1_13' title="bbox 535 956 2107 1007; baseline -0.008 -9"><span class='ocrx_word' id='word_1_80' title='bbox 535 956 597 998; x_wconf 78' lang='lat'><strong>80</strong></span> <span class='ocrx_word' id='word_1_81' title='bbox 637 956 825 995; x_wconf 84' lang='lat' dir='ltr'><strong>msuca</strong></span> <span class='ocrx_word' id='word_1_82' title='bbox 843 980 858 1004; x_wconf 86' lang='lat'><strong>,</strong></span> <span class='ocrx_word' id='word_1_83' title='bbox 886 956 986 994; x_wconf 90' lang='lat' dir='ltr'><strong>nec</strong></span> <span class='ocrx_word' id='word_1_84' title='bbox 1009 956 1118 996; x_wconf 85' lang='lat' dir='ltr'><strong>non</strong></span> <span class='ocrx_word' id='word_1_85' title='bbox 1145 956 1341 1007; x_wconf 72' lang='lat' dir='ltr'><strong>aupncn</strong></span> <span class='ocrx_word' id='word_1_86' title='bbox 1373 956 1698 995; x_wconf 78' lang='lat' dir='ltr'><strong>catltuttatc,</strong></span> <span class='ocrx_word' id='word_1_87' title='bbox 1743 956 1839 986; x_wconf 72' lang='lat' dir='ltr'><strong>seu</strong></span> <span class='ocrx_word' id='word_1_88' title='bbox 1882 956 2107 985; x_wconf 71' lang='lat' dir='ltr'><strong>veritate</strong></span> 
     </span>
     <span class='ocr_line' id='line_1_14' title="bbox 535 956 2109 1084; baseline -0.008 -19"><span class='ocrx_word' id='word_1_89' title='bbox 535 956 764 1069; x_wconf 47' lang='lat' dir='ltr'><strong>subnixa</strong></span> <span class='ocrx_word' id='word_1_90' title='bbox 782 1049 797 1073; x_wconf 94' lang='lat'><strong>,</strong></span> <span class='ocrx_word' id='word_1_91' title='bbox 841 1008 1069 1084; x_wconf 77' lang='lat' dir='ltr'><strong>simplici</strong></span> <span class='ocrx_word' id='word_1_92' title='bbox 1094 1008 1332 1084; x_wconf 77' lang='lat' dir='ltr'><strong>ratione,</strong></span> <span class='ocrx_word' id='word_1_93' title='bbox 1362 1004 1585 1084; x_wconf 69' lang='lat' dir='ltr'><strong>ipsaque</strong></span> <span class='ocrx_word' id='word_1_94' title='bbox 1614 1001 1966 1084; x_wconf 84' lang='lat' dir='ltr'><strong>discretione,</strong></span> <span class='ocrx_word' id='word_1_95' title='bbox 1997 1000 2109 1084; x_wconf 48' lang='lat' dir='ltr'><strong>‘ho-</strong></span> 
     </span>
    </p>
   </div>
   <div class='ocr_carea' id='block_1_14' title="bbox 533 1070 2106 1151">
    <p class='ocr_par' dir='ltr' id='par_1_14' title="bbox 533 1070 2106 1151">
     <span class='ocr_line' id='line_1_15' title="bbox 533 1070 2106 1151; baseline -0.01 -16"><span class='ocrx_word' id='word_1_96' title='bbox 533 1087 764 1151; x_wconf 87' lang='lat' dir='ltr'><strong>nestate,</strong></span> <span class='ocrx_word' id='word_1_97' title='bbox 784 1070 1035 1151; x_wconf 68' lang='lat' dir='ltr'><strong>utilitate,</strong></span> <span class='ocrx_word' id='word_1_98' title='bbox 1056 1076 1260 1147; x_wconf 88' lang='lat' dir='ltr'><strong>pariter</strong></span> <span class='ocrx_word' id='word_1_99' title='bbox 1279 1070 1540 1128; x_wconf 82' lang='lat' dir='ltr'><strong>inradiata</strong></span> <span class='ocrx_word' id='word_1_100' title='bbox 1559 1070 1785 1151; x_wconf 73' lang='lat' dir='ltr'><strong>raiione,</strong></span> <span class='ocrx_word' id='word_1_101' title='bbox 1808 1070 2106 1151; x_wconf 73' lang='lat' dir='ltr'><strong>nonsolum</strong></span> 
     </span>
    </p>
   </div>
   <div class='ocr_carea' id='block_1_15' title="bbox 468 1138 2107 1212">
    <p class='ocr_par' dir='ltr' id='par_1_15' title="bbox 468 1138 2107 1212">
     <span class='ocr_line' id='line_1_16' title="bbox 468 1138 2107 1212; baseline -0.007 -8"><span class='ocrx_word' id='word_1_102' title='bbox 468 1171 476 1178; x_wconf 87' lang='grc'><strong>·</strong></span> <span class='ocrx_word' id='word_1_103' title='bbox 534 1150 696 1204; x_wconf 81' lang='lat' dir='ltr'><strong>noxia</strong></span> <span class='ocrx_word' id='word_1_104' title='bbox 724 1138 806 1202; x_wconf 83' lang='lat' dir='ltr'><strong>vel</strong></span> <span class='ocrx_word' id='word_1_105' title='bbox 833 1138 1269 1211; x_wconf 26' lang='lat' dir='ltr'><strong>nociva‘fverum</strong></span> <span class='ocrx_word' id='word_1_106' title='bbox 1296 1157 1509 1212; x_wconf 88' lang='lat' dir='ltr'><strong>quoque</strong></span> <span class='ocrx_word' id='word_1_107' title='bbox 1537 1149 1589 1212; x_wconf 90' lang='lat' dir='ltr'><strong>et</strong></span> <span class='ocrx_word' id='word_1_108' title='bbox 1617 1140 1729 1208; x_wconf 91' lang='lat' dir='ltr'><strong>ipsa</strong></span> <span class='ocrx_word' id='word_1_109' title='bbox 1755 1138 2025 1209; x_wconf 84' lang='lat' dir='ltr'><strong>superﬂua</strong></span> <span class='ocrx_word' id='word_1_110' title='bbox 2051 1146 2107 1192; x_wconf 91' lang='lat' dir='ltr'><strong>et</strong></span> 
     </span>
    </p>
   </div>
   <div class='ocr_carea' id='block_1_16' title="bbox 534 1211 2107 1277">
    <p class='ocr_par' dir='ltr' id='par_1_16' title="bbox 534 1211 2107 1277">
     <span class='ocr_line' id='line_1_17' title="bbox 534 1211 2107 1277; baseline -0.01 -1"><span class='ocrx_word' id='word_1_111' title='bbox 534 1233 643 1276; x_wconf 87' lang='lat' dir='ltr'><strong>non</strong></span> <span class='ocrx_word' id='word_1_112' title='bbox 675 1217 978 1273; x_wconf 85' lang='lat' dir='ltr'><strong>necessaria</strong></span> <span class='ocrx_word' id='word_1_113' title='bbox 1022 1229 1268 1270; x_wconf 84' lang='lat' dir='ltr'><strong>resecare</strong></span> <span class='ocrx_word' id='word_1_114' title='bbox 1301 1211 1610 1273; x_wconf 85' lang='lat' dir='ltr'><strong>consuevit,</strong></span> <span class='ocrx_word' id='word_1_115' title='bbox 1648 1216 1701 1263; x_wconf 91' lang='lat' dir='ltr'><strong>et</strong></span> <span class='ocrx_word' id='word_1_116' title='bbox 1740 1223 1837 1273; x_wconf 90' lang='lat' dir='ltr'><strong>ea,</strong></span> <span class='ocrx_word' id='word_1_117' title='bbox 1877 1216 1937 1263; x_wconf 89' lang='lat' dir='ltr'><strong>ut</strong></span> <span class='ocrx_word' id='word_1_118' title='bbox 1968 1222 2107 1277; x_wconf 61' lang='lat' dir='ltr'><strong>prm-</strong></span> 
     </span>
    </p>
   </div>
   <div class='ocr_carea' id='block_1_17' title="bbox 537 1277 2104 1358">
    <p class='ocr_par' dir='ltr' id='par_1_17' title="bbox 537 1277 2104 1358">
     <span class='ocr_line' id='line_1_18' title="bbox 537 1277 2104 1358; baseline -0.009 -14"><span class='ocrx_word' id='word_1_119' title='bbox 537 1287 738 1358; x_wconf 87' lang='lat' dir='ltr'><strong>dictum</strong></span> <span class='ocrx_word' id='word_1_120' title='bbox 758 1295 860 1349; x_wconf 88' lang='lat' dir='ltr'><strong>est,</strong></span> <span class='ocrx_word' id='word_1_121' title='bbox 876 1285 1081 1358; x_wconf 79' lang='lat' dir='ltr'><strong>quaead</strong></span> <span class='ocrx_word' id='word_1_122' title='bbox 1104 1284 1329 1339; x_wconf 86' lang='lat' dir='ltr'><strong>salutem</strong></span> <span class='ocrx_word' id='word_1_123' title='bbox 1352 1282 1514 1358; x_wconf 80' lang='lat' dir='ltr'><strong>totius</strong></span> <span class='ocrx_word' id='word_1_124' title='bbox 1534 1278 1789 1358; x_wconf 55' lang='lat' dir='ltr'><strong>Ecclesia</strong></span> <span class='ocrx_word' id='word_1_125' title='bbox 1810 1277 2104 1358; x_wconf 78' lang='lat' dir='ltr'><strong>pertinere,</strong></span> 
     </span>
    </p>
   </div>
   <div class='ocr_carea' id='block_1_18' title="bbox 537 1347 2107 1424">
    <p class='ocr_par' dir='ltr' id='par_1_18' title="bbox 537 1347 2107 1424">
     <span class='ocr_line' id='line_1_19' title="bbox 537 1347 2107 1424; baseline -0.005 -12"><span class='ocrx_word' id='word_1_126' title='bbox 537 1365 593 1412; x_wconf 91' lang='lat' dir='ltr'><strong>et</strong></span> <span class='ocrx_word' id='word_1_127' title='bbox 633 1347 855 1424; x_wconf 87' lang='lat' dir='ltr'><strong>insuper</strong></span> <span class='ocrx_word' id='word_1_128' title='bbox 887 1347 1078 1409; x_wconf 78' lang='lat' dir='ltr'><strong>inerito</strong></span> <span class='ocrx_word' id='word_1_129' title='bbox 1116 1367 1306 1424; x_wconf 85' lang='lat' dir='ltr'><strong>cavere</strong></span> <span class='ocrx_word' id='word_1_130' title='bbox 1332 1367 1437 1424; x_wconf 83' lang='lat' dir='ltr'><strong>non</strong></span> <span class='ocrx_word' id='word_1_131' title='bbox 1467 1349 1760 1424; x_wconf 74' lang='lat' dir='ltr'><strong>debuisset,</strong></span> <span class='ocrx_word' id='word_1_132' title='bbox 1792 1347 2107 1404; x_wconf 89' lang='lat' dir='ltr'><strong>disserendo</strong></span> 
     </span>
    </p>
   </div>
   <div class='ocr_carea' id='block_1_19' title="bbox 538 1419 2110 1481">
    <p class='ocr_par' dir='ltr' id='par_1_19' title="bbox 538 1419 2110 1481">
     <span class='ocr_line' id='line_1_20' title="bbox 538 1419 2110 1481; baseline -0.008 -1"><span class='ocrx_word' id='word_1_133' title='bbox 538 1433 594 1480; x_wconf 90' lang='lat' dir='ltr'><strong>et</strong></span> <span class='ocrx_word' id='word_1_134' title='bbox 618 1419 916 1481; x_wconf 79' lang='lat' dir='ltr'><strong>ordinando</strong></span> <span class='ocrx_word' id='word_1_135' title='bbox 940 1425 1151 1479; x_wconf 88' lang='lat' dir='ltr'><strong>sancire</strong></span> <span class='ocrx_word' id='word_1_136' title='bbox 1179 1422 1335 1477; x_wconf 91' lang='lat' dir='ltr'><strong>solita</strong></span> <span class='ocrx_word' id='word_1_137' title='bbox 1360 1420 1478 1475; x_wconf 82' lang='lat' dir='ltr'><strong>fuit.</strong></span> <span class='ocrx_word' id='word_1_138' title='bbox 1510 1419 1577 1473; x_wconf 89' lang='lat' dir='ltr'><strong>Et</strong></span> <span class='ocrx_word' id='word_1_139' title='bbox 1604 1419 1707 1473; x_wconf 88' lang='lat' dir='ltr'><strong>hoc</strong></span> <span class='ocrx_word' id='word_1_140' title='bbox 1735 1433 1841 1472; x_wconf 91' lang='lat' dir='ltr'><strong>non</strong></span> <span class='ocrx_word' id='word_1_141' title='bbox 1872 1423 2110 1470; x_wconf 87' lang='lat' dir='ltr'><strong>tantum-</strong></span> 
     </span>
    </p>
   </div>
   <div class='ocr_carea' id='block_1_20' title="bbox 538 1485 2109 1559">
    <p class='ocr_par' dir='ltr' id='par_1_20' title="bbox 538 1485 2109 1559">
     <span class='ocr_line' id='line_1_21' title="bbox 538 1485 2109 1559; baseline -0.006 -10"><span class='ocrx_word' id='word_1_142' title='bbox 538 1493 699 1549; x_wconf 88' lang='lat' dir='ltr'><strong>modo</strong></span> <span class='ocrx_word' id='word_1_143' title='bbox 715 1494 793 1549; x_wconf 87' lang='lat' dir='ltr'><strong>‘de</strong></span> <span class='ocrx_word' id='word_1_144' title='bbox 818 1509 978 1549; x_wconf 89' lang='lat' dir='ltr'><strong>causa</strong></span> <span class='ocrx_word' id='word_1_145' title='bbox 1007 1493 1163 1555; x_wconf 89' lang='lat' dir='ltr'><strong>ﬁdei,</strong></span> <span class='ocrx_word' id='word_1_146' title='bbox 1196 1491 1309 1554; x_wconf 90' lang='lat' dir='ltr'><strong>vel,</strong></span> <span class='ocrx_word' id='word_1_147' title='bbox 1338 1490 1476 1545; x_wconf 87' lang='lat' dir='ltr'><strong>sicut</strong></span> <span class='ocrx_word' id='word_1_148' title='bbox 1506 1488 1843 1559; x_wconf 68' lang='lat' dir='ltr'><strong>praemissum</strong></span> <span class='ocrx_word' id='word_1_149' title='bbox 1878 1493 1992 1548; x_wconf 83' lang='lat' dir='ltr'><strong>est,</strong></span> <span class='ocrx_word' id='word_1_150' title='bbox 2042 1485 2109 1540; x_wconf 91' lang='lat' dir='ltr'><strong>de</strong></span> 
     </span>
    </p>
   </div>
   <div class='ocr_carea' id='block_1_21' title="bbox 539 1554 2109 1633">
    <p class='ocr_par' dir='ltr' id='par_1_21' title="bbox 539 1554 2109 1633">
     <span class='ocr_line' id='line_1_22' title="bbox 539 1554 2109 1633; baseline -0.006 -16"><span class='ocrx_word' id='word_1_151' title='bbox 539 1572 683 1618; x_wconf 88' lang='lat' dir='ltr'><strong>statu</strong></span> <span class='ocrx_word' id='word_1_152' title='bbox 714 1563 930 1617; x_wconf 86' lang='lat' dir='ltr'><strong>humani</strong></span> <span class='ocrx_word' id='word_1_153' title='bbox 959 1554 1191 1633; x_wconf 75' lang='lat' dir='ltr'><strong>generis.</strong></span> <span class='ocrx_word' id='word_1_154' title='bbox 1221 1558 1305 1633; x_wconf 88' lang='lat' dir='ltr'><strong>vel</strong></span> <span class='ocrx_word' id='word_1_155' title='bbox 1332 1554 1890 1633; x_wconf 39' lang='lat' dir='ltr'><strong>cursu’rcctitudinis‘,</strong></span> <span class='ocrx_word' id='word_1_156' title='bbox 1920 1570 2109 1633; x_wconf 80' lang='lat' dir='ltr'><strong>verum</strong></span> 
     </span>
    </p>
   </div>
   <div class='ocr_carea' id='block_1_22' title="bbox 540 1622 2104 1702">
    <p class='ocr_par' dir='ltr' id='par_1_22' title="bbox 540 1622 2104 1702">
     <span class='ocr_line' id='line_1_23' title="bbox 540 1622 2104 1702; baseline -0.006 -16"><span class='ocrx_word' id='word_1_157' title='bbox 540 1646 752 1702; x_wconf 89' lang='lat' dir='ltr'><strong>quoque</strong></span> <span class='ocrx_word' id='word_1_158' title='bbox 779 1632 845 1686; x_wconf 90' lang='lat' dir='ltr'><strong>de</strong></span> <span class='ocrx_word' id='word_1_159' title='bbox 867 1622 1013 1702; x_wconf 81' lang='lat' dir='ltr'><strong>omni</strong></span> <span class='ocrx_word' id='word_1_160' title='bbox 1044 1622 1456 1702; x_wconf 80' lang='lat' dir='ltr'><strong>dissensioneio</strong></span> <span class='ocrx_word' id='word_1_161' title='bbox 1490 1634 1674 1681; x_wconf 87' lang='lat' dir='ltr'><strong>sancta</strong></span> <span class='ocrx_word' id='word_1_162' title='bbox 1712 1624 1805 1679; x_wconf 91' lang='lat' dir='ltr'><strong>Dei</strong></span> <span class='ocrx_word' id='word_1_163' title='bbox 1844 1622 2104 1702; x_wconf 67' lang='lat' dir='ltr'><strong>Ecclesia,</strong></span> 
     </span>
    </p>
   </div>
   <div class='ocr_carea' id='block_1_23' title="bbox 539 1698 1899 1773">
    <p class='ocr_par' dir='ltr' id='par_1_23' title="bbox 539 1698 1899 1773">
     <span class='ocr_line' id='line_1_24' title="bbox 539 1698 1899 1773; baseline -0.007 -18"><span class='ocrx_word' id='word_1_164' title='bbox 539 1698 868 1773; x_wconf 58' lang='lat' dir='ltr'><strong>qum&#39;pacem</strong></span> <span class='ocrx_word' id='word_1_165' title='bbox 897 1701 1043 1754; x_wconf 85' lang='lat' dir='ltr'><strong>illam</strong></span> <span class='ocrx_word' id='word_1_166' title='bbox 1072 1701 1286 1773; x_wconf 86' lang='lat' dir='ltr'><strong>turbare</strong></span> <span class='ocrx_word' id='word_1_167' title='bbox 1312 1698 1611 1773; x_wconf 88' lang='lat' dir='ltr'><strong>videb_a_tur,</strong></span> <span class='ocrx_word' id='word_1_168' title='bbox 1655 1708 1817 1773; x_wconf 70' lang='lat' dir='ltr'><strong>qiiam</strong></span> <span class='ocrx_word' id='word_1_169' title='bbox 1855 1698 1899 1773; x_wconf 76' lang='lat' dir='ltr'><strong>D</strong></span> 
     </span>
    </p>
   </div>
   <div class='ocr_carea' id='block_1_24' title="bbox 538 1763 2110 1840">
    <p class='ocr_par' dir='ltr' id='par_1_24' title="bbox 538 1763 2110 1840">
     <span class='ocr_line' id='line_1_25' title="bbox 538 1763 2110 1840; baseline -0.005 -17"><span class='ocrx_word' id='word_1_170' title='bbox 538 1763 793 1839; x_wconf 75' lang='lat' dir='ltr'><strong>apostolis</strong></span> <span class='ocrx_word' id='word_1_171' title='bbox 838 1776 893 1824; x_wconf 90' lang='lat' dir='ltr'><strong>et</strong></span> <span class='ocrx_word' id='word_1_172' title='bbox 940 1780 1035 1840; x_wconf 81' lang='lat' dir='ltr'><strong>per</strong></span> <span class='ocrx_word' id='word_1_173' title='bbox 1076 1768 1345 1840; x_wconf 72' lang='lat' dir='ltr'><strong>apostolos</strong></span> <span class='ocrx_word' id='word_1_174' title='bbox 1378 1766 1545 1840; x_wconf 66' lang='lat' dir='ltr'><strong>iiobis</strong></span> <span class='ocrx_word' id='word_1_175' title='bbox 1574 1763 1822 1840; x_wconf 75' lang='lat' dir='ltr'><strong>omnibus</strong></span> <span class='ocrx_word' id='word_1_176' title='bbox 1851 1763 2110 1840; x_wconf 87' lang='lat' dir='ltr'><strong>vicariam</strong></span> 
     </span>
    </p>
   </div>
   <div class='ocr_carea' id='block_1_25' title="bbox 538 1831 2109 1912">
    <p class='ocr_par' dir='ltr' id='par_1_25' title="bbox 538 1831 2109 1912">
     <span class='ocr_line' id='line_1_26' title="bbox 538 1831 2109 1912; baseline -0.006 -18"><span class='ocrx_word' id='word_1_177' title='bbox 538 1831 837 1912; x_wconf 54' lang='lat' dir='ltr'><strong>pigesentia:</strong></span> <span class='ocrx_word' id='word_1_178' title='bbox 870 1831 978 1894; x_wconf 67' lang='lat' dir='ltr'><strong>suae</strong></span> <span class='ocrx_word' id='word_1_179' title='bbox 1004 1831 1319 1912; x_wconf 74' lang='lat' dir='ltr'><strong>deréliqoit,</strong></span> <span class='ocrx_word' id='word_1_180' title='bbox 1358 1834 1544 1912; x_wconf 77' lang='lat' dir='ltr'><strong>dicens</strong></span> <span class='ocrx_word' id='word_1_181' title='bbox 1568 1832 1807 1912; x_wconf 70' lang='lat' dir='ltr'><strong>:_Pacem</strong></span> <span class='ocrx_word' id='word_1_182' title='bbox 1843 1831 2109 1912; x_wconf 52' lang='lat' dir='ltr'><strong>nitrati-tudo</strong></span> 
     </span>
    </p>
   </div>
   <div class='ocr_carea' id='block_1_26' title="bbox 539 1900 2111 1980">
    <p class='ocr_par' dir='ltr' id='par_1_26' title="bbox 539 1900 2111 1980">
     <span class='ocr_line' id='line_1_27' title="bbox 539 1900 2111 1980; baseline -0.005 -18"><span class='ocrx_word' id='word_1_183' title='bbox 539 1900 708 1972; x_wconf 64' lang='lat' dir='ltr'><strong>nobis,</strong></span> <span class='ocrx_word' id='word_1_184' title='bbox 748 1925 926 1980; x_wconf 80' lang='lat' dir='ltr'><strong>pacem</strong></span> <span class='ocrx_word' id='word_1_185' title='bbox 954 1924 1131 1980; x_wconf 65' lang='grc' dir='ltr'><strong>πιειῃῃ</strong></span> <span class='ocrx_word' id='word_1_186' title='bbox 1153 1900 1384 1980; x_wconf 69' lang='lat' dir='ltr'><strong>rElinquo</strong></span> <span class='ocrx_word' id='word_1_187' title='bbox 1412 1904 1551 1980; x_wconf 71' lang='lat' dir='ltr'><strong>oobis</strong></span> <span class='ocrx_word' id='word_1_188' title='bbox 1580 1902 1771 1980; x_wconf 62' lang='lat' dir='ltr'><strong>(Joan.</strong></span> <span class='ocrx_word' id='word_1_189' title='bbox 1792 1900 1924 1969; x_wconf 72' lang='lat' dir='ltr'><strong>xxv).</strong></span> <span class='ocrx_word' id='word_1_190' title='bbox 1976 1900 2111 1980; x_wconf 81' lang='lat' dir='ltr'><strong>Ubi-</strong></span> 
     </span>
    </p>
   </div>
   <div class='ocr_carea' id='block_1_27' title="bbox 540 1970 2113 2058">
    <p class='ocr_par' dir='ltr' id='par_1_27' title="bbox 540 1970 2113 2058">
     <span class='ocr_line' id='line_1_28' title="bbox 540 1970 2113 2058; baseline -0.006 -25"><span class='ocrx_word' id='word_1_191' title='bbox 540 1970 759 2049; x_wconf 71' lang='lat' dir='ltr'><strong>cunque&#39;</strong></span> <span class='ocrx_word' id='word_1_192' title='bbox 774 1995 897 2058; x_wconf 80' lang='lat' dir='ltr'><strong>per</strong></span> <span class='ocrx_word' id='word_1_193' title='bbox 933 1978 1210 2058; x_wconf 70' lang='lat' dir='ltr'><strong>quodlibet</strong></span> <span class='ocrx_word' id='word_1_194' title='bbox 1243 1970 1460 2058; x_wconf 80' lang='lat' dir='ltr'><strong>pietatis</strong></span> <span class='ocrx_word' id='word_1_195' title='bbox 1497 1970 2113 2058; x_wconf 64' lang='lat' dir='ltr'><strong>argumeniomperiin-</strong></span> 
     </span>
    </p>
   </div>
   <div class='ocr_carea' id='block_1_28' title="bbox 542 2042 2110 2118">
    <p class='ocr_par' dir='ltr' id='par_1_28' title="bbox 542 2042 2110 2118">
     <span class='ocr_line' id='line_1_29' title="bbox 542 2042 2110 2118; baseline -0.007 -16"><span class='ocrx_word' id='word_1_196' title='bbox 542 2042 899 2118; x_wconf 61' lang='lat' dir='ltr'><strong>gere&#39;pottiit,</strong></span> <span class='ocrx_word' id='word_1_197' title='bbox 933 2042 1147 2115; x_wconf 77' lang='lat' dir='ltr'><strong>semper</strong></span> <span class='ocrx_word' id='word_1_198' title='bbox 1179 2042 1336 2118; x_wconf 85' lang='lat' dir='ltr'><strong>hujus</strong></span> <span class='ocrx_word' id='word_1_199' title='bbox 1369 2042 1582 2118; x_wconf 41' lang='lat' dir='ltr'><strong>sancta?</strong></span> <span class='ocrx_word' id='word_1_200' title='bbox 1597 2042 1740 2096; x_wconf 92' lang='lat' dir='ltr'><strong>sedis</strong></span> <span class='ocrx_word' id='word_1_201' title='bbox 1766 2042 1960 2118; x_wconf 74' lang='lat' dir='ltr'><strong>vicarii</strong></span> <span class='ocrx_word' id='word_1_202' title='bbox 1979 2053 2110 2107; x_wconf 88' lang='lat' dir='ltr'><strong>apo-</strong></span> 
     </span>
    </p>
   </div>
   <div class='ocr_carea' id='block_1_29' title="bbox 1452 722 2103 795">
    <p class='ocr_par' dir='ltr' id='par_1_29' title="bbox 1452 722 2103 795">
     <span class='ocr_line' id='line_1_30' title="bbox 1452 722 2103 795; baseline -0.003 -17"><span class='ocrx_word' id='word_1_203' title='bbox 1452 739 1571 795; x_wconf 75' lang='lat' dir='ltr'><strong>quae</strong></span> <span class='ocrx_word' id='word_1_204' title='bbox 1592 723 1660 795; x_wconf 83' lang='lat' dir='ltr'><strong>ad</strong></span> <span class='ocrx_word' id='word_1_205' title='bbox 1681 722 2103 795; x_wconf 84' lang='lat' dir='ltr'><strong>conservandum</strong></span> 
     </span>
    </p>
   </div>
   <div class='ocr_carea' id='block_1_30' title="bbox 540 2108 2129 2187">
    <p class='ocr_par' dir='ltr' id='par_1_30' title="bbox 540 2108 2129 2187">
     <span class='ocr_line' id='line_1_31' title="bbox 540 2108 2129 2187; baseline -0.007 -15"><span class='ocrx_word' id='word_1_206' title='bbox 540 2108 800 2172; x_wconf 69' lang='lat' dir='ltr'><strong>stolorum</strong></span> <span class='ocrx_word' id='word_1_207' title='bbox 825 2108 1068 2187; x_wconf 70' lang='lat' dir='ltr'><strong>qumdam</strong></span> <span class='ocrx_word' id='word_1_208' title='bbox 1096 2108 1395 2181; x_wconf 81' lang='lat' dir='ltr'><strong>mulcéndo,</strong></span> <span class='ocrx_word' id='word_1_209' title='bbox 1415 2111 1656 2187; x_wconf 66' lang='lat' dir='ltr'><strong>quaedam</strong></span> <span class='ocrx_word' id='word_1_210' title='bbox 1681 2125 1827 2187; x_wconf 88' lang='lat' dir='ltr'><strong>vero,</strong></span> <span class='ocrx_word' id='word_1_211' title='bbox 1853 2111 1897 2163; x_wconf 92' lang='lat' dir='ltr'><strong>si</strong></span> <span class='ocrx_word' id='word_1_212' title='bbox 1928 2108 2001 2187; x_wconf 84' lang='lat' dir='ltr'><strong>ita</strong></span> <span class='ocrx_word' id='word_1_213' title='bbox 2027 2124 2129 2187; x_wconf 76' lang='lat' dir='ltr'><strong>res.</strong></span> 
     </span>
    </p>
   </div>
   <div class='ocr_carea' id='block_1_31' title="bbox 541 2178 2113 2259">
    <p class='ocr_par' dir='ltr' id='par_1_31' title="bbox 541 2178 2113 2259">
     <span class='ocr_line' id='line_1_32' title="bbox 541 2178 2113 2259; baseline -0.006 -18"><span class='ocrx_word' id='word_1_214' title='bbox 541 2178 888 2257; x_wconf 70' lang='lat' dir='ltr'><strong>poposcisset,</strong></span> <span class='ocrx_word' id='word_1_215' title='bbox 915 2187 1127 2259; x_wconf 79' lang='lat' dir='ltr'><strong>sublimi</strong></span> <span class='ocrx_word' id='word_1_216' title='bbox 1158 2201 1223 2241; x_wconf 91' lang='lat' dir='ltr'><strong>ac</strong></span> <span class='ocrx_word' id='word_1_217' title='bbox 1251 2178 1555 2259; x_wconf 75' lang='lat' dir='ltr'><strong>veneranda</strong></span> <span class='ocrx_word' id='word_1_218' title='bbox 1584 2180 2008 2259; x_wconf 69' lang='lat' dir='ltr'><strong>aoetoriiate,_ut</strong></span> <span class='ocrx_word' id='word_1_219' title='bbox 2035 2178 2113 2259; x_wconf 90' lang='lat' dir='ltr'><strong>di-</strong></span> 
     </span>
    </p>
   </div>
   <div class='ocr_carea' id='block_1_32' title="bbox 543 2248 2115 2326">
    <p class='ocr_par' dir='ltr' id='par_1_32' title="bbox 543 2248 2115 2326">
     <span class='ocr_line' id='line_1_33' title="bbox 543 2248 2115 2326; baseline -0.005 -17"><span class='ocrx_word' id='word_1_220' title='bbox 543 2248 706 2326; x_wconf 67' lang='lat' dir='ltr'><strong>gitum</strong></span> <span class='ocrx_word' id='word_1_221' title='bbox 735 2248 882 2320; x_wconf 71' lang='lat' dir='ltr'><strong>erat,</strong></span> <span class='ocrx_word' id='word_1_222' title='bbox 903 2256 1143 2311; x_wconf 89' lang='lat' dir='ltr'><strong>docendo</strong></span> <span class='ocrx_word' id='word_1_223' title='bbox 1168 2257 1479 2326; x_wconf 85' lang='lat' dir='ltr'><strong>pariterque</strong></span> <span class='ocrx_word' id='word_1_224' title='bbox 1503 2248 1843 2322; x_wconf 63' lang='lat' dir='ltr'><strong>praedicando</strong></span> <span class='ocrx_word' id='word_1_225' title='bbox 1870 2249 1939 2304; x_wconf 90' lang='lat' dir='ltr'><strong>ad</strong></span> <span class='ocrx_word' id='word_1_226' title='bbox 1964 2248 2115 2319; x_wconf 87' lang='lat' dir='ltr'><strong>pacis</strong></span> 
     </span>
    </p>
   </div>
   <div class='ocr_carea' id='block_1_33' title="bbox 543 2325 2017 2399">
    <p class='ocr_par' dir='ltr' id='par_1_33' title="bbox 543 2325 2017 2399">
     <span class='ocr_line' id='line_1_34' title="bbox 543 2325 2017 2399; baseline -0.007 -18"><span class='ocrx_word' id='word_1_227' title='bbox 543 2325 883 2399; x_wconf 74' lang='lat' dir='ltr'><strong>Concordiam</strong></span> <span class='ocrx_word' id='word_1_228' title='bbox 912 2340 1168 2399; x_wconf 76' lang='lat' dir='ltr'><strong>revocare</strong></span> <span class='ocrx_word' id='word_1_229' title='bbox 1193 2325 1418 2399; x_wconf 75' lang='lat' dir='ltr'><strong>studuit.</strong></span> <span class='ocrx_word' id='word_1_230' title='bbox 1566 2390 1578 2399; x_wconf 82' lang='lat'>_</span> <span class='ocrx_word' id='word_1_231' title='bbox 1815 2386 1828 2399; x_wconf 45' lang='lat'><em>.</em></span> <span class='ocrx_word' id='word_1_232' title='bbox 2006 2386 2017 2399; x_wconf 44' lang='grc'><strong><em>⁸</em></strong></span> 
     </span>
    </p>
   </div>
   <div class='ocr_carea' id='block_1_34' title="bbox 613 2390 2114 2464">
    <p class='ocr_par' dir='ltr' id='par_1_34' title="bbox 613 2390 2114 2464">
     <span class='ocr_line' id='line_1_35' title="bbox 613 2390 2114 2464; baseline -0.007 -15"><span class='ocrx_word' id='word_1_233' title='bbox 613 2394 848 2461; x_wconf 81' lang='lat' dir='ltr'><strong>Quorum</strong></span> <span class='ocrx_word' id='word_1_234' title='bbox 877 2395 1079 2460; x_wconf 91' lang='lat' dir='ltr'><strong>vicem,</strong></span> <span class='ocrx_word' id='word_1_235' title='bbox 1111 2395 1509 2464; x_wconf 88' lang='lat' dir='ltr'><strong>qualescunque</strong></span> <span class='ocrx_word' id='word_1_236' title='bbox 1533 2390 1726 2464; x_wconf 22' lang='lat' dir='ltr'><strong>simius,</strong></span> <span class='ocrx_word' id='word_1_237' title='bbox 1755 2390 2114 2464; x_wconf 77' lang='lat' dir='ltr'><strong>ministerium</strong></span> 
     </span>
    </p>
   </div>
   <div class='ocr_carea' id='block_1_35' title="bbox 544 2456 2116 2540">
    <p class='ocr_par' dir='ltr' id='par_1_35' title="bbox 544 2456 2116 2540">
     <span class='ocr_line' id='line_1_36' title="bbox 544 2456 2116 2540; baseline -0.007 -22"><span class='ocrx_word' id='word_1_238' title='bbox 544 2456 726 2540; x_wconf 65' lang='lat' dir='ltr'><strong>tanien</strong></span> <span class='ocrx_word' id='word_1_239' title='bbox 763 2456 1083 2540; x_wconf 85' lang='lat' dir='ltr'><strong>auctoritate</strong></span> <span class='ocrx_word' id='word_1_240' title='bbox 1125 2456 1452 2540; x_wconf 58' lang='lat' dir='ltr'><strong>subeuntes:2</strong></span> <span class='ocrx_word' id='word_1_241' title='bbox 1501 2458 1764 2540; x_wconf 74' lang='lat' dir='ltr'><strong>charitate</strong></span> <span class='ocrx_word' id='word_1_242' title='bbox 1810 2456 2023 2540; x_wconf 65' lang='lat' dir='ltr'><strong>periter</strong></span> <span class='ocrx_word' id='word_1_243' title='bbox 2060 2462 2116 2540; x_wconf 89' lang='lat' dir='ltr'><strong>et</strong></span> 
     </span>
    </p>
   </div>
   <div class='ocr_carea' id='block_1_36' title="bbox 543 2524 2114 2593">
    <p class='ocr_par' dir='ltr' id='par_1_36' title="bbox 543 2524 2114 2593">
     <span class='ocr_line' id='line_1_37' title="bbox 543 2524 2114 2593; baseline -0.006 -4"><span class='ocrx_word' id='word_1_244' title='bbox 543 2535 732 2589; x_wconf 88' lang='lat' dir='ltr'><strong>eadem</strong></span> <span class='ocrx_word' id='word_1_245' title='bbox 761 2535 1079 2588; x_wconf 84' lang='lat' dir='ltr'><strong>auctoritate</strong></span> <span class='ocrx_word' id='word_1_246' title='bbox 1125 2532 1361 2587; x_wconf 89' lang='lat' dir='ltr'><strong>roborati</strong></span> <span class='ocrx_word' id='word_1_247' title='bbox 1402 2524 1787 2585; x_wconf 88' lang='lat' dir='ltr'><strong>dissensionem</strong></span> <span class='ocrx_word' id='word_1_248' title='bbox 1819 2524 1963 2579; x_wconf 88' lang='lat' dir='ltr'><strong>illam</strong></span> <span class='ocrx_word' id='word_1_249' title='bbox 1993 2539 2114 2593; x_wconf 75' lang='lat' dir='ltr'><strong>qua:</strong></span> 
     </span>
    </p>
   </div>
   <div class='ocr_carea' id='block_1_37' title="bbox 545 2595 2116 2674">
    <p class='ocr_par' dir='ltr' id='par_1_37' title="bbox 545 2595 2116 2674">
     <span class='ocr_line' id='line_1_38' title="bbox 545 2595 2116 2674; baseline -0.006 -16"><span class='ocrx_word' id='word_1_250' title='bbox 545 2602 683 2674; x_wconf 88' lang='lat' dir='ltr'><strong>i_nfra</strong></span> <span class='ocrx_word' id='word_1_251' title='bbox 703 2601 884 2674; x_wconf 88' lang='lat' dir='ltr'><strong>[inter]</strong></span> <span class='ocrx_word' id='word_1_252' title='bbox 902 2604 1069 2674; x_wconf 67' lang='lat' dir='ltr'><strong>ipsain</strong></span> <span class='ocrx_word' id='word_1_253' title='bbox 1090 2616 1300 2674; x_wconf 83' lang='lat' dir='ltr'><strong>semper</strong></span> <span class='ocrx_word' id='word_1_254' title='bbox 1322 2601 1430 2654; x_wconf 87' lang='lat' dir='ltr'><strong>Deo</strong></span> <span class='ocrx_word' id='word_1_255' title='bbox 1449 2595 2116 2674; x_wconf 58' lang='lat' dir='ltr'><strong>amabilemiiomanooum</strong></span> 
     </span>
    </p>
   </div>
   <div class='ocr_carea' id='block_1_38' title="bbox 545 2663 2115 2739">
    <p class='ocr_par' dir='ltr' id='par_1_38' title="bbox 545 2663 2115 2739">
     <span class='ocr_line' id='line_1_39' title="bbox 545 2663 2115 2739; baseline -0.005 -14"><span class='ocrx_word' id='word_1_256' title='bbox 545 2663 961 2739; x_wconf 64' lang='lat' dir='ltr'><strong>Graecnrumqu&#39;c</strong></span> <span class='ocrx_word' id='word_1_257' title='bbox 1004 2663 1301 2725; x_wconf 84' lang='lat' dir='ltr'><strong>Ecclesiam</strong></span> <span class='ocrx_word' id='word_1_258' title='bbox 1347 2677 1590 2739; x_wconf 77' lang='lat' dir='ltr'><strong>exortam</strong></span> <span class='ocrx_word' id='word_1_259' title='bbox 1636 2665 1824 2739; x_wconf 90' lang='lat' dir='ltr'><strong>durius</strong></span> <span class='ocrx_word' id='word_1_260' title='bbox 1870 2663 2115 2739; x_wconf 81' lang='lat' dir='ltr'><strong>eamdem</strong></span> 
     </span>
    </p>
   </div>
   <div class='ocr_carea' id='block_1_39' title="bbox 548 2734 2118 2815">
    <p class='ocr_par' dir='ltr' id='par_1_39' title="bbox 548 2734 2118 2815">
     <span class='ocr_line' id='line_1_40' title="bbox 548 2734 2118 2815; baseline -0.004 -22"><span class='ocrx_word' id='word_1_261' title='bbox 548 2734 1059 2815; x_wconf 62' lang='lat' dir='ltr'><strong>Ecclesiamnoanr</strong></span> <span class='ocrx_word' id='word_1_262' title='bbox 1077 2740 1239 2815; x_wconf 75' lang='lat' dir='ltr'><strong>saluii</strong></span> <span class='ocrx_word' id='word_1_263' title='bbox 1285 2739 1429 2793; x_wconf 89' lang='lat' dir='ltr'><strong>illius</strong></span> <span class='ocrx_word' id='word_1_264' title='bbox 1472 2737 1581 2792; x_wconf 93' lang='lat' dir='ltr'><strong>ullo</strong></span> <span class='ocrx_word' id='word_1_265' title='bbox 1626 2735 1785 2790; x_wconf 89' lang='lat' dir='ltr'><strong>modo</strong></span> <span class='ocrx_word' id='word_1_266' title='bbox 1829 2734 2118 2815; x_wconf 73' lang='lat' dir='ltr'><strong>convenire</strong></span> 
     </span>
    </p>
   </div>
   <div class='ocr_carea' id='block_1_40' title="bbox 542 2809 2111 2884">
    <p class='ocr_par' dir='ltr' id='par_1_40' title="bbox 542 2809 2111 2884">
     <span class='ocr_line' id='line_1_41' title="bbox 542 2809 2111 2884; baseline -0.003 -24"><span class='ocrx_word' id='word_1_267' title='bbox 542 2809 742 2879; x_wconf 89' lang='lat' dir='ltr'><strong>.possit,</strong></span> <span class='ocrx_word' id='word_1_268' title='bbox 776 2809 1121 2884; x_wconf 68' lang='lat' dir='ltr'><strong>scindentem</strong></span> <span class='ocrx_word' id='word_1_269' title='bbox 1162 2809 1414 2863; x_wconf 91' lang='lat' dir='ltr'><strong>diuturno</strong></span> <span class='ocrx_word' id='word_1_270' title='bbox 1459 2815 1699 2884; x_wconf 82' lang='lat' dir='ltr'><strong>tempore</strong></span> <span class='ocrx_word' id='word_1_271' title='bbox 1737 2809 2111 2884; x_wconf 76' lang='lat' dir='ltr'><strong>cognovimus,</strong></span> 
     </span>
    </p>
   </div>
   <div class='ocr_carea' id='block_1_41' title="bbox 546 2876 2118 2944">
    <p class='ocr_par' dir='ltr' id='par_1_41' title="bbox 546 2876 2118 2944">
     <span class='ocr_line' id='line_1_42' title="bbox 546 2876 2118 2944; baseline -0.005 -11"><span class='ocrx_word' id='word_1_272' title='bbox 546 2876 655 2933; x_wconf 91' lang='lat' dir='ltr'><strong>non</strong></span> <span class='ocrx_word' id='word_1_273' title='bbox 689 2876 944 2933; x_wconf 90' lang='lat' dir='ltr'><strong>audemus</strong></span> <span class='ocrx_word' id='word_1_274' title='bbox 975 2879 1274 2944; x_wconf 89' lang='lat' dir='ltr'><strong>declinare;</strong></span> <span class='ocrx_word' id='word_1_275' title='bbox 1315 2887 1374 2932; x_wconf 92' lang='lat' dir='ltr'><strong>ut</strong></span> <span class='ocrx_word' id='word_1_276' title='bbox 1402 2893 1508 2932; x_wconf 89' lang='lat' dir='ltr'><strong>non</strong></span> <span class='ocrx_word' id='word_1_277' title='bbox 1536 2876 1678 2929; x_wconf 86' lang='lat' dir='ltr'><strong>illam</strong></span> <span class='ocrx_word' id='word_1_278' title='bbox 1706 2890 1772 2930; x_wconf 82' lang='lat' dir='ltr'><strong>ex</strong></span> <span class='ocrx_word' id='word_1_279' title='bbox 1798 2876 2118 2944; x_wconf 82' lang='lat' dir='ltr'><strong>auctoritate</strong></span> 
     </span>
    </p>
   </div>
   <div class='ocr_carea' id='block_1_42' title="bbox 547 2942 2118 3018">
    <p class='ocr_par' dir='ltr' id='par_1_42' title="bbox 547 2942 2118 3018">
     <span class='ocr_line' id='line_1_43' title="bbox 547 2942 2118 3018; baseline -0.003 -17"><span class='ocrx_word' id='word_1_280' title='bbox 547 2955 823 3018; x_wconf 88' lang='lat' dir='ltr'><strong>tantorum</strong></span> <span class='ocrx_word' id='word_1_281' title='bbox 872 2948 1237 3018; x_wconf 86' lang='lat' dir='ltr'><strong>apostolorum</strong></span> <span class='ocrx_word' id='word_1_282' title='bbox 1262 2942 1353 3001; x_wconf 83' lang='lat' dir='ltr'><strong>ad</strong></span> <span class='ocrx_word' id='word_1_283' title='bbox 1403 2947 1551 3017; x_wconf 86' lang='lat' dir='ltr'><strong>pacis</strong></span> <span class='ocrx_word' id='word_1_284' title='bbox 1595 2944 1937 3018; x_wconf 71' lang='lat' dir='ltr'><strong>concordiam</strong></span> <span class='ocrx_word' id='word_1_285' title='bbox 1988 2942 2118 3013; x_wconf 88' lang='lat' dir='ltr'><strong>ipsis</strong></span> 
     </span>
    </p>
   </div>
   <div class='ocr_carea' id='block_1_43' title="bbox 548 3013 2119 3073">
    <p class='ocr_par' dir='ltr' id='par_1_43' title="bbox 548 3013 2119 3073">
     <span class='ocr_line' id='line_1_44' title="bbox 548 3013 2119 3073; baseline -0.004 -1"><span class='ocrx_word' id='word_1_286' title='bbox 548 3013 922 3073; x_wconf 61' lang='lat' dir='ltr'><strong>mediantibus&#39;</strong></span> <span class='ocrx_word' id='word_1_287' title='bbox 940 3034 1045 3073; x_wconf 93' lang='lat' dir='ltr'><strong>non</strong></span> <span class='ocrx_word' id='word_1_288' title='bbox 1075 3018 1364 3073; x_wconf 87' lang='lat' dir='ltr'><strong>debeamus</strong></span> <span class='ocrx_word' id='word_1_289' title='bbox 1404 3013 1685 3071; x_wconf 80' lang='lat' dir='ltr'><strong>advocare.</strong></span> <span class='ocrx_word' id='word_1_290' title='bbox 1734 3013 1964 3067; x_wconf 80' lang='lat' dir='ltr'><strong>Maxime</strong></span> <span class='ocrx_word' id='word_1_291' title='bbox 1989 3027 2119 3067; x_wconf 89' lang='lat' dir='ltr'><strong>vero</strong></span> 
     </span>
    </p>
   </div>
   <div class='ocr_carea' id='block_1_44' title="bbox 550 3084 2119 3156">
    <p class='ocr_par' dir='ltr' id='par_1_44' title="bbox 550 3084 2119 3156">
     <span class='ocr_line' id='line_1_45' title="bbox 550 3084 2119 3156; baseline -0.004 -13"><span class='ocrx_word' id='word_1_292' title='bbox 550 3088 605 3143; x_wconf 90' lang='lat' dir='ltr'><strong>in</strong></span> <span class='ocrx_word' id='word_1_293' title='bbox 635 3102 700 3141; x_wconf 90' lang='lat' dir='ltr'><strong>eo</strong></span> <span class='ocrx_word' id='word_1_294' title='bbox 733 3088 874 3156; x_wconf 92' lang='lat' dir='ltr'><strong>quod</strong></span> <span class='ocrx_word' id='word_1_295' title='bbox 905 3085 1144 3155; x_wconf 90' lang='lat' dir='ltr'><strong>ejusdem</strong></span> <span class='ocrx_word' id='word_1_296' title='bbox 1174 3087 1489 3141; x_wconf 62' lang='lat' dir='ltr'><strong>miserrima:</strong></span> <span class='ocrx_word' id='word_1_297' title='bbox 1518 3084 1781 3156; x_wconf 89' lang='lat' dir='ltr'><strong>dissensio</strong></span> <span class='ocrx_word' id='word_1_298' title='bbox 1814 3098 1876 3138; x_wconf 91' lang='lat' dir='ltr'><strong>ea</strong></span> <span class='ocrx_word' id='word_1_299' title='bbox 1910 3084 1982 3156; x_wconf 87' lang='lat' dir='ltr'><strong>sit</strong></span> <span class='ocrx_word' id='word_1_300' title='bbox 1995 3097 2119 3156; x_wconf 27' lang='lat' dir='ltr'><strong>Ama-</strong></span> 
     </span>
    </p>
   </div>
   <div class='ocr_carea' id='block_1_45' title="bbox 550 3152 2117 3226">
    <p class='ocr_par' dir='ltr' id='par_1_45' title="bbox 550 3152 2117 3226">
     <span class='ocr_line' id='line_1_46' title="bbox 550 3152 2117 3226; baseline -0.004 -15"><span class='ocrx_word' id='word_1_301' title='bbox 550 3157 707 3221; x_wconf 91' lang='lat' dir='ltr'><strong>teria,</strong></span> <span class='ocrx_word' id='word_1_302' title='bbox 736 3152 851 3210; x_wconf 87' lang='lat' dir='ltr'><strong>sine</strong></span> <span class='ocrx_word' id='word_1_303' title='bbox 875 3152 1001 3226; x_wconf 80' lang='lat' dir='ltr'><strong>qua,</strong></span> <span class='ocrx_word' id='word_1_304' title='bbox 1026 3158 1165 3212; x_wconf 89' lang='lat' dir='ltr'><strong>sicut</strong></span> <span class='ocrx_word' id='word_1_305' title='bbox 1190 3158 1375 3211; x_wconf 90' lang='lat' dir='ltr'><strong>multis</strong></span> <span class='ocrx_word' id='word_1_306' title='bbox 1395 3156 1626 3212; x_wconf 88' lang='lat' dir='ltr'><strong>videtur.</strong></span> <span class='ocrx_word' id='word_1_307' title='bbox 1652 3153 1798 3226; x_wconf 80' lang='lat' dir='ltr'><strong>salva</strong></span> <span class='ocrx_word' id='word_1_308' title='bbox 1824 3167 1921 3221; x_wconf 84' lang='lat' dir='ltr'><strong>per</strong></span> <span class='ocrx_word' id='word_1_309' title='bbox 1940 3152 2117 3226; x_wconf 81' lang='lat' dir='ltr'><strong>ﬁdem,</strong></span> 
     </span>
    </p>
   </div>
   <div class='ocr_carea' id='block_1_46' title="bbox 551 3221 2120 3294">
    <p class='ocr_par' dir='ltr' id='par_1_46' title="bbox 551 3221 2120 3294">
     <span class='ocr_line' id='line_1_47' title="bbox 551 3221 2120 3294; baseline -0.003 -13"><span class='ocrx_word' id='word_1_310' title='bbox 551 3240 702 3294; x_wconf 87' lang='lat' dir='ltr'><strong>spem</strong></span> <span class='ocrx_word' id='word_1_311' title='bbox 717 3264 742 3294; x_wconf 18' lang='lat'><strong>,4</strong></span> <span class='ocrx_word' id='word_1_312' title='bbox 765 3232 818 3277; x_wconf 87' lang='lat' dir='ltr'><strong>et</strong></span> <span class='ocrx_word' id='word_1_313' title='bbox 844 3221 1164 3281; x_wconf 82' lang='lat' dir='ltr'><strong>charitatem</strong></span> <span class='ocrx_word' id='word_1_314' title='bbox 1198 3227 1572 3281; x_wconf 87' lang='lat' dir='ltr'><strong>incunctanter</strong></span> <span class='ocrx_word' id='word_1_315' title='bbox 1603 3231 1656 3278; x_wconf 91' lang='lat' dir='ltr'><strong>et</strong></span> <span class='ocrx_word' id='word_1_316' title='bbox 1686 3224 1737 3294; x_wconf 90' lang='lat' dir='ltr'><strong>in</strong></span> <span class='ocrx_word' id='word_1_317' title='bbox 1769 3223 1873 3277; x_wconf 88' lang='lat' dir='ltr'><strong>hoc</strong></span> <span class='ocrx_word' id='word_1_318' title='bbox 1905 3221 2120 3287; x_wconf 64' lang='lat' dir='ltr'><strong>seculo,</strong></span> 
     </span>
    </p>
   </div>
   <div class='ocr_carea' id='block_1_47' title="bbox 550 3292 2124 3365">
    <p class='ocr_par' dir='ltr' id='par_1_47' title="bbox 550 3292 2124 3365">
     <span class='ocr_line' id='line_1_48' title="bbox 550 3292 2124 3365; baseline -0.003 -15"><span class='ocrx_word' id='word_1_319' title='bbox 550 3292 605 3350; x_wconf 79' lang='lat' dir='ltr'><strong>et</strong></span> <span class='ocrx_word' id='word_1_320' title='bbox 639 3295 693 3348; x_wconf 89' lang='lat' dir='ltr'><strong>in</strong></span> <span class='ocrx_word' id='word_1_321' title='bbox 722 3292 903 3365; x_wconf 85' lang='lat' dir='ltr'><strong>futuro</strong></span> <span class='ocrx_word' id='word_1_322' title='bbox 931 3295 1126 3365; x_wconf 90' lang='lat' dir='ltr'><strong>salvari</strong></span> <span class='ocrx_word' id='word_1_323' title='bbox 1153 3304 1330 3365; x_wconf 88' lang='lat' dir='ltr'><strong>potest</strong></span> <span class='ocrx_word' id='word_1_324' title='bbox 1357 3294 1617 3365; x_wconf 87' lang='lat' dir='ltr'><strong>Ecclesia.</strong></span> <span class='ocrx_word' id='word_1_325' title='bbox 1663 3292 1915 3365; x_wconf 77' lang='lat' dir='ltr'><strong>Quorum</strong></span> <span class='ocrx_word' id='word_1_326' title='bbox 1931 3306 2124 3365; x_wconf 79' lang='lat' dir='ltr'><strong>seosus</strong></span> 
     </span>
    </p>
   </div>
   <div class='ocr_carea' id='block_1_48' title="bbox 551 3360 2124 3433">
    <p class='ocr_par' dir='ltr' id='par_1_48' title="bbox 551 3360 2124 3433">
     <span class='ocr_line' id='line_1_49' title="bbox 551 3360 2124 3433; baseline -0.004 -14"><span class='ocrx_word' id='word_1_327' title='bbox 551 3371 607 3419; x_wconf 90' lang='lat' dir='ltr'><strong>et</strong></span> <span class='ocrx_word' id='word_1_328' title='bbox 643 3364 907 3419; x_wconf 87' lang='lat' dir='ltr'><strong>sententia</strong></span> <span class='ocrx_word' id='word_1_329' title='bbox 937 3364 1059 3420; x_wconf 89' lang='lat' dir='ltr'><strong>talis</strong></span> <span class='ocrx_word' id='word_1_330' title='bbox 1095 3360 1197 3419; x_wconf 78' lang='lat' dir='ltr'><strong>est.</strong></span> <span class='ocrx_word' id='word_1_331' title='bbox 1232 3384 1250 3414; x_wconf 74' lang='grc' dir='ltr'><strong>ι</strong></span> <span class='ocrx_word' id='word_1_332' title='bbox 1284 3366 1421 3431; x_wconf 82' lang='lat' dir='ltr'><strong>Quid</strong></span> <span class='ocrx_word' id='word_1_333' title='bbox 1450 3364 1592 3427; x_wconf 88' lang='lat' dir='ltr'><strong>ﬁdei,</strong></span> <span class='ocrx_word' id='word_1_334' title='bbox 1626 3361 1765 3433; x_wconf 84' lang='lat' dir='ltr'><strong>spei,</strong></span> <span class='ocrx_word' id='word_1_335' title='bbox 1790 3368 1844 3415; x_wconf 89' lang='lat' dir='ltr'><strong>et</strong></span> <span class='ocrx_word' id='word_1_336' title='bbox 1869 3360 2124 3416; x_wconf 88' lang='lat' dir='ltr'><strong>charitati</strong></span> 
     </span>
    </p>
   </div>
   <div class='ocr_carea' id='block_1_49' title="bbox 551 3432 2124 3505">
    <p class='ocr_par' dir='ltr' id='par_1_49' title="bbox 551 3432 2124 3505">
     <span class='ocr_line' id='line_1_50' title="bbox 551 3432 2124 3505; baseline -0.003 -16"><span class='ocrx_word' id='word_1_337' title='bbox 551 3433 743 3505; x_wconf 81' lang='lat' dir='ltr'><strong>obesse</strong></span> <span class='ocrx_word' id='word_1_338' title='bbox 776 3435 1064 3505; x_wconf 14' lang='lat' dir='ltr'><strong>psotoisset,</strong></span> <span class='ocrx_word' id='word_1_339' title='bbox 1096 3436 1142 3490; x_wconf 89' lang='lat' dir='ltr'><strong>si</strong></span> <span class='ocrx_word' id='word_1_340' title='bbox 1171 3436 1345 3505; x_wconf 80' lang='lat' dir='ltr'><strong>imago</strong></span> <span class='ocrx_word' id='word_1_341' title='bbox 1374 3434 1517 3505; x_wconf 76' lang='lat' dir='ltr'><strong>riulla</strong></span> <span class='ocrx_word' id='word_1_342' title='bbox 1551 3432 1671 3487; x_wconf 79' lang='lat' dir='ltr'><strong>toto</strong></span> <span class='ocrx_word' id='word_1_343' title='bbox 1691 3432 1822 3486; x_wconf 90' lang='lat' dir='ltr'><strong>orbe</strong></span> <span class='ocrx_word' id='word_1_344' title='bbox 1842 3438 2124 3505; x_wconf 80' lang='lat' dir='ltr'><strong>_t_errart_l_m</strong></span> 
     </span>
    </p>
   </div>
   <div class='ocr_carea' id='block_1_50' title="bbox 551 3499 2125 3572">
    <p class='ocr_par' dir='ltr' id='par_1_50' title="bbox 551 3499 2125 3572">
     <span class='ocr_line' id='line_1_51' title="bbox 551 3499 2125 3572; baseline -0.002 -16"><span class='ocrx_word' id='word_1_345' title='bbox 551 3503 694 3572; x_wconf 88' lang='lat' dir='ltr'><strong>picta</strong></span> <span class='ocrx_word' id='word_1_346' title='bbox 737 3499 820 3557; x_wconf 84' lang='lat' dir='ltr'><strong>vel</strong></span> <span class='ocrx_word' id='word_1_347' title='bbox 868 3502 993 3558; x_wconf 89' lang='lat' dir='ltr'><strong>ﬁcta</strong></span> <span class='ocrx_word' id='word_1_348' title='bbox 1041 3499 1321 3560; x_wconf 42' lang='lat' dir='ltr'><strong>fuisset?»</strong></span> <span class='ocrx_word' id='word_1_349' title='bbox 1376 3504 1443 3558; x_wconf 90' lang='lat' dir='ltr'><strong>Et</strong></span> <span class='ocrx_word' id='word_1_350' title='bbox 1488 3515 1797 3572; x_wconf 87' lang='lat' dir='ltr'><strong>quanquam</strong></span> <span class='ocrx_word' id='word_1_351' title='bbox 1841 3501 1982 3555; x_wconf 92' lang='lat' dir='ltr'><strong>idem</strong></span> <span class='ocrx_word' id='word_1_352' title='bbox 2017 3499 2125 3572; x_wconf 77' lang='lat' dir='ltr'><strong>ﬁlii</strong></span> 
     </span>
    </p>
   </div>
   <div class='ocr_carea' id='block_1_51' title="bbox 553 3569 2127 3641">
    <p class='ocr_par' dir='ltr' id='par_1_51' title="bbox 553 3569 2127 3641">
     <span class='ocr_line' id='line_1_52' title="bbox 553 3569 2127 3641; baseline -0.003 -15"><span class='ocrx_word' id='word_1_353' title='bbox 553 3569 756 3637; x_wconf 82' lang='lat' dir='ltr'><strong>nostri,</strong></span> <span class='ocrx_word' id='word_1_354' title='bbox 800 3575 891 3641; x_wconf 87' lang='lat' dir='ltr'><strong>qui</strong></span> <span class='ocrx_word' id='word_1_355' title='bbox 921 3574 1035 3629; x_wconf 61' lang='lat' dir='ltr'><strong>hate</strong></span> <span class='ocrx_word' id='word_1_356' title='bbox 1062 3574 1276 3638; x_wconf 91' lang='lat' dir='ltr'><strong>dicunt,</strong></span> <span class='ocrx_word' id='word_1_357' title='bbox 1321 3569 1712 3641; x_wconf 74' lang='lat' dir='ltr'><strong>rationabiliter</strong></span> <span class='ocrx_word' id='word_1_358' title='bbox 1746 3585 1804 3623; x_wconf 92' lang='lat' dir='ltr'><strong>se</strong></span> <span class='ocrx_word' id='word_1_359' title='bbox 1842 3569 2127 3641; x_wconf 77' lang='lat' dir='ltr'><strong>ostendere</strong></span> 
     </span>
    </p>
   </div>
   <div class='ocr_carea' id='block_1_52' title="bbox 553 3637 2127 3713">
    <p class='ocr_par' dir='ltr' id='par_1_52' title="bbox 553 3637 2127 3713">
     <span class='ocr_line' id='line_1_53' title="bbox 553 3637 2127 3713; baseline -0.001 -20"><span class='ocrx_word' id='word_1_360' title='bbox 553 3654 711 3708; x_wconf 87' lang='lat' dir='ltr'><strong>posse</strong></span> <span class='ocrx_word' id='word_1_361' title='bbox 747 3637 1052 3713; x_wconf 78' lang='lat' dir='ltr'><strong>nullatenus</strong></span> <span class='ocrx_word' id='word_1_362' title='bbox 1088 3637 1727 3713; x_wconf 85' lang='lat' dir='ltr'><strong>dubitat_[dubi_tahant]_,</strong></span> <span class='ocrx_word' id='word_1_363' title='bbox 1775 3638 1966 3713; x_wconf 81' lang='lat' dir='ltr'><strong>melius</strong></span> <span class='ocrx_word' id='word_1_364' title='bbox 1999 3637 2127 3691; x_wconf 91' lang='lat' dir='ltr'><strong>illud</strong></span> 
     </span>
    </p>
   </div>
   <div class='ocr_carea' id='block_1_53' title="bbox 555 3706 2124 3778">
    <p class='ocr_par' dir='ltr' id='par_1_53' title="bbox 555 3706 2124 3778">
     <span class='ocr_line' id='line_1_54' title="bbox 555 3706 2124 3778; baseline -0.001 -17"><span class='ocrx_word' id='word_1_365' title='bbox 555 3706 831 3778; x_wconf 75' lang='lat' dir='ltr'><strong>nunquam</strong></span> <span class='ocrx_word' id='word_1_366' title='bbox 860 3709 1056 3773; x_wconf 86' lang='lat' dir='ltr'><strong>fuisse,</strong></span> <span class='ocrx_word' id='word_1_367' title='bbox 1095 3711 1212 3765; x_wconf 91' lang='lat' dir='ltr'><strong>sine</strong></span> <span class='ocrx_word' id='word_1_368' title='bbox 1240 3706 1391 3778; x_wconf 77' lang='lat' dir='ltr'><strong>cujus</strong></span> <span class='ocrx_word' id='word_1_369' title='bbox 1419 3710 1565 3765; x_wconf 89' lang='lat' dir='ltr'><strong>cultu</strong></span> <span class='ocrx_word' id='word_1_370' title='bbox 1591 3706 1825 3778; x_wconf 69' lang='lat' dir='ltr'><strong>perfecta</strong></span> <span class='ocrx_word' id='word_1_371' title='bbox 1864 3706 1969 3778; x_wconf 82' lang='lat' dir='ltr'><strong>ﬁde</strong></span> <span class='ocrx_word' id='word_1_372' title='bbox 1999 3720 2124 3777; x_wconf 88' lang='lat' dir='ltr'><strong>spe,</strong></span> 
     </span>
    </p>
   </div>
   <div class='ocr_carea' id='block_1_54' title="bbox 555 3776 2130 3845">
    <p class='ocr_par' dir='ltr' id='par_1_54' title="bbox 555 3776 2130 3845">
     <span class='ocr_line' id='line_1_55' title="bbox 555 3776 2130 3845; baseline 0.002 -16"><span class='ocrx_word' id='word_1_373' title='bbox 555 3785 612 3830; x_wconf 89' lang='lat' dir='ltr'><strong>et</strong></span> <span class='ocrx_word' id='word_1_374' title='bbox 637 3776 898 3831; x_wconf 85' lang='lat' dir='ltr'><strong>charitate</strong></span> <span class='ocrx_word' id='word_1_375' title='bbox 924 3779 1242 3834; x_wconf 86' lang='lat' dir='ltr'><strong>universalis</strong></span> <span class='ocrx_word' id='word_1_376' title='bbox 1269 3776 1453 3833; x_wconf 80' lang='lat' dir='ltr'><strong>sancta</strong></span> <span class='ocrx_word' id='word_1_377' title='bbox 1477 3777 1570 3833; x_wconf 91' lang='lat' dir='ltr'><strong>Dei</strong></span> <span class='ocrx_word' id='word_1_378' title='bbox 1599 3776 1837 3831; x_wconf 87' lang='lat' dir='ltr'><strong>Ecclesia</strong></span> <span class='ocrx_word' id='word_1_379' title='bbox 1858 3776 2002 3831; x_wconf 86' lang='lat' dir='ltr'><strong>salva</strong></span> <span class='ocrx_word' id='word_1_380' title='bbox 2028 3776 2130 3845; x_wconf 89' lang='lat' dir='ltr'><strong>po-</strong></span> 
     </span>
    </p>
   </div>
   <div class='ocr_carea' id='block_1_55' title="bbox 556 3845 2129 3917">
    <p class='ocr_par' dir='ltr' id='par_1_55' title="bbox 556 3845 2129 3917">
     <span class='ocr_line' id='line_1_56' title="bbox 556 3845 2129 3917; baseline 0 -19"><span class='ocrx_word' id='word_1_381' title='bbox 556 3845 748 3917; x_wconf 83' lang='lat' dir='ltr'><strong>tuisset</strong></span> <span class='ocrx_word' id='word_1_382' title='bbox 775 3845 1100 3917; x_wconf 88' lang='lat' dir='ltr'><strong>consistere,</strong></span> <span class='ocrx_word' id='word_1_383' title='bbox 1134 3863 1292 3917; x_wconf 87' lang='lat' dir='ltr'><strong>quam</strong></span> <span class='ocrx_word' id='word_1_384' title='bbox 1327 3848 1426 3902; x_wconf 90' lang='lat' dir='ltr'><strong>sub</strong></span> <span class='ocrx_word' id='word_1_385' title='bbox 1452 3847 1555 3917; x_wconf 83' lang='lat' dir='ltr'><strong>hac</strong></span> <span class='ocrx_word' id='word_1_386' title='bbox 1582 3845 1866 3917; x_wconf 74' lang='lat' dir='ltr'><strong>occasione</strong></span> <span class='ocrx_word' id='word_1_387' title='bbox 1894 3847 2129 3917; x_wconf 85' lang='lat' dir='ltr'><strong>nondu-</strong></span> 
     </span>
    </p>
   </div>
   <div class='ocr_carea' id='block_1_56' title="bbox 557 3914 2131 3980">
    <p class='ocr_par' dir='ltr' id='par_1_56' title="bbox 557 3914 2131 3980">
     <span class='ocr_line' id='line_1_57' title="bbox 557 3914 2131 3980; baseline -0.001 -10"><span class='ocrx_word' id='word_1_388' title='bbox 557 3914 724 3980; x_wconf 83' lang='lat' dir='ltr'><strong>biuin,</strong></span> <span class='ocrx_word' id='word_1_389' title='bbox 752 3915 844 3971; x_wconf 73' lang='lat' dir='ltr'><strong>sed</strong></span> <span class='ocrx_word' id='word_1_390' title='bbox 869 3914 1228 3972; x_wconf 83' lang='lat' dir='ltr'><strong>certissimum</strong></span> <span class='ocrx_word' id='word_1_391' title='bbox 1256 3916 1383 3972; x_wconf 93' lang='lat' dir='ltr'><strong>illud</strong></span> <span class='ocrx_word' id='word_1_392' title='bbox 1408 3915 1606 3971; x_wconf 91' lang='lat' dir='ltr'><strong>malum</strong></span> <span class='ocrx_word' id='word_1_393' title='bbox 1634 3914 1914 3969; x_wconf 80' lang='lat' dir='ltr'><strong>discordiae</strong></span> <span class='ocrx_word' id='word_1_394' title='bbox 1937 3915 2131 3970; x_wconf 88' lang='lat' dir='ltr'><strong>debere</strong></span> 
     </span>
    </p>
   </div>
   <div class='ocr_carea' id='block_1_57' title="bbox 557 3983 2131 4056">
    <p class='ocr_par' dir='ltr' id='par_1_57' title="bbox 557 3983 2131 4056">
     <span class='ocr_line' id='line_1_58' title="bbox 557 3983 2131 4056; baseline 0 -18"><span class='ocrx_word' id='word_1_395' title='bbox 557 3984 1052 4056; x_wconf 25' lang='lat' dir='ltr'><strong>incurrerepquod</strong></span> <span class='ocrx_word' id='word_1_396' title='bbox 1094 3987 1197 4042; x_wconf 90' lang='lat' dir='ltr'><strong>nisi</strong></span> <span class='ocrx_word' id='word_1_397' title='bbox 1234 3994 1538 4056; x_wconf 91' lang='lat' dir='ltr'><strong>correctum</strong></span> <span class='ocrx_word' id='word_1_398' title='bbox 1583 3983 2131 4056; x_wconf 87' lang='lat' dir='ltr'><strong>fuerit,_nullatenus</strong></span> 
     </span>
    </p>
   </div>
   <div class='ocr_carea' id='block_1_58' title="bbox 556 4053 2128 4124">
    <p class='ocr_par' dir='ltr' id='par_1_58' title="bbox 556 4053 2128 4124">
     <span class='ocr_line' id='line_1_59' title="bbox 556 4053 2128 4124; baseline -0.001 -15"><span class='ocrx_word' id='word_1_399' title='bbox 556 4069 679 4109; x_wconf 91' lang='lat' dir='ltr'><strong>cum</strong></span> <span class='ocrx_word' id='word_1_400' title='bbox 719 4055 822 4109; x_wconf 87' lang='lat' dir='ltr'><strong>hac</strong></span> <span class='ocrx_word' id='word_1_401' title='bbox 862 4053 1198 4112; x_wconf 77' lang='lat' dir='ltr'><strong>dissensione</strong></span> <span class='ocrx_word' id='word_1_402' title='bbox 1245 4058 1314 4112; x_wconf 89' lang='lat' dir='ltr'><strong>ad</strong></span> <span class='ocrx_word' id='word_1_403' title='bbox 1361 4054 1685 4124; x_wconf 85' lang='lat' dir='ltr'><strong>Dominum,</strong></span> <span class='ocrx_word' id='word_1_404' title='bbox 1722 4053 1815 4123; x_wconf 90' lang='lat' dir='ltr'><strong>qui</strong></span> <span class='ocrx_word' id='word_1_405' title='bbox 1859 4062 1943 4108; x_wconf 85' lang='lat' dir='ltr'><strong>est</strong></span> <span class='ocrx_word' id='word_1_406' title='bbox 1986 4070 2128 4124; x_wconf 79' lang='lat' dir='ltr'><strong>pax,</strong></span> 
     </span>
    </p>
   </div>
   <div class='ocr_carea' id='block_1_59' title="bbox 557 4123 2132 4205">
    <p class='ocr_par' dir='ltr' id='par_1_59' title="bbox 557 4123 2132 4205">
     <span class='ocr_line' id='line_1_60' title="bbox 557 4123 2132 4205; baseline 0.001 -28"><span class='ocrx_word' id='word_1_407' title='bbox 557 4124 939 4205; x_wconf 9' lang='lat' dir='ltr'><strong>omniumisibi</strong></span> <span class='ocrx_word' id='word_1_408' title='bbox 974 4127 1447 4205; x_wconf 68' lang='lat' dir='ltr'><strong>placitampacem</strong></span> <span class='ocrx_word' id='word_1_409' title='bbox 1464 4123 1786 4205; x_wconf 53' lang='lat' dir='ltr'><strong>iubentium</strong></span> <span class='ocrx_word' id='word_1_410' title='bbox 1805 4164 1818 4187; x_wconf 95' lang='lat'><strong>,</strong></span> <span class='ocrx_word' id='word_1_411' title='bbox 1850 4123 2132 4205; x_wconf 74' lang='lat' dir='ltr'><strong>_nunqua_m</strong></span> 
     </span>
    </p>
   </div>
   <div class='ocr_carea' id='block_1_60' title="bbox 557 4192 2136 4266">
    <p class='ocr_par' dir='ltr' id='par_1_60' title="bbox 557 4192 2136 4266">
     <span class='ocr_line' id='line_1_61' title="bbox 557 4192 2136 4266; baseline 0.001 -20"><span class='ocrx_word' id='word_1_412' title='bbox 557 4194 613 4266; x_wconf 91' lang='lat' dir='ltr'><strong>in</strong></span> <span class='ocrx_word' id='word_1_413' title='bbox 642 4203 899 4266; x_wconf 81' lang='lat' dir='ltr'><strong>perpetuo</strong></span> <span class='ocrx_word' id='word_1_414' title='bbox 926 4192 1084 4265; x_wconf 83' lang='lat' dir='ltr'><strong>posse</strong></span> <span class='ocrx_word' id='word_1_415' title='bbox 1110 4192 1434 4266; x_wconf 70' lang='lat' dir='ltr'><strong>pertingere.</strong></span> <span class='ocrx_word' id='word_1_416' title='bbox 1464 4194 1534 4248; x_wconf 86' lang='lat' dir='ltr'><strong>Et</strong></span> <span class='ocrx_word' id='word_1_417' title='bbox 1560 4193 1805 4266; x_wconf 85' lang='lat' dir='ltr'><strong>quamvis</strong></span> <span class='ocrx_word' id='word_1_418' title='bbox 1833 4192 2044 4266; x_wconf 85' lang='lat' dir='ltr'><strong>devotio</strong></span> <span class='ocrx_word' id='word_1_419' title='bbox 2073 4193 2136 4266; x_wconf 83' lang='lat' dir='ltr'><strong>il-</strong></span> 
     </span>
    </p>
   </div>
   <div class='ocr_carea' id='block_1_61' title="bbox 558 4262 2135 4335">
    <p class='ocr_par' dir='ltr' id='par_1_61' title="bbox 558 4262 2135 4335">
     <span class='ocr_line' id='line_1_62' title="bbox 558 4262 2135 4335; baseline 0.001 -19"><span class='ocrx_word' id='word_1_420' title='bbox 558 4262 755 4335; x_wconf 76' lang='lat' dir='ltr'><strong>lorum</strong></span> <span class='ocrx_word' id='word_1_421' title='bbox 774 4264 875 4320; x_wconf 88' lang='lat' dir='ltr'><strong>hoc</strong></span> <span class='ocrx_word' id='word_1_422' title='bbox 909 4262 1217 4320; x_wconf 76' lang='lat' dir='ltr'><strong>constanter</strong></span> <span class='ocrx_word' id='word_1_423' title='bbox 1242 4262 1505 4335; x_wconf 81' lang='lat' dir='ltr'><strong>postulet,</strong></span> <span class='ocrx_word' id='word_1_424' title='bbox 1548 4262 1610 4317; x_wconf 87' lang='lat' dir='ltr'><strong>ut</strong></span> <span class='ocrx_word' id='word_1_425' title='bbox 1647 4263 1727 4329; x_wconf 87' lang='lat' dir='ltr'><strong>eis</strong></span> <span class='ocrx_word' id='word_1_426' title='bbox 1766 4262 2135 4335; x_wconf 74' lang='lat' dir='ltr'><strong>ratiocinando</strong></span> 
     </span>
    </p>
   </div>
   <div class='ocr_carea' id='block_1_62' title="bbox 559 4332 2134 4405">
    <p class='ocr_par' dir='ltr' id='par_1_62' title="bbox 559 4332 2134 4405">
     <span class='ocr_line' id='line_1_63' title="bbox 559 4332 2134 4405; baseline 0 -21"><span class='ocrx_word' id='word_1_427' title='bbox 559 4333 790 4405; x_wconf 81' lang='lat' dir='ltr'><strong>qualiter</strong></span> <span class='ocrx_word' id='word_1_428' title='bbox 814 4335 879 4388; x_wconf 91' lang='lat' dir='ltr'><strong>de</strong></span> <span class='ocrx_word' id='word_1_429' title='bbox 907 4335 1037 4404; x_wconf 89' lang='lat' dir='ltr'><strong>ipsis</strong></span> <span class='ocrx_word' id='word_1_430' title='bbox 1062 4332 1640 4405; x_wconf 81' lang='lat' dir='ltr'><strong>imaginibusdiscrete</strong></span> <span class='ocrx_word' id='word_1_431' title='bbox 1666 4339 1721 4386; x_wconf 93' lang='lat' dir='ltr'><strong>et</strong></span> <span class='ocrx_word' id='word_1_432' title='bbox 1739 4332 2134 4405; x_wconf 75' lang='lat' dir='ltr'><strong>rationaoiliter</strong></span> 
     </span>
    </p>
   </div>
   <div class='ocr_carea' id='block_1_63' title="bbox 562 4401 2131 4473">
    <p class='ocr_par' dir='ltr' id='par_1_63' title="bbox 562 4401 2131 4473">
     <span class='ocr_line' id='line_1_64' title="bbox 562 4401 2131 4473; baseline 0 -18"><span class='ocrx_word' id='word_1_433' title='bbox 562 4402 823 4473; x_wconf 84' lang='lat' dir='ltr'><strong>sentiant,</strong></span> <span class='ocrx_word' id='word_1_434' title='bbox 854 4401 1041 4473; x_wconf 78' lang='lat' dir='ltr'><strong>postea</strong></span> <span class='ocrx_word' id='word_1_435' title='bbox 1066 4401 1332 4460; x_wconf 76' lang='lat' dir='ltr'><strong>disserere</strong></span> <span class='ocrx_word' id='word_1_436' title='bbox 1372 4404 1551 4473; x_wconf 89' lang='lat' dir='ltr'><strong>liceat.</strong></span> <span class='ocrx_word' id='word_1_437' title='bbox 1600 4401 1753 4473; x_wconf 73' lang='grc' dir='ltr'>Ωιιοᾴ</span> <span class='ocrx_word' id='word_1_438' title='bbox 1790 4402 1836 4456; x_wconf 90' lang='lat' dir='ltr'><strong>si</strong></span> <span class='ocrx_word' id='word_1_439' title='bbox 1864 4410 1948 4456; x_wconf 90' lang='lat' dir='ltr'><strong>est</strong></span> <span class='ocrx_word' id='word_1_440' title='bbox 1972 4441 1988 4473; x_wconf 89' lang='lat'><strong>,</strong></span> <span class='ocrx_word' id='word_1_441' title='bbox 2036 4402 2131 4473; x_wconf 84' lang='lat' dir='ltr'><strong>qui</strong></span> 
     </span>
    </p>
   </div>
   <div class='ocr_carea' id='block_1_64' title="bbox 561 4469 2132 4539">
    <p class='ocr_par' dir='ltr' id='par_1_64' title="bbox 561 4469 2132 4539">
     <span class='ocr_line' id='line_1_65' title="bbox 561 4469 2132 4539; baseline 0 -14"><span class='ocrx_word' id='word_1_442' title='bbox 561 4469 833 4537; x_wconf 90' lang='lat' dir='ltr'><strong>suscipere</strong></span> <span class='ocrx_word' id='word_1_443' title='bbox 857 4469 1009 4539; x_wconf 78' lang='lat' dir='ltr'><strong>justo</strong></span> <span class='ocrx_word' id='word_1_444' title='bbox 1036 4474 1401 4528; x_wconf 88' lang='lat' dir='ltr'><strong>moderamine</strong></span> <span class='ocrx_word' id='word_1_445' title='bbox 1428 4472 1556 4527; x_wconf 88' lang='lat' dir='ltr'><strong>velit</strong></span> <span class='ocrx_word' id='word_1_446' title='bbox 1601 4470 1814 4526; x_wconf 88' lang='lat' dir='ltr'><strong>salubre</strong></span> <span class='ocrx_word' id='word_1_447' title='bbox 1842 4472 1990 4526; x_wconf 91' lang='lat' dir='ltr'><strong>omni</strong></span> <span class='ocrx_word' id='word_1_448' title='bbox 2035 4469 2132 4525; x_wconf 78' lang='lat' dir='ltr'><strong>lio-</strong></span> 
     </span>
    </p>
   </div>
   <div class='ocr_carea' id='block_1_65' title="bbox 561 4539 2130 4610">
    <p class='ocr_par' dir='ltr' id='par_1_65' title="bbox 561 4539 2130 4610">
     <span class='ocr_line' id='line_1_66' title="bbox 561 4539 2130 4610; baseline 0 -18"><span class='ocrx_word' id='word_1_449' title='bbox 561 4539 697 4610; x_wconf 87' lang='lat' dir='ltr'><strong>mini</strong></span> <span class='ocrx_word' id='word_1_450' title='bbox 731 4554 850 4610; x_wconf 89' lang='lat' dir='ltr'><strong>esse</strong></span> <span class='ocrx_word' id='word_1_451' title='bbox 880 4556 984 4596; x_wconf 91' lang='lat' dir='ltr'><strong>non</strong></span> <span class='ocrx_word' id='word_1_452' title='bbox 1013 4543 1293 4604; x_wconf 88' lang='lat' dir='ltr'><strong>dubitant,</strong></span> <span class='ocrx_word' id='word_1_453' title='bbox 1347 4542 1413 4595; x_wconf 90' lang='lat' dir='ltr'><strong>ad</strong></span> <span class='ocrx_word' id='word_1_454' title='bbox 1459 4542 1915 4610; x_wconf 90' lang='lat' dir='ltr'><strong>comparationem</strong></span> <span class='ocrx_word' id='word_1_455' title='bbox 1950 4550 2130 4594; x_wconf 90' lang='lat' dir='ltr'><strong>tamen</strong></span> 
     </span>
    </p>
   </div>
   <div class='ocr_carea' id='block_1_66' title="bbox 564 4609 2133 4680">
    <p class='ocr_par' dir='ltr' id='par_1_66' title="bbox 564 4609 2133 4680">
     <span class='ocr_line' id='line_1_67' title="bbox 564 4609 2133 4680; baseline 0.001 -18"><span class='ocrx_word' id='word_1_456' title='bbox 564 4609 697 4662; x_wconf 89' lang='lat' dir='ltr'><strong>tanti</strong></span> <span class='ocrx_word' id='word_1_457' title='bbox 720 4609 846 4663; x_wconf 89' lang='lat' dir='ltr'><strong>mali</strong></span> <span class='ocrx_word' id='word_1_458' title='bbox 869 4612 1110 4680; x_wconf 88' lang='lat' dir='ltr'><strong>eamdem</strong></span> <span class='ocrx_word' id='word_1_459' title='bbox 1134 4611 1425 4680; x_wconf 78' lang='lat' dir='ltr'><strong>imaginum</strong></span> <span class='ocrx_word' id='word_1_460' title='bbox 1444 4609 1660 4665; x_wconf 85' lang='lat' dir='ltr'><strong>causam</strong></span> <span class='ocrx_word' id='word_1_461' title='bbox 1682 4624 1780 4678; x_wconf 91' lang='lat' dir='ltr'><strong>pro</strong></span> <span class='ocrx_word' id='word_1_462' title='bbox 1801 4610 1968 4664; x_wconf 89' lang='lat' dir='ltr'><strong>nihilo</strong></span> <span class='ocrx_word' id='word_1_463' title='bbox 1988 4624 2133 4680; x_wconf 88' lang='lat' dir='ltr'><strong>com-</strong></span> 
     </span>
    </p>
   </div>
   <div class='ocr_carea' id='block_1_67' title="bbox 563 4679 2132 4749">
    <p class='ocr_par' dir='ltr' id='par_1_67' title="bbox 563 4679 2132 4749">
     <span class='ocr_line' id='line_1_68' title="bbox 563 4679 2132 4749; baseline 0.002 -19"><span class='ocrx_word' id='word_1_464' title='bbox 563 4679 871 4749; x_wconf 14' lang='lat' dir='ltr'><strong>putant,gsi</strong></span> <span class='ocrx_word' id='word_1_465' title='bbox 898 4694 1003 4747; x_wconf 80' lang='lat' dir='ltr'><strong>pax</strong></span> <span class='ocrx_word' id='word_1_466' title='bbox 1033 4679 1121 4749; x_wconf 88' lang='lat' dir='ltr'><strong>illa</strong></span> <span class='ocrx_word' id='word_1_467' title='bbox 1141 4719 1155 4744; x_wconf 93' lang='lat'><strong>,</strong></span> <span class='ocrx_word' id='word_1_468' title='bbox 1185 4695 1305 4749; x_wconf 60' lang='lat' dir='ltr'><strong>quae</strong></span> <span class='ocrx_word' id='word_1_469' title='bbox 1333 4680 1399 4734; x_wconf 92' lang='lat' dir='ltr'><strong>ad</strong></span> <span class='ocrx_word' id='word_1_470' title='bbox 1423 4688 1679 4749; x_wconf 66' lang='lat' dir='ltr'><strong>{sternam</strong></span> <span class='ocrx_word' id='word_1_471' title='bbox 1706 4681 1900 4744; x_wconf 89' lang='lat' dir='ltr'><strong>vitam,</strong></span> <span class='ocrx_word' id='word_1_472' title='bbox 1929 4679 2132 4749; x_wconf 85' lang='lat' dir='ltr'><strong>quiest</strong></span> 
     </span>
    </p>
   </div>
   <div class='ocr_carea' id='block_1_68' title="bbox 566 4747 2134 4815">
    <p class='ocr_par' dir='ltr' id='par_1_68' title="bbox 566 4747 2134 4815">
     <span class='ocr_line' id='line_1_69' title="bbox 566 4747 2134 4815; baseline 0.003 -18"><span class='ocrx_word' id='word_1_473' title='bbox 566 4747 671 4807; x_wconf 87' lang='lat' dir='ltr'><strong>via,</strong></span> <span class='ocrx_word' id='word_1_474' title='bbox 701 4747 920 4811; x_wconf 90' lang='lat' dir='ltr'><strong>veritas,</strong></span> <span class='ocrx_word' id='word_1_475' title='bbox 950 4756 1004 4802; x_wconf 93' lang='lat' dir='ltr'><strong>et</strong></span> <span class='ocrx_word' id='word_1_476' title='bbox 1027 4748 1156 4811; x_wconf 87' lang='lat' dir='ltr'><strong>vita,</strong></span> <span class='ocrx_word' id='word_1_477' title='bbox 1187 4747 1352 4811; x_wconf 89' lang='lat' dir='ltr'><strong>ducit,</strong></span> <span class='ocrx_word' id='word_1_478' title='bbox 1383 4747 1451 4803; x_wconf 89' lang='lat' dir='ltr'><strong>ad</strong></span> <span class='ocrx_word' id='word_1_479' title='bbox 1477 4749 1719 4804; x_wconf 89' lang='lat' dir='ltr'><strong>eamdem</strong></span> <span class='ocrx_word' id='word_1_480' title='bbox 1743 4750 1905 4815; x_wconf 87' lang='lat' dir='ltr'><strong>viam,</strong></span> <span class='ocrx_word' id='word_1_481' title='bbox 1936 4747 2134 4803; x_wconf 79' lang='lat' dir='ltr'><strong>verita-</strong></span> 
     </span>
    </p>
   </div>
   <div class='ocr_carea' id='block_1_69' title="bbox 568 4815 1399 4885">
    <p class='ocr_par' dir='ltr' id='par_1_69' title="bbox 568 4815 1399 4885">
     <span class='ocr_line' id='line_1_70' title="bbox 568 4815 1399 4885; baseline 0.004 -16"><span class='ocrx_word' id='word_1_482' title='bbox 568 4824 781 4885; x_wconf 86' lang='lat' dir='ltr'><strong>temque</strong></span> <span class='ocrx_word' id='word_1_483' title='bbox 806 4815 1062 4885; x_wconf 85' lang='lat' dir='ltr'><strong>perducta</strong></span> <span class='ocrx_word' id='word_1_484' title='bbox 1088 4832 1194 4871; x_wconf 91' lang='lat' dir='ltr'><strong>non</strong></span> <span class='ocrx_word' id='word_1_485' title='bbox 1218 4817 1399 4872; x_wconf 84' lang='lat' dir='ltr'><strong>fuerit.</strong></span> 
     </span>
    </p>
   </div>
   <div class='ocr_carea' id='block_1_70' title="bbox 638 4884 2135 4944">
    <p class='ocr_par' dir='ltr' id='par_1_70' title="bbox 638 4884 2135 4944">
     <span class='ocr_line' id='line_1_71' title="bbox 638 4884 2135 4944; baseline 0.001 -5"><span class='ocrx_word' id='word_1_486' title='bbox 638 4884 705 4939; x_wconf 91' lang='lat' dir='ltr'><strong>Et</strong></span> <span class='ocrx_word' id='word_1_487' title='bbox 735 4885 935 4941; x_wconf 89' lang='lat' dir='ltr'><strong>idcirco</strong></span> <span class='ocrx_word' id='word_1_488' title='bbox 960 4895 1185 4942; x_wconf 89' lang='lat' dir='ltr'><strong>cunctus</strong></span> <span class='ocrx_word' id='word_1_489' title='bbox 1214 4889 1412 4943; x_wconf 88' lang='lat' dir='ltr'><strong>chorus</strong></span> <span class='ocrx_word' id='word_1_490' title='bbox 1436 4888 1773 4944; x_wconf 85' lang='lat' dir='ltr'><strong>sacerdotum</strong></span> <span class='ocrx_word' id='word_1_491' title='bbox 1809 4903 1908 4944; x_wconf 88' lang='lat' dir='ltr'><strong>nec</strong></span> <span class='ocrx_word' id='word_1_492' title='bbox 1942 4902 2048 4941; x_wconf 91' lang='lat' dir='ltr'><strong>non</strong></span> <span class='ocrx_word' id='word_1_493' title='bbox 2079 4893 2135 4942; x_wconf 92' lang='lat' dir='ltr'><strong>et</strong></span> 
     </span>
    </p>
   </div>
   <div class='ocr_carea' id='block_1_71' title="bbox 566 4957 2131 5027">
    <p class='ocr_par' dir='ltr' id='par_1_71' title="bbox 566 4957 2131 5027">
     <span class='ocr_line' id='line_1_72' title="bbox 566 4957 2131 5027; baseline -0.001 -16"><span class='ocrx_word' id='word_1_494' title='bbox 566 4957 743 5011; x_wconf 90' lang='lat' dir='ltr'><strong>omnis</strong></span> <span class='ocrx_word' id='word_1_495' title='bbox 770 4964 986 5011; x_wconf 88' lang='lat' dir='ltr'><strong>senatus</strong></span> <span class='ocrx_word' id='word_1_496' title='bbox 1015 4957 1178 5012; x_wconf 88' lang='lat' dir='ltr'><strong>totius</strong></span> <span class='ocrx_word' id='word_1_497' title='bbox 1206 4957 1379 5027; x_wconf 85' lang='lat' dir='ltr'><strong>gentis</strong></span> <span class='ocrx_word' id='word_1_498' title='bbox 1406 4973 1499 5013; x_wconf 89' lang='lat' dir='ltr'><strong>seu</strong></span> <span class='ocrx_word' id='word_1_499' title='bbox 1530 4958 1749 5027; x_wconf 85' lang='lat' dir='ltr'><strong>imperii</strong></span> <span class='ocrx_word' id='word_1_500' title='bbox 1773 4957 2131 5027; x_wconf 83' lang='lat' dir='ltr'><strong>Francorum,</strong></span> 
     </span>
    </p>
   </div>
   <div class='ocr_carea' id='block_1_72' title="bbox 567 5024 2134 5096">
    <p class='ocr_par' dir='ltr' id='par_1_72' title="bbox 567 5024 2134 5096">
     <span class='ocr_line' id='line_1_73' title="bbox 567 5024 2134 5096; baseline -0.001 -16"><span class='ocrx_word' id='word_1_501' title='bbox 567 5034 622 5080; x_wconf 89' lang='lat' dir='ltr'><strong>et</strong></span> <span class='ocrx_word' id='word_1_502' title='bbox 652 5028 901 5083; x_wconf 87' lang='lat' dir='ltr'><strong>universa</strong></span> <span class='ocrx_word' id='word_1_503' title='bbox 935 5027 1169 5082; x_wconf 81' lang='lat' dir='ltr'><strong>Ecclesia</strong></span> <span class='ocrx_word' id='word_1_504' title='bbox 1196 5024 1294 5096; x_wconf 84' lang='lat' dir='ltr'><strong>per</strong></span> <span class='ocrx_word' id='word_1_505' title='bbox 1319 5034 1485 5083; x_wconf 90' lang='lat' dir='ltr'><strong>totam</strong></span> <span class='ocrx_word' id='word_1_506' title='bbox 1512 5024 1745 5096; x_wconf 12' lang='lat' dir='ltr'><strong>Galliam,</strong></span> <span class='ocrx_word' id='word_1_507' title='bbox 1770 5024 2134 5096; x_wconf 18' lang='lat' dir='ltr'><strong>cumicaeteris</strong></span> 
     </span>
    </p>
   </div>
   <div class='ocr_carea' id='block_1_73' title="bbox 564 5093 2135 5166">
    <p class='ocr_par' dir='ltr' id='par_1_73' title="bbox 564 5093 2135 5166">
     <span class='ocr_line' id='line_1_74' title="bbox 564 5093 2135 5166; baseline -0.001 -18"><span class='ocrx_word' id='word_1_508' title='bbox 564 5096 857 5166; x_wconf 84' lang='lat' dir='ltr'><strong>provinciis</strong></span> <span class='ocrx_word' id='word_1_509' title='bbox 883 5095 1056 5166; x_wconf 89' lang='lat' dir='ltr'><strong>eidem</strong></span> <span class='ocrx_word' id='word_1_510' title='bbox 1097 5112 1129 5150; x_wconf 91' lang='lat' dir='ltr'><strong>a</strong></span> <span class='ocrx_word' id='word_1_511' title='bbox 1168 5093 1281 5152; x_wconf 84' lang='lat' dir='ltr'><strong>Deo</strong></span> <span class='ocrx_word' id='word_1_512' title='bbox 1322 5094 1694 5166; x_wconf 83' lang='lat' dir='ltr'><strong>conservando</strong></span> <span class='ocrx_word' id='word_1_513' title='bbox 1734 5093 1959 5166; x_wconf 86' lang='lat' dir='ltr'><strong>imperio</strong></span> <span class='ocrx_word' id='word_1_514' title='bbox 2006 5093 2135 5147; x_wconf 84' lang='lat' dir='ltr'><strong>sub—</strong></span> 
     </span>
    </p>
   </div>
   <div class='ocr_carea' id='block_1_74' title="bbox 569 5159 2135 5229">
    <p class='ocr_par' dir='ltr' id='par_1_74' title="bbox 569 5159 2135 5229">
     <span class='ocr_line' id='line_1_75' title="bbox 569 5159 2135 5229; baseline -0.003 -9"><span class='ocrx_word' id='word_1_515' title='bbox 569 5159 715 5229; x_wconf 77' lang='lat' dir='ltr'><strong>ditis,</strong></span> <span class='ocrx_word' id='word_1_516' title='bbox 745 5166 925 5219; x_wconf 87' lang='lat' dir='ltr'><strong>audita</strong></span> <span class='ocrx_word' id='word_1_517' title='bbox 950 5164 1091 5221; x_wconf 87' lang='lat' dir='ltr'><strong>fama</strong></span> <span class='ocrx_word' id='word_1_518' title='bbox 1119 5166 1356 5221; x_wconf 68' lang='lat' dir='ltr'><strong>delenda:</strong></span> <span class='ocrx_word' id='word_1_519' title='bbox 1380 5163 1731 5221; x_wconf 87' lang='lat' dir='ltr'><strong>dissensionis</strong></span> <span class='ocrx_word' id='word_1_520' title='bbox 1755 5159 1985 5216; x_wconf 79' lang='lat' dir='ltr'><strong>fratrum</strong></span> <span class='ocrx_word' id='word_1_521' title='bbox 2008 5177 2135 5216; x_wconf 91' lang='lat' dir='ltr'><strong>suo-</strong></span> 
     </span>
    </p>
   </div>
   <div class='ocr_carea' id='block_1_75' title="bbox 569 5230 2134 5304">
    <p class='ocr_par' dir='ltr' id='par_1_75' title="bbox 569 5230 2134 5304">
     <span class='ocr_line' id='line_1_76' title="bbox 569 5230 2134 5304; baseline -0.001 -17"><span class='ocrx_word' id='word_1_522' title='bbox 569 5248 690 5287; x_wconf 91' lang='lat' dir='ltr'><strong>rum</strong></span> <span class='ocrx_word' id='word_1_523' title='bbox 715 5271 731 5296; x_wconf 89' lang='lat'><strong>,</strong></span> <span class='ocrx_word' id='word_1_524' title='bbox 779 5233 1206 5290; x_wconf 88' lang='lat' dir='ltr'><strong>irrevocabiliter</strong></span> <span class='ocrx_word' id='word_1_525' title='bbox 1232 5233 1537 5304; x_wconf 87' lang='lat' dir='ltr'><strong>postulant,</strong></span> <span class='ocrx_word' id='word_1_526' title='bbox 1565 5230 1818 5304; x_wconf 23' lang='lat' dir='ltr'><strong>Aut‘prius</strong></span> <span class='ocrx_word' id='word_1_527' title='bbox 1848 5246 1944 5300; x_wconf 90' lang='lat' dir='ltr'><strong>per</strong></span> <span class='ocrx_word' id='word_1_528' title='bbox 1977 5231 2134 5287; x_wconf 90' lang='lat' dir='ltr'><strong>istius</strong></span> 
     </span>
    </p>
   </div>
   <div class='ocr_carea' id='block_1_76' title="bbox 568 5299 2136 5371">
    <p class='ocr_par' dir='ltr' id='par_1_76' title="bbox 568 5299 2136 5371">
     <span class='ocr_line' id='line_1_77' title="bbox 568 5299 2136 5371; baseline 0.001 -16"><span class='ocrx_word' id='word_1_529' title='bbox 568 5306 771 5371; x_wconf 62' lang='lat' dir='ltr'><strong>sancte</strong></span> <span class='ocrx_word' id='word_1_530' title='bbox 796 5304 941 5358; x_wconf 84' lang='lat' dir='ltr'><strong>sedis</strong></span> <span class='ocrx_word' id='word_1_531' title='bbox 968 5320 1000 5358; x_wconf 88' lang='lat' dir='ltr'><strong>a</strong></span> <span class='ocrx_word' id='word_1_532' title='bbox 1028 5305 1137 5360; x_wconf 91' lang='lat' dir='ltr'><strong>Deo</strong></span> <span class='ocrx_word' id='word_1_533' title='bbox 1164 5299 1534 5359; x_wconf 79' lang='lat' dir='ltr'><strong>conservatam</strong></span> <span class='ocrx_word' id='word_1_534' title='bbox 1563 5301 1618 5355; x_wconf 93' lang='lat' dir='ltr'><strong>in</strong></span> <span class='ocrx_word' id='word_1_535' title='bbox 1644 5299 1933 5371; x_wconf 80' lang='lat' dir='ltr'><strong>fnturoque</strong></span> <span class='ocrx_word' id='word_1_536' title='bbox 1965 5316 2136 5371; x_wconf 89' lang='lat' dir='ltr'><strong>usque</strong></span> 
     </span>
    </p>
   </div>
   <div class='ocr_carea' id='block_1_77' title="bbox 571 5368 2136 5443">
    <p class='ocr_par' dir='ltr' id='par_1_77' title="bbox 571 5368 2136 5443">
     <span class='ocr_line' id='line_1_78' title="bbox 571 5368 2136 5443; baseline 0.001 -20"><span class='ocrx_word' id='word_1_537' title='bbox 571 5371 625 5424; x_wconf 92' lang='lat' dir='ltr'><strong>in</strong></span> <span class='ocrx_word' id='word_1_538' title='bbox 648 5368 1038 5443; x_wconf 67' lang='lat' dir='ltr'><strong>ﬁnemsaeculi,</strong></span> <span class='ocrx_word' id='word_1_539' title='bbox 1060 5373 1200 5430; x_wconf 90' lang='lat' dir='ltr'><strong>sicut</strong></span> <span class='ocrx_word' id='word_1_540' title='bbox 1221 5373 1320 5443; x_wconf 85' lang='lat' dir='ltr'><strong>ipsi</strong></span> <span class='ocrx_word' id='word_1_541' title='bbox 1346 5370 1726 5443; x_wconf 83' lang='lat' dir='ltr'><strong>indubitanter,</strong></span> <span class='ocrx_word' id='word_1_542' title='bbox 1753 5378 1807 5423; x_wconf 88' lang='lat' dir='ltr'><strong>et</strong></span> <span class='ocrx_word' id='word_1_543' title='bbox 1832 5368 1930 5424; x_wconf 82' lang='lat' dir='ltr'><strong>nos</strong></span> <span class='ocrx_word' id='word_1_544' title='bbox 1949 5368 2136 5443; x_wconf 89' lang='lat' dir='ltr'><strong>omnes</strong></span> 
     </span>
    </p>
   </div>
   <div class='ocr_carea' id='block_1_78' title="bbox 568 5440 2135 5511">
    <p class='ocr_par' dir='ltr' id='par_1_78' title="bbox 568 5440 2135 5511">
     <span class='ocr_line' id='line_1_79' title="bbox 568 5440 2135 5511; baseline 0.001 -19"><span class='ocrx_word' id='word_1_545' title='bbox 568 5452 667 5509; x_wconf 87' lang='lat' dir='ltr'><strong>per</strong></span> <span class='ocrx_word' id='word_1_546' title='bbox 695 5441 885 5511; x_wconf 82' lang='lat' dir='ltr'><strong>merita</strong></span> <span class='ocrx_word' id='word_1_547' title='bbox 922 5440 1285 5511; x_wconf 81' lang='lat' dir='ltr'><strong>apostolorum</strong></span> <span class='ocrx_word' id='word_1_548' title='bbox 1323 5440 1673 5503; x_wconf 88' lang='lat' dir='ltr'><strong>conﬁdimus,</strong></span> <span class='ocrx_word' id='word_1_549' title='bbox 1713 5440 2135 5511; x_wconf 77' lang='lat' dir='ltr'><strong>conservandam</strong></span> 
     </span>
    </p>
   </div>
   <div class='ocr_carea' id='block_1_79' title="bbox 571 5507 2130 5578">
    <p class='ocr_par' dir='ltr' id='par_1_79' title="bbox 571 5507 2130 5578">
     <span class='ocr_line' id='line_1_80' title="bbox 571 5507 2130 5578; baseline 0.002 -18"><span class='ocrx_word' id='word_1_550' title='bbox 571 5507 973 5578; x_wconf 65' lang='lat' dir='ltr'><strong>auctoritatem,</strong></span> <span class='ocrx_word' id='word_1_551' title='bbox 1003 5510 1130 5564; x_wconf 90' lang='lat' dir='ltr'><strong>illud</strong></span> <span class='ocrx_word' id='word_1_552' title='bbox 1160 5524 1499 5578; x_wconf 88' lang='lat' dir='ltr'><strong>summopere</strong></span> <span class='ocrx_word' id='word_1_553' title='bbox 1526 5521 1781 5578; x_wconf 63' lang='lat' dir='ltr'><strong>quaerere</strong></span> <span class='ocrx_word' id='word_1_554' title='bbox 1802 5507 2130 5569; x_wconf 86' lang='lat' dir='ltr'><strong>festinemus,</strong></span> 
     </span>
    </p>
   </div>
   <div class='ocr_carea' id='block_1_80' title="bbox 573 5576 2136 5648">
    <p class='ocr_par' dir='ltr' id='par_1_80' title="bbox 573 5576 2136 5648">
     <span class='ocr_line' id='line_1_81' title="bbox 573 5576 2136 5648; baseline 0.002 -21"><span class='ocrx_word' id='word_1_555' title='bbox 573 5581 635 5627; x_wconf 83' lang='lat' dir='ltr'><strong>ut</strong></span> <span class='ocrx_word' id='word_1_556' title='bbox 675 5576 798 5641; x_wconf 89' lang='lat' dir='ltr'><strong>quia</strong></span> <span class='ocrx_word' id='word_1_557' title='bbox 843 5590 1059 5648; x_wconf 68' lang='lat' dir='ltr'><strong>auctore</strong></span> <span class='ocrx_word' id='word_1_558' title='bbox 1101 5579 1239 5648; x_wconf 85' lang='lat' dir='ltr'><strong>Deo.</strong></span> <span class='ocrx_word' id='word_1_559' title='bbox 1283 5576 1399 5632; x_wconf 67' lang='lat' dir='ltr'><strong>haec</strong></span> <span class='ocrx_word' id='word_1_560' title='bbox 1435 5576 1734 5648; x_wconf 43' lang='lat' dir='ltr'><strong>duo—regna</strong></span> <span class='ocrx_word' id='word_1_561' title='bbox 1770 5576 1824 5648; x_wconf 87' lang='lat' dir='ltr'><strong>in</strong></span> <span class='ocrx_word' id='word_1_562' title='bbox 1862 5583 1974 5648; x_wconf 87' lang='lat' dir='ltr'><strong>toto</strong></span> <span class='ocrx_word' id='word_1_563' title='bbox 2006 5578 2136 5648; x_wconf 89' lang='lat' dir='ltr'><strong>orbe</strong></span> 
     </span>
    </p>
   </div>
   <div class='ocr_carea' id='block_1_81' title="bbox 579 5645 2135 5720">
    <p class='ocr_par' dir='ltr' id='par_1_81' title="bbox 579 5645 2135 5720">
     <span class='ocr_line' id='line_1_82' title="bbox 579 5645 2135 5720; baseline 0.003 -24"><span class='ocrx_word' id='word_1_564' title='bbox 579 5651 844 5697; x_wconf 78' lang='lat' dir='ltr'><strong>terrarum</strong></span> <span class='ocrx_word' id='word_1_565' title='bbox 864 5647 1176 5720; x_wconf 80' lang='lat' dir='ltr'><strong>principalia</strong></span> <span class='ocrx_word' id='word_1_566' title='bbox 1200 5655 1381 5702; x_wconf 88' lang='lat' dir='ltr'><strong>mutua</strong></span> <span class='ocrx_word' id='word_1_567' title='bbox 1404 5647 1504 5704; x_wconf 83' lang='lat' dir='ltr'><strong>sibi</strong></span> <span class='ocrx_word' id='word_1_568' title='bbox 1526 5645 1852 5717; x_wconf 55' lang='lat' dir='ltr'><strong>Deo&#39;placita</strong></span> <span class='ocrx_word' id='word_1_569' title='bbox 1874 5645 2135 5707; x_wconf 82' lang='lat' dir='ltr'><strong>charitate</strong></span> 
     </span>
    </p>
   </div>
   <div class='ocr_carea' id='block_1_82' title="bbox 2163 4368 2209 4429">
    <p class='ocr_par' dir='ltr' id='par_1_82' title="bbox 2163 4368 2209 4429">
     <span class='ocr_line' id='line_1_83' title="bbox 2163 4368 2209 4429; baseline 0 0"><span class='ocrx_word' id='word_1_570' title='bbox 2163 4368 2209 4429; x_wconf 81' lang='grc' dir='ltr'><strong>υ</strong></span> 
     </span>
    </p>
   </div>
   <div class='ocr_carea' id='block_1_83' title="bbox 2204 443 3784 515">
    <p class='ocr_par' dir='ltr' id='par_1_83' title="bbox 2204 443 3784 515">
     <span class='ocr_line' id='line_1_84' title="bbox 2204 443 3784 515; baseline 0.005 -17"><span class='ocrx_word' id='word_1_571' title='bbox 2204 444 2515 515; x_wconf 82' lang='lat' dir='ltr'><strong>dissipetur,</strong></span> <span class='ocrx_word' id='word_1_572' title='bbox 2538 451 2603 515; x_wconf 88' lang='lat' dir='ltr'><strong>_ut</strong></span> <span class='ocrx_word' id='word_1_573' title='bbox 2636 458 2741 515; x_wconf 76' lang='lat' dir='ltr'><strong>pax</strong></span> <span class='ocrx_word' id='word_1_574' title='bbox 2771 443 2893 515; x_wconf 79' lang='lat' dir='ltr'><strong>Dei,</strong></span> <span class='ocrx_word' id='word_1_575' title='bbox 2926 453 3371 515; x_wconf 12' lang='lat' dir='ltr'><strong>quaerexsuperat</strong></span> <span class='ocrx_word' id='word_1_576' title='bbox 3397 459 3616 501; x_wconf 89' lang='lat' dir='ltr'><strong>omnem</strong></span> <span class='ocrx_word' id='word_1_577' title='bbox 3657 465 3784 506; x_wconf 78' lang='lat' dir='ltr'><strong>scn-</strong></span> 
     </span>
    </p>
   </div>
   <div class='ocr_carea' id='block_1_84' title="bbox 2201 512 3617 594">
    <p class='ocr_par' dir='ltr' id='par_1_84' title="bbox 2201 512 3617 594">
     <span class='ocr_line' id='line_1_85' title="bbox 2201 512 3617 594; baseline 0.002 -26"><span class='ocrx_word' id='word_1_578' title='bbox 2201 512 2434 594; x_wconf 58' lang='lat' dir='ltr'><strong>sum,&quot;in_</strong></span> <span class='ocrx_word' id='word_1_579' title='bbox 2451 512 2639 594; x_wconf 87' lang='lat' dir='ltr'><strong>eadem</strong></span> <span class='ocrx_word' id='word_1_580' title='bbox 2664 513 2820 593; x_wconf 79' lang='lat' dir='ltr'><strong>beata</strong></span> <span class='ocrx_word' id='word_1_581' title='bbox 2842 512 2998 594; x_wconf 89' lang='lat' dir='ltr'><strong>plebe</strong></span> <span class='ocrx_word' id='word_1_582' title='bbox 3009 512 3253 594; x_wconf 82' lang='lat' dir='ltr'><strong>pleniter</strong></span> <span class='ocrx_word' id='word_1_583' title='bbox 3277 515 3617 571; x_wconf 87' lang='lat' dir='ltr'><strong>restituatur.</strong></span> 
     </span>
    </p>
   </div>
   <div class='ocr_carea' id='block_1_85' title="bbox 2281 581 3786 644">
    <p class='ocr_par' dir='ltr' id='par_1_85' title="bbox 2281 581 3786 644">
     <span class='ocr_line' id='line_1_86' title="bbox 2281 581 3786 644; baseline 0.004 -6"><span class='ocrx_word' id='word_1_584' title='bbox 2281 581 2649 638; x_wconf 85' lang='lat' dir='ltr'><strong>Vociferantur</strong></span> <span class='ocrx_word' id='word_1_585' title='bbox 2670 582 2812 637; x_wconf 90' lang='lat' dir='ltr'><strong>enim</strong></span> <span class='ocrx_word' id='word_1_586' title='bbox 2841 581 2897 636; x_wconf 88' lang='lat' dir='ltr'><strong>in</strong></span> <span class='ocrx_word' id='word_1_587' title='bbox 2923 581 3118 638; x_wconf 68' lang='lat' dir='ltr'><strong>caelitm</strong></span> <span class='ocrx_word' id='word_1_588' title='bbox 3144 598 3251 637; x_wconf 88' lang='lat' dir='ltr'><strong>uno</strong></span> <span class='ocrx_word' id='word_1_589' title='bbox 3274 598 3371 637; x_wconf 88' lang='lat' dir='ltr'><strong>ore</strong></span> <span class='ocrx_word' id='word_1_590' title='bbox 3398 594 3453 639; x_wconf 90' lang='lat' dir='ltr'><strong>et</strong></span> <span class='ocrx_word' id='word_1_591' title='bbox 3478 600 3589 641; x_wconf 92' lang='lat' dir='ltr'><strong>uno</strong></span> <span class='ocrx_word' id='word_1_592' title='bbox 3616 590 3786 644; x_wconf 79' lang='lat' dir='ltr'><strong>corde</strong></span> 
     </span>
    </p>
   </div>
   <div class='ocr_carea' id='block_1_86' title="bbox 2201 650 3785 731">
    <p class='ocr_par' dir='ltr' id='par_1_86' title="bbox 2201 650 3785 731">
     <span class='ocr_line' id='line_1_87' title="bbox 2201 650 3785 731; baseline -0.004 -24"><span class='ocrx_word' id='word_1_593' title='bbox 2201 651 2583 731; x_wconf 88' lang='lat' dir='ltr'><strong>omnipotentis</strong></span> <span class='ocrx_word' id='word_1_594' title='bbox 2624 651 2720 731; x_wconf 70' lang='grc' dir='ltr'><strong>Ι)ςί</strong></span> <span class='ocrx_word' id='word_1_595' title='bbox 2759 650 3027 731; x_wconf 83' lang='lat' dir='ltr'><strong>judicium</strong></span> <span class='ocrx_word' id='word_1_596' title='bbox 3072 652 3457 731; x_wconf 81' lang='lat' dir='ltr'><strong>inevitabiliter</strong></span> <span class='ocrx_word' id='word_1_597' title='bbox 3496 656 3658 731; x_wconf 70' lang='lat' dir='ltr'><strong>nobis</strong></span> <span class='ocrx_word' id='word_1_598' title='bbox 3694 658 3785 713; x_wconf 66' lang='lat' dir='ltr'><strong>in-</strong></span> 
     </span>
    </p>
   </div>
   <div class='ocr_carea' id='block_1_87' title="bbox 2203 720 3788 785">
    <p class='ocr_par' dir='ltr' id='par_1_87' title="bbox 2203 720 3788 785">
     <span class='ocr_line' id='line_1_88' title="bbox 2203 720 3788 785; baseline 0.004 -9"><span class='ocrx_word' id='word_1_599' title='bbox 2203 720 2476 785; x_wconf 80' lang='lat' dir='ltr'><strong>cumbere,</strong></span> <span class='ocrx_word' id='word_1_600' title='bbox 2506 720 2551 774; x_wconf 93' lang='lat' dir='ltr'><strong>si</strong></span> <span class='ocrx_word' id='word_1_601' title='bbox 2578 720 2898 775; x_wconf 87' lang='lat' dir='ltr'><strong>auctoritate</strong></span> <span class='ocrx_word' id='word_1_602' title='bbox 2926 736 3257 776; x_wconf 90' lang='lat' dir='ltr'><strong>summorum</strong></span> <span class='ocrx_word' id='word_1_603' title='bbox 3285 722 3339 777; x_wconf 93' lang='lat' dir='ltr'><strong>in</strong></span> <span class='ocrx_word' id='word_1_604' title='bbox 3370 731 3484 778; x_wconf 90' lang='lat' dir='ltr'><strong>toto</strong></span> <span class='ocrx_word' id='word_1_605' title='bbox 3510 725 3648 781; x_wconf 85' lang='lat' dir='ltr'><strong>orbe</strong></span> <span class='ocrx_word' id='word_1_606' title='bbox 3675 736 3788 782; x_wconf 86' lang='lat' dir='ltr'><strong>ter-</strong></span> 
     </span>
    </p>
   </div>
   <div class='ocr_carea' id='block_1_88' title="bbox 2202 790 3787 860">
    <p class='ocr_par' dir='ltr' id='par_1_88' title="bbox 2202 790 3787 860">
     <span class='ocr_line' id='line_1_89' title="bbox 2202 790 3787 860; baseline 0.005 -16"><span class='ocrx_word' id='word_1_607' title='bbox 2202 806 2385 845; x_wconf 88' lang='lat' dir='ltr'><strong>rarum</strong></span> <span class='ocrx_word' id='word_1_608' title='bbox 2435 790 2795 860; x_wconf 84' lang='lat' dir='ltr'><strong>apostolorum</strong></span> <span class='ocrx_word' id='word_1_609' title='bbox 2849 805 3081 860; x_wconf 90' lang='lat' dir='ltr'><strong>quorum</strong></span> <span class='ocrx_word' id='word_1_610' title='bbox 3105 791 3390 860; x_wconf 77' lang='lat' dir='ltr'><strong>doctrinis</strong></span> <span class='ocrx_word' id='word_1_611' title='bbox 3441 800 3497 847; x_wconf 91' lang='lat' dir='ltr'><strong>et</strong></span> <span class='ocrx_word' id='word_1_612' title='bbox 3548 796 3787 852; x_wconf 84' lang='lat' dir='ltr'><strong>consilio</strong></span> 
     </span>
    </p>
   </div>
   <div class='ocr_carea' id='block_1_89' title="bbox 2202 858 3784 924">
    <p class='ocr_par' dir='ltr' id='par_1_89' title="bbox 2202 858 3784 924">
     <span class='ocr_line' id='line_1_90' title="bbox 2202 858 3784 924; baseline 0.004 -10"><span class='ocrx_word' id='word_1_613' title='bbox 2202 858 2486 915; x_wconf 85' lang='lat' dir='ltr'><strong>universus</strong></span> <span class='ocrx_word' id='word_1_614' title='bbox 2521 858 2753 914; x_wconf 79' lang='lat' dir='ltr'><strong>flectitur</strong></span> <span class='ocrx_word' id='word_1_615' title='bbox 2780 858 3045 924; x_wconf 84' lang='lat' dir='ltr'><strong>mundus,</strong></span> <span class='ocrx_word' id='word_1_616' title='bbox 3086 858 3413 915; x_wconf 88' lang='lat' dir='ltr'><strong>discordiam</strong></span> <span class='ocrx_word' id='word_1_617' title='bbox 3439 872 3674 919; x_wconf 85' lang='lat' dir='ltr'><strong>vestram</strong></span> <span class='ocrx_word' id='word_1_618' title='bbox 3708 868 3784 921; x_wconf 88' lang='lat' dir='ltr'><strong>ad</strong></span> 
     </span>
    </p>
   </div>
   <div class='ocr_carea' id='block_1_90' title="bbox 2201 929 3785 989">
    <p class='ocr_par' dir='ltr' id='par_1_90' title="bbox 2201 929 3785 989">
     <span class='ocr_line' id='line_1_91' title="bbox 2201 929 3785 989; baseline 0.005 -7"><span class='ocrx_word' id='word_1_619' title='bbox 2201 944 2385 984; x_wconf 88' lang='lat' dir='ltr'><strong>veram</strong></span> <span class='ocrx_word' id='word_1_620' title='bbox 2417 929 2758 985; x_wconf 88' lang='lat' dir='ltr'><strong>concordiam</strong></span> <span class='ocrx_word' id='word_1_621' title='bbox 2801 943 2908 983; x_wconf 90' lang='lat' dir='ltr'><strong>non</strong></span> <span class='ocrx_word' id='word_1_622' title='bbox 2949 938 3225 984; x_wconf 89' lang='lat' dir='ltr'><strong>certamus</strong></span> <span class='ocrx_word' id='word_1_623' title='bbox 3256 930 3534 987; x_wconf 89' lang='lat' dir='ltr'><strong>reducere.</strong></span> <span class='ocrx_word' id='word_1_624' title='bbox 3584 933 3785 989; x_wconf 76' lang='lat' dir='ltr'><strong>Dicunt</strong></span> 
     </span>
    </p>
   </div>
   <div class='ocr_carea' id='block_1_91' title="bbox 2202 997 3795 1070">
    <p class='ocr_par' dir='ltr' id='par_1_91' title="bbox 2202 997 3795 1070">
     <span class='ocr_line' id='line_1_92' title="bbox 2202 997 3795 1070; baseline 0.004 -18"><span class='ocrx_word' id='word_1_625' title='bbox 2202 1000 2386 1070; x_wconf 79' lang='lat' dir='ltr'><strong>etiam,</strong></span> <span class='ocrx_word' id='word_1_626' title='bbox 2409 999 2536 1070; x_wconf 89' lang='lat' dir='ltr'><strong>quid</strong></span> <span class='ocrx_word' id='word_1_627' title='bbox 2563 997 2737 1070; x_wconf 77' lang='lat' dir='ltr'><strong>acturi</strong></span> <span class='ocrx_word' id='word_1_628' title='bbox 2749 1006 2914 1070; x_wconf 80' lang='lat' dir='ltr'><strong>_e_r_aut</strong></span> <span class='ocrx_word' id='word_1_629' title='bbox 2935 998 3002 1052; x_wconf 91' lang='lat' dir='ltr'><strong>de</strong></span> <span class='ocrx_word' id='word_1_630' title='bbox 3028 1008 3138 1053; x_wconf 90' lang='lat' dir='ltr'><strong>tam</strong></span> <span class='ocrx_word' id='word_1_631' title='bbox 3163 999 3435 1070; x_wconf 64' lang='lat' dir='ltr'><strong>praecipuo</strong></span> <span class='ocrx_word' id='word_1_632' title='bbox 3457 1016 3645 1056; x_wconf 87' lang='lat' dir='ltr'><strong>coram</strong></span> <span class='ocrx_word' id='word_1_633' title='bbox 3670 1004 3795 1059; x_wconf 81' lang='lat' dir='ltr'><strong>Deo</strong></span> 
     </span>
    </p>
   </div>
   <div class='ocr_carea' id='block_1_92' title="bbox 2205 1058 3790 1192">
    <p class='ocr_par' dir='ltr' id='par_1_92' title="bbox 2205 1058 3790 1192">
     <span class='ocr_line' id='line_1_93' title="bbox 2205 1058 3790 1192; baseline 0.004 -72"><span class='ocrx_word' id='word_1_634' title='bbox 2205 1058 2403 1122; x_wconf 85' lang='lat' dir='ltr'><strong>amisso</strong></span> <span class='ocrx_word' id='word_1_635' title='bbox 2426 1058 2642 1130; x_wconf 72' lang='lat' dir='ltr'><strong>solatio,</strong></span> <span class='ocrx_word' id='word_1_636' title='bbox 2662 1067 2716 1121; x_wconf 87' lang='lat' dir='ltr'><strong>si</strong></span> <span class='ocrx_word' id='word_1_637' title='bbox 2748 1058 2884 1127; x_wconf 70' lang='lat' dir='ltr'><strong>illds,</strong></span> <span class='ocrx_word' id='word_1_638' title='bbox 2913 1082 3049 1136; x_wconf 90' lang='lat' dir='ltr'><strong>quos</strong></span> <span class='ocrx_word' id='word_1_639' title='bbox 3060 1058 3199 1192; x_wconf 71' lang='lat' dir='ltr'><strong>lpost</strong></span> <span class='ocrx_word' id='word_1_640' title='bbox 3229 1058 3389 1139; x_wconf 71' lang='lat' dir='ltr'><strong>bujtis</strong></span> <span class='ocrx_word' id='word_1_641' title='bbox 3413 1080 3617 1126; x_wconf 66' lang='lat' dir='ltr'><strong>sanctae</strong></span> <span class='ocrx_word' id='word_1_642' title='bbox 3641 1058 3790 1127; x_wconf 78' lang='lat' dir='ltr'><strong>sedis</strong></span> 
     </span>
     <span class='ocr_line' id='line_1_94' title="bbox 2205 1136 3786 1192; baseline 0.001 -1"><span class='ocrx_word' id='word_1_643' title='bbox 2205 1136 2590 1192; x_wconf 88' lang='lat' dir='ltr'><strong>immutabilem</strong></span> <span class='ocrx_word' id='word_1_644' title='bbox 2623 1136 2934 1192; x_wconf 87' lang='lat' dir='ltr'><strong>tuitionem.</strong></span> <span class='ocrx_word' id='word_1_645' title='bbox 2964 1136 3056 1192; x_wconf 91' lang='lat' dir='ltr'><strong>illu</strong></span> <span class='ocrx_word' id='word_1_646' title='bbox 3128 1138 3184 1192; x_wconf 90' lang='lat' dir='ltr'><strong>in</strong></span> <span class='ocrx_word' id='word_1_647' title='bbox 3215 1145 3326 1191; x_wconf 90' lang='lat' dir='ltr'><strong>tam</strong></span> <span class='ocrx_word' id='word_1_648' title='bbox 3351 1140 3622 1192; x_wconf 70' lang='lat' dir='ltr'><strong>nminne</strong></span> <span class='ocrx_word' id='word_1_649' title='bbox 3652 1141 3786 1192; x_wconf 86' lang='lat' dir='ltr'><strong>cha-</strong></span> 
     </span>
    </p>
   </div>
   <div class='ocr_carea' id='block_1_93' title="bbox 2205 1136 3786 1222">
    <p class='ocr_par' dir='ltr' id='par_1_93' title="bbox 2205 1136 3786 1222">
     <span class='ocr_line' id='line_1_95' title="bbox 2205 1136 3786 1222; baseline -0.006 -31"><span class='ocrx_word' id='word_1_650' title='bbox 2205 1136 2609 1222; x_wconf 68' lang='lat' dir='ltr'><strong>immutabilem</strong></span> <span class='ocrx_word' id='word_1_651' title='bbox 2616 1136 2903 1222; x_wconf 70' lang='lat' dir='ltr'><strong>iuitiooem</strong></span> <span class='ocrx_word' id='word_1_652' title='bbox 2919 1176 2934 1199; x_wconf 91' lang='lat'><strong>,</strong></span> <span class='ocrx_word' id='word_1_653' title='bbox 2964 1136 3096 1192; x_wconf 83' lang='lat' dir='ltr'><strong>illud</strong></span> <span class='ocrx_word' id='word_1_654' title='bbox 3128 1136 3786 1222; x_wconf 31' lang='lat' dir='ltr'><strong>in‘tain‘prmcipnefhg-</strong></span> 
     </span>
    </p>
   </div>
   <div class='ocr_carea' id='block_1_94' title="bbox 2205 1205 3787 1278">
    <p class='ocr_par' dir='ltr' id='par_1_94' title="bbox 2205 1205 3787 1278">
     <span class='ocr_line' id='line_1_96' title="bbox 2205 1205 3787 1278; baseline 0.004 -18"><span class='ocrx_word' id='word_1_655' title='bbox 2205 1206 2435 1278; x_wconf 85' lang='lat' dir='ltr'><strong>rissimis</strong></span> <span class='ocrx_word' id='word_1_656' title='bbox 2462 1205 2716 1278; x_wconf 51' lang='lat' dir='ltr'><strong>{matribus</strong></span> <span class='ocrx_word' id='word_1_657' title='bbox 2740 1205 2989 1278; x_wconf 77' lang='lat' dir='ltr'><strong>solatium</strong></span> <span class='ocrx_word' id='word_1_658' title='bbox 3010 1205 3370 1278; x_wconf 59' lang='lat' dir='ltr'><strong>perdiderint:</strong></span> <span class='ocrx_word' id='word_1_659' title='bbox 3387 1211 3497 1278; x_wconf 89' lang='lat' dir='ltr'><strong>qui</strong></span> <span class='ocrx_word' id='word_1_660' title='bbox 3518 1205 3703 1265; x_wconf 76' lang='lat' dir='ltr'><strong>simile</strong></span> <span class='ocrx_word' id='word_1_661' title='bbox 3730 1213 3787 1267; x_wconf 86' lang='lat' dir='ltr'><strong>in</strong></span> 
     </span>
    </p>
   </div>
   <div class='ocr_carea' id='block_1_95' title="bbox 2205 1274 3782 1335">
    <p class='ocr_par' dir='ltr' id='par_1_95' title="bbox 2205 1274 3782 1335">
     <span class='ocr_line' id='line_1_97' title="bbox 2205 1274 3782 1335; baseline 0.004 -7"><span class='ocrx_word' id='word_1_662' title='bbox 2205 1276 2454 1330; x_wconf 87' lang='lat' dir='ltr'><strong>universa</strong></span> <span class='ocrx_word' id='word_1_663' title='bbox 2491 1275 2730 1331; x_wconf 87' lang='lat' dir='ltr'><strong>Ecclesia</strong></span> <span class='ocrx_word' id='word_1_664' title='bbox 2768 1274 2973 1329; x_wconf 90' lang='lat' dir='ltr'><strong>nullum</strong></span> <span class='ocrx_word' id='word_1_665' title='bbox 3008 1274 3325 1330; x_wconf 79' lang='lat' dir='ltr'><strong>habebunt?</strong></span> <span class='ocrx_word' id='word_1_666' title='bbox 3376 1274 3441 1332; x_wconf 90' lang='lat' dir='ltr'><strong>Si</strong></span> <span class='ocrx_word' id='word_1_667' title='bbox 3472 1279 3618 1333; x_wconf 88' lang='lat' dir='ltr'><strong>enim</strong></span> <span class='ocrx_word' id='word_1_668' title='bbox 3658 1296 3782 1335; x_wconf 89' lang='lat' dir='ltr'><strong>cum</strong></span> 
     </span>
    </p>
   </div>
   <div class='ocr_carea' id='block_1_96' title="bbox 2207 1344 3778 1425">
    <p class='ocr_par' dir='ltr' id='par_1_96' title="bbox 2207 1344 3778 1425">
     <span class='ocr_line' id='line_1_98' title="bbox 2207 1344 3778 1425; baseline 0.005 -26"><span class='ocrx_word' id='word_1_669' title='bbox 2207 1344 2312 1399; x_wconf 88' lang='lat' dir='ltr'><strong>illis</strong></span> <span class='ocrx_word' id='word_1_670' title='bbox 2346 1359 2530 1399; x_wconf 87' lang='lat' dir='ltr'><strong>veram</strong></span> <span class='ocrx_word' id='word_1_671' title='bbox 2565 1344 2727 1425; x_wconf 81' lang='lat' dir='ltr'><strong>tidem</strong></span> <span class='ocrx_word' id='word_1_672' title='bbox 2748 1384 2763 1409; x_wconf 94' lang='lat'><strong>,</strong></span> <span class='ocrx_word' id='word_1_673' title='bbox 2816 1345 3187 1425; x_wconf 68' lang='lat' dir='ltr'><strong>iniegruinque</strong></span> <span class='ocrx_word' id='word_1_674' title='bbox 3217 1345 3499 1425; x_wconf 67' lang='lat' dir='ltr'><strong>etiaritatis</strong></span> <span class='ocrx_word' id='word_1_675' title='bbox 3527 1350 3778 1407; x_wconf 85' lang='lat' dir='ltr'><strong>ardorem</strong></span> 
     </span>
    </p>
   </div>
   <div class='ocr_carea' id='block_1_97' title="bbox 2206 1411 3783 1483">
    <p class='ocr_par' dir='ltr' id='par_1_97' title="bbox 2206 1411 3783 1483">
     <span class='ocr_line' id='line_1_99' title="bbox 2206 1411 3783 1483; baseline 0.003 -15"><span class='ocrx_word' id='word_1_676' title='bbox 2206 1428 2313 1483; x_wconf 91' lang='lat' dir='ltr'><strong>non</strong></span> <span class='ocrx_word' id='word_1_677' title='bbox 2351 1414 2715 1479; x_wconf 88' lang='lat' dir='ltr'><strong>servaverint,</strong></span> <span class='ocrx_word' id='word_1_678' title='bbox 2762 1413 2892 1483; x_wconf 86' lang='lat' dir='ltr'><strong>quid</strong></span> <span class='ocrx_word' id='word_1_679' title='bbox 2932 1411 2988 1467; x_wconf 87' lang='lat' dir='ltr'><strong>in</strong></span> <span class='ocrx_word' id='word_1_680' title='bbox 3017 1411 3221 1481; x_wconf 88' lang='lat' dir='ltr'><strong>judicio</strong></span> <span class='ocrx_word' id='word_1_681' title='bbox 3253 1414 3468 1471; x_wconf 89' lang='lat' dir='ltr'><strong>Domini</strong></span> <span class='ocrx_word' id='word_1_682' title='bbox 3505 1426 3653 1471; x_wconf 82' lang='lat' dir='ltr'><strong>tanta</strong></span> <span class='ocrx_word' id='word_1_683' title='bbox 3690 1434 3783 1473; x_wconf 86' lang='lat' dir='ltr'><strong>ne-</strong></span> 
     </span>
    </p>
   </div>
   <div class='ocr_carea' id='block_1_98' title="bbox 2207 1482 3787 1553">
    <p class='ocr_par' dir='ltr' id='par_1_98' title="bbox 2207 1482 3787 1553">
     <span class='ocr_line' id='line_1_100' title="bbox 2207 1482 3787 1553; baseline 0.004 -18"><span class='ocrx_word' id='word_1_684' title='bbox 2207 1482 2378 1553; x_wconf 87' lang='lat' dir='ltr'><strong>glecta</strong></span> <span class='ocrx_word' id='word_1_685' title='bbox 2427 1485 2692 1539; x_wconf 87' lang='lat' dir='ltr'><strong>charitate</strong></span> <span class='ocrx_word' id='word_1_686' title='bbox 2746 1482 2819 1553; x_wconf 78' lang='lat' dir='ltr'><strong>et</strong></span> <span class='ocrx_word' id='word_1_687' title='bbox 2851 1482 2927 1553; x_wconf 78' lang='lat' dir='ltr'><strong>in_</strong></span> <span class='ocrx_word' id='word_1_688' title='bbox 2951 1483 3167 1553; x_wconf 89' lang='lat' dir='ltr'><strong>nomine</strong></span> <span class='ocrx_word' id='word_1_689' title='bbox 3219 1483 3432 1540; x_wconf 87' lang='lat' dir='ltr'><strong>Domini</strong></span> <span class='ocrx_word' id='word_1_690' title='bbox 3481 1487 3787 1542; x_wconf 83' lang='lat' dir='ltr'><strong>certissime</strong></span> 
     </span>
    </p>
   </div>
   <div class='ocr_carea' id='block_1_99' title="bbox 2208 1551 3784 1633">
    <p class='ocr_par' dir='ltr' id='par_1_99' title="bbox 2208 1551 3784 1633">
     <span class='ocr_line' id='line_1_101' title="bbox 2208 1551 3784 1633; baseline 0.003 -25"><span class='ocrx_word' id='word_1_691' title='bbox 2208 1551 2891 1633; x_wconf 57' lang='lat' dir='ltr'><strong>conﬁrmatameglexerint</strong></span> <span class='ocrx_word' id='word_1_692' title='bbox 3115 1567 3225 1633; x_wconf 86' lang='lat' dir='ltr'><strong>_nos</strong></span> <span class='ocrx_word' id='word_1_693' title='bbox 3256 1553 3525 1633; x_wconf 70' lang='lat' dir='ltr'><strong>diuturna:</strong></span> <span class='ocrx_word' id='word_1_694' title='bbox 3565 1556 3784 1633; x_wconf 75' lang='lat' dir='ltr'><strong>lectiopi</strong></span> 
     </span>
    </p>
   </div>
   <div class='ocr_carea' id='block_1_100' title="bbox 2208 1619 3786 1694">
    <p class='ocr_par' dir='ltr' id='par_1_100' title="bbox 2208 1619 3786 1694">
     <span class='ocr_line' id='line_1_102' title="bbox 2208 1619 3786 1694; baseline 0.005 -21"><span class='ocrx_word' id='word_1_695' title='bbox 2208 1630 2495 1692; x_wconf 89' lang='lat' dir='ltr'><strong>vestroque</strong></span> <span class='ocrx_word' id='word_1_696' title='bbox 2518 1619 3007 1694; x_wconf 68' lang='lat' dir='ltr'><strong>fastigiollastidio]</strong></span> <span class='ocrx_word' id='word_1_697' title='bbox 3033 1622 3087 1675; x_wconf 90' lang='lat' dir='ltr'><strong>in</strong></span> <span class='ocrx_word' id='word_1_698' title='bbox 3114 1621 3340 1694; x_wconf 75' lang='lat' dir='ltr'><strong>legendo</strong></span> <span class='ocrx_word' id='word_1_699' title='bbox 3361 1636 3660 1694; x_wconf 85' lang='lat' dir='ltr'><strong>parcentes,</strong></span> <span class='ocrx_word' id='word_1_700' title='bbox 3687 1626 3786 1681; x_wconf 87' lang='lat' dir='ltr'><strong>ubi</strong></span> 
     </span>
    </p>
   </div>
   <div class='ocr_carea' id='block_1_101' title="bbox 1655 1691 3775 1768">
    <p class='ocr_par' dir='ltr' id='par_1_101' title="bbox 1655 1691 3775 1768">
     <span class='ocr_line' id='line_1_103' title="bbox 1655 1691 3775 1768; baseline 0 -21"><span class='ocrx_word' id='word_1_701' title='bbox 1655 1708 1817 1768; x_wconf 78' lang='lat' dir='ltr'><strong>quam</strong></span> <span class='ocrx_word' id='word_1_702' title='bbox 1855 1693 2111 1768; x_wconf 78' lang='lat' dir='ltr'><strong>Dominus</strong></span> <span class='ocrx_word' id='word_1_703' title='bbox 2141 1707 2185 1768; x_wconf 69' lang='grc' dir='ltr'><strong><em>Β</em></strong></span> <span class='ocrx_word' id='word_1_704' title='bbox 2212 1698 2362 1768; x_wconf 57' lang='lat' dir='ltr'><strong>tenta</strong></span> <span class='ocrx_word' id='word_1_705' title='bbox 2382 1695 2456 1768; x_wconf 74' lang='lat' dir='ltr'><strong>ab</strong></span> <span class='ocrx_word' id='word_1_706' title='bbox 2483 1692 2566 1749; x_wconf 85' lang='lat' dir='ltr'><strong>eis</strong></span> <span class='ocrx_word' id='word_1_707' title='bbox 2592 1691 2853 1768; x_wconf 81' lang='lat' dir='ltr'><strong>charitate</strong></span> <span class='ocrx_word' id='word_1_708' title='bbox 2876 1691 3127 1768; x_wconf 54' lang='lat' dir='ltr'><strong>urgente,</strong></span> <span class='ocrx_word' id='word_1_709' title='bbox 3146 1691 3213 1746; x_wconf 91' lang='lat' dir='ltr'><strong>de</strong></span> <span class='ocrx_word' id='word_1_710' title='bbox 3240 1691 3568 1768; x_wconf 59' lang='lat' dir='ltr'><strong>Deo&#39;placita</strong></span> <span class='ocrx_word' id='word_1_711' title='bbox 3590 1702 3775 1768; x_wconf 84' lang='lat' dir='ltr'><strong>mutua</strong></span> 
     </span>
    </p>
   </div>
   <div class='ocr_carea' id='block_1_102' title="bbox 2215 1759 3796 1833">
    <p class='ocr_par' dir='ltr' id='par_1_102' title="bbox 2215 1759 3796 1833">
     <span class='ocr_line' id='line_1_104' title="bbox 2215 1759 3796 1833; baseline 0.003 -18"><span class='ocrx_word' id='word_1_712' title='bbox 2215 1760 2503 1816; x_wconf 89' lang='lat' dir='ltr'><strong>dilectione</strong></span> <span class='ocrx_word' id='word_1_713' title='bbox 2532 1771 2710 1833; x_wconf 84' lang='lat' dir='ltr'><strong>vestra</strong></span> <span class='ocrx_word' id='word_1_714' title='bbox 2729 1800 2743 1824; x_wconf 92' lang='lat'><strong>,</strong></span> <span class='ocrx_word' id='word_1_715' title='bbox 2783 1759 3079 1833; x_wconf 73' lang='lat' dir='ltr'><strong>plorando,</strong></span> <span class='ocrx_word' id='word_1_716' title='bbox 3097 1761 3222 1833; x_wconf 80' lang='lat' dir='ltr'><strong>imo</strong></span> <span class='ocrx_word' id='word_1_717' title='bbox 3250 1759 3477 1831; x_wconf 87' lang='lat' dir='ltr'><strong>lugendo</strong></span> <span class='ocrx_word' id='word_1_718' title='bbox 3507 1764 3796 1833; x_wconf 70' lang='lat' dir='ltr'><strong>conquesti</strong></span> 
     </span>
    </p>
   </div>
   <div class='ocr_carea' id='block_1_103' title="bbox 2214 1829 3787 1902">
    <p class='ocr_par' dir='ltr' id='par_1_103' title="bbox 2214 1829 3787 1902">
     <span class='ocr_line' id='line_1_105' title="bbox 2214 1829 3787 1902; baseline 0.002 -18"><span class='ocrx_word' id='word_1_719' title='bbox 2214 1837 2369 1902; x_wconf 83' lang='lat' dir='ltr'><strong>sunt,</strong></span> <span class='ocrx_word' id='word_1_720' title='bbox 2399 1846 2519 1902; x_wconf 75' lang='lat' dir='ltr'><strong>qum</strong></span> <span class='ocrx_word' id='word_1_721' title='bbox 2549 1831 2604 1884; x_wconf 92' lang='lat' dir='ltr'><strong>in</strong></span> <span class='ocrx_word' id='word_1_722' title='bbox 2633 1844 2797 1902; x_wconf 84' lang='lat' dir='ltr'><strong>unum</strong></span> <span class='ocrx_word' id='word_1_723' title='bbox 2827 1829 3003 1902; x_wconf 76' lang='lat' dir='ltr'><strong>colligi</strong></span> <span class='ocrx_word' id='word_1_724' title='bbox 3032 1829 3245 1902; x_wconf 78' lang='lat' dir='ltr'><strong>dillicile</strong></span> <span class='ocrx_word' id='word_1_725' title='bbox 3273 1829 3517 1902; x_wconf 82' lang='lat' dir='ltr'><strong>possunt,</strong></span> <span class='ocrx_word' id='word_1_726' title='bbox 3549 1829 3787 1893; x_wconf 84' lang='lat' dir='ltr'><strong>omissis.</strong></span> 
     </span>
    </p>
   </div>
   <div class='ocr_carea' id='block_1_104' title="bbox 2215 1898 3789 1972">
    <p class='ocr_par' dir='ltr' id='par_1_104' title="bbox 2215 1898 3789 1972">
     <span class='ocr_line' id='line_1_106' title="bbox 2215 1898 3789 1972; baseline 0.001 -19"><span class='ocrx_word' id='word_1_727' title='bbox 2215 1899 2283 1972; x_wconf 85' lang='lat' dir='ltr'><strong>ad</strong></span> <span class='ocrx_word' id='word_1_728' title='bbox 2315 1898 2571 1972; x_wconf 80' lang='lat' dir='ltr'><strong>eamdem</strong></span> <span class='ocrx_word' id='word_1_729' title='bbox 2595 1899 2788 1972; x_wconf 84' lang='lat' dir='ltr'><strong>seriem</strong></span> <span class='ocrx_word' id='word_1_730' title='bbox 2817 1898 3166 1972; x_wconf 76' lang='lat' dir='ltr'><strong>detexendam</strong></span> <span class='ocrx_word' id='word_1_731' title='bbox 3185 1940 3200 1965; x_wconf 89' lang='lat'><strong>,</strong></span> <span class='ocrx_word' id='word_1_732' title='bbox 3230 1898 3402 1972; x_wconf 73' lang='lat' dir='ltr'><strong>quam</strong></span> <span class='ocrx_word' id='word_1_733' title='bbox 3433 1902 3538 1972; x_wconf 84' lang='lat' dir='ltr'><strong>ipsi</strong></span> <span class='ocrx_word' id='word_1_734' title='bbox 3562 1903 3789 1972; x_wconf 79' lang='lat' dir='ltr'><strong>de&#39;ima-</strong></span> 
     </span>
    </p>
   </div>
   <div class='ocr_carea' id='block_1_105' title="bbox 2251 1968 3788 2049">
    <p class='ocr_par' dir='ltr' id='par_1_105' title="bbox 2251 1968 3788 2049">
     <span class='ocr_line' id='line_1_107' title="bbox 2251 1968 3788 2049; baseline 0.001 -27"><span class='ocrx_word' id='word_1_735' title='bbox 2251 1969 2397 2049; x_wconf 74' lang='lat' dir='ltr'><strong>iitum</strong></span> <span class='ocrx_word' id='word_1_736' title='bbox 2445 1969 2714 2049; x_wconf 85' lang='lat' dir='ltr'><strong>reddenda</strong></span> <span class='ocrx_word' id='word_1_737' title='bbox 2755 1968 2964 2023; x_wconf 87' lang='lat' dir='ltr'><strong>ratione</strong></span> <span class='ocrx_word' id='word_1_738' title='bbox 3003 1968 3431 2042; x_wconf 76' lang='lat' dir='ltr'><strong>spoponderant,</strong></span> <span class='ocrx_word' id='word_1_739' title='bbox 3452 1968 3788 2027; x_wconf 59' lang='lat' dir='ltr'><strong>&#39;redeamus.</strong></span> 
     </span>
    </p>
   </div>
   <div class='ocr_carea' id='block_1_106' title="bbox 2264 2038 2595 2092">
    <p class='ocr_par' dir='ltr' id='par_1_106' title="bbox 2264 2038 2595 2092">
     <span class='ocr_line' id='line_1_108' title="bbox 2264 2038 2595 2092; baseline 0.003 -1"><span class='ocrx_word' id='word_1_740' title='bbox 2264 2038 2381 2092; x_wconf 87' lang='lat' dir='ltr'><strong>ittnt</strong></span> <span class='ocrx_word' id='word_1_741' title='bbox 2411 2038 2555 2092; x_wconf 91' lang='lat' dir='ltr'><strong>enim</strong></span> <span class='ocrx_word' id='word_1_742' title='bbox 2583 2057 2595 2092; x_wconf 90' lang='lat'><strong>:</strong></span> 
     </span>
    </p>
   </div>
   <div class='ocr_carea' id='block_1_107' title="bbox 2285 2105 3792 2180">
    <p class='ocr_par' dir='ltr' id='par_1_107' title="bbox 2285 2105 3792 2180">
     <span class='ocr_line' id='line_1_109' title="bbox 2285 2105 3792 2180; baseline 0.001 -18"><span class='ocrx_word' id='word_1_743' title='bbox 2285 2105 2689 2180; x_wconf 83' lang='lat' dir='ltr'><strong>Oramusergo,</strong></span> <span class='ocrx_word' id='word_1_744' title='bbox 2719 2106 3055 2180; x_wconf 84' lang='lat' dir='ltr'><strong>sanctissime</strong></span> <span class='ocrx_word' id='word_1_745' title='bbox 3078 2114 3239 2178; x_wconf 90' lang='lat' dir='ltr'><strong>atque</strong></span> <span class='ocrx_word' id='word_1_746' title='bbox 3261 2109 3572 2165; x_wconf 89' lang='lat' dir='ltr'><strong>beatissime</strong></span> <span class='ocrx_word' id='word_1_747' title='bbox 3608 2111 3792 2180; x_wconf 87' lang='lat' dir='ltr'><strong>ponti-</strong></span> 
     </span>
    </p>
   </div>
   <div class='ocr_carea' id='block_1_108' title="bbox 2216 2175 3797 2247">
    <p class='ocr_par' dir='ltr' id='par_1_108' title="bbox 2216 2175 3797 2247">
     <span class='ocr_line' id='line_1_110' title="bbox 2216 2175 3797 2247; baseline 0.004 -18"><span class='ocrx_word' id='word_1_748' title='bbox 2216 2175 2333 2240; x_wconf 79' lang='lat' dir='ltr'><strong>fex,</strong></span> <span class='ocrx_word' id='word_1_749' title='bbox 2364 2187 2422 2232; x_wconf 92' lang='lat' dir='ltr'><strong>ut</strong></span> <span class='ocrx_word' id='word_1_750' title='bbox 2452 2175 2971 2247; x_wconf 49' lang='lat' dir='ltr'><strong>nobis—antiquorum</strong></span> <span class='ocrx_word' id='word_1_751' title='bbox 2999 2175 3212 2246; x_wconf 81' lang='lat' dir='ltr'><strong>patrum</strong></span> <span class='ocrx_word' id='word_1_752' title='bbox 3240 2188 3543 2235; x_wconf 88' lang='lat' dir='ltr'><strong>nostrorum</strong></span> <span class='ocrx_word' id='word_1_753' title='bbox 3584 2175 3693 2235; x_wconf 76' lang='lat' dir='ltr'><strong>liae</strong></span> <span class='ocrx_word' id='word_1_754' title='bbox 3729 2182 3797 2235; x_wconf 89' lang='lat' dir='ltr'><strong>de</strong></span> 
     </span>
    </p>
   </div>
   <div class='ocr_carea' id='block_1_109' title="bbox 2216 2247 3802 2318">
    <p class='ocr_par' dir='ltr' id='par_1_109' title="bbox 2216 2247 3802 2318">
     <span class='ocr_line' id='line_1_111' title="bbox 2216 2247 3802 2318; baseline 0.001 -17"><span class='ocrx_word' id='word_1_755' title='bbox 2216 2261 2379 2301; x_wconf 86' lang='lat' dir='ltr'><strong>causa</strong></span> <span class='ocrx_word' id='word_1_756' title='bbox 2408 2248 2788 2318; x_wconf 71' lang='lat' dir='ltr'><strong>vitzecursum</strong></span> <span class='ocrx_word' id='word_1_757' title='bbox 2828 2247 3059 2318; x_wconf 86' lang='lat' dir='ltr'><strong>recitare</strong></span> <span class='ocrx_word' id='word_1_758' title='bbox 3098 2247 3282 2312; x_wconf 85' lang='lat' dir='ltr'><strong>liceat,</strong></span> <span class='ocrx_word' id='word_1_759' title='bbox 3321 2248 3589 2318; x_wconf 85' lang='lat' dir='ltr'><strong>simulque</strong></span> <span class='ocrx_word' id='word_1_760' title='bbox 3625 2258 3802 2318; x_wconf 86' lang='lat' dir='ltr'><strong>prout</strong></span> 
     </span>
    </p>
   </div>
   <div class='ocr_carea' id='block_1_110' title="bbox 2217 2315 3799 2387">
    <p class='ocr_par' dir='ltr' id='par_1_110' title="bbox 2217 2315 3799 2387">
     <span class='ocr_line' id='line_1_112' title="bbox 2217 2315 3799 2387; baseline 0.002 -17"><span class='ocrx_word' id='word_1_761' title='bbox 2217 2317 2442 2387; x_wconf 74' lang='lat' dir='ltr'><strong>rationis</strong></span> <span class='ocrx_word' id='word_1_762' title='bbox 2468 2315 2601 2372; x_wconf 90' lang='lat' dir='ltr'><strong>ordo</strong></span> <span class='ocrx_word' id='word_1_763' title='bbox 2625 2316 2956 2387; x_wconf 85' lang='lat' dir='ltr'><strong>poposcerit,</strong></span> <span class='ocrx_word' id='word_1_764' title='bbox 2995 2332 3180 2372; x_wconf 88' lang='lat' dir='ltr'><strong>sensus</strong></span> <span class='ocrx_word' id='word_1_765' title='bbox 3206 2318 3285 2372; x_wconf 91' lang='lat' dir='ltr'><strong>sui</strong></span> <span class='ocrx_word' id='word_1_766' title='bbox 3313 2315 3563 2372; x_wconf 32' lang='lat' dir='ltr'><strong>aﬂ‘ectu’m</strong></span> <span class='ocrx_word' id='word_1_767' title='bbox 3594 2315 3652 2373; x_wconf 78' lang='lat' dir='ltr'><strong>in</strong></span> <span class='ocrx_word' id='word_1_768' title='bbox 3684 2318 3799 2373; x_wconf 86' lang='lat' dir='ltr'><strong>hac</strong></span> 
     </span>
    </p>
   </div>
   <div class='ocr_carea' id='block_1_111' title="bbox 2217 2386 3797 2448">
    <p class='ocr_par' dir='ltr' id='par_1_111' title="bbox 2217 2386 3797 2448">
     <span class='ocr_line' id='line_1_113' title="bbox 2217 2386 3797 2448; baseline 0.003 -8"><span class='ocrx_word' id='word_1_769' title='bbox 2217 2386 2477 2441; x_wconf 81' lang='lat' dir='ltr'><strong>duntaxat</strong></span> <span class='ocrx_word' id='word_1_770' title='bbox 2514 2402 2605 2448; x_wconf 88' lang='lat' dir='ltr'><strong>re,</strong></span> <span class='ocrx_word' id='word_1_771' title='bbox 2634 2386 2743 2440; x_wconf 85' lang='lat' dir='ltr'><strong>cur</strong></span> <span class='ocrx_word' id='word_1_772' title='bbox 2767 2386 2841 2440; x_wconf 91' lang='lat' dir='ltr'><strong>ita</strong></span> <span class='ocrx_word' id='word_1_773' title='bbox 2870 2387 2951 2439; x_wconf 85' lang='lat' dir='ltr'><strong>vel</strong></span> <span class='ocrx_word' id='word_1_774' title='bbox 2989 2388 3062 2441; x_wconf 87' lang='lat' dir='ltr'><strong>ita</strong></span> <span class='ocrx_word' id='word_1_775' title='bbox 3099 2388 3359 2442; x_wconf 86' lang='lat' dir='ltr'><strong>tenuerint</strong></span> <span class='ocrx_word' id='word_1_776' title='bbox 3402 2388 3797 2444; x_wconf 83' lang='lat' dir='ltr'><strong>interserendo</strong></span> 
     </span>
    </p>
   </div>
   <div class='ocr_carea' id='block_1_112' title="bbox 2217 2455 3798 2526">
    <p class='ocr_par' dir='ltr' id='par_1_112' title="bbox 2217 2455 3798 2526">
     <span class='ocr_line' id='line_1_114' title="bbox 2217 2455 3798 2526; baseline 0.003 -18"><span class='ocrx_word' id='word_1_777' title='bbox 2217 2455 2526 2526; x_wconf 77' lang='lat' dir='ltr'><strong>adjungere.</strong></span> <span class='ocrx_word' id='word_1_778' title='bbox 2556 2456 2666 2511; x_wconf 87' lang='lat' dir='ltr'><strong>Nec</strong></span> <span class='ocrx_word' id='word_1_779' title='bbox 2691 2456 2843 2510; x_wconf 89' lang='lat' dir='ltr'><strong>vobis</strong></span> <span class='ocrx_word' id='word_1_780' title='bbox 2871 2457 3085 2512; x_wconf 61' lang='lat' dir='ltr'><strong>taedium</strong></span> <span class='ocrx_word' id='word_1_781' title='bbox 3111 2455 3218 2522; x_wconf 83' lang='lat' dir='ltr'><strong>ﬁat,</strong></span> <span class='ocrx_word' id='word_1_782' title='bbox 3244 2458 3289 2511; x_wconf 90' lang='lat' dir='ltr'><strong>si</strong></span> <span class='ocrx_word' id='word_1_783' title='bbox 3314 2457 3380 2512; x_wconf 92' lang='lat' dir='ltr'><strong>ad</strong></span> <span class='ocrx_word' id='word_1_784' title='bbox 3400 2457 3798 2513; x_wconf 83' lang='lat' dir='ltr'><strong>ostendendam</strong></span> 
     </span>
    </p>
   </div>
   <div class='ocr_carea' id='block_1_113' title="bbox 2218 2526 3803 2597">
    <p class='ocr_par' dir='ltr' id='par_1_113' title="bbox 2218 2526 3803 2597">
     <span class='ocr_line' id='line_1_115' title="bbox 2218 2526 3803 2597; baseline 0.001 -17"><span class='ocrx_word' id='word_1_785' title='bbox 2218 2527 2479 2597; x_wconf 79' lang='lat' dir='ltr'><strong>rationem</strong></span> <span class='ocrx_word' id='word_1_786' title='bbox 2511 2526 2779 2588; x_wconf 76' lang='lat' dir='ltr'><strong>veritatis,</strong></span> <span class='ocrx_word' id='word_1_787' title='bbox 2808 2526 3197 2597; x_wconf 70' lang='lat' dir='ltr'><strong>veritatemque</strong></span> <span class='ocrx_word' id='word_1_788' title='bbox 3225 2526 3448 2597; x_wconf 85' lang='lat' dir='ltr'><strong>rationis</strong></span> <span class='ocrx_word' id='word_1_789' title='bbox 3474 2540 3599 2581; x_wconf 88' lang='lat' dir='ltr'><strong>sese</strong></span> <span class='ocrx_word' id='word_1_790' title='bbox 3636 2527 3803 2597; x_wconf 88' lang='lat' dir='ltr'><strong>paulo</strong></span> 
     </span>
    </p>
   </div>
   <div class='ocr_carea' id='block_1_114' title="bbox 2218 2594 3794 2677">
    <p class='ocr_par' dir='ltr' id='par_1_114' title="bbox 2218 2594 3794 2677">
     <span class='ocr_line' id='line_1_116' title="bbox 2218 2594 3794 2677; baseline 0.001 -29"><span class='ocrx_word' id='word_1_791' title='bbox 2218 2594 2426 2677; x_wconf 82' lang='lat' dir='ltr'><strong>longius</strong></span> <span class='ocrx_word' id='word_1_792' title='bbox 2456 2611 2634 2677; x_wconf 81' lang='lat' dir='ltr'><strong>sermo</strong></span> <span class='ocrx_word' id='word_1_793' title='bbox 2655 2595 3003 2677; x_wconf 55' lang='lat' dir='ltr'><strong>protraserit,</strong></span> <span class='ocrx_word' id='word_1_794' title='bbox 3035 2594 3324 2677; x_wconf 81' lang='lat' dir='ltr'><strong>dummodo</strong></span> <span class='ocrx_word' id='word_1_795' title='bbox 3359 2595 3500 2651; x_wconf 84' lang='lat' dir='ltr'><strong>linea</strong></span> <span class='ocrx_word' id='word_1_796' title='bbox 3521 2594 3794 2677; x_wconf 59' lang='lat' dir='ltr'><strong>veritatis,</strong></span> 
     </span>
    </p>
   </div>
   <div class='ocr_carea' id='block_1_115' title="bbox 2218 2665 3799 2787">
    <p class='ocr_par' dir='ltr' id='par_1_115' title="bbox 2218 2665 3799 2787">
     <span class='ocr_line' id='line_1_117' title="bbox 2218 2665 3799 2787; baseline 0.001 -68"><span class='ocrx_word' id='word_1_797' title='bbox 2218 2665 2338 2787; x_wconf 58' lang='lat' dir='ltr'><strong>ana;</strong></span> <span class='ocrx_word' id='word_1_798' title='bbox 2366 2667 2434 2747; x_wconf 77' lang='lat' dir='ltr'><strong>ab</strong></span> <span class='ocrx_word' id='word_1_799' title='bbox 2462 2665 2699 2736; x_wconf 89' lang='lat' dir='ltr'><strong>antiquis</strong></span> <span class='ocrx_word' id='word_1_800' title='bbox 2733 2665 2975 2735; x_wconf 86' lang='lat' dir='ltr'><strong>patribus</strong></span> <span class='ocrx_word' id='word_1_801' title='bbox 3017 2666 3220 2748; x_wconf 85' lang='lat' dir='ltr'><strong>nostris</strong></span> <span class='ocrx_word' id='word_1_802' title='bbox 3258 2681 3426 2748; x_wconf 80' lang='lat' dir='ltr'><strong>usque</strong></span> <span class='ocrx_word' id='word_1_803' title='bbox 3449 2666 3536 2749; x_wconf 43' lang='lat' dir='ltr'><strong>.ad</strong></span> <span class='ocrx_word' id='word_1_804' title='bbox 3568 2682 3670 2721; x_wconf 86' lang='lat' dir='ltr'><strong>nos</strong></span> <span class='ocrx_word' id='word_1_805' title='bbox 3702 2667 3799 2748; x_wconf 82' lang='lat' dir='ltr'><strong>in-</strong></span> 
     </span>
     <span class='ocr_line' id='line_1_118' title="bbox 2257 2735 3798 2787; baseline 0 0"><span class='ocrx_word' id='word_1_806' title='bbox 2257 2736 2523 2787; x_wconf 80' lang='lat' dir='ltr'><strong>enbihter</strong></span> <span class='ocrx_word' id='word_1_807' title='bbox 2549 2736 2709 2787; x_wconf 88' lang='lat' dir='ltr'><strong>ducta</strong></span> <span class='ocrx_word' id='word_1_808' title='bbox 2754 2744 2835 2787; x_wconf 90' lang='lat' dir='ltr'><strong>est</strong></span> <span class='ocrx_word' id='word_1_809' title='bbox 2875 2736 3032 2787; x_wconf 89' lang='lat' dir='ltr'><strong>beato</strong></span> <span class='ocrx_word' id='word_1_810' title='bbox 3060 2737 3315 2787; x_wconf 80' lang='lat' dir='ltr'><strong>Dionvsio</strong></span> <span class='ocrx_word' id='word_1_811' title='bbox 3350 2735 3580 2787; x_wconf 80' lang='lat' dir='ltr'><strong>scilicet.</strong></span> <span class='ocrx_word' id='word_1_812' title='bbox 3624 2751 3720 2787; x_wconf 79' lang='lat' dir='ltr'><strong>aut</strong></span> <span class='ocrx_word' id='word_1_813' title='bbox 3764 2751 3798 2787; x_wconf 89' lang='lat' dir='ltr'><strong>a</strong></span> 
     </span>
    </p>
   </div>
   <div class='ocr_carea' id='block_1_116' title="bbox 2257 2735 3798 2807">
    <p class='ocr_par' dir='ltr' id='par_1_116' title="bbox 2257 2735 3798 2807">
     <span class='ocr_line' id='line_1_119' title="bbox 2257 2735 3798 2807; baseline 0.001 -18"><span class='ocrx_word' id='word_1_814' title='bbox 2257 2735 2523 2807; x_wconf 75' lang='lat' dir='ltr'><strong>exibiliter</strong></span> <span class='ocrx_word' id='word_1_815' title='bbox 2549 2735 2709 2791; x_wconf 86' lang='lat' dir='ltr'><strong>ducta</strong></span> <span class='ocrx_word' id='word_1_816' title='bbox 2754 2744 2835 2789; x_wconf 89' lang='lat' dir='ltr'><strong>est</strong></span> <span class='ocrx_word' id='word_1_817' title='bbox 2875 2736 3032 2807; x_wconf 70' lang='lat' dir='ltr'><strong>beoto</strong></span> <span class='ocrx_word' id='word_1_818' title='bbox 3060 2735 3580 2807; x_wconf 15' lang='lat' dir='ltr'><strong>Dionysioiscilicet,</strong></span> <span class='ocrx_word' id='word_1_819' title='bbox 3624 2736 3720 2807; x_wconf 90' lang='lat' dir='ltr'><strong>qui</strong></span> <span class='ocrx_word' id='word_1_820' title='bbox 3764 2751 3798 2790; x_wconf 91' lang='lat' dir='ltr'><strong>a</strong></span> 
     </span>
    </p>
   </div>
   <div class='ocr_carea' id='block_1_117' title="bbox 2220 2805 3796 2877">
    <p class='ocr_par' dir='ltr' id='par_1_117' title="bbox 2220 2805 3796 2877">
     <span class='ocr_line' id='line_1_120' title="bbox 2220 2805 3796 2877; baseline 0.002 -19"><span class='ocrx_word' id='word_1_821' title='bbox 2220 2812 2407 2877; x_wconf 87' lang='lat' dir='ltr'><strong>sancto</strong></span> <span class='ocrx_word' id='word_1_822' title='bbox 2438 2805 2713 2877; x_wconf 83' lang='lat' dir='ltr'><strong>Ciemente</strong></span> <span class='ocrx_word' id='word_1_823' title='bbox 2754 2805 2897 2860; x_wconf 88' lang='lat' dir='ltr'><strong>beati</strong></span> <span class='ocrx_word' id='word_1_824' title='bbox 2941 2806 3091 2877; x_wconf 86' lang='lat' dir='ltr'><strong>Petri</strong></span> <span class='ocrx_word' id='word_1_825' title='bbox 3135 2805 3459 2877; x_wconf 79' lang='lat' dir='ltr'><strong>apostoliin</strong></span> <span class='ocrx_word' id='word_1_826' title='bbox 3489 2805 3796 2877; x_wconf 83' lang='lat' dir='ltr'><strong>apostoiatu</strong></span> 
     </span>
    </p>
   </div>
   <div class='ocr_carea' id='block_1_118' title="bbox 2218 2873 3799 2943">
    <p class='ocr_par' dir='ltr' id='par_1_118' title="bbox 2218 2873 3799 2943">
     <span class='ocr_line' id='line_1_121' title="bbox 2218 2873 3799 2943; baseline 0.001 -15"><span class='ocrx_word' id='word_1_827' title='bbox 2218 2875 2426 2943; x_wconf 91' lang='lat' dir='ltr'><strong>primus</strong></span> <span class='ocrx_word' id='word_1_828' title='bbox 2452 2873 2570 2941; x_wconf 89' lang='lat' dir='ltr'><strong>ejus</strong></span> <span class='ocrx_word' id='word_1_829' title='bbox 2598 2890 2877 2931; x_wconf 89' lang='lat' dir='ltr'><strong>successor</strong></span> <span class='ocrx_word' id='word_1_830' title='bbox 2903 2876 3141 2935; x_wconf 77' lang='lat' dir='ltr'><strong>exstitit.</strong></span> <span class='ocrx_word' id='word_1_831' title='bbox 3168 2873 3242 2930; x_wconf 63' lang='lat' dir='ltr'><strong>&#39;in</strong></span> <span class='ocrx_word' id='word_1_832' title='bbox 3271 2875 3470 2931; x_wconf 86' lang='lat' dir='ltr'><strong>Gallias</strong></span> <span class='ocrx_word' id='word_1_833' title='bbox 3511 2873 3636 2930; x_wconf 81' lang='lat' dir='ltr'><strong>cum</strong></span> <span class='ocrx_word' id='word_1_834' title='bbox 3666 2875 3799 2930; x_wconf 91' lang='lat' dir='ltr'><strong>duo-</strong></span> 
     </span>
    </p>
   </div>
   <div class='ocr_carea' id='block_1_119' title="bbox 2222 2943 3799 3016">
    <p class='ocr_par' dir='ltr' id='par_1_119' title="bbox 2222 2943 3799 3016">
     <span class='ocr_line' id='line_1_122' title="bbox 2222 2943 3799 3016; baseline 0.001 -19"><span class='ocrx_word' id='word_1_835' title='bbox 2222 2943 2442 3016; x_wconf 87' lang='lat' dir='ltr'><strong>denario</strong></span> <span class='ocrx_word' id='word_1_836' title='bbox 2469 2958 2694 2999; x_wconf 88' lang='lat' dir='ltr'><strong>numero</strong></span> <span class='ocrx_word' id='word_1_837' title='bbox 2722 2945 2929 3014; x_wconf 89' lang='lat' dir='ltr'><strong>primus</strong></span> <span class='ocrx_word' id='word_1_838' title='bbox 2955 2946 3278 3016; x_wconf 65' lang='lat' dir='ltr'><strong>praedicator</strong></span> <span class='ocrx_word' id='word_1_839' title='bbox 3304 2946 3561 3016; x_wconf 87' lang='lat' dir='ltr'><strong>directus,</strong></span> <span class='ocrx_word' id='word_1_840' title='bbox 3588 2953 3647 3016; x_wconf 85' lang='lat' dir='ltr'><strong>et</strong></span> <span class='ocrx_word' id='word_1_841' title='bbox 3674 2954 3799 3016; x_wconf 88' lang='lat' dir='ltr'><strong>post</strong></span> 
     </span>
    </p>
   </div>
   <div class='ocr_carea' id='block_1_120' title="bbox 2224 3014 3798 3084">
    <p class='ocr_par' dir='ltr' id='par_1_120' title="bbox 2224 3014 3798 3084">
     <span class='ocr_line' id='line_1_123' title="bbox 2224 3014 3798 3084; baseline 0 -17"><span class='ocrx_word' id='word_1_842' title='bbox 2224 3014 2443 3084; x_wconf 89' lang='lat' dir='ltr'><strong>aliquod</strong></span> <span class='ocrx_word' id='word_1_843' title='bbox 2490 3023 2702 3084; x_wconf 91' lang='lat' dir='ltr'><strong>tempus</strong></span> <span class='ocrx_word' id='word_1_844' title='bbox 2744 3028 2849 3068; x_wconf 89' lang='lat' dir='ltr'><strong>una</strong></span> <span class='ocrx_word' id='word_1_845' title='bbox 2896 3030 3019 3069; x_wconf 93' lang='lat' dir='ltr'><strong>cum</strong></span> <span class='ocrx_word' id='word_1_846' title='bbox 3063 3015 3227 3071; x_wconf 91' lang='lat' dir='ltr'><strong>sociis</strong></span> <span class='ocrx_word' id='word_1_847' title='bbox 3266 3015 3379 3071; x_wconf 91' lang='lat' dir='ltr'><strong>suis</strong></span> <span class='ocrx_word' id='word_1_848' title='bbox 3422 3016 3531 3070; x_wconf 89' lang='lat' dir='ltr'><strong>huc</strong></span> <span class='ocrx_word' id='word_1_849' title='bbox 3566 3014 3798 3083; x_wconf 83' lang='lat' dir='ltr'><strong>illucque</strong></span> 
     </span>
    </p>
   </div>
   <div class='ocr_carea' id='block_1_121' title="bbox 2224 3083 3801 3156">
    <p class='ocr_par' dir='ltr' id='par_1_121' title="bbox 2224 3083 3801 3156">
     <span class='ocr_line' id='line_1_124' title="bbox 2224 3083 3801 3156; baseline 0.001 -18"><span class='ocrx_word' id='word_1_850' title='bbox 2224 3083 2620 3156; x_wconf 65' lang='lat' dir='ltr'><strong>praedicationis</strong></span> <span class='ocrx_word' id='word_1_851' title='bbox 2645 3085 2817 3154; x_wconf 88' lang='lat' dir='ltr'><strong>gratia</strong></span> <span class='ocrx_word' id='word_1_852' title='bbox 2842 3098 2938 3156; x_wconf 84' lang='lat' dir='ltr'><strong>per</strong></span> <span class='ocrx_word' id='word_1_853' title='bbox 2959 3084 3098 3139; x_wconf 91' lang='lat' dir='ltr'><strong>idem</strong></span> <span class='ocrx_word' id='word_1_854' title='bbox 3127 3100 3351 3156; x_wconf 80' lang='lat' dir='ltr'><strong>regnum</strong></span> <span class='ocrx_word' id='word_1_855' title='bbox 3376 3085 3637 3156; x_wconf 88' lang='lat' dir='ltr'><strong>dispersis</strong></span> <span class='ocrx_word' id='word_1_856' title='bbox 3661 3099 3801 3139; x_wconf 81' lang='lat' dir='ltr'><strong>mar—</strong></span> 
     </span>
    </p>
   </div>
   <div class='ocr_carea' id='block_1_122' title="bbox 2226 3153 3793 3225">
    <p class='ocr_par' dir='ltr' id='par_1_122' title="bbox 2226 3153 3793 3225">
     <span class='ocr_line' id='line_1_125' title="bbox 2226 3153 3793 3225; baseline -0.001 -18"><span class='ocrx_word' id='word_1_857' title='bbox 2226 3153 2367 3225; x_wconf 85' lang='lat' dir='ltr'><strong>tyrio</strong></span> <span class='ocrx_word' id='word_1_858' title='bbox 2396 3153 2687 3209; x_wconf 87' lang='lat' dir='ltr'><strong>coronatus</strong></span> <span class='ocrx_word' id='word_1_859' title='bbox 2712 3163 2814 3208; x_wconf 91' lang='lat' dir='ltr'><strong>est.</strong></span> <span class='ocrx_word' id='word_1_860' title='bbox 2864 3154 2931 3225; x_wconf 78' lang='lat' dir='ltr'><strong>Et</strong></span> <span class='ocrx_word' id='word_1_861' title='bbox 2954 3153 3259 3225; x_wconf 78' lang='lat' dir='ltr'><strong>quanquam</strong></span> <span class='ocrx_word' id='word_1_862' title='bbox 3287 3153 3473 3225; x_wconf 87' lang='lat' dir='ltr'><strong>plures</strong></span> <span class='ocrx_word' id='word_1_863' title='bbox 3499 3155 3793 3218; x_wconf 78' lang='lat' dir='ltr'><strong>exsistant,</strong></span> 
     </span>
    </p>
   </div>
   <div class='ocr_carea' id='block_1_123' title="bbox 2225 3223 3799 3305">
    <p class='ocr_par' dir='ltr' id='par_1_123' title="bbox 2225 3223 3799 3305">
     <span class='ocr_line' id='line_1_126' title="bbox 2225 3223 3799 3305; baseline 0 -28"><span class='ocrx_word' id='word_1_864' title='bbox 2225 3223 2441 3305; x_wconf 67' lang='lat' dir='ltr'><strong>quidam</strong></span> <span class='ocrx_word' id='word_1_865' title='bbox 2465 3233 2750 3305; x_wconf 68' lang='lat' dir='ltr'><strong>mariyres,</strong></span> <span class='ocrx_word' id='word_1_866' title='bbox 2772 3224 2990 3305; x_wconf 73' lang='lat' dir='ltr'><strong>qiiioam</strong></span> <span class='ocrx_word' id='word_1_867' title='bbox 3006 3223 3170 3305; x_wconf 74' lang='lat' dir='ltr'><strong>etiam</strong></span> <span class='ocrx_word' id='word_1_868' title='bbox 3189 3223 3547 3305; x_wconf 82' lang='lat' dir='ltr'><strong>confessores,</strong></span> <span class='ocrx_word' id='word_1_869' title='bbox 3569 3240 3799 3305; x_wconf 82' lang='lat' dir='ltr'><strong>quorum</strong></span> 
     </span>
    </p>
   </div>
   <div class='ocr_carea' id='block_1_124' title="bbox 2226 3292 3803 3365">
    <p class='ocr_par' dir='ltr' id='par_1_124' title="bbox 2226 3292 3803 3365">
     <span class='ocr_line' id='line_1_127' title="bbox 2226 3292 3803 3365; baseline 0 -19"><span class='ocrx_word' id='word_1_870' title='bbox 2226 3292 2449 3365; x_wconf 78' lang='lat' dir='ltr'><strong>merita,</strong></span> <span class='ocrx_word' id='word_1_871' title='bbox 2479 3292 2657 3365; x_wconf 81' lang='lat' dir='ltr'><strong>qualia</strong></span> <span class='ocrx_word' id='word_1_872' title='bbox 2680 3293 2825 3365; x_wconf 73' lang='lat' dir='ltr'><strong>apud</strong></span> <span class='ocrx_word' id='word_1_873' title='bbox 2852 3292 3018 3347; x_wconf 84' lang='lat' dir='ltr'><strong>Deum</strong></span> <span class='ocrx_word' id='word_1_874' title='bbox 3047 3294 3363 3365; x_wconf 89' lang='lat' dir='ltr'><strong>habeantur,</strong></span> <span class='ocrx_word' id='word_1_875' title='bbox 3392 3292 3643 3365; x_wconf 84' lang='lat' dir='ltr'><strong>quamvis</strong></span> <span class='ocrx_word' id='word_1_876' title='bbox 3667 3308 3803 3365; x_wconf 82' lang='lat' dir='ltr'><strong>quo-</strong></span> 
     </span>
    </p>
   </div>
   <div class='ocr_carea' id='block_1_125' title="bbox 2227 3362 3802 3434">
    <p class='ocr_par' dir='ltr' id='par_1_125' title="bbox 2227 3362 3802 3434">
     <span class='ocr_line' id='line_1_128' title="bbox 2227 3362 3802 3434; baseline 0.001 -18"><span class='ocrx_word' id='word_1_877' title='bbox 2227 3362 2447 3434; x_wconf 87' lang='lat' dir='ltr'><strong>tidianis</strong></span> <span class='ocrx_word' id='word_1_878' title='bbox 2471 3362 2747 3417; x_wconf 88' lang='lat' dir='ltr'><strong>miraculis</strong></span> <span class='ocrx_word' id='word_1_879' title='bbox 2767 3371 3070 3434; x_wconf 83' lang='lat' dir='ltr'><strong>coruscent,</strong></span> <span class='ocrx_word' id='word_1_880' title='bbox 3092 3364 3217 3434; x_wconf 85' lang='lat' dir='ltr'><strong>quia</strong></span> <span class='ocrx_word' id='word_1_881' title='bbox 3239 3362 3426 3419; x_wconf 76' lang='lat' dir='ltr'><strong>tamen</strong></span> <span class='ocrx_word' id='word_1_882' title='bbox 3444 3374 3669 3434; x_wconf 87' lang='lat' dir='ltr'><strong>propter</strong></span> <span class='ocrx_word' id='word_1_883' title='bbox 3692 3363 3802 3417; x_wconf 78' lang='lat' dir='ltr'><strong>lon-</strong></span> 
     </span>
    </p>
   </div>
   <div class='ocr_carea' id='block_1_126' title="bbox 2225 3432 3800 3500">
    <p class='ocr_par' dir='ltr' id='par_1_126' title="bbox 2225 3432 3800 3500">
     <span class='ocr_line' id='line_1_129' title="bbox 2225 3432 3800 3500; baseline 0.003 -16"><span class='ocrx_word' id='word_1_884' title='bbox 2225 3432 2520 3500; x_wconf 88' lang='lat' dir='ltr'><strong>gitudinem</strong></span> <span class='ocrx_word' id='word_1_885' title='bbox 2572 3440 2840 3487; x_wconf 87' lang='lat' dir='ltr'><strong>terrarum</strong></span> <span class='ocrx_word' id='word_1_886' title='bbox 2890 3433 3042 3486; x_wconf 87' lang='lat' dir='ltr'><strong>vobis</strong></span> <span class='ocrx_word' id='word_1_887' title='bbox 3093 3432 3270 3489; x_wconf 87' lang='lat' dir='ltr'><strong>minus</strong></span> <span class='ocrx_word' id='word_1_888' title='bbox 3319 3432 3521 3500; x_wconf 78' lang='lat' dir='ltr'><strong>cogniti</strong></span> <span class='ocrx_word' id='word_1_889' title='bbox 3548 3432 3800 3489; x_wconf 49' lang='lat' dir='ltr'><strong>&#39;fortasse</strong></span> 
     </span>
    </p>
   </div>
   <div class='ocr_carea' id='block_1_127' title="bbox 2226 3501 3799 3566">
    <p class='ocr_par' dir='ltr' id='par_1_127' title="bbox 2226 3501 3799 3566">
     <span class='ocr_line' id='line_1_130' title="bbox 2226 3501 3799 3566; baseline 0.002 -12"><span class='ocrx_word' id='word_1_890' title='bbox 2226 3501 2493 3556; x_wconf 84' lang='lat' dir='ltr'><strong>exsistunt</strong></span> <span class='ocrx_word' id='word_1_891' title='bbox 2522 3501 2860 3566; x_wconf 89' lang='lat' dir='ltr'><strong>intermissis,</strong></span> <span class='ocrx_word' id='word_1_892' title='bbox 2888 3510 3132 3556; x_wconf 78' lang='lat' dir='ltr'><strong>sanctum</strong></span> <span class='ocrx_word' id='word_1_893' title='bbox 3160 3511 3338 3557; x_wconf 88' lang='lat' dir='ltr'><strong>tamen</strong></span> <span class='ocrx_word' id='word_1_894' title='bbox 3368 3501 3636 3558; x_wconf 89' lang='lat' dir='ltr'><strong>Hilarium</strong></span> <span class='ocrx_word' id='word_1_895' title='bbox 3666 3503 3799 3557; x_wconf 90' lang='lat' dir='ltr'><strong>anti-</strong></span> 
     </span>
    </p>
   </div>
   <div class='ocr_carea' id='block_1_128' title="bbox 2226 3570 3801 3640">
    <p class='ocr_par' dir='ltr' id='par_1_128' title="bbox 2226 3570 3801 3640">
     <span class='ocr_line' id='line_1_131' title="bbox 2226 3570 3801 3640; baseline 0.001 -15"><span class='ocrx_word' id='word_1_896' title='bbox 2226 3586 2389 3640; x_wconf 91' lang='lat' dir='ltr'><strong>quum</strong></span> <span class='ocrx_word' id='word_1_897' title='bbox 2420 3570 2843 3626; x_wconf 90' lang='lat' dir='ltr'><strong>ecclesiasticum</strong></span> <span class='ocrx_word' id='word_1_898' title='bbox 2871 3570 3147 3626; x_wconf 89' lang='lat' dir='ltr'><strong>doctorem</strong></span> <span class='ocrx_word' id='word_1_899' title='bbox 3166 3612 3179 3635; x_wconf 92' lang='lat'><strong>,</strong></span> <span class='ocrx_word' id='word_1_900' title='bbox 3221 3587 3322 3628; x_wconf 89' lang='lat' dir='ltr'><strong>nec</strong></span> <span class='ocrx_word' id='word_1_901' title='bbox 3359 3588 3464 3627; x_wconf 90' lang='lat' dir='ltr'><strong>non</strong></span> <span class='ocrx_word' id='word_1_902' title='bbox 3501 3582 3557 3627; x_wconf 92' lang='lat' dir='ltr'><strong>et</strong></span> <span class='ocrx_word' id='word_1_903' title='bbox 3586 3575 3801 3628; x_wconf 84' lang='lat' dir='ltr'><strong>beatum</strong></span> 
     </span>
    </p>
   </div>
   <div class='ocr_carea' id='block_1_129' title="bbox 2228 3640 3801 3706">
    <p class='ocr_par' dir='ltr' id='par_1_129' title="bbox 2228 3640 3801 3706">
     <span class='ocr_line' id='line_1_132' title="bbox 2228 3640 3801 3706; baseline 0.003 -12"><span class='ocrx_word' id='word_1_904' title='bbox 2228 3640 2516 3695; x_wconf 83' lang='lat' dir='ltr'><strong>Martinum</strong></span> <span class='ocrx_word' id='word_1_905' title='bbox 2555 3648 2668 3696; x_wconf 89' lang='lat' dir='ltr'><strong>toto</strong></span> <span class='ocrx_word' id='word_1_906' title='bbox 2704 3641 2836 3696; x_wconf 87' lang='lat' dir='ltr'><strong>orbe</strong></span> <span class='ocrx_word' id='word_1_907' title='bbox 2867 3641 3262 3706; x_wconf 85' lang='lat' dir='ltr'><strong>venerandum,</strong></span> <span class='ocrx_word' id='word_1_908' title='bbox 3300 3642 3453 3699; x_wconf 87' lang='lat' dir='ltr'><strong>vobis</strong></span> <span class='ocrx_word' id='word_1_909' title='bbox 3486 3642 3801 3698; x_wconf 87' lang='lat' dir='ltr'><strong>notissimos</strong></span> 
     </span>
    </p>
   </div>
   <div class='ocr_carea' id='block_1_130' title="bbox 2227 3709 3803 3775">
    <p class='ocr_par' dir='ltr' id='par_1_130' title="bbox 2227 3709 3803 3775">
     <span class='ocr_line' id='line_1_133' title="bbox 2227 3709 3803 3775; baseline 0.001 -11"><span class='ocrx_word' id='word_1_910' title='bbox 2227 3725 2345 3764; x_wconf 91' lang='lat' dir='ltr'><strong>esse</strong></span> <span class='ocrx_word' id='word_1_911' title='bbox 2398 3709 2618 3765; x_wconf 89' lang='lat' dir='ltr'><strong>minime</strong></span> <span class='ocrx_word' id='word_1_912' title='bbox 2665 3709 3002 3775; x_wconf 87' lang='lat' dir='ltr'><strong>dubitantes,</strong></span> <span class='ocrx_word' id='word_1_913' title='bbox 3062 3709 3130 3765; x_wconf 89' lang='lat' dir='ltr'><strong>ad</strong></span> <span class='ocrx_word' id='word_1_914' title='bbox 3178 3712 3494 3766; x_wconf 85' lang='lat' dir='ltr'><strong>memoriam</strong></span> <span class='ocrx_word' id='word_1_915' title='bbox 3544 3712 3803 3766; x_wconf 82' lang='lat' dir='ltr'><strong>reducere</strong></span> 
     </span>
    </p>
   </div>
   <div class='ocr_carea' id='block_1_131' title="bbox 2229 3779 3800 3851">
    <p class='ocr_par' dir='ltr' id='par_1_131' title="bbox 2229 3779 3800 3851">
     <span class='ocr_line' id='line_1_134' title="bbox 2229 3779 3800 3851; baseline 0.001 -17"><span class='ocrx_word' id='word_1_916' title='bbox 2229 3779 2613 3851; x_wconf 71' lang='lat' dir='ltr'><strong>necessarium</strong></span> <span class='ocrx_word' id='word_1_917' title='bbox 2639 3780 2999 3851; x_wconf 61' lang='lat' dir='ltr'><strong>aestimamus,</strong></span> <span class='ocrx_word' id='word_1_918' title='bbox 3046 3794 3274 3849; x_wconf 84' lang='lat' dir='ltr'><strong>quorum</strong></span> <span class='ocrx_word' id='word_1_919' title='bbox 3317 3782 3442 3836; x_wconf 77' lang='lat' dir='ltr'><strong>vita:</strong></span> <span class='ocrx_word' id='word_1_920' title='bbox 3488 3782 3800 3851; x_wconf 86' lang='lat' dir='ltr'><strong>magisterio</strong></span> 
     </span>
    </p>
   </div>
   <div class='ocr_carea' id='block_1_132' title="bbox 2228 3847 3796 3922">
    <p class='ocr_par' dir='ltr' id='par_1_132' title="bbox 2228 3847 3796 3922">
     <span class='ocr_line' id='line_1_135' title="bbox 2228 3847 3796 3922; baseline 0 -19"><span class='ocrx_word' id='word_1_921' title='bbox 2228 3849 2424 3922; x_wconf 83' lang='lat' dir='ltr'><strong>edocti,</strong></span> <span class='ocrx_word' id='word_1_922' title='bbox 2458 3850 2573 3905; x_wconf 63' lang='lat' dir='ltr'><strong>haec</strong></span> <span class='ocrx_word' id='word_1_923' title='bbox 2600 3848 2676 3922; x_wconf 79' lang='lat' dir='ltr'><strong>ita</strong></span> <span class='ocrx_word' id='word_1_924' title='bbox 2704 3847 2933 3922; x_wconf 82' lang='lat' dir='ltr'><strong>tenenda</strong></span> <span class='ocrx_word' id='word_1_925' title='bbox 2961 3847 3122 3922; x_wconf 74' lang='lat' dir='ltr'><strong>atque</strong></span> <span class='ocrx_word' id='word_1_926' title='bbox 3149 3850 3411 3906; x_wconf 85' lang='lat' dir='ltr'><strong>servanda</strong></span> <span class='ocrx_word' id='word_1_927' title='bbox 3440 3847 3796 3922; x_wconf 70' lang='lat' dir='ltr'><strong>suscepimus.</strong></span> 
     </span>
    </p>
   </div>
   <div class='ocr_carea' id='block_1_133' title="bbox 2230 3916 3799 3999">
    <p class='ocr_par' dir='ltr' id='par_1_133' title="bbox 2230 3916 3799 3999">
     <span class='ocr_line' id='line_1_136' title="bbox 2230 3916 3799 3999; baseline -0.001 -25"><span class='ocrx_word' id='word_1_928' title='bbox 2230 3917 2338 3974; x_wconf 82' lang='lat' dir='ltr'><strong>Sed</strong></span> <span class='ocrx_word' id='word_1_929' title='bbox 2365 3922 2491 3988; x_wconf 88' lang='lat' dir='ltr'><strong>quia</strong></span> <span class='ocrx_word' id='word_1_930' title='bbox 2525 3918 2666 3999; x_wconf 86' lang='lat' dir='ltr'><strong>apud</strong></span> <span class='ocrx_word' id='word_1_931' title='bbox 2689 3934 2788 3975; x_wconf 90' lang='lat' dir='ltr'><strong>nos</strong></span> <span class='ocrx_word' id='word_1_932' title='bbox 2814 3918 2897 3999; x_wconf 84' lang='lat' dir='ltr'><strong>vel</strong></span> <span class='ocrx_word' id='word_1_933' title='bbox 2927 3916 3159 3999; x_wconf 81' lang='lat' dir='ltr'><strong>majores</strong></span> <span class='ocrx_word' id='word_1_934' title='bbox 3181 3928 3425 3985; x_wconf 89' lang='lat' dir='ltr'><strong>nostros,</strong></span> <span class='ocrx_word' id='word_1_935' title='bbox 3461 3936 3529 3976; x_wconf 78' lang='lat' dir='ltr'><strong>ex</strong></span> <span class='ocrx_word' id='word_1_936' title='bbox 3558 3916 3671 3999; x_wconf 81' lang='lat' dir='ltr'><strong>qno</strong></span> <span class='ocrx_word' id='word_1_937' title='bbox 3697 3919 3799 3999; x_wconf 84' lang='lat' dir='ltr'><strong>ull_a_</strong></span> 
     </span>
    </p>
   </div>
   <div class='ocr_carea' id='block_1_134' title="bbox 2228 3987 3811 4059">
    <p class='ocr_par' dir='ltr' id='par_1_134' title="bbox 2228 3987 3811 4059">
     <span class='ocr_line' id='line_1_137' title="bbox 2228 3987 3811 4059; baseline 0.004 -16"><span class='ocrx_word' id='word_1_938' title='bbox 2228 4002 2468 4059; x_wconf 68' lang='lat' dir='ltr'><strong>prtesens</strong></span> <span class='ocrx_word' id='word_1_939' title='bbox 2510 3987 2644 4044; x_wconf 56' lang='lat' dir='ltr'><strong>astas</strong></span> <span class='ocrx_word' id='word_1_940' title='bbox 2681 3987 2957 4059; x_wconf 79' lang='lat' dir='ltr'><strong>recordari</strong></span> <span class='ocrx_word' id='word_1_941' title='bbox 2991 3995 3196 4059; x_wconf 88' lang='lat' dir='ltr'><strong>potest,</strong></span> <span class='ocrx_word' id='word_1_942' title='bbox 3238 4005 3515 4059; x_wconf 88' lang='lat' dir='ltr'><strong>nunquam</strong></span> <span class='ocrx_word' id='word_1_943' title='bbox 3539 3987 3811 4058; x_wconf 70' lang='lat' dir='ltr'><strong>ejusmodi</strong></span> 
     </span>
    </p>
   </div>
   <div class='ocr_carea' id='block_1_135' title="bbox 2232 4056 3799 4129">
    <p class='ocr_par' dir='ltr' id='par_1_135' title="bbox 2232 4056 3799 4129">
     <span class='ocr_line' id='line_1_138' title="bbox 2232 4056 3799 4129; baseline 0.001 -18"><span class='ocrx_word' id='word_1_944' title='bbox 2232 4056 2457 4129; x_wconf 58' lang='lat' dir='ltr'><strong>quaestio</strong></span> <span class='ocrx_word' id='word_1_945' title='bbox 2482 4067 2626 4113; x_wconf 89' lang='lat' dir='ltr'><strong>mota</strong></span> <span class='ocrx_word' id='word_1_946' title='bbox 2646 4059 2730 4113; x_wconf 89' lang='lat' dir='ltr'><strong>vel</strong></span> <span class='ocrx_word' id='word_1_947' title='bbox 2749 4056 3152 4129; x_wconf 19' lang='lat' dir='ltr'><strong>ventilata‘fuit,</strong></span> <span class='ocrx_word' id='word_1_948' title='bbox 3181 4059 3300 4114; x_wconf 88' lang='lat' dir='ltr'><strong>ideo</strong></span> <span class='ocrx_word' id='word_1_949' title='bbox 3327 4056 3541 4129; x_wconf 78' lang='lat' dir='ltr'><strong>semper</strong></span> <span class='ocrx_word' id='word_1_950' title='bbox 3562 4056 3688 4113; x_wconf 86' lang='lat' dir='ltr'><strong>talis</strong></span> <span class='ocrx_word' id='word_1_951' title='bbox 3711 4071 3799 4112; x_wconf 75' lang='lat' dir='ltr'><strong>ex-</strong></span> 
     </span>
    </p>
   </div>
   <div class='ocr_carea' id='block_1_136' title="bbox 2233 4126 3795 4197">
    <p class='ocr_par' dir='ltr' id='par_1_136' title="bbox 2233 4126 3795 4197">
     <span class='ocr_line' id='line_1_139' title="bbox 2233 4126 3795 4197; baseline -0.001 -15"><span class='ocrx_word' id='word_1_952' title='bbox 2233 4128 2357 4182; x_wconf 91' lang='lat' dir='ltr'><strong>inde</strong></span> <span class='ocrx_word' id='word_1_953' title='bbox 2386 4142 2502 4197; x_wconf 82' lang='lat' dir='ltr'><strong>mos</strong></span> <span class='ocrx_word' id='word_1_954' title='bbox 2527 4143 2590 4183; x_wconf 83' lang='lat' dir='ltr'><strong>ex</strong></span> <span class='ocrx_word' id='word_1_955' title='bbox 2618 4126 2890 4197; x_wconf 82' lang='lat' dir='ltr'><strong>praedictis</strong></span> <span class='ocrx_word' id='word_1_956' title='bbox 2915 4127 3149 4197; x_wconf 72' lang='lat' dir='ltr'><strong>aotiquis</strong></span> <span class='ocrx_word' id='word_1_957' title='bbox 3176 4126 3510 4184; x_wconf 75' lang='lat' dir='ltr'><strong>temooribiis</strong></span> <span class='ocrx_word' id='word_1_958' title='bbox 3536 4135 3795 4190; x_wconf 86' lang='lat' dir='ltr'><strong>retentus,</strong></span> 
     </span>
    </p>
   </div>
   <div class='ocr_carea' id='block_1_137' title="bbox 2234 4194 3807 4276">
    <p class='ocr_par' dir='ltr' id='par_1_137' title="bbox 2234 4194 3807 4276">
     <span class='ocr_line' id='line_1_140' title="bbox 2234 4194 3807 4276; baseline 0 -24"><span class='ocrx_word' id='word_1_959' title='bbox 2234 4199 2289 4252; x_wconf 92' lang='lat' dir='ltr'><strong>in</strong></span> <span class='ocrx_word' id='word_1_960' title='bbox 2317 4194 2571 4276; x_wconf 77' lang='lat' dir='ltr'><strong>universa</strong></span> <span class='ocrx_word' id='word_1_961' title='bbox 2596 4194 2930 4276; x_wconf 80' lang='lat' dir='ltr'><strong>istiusregni</strong></span> <span class='ocrx_word' id='word_1_962' title='bbox 2964 4194 3203 4276; x_wconf 73' lang='lat' dir='ltr'><strong>Ecdesia</strong></span> <span class='ocrx_word' id='word_1_963' title='bbox 3231 4198 3484 4276; x_wconf 52' lang='lat' dir='ltr'><strong>exsiititL</strong></span> <span class='ocrx_word' id='word_1_964' title='bbox 3515 4206 3577 4276; x_wconf 88' lang='lat' dir='ltr'><strong>u_t</strong></span> <span class='ocrx_word' id='word_1_965' title='bbox 3605 4197 3807 4276; x_wconf 47' lang='lat' dir='ltr'><strong>nolles,</strong></span> 
     </span>
    </p>
   </div>
   <div class='ocr_carea' id='block_1_138' title="bbox 2235 4264 3799 4334">
    <p class='ocr_par' dir='ltr' id='par_1_138' title="bbox 2235 4264 3799 4334">
     <span class='ocr_line' id='line_1_141' title="bbox 2235 4264 3799 4334; baseline -0.001 -13"><span class='ocrx_word' id='word_1_966' title='bbox 2235 4281 2298 4321; x_wconf 90' lang='lat' dir='ltr'><strong>ac</strong></span> <span class='ocrx_word' id='word_1_967' title='bbox 2323 4266 2367 4320; x_wconf 90' lang='lat' dir='ltr'><strong>si</strong></span> <span class='ocrx_word' id='word_1_968' title='bbox 2393 4279 2463 4319; x_wconf 73' lang='lat' dir='ltr'><strong>ex</strong></span> <span class='ocrx_word' id='word_1_969' title='bbox 2485 4266 2808 4321; x_wconf 89' lang='lat' dir='ltr'><strong>auctoritate</strong></span> <span class='ocrx_word' id='word_1_970' title='bbox 2830 4264 3067 4333; x_wconf 87' lang='lat' dir='ltr'><strong>ejusdem</strong></span> <span class='ocrx_word' id='word_1_971' title='bbox 3096 4274 3294 4321; x_wconf 74' lang='lat' dir='ltr'><strong>sancta:</strong></span> <span class='ocrx_word' id='word_1_972' title='bbox 3320 4267 3416 4321; x_wconf 89' lang='lat' dir='ltr'><strong>Dei</strong></span> <span class='ocrx_word' id='word_1_973' title='bbox 3442 4267 3701 4322; x_wconf 62' lang='lat' dir='ltr'><strong>Ecclesia:</strong></span> <span class='ocrx_word' id='word_1_974' title='bbox 3718 4265 3799 4334; x_wconf 86' lang='lat' dir='ltr'><strong>ju-</strong></span> 
     </span>
    </p>
   </div>
   <div class='ocr_carea' id='block_1_139' title="bbox 2235 4334 3801 4406">
    <p class='ocr_par' dir='ltr' id='par_1_139' title="bbox 2235 4334 3801 4406">
     <span class='ocr_line' id='line_1_142' title="bbox 2235 4334 3801 4406; baseline -0.001 -16"><span class='ocrx_word' id='word_1_975' title='bbox 2235 4337 2390 4406; x_wconf 89' lang='lat' dir='ltr'><strong>beret</strong></span> <span class='ocrx_word' id='word_1_976' title='bbox 2409 4374 2424 4397; x_wconf 88' lang='lat'><strong>,</strong></span> <span class='ocrx_word' id='word_1_977' title='bbox 2476 4334 2992 4406; x_wconf 73' lang='lat' dir='ltr'><strong>nulluscuicuuqoe</strong></span> <span class='ocrx_word' id='word_1_978' title='bbox 3018 4335 3327 4406; x_wconf 79' lang='lat' dir='ltr'><strong>imaginem</strong></span> <span class='ocrx_word' id='word_1_979' title='bbox 3353 4334 3555 4406; x_wconf 86' lang='lat' dir='ltr'><strong>volenti</strong></span> <span class='ocrx_word' id='word_1_980' title='bbox 3587 4337 3801 4406; x_wconf 82' lang='lat' dir='ltr'><strong>pingere</strong></span> 
     </span>
    </p>
   </div>
   <div class='ocr_carea' id='block_1_140' title="bbox 2235 4401 3888 4474">
    <p class='ocr_par' dir='ltr' id='par_1_140' title="bbox 2235 4401 3888 4474">
     <span class='ocr_line' id='line_1_143' title="bbox 2235 4401 3888 4474; baseline -0.002 -15"><span class='ocrx_word' id='word_1_981' title='bbox 2235 4412 2328 4459; x_wconf 88' lang='lat' dir='ltr'><strong>aut</strong></span> <span class='ocrx_word' id='word_1_982' title='bbox 2349 4404 2547 4474; x_wconf 88' lang='lat' dir='ltr'><strong>ﬁngere</strong></span> <span class='ocrx_word' id='word_1_983' title='bbox 2566 4404 2892 4474; x_wconf 90' lang='lat' dir='ltr'><strong>prohiberet.</strong></span> <span class='ocrx_word' id='word_1_984' title='bbox 2907 4401 3068 4459; x_wconf 59' lang='lat' dir='ltr'><strong>&#39;Unde</strong></span> <span class='ocrx_word' id='word_1_985' title='bbox 3087 4401 3255 4474; x_wconf 69' lang='lat' dir='ltr'><strong>usilue</strong></span> <span class='ocrx_word' id='word_1_986' title='bbox 3276 4405 3434 4460; x_wconf 91' lang='lat' dir='ltr'><strong>hodie</strong></span> <span class='ocrx_word' id='word_1_987' title='bbox 3455 4401 3646 4459; x_wconf 75' lang='lat' dir='ltr'><strong>eadem</strong></span> <span class='ocrx_word' id='word_1_988' title='bbox 3666 4401 3801 4474; x_wconf 76' lang='lat' dir='ltr'><strong>apud</strong></span> <span class='ocrx_word' id='word_1_989' title='bbox 3882 4436 3888 4455; x_wconf 57' lang='grc' dir='ltr'><strong>ς</strong></span> 
     </span>
    </p>
   </div>
   <div class='ocr_carea' id='block_1_141' title="bbox 2235 4472 3805 4542">
    <p class='ocr_par' dir='ltr' id='par_1_141' title="bbox 2235 4472 3805 4542">
     <span class='ocr_line' id='line_1_144' title="bbox 2235 4472 3805 4542; baseline -0.001 -14"><span class='ocrx_word' id='word_1_990' title='bbox 2235 4488 2333 4529; x_wconf 88' lang='lat' dir='ltr'><strong>nos</strong></span> <span class='ocrx_word' id='word_1_991' title='bbox 2359 4472 2687 4530; x_wconf 82' lang='lat' dir='ltr'><strong>consuetudo</strong></span> <span class='ocrx_word' id='word_1_992' title='bbox 2716 4481 2946 4536; x_wconf 89' lang='lat' dir='ltr'><strong>tenetur,</strong></span> <span class='ocrx_word' id='word_1_993' title='bbox 2969 4479 3030 4526; x_wconf 90' lang='lat' dir='ltr'><strong>ut</strong></span> <span class='ocrx_word' id='word_1_994' title='bbox 3054 4472 3185 4542; x_wconf 78' lang='lat' dir='ltr'><strong>quia</strong></span> <span class='ocrx_word' id='word_1_995' title='bbox 3206 4474 3309 4528; x_wconf 91' lang='lat' dir='ltr'><strong>hoc</strong></span> <span class='ocrx_word' id='word_1_996' title='bbox 3335 4475 3633 4529; x_wconf 89' lang='lat' dir='ltr'><strong>auctoritas</strong></span> <span class='ocrx_word' id='word_1_997' title='bbox 3660 4472 3805 4542; x_wconf 73' lang='lat' dir='ltr'><strong>nulla</strong></span> 
     </span>
    </p>
   </div>
   <div class='ocr_carea' id='block_1_142' title="bbox 2226 4541 3805 4624">
    <p class='ocr_par' dir='ltr' id='par_1_142' title="bbox 2226 4541 3805 4624">
     <span class='ocr_line' id='line_1_145' title="bbox 2226 4541 3805 4624; baseline -0.001 -28"><span class='ocrx_word' id='word_1_998' title='bbox 2226 4542 2410 4624; x_wconf 59' lang='lat' dir='ltr'><strong>jubet”,</strong></span> <span class='ocrx_word' id='word_1_999' title='bbox 2457 4557 2615 4624; x_wconf 83' lang='lat' dir='ltr'><strong>nemo</strong></span> <span class='ocrx_word' id='word_1_1000' title='bbox 2651 4542 2865 4624; x_wconf 54' lang='lat' dir='ltr'><strong>iubeat:</strong></span> <span class='ocrx_word' id='word_1_1001' title='bbox 2889 4541 3151 4624; x_wconf 52' lang='lat' dir='ltr'><strong>“similitei-</strong></span> <span class='ocrx_word' id='word_1_1002' title='bbox 3176 4542 3301 4624; x_wconf 83' lang='lat' dir='ltr'><strong>quia</strong></span> <span class='ocrx_word' id='word_1_1003' title='bbox 3330 4544 3624 4624; x_wconf 81' lang='lat' dir='ltr'><strong>auctoritas</strong></span> <span class='ocrx_word' id='word_1_1004' title='bbox 3652 4541 3805 4595; x_wconf 88' lang='lat' dir='ltr'><strong>nulla</strong></span> 
     </span>
    </p>
   </div>
   <div class='ocr_carea' id='block_1_143' title="bbox 2233 4610 3800 4682">
    <p class='ocr_par' dir='ltr' id='par_1_143' title="bbox 2233 4610 3800 4682">
     <span class='ocr_line' id='line_1_146' title="bbox 2233 4610 3800 4682; baseline 0 -18"><span class='ocrx_word' id='word_1_1005' title='bbox 2233 4610 2508 4682; x_wconf 84' lang='lat' dir='ltr'><strong>prohibet,</strong></span> <span class='ocrx_word' id='word_1_1006' title='bbox 2553 4610 2710 4667; x_wconf 87' lang='lat' dir='ltr'><strong>nemo</strong></span> <span class='ocrx_word' id='word_1_1007' title='bbox 2746 4610 3050 4682; x_wconf 88' lang='lat' dir='ltr'><strong>prohibeat.</strong></span> <span class='ocrx_word' id='word_1_1008' title='bbox 3100 4610 3236 4679; x_wconf 85' lang='lat' dir='ltr'><strong>Quia</strong></span> <span class='ocrx_word' id='word_1_1009' title='bbox 3262 4626 3391 4667; x_wconf 90' lang='lat' dir='ltr'><strong>vero</strong></span> <span class='ocrx_word' id='word_1_1010' title='bbox 3421 4620 3637 4682; x_wconf 81' lang='lat' dir='ltr'><strong>propter</strong></span> <span class='ocrx_word' id='word_1_1011' title='bbox 3657 4624 3800 4682; x_wconf 65' lang='lat' dir='ltr'><strong>prae-</strong></span> 
     </span>
    </p>
   </div>
   <div class='ocr_carea' id='block_1_144' title="bbox 2234 4678 3802 4753">
    <p class='ocr_par' dir='ltr' id='par_1_144' title="bbox 2234 4678 3802 4753">
     <span class='ocr_line' id='line_1_147' title="bbox 2234 4678 3802 4753; baseline -0.002 -18"><span class='ocrx_word' id='word_1_1012' title='bbox 2234 4678 2763 4753; x_wconf 68' lang='lat' dir='ltr'><strong>niissainrationem</strong></span> <span class='ocrx_word' id='word_1_1013' title='bbox 2782 4680 2939 4735; x_wconf 89' lang='lat' dir='ltr'><strong>aliter</strong></span> <span class='ocrx_word' id='word_1_1014' title='bbox 2966 4695 3085 4753; x_wconf 90' lang='lat' dir='ltr'><strong>esse</strong></span> <span class='ocrx_word' id='word_1_1015' title='bbox 3113 4698 3221 4737; x_wconf 92' lang='lat' dir='ltr'><strong>non</strong></span> <span class='ocrx_word' id='word_1_1016' title='bbox 3249 4678 3455 4753; x_wconf 48' lang='lat' dir='ltr'><strong>potest}</strong></span> <span class='ocrx_word' id='word_1_1017' title='bbox 3503 4678 3603 4753; x_wconf 84' lang='lat' dir='ltr'><strong>nisi</strong></span> <span class='ocrx_word' id='word_1_1018' title='bbox 3650 4678 3802 4753; x_wconf 78' lang='lat' dir='ltr'><strong>ratio</strong></span> 
     </span>
    </p>
   </div>
   <div class='ocr_carea' id='block_1_145' title="bbox 2232 4746 3799 4814">
    <p class='ocr_par' dir='ltr' id='par_1_145' title="bbox 2232 4746 3799 4814">
     <span class='ocr_line' id='line_1_148' title="bbox 2232 4746 3799 4814; baseline -0.002 -9"><span class='ocrx_word' id='word_1_1019' title='bbox 2232 4749 2357 4805; x_wconf 90' lang='lat' dir='ltr'><strong>inde</strong></span> <span class='ocrx_word' id='word_1_1020' title='bbox 2399 4750 2677 4814; x_wconf 90' lang='lat' dir='ltr'><strong>habeatur,</strong></span> <span class='ocrx_word' id='word_1_1021' title='bbox 2722 4748 2951 4805; x_wconf 85' lang='lat' dir='ltr'><strong>fortasse</strong></span> <span class='ocrx_word' id='word_1_1022' title='bbox 2977 4752 3166 4806; x_wconf 89' lang='lat' dir='ltr'><strong>eadem</strong></span> <span class='ocrx_word' id='word_1_1023' title='bbox 3204 4746 3338 4805; x_wconf 76' lang='lat' dir='ltr'><strong>ratio</strong></span> <span class='ocrx_word' id='word_1_1024' title='bbox 3367 4749 3472 4804; x_wconf 89' lang='lat' dir='ltr'><strong>tale</strong></span> <span class='ocrx_word' id='word_1_1025' title='bbox 3510 4746 3799 4802; x_wconf 78' lang='lat' dir='ltr'><strong>exordium</strong></span> 
     </span>
    </p>
   </div>
   <div class='ocr_carea' id='block_1_146' title="bbox 2233 4816 3805 4890">
    <p class='ocr_par' dir='ltr' id='par_1_146' title="bbox 2233 4816 3805 4890">
     <span class='ocr_line' id='line_1_149' title="bbox 2233 4816 3805 4890; baseline -0.003 -17"><span class='ocrx_word' id='word_1_1026' title='bbox 2233 4834 2340 4890; x_wconf 83' lang='lat' dir='ltr'><strong>non</strong></span> <span class='ocrx_word' id='word_1_1027' title='bbox 2380 4820 2815 4874; x_wconf 87' lang='lat' dir='ltr'><strong>inconvenienter</strong></span> <span class='ocrx_word' id='word_1_1028' title='bbox 2847 4820 3049 4890; x_wconf 88' lang='lat' dir='ltr'><strong>habere</strong></span> <span class='ocrx_word' id='word_1_1029' title='bbox 3069 4820 3290 4890; x_wconf 90' lang='lat' dir='ltr'><strong>poterit.</strong></span> <span class='ocrx_word' id='word_1_1030' title='bbox 3338 4818 3398 4890; x_wconf 86' lang='lat' dir='ltr'><strong>Si</strong></span> <span class='ocrx_word' id='word_1_1031' title='bbox 3432 4817 3593 4890; x_wconf 87' lang='lat' dir='ltr'><strong>igitur</strong></span> <span class='ocrx_word' id='word_1_1032' title='bbox 3618 4816 3805 4886; x_wconf 83' lang='lat' dir='ltr'><strong>imago</strong></span> 
     </span>
    </p>
   </div>
   <div class='ocr_carea' id='block_1_147' title="bbox 2235 4887 3805 4958">
    <p class='ocr_par' dir='ltr' id='par_1_147' title="bbox 2235 4887 3805 4958">
     <span class='ocr_line' id='line_1_150' title="bbox 2235 4887 3805 4958; baseline -0.002 -16"><span class='ocrx_word' id='word_1_1033' title='bbox 2235 4887 2289 4942; x_wconf 89' lang='lat' dir='ltr'><strong>in</strong></span> <span class='ocrx_word' id='word_1_1034' title='bbox 2331 4897 2444 4958; x_wconf 89' lang='lat' dir='ltr'><strong>toto</strong></span> <span class='ocrx_word' id='word_1_1035' title='bbox 2464 4890 2603 4958; x_wconf 87' lang='lat' dir='ltr'><strong>orbe</strong></span> <span class='ocrx_word' id='word_1_1036' title='bbox 2641 4896 2906 4958; x_wconf 74' lang='lat' dir='ltr'><strong>terrarum</strong></span> <span class='ocrx_word' id='word_1_1037' title='bbox 2945 4887 3088 4942; x_wconf 78' lang='lat' dir='ltr'><strong>nulla</strong></span> <span class='ocrx_word' id='word_1_1038' title='bbox 3133 4890 3276 4958; x_wconf 87' lang='lat' dir='ltr'><strong>picta</strong></span> <span class='ocrx_word' id='word_1_1039' title='bbox 3320 4888 3404 4942; x_wconf 84' lang='lat' dir='ltr'><strong>vel</strong></span> <span class='ocrx_word' id='word_1_1040' title='bbox 3442 4887 3573 4958; x_wconf 79' lang='lat' dir='ltr'><strong>ﬁcta</strong></span> <span class='ocrx_word' id='word_1_1041' title='bbox 3617 4893 3805 4958; x_wconf 71' lang='lat' dir='ltr'><strong>esset,</strong></span> 
     </span>
    </p>
   </div>
   <div class='ocr_carea' id='block_1_148' title="bbox 2234 4954 3821 5026">
    <p class='ocr_par' dir='ltr' id='par_1_148' title="bbox 2234 4954 3821 5026">
     <span class='ocr_line' id='line_1_151' title="bbox 2234 4954 3821 5026; baseline 0.001 -16"><span class='ocrx_word' id='word_1_1042' title='bbox 2234 4957 2474 5026; x_wconf 78' lang='lat' dir='ltr'><strong>nunquid</strong></span> <span class='ocrx_word' id='word_1_1043' title='bbox 2504 4957 2705 5025; x_wconf 88' lang='lat' dir='ltr'><strong>aliquid</strong></span> <span class='ocrx_word' id='word_1_1044' title='bbox 2732 4955 2884 5026; x_wconf 82' lang='lat' dir='ltr'><strong>ﬁdei,</strong></span> <span class='ocrx_word' id='word_1_1045' title='bbox 2913 4958 3054 5026; x_wconf 88' lang='lat' dir='ltr'><strong>spei,</strong></span> <span class='ocrx_word' id='word_1_1046' title='bbox 3086 4954 3173 5012; x_wconf 78' lang='lat' dir='ltr'><strong>vel</strong></span> <span class='ocrx_word' id='word_1_1047' title='bbox 3200 4957 3454 5013; x_wconf 85' lang='lat' dir='ltr'><strong>cbaritati</strong></span> <span class='ocrx_word' id='word_1_1048' title='bbox 3480 4964 3679 5012; x_wconf 70' lang='lat' dir='ltr'><strong>sancta:</strong></span> 
     </span>
    </p>
   </div>
   <div class='ocr_carea' id='block_1_149' title="bbox 2233 5024 3809 5107">
    <p class='ocr_par' dir='ltr' id='par_1_149' title="bbox 2233 5024 3809 5107">
     <span class='ocr_line' id='line_1_152' title="bbox 2233 5024 3809 5107; baseline 0.001 -30"><span class='ocrx_word' id='word_1_1049' title='bbox 2233 5024 2488 5107; x_wconf 62' lang='lat' dir='ltr'><strong>Ecclesia:</strong></span> <span class='ocrx_word' id='word_1_1050' title='bbox 2522 5024 2776 5107; x_wconf 49' lang='lat' dir='ltr'><strong>obesset?</strong></span> <span class='ocrx_word' id='word_1_1051' title='bbox 2822 5024 3029 5106; x_wconf 64' lang='lat' dir='ltr'><strong>linrsus</strong></span> <span class='ocrx_word' id='word_1_1052' title='bbox 3062 5028 3107 5082; x_wconf 89' lang='lat' dir='ltr'><strong>si</strong></span> <span class='ocrx_word' id='word_1_1053' title='bbox 3141 5028 3266 5107; x_wconf 53' lang='lat' dir='ltr'><strong>i_ta_,_</strong></span> <span class='ocrx_word' id='word_1_1054' title='bbox 3300 5036 3361 5081; x_wconf 91' lang='lat' dir='ltr'><strong>ut</strong></span> <span class='ocrx_word' id='word_1_1055' title='bbox 3403 5027 3457 5107; x_wconf 88' lang='lat' dir='ltr'><strong>in</strong></span> <span class='ocrx_word' id='word_1_1056' title='bbox 3484 5024 3809 5107; x_wconf 76' lang='lat' dir='ltr'><strong>quibusdam</strong></span> 
     </span>
    </p>
   </div>
   <div class='ocr_carea' id='block_1_150' title="bbox 2233 5093 3814 5179">
    <p class='ocr_par' dir='ltr' id='par_1_150' title="bbox 2233 5093 3814 5179">
     <span class='ocr_line' id='line_1_153' title="bbox 2233 5093 3814 5179; baseline 0.001 -31"><span class='ocrx_word' id='word_1_1057' title='bbox 2233 5093 2367 5179; x_wconf 71' lang='lat' dir='ltr'><strong>locis</strong></span> <span class='ocrx_word' id='word_1_1058' title='bbox 2393 5094 2626 5179; x_wconf 69' lang='lat' dir='ltr'><strong>maniime</strong></span> <span class='ocrx_word' id='word_1_1059' title='bbox 2653 5093 2910 5179; x_wconf 66' lang='lat' dir='ltr'><strong>Ecelesiis</strong></span> <span class='ocrx_word' id='word_1_1060' title='bbox 2952 5110 3046 5179; x_wconf 74' lang='lat' dir='ltr'><strong>seti</strong></span> <span class='ocrx_word' id='word_1_1061' title='bbox 3081 5096 3301 5179; x_wconf 83' lang='lat' dir='ltr'><strong>palatiis</strong></span> <span class='ocrx_word' id='word_1_1062' title='bbox 3333 5093 3683 5179; x_wconf 49' lang='lat' dir='ltr'><strong>principum.2</strong></span> <span class='ocrx_word' id='word_1_1063' title='bbox 3733 5093 3814 5149; x_wconf 87' lang='lat' dir='ltr'><strong>ob</strong></span> 
     </span>
    </p>
   </div>
   <div class='ocr_carea' id='block_1_151' title="bbox 2234 5162 3819 5234">
    <p class='ocr_par' dir='ltr' id='par_1_151' title="bbox 2234 5162 3819 5234">
     <span class='ocr_line' id='line_1_154' title="bbox 2234 5162 3819 5234; baseline -0.001 -16"><span class='ocrx_word' id='word_1_1064' title='bbox 2234 5164 2439 5234; x_wconf 88' lang='lat' dir='ltr'><strong>nullum</strong></span> <span class='ocrx_word' id='word_1_1065' title='bbox 2469 5164 2631 5217; x_wconf 89' lang='lat' dir='ltr'><strong>alium</strong></span> <span class='ocrx_word' id='word_1_1066' title='bbox 2659 5162 2938 5234; x_wconf 59' lang='lat' dir='ltr'><strong>catholica</strong></span> <span class='ocrx_word' id='word_1_1067' title='bbox 2975 5162 3105 5220; x_wconf 84' lang='lat' dir='ltr'><strong>ﬁdei</strong></span> <span class='ocrx_word' id='word_1_1068' title='bbox 3139 5181 3234 5221; x_wconf 89' lang='lat' dir='ltr'><strong>seu</strong></span> <span class='ocrx_word' id='word_1_1069' title='bbox 3273 5162 3551 5234; x_wconf 82' lang='lat' dir='ltr'><strong>religionis</strong></span> <span class='ocrx_word' id='word_1_1070' title='bbox 3578 5163 3819 5234; x_wconf 73' lang='lat' dir='ltr'><strong>cultum,</strong></span> 
     </span>
    </p>
   </div>
   <div class='ocr_carea' id='block_1_152' title="bbox 2234 5232 3815 5305">
    <p class='ocr_par' dir='ltr' id='par_1_152' title="bbox 2234 5232 3815 5305">
     <span class='ocr_line' id='line_1_155' title="bbox 2234 5232 3815 5305; baseline -0.001 -17"><span class='ocrx_word' id='word_1_1071' title='bbox 2234 5233 2330 5288; x_wconf 88' lang='lat' dir='ltr'><strong>sed</strong></span> <span class='ocrx_word' id='word_1_1072' title='bbox 2359 5234 2727 5287; x_wconf 89' lang='lat' dir='ltr'><strong>tantummodo</strong></span> <span class='ocrx_word' id='word_1_1073' title='bbox 2755 5233 3047 5305; x_wconf 73' lang='lat' dir='ltr'><strong>scientibus</strong></span> <span class='ocrx_word' id='word_1_1074' title='bbox 3089 5250 3190 5305; x_wconf 92' lang='lat' dir='ltr'><strong>pro</strong></span> <span class='ocrx_word' id='word_1_1075' title='bbox 3217 5232 3419 5289; x_wconf 85' lang='lat' dir='ltr'><strong>amoris</strong></span> <span class='ocrx_word' id='word_1_1076' title='bbox 3442 5234 3519 5303; x_wconf 91' lang='lat' dir='ltr'><strong>pii</strong></span> <span class='ocrx_word' id='word_1_1077' title='bbox 3547 5232 3815 5305; x_wconf 81' lang='lat' dir='ltr'><strong>memoria</strong></span> 
     </span>
    </p>
   </div>
   <div class='ocr_carea' id='block_1_153' title="bbox 2236 5301 3819 5368">
    <p class='ocr_par' dir='ltr' id='par_1_153' title="bbox 2236 5301 3819 5368">
     <span class='ocr_line' id='line_1_156' title="bbox 2236 5301 3819 5368; baseline -0.001 -11"><span class='ocrx_word' id='word_1_1078' title='bbox 2236 5317 2331 5357; x_wconf 89' lang='lat' dir='ltr'><strong>seu</strong></span> <span class='ocrx_word' id='word_1_1079' title='bbox 2377 5310 2697 5356; x_wconf 89' lang='lat' dir='ltr'><strong>ornamento</strong></span> <span class='ocrx_word' id='word_1_1080' title='bbox 2745 5301 3054 5357; x_wconf 89' lang='lat' dir='ltr'><strong>eorumdem</strong></span> <span class='ocrx_word' id='word_1_1081' title='bbox 3091 5301 3387 5368; x_wconf 73' lang='lat' dir='ltr'><strong>iocorum;</strong></span> <span class='ocrx_word' id='word_1_1082' title='bbox 3443 5301 3819 5358; x_wconf 87' lang='lat' dir='ltr'><strong>nescientibus</strong></span> 
     </span>
    </p>
   </div>
   <div class='ocr_carea' id='block_1_154' title="bbox 2233 5369 3827 5455">
    <p class='ocr_par' dir='ltr' id='par_1_154' title="bbox 2233 5369 3827 5455">
     <span class='ocr_line' id='line_1_157' title="bbox 2233 5369 3827 5455; baseline -0.006 -25"><span class='ocrx_word' id='word_1_1083' title='bbox 2233 5385 2364 5455; x_wconf 78' lang='lat' dir='ltr'><strong>vero</strong></span> <span class='ocrx_word' id='word_1_1084' title='bbox 2403 5385 2503 5455; x_wconf 69' lang='lat' dir='ltr'><strong>pro</strong></span> <span class='ocrx_word' id='word_1_1085' title='bbox 2536 5369 2792 5455; x_wconf 46' lang='lat' dir='ltr'><strong>ejusdem.</strong></span> <span class='ocrx_word' id='word_1_1086' title='bbox 2815 5372 3031 5455; x_wconf 70' lang='lat' dir='ltr'><strong>pietaiis</strong></span> <span class='ocrx_word' id='word_1_1087' title='bbox 3063 5373 3317 5455; x_wconf 71' lang='lat' dir='ltr'><strong>doctrina</strong></span> <span class='ocrx_word' id='word_1_1088' title='bbox 3353 5373 3514 5455; x_wconf 68' lang='lat' dir='ltr'><strong>pietzc</strong></span> <span class='ocrx_word' id='word_1_1089' title='bbox 3547 5370 3632 5424; x_wconf 91' lang='lat' dir='ltr'><strong>vel</strong></span> <span class='ocrx_word' id='word_1_1090' title='bbox 3670 5369 3827 5455; x_wconf 56' lang='lat' dir='ltr'><strong>ﬁcta;</strong></span> 
     </span>
    </p>
   </div>
   <div class='ocr_carea' id='block_1_155' title="bbox 2236 5438 3817 5512">
    <p class='ocr_par' dir='ltr' id='par_1_155' title="bbox 2236 5438 3817 5512">
     <span class='ocr_line' id='line_1_158' title="bbox 2236 5438 3817 5512; baseline -0.001 -17"><span class='ocrx_word' id='word_1_1091' title='bbox 2236 5447 2394 5512; x_wconf 78' lang='lat' dir='ltr'><strong>sunt,</strong></span> <span class='ocrx_word' id='word_1_1092' title='bbox 2405 5438 2520 5512; x_wconf 25' lang='grc' dir='ltr'><strong>’,Αἰ-ιιι</strong></span> <span class='ocrx_word' id='word_1_1093' title='bbox 2564 5454 2662 5512; x_wconf 88' lang='lat' dir='ltr'><strong>per</strong></span> <span class='ocrx_word' id='word_1_1094' title='bbox 2696 5438 2902 5512; x_wconf 76' lang='lat' dir='ltr'><strong>reliqua</strong></span> <span class='ocrx_word' id='word_1_1095' title='bbox 2929 5438 3169 5508; x_wconf 81' lang='lat' dir='ltr'><strong>ejusdem</strong></span> <span class='ocrx_word' id='word_1_1096' title='bbox 3206 5438 3534 5512; x_wconf 87' lang='lat' dir='ltr'><strong>imaginibus</strong></span> <span class='ocrx_word' id='word_1_1097' title='bbox 3574 5454 3817 5512; x_wconf 71' lang='lat' dir='ltr'><strong>congrua</strong></span> 
     </span>
    </p>
   </div>
   <div class='ocr_carea' id='block_1_156' title="bbox 2236 5508 3816 5580">
    <p class='ocr_par' dir='ltr' id='par_1_156' title="bbox 2236 5508 3816 5580">
     <span class='ocr_line' id='line_1_159' title="bbox 2236 5508 3816 5580; baseline -0.002 -16"><span class='ocrx_word' id='word_1_1098' title='bbox 2236 5508 2506 5580; x_wconf 78' lang='lat' dir='ltr'><strong>domicilia</strong></span> <span class='ocrx_word' id='word_1_1099' title='bbox 2550 5508 2618 5562; x_wconf 71' lang='lat' dir='ltr'><strong>ad</strong></span> <span class='ocrx_word' id='word_1_1100' title='bbox 2659 5508 2907 5580; x_wconf 82' lang='lat' dir='ltr'><strong>eumdem</strong></span> <span class='ocrx_word' id='word_1_1101' title='bbox 2935 5524 3148 5580; x_wconf 87' lang='lat' dir='ltr'><strong>sensum</strong></span> <span class='ocrx_word' id='word_1_1102' title='bbox 3177 5508 3511 5580; x_wconf 85' lang='lat' dir='ltr'><strong>pertinentes</strong></span> <span class='ocrx_word' id='word_1_1103' title='bbox 3538 5508 3698 5580; x_wconf 70' lang='lat' dir='ltr'><strong>pictae</strong></span> <span class='ocrx_word' id='word_1_1104' title='bbox 3732 5508 3816 5562; x_wconf 78' lang='lat' dir='ltr'><strong>vel</strong></span> 
     </span>
    </p>
   </div>
   <div class='ocr_carea' id='block_1_157' title="bbox 2238 5578 3813 5661">
    <p class='ocr_par' dir='ltr' id='par_1_157' title="bbox 2238 5578 3813 5661">
     <span class='ocr_line' id='line_1_160' title="bbox 2238 5578 3813 5661; baseline -0.001 -30"><span class='ocrx_word' id='word_1_1105' title='bbox 2238 5578 2376 5632; x_wconf 75' lang='lat' dir='ltr'><strong>ﬁcta:</strong></span> <span class='ocrx_word' id='word_1_1106' title='bbox 2416 5585 2599 5661; x_wconf 77' lang='lat' dir='ltr'><strong>essent</strong></span> <span class='ocrx_word' id='word_1_1107' title='bbox 2620 5617 2635 5642; x_wconf 93' lang='lat'><strong>,</strong></span> <span class='ocrx_word' id='word_1_1108' title='bbox 2683 5578 2810 5661; x_wconf 84' lang='lat' dir='ltr'><strong>quid</strong></span> <span class='ocrx_word' id='word_1_1109' title='bbox 2834 5578 3090 5661; x_wconf 42' lang='lat' dir='ltr'><strong>.praiiatis</strong></span> <span class='ocrx_word' id='word_1_1110' title='bbox 3116 5578 3408 5661; x_wconf 70' lang='lat' dir='ltr'><strong>virtutibus</strong></span> <span class='ocrx_word' id='word_1_1111' title='bbox 3434 5578 3673 5661; x_wconf 70' lang='lat' dir='ltr'><strong>unqnam</strong></span> <span class='ocrx_word' id='word_1_1112' title='bbox 3716 5584 3813 5661; x_wconf 48' lang='lat' dir='ltr'><strong>put</strong></span> 
     </span>
    </p>
   </div>
   <div class='ocr_carea' id='block_1_158' title="bbox 2239 5647 3807 5719">
    <p class='ocr_par' dir='ltr' id='par_1_158' title="bbox 2239 5647 3807 5719">
     <span class='ocr_line' id='line_1_161' title="bbox 2239 5647 3807 5719; baseline -0.001 -16"><span class='ocrx_word' id='word_1_1113' title='bbox 2239 5663 2462 5719; x_wconf 87' lang='lat' dir='ltr'><strong>usquam</strong></span> <span class='ocrx_word' id='word_1_1114' title='bbox 2488 5649 2677 5703; x_wconf 87' lang='lat' dir='ltr'><strong>obesse</strong></span> <span class='ocrx_word' id='word_1_1115' title='bbox 2699 5647 2995 5715; x_wconf 87' lang='lat' dir='ltr'><strong>potuisset?</strong></span> <span class='ocrx_word' id='word_1_1116' title='bbox 3026 5649 3093 5705; x_wconf 85' lang='lat' dir='ltr'><strong>Et</strong></span> <span class='ocrx_word' id='word_1_1117' title='bbox 3118 5649 3236 5705; x_wconf 92' lang='lat' dir='ltr'><strong>ideo</strong></span> <span class='ocrx_word' id='word_1_1118' title='bbox 3260 5649 3389 5714; x_wconf 85' lang='lat' dir='ltr'><strong>quia</strong></span> <span class='ocrx_word' id='word_1_1119' title='bbox 3413 5663 3503 5704; x_wconf 87' lang='lat' dir='ltr'><strong>res</strong></span> <span class='ocrx_word' id='word_1_1120' title='bbox 3520 5647 3603 5704; x_wconf 83' lang='lat' dir='ltr'><strong>ita</strong></span> <span class='ocrx_word' id='word_1_1121' title='bbox 3631 5662 3690 5702; x_wconf 88' lang='lat' dir='ltr'><strong>se</strong></span> <span class='ocrx_word' id='word_1_1122' title='bbox 3716 5647 3807 5703; x_wconf 82' lang='lat' dir='ltr'><strong>ha-</strong></span> 
     </span>
    </p>
   </div>
  </div>
