  <div class='ocr_page' id='page_1' title='image "/cluster/home/n/w/nwhite01/storage/ocr_20150623/98/uva.x000827056/680.png"; bbox 0 0 3992 6172; ppageno 0'>
   <div class='ocr_carea' id='block_1_1' title="bbox 119 347 242 406">
    <p class='ocr_par' dir='ltr' id='par_1_1' title="bbox 119 347 242 406">
     <span class='ocr_line' id='line_1_1' title="bbox 119 347 242 406; baseline -0.041 0"><span class='ocrx_word' id='word_1_1' title='bbox 119 347 242 406; x_wconf 68' lang='grc' dir='ltr'><strong>ιειδ</strong></span> 
     </span>
    </p>
   </div>
   <div class='ocr_carea' id='block_1_2' title="bbox 807 335 2619 405">
    <p class='ocr_par' dir='ltr' id='par_1_2' title="bbox 807 335 2619 405">
     <span class='ocr_line' id='line_1_2' title="bbox 807 335 2619 405; baseline 0.002 -7"><span class='ocrx_word' id='word_1_2' title='bbox 807 342 987 398; x_wconf 77' lang='lat' dir='ltr'><strong>LIBRI</strong></span> <span class='ocrx_word' id='word_1_3' title='bbox 1024 335 1366 396; x_wconf 62' lang='lat' dir='ltr'><strong>GAROLIXI.</strong></span> <span class='ocrx_word' id='word_1_4' title='bbox 1406 371 1476 379; x_wconf 92' lang='lat'><strong>-——</strong></span> <span class='ocrx_word' id='word_1_5' title='bbox 1513 341 1800 396; x_wconf 74' lang='lat' dir='ltr'><strong>APPEND.</strong></span> <span class='ocrx_word' id='word_1_6' title='bbox 1841 375 1909 383; x_wconf 90' lang='lat'><strong>-—</strong></span> <span class='ocrx_word' id='word_1_7' title='bbox 1945 346 2362 404; x_wconf 71' lang='lat' dir='ltr'><strong>CONYENTL‘S</strong></span> <span class='ocrx_word' id='word_1_8' title='bbox 2398 348 2619 405; x_wconf 78' lang='lat' dir='ltr'><strong>PARIS.</strong></span> 
     </span>
    </p>
   </div>
   <div class='ocr_carea' id='block_1_3' title="bbox 2082 148 2106 160">
    <p class='ocr_par' dir='ltr' id='par_1_3' title="bbox 2082 148 2106 160">
     <span class='ocr_line' id='line_1_3' title="bbox 2082 148 2106 160; baseline 0 0"><span class='ocrx_word' id='word_1_9' title='bbox 2082 148 2106 160; x_wconf 61' lang='grc' dir='ltr'><strong><em>ρ</em></strong></span> 
     </span>
    </p>
   </div>
   <div class='ocr_carea' id='block_1_4' title="bbox 3225 354 3366 410">
    <p class='ocr_par' dir='ltr' id='par_1_4' title="bbox 3225 354 3366 410">
     <span class='ocr_line' id='line_1_4' title="bbox 3225 354 3366 410; baseline 0.007 -2"><span class='ocrx_word' id='word_1_10' title='bbox 3225 354 3366 410; x_wconf 67' lang='grc' dir='ltr'><strong>ἱῦ-ἶϐ</strong></span> 
     </span>
    </p>
   </div>
   <div class='ocr_carea' id='block_1_5' title="bbox 113 442 3363 533">
    <p class='ocr_par' dir='ltr' id='par_1_5' title="bbox 113 442 3363 533">
     <span class='ocr_line' id='line_1_5' title="bbox 113 442 3363 533; baseline 0.002 -18"><span class='ocrx_word' id='word_1_11' title='bbox 113 457 440 533; x_wconf 62' lang='lat' dir='ltr'><strong>adunaudam</strong></span> <span class='ocrx_word' id='word_1_12' title='bbox 461 497 476 520; x_wconf 89' lang='lat'><strong>,</strong></span> <span class='ocrx_word' id='word_1_13' title='bbox 503 469 664 533; x_wconf 57' lang='lat' dir='ltr'><strong>quam</strong></span> <span class='ocrx_word' id='word_1_14' title='bbox 713 442 942 533; x_wconf 76' lang='lat' dir='ltr'><strong>Domino</strong></span> <span class='ocrx_word' id='word_1_15' title='bbox 971 450 1083 504; x_wconf 89' lang='lat' dir='ltr'><strong>Deo</strong></span> <span class='ocrx_word' id='word_1_16' title='bbox 1120 451 1404 533; x_wconf 74' lang='lat' dir='ltr'><strong>ordinante</strong></span> <span class='ocrx_word' id='word_1_17' title='bbox 1457 450 1642 533; x_wconf 83' lang='lat' dir='ltr'><strong>regitis</strong></span> <span class='ocrx_word' id='word_1_18' title='bbox 1665 489 1680 512; x_wconf 88' lang='lat'><strong>,</strong></span> <span class='ocrx_word' id='word_1_19' title='bbox 1714 459 1753 510; x_wconf 82' lang='grc' dir='ltr'><strong>Α</strong></span> <span class='ocrx_word' id='word_1_20' title='bbox 1787 455 2270 533; x_wconf 80' lang='lat' dir='ltr'><strong>miumqueinfelici</strong></span> <span class='ocrx_word' id='word_1_21' title='bbox 2285 459 2578 514; x_wconf 88' lang='lat' dir='ltr'><strong>conditioni</strong></span> <span class='ocrx_word' id='word_1_22' title='bbox 2597 464 2854 530; x_wconf 85' lang='lat' dir='ltr'><strong>prostrati</strong></span> <span class='ocrx_word' id='word_1_23' title='bbox 2871 479 2974 520; x_wconf 90' lang='lat' dir='ltr'><strong>non</strong></span> <span class='ocrx_word' id='word_1_24' title='bbox 2991 469 3363 533; x_wconf 84' lang='lat' dir='ltr'><strong>succumhitis,</strong></span> 
     </span>
    </p>
   </div>
   <div class='ocr_carea' id='block_1_6' title="bbox 115 521 1680 590">
    <p class='ocr_par' dir='ltr' id='par_1_6' title="bbox 115 521 1680 590">
     <span class='ocr_line' id='line_1_6' title="bbox 115 521 1680 590; baseline -0.005 -8"><span class='ocrx_word' id='word_1_25' title='bbox 115 527 419 590; x_wconf 74' lang='lat' dir='ltr'><strong>Ecclesium,</strong></span> <span class='ocrx_word' id='word_1_26' title='bbox 451 521 736 580; x_wconf 83' lang='lat' dir='ltr'><strong>consilium</strong></span> <span class='ocrx_word' id='word_1_27' title='bbox 757 523 911 577; x_wconf 90' lang='lat' dir='ltr'><strong>vobis</strong></span> <span class='ocrx_word' id='word_1_28' title='bbox 934 536 1041 590; x_wconf 91' lang='lat' dir='ltr'><strong>non</strong></span> <span class='ocrx_word' id='word_1_29' title='bbox 1070 529 1252 573; x_wconf 90' lang='lat' dir='ltr'><strong>nostra</strong></span> <span class='ocrx_word' id='word_1_30' title='bbox 1281 521 1680 583; x_wconf 75' lang='lat' dir='ltr'><strong>adiuventzone,</strong></span> 
     </span>
    </p>
   </div>
   <div class='ocr_carea' id='block_1_7' title="bbox 111 589 1686 658">
    <p class='ocr_par' dir='ltr' id='par_1_7' title="bbox 111 589 1686 658">
     <span class='ocr_line' id='line_1_7' title="bbox 111 589 1686 658; baseline -0.006 -6"><span class='ocrx_word' id='word_1_31' title='bbox 111 597 200 653; x_wconf 90' lang='lat' dir='ltr'><strong>sed</strong></span> <span class='ocrx_word' id='word_1_32' title='bbox 231 589 411 652; x_wconf 85' lang='lat' dir='ltr'><strong>divina</strong></span> <span class='ocrx_word' id='word_1_33' title='bbox 442 594 782 649; x_wconf 85' lang='lat' dir='ltr'><strong>auctoritate</strong></span> <span class='ocrx_word' id='word_1_34' title='bbox 810 591 944 645; x_wconf 89' lang='lat' dir='ltr'><strong>illud</strong></span> <span class='ocrx_word' id='word_1_35' title='bbox 997 589 1129 643; x_wconf 88' lang='lat' dir='ltr'><strong>dare</strong></span> <span class='ocrx_word' id='word_1_36' title='bbox 1176 591 1546 644; x_wconf 89' lang='lat' dir='ltr'><strong>debuissemus</strong></span> <span class='ocrx_word' id='word_1_37' title='bbox 1589 605 1686 658; x_wconf 88' lang='lat' dir='ltr'><strong>per</strong></span> 
     </span>
    </p>
   </div>
   <div class='ocr_carea' id='block_1_8' title="bbox 113 659 1684 735">
    <p class='ocr_par' dir='ltr' id='par_1_8' title="bbox 113 659 1684 735">
     <span class='ocr_line' id='line_1_8' title="bbox 113 659 1684 735; baseline -0.004 -16"><span class='ocrx_word' id='word_1_38' title='bbox 113 667 248 735; x_wconf 89' lang='lat' dir='ltr'><strong>quod</strong></span> <span class='ocrx_word' id='word_1_39' title='bbox 275 666 461 720; x_wconf 88' lang='lat' dir='ltr'><strong>eadem</strong></span> <span class='ocrx_word' id='word_1_40' title='bbox 491 671 678 735; x_wconf 62' lang='lat' dir='ltr'><strong>sancta</strong></span> <span class='ocrx_word' id='word_1_41' title='bbox 703 671 882 735; x_wconf 80' lang='lat' dir='ltr'><strong>mater</strong></span> <span class='ocrx_word' id='word_1_42' title='bbox 913 659 1251 735; x_wconf 67' lang='lat' dir='ltr'><strong>Ecclesiaita</strong></span> <span class='ocrx_word' id='word_1_43' title='bbox 1275 659 1383 735; x_wconf 76' lang='lat' dir='ltr'><strong>sibi</strong></span> <span class='ocrx_word' id='word_1_44' title='bbox 1403 667 1586 735; x_wconf 76' lang='lat' dir='ltr'><strong>mutuo</strong></span> <span class='ocrx_word' id='word_1_45' title='bbox 1632 661 1684 712; x_wconf 91' lang='lat' dir='ltr'><strong>in</strong></span> 
     </span>
    </p>
   </div>
   <div class='ocr_carea' id='block_1_9' title="bbox 112 727 1686 806">
    <p class='ocr_par' dir='ltr' id='par_1_9' title="bbox 112 727 1686 806">
     <span class='ocr_line' id='line_1_9' title="bbox 112 727 1686 806; baseline -0.003 -18"><span class='ocrx_word' id='word_1_46' title='bbox 112 727 233 791; x_wconf 73' lang='lat' dir='ltr'><strong>vera</strong></span> <span class='ocrx_word' id='word_1_47' title='bbox 260 751 394 806; x_wconf 78' lang='lat' dir='ltr'><strong>pace</strong></span> <span class='ocrx_word' id='word_1_48' title='bbox 424 733 678 806; x_wconf 75' lang='lat' dir='ltr'><strong>fmdcrari</strong></span> <span class='ocrx_word' id='word_1_49' title='bbox 701 732 1004 806; x_wconf 82' lang='lat' dir='ltr'><strong>debuisset,</strong></span> <span class='ocrx_word' id='word_1_50' title='bbox 1033 728 1264 806; x_wconf 81' lang='lat' dir='ltr'><strong>qualiter</strong></span> <span class='ocrx_word' id='word_1_51' title='bbox 1289 735 1345 806; x_wconf 73' lang='lat' dir='ltr'><strong>et</strong></span> <span class='ocrx_word' id='word_1_52' title='bbox 1371 727 1424 780; x_wconf 89' lang='lat' dir='ltr'><strong>in</strong></span> <span class='ocrx_word' id='word_1_53' title='bbox 1456 729 1559 782; x_wconf 88' lang='lat' dir='ltr'><strong>hoc</strong></span> <span class='ocrx_word' id='word_1_54' title='bbox 1587 744 1686 783; x_wconf 70' lang='lat' dir='ltr'><strong>Sie—</strong></span> 
     </span>
    </p>
   </div>
   <div class='ocr_carea' id='block_1_10' title="bbox 111 797 1686 872">
    <p class='ocr_par' dir='ltr' id='par_1_10' title="bbox 111 797 1686 872">
     <span class='ocr_line' id='line_1_10' title="bbox 111 797 1686 872; baseline -0.004 -14"><span class='ocrx_word' id='word_1_55' title='bbox 111 806 244 869; x_wconf 90' lang='lat' dir='ltr'><strong>culo,</strong></span> <span class='ocrx_word' id='word_1_56' title='bbox 261 797 329 860; x_wconf 53' lang='lat' dir='ltr'><strong>-et</strong></span> <span class='ocrx_word' id='word_1_57' title='bbox 352 807 405 860; x_wconf 93' lang='lat' dir='ltr'><strong>in</strong></span> <span class='ocrx_word' id='word_1_58' title='bbox 429 804 612 858; x_wconf 92' lang='lat' dir='ltr'><strong>futuro</strong></span> <span class='ocrx_word' id='word_1_59' title='bbox 633 802 682 856; x_wconf 90' lang='lat' dir='ltr'><strong>ei</strong></span> <span class='ocrx_word' id='word_1_60' title='bbox 711 803 927 872; x_wconf 78' lang='lat' dir='ltr'><strong>placere</strong></span> <span class='ocrx_word' id='word_1_61' title='bbox 949 798 1228 872; x_wconf 51' lang='lat' dir='ltr'><strong>potuisset,</strong></span> <span class='ocrx_word' id='word_1_62' title='bbox 1256 797 1347 864; x_wconf 92' lang='lat' dir='ltr'><strong>qui</strong></span> <span class='ocrx_word' id='word_1_63' title='bbox 1362 811 1686 872; x_wconf 75' lang='lat' dir='ltr'><strong>ascensurus</strong></span> 
     </span>
    </p>
   </div>
   <div class='ocr_carea' id='block_1_11' title="bbox 114 867 1688 942">
    <p class='ocr_par' dir='ltr' id='par_1_11' title="bbox 114 867 1688 942">
     <span class='ocr_line' id='line_1_11' title="bbox 114 867 1688 942; baseline -0.006 -14"><span class='ocrx_word' id='word_1_64' title='bbox 114 877 178 929; x_wconf 90' lang='lat' dir='ltr'><strong>de</strong></span> <span class='ocrx_word' id='word_1_65' title='bbox 213 867 418 930; x_wconf 89' lang='lat' dir='ltr'><strong>mundo</strong></span> <span class='ocrx_word' id='word_1_66' title='bbox 445 874 557 928; x_wconf 88' lang='lat' dir='ltr'><strong>suis</strong></span> <span class='ocrx_word' id='word_1_67' title='bbox 582 867 842 942; x_wconf 82' lang='lat' dir='ltr'><strong>promisit</strong></span> <span class='ocrx_word' id='word_1_68' title='bbox 857 867 1042 942; x_wconf 74' lang='lat' dir='ltr'><strong>dicens</strong></span> <span class='ocrx_word' id='word_1_69' title='bbox 1064 881 1078 918; x_wconf 90' lang='lat'><strong>:</strong></span> <span class='ocrx_word' id='word_1_70' title='bbox 1097 867 1290 942; x_wconf 75' lang='lat' dir='ltr'><strong>Pacem</strong></span> <span class='ocrx_word' id='word_1_71' title='bbox 1299 881 1487 942; x_wconf 58' lang='lat' dir='ltr'><strong>liceant</strong></span> <span class='ocrx_word' id='word_1_72' title='bbox 1512 867 1580 920; x_wconf 84' lang='lat' dir='ltr'><strong>do</strong></span> <span class='ocrx_word' id='word_1_73' title='bbox 1607 883 1688 920; x_wconf 79' lang='lat' dir='ltr'><strong>ro-</strong></span> 
     </span>
    </p>
   </div>
   <div class='ocr_carea' id='block_1_12' title="bbox 112 936 1688 1014">
    <p class='ocr_par' dir='ltr' id='par_1_12' title="bbox 112 936 1688 1014">
     <span class='ocr_line' id='line_1_12' title="bbox 112 936 1688 1014; baseline -0.005 -18"><span class='ocrx_word' id='word_1_74' title='bbox 112 945 202 1005; x_wconf 78' lang='lat' dir='ltr'><strong>bis,</strong></span> <span class='ocrx_word' id='word_1_75' title='bbox 229 961 411 1014; x_wconf 81' lang='lat' dir='ltr'><strong>pacem</strong></span> <span class='ocrx_word' id='word_1_76' title='bbox 444 936 681 1014; x_wconf 66' lang='lat' dir='ltr'><strong>relinquo</strong></span> <span class='ocrx_word' id='word_1_77' title='bbox 733 941 873 994; x_wconf 70' lang='lat' dir='ltr'><strong>vobis</strong></span> <span class='ocrx_word' id='word_1_78' title='bbox 919 937 1099 1008; x_wconf 83' lang='lat' dir='ltr'><strong>(Joan.</strong></span> <span class='ocrx_word' id='word_1_79' title='bbox 1129 936 1366 1014; x_wconf 31' lang='lat' dir='ltr'><strong>x1v).kl~_3t</strong></span> <span class='ocrx_word' id='word_1_80' title='bbox 1399 936 1525 1014; x_wconf 85' lang='lat' dir='ltr'><strong>quia</strong></span> <span class='ocrx_word' id='word_1_81' title='bbox 1552 945 1688 1014; x_wconf 72' lang='lat' dir='ltr'><strong>atte-</strong></span> 
     </span>
    </p>
   </div>
   <div class='ocr_carea' id='block_1_13' title="bbox 112 1005 1686 1074">
    <p class='ocr_par' dir='ltr' id='par_1_13' title="bbox 112 1005 1686 1074">
     <span class='ocr_line' id='line_1_13' title="bbox 112 1005 1686 1074; baseline -0.006 -7"><span class='ocrx_word' id='word_1_82' title='bbox 112 1005 288 1067; x_wconf 74' lang='lat' dir='ltr'><strong>stante</strong></span> <span class='ocrx_word' id='word_1_83' title='bbox 325 1013 492 1067; x_wconf 86' lang='lat' dir='ltr'><strong>Paulo</strong></span> <span class='ocrx_word' id='word_1_84' title='bbox 523 1005 665 1066; x_wconf 77' lang='lat' dir='ltr'><strong>inter</strong></span> <span class='ocrx_word' id='word_1_85' title='bbox 687 1021 879 1064; x_wconf 63' lang='lat' dir='ltr'><strong>uetera</strong></span> <span class='ocrx_word' id='word_1_86' title='bbox 903 1005 1092 1060; x_wconf 85' lang='lat' dir='ltr'><strong>verum</strong></span> <span class='ocrx_word' id='word_1_87' title='bbox 1127 1014 1240 1068; x_wconf 87' lang='lat' dir='ltr'><strong>est,</strong></span> <span class='ocrx_word' id='word_1_88' title='bbox 1272 1005 1330 1058; x_wconf 86' lang='lat' dir='ltr'><strong>Si</strong></span> <span class='ocrx_word' id='word_1_89' title='bbox 1367 1007 1483 1074; x_wconf 79' lang='lat' dir='ltr'><strong>quis</strong></span> <span class='ocrx_word' id='word_1_90' title='bbox 1517 1006 1686 1058; x_wconf 82' lang='lat' dir='ltr'><strong>tradi-</strong></span> 
     </span>
    </p>
   </div>
   <div class='ocr_carea' id='block_1_14' title="bbox 111 1076 1688 1152">
    <p class='ocr_par' dir='ltr' id='par_1_14' title="bbox 111 1076 1688 1152">
     <span class='ocr_line' id='line_1_14' title="bbox 111 1076 1688 1152; baseline -0.005 -17"><span class='ocrx_word' id='word_1_91' title='bbox 111 1082 238 1152; x_wconf 74' lang='lat' dir='ltr'><strong>derit</strong></span> <span class='ocrx_word' id='word_1_92' title='bbox 262 1098 452 1152; x_wconf 81' lang='lat' dir='ltr'><strong>corpus</strong></span> <span class='ocrx_word' id='word_1_93' title='bbox 489 1098 641 1152; x_wconf 78' lang='lat' dir='ltr'><strong>suum</strong></span> <span class='ocrx_word' id='word_1_94' title='bbox 674 1089 731 1152; x_wconf 83' lang='lat' dir='ltr'><strong>_u_t</strong></span> <span class='ocrx_word' id='word_1_95' title='bbox 760 1077 954 1152; x_wconf 62' lang='lat' dir='ltr'><strong>ardeat</strong></span> <span class='ocrx_word' id='word_1_96' title='bbox 979 1115 1008 1152; x_wconf 27' lang='grc' dir='ltr'><strong>,λ</strong></span> <span class='ocrx_word' id='word_1_97' title='bbox 1036 1076 1555 1152; x_wconf 51' lang='grc' dir='ltr'><strong>ι’ᾑᾳνὲεαιρνηηαιιιεηι</strong></span> <span class='ocrx_word' id='word_1_98' title='bbox 1583 1091 1688 1128; x_wconf 84' lang='lat' dir='ltr'><strong>non</strong></span> 
     </span>
    </p>
   </div>
   <div class='ocr_carea' id='block_1_15' title="bbox 112 1143 1687 1220">
    <p class='ocr_par' dir='ltr' id='par_1_15' title="bbox 112 1143 1687 1220">
     <span class='ocr_line' id='line_1_15' title="bbox 112 1143 1687 1220; baseline -0.004 -17"><span class='ocrx_word' id='word_1_99' title='bbox 112 1143 379 1220; x_wconf 50' lang='lat' dir='ltr'><strong>habuerit,</strong></span> <span class='ocrx_word' id='word_1_100' title='bbox 405 1151 538 1220; x_wconf 83' lang='lat' dir='ltr'><strong>nihil</strong></span> <span class='ocrx_word' id='word_1_101' title='bbox 565 1159 641 1202; x_wconf 79' lang='lat' dir='ltr'><strong>est</strong></span> <span class='ocrx_word' id='word_1_102' title='bbox 664 1148 715 1220; x_wconf 88' lang='grc'><strong>(1</strong></span> <span class='ocrx_word' id='word_1_103' title='bbox 732 1147 868 1220; x_wconf 63' lang='lat' dir='ltr'><strong>tier.</strong></span> <span class='ocrx_word' id='word_1_104' title='bbox 895 1145 1039 1215; x_wconf 76' lang='lat' dir='ltr'><strong>xm).</strong></span> <span class='ocrx_word' id='word_1_105' title='bbox 1072 1143 1196 1220; x_wconf 73' lang='lat' dir='ltr'><strong>Ideo</strong></span> <span class='ocrx_word' id='word_1_106' title='bbox 1221 1143 1530 1220; x_wconf 65' lang='lat' dir='ltr'><strong>praedictam</strong></span> <span class='ocrx_word' id='word_1_107' title='bbox 1559 1159 1687 1220; x_wconf 72' lang='lat' dir='ltr'><strong>san-</strong></span> 
     </span>
    </p>
   </div>
   <div class='ocr_carea' id='block_1_16' title="bbox 113 1215 1691 1283">
    <p class='ocr_par' dir='ltr' id='par_1_16' title="bbox 113 1215 1691 1283">
     <span class='ocr_line' id='line_1_16' title="bbox 113 1215 1691 1283; baseline -0.006 -9"><span class='ocrx_word' id='word_1_108' title='bbox 113 1229 250 1274; x_wconf 87' lang='lat' dir='ltr'><strong>ctam</strong></span> <span class='ocrx_word' id='word_1_109' title='bbox 286 1219 380 1273; x_wconf 89' lang='lat' dir='ltr'><strong>Dei</strong></span> <span class='ocrx_word' id='word_1_110' title='bbox 408 1215 704 1274; x_wconf 77' lang='lat' dir='ltr'><strong>Ecclesiam</strong></span> <span class='ocrx_word' id='word_1_111' title='bbox 729 1219 783 1270; x_wconf 91' lang='lat' dir='ltr'><strong>in</strong></span> <span class='ocrx_word' id='word_1_112' title='bbox 807 1229 948 1270; x_wconf 68' lang='lat' dir='ltr'><strong>verte</strong></span> <span class='ocrx_word' id='word_1_113' title='bbox 984 1215 1136 1283; x_wconf 84' lang='lat' dir='ltr'><strong>pacis</strong></span> <span class='ocrx_word' id='word_1_114' title='bbox 1185 1215 1526 1268; x_wconf 80' lang='lat' dir='ltr'><strong>concordiam</strong></span> <span class='ocrx_word' id='word_1_115' title='bbox 1559 1216 1691 1283; x_wconf 86' lang='lat' dir='ltr'><strong>adu-</strong></span> 
     </span>
    </p>
   </div>
   <div class='ocr_carea' id='block_1_17' title="bbox 116 1281 1688 1356">
    <p class='ocr_par' dir='ltr' id='par_1_17' title="bbox 116 1281 1688 1356">
     <span class='ocr_line' id='line_1_17' title="bbox 116 1281 1688 1356; baseline -0.005 -14"><span class='ocrx_word' id='word_1_116' title='bbox 116 1291 223 1343; x_wconf 87' lang='lat' dir='ltr'><strong>nari</strong></span> <span class='ocrx_word' id='word_1_117' title='bbox 255 1289 384 1342; x_wconf 90' lang='lat' dir='ltr'><strong>totis</strong></span> <span class='ocrx_word' id='word_1_118' title='bbox 411 1289 614 1342; x_wconf 88' lang='lat' dir='ltr'><strong>viribus</strong></span> <span class='ocrx_word' id='word_1_119' title='bbox 644 1296 924 1356; x_wconf 88' lang='lat' dir='ltr'><strong>optamus,</strong></span> <span class='ocrx_word' id='word_1_120' title='bbox 958 1281 1084 1352; x_wconf 77' lang='lat' dir='ltr'><strong>quia</strong></span> <span class='ocrx_word' id='word_1_121' title='bbox 1114 1284 1386 1356; x_wconf 80' lang='lat' dir='ltr'><strong>quomodo</strong></span> <span class='ocrx_word' id='word_1_122' title='bbox 1434 1283 1550 1356; x_wconf 82' lang='lat' dir='ltr'><strong>sine</strong></span> <span class='ocrx_word' id='word_1_123' title='bbox 1601 1281 1688 1356; x_wconf 82' lang='lat' dir='ltr'><strong>illa</strong></span> 
     </span>
    </p>
   </div>
   <div class='ocr_carea' id='block_1_18' title="bbox 115 1353 1688 1422">
    <p class='ocr_par' dir='ltr' id='par_1_18' title="bbox 115 1353 1688 1422">
     <span class='ocr_line' id='line_1_18' title="bbox 115 1353 1688 1422; baseline -0.004 -10"><span class='ocrx_word' id='word_1_124' title='bbox 115 1359 425 1412; x_wconf 89' lang='lat' dir='ltr'><strong>charitatem</strong></span> <span class='ocrx_word' id='word_1_125' title='bbox 455 1353 695 1410; x_wconf 82' lang='lat' dir='ltr'><strong>muluani</strong></span> <span class='ocrx_word' id='word_1_126' title='bbox 749 1356 950 1408; x_wconf 74' lang='lat' dir='ltr'><strong>habere</strong></span> <span class='ocrx_word' id='word_1_127' title='bbox 982 1354 1186 1422; x_wconf 61' lang='lat' dir='ltr'><strong>possit,</strong></span> <span class='ocrx_word' id='word_1_128' title='bbox 1221 1353 1366 1406; x_wconf 93' lang='lat' dir='ltr'><strong>nullo</strong></span> <span class='ocrx_word' id='word_1_129' title='bbox 1415 1354 1573 1422; x_wconf 87' lang='lat' dir='ltr'><strong>modo</strong></span> <span class='ocrx_word' id='word_1_130' title='bbox 1603 1353 1688 1405; x_wconf 93' lang='lat' dir='ltr'><strong>in-</strong></span> 
     </span>
    </p>
   </div>
   <div class='ocr_carea' id='block_1_19' title="bbox 116 1421 1691 1497">
    <p class='ocr_par' dir='ltr' id='par_1_19' title="bbox 116 1421 1691 1497">
     <span class='ocr_line' id='line_1_19' title="bbox 116 1421 1691 1497; baseline -0.004 -16"><span class='ocrx_word' id='word_1_131' title='bbox 116 1427 419 1497; x_wconf 82' lang='lat' dir='ltr'><strong>telligimus.</strong></span> <span class='ocrx_word' id='word_1_132' title='bbox 455 1426 636 1497; x_wconf 84' lang='lat' dir='ltr'><strong>Potest</strong></span> <span class='ocrx_word' id='word_1_133' title='bbox 662 1426 806 1478; x_wconf 91' lang='lat' dir='ltr'><strong>enim</strong></span> <span class='ocrx_word' id='word_1_134' title='bbox 832 1421 991 1488; x_wconf 80' lang='lat' dir='ltr'><strong>fieri,</strong></span> <span class='ocrx_word' id='word_1_135' title='bbox 1027 1431 1084 1476; x_wconf 90' lang='lat' dir='ltr'><strong>ut</strong></span> <span class='ocrx_word' id='word_1_136' title='bbox 1123 1423 1320 1497; x_wconf 81' lang='lat' dir='ltr'><strong>aliquis</strong></span> <span class='ocrx_word' id='word_1_137' title='bbox 1361 1437 1482 1497; x_wconf 82' lang='lat' dir='ltr'><strong>eum</strong></span> <span class='ocrx_word' id='word_1_138' title='bbox 1519 1421 1691 1475; x_wconf 90' lang='lat' dir='ltr'><strong>altero</strong></span> 
     </span>
    </p>
   </div>
   <div class='ocr_carea' id='block_1_20' title="bbox 117 1493 1689 1566">
    <p class='ocr_par' dir='ltr' id='par_1_20' title="bbox 117 1493 1689 1566">
     <span class='ocr_line' id='line_1_20' title="bbox 117 1493 1689 1566; baseline -0.005 -15"><span class='ocrx_word' id='word_1_139' title='bbox 117 1513 180 1551; x_wconf 81' lang='lat' dir='ltr'><strong>ex</strong></span> <span class='ocrx_word' id='word_1_140' title='bbox 201 1493 352 1566; x_wconf 73' lang='lat' dir='ltr'><strong>parte</strong></span> <span class='ocrx_word' id='word_1_141' title='bbox 379 1497 462 1549; x_wconf 85' lang='lat' dir='ltr'><strong>vel</strong></span> <span class='ocrx_word' id='word_1_142' title='bbox 487 1496 667 1550; x_wconf 91' lang='lat' dir='ltr'><strong>ﬁctam</strong></span> <span class='ocrx_word' id='word_1_143' title='bbox 693 1510 880 1563; x_wconf 80' lang='lat' dir='ltr'><strong>pacem</strong></span> <span class='ocrx_word' id='word_1_144' title='bbox 910 1493 1282 1566; x_wconf 79' lang='lat' dir='ltr'><strong>temporaliter</strong></span> <span class='ocrx_word' id='word_1_145' title='bbox 1309 1493 1520 1553; x_wconf 82' lang='lat' dir='ltr'><strong>habeat,</strong></span> <span class='ocrx_word' id='word_1_146' title='bbox 1554 1505 1689 1566; x_wconf 83' lang='lat' dir='ltr'><strong>quo-</strong></span> 
     </span>
    </p>
   </div>
   <div class='ocr_carea' id='block_1_21' title="bbox 119 1561 1692 1630">
    <p class='ocr_par' dir='ltr' id='par_1_21' title="bbox 119 1561 1692 1630">
     <span class='ocr_line' id='line_1_21' title="bbox 119 1561 1692 1630; baseline -0.005 -10"><span class='ocrx_word' id='word_1_147' title='bbox 119 1561 272 1620; x_wconf 76' lang='lat' dir='ltr'><strong>modo</strong></span> <span class='ocrx_word' id='word_1_148' title='bbox 297 1576 477 1620; x_wconf 88' lang='lat' dir='ltr'><strong>autem</strong></span> <span class='ocrx_word' id='word_1_149' title='bbox 507 1569 622 1619; x_wconf 87' lang='lat' dir='ltr'><strong>sine</strong></span> <span class='ocrx_word' id='word_1_150' title='bbox 635 1561 764 1618; x_wconf 75' lang='lat' dir='ltr'><strong>vera</strong></span> <span class='ocrx_word' id='word_1_151' title='bbox 794 1571 976 1616; x_wconf 86' lang='lat' dir='ltr'><strong>mutua</strong></span> <span class='ocrx_word' id='word_1_152' title='bbox 1000 1561 1133 1630; x_wconf 84' lang='lat' dir='ltr'><strong>pace</strong></span> <span class='ocrx_word' id='word_1_153' title='bbox 1159 1562 1342 1616; x_wconf 87' lang='lat' dir='ltr'><strong>habita</strong></span> <span class='ocrx_word' id='word_1_154' title='bbox 1369 1576 1494 1614; x_wconf 92' lang='lat' dir='ltr'><strong>cum</strong></span> <span class='ocrx_word' id='word_1_155' title='bbox 1521 1561 1692 1613; x_wconf 87' lang='lat' dir='ltr'><strong>altero</strong></span> 
     </span>
    </p>
   </div>
   <div class='ocr_carea' id='block_1_22' title="bbox 117 1631 1690 1694">
    <p class='ocr_par' dir='ltr' id='par_1_22' title="bbox 117 1631 1690 1694">
     <span class='ocr_line' id='line_1_22' title="bbox 117 1631 1690 1694; baseline -0.004 -6"><span class='ocrx_word' id='word_1_156' title='bbox 117 1651 295 1690; x_wconf 83' lang='lat' dir='ltr'><strong>veram</strong></span> <span class='ocrx_word' id='word_1_157' title='bbox 325 1635 494 1694; x_wconf 78' lang='lat' dir='ltr'><strong>possit</strong></span> <span class='ocrx_word' id='word_1_158' title='bbox 514 1636 715 1688; x_wconf 88' lang='lat' dir='ltr'><strong>habere</strong></span> <span class='ocrx_word' id='word_1_159' title='bbox 747 1633 1086 1694; x_wconf 85' lang='lat' dir='ltr'><strong>charitatem,</strong></span> <span class='ocrx_word' id='word_1_160' title='bbox 1129 1631 1272 1684; x_wconf 90' lang='lat' dir='ltr'><strong>nulla</strong></span> <span class='ocrx_word' id='word_1_161' title='bbox 1313 1632 1471 1683; x_wconf 85' lang='lat' dir='ltr'><strong>docet</strong></span> <span class='ocrx_word' id='word_1_162' title='bbox 1501 1639 1690 1684; x_wconf 91' lang='lat' dir='ltr'><strong>aucto-</strong></span> 
     </span>
    </p>
   </div>
   <div class='ocr_carea' id='block_1_23' title="bbox 121 1703 1692 1773">
    <p class='ocr_par' dir='ltr' id='par_1_23' title="bbox 121 1703 1692 1773">
     <span class='ocr_line' id='line_1_23' title="bbox 121 1703 1692 1773; baseline -0.006 -13"><span class='ocrx_word' id='word_1_163' title='bbox 121 1707 270 1760; x_wconf 83' lang='lat' dir='ltr'><strong>ritas.</strong></span> <span class='ocrx_word' id='word_1_164' title='bbox 303 1703 459 1760; x_wconf 85' lang='lat' dir='ltr'><strong>Unde</strong></span> <span class='ocrx_word' id='word_1_165' title='bbox 509 1718 832 1773; x_wconf 82' lang='lat' dir='ltr'><strong>magnopere</strong></span> <span class='ocrx_word' id='word_1_166' title='bbox 880 1703 1329 1773; x_wconf 87' lang='lat' dir='ltr'><strong>considerandum</strong></span> <span class='ocrx_word' id='word_1_167' title='bbox 1357 1706 1692 1773; x_wconf 80' lang='lat' dir='ltr'><strong>est,_quanta</strong></span> 
     </span>
    </p>
   </div>
   <div class='ocr_carea' id='block_1_24' title="bbox 121 1769 1692 1842">
    <p class='ocr_par' dir='ltr' id='par_1_24' title="bbox 121 1769 1692 1842">
     <span class='ocr_line' id='line_1_24' title="bbox 121 1769 1692 1842; baseline -0.004 -14"><span class='ocrx_word' id='word_1_168' title='bbox 121 1774 458 1836; x_wconf 79' lang='lat' dir='ltr'><strong>temeritate,</strong></span> <span class='ocrx_word' id='word_1_169' title='bbox 494 1769 760 1842; x_wconf 78' lang='lat' dir='ltr'><strong>quantave</strong></span> <span class='ocrx_word' id='word_1_170' title='bbox 787 1773 1008 1825; x_wconf 83' lang='lat' dir='ltr'><strong>audacia</strong></span> <span class='ocrx_word' id='word_1_171' title='bbox 1049 1772 1116 1842; x_wconf 87' lang='lat' dir='ltr'><strong>ad</strong></span> <span class='ocrx_word' id='word_1_172' title='bbox 1149 1779 1406 1824; x_wconf 63' lang='lat' dir='ltr'><strong>mternam</strong></span> <span class='ocrx_word' id='word_1_173' title='bbox 1449 1769 1540 1842; x_wconf 81' lang='lat' dir='ltr'><strong>ille</strong></span> <span class='ocrx_word' id='word_1_174' title='bbox 1569 1784 1692 1842; x_wconf 81' lang='lat' dir='ltr'><strong>per-</strong></span> 
     </span>
    </p>
   </div>
   <div class='ocr_carea' id='block_1_25' title="bbox 120 1839 1692 1913">
    <p class='ocr_par' dir='ltr' id='par_1_25' title="bbox 120 1839 1692 1913">
     <span class='ocr_line' id='line_1_25' title="bbox 120 1839 1692 1913; baseline -0.003 -17"><span class='ocrx_word' id='word_1_175' title='bbox 120 1845 308 1900; x_wconf 86' lang='lat' dir='ltr'><strong>venire</strong></span> <span class='ocrx_word' id='word_1_176' title='bbox 349 1859 406 1898; x_wconf 90' lang='lat' dir='ltr'><strong>se</strong></span> <span class='ocrx_word' id='word_1_177' title='bbox 451 1839 605 1913; x_wconf 75' lang='lat' dir='ltr'><strong>posse</strong></span> <span class='ocrx_word' id='word_1_178' title='bbox 659 1843 984 1906; x_wconf 58' lang='lat' dir='ltr'><strong>existimat,</strong></span> <span class='ocrx_word' id='word_1_179' title='bbox 1016 1841 1107 1910; x_wconf 88' lang='lat' dir='ltr'><strong>qui</strong></span> <span class='ocrx_word' id='word_1_180' title='bbox 1155 1848 1476 1913; x_wconf 64' lang='lat' dir='ltr'><strong>prmsentem</strong></span> <span class='ocrx_word' id='word_1_181' title='bbox 1506 1840 1558 1913; x_wconf 79' lang='lat' dir='ltr'><strong>in</strong></span> <span class='ocrx_word' id='word_1_182' title='bbox 1589 1839 1692 1892; x_wconf 91' lang='lat' dir='ltr'><strong>hoc</strong></span> 
     </span>
    </p>
   </div>
   <div class='ocr_carea' id='block_1_26' title="bbox 117 1911 1692 1983">
    <p class='ocr_par' dir='ltr' id='par_1_26' title="bbox 117 1911 1692 1983">
     <span class='ocr_line' id='line_1_26' title="bbox 117 1911 1692 1983; baseline -0.005 -15"><span class='ocrx_word' id='word_1_183' title='bbox 117 1913 314 1968; x_wconf 72' lang='lat' dir='ltr'><strong>saeculo</strong></span> <span class='ocrx_word' id='word_1_184' title='bbox 351 1911 540 1983; x_wconf 82' lang='lat' dir='ltr'><strong>pacem</strong></span> <span class='ocrx_word' id='word_1_185' title='bbox 597 1913 807 1966; x_wconf 89' lang='lat' dir='ltr'><strong>Domini</strong></span> <span class='ocrx_word' id='word_1_186' title='bbox 851 1927 948 1980; x_wconf 86' lang='lat' dir='ltr'><strong>per</strong></span> <span class='ocrx_word' id='word_1_187' title='bbox 1004 1911 1299 1983; x_wconf 82' lang='lat' dir='ltr'><strong>quamlibet</strong></span> <span class='ocrx_word' id='word_1_188' title='bbox 1351 1911 1692 1963; x_wconf 70' lang='lat' dir='ltr'><strong>occasionem</strong></span> 
     </span>
    </p>
   </div>
   <div class='ocr_carea' id='block_1_27' title="bbox 119 1981 1693 2049">
    <p class='ocr_par' dir='ltr' id='par_1_27' title="bbox 119 1981 1693 2049">
     <span class='ocr_line' id='line_1_27' title="bbox 119 1981 1693 2049; baseline -0.005 -11"><span class='ocrx_word' id='word_1_189' title='bbox 119 1981 678 2038; x_wconf 55' lang='lat' dir='ltr'><strong>scissam&#39;restaurare</strong></span> <span class='ocrx_word' id='word_1_190' title='bbox 719 1997 839 2035; x_wconf 91' lang='lat' dir='ltr'><strong>cum</strong></span> <span class='ocrx_word' id='word_1_191' title='bbox 875 1981 1120 2049; x_wconf 78' lang='lat' dir='ltr'><strong>proximo</strong></span> <span class='ocrx_word' id='word_1_192' title='bbox 1148 1996 1252 2033; x_wconf 89' lang='lat' dir='ltr'><strong>non</strong></span> <span class='ocrx_word' id='word_1_193' title='bbox 1299 1987 1473 2043; x_wconf 85' lang='lat' dir='ltr'><strong>curat,</strong></span> <span class='ocrx_word' id='word_1_194' title='bbox 1531 1992 1693 2049; x_wconf 79' lang='lat' dir='ltr'><strong>quam</strong></span> 
     </span>
    </p>
   </div>
   <div class='ocr_carea' id='block_1_28' title="bbox 117 2047 1695 2122">
    <p class='ocr_par' dir='ltr' id='par_1_28' title="bbox 117 2047 1695 2122">
     <span class='ocr_line' id='line_1_28' title="bbox 117 2047 1695 2122; baseline -0.004 -16"><span class='ocrx_word' id='word_1_195' title='bbox 117 2053 355 2122; x_wconf 90' lang='lat' dir='ltr'><strong>primum</strong></span> <span class='ocrx_word' id='word_1_196' title='bbox 420 2067 614 2106; x_wconf 90' lang='lat' dir='ltr'><strong>munus</strong></span> <span class='ocrx_word' id='word_1_197' title='bbox 671 2047 904 2122; x_wconf 83' lang='lat' dir='ltr'><strong>humano</strong></span> <span class='ocrx_word' id='word_1_198' title='bbox 956 2051 1138 2122; x_wconf 81' lang='lat' dir='ltr'><strong>generi</strong></span> <span class='ocrx_word' id='word_1_199' title='bbox 1203 2047 1695 2122; x_wconf 77' lang='lat' dir='ltr'><strong>c_ollatum_angeli</strong></span> 
     </span>
    </p>
   </div>
   <div class='ocr_carea' id='block_1_29' title="bbox 120 2119 1696 2187">
    <p class='ocr_par' dir='ltr' id='par_1_29' title="bbox 120 2119 1696 2187">
     <span class='ocr_line' id='line_1_29' title="bbox 120 2119 1696 2187; baseline -0.003 -12"><span class='ocrx_word' id='word_1_200' title='bbox 120 2119 372 2176; x_wconf 76' lang='lat' dir='ltr'><strong>nuntiant</strong></span> <span class='ocrx_word' id='word_1_201' title='bbox 395 2137 522 2176; x_wconf 79' lang='lat' dir='ltr'><strong>mox</strong></span> <span class='ocrx_word' id='word_1_202' title='bbox 561 2129 689 2174; x_wconf 90' lang='lat' dir='ltr'><strong>nato</strong></span> <span class='ocrx_word' id='word_1_203' title='bbox 718 2121 944 2175; x_wconf 93' lang='lat' dir='ltr'><strong>Domino</strong></span> <span class='ocrx_word' id='word_1_204' title='bbox 989 2121 1042 2172; x_wconf 91' lang='lat' dir='ltr'><strong>in</strong></span> <span class='ocrx_word' id='word_1_205' title='bbox 1080 2119 1299 2182; x_wconf 92' lang='lat' dir='ltr'><strong>mundo,</strong></span> <span class='ocrx_word' id='word_1_206' title='bbox 1339 2119 1696 2187; x_wconf 85' lang='lat' dir='ltr'><strong>eamdemque</strong></span> 
     </span>
    </p>
   </div>
   <div class='ocr_carea' id='block_1_30' title="bbox 120 2189 1697 2246">
    <p class='ocr_par' dir='ltr' id='par_1_30' title="bbox 120 2189 1697 2246">
     <span class='ocr_line' id='line_1_30' title="bbox 120 2189 1697 2246; baseline -0.003 -1"><span class='ocrx_word' id='word_1_207' title='bbox 120 2191 413 2246; x_wconf 87' lang='lat' dir='ltr'><strong>novissime</strong></span> <span class='ocrx_word' id='word_1_208' title='bbox 455 2191 703 2246; x_wconf 80' lang='lat' dir='ltr'><strong>ﬁdelibus</strong></span> <span class='ocrx_word' id='word_1_209' title='bbox 745 2192 857 2244; x_wconf 90' lang='lat' dir='ltr'><strong>suis</strong></span> <span class='ocrx_word' id='word_1_210' title='bbox 905 2191 956 2242; x_wconf 92' lang='lat' dir='ltr'><strong>in</strong></span> <span class='ocrx_word' id='word_1_211' title='bbox 987 2191 1104 2242; x_wconf 88' lang='lat' dir='ltr'><strong>vice</strong></span> <span class='ocrx_word' id='word_1_212' title='bbox 1139 2205 1232 2243; x_wconf 90' lang='lat' dir='ltr'><strong>sua</strong></span> <span class='ocrx_word' id='word_1_213' title='bbox 1262 2189 1400 2243; x_wconf 89' lang='lat' dir='ltr'><strong>idem</strong></span> <span class='ocrx_word' id='word_1_214' title='bbox 1437 2189 1697 2242; x_wconf 86' lang='lat' dir='ltr'><strong>Dominus</strong></span> 
     </span>
    </p>
   </div>
   <div class='ocr_carea' id='block_1_31' title="bbox 121 2257 1695 2330">
    <p class='ocr_par' dir='ltr' id='par_1_31' title="bbox 121 2257 1695 2330">
     <span class='ocr_line' id='line_1_31' title="bbox 121 2257 1695 2330; baseline -0.003 -17"><span class='ocrx_word' id='word_1_215' title='bbox 121 2261 335 2330; x_wconf 81' lang='lat' dir='ltr'><strong>reliquit</strong></span> <span class='ocrx_word' id='word_1_216' title='bbox 363 2261 700 2316; x_wconf 89' lang='lat' dir='ltr'><strong>discessurus</strong></span> <span class='ocrx_word' id='word_1_217' title='bbox 725 2261 790 2314; x_wconf 91' lang='lat' dir='ltr'><strong>de</strong></span> <span class='ocrx_word' id='word_1_218' title='bbox 824 2261 1044 2314; x_wconf 85' lang='lat' dir='ltr'><strong>mundo.</strong></span> <span class='ocrx_word' id='word_1_219' title='bbox 1077 2259 1144 2312; x_wconf 88' lang='lat' dir='ltr'><strong>Et</strong></span> <span class='ocrx_word' id='word_1_220' title='bbox 1170 2274 1476 2330; x_wconf 86' lang='lat' dir='ltr'><strong>quanquam</strong></span> <span class='ocrx_word' id='word_1_221' title='bbox 1525 2257 1695 2330; x_wconf 79' lang='lat' dir='ltr'><strong>inulta</strong></span> 
     </span>
    </p>
   </div>
   <div class='ocr_carea' id='block_1_32' title="bbox 119 2326 1696 2398">
    <p class='ocr_par' dir='ltr' id='par_1_32' title="bbox 119 2326 1696 2398">
     <span class='ocr_line' id='line_1_32' title="bbox 119 2326 1696 2398; baseline -0.003 -15"><span class='ocrx_word' id='word_1_222' title='bbox 119 2338 170 2383; x_wconf 89' lang='lat' dir='ltr'><strong>et</strong></span> <span class='ocrx_word' id='word_1_223' title='bbox 191 2326 325 2398; x_wconf 79' lang='lat' dir='ltr'><strong>pene</strong></span> <span class='ocrx_word' id='word_1_224' title='bbox 347 2329 758 2384; x_wconf 51' lang='lat' dir='ltr'><strong>innumerabilia</strong></span> <span class='ocrx_word' id='word_1_225' title='bbox 789 2337 990 2394; x_wconf 88' lang='lat' dir='ltr'><strong>essent,</strong></span> <span class='ocrx_word' id='word_1_226' title='bbox 1017 2345 1136 2398; x_wconf 67' lang='lat' dir='ltr'><strong>quae</strong></span> <span class='ocrx_word' id='word_1_227' title='bbox 1170 2326 1236 2383; x_wconf 84' lang='lat' dir='ltr'><strong>de</strong></span> <span class='ocrx_word' id='word_1_228' title='bbox 1263 2326 1413 2382; x_wconf 85' lang='lat' dir='ltr'><strong>tanta</strong></span> <span class='ocrx_word' id='word_1_229' title='bbox 1442 2342 1502 2380; x_wconf 91' lang='lat' dir='ltr'><strong>re</strong></span> <span class='ocrx_word' id='word_1_230' title='bbox 1523 2326 1696 2382; x_wconf 87' lang='lat' dir='ltr'><strong>subti—</strong></span> 
     </span>
    </p>
   </div>
   <div class='ocr_carea' id='block_1_33' title="bbox 121 2398 1693 2468">
    <p class='ocr_par' dir='ltr' id='par_1_33' title="bbox 121 2398 1693 2468">
     <span class='ocr_line' id='line_1_33' title="bbox 121 2398 1693 2468; baseline -0.002 -16"><span class='ocrx_word' id='word_1_231' title='bbox 121 2401 260 2463; x_wconf 82' lang='lat' dir='ltr'><strong>ﬁter,</strong></span> <span class='ocrx_word' id='word_1_232' title='bbox 293 2401 613 2463; x_wconf 79' lang='lat' dir='ltr'><strong>sublimiter,</strong></span> <span class='ocrx_word' id='word_1_233' title='bbox 645 2408 697 2453; x_wconf 87' lang='lat' dir='ltr'><strong>et</strong></span> <span class='ocrx_word' id='word_1_234' title='bbox 719 2399 880 2452; x_wconf 91' lang='lat' dir='ltr'><strong>nimis</strong></span> <span class='ocrx_word' id='word_1_235' title='bbox 903 2399 1218 2454; x_wconf 82' lang='lat' dir='ltr'><strong>terriailiter</strong></span> <span class='ocrx_word' id='word_1_236' title='bbox 1240 2399 1344 2452; x_wconf 91' lang='lat' dir='ltr'><strong>dici</strong></span> <span class='ocrx_word' id='word_1_237' title='bbox 1372 2398 1693 2468; x_wconf 83' lang='lat' dir='ltr'><strong>potuissent,</strong></span> 
     </span>
    </p>
   </div>
   <div class='ocr_carea' id='block_1_34' title="bbox 121 2467 1695 2537">
    <p class='ocr_par' dir='ltr' id='par_1_34' title="bbox 121 2467 1695 2537">
     <span class='ocr_line' id='line_1_34' title="bbox 121 2467 1695 2537; baseline -0.004 -13"><span class='ocrx_word' id='word_1_238' title='bbox 121 2471 414 2524; x_wconf 86' lang='lat' dir='ltr'><strong>cavendum</strong></span> <span class='ocrx_word' id='word_1_239' title='bbox 448 2480 532 2523; x_wconf 86' lang='lat' dir='ltr'><strong>est</strong></span> <span class='ocrx_word' id='word_1_240' title='bbox 565 2469 856 2537; x_wconf 83' lang='lat' dir='ltr'><strong>unicuique</strong></span> <span class='ocrx_word' id='word_1_241' title='bbox 878 2509 892 2533; x_wconf 94' lang='lat'><strong>,</strong></span> <span class='ocrx_word' id='word_1_242' title='bbox 947 2485 1015 2522; x_wconf 90' lang='lat' dir='ltr'><strong>ne</strong></span> <span class='ocrx_word' id='word_1_243' title='bbox 1045 2470 1149 2523; x_wconf 90' lang='lat' dir='ltr'><strong>hoc</strong></span> <span class='ocrx_word' id='word_1_244' title='bbox 1197 2467 1482 2537; x_wconf 86' lang='lat' dir='ltr'><strong>quisquam</strong></span> <span class='ocrx_word' id='word_1_245' title='bbox 1513 2467 1581 2522; x_wconf 90' lang='lat' dir='ltr'><strong>de</strong></span> <span class='ocrx_word' id='word_1_246' title='bbox 1608 2467 1695 2518; x_wconf 89' lang='lat' dir='ltr'><strong>illa</strong></span> 
     </span>
    </p>
   </div>
   <div class='ocr_carea' id='block_1_35' title="bbox 123 2537 1700 2608">
    <p class='ocr_par' dir='ltr' id='par_1_35' title="bbox 123 2537 1700 2608">
     <span class='ocr_line' id='line_1_35' title="bbox 123 2537 1700 2608; baseline -0.002 -17"><span class='ocrx_word' id='word_1_247' title='bbox 123 2539 456 2594; x_wconf 87' lang='lat' dir='ltr'><strong>solummodo</strong></span> <span class='ocrx_word' id='word_1_248' title='bbox 491 2553 624 2608; x_wconf 88' lang='lat' dir='ltr'><strong>pace</strong></span> <span class='ocrx_word' id='word_1_249' title='bbox 670 2538 1073 2607; x_wconf 84' lang='lat' dir='ltr'><strong>intelligendum</strong></span> <span class='ocrx_word' id='word_1_250' title='bbox 1098 2547 1270 2607; x_wconf 89' lang='lat' dir='ltr'><strong>putet,</strong></span> <span class='ocrx_word' id='word_1_251' title='bbox 1303 2553 1423 2606; x_wconf 68' lang='lat' dir='ltr'><strong>qua:</strong></span> <span class='ocrx_word' id='word_1_252' title='bbox 1470 2537 1700 2608; x_wconf 73' lang='lat' dir='ltr'><strong>habetur</strong></span> 
     </span>
    </p>
   </div>
   <div class='ocr_carea' id='block_1_36' title="bbox 123 2606 1698 2675">
    <p class='ocr_par' dir='ltr' id='par_1_36' title="bbox 123 2606 1698 2675">
     <span class='ocr_line' id='line_1_36' title="bbox 123 2606 1698 2675; baseline -0.003 -13"><span class='ocrx_word' id='word_1_253' title='bbox 123 2611 173 2662; x_wconf 92' lang='lat' dir='ltr'><strong>in</strong></span> <span class='ocrx_word' id='word_1_254' title='bbox 201 2610 372 2664; x_wconf 73' lang='lat' dir='ltr'><strong>melis.</strong></span> <span class='ocrx_word' id='word_1_255' title='bbox 434 2606 570 2675; x_wconf 80' lang='lat' dir='ltr'><strong>Quia</strong></span> <span class='ocrx_word' id='word_1_256' title='bbox 627 2616 682 2660; x_wconf 83' lang='lat' dir='ltr'><strong>et</strong></span> <span class='ocrx_word' id='word_1_257' title='bbox 716 2609 974 2662; x_wconf 87' lang='lat' dir='ltr'><strong>Dominus</strong></span> <span class='ocrx_word' id='word_1_258' title='bbox 1024 2606 1280 2662; x_wconf 87' lang='lat' dir='ltr'><strong>recedens</strong></span> <span class='ocrx_word' id='word_1_259' title='bbox 1311 2608 1388 2660; x_wconf 88' lang='lat' dir='ltr'><strong>ait</strong></span> <span class='ocrx_word' id='word_1_260' title='bbox 1435 2623 1448 2660; x_wconf 88' lang='lat'><strong>:</strong></span> <span class='ocrx_word' id='word_1_261' title='bbox 1505 2606 1698 2658; x_wconf 77' lang='lat' dir='ltr'><strong>Pacem</strong></span> 
     </span>
    </p>
   </div>
   <div class='ocr_carea' id='block_1_37' title="bbox 123 2677 1700 2748">
    <p class='ocr_par' dir='ltr' id='par_1_37' title="bbox 123 2677 1700 2748">
     <span class='ocr_line' id='line_1_37' title="bbox 123 2677 1700 2748; baseline -0.001 -18"><span class='ocrx_word' id='word_1_262' title='bbox 123 2695 288 2732; x_wconf 72' lang='lat' dir='ltr'><strong>meant</strong></span> <span class='ocrx_word' id='word_1_263' title='bbox 319 2678 554 2748; x_wconf 75' lang='lat' dir='ltr'><strong>relinquo</strong></span> <span class='ocrx_word' id='word_1_264' title='bbox 579 2678 719 2731; x_wconf 75' lang='lat' dir='ltr'><strong>vobis</strong></span> <span class='ocrx_word' id='word_1_265' title='bbox 753 2678 937 2748; x_wconf 75' lang='lat' dir='ltr'><strong>(Jonn.</strong></span> <span class='ocrx_word' id='word_1_266' title='bbox 970 2677 1104 2748; x_wconf 57' lang='grc' dir='ltr'><strong>διν).</strong></span> <span class='ocrx_word' id='word_1_267' title='bbox 1139 2677 1204 2732; x_wconf 84' lang='lat' dir='ltr'><strong>Et</strong></span> <span class='ocrx_word' id='word_1_268' title='bbox 1252 2677 1428 2746; x_wconf 82' lang='lat' dir='ltr'><strong>angeli</strong></span> <span class='ocrx_word' id='word_1_269' title='bbox 1460 2677 1700 2748; x_wconf 61' lang='lat' dir='ltr'><strong>praemit-</strong></span> 
     </span>
    </p>
   </div>
   <div class='ocr_carea' id='block_1_38' title="bbox 122 2745 1700 2810">
    <p class='ocr_par' dir='ltr' id='par_1_38' title="bbox 122 2745 1700 2810">
     <span class='ocr_line' id='line_1_38' title="bbox 122 2745 1700 2810; baseline -0.001 -11"><span class='ocrx_word' id='word_1_270' title='bbox 122 2756 300 2802; x_wconf 85' lang='lat' dir='ltr'><strong>tentes</strong></span> <span class='ocrx_word' id='word_1_271' title='bbox 335 2763 349 2800; x_wconf 87' lang='lat'>:</span> <span class='ocrx_word' id='word_1_272' title='bbox 379 2745 560 2802; x_wconf 75' lang='lat' dir='ltr'><strong>Gloria</strong></span> <span class='ocrx_word' id='word_1_273' title='bbox 611 2749 666 2800; x_wconf 85' lang='lat' dir='ltr'><strong>in</strong></span> <span class='ocrx_word' id='word_1_274' title='bbox 715 2745 929 2800; x_wconf 62' lang='lat' dir='ltr'><strong>excelsis</strong></span> <span class='ocrx_word' id='word_1_275' title='bbox 963 2745 1072 2799; x_wconf 84' lang='lat' dir='ltr'><strong>Deo</strong></span> <span class='ocrx_word' id='word_1_276' title='bbox 1095 2785 1110 2810; x_wconf 91' lang='lat'><strong>,</strong></span> <span class='ocrx_word' id='word_1_277' title='bbox 1151 2761 1275 2800; x_wconf 81' lang='lat' dir='ltr'><strong>mox</strong></span> <span class='ocrx_word' id='word_1_278' title='bbox 1313 2745 1420 2800; x_wconf 86' lang='lat' dir='ltr'><strong>non</strong></span> <span class='ocrx_word' id='word_1_279' title='bbox 1464 2749 1521 2798; x_wconf 83' lang='lat' dir='ltr'><strong>in</strong></span> <span class='ocrx_word' id='word_1_280' title='bbox 1558 2745 1700 2798; x_wconf 70' lang='lat' dir='ltr'><strong>caelis</strong></span> 
     </span>
    </p>
   </div>
   <div class='ocr_carea' id='block_1_39' title="bbox 120 2814 1702 2888">
    <p class='ocr_par' dir='ltr' id='par_1_39' title="bbox 120 2814 1702 2888">
     <span class='ocr_line' id='line_1_39' title="bbox 120 2814 1702 2888; baseline -0.001 -20"><span class='ocrx_word' id='word_1_281' title='bbox 120 2817 482 2888; x_wconf 80' lang='lat' dir='ltr'><strong>subjungunt,</strong></span> <span class='ocrx_word' id='word_1_282' title='bbox 526 2817 614 2888; x_wconf 67' lang='lat' dir='ltr'><strong>sed</strong></span> <span class='ocrx_word' id='word_1_283' title='bbox 642 2817 696 2888; x_wconf 79' lang='lat' dir='ltr'><strong>in</strong></span> <span class='ocrx_word' id='word_1_284' title='bbox 720 2825 860 2888; x_wconf 70' lang='lat' dir='ltr'><strong>terra</strong></span> <span class='ocrx_word' id='word_1_285' title='bbox 889 2832 993 2886; x_wconf 75' lang='lat' dir='ltr'><strong>pax</strong></span> <span class='ocrx_word' id='word_1_286' title='bbox 1018 2815 1324 2888; x_wconf 63' lang='lat' dir='ltr'><strong>hominibus</strong></span> <span class='ocrx_word' id='word_1_287' title='bbox 1345 2816 1492 2868; x_wconf 75' lang='lat' dir='ltr'><strong>bona:</strong></span> <span class='ocrx_word' id='word_1_288' title='bbox 1520 2814 1702 2888; x_wconf 75' lang='lat' dir='ltr'><strong>volun-</strong></span> 
     </span>
    </p>
   </div>
   <div class='ocr_carea' id='block_1_40' title="bbox 119 2884 1702 2958">
    <p class='ocr_par' dir='ltr' id='par_1_40' title="bbox 119 2884 1702 2958">
     <span class='ocr_line' id='line_1_40' title="bbox 119 2884 1702 2958; baseline -0.003 -18"><span class='ocrx_word' id='word_1_289' title='bbox 119 2884 245 2958; x_wconf 70' lang='lat' dir='ltr'><strong>tatis</strong></span> <span class='ocrx_word' id='word_1_290' title='bbox 273 2884 425 2958; x_wconf 66' lang='lat' dir='ltr'><strong>(Huc.</strong></span> <span class='ocrx_word' id='word_1_291' title='bbox 445 2887 529 2956; x_wconf 88' lang='grc' dir='ltr'><strong>ιι).</strong></span> <span class='ocrx_word' id='word_1_292' title='bbox 559 2885 747 2955; x_wconf 80' lang='lat' dir='ltr'><strong>Cogita</strong></span> <span class='ocrx_word' id='word_1_293' title='bbox 773 2884 937 2958; x_wconf 74' lang='lat' dir='ltr'><strong>igitur</strong></span> <span class='ocrx_word' id='word_1_294' title='bbox 955 2896 1150 2958; x_wconf 80' lang='lat' dir='ltr'><strong>tecum,</strong></span> <span class='ocrx_word' id='word_1_295' title='bbox 1173 2902 1206 2938; x_wconf 90' lang='grc' dir='ltr'><strong>ο</strong></span> <span class='ocrx_word' id='word_1_296' title='bbox 1225 2885 1376 2958; x_wconf 85' lang='lat' dir='ltr'><strong>plebs</strong></span> <span class='ocrx_word' id='word_1_297' title='bbox 1401 2895 1455 2938; x_wconf 88' lang='lat' dir='ltr'><strong>et</strong></span> <span class='ocrx_word' id='word_1_298' title='bbox 1473 2884 1702 2958; x_wconf 83' lang='lat' dir='ltr'><strong>populus</strong></span> 
     </span>
    </p>
   </div>
   <div class='ocr_carea' id='block_1_41' title="bbox 121 2954 1702 3026">
    <p class='ocr_par' dir='ltr' id='par_1_41' title="bbox 121 2954 1702 3026">
     <span class='ocr_line' id='line_1_41' title="bbox 121 2954 1702 3026; baseline 0 -18"><span class='ocrx_word' id='word_1_299' title='bbox 121 2956 238 3020; x_wconf 87' lang='lat' dir='ltr'><strong>Dei,</strong></span> <span class='ocrx_word' id='word_1_300' title='bbox 264 2954 313 3011; x_wconf 84' lang='lat' dir='ltr'><strong>si</strong></span> <span class='ocrx_word' id='word_1_301' title='bbox 338 2957 406 3010; x_wconf 87' lang='lat' dir='ltr'><strong>ad</strong></span> <span class='ocrx_word' id='word_1_302' title='bbox 423 2954 736 3026; x_wconf 80' lang='lat' dir='ltr'><strong>perpetuam</strong></span> <span class='ocrx_word' id='word_1_303' title='bbox 754 2957 836 3026; x_wconf 81' lang='lat' dir='ltr'><strong>vis</strong></span> <span class='ocrx_word' id='word_1_304' title='bbox 863 2955 1141 3024; x_wconf 79' lang='lat' dir='ltr'><strong>pervenire</strong></span> <span class='ocrx_word' id='word_1_305' title='bbox 1169 2954 1416 3018; x_wconf 88' lang='lat' dir='ltr'><strong>salutem,</strong></span> <span class='ocrx_word' id='word_1_306' title='bbox 1444 2964 1502 3007; x_wconf 91' lang='lat' dir='ltr'><strong>ut</strong></span> <span class='ocrx_word' id='word_1_307' title='bbox 1525 2955 1575 3006; x_wconf 92' lang='lat' dir='ltr'><strong>iu</strong></span> <span class='ocrx_word' id='word_1_308' title='bbox 1599 2954 1702 3026; x_wconf 90' lang='lat' dir='ltr'><strong>hoc</strong></span> 
     </span>
    </p>
   </div>
   <div class='ocr_carea' id='block_1_42' title="bbox 117 3024 1702 3089">
    <p class='ocr_par' dir='ltr' id='par_1_42' title="bbox 117 3024 1702 3089">
     <span class='ocr_line' id='line_1_42' title="bbox 117 3024 1702 3089; baseline -0.001 -11"><span class='ocrx_word' id='word_1_309' title='bbox 117 3027 324 3081; x_wconf 66' lang='lat' dir='ltr'><strong>secetilo</strong></span> <span class='ocrx_word' id='word_1_310' title='bbox 347 3024 453 3080; x_wconf 82' lang='lat' dir='ltr'><strong>non</strong></span> <span class='ocrx_word' id='word_1_311' title='bbox 471 3027 670 3089; x_wconf 84' lang='lat' dir='ltr'><strong>ﬁctam,</strong></span> <span class='ocrx_word' id='word_1_312' title='bbox 689 3025 782 3079; x_wconf 90' lang='lat' dir='ltr'><strong>sed</strong></span> <span class='ocrx_word' id='word_1_313' title='bbox 801 3040 980 3079; x_wconf 82' lang='lat' dir='ltr'><strong>veram</strong></span> <span class='ocrx_word' id='word_1_314' title='bbox 998 3025 1198 3078; x_wconf 89' lang='lat' dir='ltr'><strong>habere</strong></span> <span class='ocrx_word' id='word_1_315' title='bbox 1221 3033 1462 3078; x_wconf 89' lang='lat' dir='ltr'><strong>mutuam</strong></span> <span class='ocrx_word' id='word_1_316' title='bbox 1487 3024 1702 3078; x_wconf 80' lang='lat' dir='ltr'><strong>studea-</strong></span> 
     </span>
    </p>
   </div>
   <div class='ocr_carea' id='block_1_43' title="bbox 121 3110 482 3166">
    <p class='ocr_par' dir='ltr' id='par_1_43' title="bbox 121 3110 482 3166">
     <span class='ocr_line' id='line_1_43' title="bbox 121 3110 482 3166; baseline 0.006 -20"><span class='ocrx_word' id='word_1_317' title='bbox 121 3110 243 3166; x_wconf 89' lang='lat' dir='ltr'><strong>mus</strong></span> <span class='ocrx_word' id='word_1_318' title='bbox 269 3111 482 3166; x_wconf 81' lang='lat' dir='ltr'><strong>pacem.</strong></span> 
     </span>
    </p>
   </div>
   <div class='ocr_carea' id='block_1_44' title="bbox 189 3162 1702 3236">
    <p class='ocr_par' dir='ltr' id='par_1_44' title="bbox 189 3162 1702 3236">
     <span class='ocr_line' id='line_1_44' title="bbox 189 3162 1702 3236; baseline 0 -18"><span class='ocrx_word' id='word_1_319' title='bbox 189 3162 301 3220; x_wconf 80' lang='lat' dir='ltr'><strong>Sed</strong></span> <span class='ocrx_word' id='word_1_320' title='bbox 335 3167 513 3236; x_wconf 87' lang='lat' dir='ltr'><strong>minus</strong></span> <span class='ocrx_word' id='word_1_321' title='bbox 545 3166 772 3220; x_wconf 80' lang='lat' dir='ltr'><strong>fortasse</strong></span> <span class='ocrx_word' id='word_1_322' title='bbox 805 3164 1057 3234; x_wconf 83' lang='lat' dir='ltr'><strong>prodesse</strong></span> <span class='ocrx_word' id='word_1_323' title='bbox 1081 3163 1296 3236; x_wconf 78' lang='lat' dir='ltr'><strong>poterit,</strong></span> <span class='ocrx_word' id='word_1_324' title='bbox 1329 3162 1460 3236; x_wconf 70' lang='lat' dir='ltr'><strong>libet</strong></span> <span class='ocrx_word' id='word_1_325' title='bbox 1504 3163 1702 3218; x_wconf 91' lang='lat' dir='ltr'><strong>merito</strong></span> 
     </span>
    </p>
   </div>
   <div class='ocr_carea' id='block_1_45' title="bbox 122 3233 1701 3305">
    <p class='ocr_par' dir='ltr' id='par_1_45' title="bbox 122 3233 1701 3305">
     <span class='ocr_line' id='line_1_45' title="bbox 122 3233 1701 3305; baseline -0.001 -15"><span class='ocrx_word' id='word_1_326' title='bbox 122 3245 269 3292; x_wconf 90' lang='lat' dir='ltr'><strong>tanta</strong></span> <span class='ocrx_word' id='word_1_327' title='bbox 295 3235 528 3305; x_wconf 85' lang='lat' dir='ltr'><strong>talisque</strong></span> <span class='ocrx_word' id='word_1_328' title='bbox 575 3233 869 3290; x_wconf 84' lang='lat' dir='ltr'><strong>auctoritas</strong></span> <span class='ocrx_word' id='word_1_329' title='bbox 900 3251 1062 3289; x_wconf 88' lang='lat' dir='ltr'><strong>causa</strong></span> <span class='ocrx_word' id='word_1_330' title='bbox 1083 3233 1293 3290; x_wconf 76' lang='lat' dir='ltr'><strong>consilii</strong></span> <span class='ocrx_word' id='word_1_331' title='bbox 1327 3233 1574 3290; x_wconf 81' lang='lat' dir='ltr'><strong>sufﬁcere</strong></span> <span class='ocrx_word' id='word_1_332' title='bbox 1605 3236 1701 3305; x_wconf 85' lang='lat' dir='ltr'><strong>de-</strong></span> 
     </span>
    </p>
   </div>
   <div class='ocr_carea' id='block_1_46' title="bbox 124 3304 1700 3369">
    <p class='ocr_par' dir='ltr' id='par_1_46' title="bbox 124 3304 1700 3369">
     <span class='ocr_line' id='line_1_46' title="bbox 124 3304 1700 3369; baseline -0.002 -9"><span class='ocrx_word' id='word_1_333' title='bbox 124 3308 348 3368; x_wconf 85' lang='lat' dir='ltr'><strong>buisset,</strong></span> <span class='ocrx_word' id='word_1_334' title='bbox 387 3304 604 3360; x_wconf 85' lang='lat' dir='ltr'><strong>necesse</strong></span> <span class='ocrx_word' id='word_1_335' title='bbox 633 3308 765 3369; x_wconf 78' lang='lat' dir='ltr'><strong>erit,</strong></span> <span class='ocrx_word' id='word_1_336' title='bbox 804 3314 862 3358; x_wconf 90' lang='lat' dir='ltr'><strong>ut</strong></span> <span class='ocrx_word' id='word_1_337' title='bbox 899 3306 1025 3360; x_wconf 89' lang='lat' dir='ltr'><strong>huic</strong></span> <span class='ocrx_word' id='word_1_338' title='bbox 1053 3305 1340 3360; x_wconf 87' lang='lat' dir='ltr'><strong>assertioni</strong></span> <span class='ocrx_word' id='word_1_339' title='bbox 1375 3313 1570 3358; x_wconf 75' lang='lat' dir='ltr'><strong>caetera</strong></span> <span class='ocrx_word' id='word_1_340' title='bbox 1602 3304 1700 3357; x_wconf 88' lang='lat' dir='ltr'><strong>ad-</strong></span> 
     </span>
    </p>
   </div>
   <div class='ocr_carea' id='block_1_47' title="bbox 120 3373 1701 3446">
    <p class='ocr_par' dir='ltr' id='par_1_47' title="bbox 120 3373 1701 3446">
     <span class='ocr_line' id='line_1_47' title="bbox 120 3373 1701 3446; baseline -0.002 -18"><span class='ocrx_word' id='word_1_341' title='bbox 120 3375 428 3446; x_wconf 84' lang='lat' dir='ltr'><strong>jungantur,</strong></span> <span class='ocrx_word' id='word_1_342' title='bbox 469 3391 588 3444; x_wconf 70' lang='lat' dir='ltr'><strong>quae</strong></span> <span class='ocrx_word' id='word_1_343' title='bbox 635 3389 985 3446; x_wconf 10' lang='lat' dir='ltr'><strong>nequaquam?</strong></span> <span class='ocrx_word' id='word_1_344' title='bbox 1006 3373 1152 3446; x_wconf 90' lang='lat' dir='ltr'><strong>juste</strong></span> <span class='ocrx_word' id='word_1_345' title='bbox 1181 3375 1542 3446; x_wconf 78' lang='lat' dir='ltr'><strong>adderentur,</strong></span> <span class='ocrx_word' id='word_1_346' title='bbox 1585 3373 1632 3446; x_wconf 83' lang='lat' dir='ltr'><strong>si</strong></span> <span class='ocrx_word' id='word_1_347' title='bbox 1669 3387 1701 3425; x_wconf 90' lang='lat' dir='ltr'><strong>a</strong></span> 
     </span>
    </p>
   </div>
   <div class='ocr_carea' id='block_1_48' title="bbox 129 3443 1699 3512">
    <p class='ocr_par' dir='ltr' id='par_1_48' title="bbox 129 3443 1699 3512">
     <span class='ocr_line' id='line_1_48' title="bbox 129 3443 1699 3512; baseline -0.002 -14"><span class='ocrx_word' id='word_1_348' title='bbox 129 3443 234 3501; x_wconf 78' lang='lat' dir='ltr'><strong>Deo</strong></span> <span class='ocrx_word' id='word_1_349' title='bbox 255 3447 325 3500; x_wconf 89' lang='lat' dir='ltr'><strong>ab</strong></span> <span class='ocrx_word' id='word_1_350' title='bbox 360 3443 516 3500; x_wconf 83' lang='lat' dir='ltr'><strong>initio</strong></span> <span class='ocrx_word' id='word_1_351' title='bbox 545 3443 825 3500; x_wconf 71' lang='lat' dir='ltr'><strong>catholicm</strong></span> <span class='ocrx_word' id='word_1_352' title='bbox 869 3445 989 3498; x_wconf 88' lang='lat' dir='ltr'><strong>ﬁdei</strong></span> <span class='ocrx_word' id='word_1_353' title='bbox 1033 3445 1157 3498; x_wconf 91' lang='lat' dir='ltr'><strong>data</strong></span> <span class='ocrx_word' id='word_1_354' title='bbox 1210 3444 1364 3498; x_wconf 88' lang='lat' dir='ltr'><strong>vobis</strong></span> <span class='ocrx_word' id='word_1_355' title='bbox 1405 3443 1699 3512; x_wconf 84' lang='lat' dir='ltr'><strong>sapientia,</strong></span> 
     </span>
    </p>
   </div>
   <div class='ocr_carea' id='block_1_49' title="bbox 129 3513 1698 3585">
    <p class='ocr_par' dir='ltr' id='par_1_49' title="bbox 129 3513 1698 3585">
     <span class='ocr_line' id='line_1_49' title="bbox 129 3513 1698 3585; baseline -0.001 -19"><span class='ocrx_word' id='word_1_356' title='bbox 129 3517 261 3570; x_wconf 60' lang='lat' dir='ltr'><strong>sicut</strong></span> <span class='ocrx_word' id='word_1_357' title='bbox 295 3516 558 3585; x_wconf 86' lang='lat' dir='ltr'><strong>oportuit,</strong></span> <span class='ocrx_word' id='word_1_358' title='bbox 597 3529 694 3585; x_wconf 88' lang='lat' dir='ltr'><strong>pro</strong></span> <span class='ocrx_word' id='word_1_359' title='bbox 721 3514 890 3585; x_wconf 70' lang='lat' dir='ltr'><strong>vobis</strong></span> <span class='ocrx_word' id='word_1_360' title='bbox 928 3514 1158 3585; x_wconf 87' lang='lat' dir='ltr'><strong>sollicita</strong></span> <span class='ocrx_word' id='word_1_361' title='bbox 1209 3527 1329 3567; x_wconf 89' lang='lat' dir='ltr'><strong>esse</strong></span> <span class='ocrx_word' id='word_1_362' title='bbox 1383 3513 1698 3585; x_wconf 63' lang='lat' dir='ltr'><strong>studuism.</strong></span> 
     </span>
    </p>
   </div>
   <div class='ocr_carea' id='block_1_50' title="bbox 128 3583 1702 3654">
    <p class='ocr_par' dir='ltr' id='par_1_50' title="bbox 128 3583 1702 3654">
     <span class='ocr_line' id='line_1_50' title="bbox 128 3583 1702 3654; baseline -0.002 -16"><span class='ocrx_word' id='word_1_363' title='bbox 128 3586 261 3640; x_wconf 84' lang='lat' dir='ltr'><strong>Dicit</strong></span> <span class='ocrx_word' id='word_1_364' title='bbox 297 3583 446 3640; x_wconf 81' lang='lat' dir='ltr'><strong>enim</strong></span> <span class='ocrx_word' id='word_1_365' title='bbox 473 3583 790 3654; x_wconf 83' lang='lat' dir='ltr'><strong>Apostolus,</strong></span> <span class='ocrx_word' id='word_1_366' title='bbox 818 3583 1032 3654; x_wconf 57' lang='lat' dir='ltr'><strong>Judaei</strong></span> <span class='ocrx_word' id='word_1_367' title='bbox 1087 3586 1239 3654; x_wconf 75' lang='lat' dir='ltr'><strong>signa</strong></span> <span class='ocrx_word' id='word_1_368' title='bbox 1283 3592 1484 3652; x_wconf 81' lang='lat' dir='ltr'><strong>petunt,</strong></span> <span class='ocrx_word' id='word_1_369' title='bbox 1531 3583 1702 3654; x_wconf 62' lang='grc' dir='ltr'><strong>(ἐνιεςὶ</strong></span> 
     </span>
    </p>
   </div>
   <div class='ocr_carea' id='block_1_51' title="bbox 126 3651 1702 3725">
    <p class='ocr_par' dir='ltr' id='par_1_51' title="bbox 126 3651 1702 3725">
     <span class='ocr_line' id='line_1_51' title="bbox 126 3651 1702 3725; baseline -0.001 -19"><span class='ocrx_word' id='word_1_370' title='bbox 126 3655 430 3724; x_wconf 75' lang='lat' dir='ltr'><strong>sapientiam</strong></span> <span class='ocrx_word' id='word_1_371' title='bbox 450 3651 689 3725; x_wconf 70' lang='lat' dir='ltr'><strong>quierunt</strong></span> <span class='ocrx_word' id='word_1_372' title='bbox 721 3653 770 3725; x_wconf 85' lang='grc' dir='ltr'><strong>(Ι</strong></span> <span class='ocrx_word' id='word_1_373' title='bbox 803 3651 924 3725; x_wconf 74' lang='lat' dir='ltr'><strong>Cor.</strong></span> <span class='ocrx_word' id='word_1_374' title='bbox 959 3651 1019 3723; x_wconf 85' lang='grc' dir='ltr'><strong>ι),</strong></span> <span class='ocrx_word' id='word_1_375' title='bbox 1055 3651 1152 3708; x_wconf 84' lang='lat' dir='ltr'><strong>ubi</strong></span> <span class='ocrx_word' id='word_1_376' title='bbox 1177 3661 1258 3725; x_wconf 88' lang='lat' dir='ltr'><strong>est</strong></span> <span class='ocrx_word' id='word_1_377' title='bbox 1284 3651 1415 3722; x_wconf 84' lang='lat' dir='ltr'><strong>ergo</strong></span> <span class='ocrx_word' id='word_1_378' title='bbox 1431 3653 1702 3725; x_wconf 77' lang='lat' dir='ltr'><strong>sapientia</strong></span> 
     </span>
    </p>
   </div>
   <div class='ocr_carea' id='block_1_52' title="bbox 127 3722 1705 3794">
    <p class='ocr_par' dir='ltr' id='par_1_52' title="bbox 127 3722 1705 3794">
     <span class='ocr_line' id='line_1_52' title="bbox 127 3722 1705 3794; baseline -0.003 -16"><span class='ocrx_word' id='word_1_379' title='bbox 127 3722 316 3794; x_wconf 77' lang='lat' dir='ltr'><strong>vestra,</strong></span> <span class='ocrx_word' id='word_1_380' title='bbox 355 3722 698 3794; x_wconf 51' lang='lat' dir='ltr'><strong>qui&#39;piopter</strong></span> <span class='ocrx_word' id='word_1_381' title='bbox 727 3722 1023 3794; x_wconf 80' lang='lat' dir='ltr'><strong>quamlibet</strong></span> <span class='ocrx_word' id='word_1_382' title='bbox 1049 3724 1388 3794; x_wconf 84' lang='lat' dir='ltr'><strong>occasionem</strong></span> <span class='ocrx_word' id='word_1_383' title='bbox 1428 3723 1559 3776; x_wconf 91' lang='lat' dir='ltr'><strong>illud</strong></span> <span class='ocrx_word' id='word_1_384' title='bbox 1609 3723 1705 3776; x_wconf 86' lang='lat' dir='ltr'><strong>ha-</strong></span> 
     </span>
    </p>
   </div>
   <div class='ocr_carea' id='block_1_53' title="bbox 126 3792 1703 3862">
    <p class='ocr_par' dir='ltr' id='par_1_53' title="bbox 126 3792 1703 3862">
     <span class='ocr_line' id='line_1_53' title="bbox 126 3792 1703 3862; baseline -0.003 -14"><span class='ocrx_word' id='word_1_385' title='bbox 126 3792 248 3848; x_wconf 88' lang='lat' dir='ltr'><strong>bere</strong></span> <span class='ocrx_word' id='word_1_386' title='bbox 277 3792 647 3857; x_wconf 75' lang='lat' dir='ltr'><strong>contemnitis,</strong></span> <span class='ocrx_word' id='word_1_387' title='bbox 688 3792 803 3847; x_wconf 89' lang='lat' dir='ltr'><strong>sine</strong></span> <span class='ocrx_word' id='word_1_388' title='bbox 825 3807 932 3862; x_wconf 88' lang='lat' dir='ltr'><strong>quo</strong></span> <span class='ocrx_word' id='word_1_389' title='bbox 961 3793 1028 3846; x_wconf 90' lang='lat' dir='ltr'><strong>ad</strong></span> <span class='ocrx_word' id='word_1_390' title='bbox 1058 3808 1220 3862; x_wconf 85' lang='lat' dir='ltr'><strong>regna</strong></span> <span class='ocrx_word' id='word_1_391' title='bbox 1251 3793 1489 3846; x_wconf 61' lang='lat' dir='ltr'><strong>ecclesia</strong></span> <span class='ocrx_word' id='word_1_392' title='bbox 1511 3807 1703 3862; x_wconf 47' lang='lat' dir='ltr'><strong>psi-veg</strong></span> 
     </span>
    </p>
   </div>
   <div class='ocr_carea' id='block_1_54' title="bbox 129 3861 1703 3930">
    <p class='ocr_par' dir='ltr' id='par_1_54' title="bbox 129 3861 1703 3930">
     <span class='ocr_line' id='line_1_54' title="bbox 129 3861 1703 3930; baseline -0.002 -14"><span class='ocrx_word' id='word_1_393' title='bbox 129 3863 238 3918; x_wconf 88' lang='lat' dir='ltr'><strong>nire</strong></span> <span class='ocrx_word' id='word_1_394' title='bbox 273 3863 424 3919; x_wconf 91' lang='lat' dir='ltr'><strong>nullo</strong></span> <span class='ocrx_word' id='word_1_395' title='bbox 451 3866 610 3918; x_wconf 87' lang='lat' dir='ltr'><strong>modo</strong></span> <span class='ocrx_word' id='word_1_396' title='bbox 641 3861 920 3918; x_wconf 84' lang='lat' dir='ltr'><strong>valebitis?</strong></span> <span class='ocrx_word' id='word_1_397' title='bbox 957 3863 1024 3916; x_wconf 87' lang='lat' dir='ltr'><strong>Et</strong></span> <span class='ocrx_word' id='word_1_398' title='bbox 1048 3861 1163 3917; x_wconf 64' lang='lat' dir='ltr'><strong>haec</strong></span> <span class='ocrx_word' id='word_1_399' title='bbox 1190 3879 1294 3918; x_wconf 89' lang='lat' dir='ltr'><strong>non</strong></span> <span class='ocrx_word' id='word_1_400' title='bbox 1319 3869 1593 3930; x_wconf 81' lang='lat' dir='ltr'><strong>arguendo</strong></span> <span class='ocrx_word' id='word_1_401' title='bbox 1620 3861 1703 3914; x_wconf 83' lang='lat' dir='ltr'><strong>vel</strong></span> 
     </span>
    </p>
   </div>
   <div class='ocr_carea' id='block_1_55' title="bbox 129 3930 1704 4002">
    <p class='ocr_par' dir='ltr' id='par_1_55' title="bbox 129 3930 1704 4002">
     <span class='ocr_line' id='line_1_55' title="bbox 129 3930 1704 4002; baseline 0 -18"><span class='ocrx_word' id='word_1_402' title='bbox 129 3930 453 4002; x_wconf 84' lang='lat' dir='ltr'><strong>increpando</strong></span> <span class='ocrx_word' id='word_1_403' title='bbox 478 3975 492 3997; x_wconf 92' lang='lat'><strong>,</strong></span> <span class='ocrx_word' id='word_1_404' title='bbox 534 3934 630 3988; x_wconf 88' lang='lat' dir='ltr'><strong>sed</strong></span> <span class='ocrx_word' id='word_1_405' title='bbox 667 3933 1006 3988; x_wconf 89' lang='lat' dir='ltr'><strong>admonendo</strong></span> <span class='ocrx_word' id='word_1_406' title='bbox 1052 3933 1269 3987; x_wconf 89' lang='lat' dir='ltr'><strong>interim</strong></span> <span class='ocrx_word' id='word_1_407' title='bbox 1320 3932 1590 4002; x_wconf 81' lang='lat' dir='ltr'><strong>dicimus,</strong></span> <span class='ocrx_word' id='word_1_408' title='bbox 1645 3941 1704 3984; x_wconf 92' lang='lat' dir='ltr'><strong>ut</strong></span> 
     </span>
    </p>
   </div>
   <div class='ocr_carea' id='block_1_56' title="bbox 131 4000 1704 4069">
    <p class='ocr_par' dir='ltr' id='par_1_56' title="bbox 131 4000 1704 4069">
     <span class='ocr_line' id='line_1_56' title="bbox 131 4000 1704 4069; baseline 0.003 -17"><span class='ocrx_word' id='word_1_409' title='bbox 131 4016 222 4056; x_wconf 87' lang='lat' dir='ltr'><strong>vos</strong></span> <span class='ocrx_word' id='word_1_410' title='bbox 245 4000 310 4057; x_wconf 84' lang='lat' dir='ltr'><strong>ad</strong></span> <span class='ocrx_word' id='word_1_411' title='bbox 351 4003 668 4058; x_wconf 89' lang='lat' dir='ltr'><strong>interiorem</strong></span> <span class='ocrx_word' id='word_1_412' title='bbox 698 4003 970 4057; x_wconf 90' lang='lat' dir='ltr'><strong>hominem</strong></span> <span class='ocrx_word' id='word_1_413' title='bbox 999 4010 1264 4064; x_wconf 88' lang='lat' dir='ltr'><strong>vestrum,</strong></span> <span class='ocrx_word' id='word_1_414' title='bbox 1317 4000 1370 4055; x_wconf 89' lang='lat' dir='ltr'><strong>in</strong></span> <span class='ocrx_word' id='word_1_415' title='bbox 1424 4016 1531 4069; x_wconf 89' lang='lat' dir='ltr'><strong>quo</strong></span> <span class='ocrx_word' id='word_1_416' title='bbox 1563 4002 1704 4056; x_wconf 89' lang='lat' dir='ltr'><strong>Deus</strong></span> 
     </span>
    </p>
   </div>
   <div class='ocr_carea' id='block_1_57' title="bbox 131 4071 1698 4142">
    <p class='ocr_par' dir='ltr' id='par_1_57' title="bbox 131 4071 1698 4142">
     <span class='ocr_line' id='line_1_57' title="bbox 131 4071 1698 4142; baseline -0.001 -17"><span class='ocrx_word' id='word_1_417' title='bbox 131 4085 222 4138; x_wconf 89' lang='lat' dir='ltr'><strong>per</strong></span> <span class='ocrx_word' id='word_1_418' title='bbox 248 4073 430 4135; x_wconf 85' lang='lat' dir='ltr'><strong>ﬁdem,</strong></span> <span class='ocrx_word' id='word_1_419' title='bbox 460 4087 631 4142; x_wconf 90' lang='lat' dir='ltr'><strong>spem,</strong></span> <span class='ocrx_word' id='word_1_420' title='bbox 658 4080 721 4142; x_wconf 86' lang='lat' dir='ltr'><strong>et</strong></span> <span class='ocrx_word' id='word_1_421' title='bbox 737 4071 1058 4126; x_wconf 88' lang='lat' dir='ltr'><strong>cbaritatem</strong></span> <span class='ocrx_word' id='word_1_422' title='bbox 1084 4072 1385 4127; x_wconf 90' lang='lat' dir='ltr'><strong>inhabitare</strong></span> <span class='ocrx_word' id='word_1_423' title='bbox 1403 4071 1698 4132; x_wconf 88' lang='lat' dir='ltr'><strong>consuevit,</strong></span> 
     </span>
    </p>
   </div>
   <div class='ocr_carea' id='block_1_58' title="bbox 131 4141 1702 4210">
    <p class='ocr_par' dir='ltr' id='par_1_58' title="bbox 131 4141 1702 4210">
     <span class='ocr_line' id='line_1_58' title="bbox 131 4141 1702 4210; baseline 0.001 -18"><span class='ocrx_word' id='word_1_424' title='bbox 131 4157 456 4197; x_wconf 88' lang='lat' dir='ltr'><strong>revocemus.</strong></span> <span class='ocrx_word' id='word_1_425' title='bbox 483 4141 652 4209; x_wconf 78' lang='lat' dir='ltr'><strong>Quem</strong></span> <span class='ocrx_word' id='word_1_426' title='bbox 682 4141 728 4196; x_wconf 88' lang='lat' dir='ltr'><strong>si</strong></span> <span class='ocrx_word' id='word_1_427' title='bbox 751 4143 825 4195; x_wconf 89' lang='lat' dir='ltr'><strong>ita</strong></span> <span class='ocrx_word' id='word_1_428' title='bbox 851 4143 1165 4206; x_wconf 88' lang='lat' dir='ltr'><strong>secundum,</strong></span> <span class='ocrx_word' id='word_1_429' title='bbox 1197 4151 1258 4196; x_wconf 91' lang='lat' dir='ltr'><strong>ut</strong></span> <span class='ocrx_word' id='word_1_430' title='bbox 1293 4156 1454 4210; x_wconf 84' lang='lat' dir='ltr'><strong>supra</strong></span> <span class='ocrx_word' id='word_1_431' title='bbox 1499 4143 1702 4196; x_wconf 91' lang='lat' dir='ltr'><strong>dictum</strong></span> 
     </span>
    </p>
   </div>
   <div class='ocr_carea' id='block_1_59' title="bbox 129 4211 1699 4282">
    <p class='ocr_par' dir='ltr' id='par_1_59' title="bbox 129 4211 1699 4282">
     <span class='ocr_line' id='line_1_59' title="bbox 129 4211 1699 4282; baseline 0 -19"><span class='ocrx_word' id='word_1_432' title='bbox 129 4219 226 4282; x_wconf 86' lang='lat' dir='ltr'><strong>est,</strong></span> <span class='ocrx_word' id='word_1_433' title='bbox 254 4213 625 4282; x_wconf 87' lang='lat' dir='ltr'><strong>sapientiama</strong></span> <span class='ocrx_word' id='word_1_434' title='bbox 651 4211 760 4266; x_wconf 90' lang='lat' dir='ltr'><strong>Deo</strong></span> <span class='ocrx_word' id='word_1_435' title='bbox 775 4213 927 4266; x_wconf 87' lang='lat' dir='ltr'><strong>vobis</strong></span> <span class='ocrx_word' id='word_1_436' title='bbox 945 4213 1145 4274; x_wconf 88' lang='lat' dir='ltr'><strong>datam,</strong></span> <span class='ocrx_word' id='word_1_437' title='bbox 1174 4211 1431 4280; x_wconf 83' lang='lat' dir='ltr'><strong>cogitare,</strong></span> <span class='ocrx_word' id='word_1_438' title='bbox 1457 4211 1699 4282; x_wconf 77' lang='lat' dir='ltr'><strong>diligere,</strong></span> 
     </span>
    </p>
   </div>
   <div class='ocr_carea' id='block_1_60' title="bbox 131 4279 1704 4350">
    <p class='ocr_par' dir='ltr' id='par_1_60' title="bbox 131 4279 1704 4350">
     <span class='ocr_line' id='line_1_60' title="bbox 131 4279 1704 4350; baseline -0.001 -16"><span class='ocrx_word' id='word_1_439' title='bbox 131 4281 209 4350; x_wconf 73' lang='lat' dir='ltr'><strong>vel</strong></span> <span class='ocrx_word' id='word_1_440' title='bbox 231 4279 474 4336; x_wconf 76' lang='lat' dir='ltr'><strong>metuere</strong></span> <span class='ocrx_word' id='word_1_441' title='bbox 501 4281 683 4343; x_wconf 86' lang='lat' dir='ltr'><strong>vultis,</strong></span> <span class='ocrx_word' id='word_1_442' title='bbox 717 4283 911 4334; x_wconf 90' lang='lat' dir='ltr'><strong>mirum</strong></span> <span class='ocrx_word' id='word_1_443' title='bbox 941 4289 1054 4344; x_wconf 89' lang='lat' dir='ltr'><strong>est,</strong></span> <span class='ocrx_word' id='word_1_444' title='bbox 1082 4279 1350 4350; x_wconf 83' lang='lat' dir='ltr'><strong>quomodo</strong></span> <span class='ocrx_word' id='word_1_445' title='bbox 1378 4295 1500 4336; x_wconf 92' lang='lat' dir='ltr'><strong>cum</strong></span> <span class='ocrx_word' id='word_1_446' title='bbox 1527 4279 1704 4333; x_wconf 87' lang='lat' dir='ltr'><strong>fratri-</strong></span> 
     </span>
    </p>
   </div>
   <div class='ocr_carea' id='block_1_61' title="bbox 130 4348 1704 4420">
    <p class='ocr_par' dir='ltr' id='par_1_61' title="bbox 130 4348 1704 4420">
     <span class='ocr_line' id='line_1_61' title="bbox 130 4348 1704 4420; baseline -0.002 -15"><span class='ocrx_word' id='word_1_447' title='bbox 130 4348 226 4420; x_wconf 73' lang='lat' dir='ltr'><strong>bus</strong></span> <span class='ocrx_word' id='word_1_448' title='bbox 247 4351 478 4406; x_wconf 81' lang='lat' dir='ltr'><strong>invicem</strong></span> <span class='ocrx_word' id='word_1_449' title='bbox 508 4360 658 4405; x_wconf 90' lang='lat' dir='ltr'><strong>tanto</strong></span> <span class='ocrx_word' id='word_1_450' title='bbox 669 4350 783 4420; x_wconf 89' lang='lat' dir='ltr'><strong>jam</strong></span> <span class='ocrx_word' id='word_1_451' title='bbox 809 4361 1047 4419; x_wconf 89' lang='lat' dir='ltr'><strong>tempore</strong></span> <span class='ocrx_word' id='word_1_452' title='bbox 1077 4348 1388 4420; x_wconf 79' lang='lat' dir='ltr'><strong>scandalum</strong></span> <span class='ocrx_word' id='word_1_453' title='bbox 1424 4359 1478 4405; x_wconf 91' lang='lat' dir='ltr'><strong>et</strong></span> <span class='ocrx_word' id='word_1_454' title='bbox 1500 4351 1704 4404; x_wconf 85' lang='lat' dir='ltr'><strong>discor-</strong></span> 
     </span>
    </p>
   </div>
   <div class='ocr_carea' id='block_1_62' title="bbox 131 4417 1698 4484">
    <p class='ocr_par' dir='ltr' id='par_1_62' title="bbox 131 4417 1698 4484">
     <span class='ocr_line' id='line_1_62' title="bbox 131 4417 1698 4484; baseline 0.001 -13"><span class='ocrx_word' id='word_1_455' title='bbox 131 4417 268 4473; x_wconf 83' lang='lat' dir='ltr'><strong>diam</strong></span> <span class='ocrx_word' id='word_1_456' title='bbox 293 4421 492 4476; x_wconf 90' lang='lat' dir='ltr'><strong>habere</strong></span> <span class='ocrx_word' id='word_1_457' title='bbox 523 4436 630 4476; x_wconf 89' lang='lat' dir='ltr'><strong>non</strong></span> <span class='ocrx_word' id='word_1_458' title='bbox 657 4417 1081 4475; x_wconf 28' lang='lat' dir='ltr'><strong>metuitis.‘Ecce</strong></span> <span class='ocrx_word' id='word_1_459' title='bbox 1109 4419 1307 4476; x_wconf 91' lang='lat' dir='ltr'><strong>etenim</strong></span> <span class='ocrx_word' id='word_1_460' title='bbox 1327 4459 1342 4484; x_wconf 91' lang='lat'><strong>,</strong></span> <span class='ocrx_word' id='word_1_461' title='bbox 1372 4420 1417 4474; x_wconf 90' lang='lat' dir='ltr'><strong>si</strong></span> <span class='ocrx_word' id='word_1_462' title='bbox 1448 4435 1554 4473; x_wconf 92' lang='lat' dir='ltr'><strong>non</strong></span> <span class='ocrx_word' id='word_1_463' title='bbox 1585 4432 1698 4472; x_wconf 91' lang='lat' dir='ltr'><strong>am-</strong></span> 
     </span>
    </p>
   </div>
   <div class='ocr_carea' id='block_1_63' title="bbox 130 4471 1776 4558">
    <p class='ocr_par' dir='ltr' id='par_1_63' title="bbox 130 4471 1776 4558">
     <span class='ocr_line' id='line_1_63' title="bbox 130 4471 1776 4558; baseline 0.001 -18"><span class='ocrx_word' id='word_1_464' title='bbox 130 4471 452 4557; x_wconf 49' lang='lat' dir='ltr'><strong>magna;</strong></span> <span class='ocrx_word' id='word_1_465' title='bbox 468 4471 914 4552; x_wconf 44' lang='lat' dir='ltr'><strong>amasse};</strong></span> <span class='ocrx_word' id='word_1_466' title='bbox 942 4471 1423 4558; x_wconf 52' lang='lat' dir='ltr'><strong>adamans</strong></span> <span class='ocrx_word' id='word_1_467' title='bbox 1451 4471 1566 4542; x_wconf 42' lang='lat' dir='ltr'><strong>ira</strong></span> <span class='ocrx_word' id='word_1_468' title='bbox 1592 4471 1699 4542; x_wconf 62' lang='lat' dir='ltr'><strong>mi-</strong></span> <span class='ocrx_word' id='word_1_469' title='bbox 1729 4471 1776 4530; x_wconf 84' lang='lat' dir='ltr'><strong>D</strong></span> 
     </span>
    </p>
   </div>
   <div class='ocr_carea' id='block_1_64' title="bbox 131 4558 1698 4628">
    <p class='ocr_par' dir='ltr' id='par_1_64' title="bbox 131 4558 1698 4628">
     <span class='ocr_line' id='line_1_64' title="bbox 131 4558 1698 4628; baseline 0.001 -18"><span class='ocrx_word' id='word_1_470' title='bbox 131 4558 412 4628; x_wconf 80' lang='lat' dir='ltr'><strong>serrimam</strong></span> <span class='ocrx_word' id='word_1_471' title='bbox 436 4559 818 4615; x_wconf 66' lang='lat' dir='ltr'><strong>dissensionem</strong></span> <span class='ocrx_word' id='word_1_472' title='bbox 855 4560 1142 4628; x_wconf 88' lang='lat' dir='ltr'><strong>pullulasse</strong></span> <span class='ocrx_word' id='word_1_473' title='bbox 1171 4559 1492 4612; x_wconf 83' lang='lat' dir='ltr'><strong>audivimus.</strong></span> <span class='ocrx_word' id='word_1_474' title='bbox 1528 4560 1698 4626; x_wconf 82' lang='lat' dir='ltr'><strong>Quam</strong></span> 
     </span>
    </p>
   </div>
   <div class='ocr_carea' id='block_1_65' title="bbox 131 4624 1701 4700">
    <p class='ocr_par' dir='ltr' id='par_1_65' title="bbox 131 4624 1701 4700">
     <span class='ocr_line' id='line_1_65' title="bbox 131 4624 1701 4700; baseline 0.001 -19"><span class='ocrx_word' id='word_1_475' title='bbox 131 4624 378 4700; x_wconf 74' lang='lat' dir='ltr'><strong>Videlicet</strong></span> <span class='ocrx_word' id='word_1_476' title='bbox 422 4629 742 4700; x_wconf 77' lang='lat' dir='ltr'><strong>discordiam</strong></span> <span class='ocrx_word' id='word_1_477' title='bbox 781 4624 890 4684; x_wconf 78' lang='lat' dir='ltr'><strong>Deo</strong></span> <span class='ocrx_word' id='word_1_478' title='bbox 929 4630 1024 4700; x_wconf 91' lang='lat' dir='ltr'><strong>(ut</strong></span> <span class='ocrx_word' id='word_1_479' title='bbox 1060 4628 1290 4700; x_wconf 82' lang='lat' dir='ltr'><strong>dignum</strong></span> <span class='ocrx_word' id='word_1_480' title='bbox 1328 4629 1446 4699; x_wconf 88' lang='lat' dir='ltr'><strong>est)</strong></span> <span class='ocrx_word' id='word_1_481' title='bbox 1490 4624 1701 4697; x_wconf 82' lang='lat' dir='ltr'><strong>semper</strong></span> 
     </span>
    </p>
   </div>
   <div class='ocr_carea' id='block_1_66' title="bbox 131 4695 1699 4766">
    <p class='ocr_par' dir='ltr' id='par_1_66' title="bbox 131 4695 1699 4766">
     <span class='ocr_line' id='line_1_66' title="bbox 131 4695 1699 4766; baseline 0.001 -17"><span class='ocrx_word' id='word_1_482' title='bbox 131 4695 375 4766; x_wconf 73' lang='lat' dir='ltr'><strong>odibilem</strong></span> <span class='ocrx_word' id='word_1_483' title='bbox 403 4738 418 4760; x_wconf 93' lang='lat'><strong>,</strong></span> <span class='ocrx_word' id='word_1_484' title='bbox 459 4699 672 4754; x_wconf 89' lang='lat' dir='ltr'><strong>diabolo</strong></span> <span class='ocrx_word' id='word_1_485' title='bbox 701 4695 836 4755; x_wconf 85' lang='lat' dir='ltr'><strong>vero</strong></span> <span class='ocrx_word' id='word_1_486' title='bbox 858 4740 871 4760; x_wconf 90' lang='lat'><strong>,</strong></span> <span class='ocrx_word' id='word_1_487' title='bbox 914 4695 975 4752; x_wconf 93' lang='lat' dir='ltr'><strong>ut</strong></span> <span class='ocrx_word' id='word_1_488' title='bbox 1023 4699 1072 4753; x_wconf 88' lang='lat' dir='ltr'><strong>ei</strong></span> <span class='ocrx_word' id='word_1_489' title='bbox 1098 4695 1250 4752; x_wconf 71' lang='lat' dir='ltr'><strong>dccet</strong></span> <span class='ocrx_word' id='word_1_490' title='bbox 1269 4737 1282 4757; x_wconf 86' lang='lat'><strong>.</strong></span> <span class='ocrx_word' id='word_1_491' title='bbox 1311 4695 1523 4766; x_wconf 71' lang='lat' dir='ltr'><strong>semper</strong></span> <span class='ocrx_word' id='word_1_492' title='bbox 1548 4695 1699 4750; x_wconf 83' lang='lat' dir='ltr'><strong>ama-</strong></span> 
     </span>
    </p>
   </div>
   <div class='ocr_carea' id='block_1_67' title="bbox 134 4762 1697 4834">
    <p class='ocr_par' dir='ltr' id='par_1_67' title="bbox 134 4762 1697 4834">
     <span class='ocr_line' id='line_1_67' title="bbox 134 4762 1697 4834; baseline 0.003 -18"><span class='ocrx_word' id='word_1_493' title='bbox 134 4762 319 4831; x_wconf 89' lang='lat' dir='ltr'><strong>bilem,</strong></span> <span class='ocrx_word' id='word_1_494' title='bbox 362 4783 553 4823; x_wconf 91' lang='lat' dir='ltr'><strong>omnes</strong></span> <span class='ocrx_word' id='word_1_495' title='bbox 589 4778 960 4825; x_wconf 85' lang='lat' dir='ltr'><strong>antecessores</strong></span> <span class='ocrx_word' id='word_1_496' title='bbox 998 4768 1101 4822; x_wconf 88' lang='lat' dir='ltr'><strong>mei</strong></span> <span class='ocrx_word' id='word_1_497' title='bbox 1163 4770 1230 4821; x_wconf 90' lang='lat' dir='ltr'><strong>ad</strong></span> <span class='ocrx_word' id='word_1_498' title='bbox 1279 4762 1654 4834; x_wconf 74' lang='lat' dir='ltr'><strong>corrigendum</strong></span> <span class='ocrx_word' id='word_1_499' title='bbox 1681 4809 1697 4830; x_wconf 93' lang='lat'><strong>,</strong></span> 
     </span>
    </p>
   </div>
   <div class='ocr_carea' id='block_1_68' title="bbox 134 4837 1698 4908">
    <p class='ocr_par' dir='ltr' id='par_1_68' title="bbox 134 4837 1698 4908">
     <span class='ocr_line' id='line_1_68' title="bbox 134 4837 1698 4908; baseline 0.002 -19"><span class='ocrx_word' id='word_1_500' title='bbox 134 4845 280 4900; x_wconf 82' lang='lat' dir='ltr'><strong>prout</strong></span> <span class='ocrx_word' id='word_1_501' title='bbox 303 4837 383 4892; x_wconf 91' lang='lat' dir='ltr'><strong>eis</strong></span> <span class='ocrx_word' id='word_1_502' title='bbox 413 4838 669 4906; x_wconf 88' lang='lat' dir='ltr'><strong>possibile</strong></span> <span class='ocrx_word' id='word_1_503' title='bbox 696 4839 826 4904; x_wconf 84' lang='lat' dir='ltr'><strong>fuit,</strong></span> <span class='ocrx_word' id='word_1_504' title='bbox 853 4840 1079 4894; x_wconf 89' lang='lat' dir='ltr'><strong>multum</strong></span> <span class='ocrx_word' id='word_1_505' title='bbox 1113 4838 1386 4894; x_wconf 85' lang='lat' dir='ltr'><strong>laborasse</strong></span> <span class='ocrx_word' id='word_1_506' title='bbox 1415 4853 1521 4892; x_wconf 87' lang='lat' dir='ltr'><strong>non</strong></span> <span class='ocrx_word' id='word_1_507' title='bbox 1548 4839 1698 4908; x_wconf 85' lang='lat' dir='ltr'><strong>igno-</strong></span> 
     </span>
    </p>
   </div>
   <div class='ocr_carea' id='block_1_69' title="bbox 139 4912 294 4960">
    <p class='ocr_par' dir='ltr' id='par_1_69' title="bbox 139 4912 294 4960">
     <span class='ocr_line' id='line_1_69' title="bbox 139 4912 294 4960; baseline 0.052 -7"><span class='ocrx_word' id='word_1_508' title='bbox 139 4912 294 4960; x_wconf 88' lang='lat' dir='ltr'><strong>ratur.</strong></span> 
     </span>
    </p>
   </div>
   <div class='ocr_carea' id='block_1_70' title="bbox 199 4973 1699 5048">
    <p class='ocr_par' dir='ltr' id='par_1_70' title="bbox 199 4973 1699 5048">
     <span class='ocr_line' id='line_1_70' title="bbox 199 4973 1699 5048; baseline 0.003 -20"><span class='ocrx_word' id='word_1_509' title='bbox 199 4973 317 5033; x_wconf 60' lang='lat' dir='ltr'><strong>[late</strong></span> <span class='ocrx_word' id='word_1_510' title='bbox 338 4977 396 5048; x_wconf 87' lang='lat' dir='ltr'><strong>in</strong></span> <span class='ocrx_word' id='word_1_511' title='bbox 425 4979 618 5048; x_wconf 89' lang='lat' dir='ltr'><strong>paucis</strong></span> <span class='ocrx_word' id='word_1_512' title='bbox 660 4981 726 5035; x_wconf 90' lang='lat' dir='ltr'><strong>ad</strong></span> <span class='ocrx_word' id='word_1_513' title='bbox 762 4979 1046 5034; x_wconf 77' lang='lat' dir='ltr'><strong>excitanda</strong></span> <span class='ocrx_word' id='word_1_514' title='bbox 1091 4977 1202 5034; x_wconf 90' lang='lat' dir='ltr'><strong>Deo</strong></span> <span class='ocrx_word' id='word_1_515' title='bbox 1237 4978 1488 5032; x_wconf 90' lang='lat' dir='ltr'><strong>amabilia</strong></span> <span class='ocrx_word' id='word_1_516' title='bbox 1535 4978 1699 5032; x_wconf 83' lang='lat' dir='ltr'><strong>corda</strong></span> 
     </span>
    </p>
   </div>
   <div class='ocr_carea' id='block_1_71' title="bbox 136 5047 1700 5117">
    <p class='ocr_par' dir='ltr' id='par_1_71' title="bbox 136 5047 1700 5117">
     <span class='ocr_line' id='line_1_71' title="bbox 136 5047 1700 5117; baseline 0.003 -19"><span class='ocrx_word' id='word_1_517' title='bbox 136 5051 303 5117; x_wconf 84' lang='lat' dir='ltr'><strong>vestra</strong></span> <span class='ocrx_word' id='word_1_518' title='bbox 333 5047 457 5102; x_wconf 85' lang='lat' dir='ltr'><strong>ideo</strong></span> <span class='ocrx_word' id='word_1_519' title='bbox 487 5049 816 5116; x_wconf 62' lang='lat' dir='ltr'><strong>praemittere</strong></span> <span class='ocrx_word' id='word_1_520' title='bbox 839 5049 1166 5112; x_wconf 85' lang='lat' dir='ltr'><strong>curavimus,</strong></span> <span class='ocrx_word' id='word_1_521' title='bbox 1205 5057 1266 5102; x_wconf 90' lang='lat' dir='ltr'><strong>ut</strong></span> <span class='ocrx_word' id='word_1_522' title='bbox 1292 5065 1374 5110; x_wconf 91' lang='lat' dir='ltr'><strong>ea,</strong></span> <span class='ocrx_word' id='word_1_523' title='bbox 1407 5063 1526 5117; x_wconf 68' lang='lat' dir='ltr'><strong>quae</strong></span> <span class='ocrx_word' id='word_1_524' title='bbox 1549 5049 1700 5102; x_wconf 83' lang='lat' dir='ltr'><strong>vobis</strong></span> 
     </span>
    </p>
   </div>
   <div class='ocr_carea' id='block_1_72' title="bbox 135 5115 1700 5186">
    <p class='ocr_par' dir='ltr' id='par_1_72' title="bbox 135 5115 1700 5186">
     <span class='ocr_line' id='line_1_72' title="bbox 135 5115 1700 5186; baseline 0.003 -19"><span class='ocrx_word' id='word_1_525' title='bbox 135 5115 416 5186; x_wconf 72' lang='lat' dir='ltr'><strong>studiosius</strong></span> <span class='ocrx_word' id='word_1_526' title='bbox 440 5115 542 5186; x_wconf 81' lang='lat' dir='ltr'><strong>pro</strong></span> <span class='ocrx_word' id='word_1_527' title='bbox 573 5119 744 5172; x_wconf 89' lang='lat' dir='ltr'><strong>salute</strong></span> <span class='ocrx_word' id='word_1_528' title='bbox 769 5119 1016 5173; x_wconf 90' lang='lat' dir='ltr'><strong>omnium</strong></span> <span class='ocrx_word' id='word_1_529' title='bbox 1043 5118 1345 5186; x_wconf 88' lang='lat' dir='ltr'><strong>animarum</strong></span> <span class='ocrx_word' id='word_1_530' title='bbox 1392 5115 1700 5171; x_wconf 56' lang='lat' dir='ltr'><strong>nos’rarum</strong></span> 
     </span>
    </p>
   </div>
   <div class='ocr_carea' id='block_1_73' title="bbox 135 5182 1703 5256">
    <p class='ocr_par' dir='ltr' id='par_1_73' title="bbox 135 5182 1703 5256">
     <span class='ocr_line' id='line_1_73' title="bbox 135 5182 1703 5256; baseline 0.001 -18"><span class='ocrx_word' id='word_1_531' title='bbox 135 5182 344 5240; x_wconf 85' lang='lat' dir='ltr'><strong>dicenda</strong></span> <span class='ocrx_word' id='word_1_532' title='bbox 370 5182 732 5255; x_wconf 79' lang='lat' dir='ltr'><strong>providimus,</strong></span> <span class='ocrx_word' id='word_1_533' title='bbox 759 5189 1028 5243; x_wconf 86' lang='lat' dir='ltr'><strong>auctiores</strong></span> <span class='ocrx_word' id='word_1_534' title='bbox 1047 5185 1252 5256; x_wconf 78' lang='lat' dir='ltr'><strong>[Fort.,</strong></span> <span class='ocrx_word' id='word_1_535' title='bbox 1279 5188 1574 5242; x_wconf 87' lang='lat' dir='ltr'><strong>acutiores.</strong></span> <span class='ocrx_word' id='word_1_536' title='bbox 1598 5186 1703 5240; x_wconf 78' lang='lat' dir='ltr'><strong>Ba-</strong></span> 
     </span>
    </p>
   </div>
   <div class='ocr_carea' id='block_1_74' title="bbox 135 5256 1704 5331">
    <p class='ocr_par' dir='ltr' id='par_1_74' title="bbox 135 5256 1704 5331">
     <span class='ocr_line' id='line_1_74' title="bbox 135 5256 1704 5331; baseline 0.001 -25"><span class='ocrx_word' id='word_1_537' title='bbox 135 5256 578 5331; x_wconf 68' lang='lat' dir='ltr'><strong>ron.,avidiores]</strong></span> <span class='ocrx_word' id='word_1_538' title='bbox 606 5259 792 5331; x_wconf 71' lang='lat' dir='ltr'><strong>vosad</strong></span> <span class='ocrx_word' id='word_1_539' title='bbox 821 5258 1146 5331; x_wconf 67' lang='lat' dir='ltr'><strong>audiendum</strong></span> <span class='ocrx_word' id='word_1_540' title='bbox 1164 5265 1224 5331; x_wconf 77' lang='lat' dir='ltr'><strong>et</strong></span> <span class='ocrx_word' id='word_1_541' title='bbox 1245 5274 1338 5325; x_wconf 90' lang='lat' dir='ltr'><strong>per</strong></span> <span class='ocrx_word' id='word_1_542' title='bbox 1353 5257 1531 5312; x_wconf 89' lang='lat' dir='ltr'><strong>omnia</strong></span> <span class='ocrx_word' id='word_1_543' title='bbox 1563 5256 1704 5331; x_wconf 85' lang='lat' dir='ltr'><strong>solli-</strong></span> 
     </span>
    </p>
   </div>
   <div class='ocr_carea' id='block_1_75' title="bbox 136 5325 1701 5382">
    <p class='ocr_par' dir='ltr' id='par_1_75' title="bbox 136 5325 1701 5382">
     <span class='ocr_line' id='line_1_75' title="bbox 136 5325 1701 5382; baseline 0.003 -8"><span class='ocrx_word' id='word_1_544' title='bbox 136 5325 262 5378; x_wconf 88' lang='lat' dir='ltr'><strong>citos</strong></span> <span class='ocrx_word' id='word_1_545' title='bbox 293 5325 345 5380; x_wconf 90' lang='lat' dir='ltr'><strong>in</strong></span> <span class='ocrx_word' id='word_1_546' title='bbox 364 5325 598 5382; x_wconf 79' lang='lat' dir='ltr'><strong>Domino</strong></span> <span class='ocrx_word' id='word_1_547' title='bbox 630 5328 995 5382; x_wconf 86' lang='lat' dir='ltr'><strong>redderemus.</strong></span> <span class='ocrx_word' id='word_1_548' title='bbox 1032 5325 1138 5381; x_wconf 90' lang='lat' dir='ltr'><strong>Sed</strong></span> <span class='ocrx_word' id='word_1_549' title='bbox 1185 5327 1324 5382; x_wconf 86' lang='lat' dir='ltr'><strong>sicut</strong></span> <span class='ocrx_word' id='word_1_550' title='bbox 1378 5344 1484 5382; x_wconf 89' lang='lat' dir='ltr'><strong>non</strong></span> <span class='ocrx_word' id='word_1_551' title='bbox 1527 5327 1701 5382; x_wconf 89' lang='lat' dir='ltr'><strong>solum</strong></span> 
     </span>
    </p>
   </div>
   <div class='ocr_carea' id='block_1_76' title="bbox 135 5395 1702 5466">
    <p class='ocr_par' dir='ltr' id='par_1_76' title="bbox 135 5395 1702 5466">
     <span class='ocr_line' id='line_1_76' title="bbox 135 5395 1702 5466; baseline 0.002 -20"><span class='ocrx_word' id='word_1_552' title='bbox 135 5403 278 5466; x_wconf 77' lang='lat' dir='ltr'><strong>sacra</strong></span> <span class='ocrx_word' id='word_1_553' title='bbox 291 5396 615 5466; x_wconf 84' lang='lat' dir='ltr'><strong>auctoritate</strong></span> <span class='ocrx_word' id='word_1_554' title='bbox 629 5395 907 5462; x_wconf 87' lang='lat' dir='ltr'><strong>discimus,</strong></span> <span class='ocrx_word' id='word_1_555' title='bbox 933 5411 1120 5452; x_wconf 89' lang='lat' dir='ltr'><strong>verum</strong></span> <span class='ocrx_word' id='word_1_556' title='bbox 1146 5411 1362 5466; x_wconf 90' lang='lat' dir='ltr'><strong>quoque</strong></span> <span class='ocrx_word' id='word_1_557' title='bbox 1391 5409 1446 5451; x_wconf 85' lang='lat' dir='ltr'><strong>et</strong></span> <span class='ocrx_word' id='word_1_558' title='bbox 1469 5399 1702 5450; x_wconf 88' lang='lat' dir='ltr'><strong>humana</strong></span> 
     </span>
    </p>
   </div>
   <div class='ocr_carea' id='block_1_77' title="bbox 135 5465 1700 5533">
    <p class='ocr_par' dir='ltr' id='par_1_77' title="bbox 135 5465 1700 5533">
     <span class='ocr_line' id='line_1_77' title="bbox 135 5465 1700 5533; baseline 0.004 -19"><span class='ocrx_word' id='word_1_559' title='bbox 135 5465 432 5533; x_wconf 86' lang='lat' dir='ltr'><strong>quotidiana</strong></span> <span class='ocrx_word' id='word_1_560' title='bbox 487 5468 622 5520; x_wconf 88' lang='lat' dir='ltr'><strong>bene</strong></span> <span class='ocrx_word' id='word_1_561' title='bbox 677 5469 1067 5523; x_wconf 87' lang='lat' dir='ltr'><strong>consuetudine</strong></span> <span class='ocrx_word' id='word_1_562' title='bbox 1135 5465 1342 5533; x_wconf 73' lang='lat' dir='ltr'><strong>agendo</strong></span> <span class='ocrx_word' id='word_1_563' title='bbox 1396 5469 1700 5532; x_wconf 89' lang='lat' dir='ltr'><strong>cernimus,</strong></span> 
     </span>
    </p>
   </div>
   <div class='ocr_carea' id='block_1_78' title="bbox 135 5531 1701 5611">
    <p class='ocr_par' dir='ltr' id='par_1_78' title="bbox 135 5531 1701 5611">
     <span class='ocr_line' id='line_1_78' title="bbox 135 5531 1701 5611; baseline 0.004 -27"><span class='ocrx_word' id='word_1_564' title='bbox 135 5531 250 5611; x_wconf 77' lang='lat' dir='ltr'><strong>quia</strong></span> <span class='ocrx_word' id='word_1_565' title='bbox 284 5533 679 5611; x_wconf 59' lang='lat' dir='ltr'><strong>arboerctus</strong></span> <span class='ocrx_word' id='word_1_566' title='bbox 709 5536 1130 5611; x_wconf 75' lang='lat' dir='ltr'><strong>malosfaciens,</strong></span> <span class='ocrx_word' id='word_1_567' title='bbox 1165 5531 1516 5611; x_wconf 84' lang='lat' dir='ltr'><strong>nullo__modo</strong></span> <span class='ocrx_word' id='word_1_568' title='bbox 1553 5531 1701 5611; x_wconf 52' lang='lat' dir='ltr'><strong>salu;</strong></span> 
     </span>
    </p>
   </div>
   <div class='ocr_carea' id='block_1_79' title="bbox 119 5598 1705 5672">
    <p class='ocr_par' dir='ltr' id='par_1_79' title="bbox 119 5598 1705 5672">
     <span class='ocr_line' id='line_1_79' title="bbox 119 5598 1705 5672; baseline 0.004 -17"><span class='ocrx_word' id='word_1_569' title='bbox 119 5598 275 5658; x_wconf 80' lang='lat' dir='ltr'><strong>.hrius</strong></span> <span class='ocrx_word' id='word_1_570' title='bbox 299 5605 650 5672; x_wconf 85' lang='lat' dir='ltr'><strong>exstirpatur,</strong></span> <span class='ocrx_word' id='word_1_571' title='bbox 671 5622 832 5672; x_wconf 90' lang='lat' dir='ltr'><strong>quam</strong></span> <span class='ocrx_word' id='word_1_572' title='bbox 855 5607 900 5662; x_wconf 89' lang='lat' dir='ltr'><strong>si</strong></span> <span class='ocrx_word' id='word_1_573' title='bbox 925 5598 1184 5660; x_wconf 86' lang='lat' dir='ltr'><strong>radicitus</strong></span> <span class='ocrx_word' id='word_1_574' title='bbox 1207 5604 1488 5670; x_wconf 87' lang='lat' dir='ltr'><strong>evellatur,</strong></span> <span class='ocrx_word' id='word_1_575' title='bbox 1512 5606 1705 5662; x_wconf 90' lang='lat' dir='ltr'><strong>melius</strong></span> 
     </span>
    </p>
   </div>
   <div class='ocr_carea' id='block_1_80' title="bbox 124 5673 1704 5750">
    <p class='ocr_par' dir='ltr' id='par_1_80' title="bbox 124 5673 1704 5750">
     <span class='ocr_line' id='line_1_80' title="bbox 124 5673 1704 5750; baseline 0.003 -24"><span class='ocrx_word' id='word_1_576' title='bbox 279 5673 477 5750; x_wconf 80' lang='lat' dir='ltr'><strong>dictam</strong></span> <span class='ocrx_word' id='word_1_577' title='bbox 498 5673 819 5750; x_wconf 80' lang='lat' dir='ltr'><strong>discordiam</strong></span> <span class='ocrx_word' id='word_1_578' title='bbox 836 5685 1068 5750; x_wconf 84' lang='lat' dir='ltr'><strong>vestram</strong></span> <span class='ocrx_word' id='word_1_579' title='bbox 1081 5675 1461 5750; x_wconf 71' lang='lat' dir='ltr'><strong>omnipotente</strong></span> <span class='ocrx_word' id='word_1_580' title='bbox 1481 5674 1704 5750; x_wconf 85' lang='lat' dir='ltr'><strong>Domino</strong></span> 
     </span>
    </p>
   </div>
   <div class='ocr_carea' id='block_1_81' title="bbox 140 5743 1702 5813">
    <p class='ocr_par' dir='ltr' id='par_1_81' title="bbox 140 5743 1702 5813">
     <span class='ocr_line' id='line_1_81' title="bbox 140 5743 1702 5813; baseline 0.005 -23"><span class='ocrx_word' id='word_1_581' title='bbox 140 5743 417 5796; x_wconf 74' lang='lat' dir='ltr'><strong>opitulante</strong></span> <span class='ocrx_word' id='word_1_582' title='bbox 450 5759 557 5796; x_wconf 87' lang='lat' dir='ltr'><strong>una</strong></span> <span class='ocrx_word' id='word_1_583' title='bbox 599 5747 912 5812; x_wconf 85' lang='lat' dir='ltr'><strong>vobiscum,</strong></span> <span class='ocrx_word' id='word_1_584' title='bbox 957 5746 1047 5813; x_wconf 88' lang='lat' dir='ltr'><strong>qui</strong></span> <span class='ocrx_word' id='word_1_585' title='bbox 1081 5745 1204 5799; x_wconf 88' lang='lat' dir='ltr'><strong>huic</strong></span> <span class='ocrx_word' id='word_1_586' title='bbox 1251 5746 1568 5800; x_wconf 73' lang='lat' dir='ltr'><strong>miserrinuc</strong></span> <span class='ocrx_word' id='word_1_587' title='bbox 1616 5747 1702 5798; x_wconf 91' lang='lat' dir='ltr'><strong>ni-</strong></span> 
     </span>
    </p>
   </div>
   <div class='ocr_carea' id='block_1_82' title="bbox 1787 523 3370 594">
    <p class='ocr_par' dir='ltr' id='par_1_82' title="bbox 1787 523 3370 594">
     <span class='ocr_line' id='line_1_82' title="bbox 1787 523 3370 594; baseline 0.013 -20"><span class='ocrx_word' id='word_1_588' title='bbox 1787 523 1878 575; x_wconf 84' lang='lat' dir='ltr'><strong>sed</strong></span> <span class='ocrx_word' id='word_1_589' title='bbox 1908 523 2233 581; x_wconf 74' lang='lat' dir='ltr'><strong>auctoritate</strong></span> <span class='ocrx_word' id='word_1_590' title='bbox 2258 530 2522 582; x_wconf 87' lang='lat' dir='ltr'><strong>bonorum</strong></span> <span class='ocrx_word' id='word_1_591' title='bbox 2547 523 2786 585; x_wconf 85' lang='lat' dir='ltr'><strong>omnium</strong></span> <span class='ocrx_word' id='word_1_592' title='bbox 2825 535 3050 590; x_wconf 90' lang='lat' dir='ltr'><strong>Domino</strong></span> <span class='ocrx_word' id='word_1_593' title='bbox 3075 538 3184 591; x_wconf 88' lang='lat' dir='ltr'><strong>Deo</strong></span> <span class='ocrx_word' id='word_1_594' title='bbox 3207 523 3370 594; x_wconf 61' lang='lat' dir='ltr'><strong>tautae</strong></span> 
     </span>
    </p>
   </div>
   <div class='ocr_carea' id='block_1_83' title="bbox 1787 595 3368 676">
    <p class='ocr_par' dir='ltr' id='par_1_83' title="bbox 1787 595 3368 676">
     <span class='ocr_line' id='line_1_83' title="bbox 1787 595 3368 676; baseline 0.011 -32"><span class='ocrx_word' id='word_1_595' title='bbox 1787 595 2069 676; x_wconf 52' lang='lat' dir='ltr'><strong>spurcitia;</strong></span> <span class='ocrx_word' id='word_1_596' title='bbox 2091 597 2238 676; x_wconf 74' lang='lat' dir='ltr'><strong>celso</strong></span> <span class='ocrx_word' id='word_1_597' title='bbox 2278 598 2640 676; x_wconf 71' lang='lat' dir='ltr'><strong>meacumine</strong></span> <span class='ocrx_word' id='word_1_598' title='bbox 2661 605 3067 676; x_wconf 66' lang='lat' dir='ltr'><strong>praseminentis</strong></span> <span class='ocrx_word' id='word_1_599' title='bbox 3094 610 3368 676; x_wconf 81' lang='lat' dir='ltr'><strong>corrigere</strong></span> 
     </span>
    </p>
   </div>
   <div class='ocr_carea' id='block_1_84' title="bbox 1785 661 3371 746">
    <p class='ocr_par' dir='ltr' id='par_1_84' title="bbox 1785 661 3371 746">
     <span class='ocr_line' id='line_1_84' title="bbox 1785 661 3371 746; baseline 0.013 -34"><span class='ocrx_word' id='word_1_600' title='bbox 1785 661 2133 746; x_wconf 52' lang='lat' dir='ltr'><strong>valeinusz&#39;si</strong></span> <span class='ocrx_word' id='word_1_601' title='bbox 2163 682 2284 746; x_wconf 72' lang='lat' dir='ltr'><strong>quae</strong></span> <span class='ocrx_word' id='word_1_602' title='bbox 2309 668 2380 720; x_wconf 81' lang='lat' dir='ltr'><strong>sit</strong></span> <span class='ocrx_word' id='word_1_603' title='bbox 2401 667 2562 736; x_wconf 82' lang='lat' dir='ltr'><strong>hujus</strong></span> <span class='ocrx_word' id='word_1_604' title='bbox 2595 661 2910 738; x_wconf 73' lang='lat' dir='ltr'><strong>perditionis</strong></span> <span class='ocrx_word' id='word_1_605' title='bbox 2924 675 3077 746; x_wconf 85' lang='lat' dir='ltr'><strong>origo</strong></span> <span class='ocrx_word' id='word_1_606' title='bbox 3099 675 3181 728; x_wconf 88' lang='lat' dir='ltr'><strong>vel</strong></span> <span class='ocrx_word' id='word_1_607' title='bbox 3199 661 3371 732; x_wconf 68' lang='lat' dir='ltr'><strong>{diues</strong></span> 
     </span>
    </p>
   </div>
   <div class='ocr_carea' id='block_1_85' title="bbox 1785 731 2437 801">
    <p class='ocr_par' dir='ltr' id='par_1_85' title="bbox 1785 731 2437 801">
     <span class='ocr_line' id='line_1_85' title="bbox 1785 731 2437 801; baseline 0.009 -17"><span class='ocrx_word' id='word_1_608' title='bbox 1785 731 2088 800; x_wconf 81' lang='lat' dir='ltr'><strong>detegendo</strong></span> <span class='ocrx_word' id='word_1_609' title='bbox 2119 731 2437 801; x_wconf 43' lang='lat' dir='ltr'><strong>pa&#39;udamus.</strong></span> 
     </span>
    </p>
   </div>
   <div class='ocr_carea' id='block_1_86' title="bbox 1846 801 3370 882">
    <p class='ocr_par' dir='ltr' id='par_1_86' title="bbox 1846 801 3370 882">
     <span class='ocr_line' id='line_1_86' title="bbox 1846 801 3370 882; baseline 0.012 -31"><span class='ocrx_word' id='word_1_610' title='bbox 1846 801 2263 882; x_wconf 12' lang='lat' dir='ltr'><strong>.Null‘uslnempe</strong></span> <span class='ocrx_word' id='word_1_611' title='bbox 2287 821 2416 860; x_wconf 89' lang='lat' dir='ltr'><strong>sana</strong></span> <span class='ocrx_word' id='word_1_612' title='bbox 2445 806 2767 882; x_wconf 70' lang='lat' dir='ltr'><strong>sapientium</strong></span> <span class='ocrx_word' id='word_1_613' title='bbox 2822 811 3165 881; x_wconf 64' lang='lat' dir='ltr'><strong>ﬁdeliumque</strong></span> <span class='ocrx_word' id='word_1_614' title='bbox 3187 814 3240 868; x_wconf 91' lang='lat' dir='ltr'><strong>in</strong></span> <span class='ocrx_word' id='word_1_615' title='bbox 3263 815 3370 870; x_wconf 84' lang='lat' dir='ltr'><strong>Do-</strong></span> 
     </span>
    </p>
   </div>
   <div class='ocr_carea' id='block_1_87' title="bbox 1786 868 3371 951">
    <p class='ocr_par' dir='ltr' id='par_1_87' title="bbox 1786 868 3371 951">
     <span class='ocr_line' id='line_1_87' title="bbox 1786 868 3371 951; baseline 0.011 -30"><span class='ocrx_word' id='word_1_616' title='bbox 1786 869 1936 951; x_wconf 79' lang='lat' dir='ltr'><strong>mino</strong></span> <span class='ocrx_word' id='word_1_617' title='bbox 1964 868 2212 951; x_wconf 75' lang='lat' dir='ltr'><strong>fratrum</strong></span> <span class='ocrx_word' id='word_1_618' title='bbox 2225 868 2541 928; x_wconf 77' lang='lat' dir='ltr'><strong>vestroruni&#39;</strong></span> <span class='ocrx_word' id='word_1_619' title='bbox 2562 877 2822 951; x_wconf 64' lang='lat' dir='ltr'><strong>dubitare</strong></span> <span class='ocrx_word' id='word_1_620' title='bbox 2849 868 3197 948; x_wconf 79' lang='lat' dir='ltr'><strong>permittitur,</strong></span> <span class='ocrx_word' id='word_1_621' title='bbox 3251 868 3371 939; x_wconf 86' lang='lat' dir='ltr'><strong>esse</strong></span> 
     </span>
    </p>
   </div>
   <div class='ocr_carea' id='block_1_88' title="bbox 1786 940 3368 1020">
    <p class='ocr_par' dir='ltr' id='par_1_88' title="bbox 1786 940 3368 1020">
     <span class='ocr_line' id='line_1_88' title="bbox 1786 940 3368 1020; baseline 0.013 -31"><span class='ocrx_word' id='word_1_622' title='bbox 1786 940 1967 1020; x_wconf 81' lang='lat' dir='ltr'><strong>plures</strong></span> <span class='ocrx_word' id='word_1_623' title='bbox 1995 940 2047 1020; x_wconf 84' lang='lat' dir='ltr'><strong>in</strong></span> <span class='ocrx_word' id='word_1_624' title='bbox 2077 941 2176 1020; x_wconf 78' lang='lat' dir='ltr'><strong>hac</strong></span> <span class='ocrx_word' id='word_1_625' title='bbox 2205 953 2386 1020; x_wconf 82' lang='lat' dir='ltr'><strong>sancta</strong></span> <span class='ocrx_word' id='word_1_626' title='bbox 2413 954 2468 998; x_wconf 92' lang='lat' dir='ltr'><strong>et</strong></span> <span class='ocrx_word' id='word_1_627' title='bbox 2504 961 2534 998; x_wconf 88' lang='lat' dir='ltr'><strong>a</strong></span> <span class='ocrx_word' id='word_1_628' title='bbox 2562 946 2671 1020; x_wconf 82' lang='lat' dir='ltr'><strong>Deo</strong></span> <span class='ocrx_word' id='word_1_629' title='bbox 2694 940 3061 1006; x_wconf 76' lang='lat' dir='ltr'><strong>conservanda</strong></span> <span class='ocrx_word' id='word_1_630' title='bbox 3105 940 3368 1017; x_wconf 77' lang='lat' dir='ltr'><strong>Ecclesia,</strong></span> 
     </span>
    </p>
   </div>
   <div class='ocr_carea' id='block_1_89' title="bbox 1789 1012 3370 1088">
    <p class='ocr_par' dir='ltr' id='par_1_89' title="bbox 1789 1012 3370 1088">
     <span class='ocr_line' id='line_1_89' title="bbox 1789 1012 3370 1088; baseline 0.012 -29"><span class='ocrx_word' id='word_1_631' title='bbox 1789 1012 1879 1076; x_wconf 89' lang='lat' dir='ltr'><strong>qui</strong></span> <span class='ocrx_word' id='word_1_632' title='bbox 1913 1017 2072 1088; x_wconf 62' lang='lat' dir='ltr'><strong>tanta:</strong></span> <span class='ocrx_word' id='word_1_633' title='bbox 2105 1012 2722 1088; x_wconf 64' lang='lat' dir='ltr'><strong>miserim_stt_ccu111licre</strong></span> <span class='ocrx_word' id='word_1_634' title='bbox 2744 1020 3116 1088; x_wconf 75' lang='lat' dir='ltr'><strong>dedignentur,</strong></span> <span class='ocrx_word' id='word_1_635' title='bbox 3147 1023 3271 1077; x_wconf 87' lang='lat' dir='ltr'><strong>licet</strong></span> <span class='ocrx_word' id='word_1_636' title='bbox 3291 1012 3370 1078; x_wconf 79' lang='lat' dir='ltr'><strong>eis</strong></span> 
     </span>
    </p>
   </div>
   <div class='ocr_carea' id='block_1_90' title="bbox 1791 1079 3371 1159">
    <p class='ocr_par' dir='ltr' id='par_1_90' title="bbox 1791 1079 3371 1159">
     <span class='ocr_line' id='line_1_90' title="bbox 1791 1079 3371 1159; baseline 0.012 -30"><span class='ocrx_word' id='word_1_637' title='bbox 1791 1093 1982 1131; x_wconf 89' lang='lat' dir='ltr'><strong>manus</strong></span> <span class='ocrx_word' id='word_1_638' title='bbox 2008 1079 2242 1159; x_wconf 72' lang='lat' dir='ltr'><strong>humana</strong></span> <span class='ocrx_word' id='word_1_639' title='bbox 2277 1083 2524 1159; x_wconf 81' lang='lat' dir='ltr'><strong>validior,</strong></span> <span class='ocrx_word' id='word_1_640' title='bbox 2545 1098 2611 1136; x_wconf 87' lang='lat' dir='ltr'><strong>ne</strong></span> <span class='ocrx_word' id='word_1_641' title='bbox 2638 1087 2710 1146; x_wconf 90' lang='lat' dir='ltr'><strong>id,</strong></span> <span class='ocrx_word' id='word_1_642' title='bbox 2756 1079 2898 1159; x_wconf 77' lang='lat' dir='ltr'><strong>quod</strong></span> <span class='ocrx_word' id='word_1_643' title='bbox 2927 1079 3122 1146; x_wconf 81' lang='lat' dir='ltr'><strong>exinde</strong></span> <span class='ocrx_word' id='word_1_644' title='bbox 3163 1091 3371 1159; x_wconf 82' lang='lat' dir='ltr'><strong>justum</strong></span> 
     </span>
    </p>
   </div>
   <div class='ocr_carea' id='block_1_91' title="bbox 1789 1148 3369 1224">
    <p class='ocr_par' dir='ltr' id='par_1_91' title="bbox 1789 1148 3369 1224">
     <span class='ocr_line' id='line_1_91' title="bbox 1789 1148 3369 1224; baseline 0.012 -26"><span class='ocrx_word' id='word_1_645' title='bbox 1789 1161 1908 1224; x_wconf 83' lang='lat' dir='ltr'><strong>esse</strong></span> <span class='ocrx_word' id='word_1_646' title='bbox 1932 1163 2036 1202; x_wconf 91' lang='lat' dir='ltr'><strong>non</strong></span> <span class='ocrx_word' id='word_1_647' title='bbox 2064 1148 2333 1224; x_wconf 64' lang='lat' dir='ltr'><strong>dubitant,</strong></span> <span class='ocrx_word' id='word_1_648' title='bbox 2361 1161 2681 1224; x_wconf 14' lang='lat' dir='ltr'><strong>restaurare,</strong></span> <span class='ocrx_word' id='word_1_649' title='bbox 2703 1148 2787 1208; x_wconf 80' lang='lat' dir='ltr'><strong>vel</strong></span> <span class='ocrx_word' id='word_1_650' title='bbox 2829 1159 3090 1224; x_wconf 88' lang='lat' dir='ltr'><strong>perﬁcere</strong></span> <span class='ocrx_word' id='word_1_651' title='bbox 3133 1148 3369 1224; x_wconf 67' lang='lat' dir='ltr'><strong>valeant.</strong></span> 
     </span>
    </p>
   </div>
   <div class='ocr_carea' id='block_1_92' title="bbox 1789 1217 3369 1294">
    <p class='ocr_par' dir='ltr' id='par_1_92' title="bbox 1789 1217 3369 1294">
     <span class='ocr_line' id='line_1_92' title="bbox 1789 1217 3369 1294; baseline 0.009 -24"><span class='ocrx_word' id='word_1_652' title='bbox 1789 1217 2036 1294; x_wconf 75' lang='lat' dir='ltr'><strong>obsistat.</strong></span> <span class='ocrx_word' id='word_1_653' title='bbox 2067 1287 2078 1294; x_wconf 85' lang='lat'><em>_</em></span> <span class='ocrx_word' id='word_1_654' title='bbox 2110 1217 2472 1294; x_wconf 69' lang='lat' dir='ltr'><strong>Quamobrem</strong></span> <span class='ocrx_word' id='word_1_655' title='bbox 2511 1223 2814 1294; x_wconf 83' lang='lat' dir='ltr'><strong>amabiliter</strong></span> <span class='ocrx_word' id='word_1_656' title='bbox 2830 1217 3189 1283; x_wconf 56' lang='lat' dir='ltr'><strong>&#39;ammonendi</strong></span> <span class='ocrx_word' id='word_1_657' title='bbox 3216 1217 3369 1294; x_wconf 67' lang='lat' dir='ltr'><strong>estis,</strong></span> 
     </span>
    </p>
   </div>
   <div class='ocr_carea' id='block_1_93' title="bbox 1790 1286 3374 1356">
    <p class='ocr_par' dir='ltr' id='par_1_93' title="bbox 1790 1286 3374 1356">
     <span class='ocr_line' id='line_1_93' title="bbox 1790 1286 3374 1356; baseline 0.009 -17"><span class='ocrx_word' id='word_1_658' title='bbox 1790 1294 1850 1339; x_wconf 85' lang='lat' dir='ltr'><strong>ut</strong></span> <span class='ocrx_word' id='word_1_659' title='bbox 1879 1286 2006 1339; x_wconf 90' lang='lat' dir='ltr'><strong>totis</strong></span> <span class='ocrx_word' id='word_1_660' title='bbox 2031 1287 2236 1340; x_wconf 89' lang='lat' dir='ltr'><strong>viribus</strong></span> <span class='ocrx_word' id='word_1_661' title='bbox 2259 1288 2679 1356; x_wconf 82' lang='lat' dir='ltr'><strong>omnipotentem</strong></span> <span class='ocrx_word' id='word_1_662' title='bbox 2705 1293 2986 1346; x_wconf 89' lang='lat' dir='ltr'><strong>Dominum</strong></span> <span class='ocrx_word' id='word_1_663' title='bbox 3009 1313 3234 1352; x_wconf 83' lang='lat' dir='ltr'><strong>exorare</strong></span> <span class='ocrx_word' id='word_1_664' title='bbox 3260 1286 3374 1352; x_wconf 53' lang='lat' dir='ltr'><strong>stu;</strong></span> 
     </span>
    </p>
   </div>
   <div class='ocr_carea' id='block_1_94' title="bbox 1791 1356 3376 1428">
    <p class='ocr_par' dir='ltr' id='par_1_94' title="bbox 1791 1356 3376 1428">
     <span class='ocr_line' id='line_1_94' title="bbox 1791 1356 3376 1428; baseline 0.008 -20"><span class='ocrx_word' id='word_1_665' title='bbox 1791 1356 1982 1428; x_wconf 76' lang='lat' dir='ltr'><strong>dentis,</strong></span> <span class='ocrx_word' id='word_1_666' title='bbox 2011 1364 2072 1408; x_wconf 89' lang='lat' dir='ltr'><strong>ut</strong></span> <span class='ocrx_word' id='word_1_667' title='bbox 2094 1367 2306 1428; x_wconf 76' lang='lat' dir='ltr'><strong>tantam</strong></span> <span class='ocrx_word' id='word_1_668' title='bbox 2325 1360 2392 1412; x_wconf 87' lang='lat' dir='ltr'><strong>ab</strong></span> <span class='ocrx_word' id='word_1_669' title='bbox 2417 1363 2519 1412; x_wconf 85' lang='lat' dir='ltr'><strong>hoc</strong></span> <span class='ocrx_word' id='word_1_670' title='bbox 2543 1376 2710 1428; x_wconf 67' lang='lat' dir='ltr'><strong>regno</strong></span> <span class='ocrx_word' id='word_1_671' title='bbox 2733 1362 3098 1418; x_wconf 86' lang='lat' dir='ltr'><strong>infelicitatem</strong></span> <span class='ocrx_word' id='word_1_672' title='bbox 3126 1381 3376 1421; x_wconf 85' lang='lat' dir='ltr'><strong>amovere</strong></span> 
     </span>
    </p>
   </div>
   <div class='ocr_carea' id='block_1_95' title="bbox 1762 1422 3373 1506">
    <p class='ocr_par' dir='ltr' id='par_1_95' title="bbox 1762 1422 3373 1506">
     <span class='ocr_line' id='line_1_95' title="bbox 1762 1422 3373 1506; baseline 0.009 -29"><span class='ocrx_word' id='word_1_673' title='bbox 1762 1422 1990 1491; x_wconf 83' lang='lat' dir='ltr'><strong>&#39;jubeat,</strong></span> <span class='ocrx_word' id='word_1_674' title='bbox 2023 1426 2268 1506; x_wconf 66' lang='lat' dir='ltr'><strong>etillam,</strong></span> <span class='ocrx_word' id='word_1_675' title='bbox 2290 1443 2450 1496; x_wconf 90' lang='lat' dir='ltr'><strong>quam</strong></span> <span class='ocrx_word' id='word_1_676' title='bbox 2475 1422 2705 1506; x_wconf 72' lang='lat' dir='ltr'><strong>mundus</strong></span> <span class='ocrx_word' id='word_1_677' title='bbox 2751 1434 2881 1506; x_wconf 78' lang='lat' dir='ltr'><strong>dare</strong></span> <span class='ocrx_word' id='word_1_678' title='bbox 2911 1448 3017 1487; x_wconf 89' lang='lat' dir='ltr'><strong>non</strong></span> <span class='ocrx_word' id='word_1_679' title='bbox 3045 1445 3243 1505; x_wconf 82' lang='lat' dir='ltr'><strong>potest,</strong></span> <span class='ocrx_word' id='word_1_680' title='bbox 3283 1453 3373 1506; x_wconf 86' lang='lat' dir='ltr'><strong>pa-</strong></span> 
     </span>
    </p>
   </div>
   <div class='ocr_carea' id='block_1_96' title="bbox 1791 1497 3150 1560">
    <p class='ocr_par' dir='ltr' id='par_1_96' title="bbox 1791 1497 3150 1560">
     <span class='ocr_line' id='line_1_96' title="bbox 1791 1497 3150 1560; baseline 0.008 -13"><span class='ocrx_word' id='word_1_681' title='bbox 1791 1509 1906 1547; x_wconf 85' lang='lat' dir='ltr'><strong>cem</strong></span> <span class='ocrx_word' id='word_1_682' title='bbox 1958 1511 2052 1548; x_wconf 89' lang='lat' dir='ltr'><strong>sua</strong></span> <span class='ocrx_word' id='word_1_683' title='bbox 2077 1497 2226 1550; x_wconf 87' lang='lat' dir='ltr'><strong>vobis</strong></span> <span class='ocrx_word' id='word_1_684' title='bbox 2259 1501 2516 1551; x_wconf 87' lang='lat' dir='ltr'><strong>immensa</strong></span> <span class='ocrx_word' id='word_1_685' title='bbox 2547 1499 2832 1554; x_wconf 87' lang='lat' dir='ltr'><strong>clementia</strong></span> <span class='ocrx_word' id='word_1_686' title='bbox 2868 1497 3150 1560; x_wconf 72' lang='lat' dir='ltr'><strong>concedat.</strong></span> 
     </span>
    </p>
   </div>
   <div class='ocr_carea' id='block_1_97' title="bbox 1863 1563 3376 1633">
    <p class='ocr_par' dir='ltr' id='par_1_97' title="bbox 1863 1563 3376 1633">
     <span class='ocr_line' id='line_1_97' title="bbox 1863 1563 3376 1633; baseline 0.009 -17"><span class='ocrx_word' id='word_1_687' title='bbox 1863 1563 1930 1616; x_wconf 86' lang='lat' dir='ltr'><strong>Et</strong></span> <span class='ocrx_word' id='word_1_688' title='bbox 1952 1567 2077 1633; x_wconf 88' lang='lat' dir='ltr'><strong>quia</strong></span> <span class='ocrx_word' id='word_1_689' title='bbox 2105 1574 2266 1620; x_wconf 66' lang='lat' dir='ltr'><strong>tantm</strong></span> <span class='ocrx_word' id='word_1_690' title='bbox 2289 1568 2628 1621; x_wconf 83' lang='lat' dir='ltr'><strong>auctoritatis</strong></span> <span class='ocrx_word' id='word_1_691' title='bbox 2653 1572 2807 1628; x_wconf 80' lang='lat' dir='ltr'><strong>ordo.</strong></span> <span class='ocrx_word' id='word_1_692' title='bbox 2831 1573 2913 1624; x_wconf 83' lang='lat' dir='ltr'><strong>vel</strong></span> <span class='ocrx_word' id='word_1_693' title='bbox 2941 1581 3103 1628; x_wconf 73' lang='lat' dir='ltr'><strong>tantae</strong></span> <span class='ocrx_word' id='word_1_694' title='bbox 3128 1575 3376 1630; x_wconf 89' lang='lat' dir='ltr'><strong>sublimi--</strong></span> 
     </span>
    </p>
   </div>
   <div class='ocr_carea' id='block_1_98' title="bbox 1793 1635 3373 1710">
    <p class='ocr_par' dir='ltr' id='par_1_98' title="bbox 1793 1635 3373 1710">
     <span class='ocr_line' id='line_1_98' title="bbox 1793 1635 3373 1710; baseline 0.009 -25"><span class='ocrx_word' id='word_1_695' title='bbox 1793 1635 1926 1688; x_wconf 88' lang='lat' dir='ltr'><strong>tatis</strong></span> <span class='ocrx_word' id='word_1_696' title='bbox 1954 1639 2092 1688; x_wconf 87' lang='lat' dir='ltr'><strong>ratio</strong></span> <span class='ocrx_word' id='word_1_697' title='bbox 2112 1638 2335 1688; x_wconf 88' lang='lat' dir='ltr'><strong>necdum</strong></span> <span class='ocrx_word' id='word_1_698' title='bbox 2349 1640 2626 1710; x_wconf 81' lang='lat' dir='ltr'><strong>poscebat,</strong></span> <span class='ocrx_word' id='word_1_699' title='bbox 2655 1651 2714 1692; x_wconf 89' lang='lat' dir='ltr'><strong>ut</strong></span> <span class='ocrx_word' id='word_1_700' title='bbox 2736 1641 3045 1710; x_wconf 88' lang='lat' dir='ltr'><strong>priusquam</strong></span> <span class='ocrx_word' id='word_1_701' title='bbox 3070 1644 3373 1707; x_wconf 86' lang='lat' dir='ltr'><strong>illaomnia.</strong></span> 
     </span>
    </p>
   </div>
   <div class='ocr_carea' id='block_1_99' title="bbox 1831 1707 3378 1779">
    <p class='ocr_par' dir='ltr' id='par_1_99' title="bbox 1831 1707 3378 1779">
     <span class='ocr_line' id='line_1_99' title="bbox 1831 1707 3378 1779; baseline 0.008 -25"><span class='ocrx_word' id='word_1_702' title='bbox 1831 1713 2135 1779; x_wconf 52' lang='lat' dir='ltr'><strong>memento</strong></span> <span class='ocrx_word' id='word_1_703' title='bbox 2175 1707 2548 1779; x_wconf 57' lang='lat' dir='ltr'><strong>pneiiiittenda</strong></span> <span class='ocrx_word' id='word_1_704' title='bbox 2589 1707 2762 1770; x_wconf 76' lang='lat' dir='ltr'><strong>erant,</strong></span> <span class='ocrx_word' id='word_1_705' title='bbox 2803 1707 3262 1779; x_wconf 51' lang='lat' dir='ltr'><strong>prmponerentur,</strong></span> <span class='ocrx_word' id='word_1_706' title='bbox 3319 1724 3378 1767; x_wconf 85' lang='lat' dir='ltr'><strong>ut</strong></span> 
     </span>
    </p>
   </div>
   <div class='ocr_carea' id='block_1_100' title="bbox 1721 1773 3380 1850">
    <p class='ocr_par' dir='ltr' id='par_1_100' title="bbox 1721 1773 3380 1850">
     <span class='ocr_line' id='line_1_100' title="bbox 1721 1773 3380 1850; baseline 0.008 -27"><span class='ocrx_word' id='word_1_707' title='bbox 1721 1792 1768 1850; x_wconf 76' lang='grc' dir='ltr'>Β</span> <span class='ocrx_word' id='word_1_708' title='bbox 1799 1773 2006 1827; x_wconf 82' lang='lat' dir='ltr'><strong>facilius</strong></span> <span class='ocrx_word' id='word_1_709' title='bbox 2025 1776 2219 1850; x_wconf 81' lang='lat' dir='ltr'><strong>quovis</strong></span> <span class='ocrx_word' id='word_1_710' title='bbox 2241 1776 2292 1850; x_wconf 81' lang='lat' dir='ltr'><strong>in</strong></span> <span class='ocrx_word' id='word_1_711' title='bbox 2318 1776 2436 1829; x_wconf 91' lang='lat' dir='ltr'><strong>loco</strong></span> <span class='ocrx_word' id='word_1_712' title='bbox 2457 1780 2750 1850; x_wconf 80' lang='lat' dir='ltr'><strong>secundum</strong></span> <span class='ocrx_word' id='word_1_713' title='bbox 2773 1773 2853 1844; x_wconf 79' lang='lat' dir='ltr'><strong>sui</strong></span> <span class='ocrx_word' id='word_1_714' title='bbox 2876 1773 3189 1850; x_wconf 81' lang='lat' dir='ltr'><strong>qualitatem</strong></span> <span class='ocrx_word' id='word_1_715' title='bbox 3215 1773 3380 1838; x_wconf 81' lang='lat' dir='ltr'><strong>habe-</strong></span> 
     </span>
    </p>
   </div>
   <div class='ocr_carea' id='block_1_101' title="bbox 1800 1845 3375 1922">
    <p class='ocr_par' dir='ltr' id='par_1_101' title="bbox 1800 1845 3375 1922">
     <span class='ocr_line' id='line_1_101' title="bbox 1800 1845 3375 1922; baseline 0.01 -28"><span class='ocrx_word' id='word_1_716' title='bbox 1800 1855 1985 1922; x_wconf 62' lang='lat' dir='ltr'><strong>rentur</strong></span> <span class='ocrx_word' id='word_1_717' title='bbox 2022 1845 2132 1922; x_wconf 67' lang='lat' dir='ltr'><strong>illa,</strong></span> <span class='ocrx_word' id='word_1_718' title='bbox 2173 1846 2368 1912; x_wconf 88' lang='lat' dir='ltr'><strong>quibus</strong></span> <span class='ocrx_word' id='word_1_719' title='bbox 2399 1847 2543 1900; x_wconf 84' lang='lat' dir='ltr'><strong>salva</strong></span> <span class='ocrx_word' id='word_1_720' title='bbox 2573 1847 2693 1911; x_wconf 86' lang='lat' dir='ltr'><strong>ﬁde,</strong></span> <span class='ocrx_word' id='word_1_721' title='bbox 2723 1863 2837 1922; x_wconf 69' lang='lat' dir='ltr'><strong>spe,</strong></span> <span class='ocrx_word' id='word_1_722' title='bbox 2867 1845 2948 1904; x_wconf 76' lang='lat' dir='ltr'><strong>vel</strong></span> <span class='ocrx_word' id='word_1_723' title='bbox 2992 1853 3254 1907; x_wconf 87' lang='lat' dir='ltr'><strong>charitate</strong></span> <span class='ocrx_word' id='word_1_724' title='bbox 3289 1857 3375 1908; x_wconf 90' lang='lat' dir='ltr'><strong>to-</strong></span> 
     </span>
    </p>
   </div>
   <div class='ocr_carea' id='block_1_102' title="bbox 1794 1913 3378 1992">
    <p class='ocr_par' dir='ltr' id='par_1_102' title="bbox 1794 1913 3378 1992">
     <span class='ocr_line' id='line_1_102' title="bbox 1794 1913 3378 1992; baseline 0.008 -28"><span class='ocrx_word' id='word_1_725' title='bbox 1794 1913 2180 1992; x_wconf 64' lang='lat' dir='ltr'><strong>tiusEcclesize</strong></span> <span class='ocrx_word' id='word_1_726' title='bbox 2203 1922 2374 1992; x_wconf 82' lang='lat' dir='ltr'><strong>status</strong></span> <span class='ocrx_word' id='word_1_727' title='bbox 2401 1932 2592 1992; x_wconf 85' lang='lat' dir='ltr'><strong>carere</strong></span> <span class='ocrx_word' id='word_1_728' title='bbox 2621 1919 2898 1992; x_wconf 74' lang='lat' dir='ltr'><strong>potuisset,</strong></span> <span class='ocrx_word' id='word_1_729' title='bbox 2950 1932 3170 1992; x_wconf 88' lang='lat' dir='ltr'><strong>propter</strong></span> <span class='ocrx_word' id='word_1_730' title='bbox 3215 1923 3378 1977; x_wconf 85' lang='lat' dir='ltr'><strong>satis-</strong></span> 
     </span>
    </p>
   </div>
   <div class='ocr_carea' id='block_1_103' title="bbox 1795 1980 3379 2062">
    <p class='ocr_par' dir='ltr' id='par_1_103' title="bbox 1795 1980 3379 2062">
     <span class='ocr_line' id='line_1_103' title="bbox 1795 1980 3379 2062; baseline 0.007 -28"><span class='ocrx_word' id='word_1_731' title='bbox 1795 1980 2080 2062; x_wconf 71' lang='lat' dir='ltr'><strong>factionem</strong></span> <span class='ocrx_word' id='word_1_732' title='bbox 2109 1992 2287 2062; x_wconf 80' lang='lat' dir='ltr'><strong>tamen</strong></span> <span class='ocrx_word' id='word_1_733' title='bbox 2330 1986 2384 2038; x_wconf 91' lang='lat' dir='ltr'><strong>in</strong></span> <span class='ocrx_word' id='word_1_734' title='bbox 2413 1987 2514 2062; x_wconf 76' lang='lat' dir='ltr'><strong>hoc</strong></span> <span class='ocrx_word' id='word_1_735' title='bbox 2539 1980 2701 2062; x_wconf 65' lang='lat' dir='ltr'><strong>opere</strong></span> <span class='ocrx_word' id='word_1_736' title='bbox 2724 1980 3079 2044; x_wconf 76' lang='lat' dir='ltr'><strong>laborantium</strong></span> <span class='ocrx_word' id='word_1_737' title='bbox 3107 1992 3379 2062; x_wconf 82' lang='lat' dir='ltr'><strong>principa-</strong></span> 
     </span>
    </p>
   </div>
   <div class='ocr_carea' id='block_1_104' title="bbox 1795 2049 3380 2130">
    <p class='ocr_par' dir='ltr' id='par_1_104' title="bbox 1795 2049 3380 2130">
     <span class='ocr_line' id='line_1_104' title="bbox 1795 2049 3380 2130; baseline 0.007 -28"><span class='ocrx_word' id='word_1_738' title='bbox 1795 2049 1862 2104; x_wconf 88' lang='lat' dir='ltr'><strong>lis</strong></span> <span class='ocrx_word' id='word_1_739' title='bbox 1890 2050 2049 2118; x_wconf 89' lang='lat' dir='ltr'><strong>hujus</strong></span> <span class='ocrx_word' id='word_1_740' title='bbox 2077 2055 2374 2130; x_wconf 63' lang='lat' dir='ltr'><strong>sajpediczze</strong></span> <span class='ocrx_word' id='word_1_741' title='bbox 2400 2049 2698 2130; x_wconf 57' lang='grc' dir='ltr'><strong>ιιίεικοι-ζιὶεξξΔ</strong></span> <span class='ocrx_word' id='word_1_742' title='bbox 2729 2068 2942 2123; x_wconf 77' lang='lat' dir='ltr'><strong>vestrae,</strong></span> <span class='ocrx_word' id='word_1_743' title='bbox 2989 2049 3150 2116; x_wconf 76' lang='lat' dir='ltr'><strong>causa</strong></span> <span class='ocrx_word' id='word_1_744' title='bbox 3189 2049 3380 2130; x_wconf 72' lang='lat' dir='ltr'><strong>imagi-</strong></span> 
     </span>
    </p>
   </div>
   <div class='ocr_carea' id='block_1_105' title="bbox 1796 2123 3378 2200">
    <p class='ocr_par' dir='ltr' id='par_1_105' title="bbox 1796 2123 3378 2200">
     <span class='ocr_line' id='line_1_105' title="bbox 1796 2123 3378 2200; baseline 0.008 -29"><span class='ocrx_word' id='word_1_745' title='bbox 1796 2135 1923 2200; x_wconf 81' lang='lat' dir='ltr'><strong>nu_m</strong></span> <span class='ocrx_word' id='word_1_746' title='bbox 1965 2123 2237 2200; x_wconf 75' lang='lat' dir='ltr'><strong>exstitisse</strong></span> <span class='ocrx_word' id='word_1_747' title='bbox 2287 2125 2547 2200; x_wconf 70' lang='lat' dir='ltr'><strong>traditur.</strong></span> <span class='ocrx_word' id='word_1_748' title='bbox 2640 2125 3156 2200; x_wconf 12' lang='lat' dir='ltr'><strong>Ejusdemiquoque</strong></span> <span class='ocrx_word' id='word_1_749' title='bbox 3199 2123 3378 2185; x_wconf 59' lang='lat' dir='ltr'><strong>causa!</strong></span> 
     </span>
    </p>
   </div>
   <div class='ocr_carea' id='block_1_106' title="bbox 1795 2191 3377 2267">
    <p class='ocr_par' dir='ltr' id='par_1_106' title="bbox 1795 2191 3377 2267">
     <span class='ocr_line' id='line_1_106' title="bbox 1795 2191 3377 2267; baseline 0.008 -25"><span class='ocrx_word' id='word_1_750' title='bbox 1795 2191 1947 2267; x_wconf 72' lang='lat' dir='ltr'><strong>origo</strong></span> <span class='ocrx_word' id='word_1_751' title='bbox 1991 2192 2044 2244; x_wconf 91' lang='lat' dir='ltr'><strong>in</strong></span> <span class='ocrx_word' id='word_1_752' title='bbox 2071 2207 2136 2246; x_wconf 90' lang='lat' dir='ltr'><strong>eo</strong></span> <span class='ocrx_word' id='word_1_753' title='bbox 2158 2194 2446 2267; x_wconf 75' lang='lat' dir='ltr'><strong>contigisse</strong></span> <span class='ocrx_word' id='word_1_754' title='bbox 2490 2191 2695 2267; x_wconf 40' lang='lat' dir='ltr'><strong>fertur,</strong></span> <span class='ocrx_word' id='word_1_755' title='bbox 2740 2199 2883 2264; x_wconf 85' lang='lat' dir='ltr'><strong>quod</strong></span> <span class='ocrx_word' id='word_1_756' title='bbox 2909 2191 3204 2267; x_wconf 71' lang='lat' dir='ltr'><strong>imperator</strong></span> <span class='ocrx_word' id='word_1_757' title='bbox 3249 2214 3377 2254; x_wconf 88' lang='lat' dir='ltr'><strong>con-</strong></span> 
     </span>
    </p>
   </div>
   <div class='ocr_carea' id='block_1_107' title="bbox 1779 2259 3380 2334">
    <p class='ocr_par' dir='ltr' id='par_1_107' title="bbox 1779 2259 3380 2334">
     <span class='ocr_line' id='line_1_107' title="bbox 1779 2259 3380 2334; baseline 0.007 -22"><span class='ocrx_word' id='word_1_758' title='bbox 1779 2259 2040 2334; x_wconf 59' lang='lat' dir='ltr'><strong>siderans</strong></span> <span class='ocrx_word' id='word_1_759' title='bbox 2073 2259 2330 2334; x_wconf 73' lang='lat' dir='ltr'><strong>quosdam</strong></span> <span class='ocrx_word' id='word_1_760' title='bbox 2358 2266 2409 2318; x_wconf 93' lang='lat' dir='ltr'><strong>in</strong></span> <span class='ocrx_word' id='word_1_761' title='bbox 2433 2266 2620 2319; x_wconf 85' lang='lat' dir='ltr'><strong>eadem</strong></span> <span class='ocrx_word' id='word_1_762' title='bbox 2647 2259 2800 2334; x_wconf 75' lang='lat' dir='ltr'><strong>plebe</strong></span> <span class='ocrx_word' id='word_1_763' title='bbox 2827 2259 3116 2324; x_wconf 74' lang='lat' dir='ltr'><strong>indiscrete</strong></span> <span class='ocrx_word' id='word_1_764' title='bbox 3155 2269 3271 2324; x_wconf 85' lang='lat' dir='ltr'><strong>zelo</strong></span> <span class='ocrx_word' id='word_1_765' title='bbox 3297 2270 3380 2323; x_wconf 89' lang='lat' dir='ltr'><strong>in-</strong></span> 
     </span>
    </p>
   </div>
   <div class='ocr_carea' id='block_1_108' title="bbox 1797 2328 3380 2408">
    <p class='ocr_par' dir='ltr' id='par_1_108' title="bbox 1797 2328 3380 2408">
     <span class='ocr_line' id='line_1_108' title="bbox 1797 2328 3380 2408; baseline 0.006 -26"><span class='ocrx_word' id='word_1_766' title='bbox 1797 2328 2108 2386; x_wconf 74' lang='lat' dir='ltr'><strong>ﬂammatos</strong></span> <span class='ocrx_word' id='word_1_767' title='bbox 2127 2333 2266 2408; x_wconf 78' lang='lat' dir='ltr'><strong>ultra</strong></span> <span class='ocrx_word' id='word_1_768' title='bbox 2293 2348 2460 2408; x_wconf 81' lang='lat' dir='ltr'><strong>quam</strong></span> <span class='ocrx_word' id='word_1_769' title='bbox 2483 2328 2829 2408; x_wconf 79' lang='lat' dir='ltr'><strong>Oportuisset,</strong></span> <span class='ocrx_word' id='word_1_770' title='bbox 2861 2338 2942 2392; x_wconf 89' lang='lat' dir='ltr'><strong>vel</strong></span> <span class='ocrx_word' id='word_1_771' title='bbox 2974 2355 3208 2408; x_wconf 90' lang='lat' dir='ltr'><strong>unquam</strong></span> <span class='ocrx_word' id='word_1_772' title='bbox 3223 2339 3380 2408; x_wconf 88' lang='lat' dir='ltr'><strong>prius</strong></span> 
     </span>
    </p>
   </div>
   <div class='ocr_carea' id='block_1_109' title="bbox 1798 2403 3378 2472">
    <p class='ocr_par' dir='ltr' id='par_1_109' title="bbox 1798 2403 3378 2472">
     <span class='ocr_line' id='line_1_109' title="bbox 1798 2403 3378 2472; baseline 0.006 -21"><span class='ocrx_word' id='word_1_773' title='bbox 1798 2403 2259 2472; x_wconf 56' lang='lat' dir='ltr'><strong>actumeaset,in</strong></span> <span class='ocrx_word' id='word_1_774' title='bbox 2303 2403 2591 2472; x_wconf 79' lang='lat' dir='ltr'><strong>imaginum</strong></span> <span class='ocrx_word' id='word_1_775' title='bbox 2643 2406 2874 2470; x_wconf 86' lang='lat' dir='ltr'><strong>cultura,</strong></span> <span class='ocrx_word' id='word_1_776' title='bbox 2922 2403 3264 2463; x_wconf 74' lang='lat' dir='ltr'><strong>veneratione</strong></span> <span class='ocrx_word' id='word_1_777' title='bbox 3291 2407 3378 2462; x_wconf 85' lang='lat' dir='ltr'><strong>vel</strong></span> 
     </span>
    </p>
   </div>
   <div class='ocr_carea' id='block_1_110' title="bbox 1799 2470 3383 2549">
    <p class='ocr_par' dir='ltr' id='par_1_110' title="bbox 1799 2470 3383 2549">
     <span class='ocr_line' id='line_1_110' title="bbox 1799 2470 3383 2549; baseline 0.006 -27"><span class='ocrx_word' id='word_1_778' title='bbox 1799 2470 2116 2549; x_wconf 66' lang='lat' dir='ltr'><strong>adolatione</strong></span> <span class='ocrx_word' id='word_1_779' title='bbox 2141 2471 2288 2549; x_wconf 84' lang='lat' dir='ltr'><strong>u_l_tra_</strong></span> <span class='ocrx_word' id='word_1_780' title='bbox 2312 2470 2654 2549; x_wconf 63' lang='lat' dir='ltr'><strong>progredere,</strong></span> <span class='ocrx_word' id='word_1_781' title='bbox 2685 2491 2846 2543; x_wconf 84' lang='lat' dir='ltr'><strong>quam</strong></span> <span class='ocrx_word' id='word_1_782' title='bbox 2869 2485 2927 2549; x_wconf 92' lang='lat' dir='ltr'><strong>ut_</strong></span> <span class='ocrx_word' id='word_1_783' title='bbox 2955 2487 3114 2532; x_wconf 88' lang='lat' dir='ltr'><strong>antea</strong></span> <span class='ocrx_word' id='word_1_784' title='bbox 3142 2492 3383 2547; x_wconf 88' lang='lat' dir='ltr'><strong>unquam</strong></span> 
     </span>
    </p>
   </div>
   <div class='ocr_carea' id='block_1_111' title="bbox 1799 2541 3384 2604">
    <p class='ocr_par' dir='ltr' id='par_1_111' title="bbox 1799 2541 3384 2604">
     <span class='ocr_line' id='line_1_111' title="bbox 1799 2541 3384 2604; baseline 0.005 -12"><span class='ocrx_word' id='word_1_785' title='bbox 1799 2541 1852 2592; x_wconf 90' lang='lat' dir='ltr'><strong>in</strong></span> <span class='ocrx_word' id='word_1_786' title='bbox 1891 2541 2144 2594; x_wconf 84' lang='lat' dir='ltr'><strong>universa</strong></span> <span class='ocrx_word' id='word_1_787' title='bbox 2167 2541 2405 2596; x_wconf 80' lang='lat' dir='ltr'><strong>Ecclesia</strong></span> <span class='ocrx_word' id='word_1_788' title='bbox 2429 2542 2628 2598; x_wconf 87' lang='lat' dir='ltr'><strong>factum</strong></span> <span class='ocrx_word' id='word_1_789' title='bbox 2659 2541 2818 2604; x_wconf 81' lang='lat' dir='ltr'><strong>esset,</strong></span> <span class='ocrx_word' id='word_1_790' title='bbox 2847 2547 3032 2602; x_wconf 89' lang='lat' dir='ltr'><strong>volens</strong></span> <span class='ocrx_word' id='word_1_791' title='bbox 3057 2555 3118 2600; x_wconf 92' lang='lat' dir='ltr'><strong>ut</strong></span> <span class='ocrx_word' id='word_1_792' title='bbox 3137 2541 3264 2602; x_wconf 77' lang='lat' dir='ltr'><strong>tunc</strong></span> <span class='ocrx_word' id='word_1_793' title='bbox 3277 2549 3384 2602; x_wconf 91' lang='lat' dir='ltr'><strong>sibi</strong></span> 
     </span>
    </p>
   </div>
   <div class='ocr_carea' id='block_1_112' title="bbox 1800 2610 3382 2686">
    <p class='ocr_par' dir='ltr' id='par_1_112' title="bbox 1800 2610 3382 2686">
     <span class='ocr_line' id='line_1_112' title="bbox 1800 2610 3382 2686; baseline 0.006 -24"><span class='ocrx_word' id='word_1_794' title='bbox 1800 2610 2070 2686; x_wconf 26' lang='lat' dir='ltr'><strong>cum‘illis,</strong></span> <span class='ocrx_word' id='word_1_795' title='bbox 2123 2613 2214 2680; x_wconf 90' lang='lat' dir='ltr'><strong>qui</strong></span> <span class='ocrx_word' id='word_1_796' title='bbox 2254 2613 2302 2665; x_wconf 89' lang='lat' dir='ltr'><strong>ei</strong></span> <span class='ocrx_word' id='word_1_797' title='bbox 2354 2611 2626 2686; x_wconf 74' lang='lat' dir='ltr'><strong>favebant,</strong></span> <span class='ocrx_word' id='word_1_798' title='bbox 2657 2617 2908 2686; x_wconf 81' lang='lat' dir='ltr'><strong>eamdem</strong></span> <span class='ocrx_word' id='word_1_799' title='bbox 2941 2618 3382 2686; x_wconf 89' lang='lat' dir='ltr'><strong>superstitionem</strong></span> 
     </span>
    </p>
   </div>
   <div class='ocr_carea' id='block_1_113' title="bbox 1799 2679 3378 2754">
    <p class='ocr_par' dir='ltr' id='par_1_113' title="bbox 1799 2679 3378 2754">
     <span class='ocr_line' id='line_1_113' title="bbox 1799 2679 3378 2754; baseline 0.004 -23"><span class='ocrx_word' id='word_1_800' title='bbox 1799 2679 2184 2754; x_wconf 82' lang='lat' dir='ltr'><strong>qualiscunque</strong></span> <span class='ocrx_word' id='word_1_801' title='bbox 2213 2690 2374 2754; x_wconf 81' lang='lat' dir='ltr'><strong>esset,</strong></span> <span class='ocrx_word' id='word_1_802' title='bbox 2429 2683 2496 2754; x_wconf 81' lang='lat' dir='ltr'><strong>ab</strong></span> <span class='ocrx_word' id='word_1_803' title='bbox 2547 2685 2784 2737; x_wconf 80' lang='lat' dir='ltr'><strong>Ecclesia</strong></span> <span class='ocrx_word' id='word_1_804' title='bbox 2820 2679 3038 2754; x_wconf 80' lang='lat' dir='ltr'><strong>penitus</strong></span> <span class='ocrx_word' id='word_1_805' title='bbox 3081 2695 3378 2748; x_wconf 84' lang='lat' dir='ltr'><strong>amoveret.</strong></span> 
     </span>
    </p>
   </div>
   <div class='ocr_carea' id='block_1_114' title="bbox 1799 2751 3390 2824">
    <p class='ocr_par' dir='ltr' id='par_1_114' title="bbox 1799 2751 3390 2824">
     <span class='ocr_line' id='line_1_114' title="bbox 1799 2751 3390 2824; baseline 0.006 -23"><span class='ocrx_word' id='word_1_806' title='bbox 1799 2751 2096 2824; x_wconf 82' lang='lat' dir='ltr'><strong>postposita</strong></span> <span class='ocrx_word' id='word_1_807' title='bbox 2121 2752 2222 2804; x_wconf 89' lang='lat' dir='ltr'><strong>hac</strong></span> <span class='ocrx_word' id='word_1_808' title='bbox 2243 2753 2388 2824; x_wconf 77' lang='lat' dir='ltr'><strong>iii-re</strong></span> <span class='ocrx_word' id='word_1_809' title='bbox 2403 2752 2606 2824; x_wconf 83' lang='lat' dir='ltr'><strong>salubri</strong></span> <span class='ocrx_word' id='word_1_810' title='bbox 2637 2751 2964 2824; x_wconf 76' lang='lat' dir='ltr'><strong>discretione</strong></span> <span class='ocrx_word' id='word_1_811' title='bbox 2991 2757 3108 2810; x_wconf 89' lang='lat' dir='ltr'><strong>sine</strong></span> <span class='ocrx_word' id='word_1_812' title='bbox 3139 2771 3240 2824; x_wconf 89' lang='lat' dir='ltr'><strong>qua</strong></span> <span class='ocrx_word' id='word_1_813' title='bbox 3272 2772 3390 2810; x_wconf 83' lang='lat' dir='ltr'><strong>oni-</strong></span> 
     </span>
    </p>
   </div>
   <div class='ocr_carea' id='block_1_115' title="bbox 1802 2819 3390 2894">
    <p class='ocr_par' dir='ltr' id='par_1_115' title="bbox 1802 2819 3390 2894">
     <span class='ocr_line' id='line_1_115' title="bbox 1802 2819 3390 2894; baseline 0.003 -22"><span class='ocrx_word' id='word_1_814' title='bbox 1802 2819 1886 2873; x_wconf 89' lang='lat' dir='ltr'><strong>nis</strong></span> <span class='ocrx_word' id='word_1_815' title='bbox 1913 2820 2160 2894; x_wconf 73' lang='lat' dir='ltr'><strong>humana:</strong></span> <span class='ocrx_word' id='word_1_816' title='bbox 2196 2822 2424 2894; x_wconf 83' lang='lat' dir='ltr'><strong>actionis</strong></span> <span class='ocrx_word' id='word_1_817' title='bbox 2449 2821 2620 2876; x_wconf 85' lang='lat' dir='ltr'><strong>virtus</strong></span> <span class='ocrx_word' id='word_1_818' title='bbox 2643 2823 2702 2894; x_wconf 83' lang='lat' dir='ltr'><strong>in</strong></span> <span class='ocrx_word' id='word_1_819' title='bbox 2732 2824 2917 2877; x_wconf 86' lang='lat' dir='ltr'><strong>vitium</strong></span> <span class='ocrx_word' id='word_1_820' title='bbox 2950 2819 3198 2888; x_wconf 78' lang='lat' dir='ltr'><strong>vertitur,</strong></span> <span class='ocrx_word' id='word_1_821' title='bbox 3225 2825 3390 2894; x_wconf 82' lang='lat' dir='ltr'><strong>elegit</strong></span> 
     </span>
    </p>
   </div>
   <div class='ocr_carea' id='block_1_116' title="bbox 1801 2889 3380 2962">
    <p class='ocr_par' dir='ltr' id='par_1_116' title="bbox 1801 2889 3380 2962">
     <span class='ocr_line' id='line_1_116' title="bbox 1801 2889 3380 2962; baseline 0.003 -21"><span class='ocrx_word' id='word_1_822' title='bbox 1801 2889 2132 2962; x_wconf 65' lang='lat' dir='ltr'><strong>praemissam</strong></span> <span class='ocrx_word' id='word_1_823' title='bbox 2147 2891 2583 2962; x_wconf 81' lang='lat' dir='ltr'><strong>superstitionem</strong></span> <span class='ocrx_word' id='word_1_824' title='bbox 2606 2892 2763 2944; x_wconf 89' lang='lat' dir='ltr'><strong>aliter</strong></span> <span class='ocrx_word' id='word_1_825' title='bbox 2783 2894 3059 2947; x_wconf 89' lang='lat' dir='ltr'><strong>emendari</strong></span> <span class='ocrx_word' id='word_1_826' title='bbox 3077 2911 3180 2948; x_wconf 90' lang='lat' dir='ltr'><strong>non</strong></span> <span class='ocrx_word' id='word_1_827' title='bbox 3201 2889 3380 2962; x_wconf 75' lang='lat' dir='ltr'><strong>posse,</strong></span> 
     </span>
    </p>
   </div>
   <div class='ocr_carea' id='block_1_117' title="bbox 1803 2959 3388 3030">
    <p class='ocr_par' dir='ltr' id='par_1_117' title="bbox 1803 2959 3388 3030">
     <span class='ocr_line' id='line_1_117' title="bbox 1803 2959 3388 3030; baseline 0.004 -20"><span class='ocrx_word' id='word_1_828' title='bbox 1803 2959 1904 3013; x_wconf 89' lang='lat' dir='ltr'><strong>nisi</strong></span> <span class='ocrx_word' id='word_1_829' title='bbox 1931 2973 2119 3014; x_wconf 86' lang='lat' dir='ltr'><strong>omnes</strong></span> <span class='ocrx_word' id='word_1_830' title='bbox 2145 2959 2407 3030; x_wconf 82' lang='lat' dir='ltr'><strong>imagines</strong></span> <span class='ocrx_word' id='word_1_831' title='bbox 2428 2961 2992 3028; x_wconf 78' lang='lat' dir='ltr'><strong>penitusdelerentur.</strong></span> <span class='ocrx_word' id='word_1_832' title='bbox 3056 2959 3216 3030; x_wconf 83' lang='lat' dir='ltr'><strong>Atqui</strong></span> <span class='ocrx_word' id='word_1_833' title='bbox 3243 2965 3288 3016; x_wconf 85' lang='lat' dir='ltr'><strong>si</strong></span> <span class='ocrx_word' id='word_1_834' title='bbox 3313 2965 3388 3016; x_wconf 83' lang='lat' dir='ltr'><strong>ita</strong></span> 
     </span>
    </p>
   </div>
   <div class='ocr_carea' id='block_1_118' title="bbox 1801 3030 3382 3094">
    <p class='ocr_par' dir='ltr' id='par_1_118' title="bbox 1801 3030 3382 3094">
     <span class='ocr_line' id='line_1_118' title="bbox 1801 3030 3382 3094; baseline 0.002 -13"><span class='ocrx_word' id='word_1_835' title='bbox 1801 3037 1940 3092; x_wconf 88' lang='lat' dir='ltr'><strong>erat,</strong></span> <span class='ocrx_word' id='word_1_836' title='bbox 1977 3038 2037 3082; x_wconf 91' lang='lat' dir='ltr'><strong>ut</strong></span> <span class='ocrx_word' id='word_1_837' title='bbox 2065 3030 2266 3083; x_wconf 89' lang='lat' dir='ltr'><strong>dictum</strong></span> <span class='ocrx_word' id='word_1_838' title='bbox 2308 3039 2410 3092; x_wconf 88' lang='lat' dir='ltr'><strong>est,</strong></span> <span class='ocrx_word' id='word_1_839' title='bbox 2458 3031 2702 3084; x_wconf 82' lang='lat' dir='ltr'><strong>illicitum</strong></span> <span class='ocrx_word' id='word_1_840' title='bbox 2733 3032 2935 3084; x_wconf 90' lang='lat' dir='ltr'><strong>cultum</strong></span> <span class='ocrx_word' id='word_1_841' title='bbox 2958 3033 3012 3084; x_wconf 91' lang='lat' dir='ltr'><strong>in</strong></span> <span class='ocrx_word' id='word_1_842' title='bbox 3049 3031 3382 3094; x_wconf 89' lang='lat' dir='ltr'><strong>hominibus,</strong></span> 
     </span>
    </p>
   </div>
   <div class='ocr_carea' id='block_1_119' title="bbox 1807 3098 3390 3170">
    <p class='ocr_par' dir='ltr' id='par_1_119' title="bbox 1807 3098 3390 3170">
     <span class='ocr_line' id='line_1_119' title="bbox 1807 3098 3390 3170; baseline 0.001 -20"><span class='ocrx_word' id='word_1_843' title='bbox 1807 3098 1887 3150; x_wconf 88' lang='lat' dir='ltr'><strong>vel</strong></span> <span class='ocrx_word' id='word_1_844' title='bbox 1915 3099 1995 3170; x_wconf 13' lang='lat' dir='ltr'><strong>ab,</strong></span> <span class='ocrx_word' id='word_1_845' title='bbox 2009 3100 2319 3155; x_wconf 89' lang='lat' dir='ltr'><strong>hominibus</strong></span> <span class='ocrx_word' id='word_1_846' title='bbox 2347 3100 2797 3169; x_wconf 84' lang='lat' dir='ltr'><strong>compescendum</strong></span> <span class='ocrx_word' id='word_1_847' title='bbox 2825 3109 2960 3166; x_wconf 90' lang='lat' dir='ltr'><strong>erat,</strong></span> <span class='ocrx_word' id='word_1_848' title='bbox 2988 3116 3093 3154; x_wconf 92' lang='lat' dir='ltr'><strong>non</strong></span> <span class='ocrx_word' id='word_1_849' title='bbox 3118 3101 3169 3154; x_wconf 90' lang='lat' dir='ltr'><strong>in</strong></span> <span class='ocrx_word' id='word_1_850' title='bbox 3197 3100 3390 3170; x_wconf 76' lang='lat' dir='ltr'><strong>imagi-</strong></span> 
     </span>
    </p>
   </div>
   <div class='ocr_carea' id='block_1_120' title="bbox 1805 3169 3383 3239">
    <p class='ocr_par' dir='ltr' id='par_1_120' title="bbox 1805 3169 3383 3239">
     <span class='ocr_line' id='line_1_120' title="bbox 1805 3169 3383 3239; baseline 0.002 -18"><span class='ocrx_word' id='word_1_851' title='bbox 1805 3183 1935 3221; x_wconf 89' lang='lat' dir='ltr'><strong>num</strong></span> <span class='ocrx_word' id='word_1_852' title='bbox 1965 3169 2350 3235; x_wconf 87' lang='lat' dir='ltr'><strong>destructione,</strong></span> <span class='ocrx_word' id='word_1_853' title='bbox 2399 3185 2519 3239; x_wconf 71' lang='lat' dir='ltr'><strong>qute</strong></span> <span class='ocrx_word' id='word_1_854' title='bbox 2554 3170 2685 3224; x_wconf 90' lang='lat' dir='ltr'><strong>nihil</strong></span> <span class='ocrx_word' id='word_1_855' title='bbox 2737 3179 3128 3239; x_wconf 85' lang='lat' dir='ltr'><strong>peccaverunt;</strong></span> <span class='ocrx_word' id='word_1_856' title='bbox 3180 3170 3289 3224; x_wconf 90' lang='lat' dir='ltr'><strong>imo</strong></span> <span class='ocrx_word' id='word_1_857' title='bbox 3314 3169 3383 3224; x_wconf 83' lang='lat' dir='ltr'><strong>eo</strong></span> 
     </span>
    </p>
   </div>
   <div class='ocr_carea' id='block_1_121' title="bbox 1803 3239 3387 3309">
    <p class='ocr_par' dir='ltr' id='par_1_121' title="bbox 1803 3239 3387 3309">
     <span class='ocr_line' id='line_1_121' title="bbox 1803 3239 3387 3309; baseline 0.001 -17"><span class='ocrx_word' id='word_1_858' title='bbox 1803 3253 1986 3302; x_wconf 83' lang='lat' dir='ltr'><strong>sensu,</strong></span> <span class='ocrx_word' id='word_1_859' title='bbox 2029 3254 2136 3308; x_wconf 91' lang='lat' dir='ltr'><strong>quo</strong></span> <span class='ocrx_word' id='word_1_860' title='bbox 2156 3254 2314 3308; x_wconf 88' lang='lat' dir='ltr'><strong>supra</strong></span> <span class='ocrx_word' id='word_1_861' title='bbox 2346 3241 2678 3308; x_wconf 76' lang='lat' dir='ltr'><strong>praemissum</strong></span> <span class='ocrx_word' id='word_1_862' title='bbox 2705 3249 2807 3304; x_wconf 87' lang='lat' dir='ltr'><strong>est,</strong></span> <span class='ocrx_word' id='word_1_863' title='bbox 2856 3239 3150 3295; x_wconf 83' lang='lat' dir='ltr'><strong>scientibus</strong></span> <span class='ocrx_word' id='word_1_864' title='bbox 3175 3255 3273 3309; x_wconf 88' lang='lat' dir='ltr'><strong>pro</strong></span> <span class='ocrx_word' id='word_1_865' title='bbox 3295 3240 3387 3309; x_wconf 83' lang='lat' dir='ltr'><strong>pia</strong></span> 
     </span>
    </p>
   </div>
   <div class='ocr_carea' id='block_1_122' title="bbox 1805 3309 3390 3378">
    <p class='ocr_par' dir='ltr' id='par_1_122' title="bbox 1805 3309 3390 3378">
     <span class='ocr_line' id='line_1_122' title="bbox 1805 3309 3390 3378; baseline 0.003 -19"><span class='ocrx_word' id='word_1_866' title='bbox 1805 3309 2082 3378; x_wconf 84' lang='lat' dir='ltr'><strong>memoria,</strong></span> <span class='ocrx_word' id='word_1_867' title='bbox 2108 3309 2479 3378; x_wconf 79' lang='lat' dir='ltr'><strong>nescientibus</strong></span> <span class='ocrx_word' id='word_1_868' title='bbox 2503 3325 2628 3364; x_wconf 80' lang='lat' dir='ltr'><strong>vero</strong></span> <span class='ocrx_word' id='word_1_869' title='bbox 2649 3325 2749 3378; x_wconf 90' lang='lat' dir='ltr'><strong>pro</strong></span> <span class='ocrx_word' id='word_1_870' title='bbox 2771 3311 3016 3364; x_wconf 89' lang='lat' dir='ltr'><strong>doctrina</strong></span> <span class='ocrx_word' id='word_1_871' title='bbox 3041 3310 3204 3364; x_wconf 88' lang='lat' dir='ltr'><strong>utiles</strong></span> <span class='ocrx_word' id='word_1_872' title='bbox 3231 3319 3390 3363; x_wconf 89' lang='lat' dir='ltr'><strong>erant</strong></span> 
     </span>
    </p>
   </div>
   <div class='ocr_carea' id='block_1_123' title="bbox 1803 3377 3388 3450">
    <p class='ocr_par' dir='ltr' id='par_1_123' title="bbox 1803 3377 3388 3450">
     <span class='ocr_line' id='line_1_123' title="bbox 1803 3377 3388 3450; baseline 0.002 -20"><span class='ocrx_word' id='word_1_873' title='bbox 1803 3377 2156 3450; x_wconf 75' lang='lat' dir='ltr'><strong>infrangendo</strong></span> <span class='ocrx_word' id='word_1_874' title='bbox 2201 3378 2588 3450; x_wconf 74' lang='lat' dir='ltr'><strong>[infringenda]</strong></span> <span class='ocrx_word' id='word_1_875' title='bbox 2628 3377 2713 3432; x_wconf 82' lang='lat' dir='ltr'><strong>vel</strong></span> <span class='ocrx_word' id='word_1_876' title='bbox 2763 3379 3074 3447; x_wconf 85' lang='lat' dir='ltr'><strong>dissipando</strong></span> <span class='ocrx_word' id='word_1_877' title='bbox 3107 3381 3388 3434; x_wconf 86' lang='lat' dir='ltr'><strong>sinistram</strong></span> 
     </span>
    </p>
   </div>
   <div class='ocr_carea' id='block_1_124' title="bbox 1803 3449 3390 3518">
    <p class='ocr_par' dir='ltr' id='par_1_124' title="bbox 1803 3449 3390 3518">
     <span class='ocr_line' id='line_1_124' title="bbox 1803 3449 3390 3518; baseline 0.001 -18"><span class='ocrx_word' id='word_1_878' title='bbox 1803 3449 2042 3518; x_wconf 75' lang='lat' dir='ltr'><strong>extendit</strong></span> <span class='ocrx_word' id='word_1_879' title='bbox 2065 3463 2162 3516; x_wconf 89' lang='lat' dir='ltr'><strong>pro</strong></span> <span class='ocrx_word' id='word_1_880' title='bbox 2184 3457 2424 3502; x_wconf 58' lang='lat' dir='ltr'><strong>dextera.</strong></span> <span class='ocrx_word' id='word_1_881' title='bbox 2449 3450 2514 3503; x_wconf 88' lang='lat' dir='ltr'><strong>Et</strong></span> <span class='ocrx_word' id='word_1_882' title='bbox 2537 3449 2628 3518; x_wconf 81' lang='lat' dir='ltr'><strong>qui</strong></span> <span class='ocrx_word' id='word_1_883' title='bbox 2661 3450 2730 3503; x_wconf 87' lang='lat' dir='ltr'><strong>ita</strong></span> <span class='ocrx_word' id='word_1_884' title='bbox 2760 3453 2860 3505; x_wconf 89' lang='lat' dir='ltr'><strong>hac</strong></span> <span class='ocrx_word' id='word_1_885' title='bbox 2888 3449 2940 3502; x_wconf 91' lang='lat' dir='ltr'><strong>in</strong></span> <span class='ocrx_word' id='word_1_886' title='bbox 2960 3449 3278 3504; x_wconf 87' lang='lat' dir='ltr'><strong>reincaulos</strong></span> <span class='ocrx_word' id='word_1_887' title='bbox 3301 3465 3390 3502; x_wconf 89' lang='lat' dir='ltr'><strong>re-</strong></span> 
     </span>
    </p>
   </div>
   <div class='ocr_carea' id='block_1_125' title="bbox 1802 3517 3385 3587">
    <p class='ocr_par' dir='ltr' id='par_1_125' title="bbox 1802 3517 3385 3587">
     <span class='ocr_line' id='line_1_125' title="bbox 1802 3517 3385 3587; baseline 0.003 -19"><span class='ocrx_word' id='word_1_888' title='bbox 1802 3517 2001 3587; x_wconf 83' lang='lat' dir='ltr'><strong>ducere</strong></span> <span class='ocrx_word' id='word_1_889' title='bbox 2053 3518 2258 3580; x_wconf 89' lang='lat' dir='ltr'><strong>dcbuit,</strong></span> <span class='ocrx_word' id='word_1_890' title='bbox 2299 3521 2439 3572; x_wconf 87' lang='lat' dir='ltr'><strong>sicut</strong></span> <span class='ocrx_word' id='word_1_891' title='bbox 2482 3517 2640 3582; x_wconf 85' lang='lat' dir='ltr'><strong>forte,</strong></span> <span class='ocrx_word' id='word_1_892' title='bbox 2671 3519 2795 3587; x_wconf 89' lang='lat' dir='ltr'><strong>quia</strong></span> <span class='ocrx_word' id='word_1_893' title='bbox 2829 3535 3018 3574; x_wconf 84' lang='lat' dir='ltr'><strong>recens</strong></span> <span class='ocrx_word' id='word_1_894' title='bbox 3055 3529 3174 3574; x_wconf 87' lang='lat' dir='ltr'><strong>erat</strong></span> <span class='ocrx_word' id='word_1_895' title='bbox 3199 3535 3385 3582; x_wconf 90' lang='lat' dir='ltr'><strong>causa,</strong></span> 
     </span>
    </p>
   </div>
   <div class='ocr_carea' id='block_1_126' title="bbox 1801 3586 3392 3660">
    <p class='ocr_par' dir='ltr' id='par_1_126' title="bbox 1801 3586 3392 3660">
     <span class='ocr_line' id='line_1_126' title="bbox 1801 3586 3392 3660; baseline 0.003 -20"><span class='ocrx_word' id='word_1_896' title='bbox 1801 3586 2054 3660; x_wconf 81' lang='lat' dir='ltr'><strong>facillime</strong></span> <span class='ocrx_word' id='word_1_897' title='bbox 2077 3589 2268 3660; x_wconf 80' lang='lat' dir='ltr'><strong>potuit,</strong></span> <span class='ocrx_word' id='word_1_898' title='bbox 2292 3588 2587 3660; x_wconf 78' lang='lat' dir='ltr'><strong>instigante</strong></span> <span class='ocrx_word' id='word_1_899' title='bbox 2616 3586 2707 3657; x_wconf 85' lang='lat' dir='ltr'><strong>qui</strong></span> <span class='ocrx_word' id='word_1_900' title='bbox 2725 3603 2866 3660; x_wconf 88' lang='lat' dir='ltr'><strong>nunc</strong></span> <span class='ocrx_word' id='word_1_901' title='bbox 2897 3589 3000 3644; x_wconf 88' lang='lat' dir='ltr'><strong>late</strong></span> <span class='ocrx_word' id='word_1_902' title='bbox 3024 3595 3188 3658; x_wconf 89' lang='lat' dir='ltr'><strong>patet,</strong></span> <span class='ocrx_word' id='word_1_903' title='bbox 3218 3590 3392 3644; x_wconf 74' lang='lat' dir='ltr'><strong>eccle-</strong></span> 
     </span>
    </p>
   </div>
   <div class='ocr_carea' id='block_1_127' title="bbox 1802 3655 2870 3726">
    <p class='ocr_par' dir='ltr' id='par_1_127' title="bbox 1802 3655 2870 3726">
     <span class='ocr_line' id='line_1_127' title="bbox 1802 3655 2870 3726; baseline 0.002 -16"><span class='ocrx_word' id='word_1_904' title='bbox 1802 3655 2032 3711; x_wconf 73' lang='lat' dir='ltr'><strong>siasticae</strong></span> <span class='ocrx_word' id='word_1_905' title='bbox 2052 3655 2201 3726; x_wconf 77' lang='lat' dir='ltr'><strong>pacis</strong></span> <span class='ocrx_word' id='word_1_906' title='bbox 2221 3659 2302 3711; x_wconf 83' lang='lat' dir='ltr'><strong>vel</strong></span> <span class='ocrx_word' id='word_1_907' title='bbox 2329 3655 2612 3713; x_wconf 70' lang='lat' dir='ltr'><strong>chaiitatis</strong></span> <span class='ocrx_word' id='word_1_908' title='bbox 2633 3655 2870 3714; x_wconf 85' lang='lat' dir='ltr'><strong>inimico.</strong></span> 
     </span>
    </p>
   </div>
   <div class='ocr_carea' id='block_1_128' title="bbox 1875 3727 3392 3800">
    <p class='ocr_par' dir='ltr' id='par_1_128' title="bbox 1875 3727 3392 3800">
     <span class='ocr_line' id='line_1_128' title="bbox 1875 3727 3392 3800; baseline 0.004 -21"><span class='ocrx_word' id='word_1_909' title='bbox 1875 3727 2024 3800; x_wconf 83' lang='lat' dir='ltr'><strong>lianc</strong></span> <span class='ocrx_word' id='word_1_910' title='bbox 2053 3727 2102 3781; x_wconf 90' lang='lat' dir='ltr'><strong>ei</strong></span> <span class='ocrx_word' id='word_1_911' title='bbox 2127 3743 2190 3782; x_wconf 91' lang='lat' dir='ltr'><strong>ac</strong></span> <span class='ocrx_word' id='word_1_912' title='bbox 2209 3729 2255 3781; x_wconf 91' lang='lat' dir='ltr'><strong>si</strong></span> <span class='ocrx_word' id='word_1_913' title='bbox 2279 3727 2427 3800; x_wconf 84' lang='lat' dir='ltr'><strong>[etsi]</strong></span> <span class='ocrx_word' id='word_1_914' title='bbox 2456 3729 2940 3800; x_wconf 82' lang='lat' dir='ltr'><strong>luculentissiniam</strong></span> <span class='ocrx_word' id='word_1_915' title='bbox 2961 3729 3200 3800; x_wconf 83' lang='lat' dir='ltr'><strong>ostendit</strong></span> <span class='ocrx_word' id='word_1_916' title='bbox 3225 3731 3392 3785; x_wconf 91' lang='lat' dir='ltr'><strong>semi-</strong></span> 
     </span>
    </p>
   </div>
   <div class='ocr_carea' id='block_1_129' title="bbox 1803 3798 3392 3868">
    <p class='ocr_par' dir='ltr' id='par_1_129' title="bbox 1803 3798 3392 3868">
     <span class='ocr_line' id='line_1_129' title="bbox 1803 3798 3392 3868; baseline 0.004 -18"><span class='ocrx_word' id='word_1_917' title='bbox 1803 3803 1932 3861; x_wconf 89' lang='lat' dir='ltr'><strong>tam,</strong></span> <span class='ocrx_word' id='word_1_918' title='bbox 1974 3798 2080 3852; x_wconf 89' lang='lat' dir='ltr'><strong>heu</strong></span> <span class='ocrx_word' id='word_1_919' title='bbox 2111 3798 2453 3868; x_wconf 35' lang='lat' dir='ltr'><strong>quam’long—e</strong></span> <span class='ocrx_word' id='word_1_920' title='bbox 2482 3800 2550 3852; x_wconf 89' lang='lat' dir='ltr'><strong>ab</strong></span> <span class='ocrx_word' id='word_1_921' title='bbox 2573 3801 2661 3854; x_wconf 89' lang='lat' dir='ltr'><strong>illa</strong></span> <span class='ocrx_word' id='word_1_922' title='bbox 2699 3799 2932 3853; x_wconf 86' lang='lat' dir='ltr'><strong>sinistris</strong></span> <span class='ocrx_word' id='word_1_923' title='bbox 2957 3799 3290 3855; x_wconf 84' lang='lat' dir='ltr'><strong>anfractibus</strong></span> <span class='ocrx_word' id='word_1_924' title='bbox 3313 3801 3392 3856; x_wconf 75' lang='grc' dir='ltr'><strong>ἰιι-</strong></span> 
     </span>
    </p>
   </div>
   <div class='ocr_carea' id='block_1_130' title="bbox 1802 3868 3386 3938">
    <p class='ocr_par' dir='ltr' id='par_1_130' title="bbox 1802 3868 3386 3938">
     <span class='ocr_line' id='line_1_130' title="bbox 1802 3868 3386 3938; baseline 0.001 -16"><span class='ocrx_word' id='word_1_925' title='bbox 1802 3868 2100 3938; x_wconf 82' lang='lat' dir='ltr'><strong>cedentem,</strong></span> <span class='ocrx_word' id='word_1_926' title='bbox 2131 3883 2250 3936; x_wconf 63' lang='lat' dir='ltr'><strong>quae</strong></span> <span class='ocrx_word' id='word_1_927' title='bbox 2271 3868 2336 3938; x_wconf 89' lang='lat' dir='ltr'><strong>de</strong></span> <span class='ocrx_word' id='word_1_928' title='bbox 2349 3869 2639 3935; x_wconf 89' lang='lat' dir='ltr'><strong>semetipso</strong></span> <span class='ocrx_word' id='word_1_929' title='bbox 2655 3869 2755 3922; x_wconf 86' lang='lat' dir='ltr'><strong>ait:</strong></span> <span class='ocrx_word' id='word_1_930' title='bbox 2787 3868 2896 3938; x_wconf 80' lang='lat' dir='ltr'><strong>Ego</strong></span> <span class='ocrx_word' id='word_1_931' title='bbox 2910 3886 3026 3922; x_wconf 78' lang='lat' dir='ltr'><strong>sum</strong></span> <span class='ocrx_word' id='word_1_932' title='bbox 3050 3870 3153 3932; x_wconf 84' lang='lat' dir='ltr'><strong>via,</strong></span> <span class='ocrx_word' id='word_1_933' title='bbox 3179 3871 3386 3936; x_wconf 77' lang='lat' dir='ltr'><strong>veritas,</strong></span> 
     </span>
    </p>
   </div>
   <div class='ocr_carea' id='block_1_131' title="bbox 1801 3937 3388 4019">
    <p class='ocr_par' dir='ltr' id='par_1_131' title="bbox 1801 3937 3388 4019">
     <span class='ocr_line' id='line_1_131' title="bbox 1801 3937 3388 4019; baseline 0.002 -29"><span class='ocrx_word' id='word_1_934' title='bbox 1801 3938 1980 4019; x_wconf 50' lang='lat' dir='ltr'><strong>et‘ivita</strong></span> <span class='ocrx_word' id='word_1_935' title='bbox 2011 3937 2191 4019; x_wconf 64' lang='lat' dir='ltr'><strong>(Iona.</strong></span> <span class='ocrx_word' id='word_1_936' title='bbox 2220 3937 2355 4016; x_wconf 70' lang='lat' dir='ltr'><strong>xiv),</strong></span> <span class='ocrx_word' id='word_1_937' title='bbox 2395 3938 2532 4019; x_wconf 78' lang='lat' dir='ltr'><strong>quid</strong></span> <span class='ocrx_word' id='word_1_938' title='bbox 2542 3946 2698 4018; x_wconf 75' lang='lat' dir='ltr'><strong>putas</strong></span> <span class='ocrx_word' id='word_1_939' title='bbox 2723 3937 2881 4019; x_wconf 83' lang='lat' dir='ltr'><strong>quam</strong></span> <span class='ocrx_word' id='word_1_940' title='bbox 2909 3937 3100 4019; x_wconf 41' lang='lat' dir='ltr'><strong>dulcia“</strong></span> <span class='ocrx_word' id='word_1_941' title='bbox 3114 3953 3388 4019; x_wconf 68' lang='lat' dir='ltr'><strong>quamque</strong></span> 
     </span>
    </p>
   </div>
   <div class='ocr_carea' id='block_1_132' title="bbox 1804 4004 3389 4074">
    <p class='ocr_par' dir='ltr' id='par_1_132' title="bbox 1804 4004 3389 4074">
     <span class='ocr_line' id='line_1_132' title="bbox 1804 4004 3389 4074; baseline 0 -14"><span class='ocrx_word' id='word_1_942' title='bbox 1804 4007 2221 4074; x_wconf 80' lang='lat' dir='ltr'><strong>religiosissima,</strong></span> <span class='ocrx_word' id='word_1_943' title='bbox 2257 4004 2367 4074; x_wconf 82' lang='lat' dir='ltr'><strong>imo</strong></span> <span class='ocrx_word' id='word_1_944' title='bbox 2387 4004 2724 4060; x_wconf 73' lang='lat' dir='ltr'><strong>sanctissima</strong></span> <span class='ocrx_word' id='word_1_945' title='bbox 2765 4006 3042 4073; x_wconf 84' lang='lat' dir='ltr'><strong>satagebat</strong></span> <span class='ocrx_word' id='word_1_946' title='bbox 3070 4004 3272 4074; x_wconf 82' lang='lat' dir='ltr'><strong>lingere</strong></span> <span class='ocrx_word' id='word_1_947' title='bbox 3299 4004 3389 4060; x_wconf 86' lang='lat' dir='ltr'><strong>iti-</strong></span> 
     </span>
    </p>
   </div>
   <div class='ocr_carea' id='block_1_133' title="bbox 1802 4073 3389 4144">
    <p class='ocr_par' dir='ltr' id='par_1_133' title="bbox 1802 4073 3389 4144">
     <span class='ocr_line' id='line_1_133' title="bbox 1802 4073 3389 4144; baseline -0.001 -14"><span class='ocrx_word' id='word_1_948' title='bbox 1802 4073 1930 4130; x_wconf 80' lang='lat' dir='ltr'><strong>nera</strong></span> <span class='ocrx_word' id='word_1_949' title='bbox 1957 4114 1972 4138; x_wconf 93' lang='lat'><strong>,</strong></span> <span class='ocrx_word' id='word_1_950' title='bbox 2020 4083 2078 4129; x_wconf 90' lang='lat' dir='ltr'><strong>ut</strong></span> <span class='ocrx_word' id='word_1_951' title='bbox 2131 4088 2229 4142; x_wconf 90' lang='lat' dir='ltr'><strong>per</strong></span> <span class='ocrx_word' id='word_1_952' title='bbox 2268 4073 2358 4128; x_wconf 88' lang='lat' dir='ltr'><strong>illa</strong></span> <span class='ocrx_word' id='word_1_953' title='bbox 2386 4075 2601 4144; x_wconf 70' lang='lat' dir='ltr'><strong>adhaic,</strong></span> <span class='ocrx_word' id='word_1_954' title='bbox 2634 4089 2753 4142; x_wconf 73' lang='lat' dir='ltr'><strong>quae</strong></span> <span class='ocrx_word' id='word_1_955' title='bbox 2801 4089 2946 4144; x_wconf 84' lang='lat' dir='ltr'><strong>nunc</strong></span> <span class='ocrx_word' id='word_1_956' title='bbox 2973 4073 3164 4144; x_wconf 85' lang='lat' dir='ltr'><strong>omnes</strong></span> <span class='ocrx_word' id='word_1_957' title='bbox 3183 4075 3389 4144; x_wconf 86' lang='lat' dir='ltr'><strong>plangi-</strong></span> 
     </span>
    </p>
   </div>
   <div class='ocr_carea' id='block_1_134' title="bbox 1804 4143 3384 4213">
    <p class='ocr_par' dir='ltr' id='par_1_134' title="bbox 1804 4143 3384 4213">
     <span class='ocr_line' id='line_1_134' title="bbox 1804 4143 3384 4213; baseline 0.001 -15"><span class='ocrx_word' id='word_1_958' title='bbox 1804 4161 1943 4207; x_wconf 88' lang='lat' dir='ltr'><strong>mus,</strong></span> <span class='ocrx_word' id='word_1_959' title='bbox 1995 4144 2310 4213; x_wconf 89' lang='lat' dir='ltr'><strong>pcrtrahere</strong></span> <span class='ocrx_word' id='word_1_960' title='bbox 2358 4143 2619 4213; x_wconf 84' lang='lat' dir='ltr'><strong>potuisset</strong></span> <span class='ocrx_word' id='word_1_961' title='bbox 2674 4143 2927 4198; x_wconf 84' lang='lat' dir='ltr'><strong>dissidia?</strong></span> <span class='ocrx_word' id='word_1_962' title='bbox 3002 4143 3108 4196; x_wconf 79' lang='lat' dir='ltr'><strong>Sed</strong></span> <span class='ocrx_word' id='word_1_963' title='bbox 3154 4158 3252 4197; x_wconf 91' lang='lat' dir='ltr'><strong>nec</strong></span> <span class='ocrx_word' id='word_1_964' title='bbox 3280 4143 3384 4199; x_wconf 86' lang='lat' dir='ltr'><strong>hoc</strong></span> 
     </span>
    </p>
   </div>
   <div class='ocr_carea' id='block_1_135' title="bbox 1804 4213 3388 4281">
    <p class='ocr_par' dir='ltr' id='par_1_135' title="bbox 1804 4213 3388 4281">
     <span class='ocr_line' id='line_1_135' title="bbox 1804 4213 3388 4281; baseline 0 -13"><span class='ocrx_word' id='word_1_965' title='bbox 1804 4214 1912 4268; x_wconf 93' lang='lat' dir='ltr'><strong>ullo</strong></span> <span class='ocrx_word' id='word_1_966' title='bbox 1937 4216 2094 4268; x_wconf 87' lang='lat' dir='ltr'><strong>modo</strong></span> <span class='ocrx_word' id='word_1_967' title='bbox 2119 4213 2276 4268; x_wconf 90' lang='lat' dir='ltr'><strong>aliter</strong></span> <span class='ocrx_word' id='word_1_968' title='bbox 2313 4213 2612 4268; x_wconf 69' lang='lat' dir='ltr'><strong>aestimatur</strong></span> <span class='ocrx_word' id='word_1_969' title='bbox 2663 4228 2922 4281; x_wconf 82' lang='lat' dir='ltr'><strong>peragere</strong></span> <span class='ocrx_word' id='word_1_970' title='bbox 2965 4213 3226 4281; x_wconf 88' lang='lat' dir='ltr'><strong>potuisse,</strong></span> <span class='ocrx_word' id='word_1_971' title='bbox 3281 4213 3388 4268; x_wconf 87' lang='lat' dir='ltr'><strong>nisi</strong></span> 
     </span>
    </p>
   </div>
   <div class='ocr_carea' id='block_1_136' title="bbox 1805 4281 3387 4352">
    <p class='ocr_par' dir='ltr' id='par_1_136' title="bbox 1805 4281 3387 4352">
     <span class='ocr_line' id='line_1_136' title="bbox 1805 4281 3387 4352; baseline -0.001 -14"><span class='ocrx_word' id='word_1_972' title='bbox 1805 4285 1951 4338; x_wconf 91' lang='lat' dir='ltr'><strong>illum</strong></span> <span class='ocrx_word' id='word_1_973' title='bbox 1979 4284 2128 4352; x_wconf 88' lang='lat' dir='ltr'><strong>prius</strong></span> <span class='ocrx_word' id='word_1_974' title='bbox 2171 4299 2294 4352; x_wconf 87' lang='lat' dir='ltr'><strong>cum</strong></span> <span class='ocrx_word' id='word_1_975' title='bbox 2330 4284 2652 4352; x_wconf 88' lang='lat' dir='ltr'><strong>sequacibus</strong></span> <span class='ocrx_word' id='word_1_976' title='bbox 2688 4282 2798 4337; x_wconf 89' lang='lat' dir='ltr'><strong>suis</strong></span> <span class='ocrx_word' id='word_1_977' title='bbox 2851 4281 2995 4352; x_wconf 84' lang='lat' dir='ltr'><strong>illius</strong></span> <span class='ocrx_word' id='word_1_978' title='bbox 3049 4282 3227 4352; x_wconf 63' lang='lat' dir='ltr'><strong>impia:</strong></span> <span class='ocrx_word' id='word_1_979' title='bbox 3266 4283 3387 4338; x_wconf 89' lang='lat' dir='ltr'><strong>dul-</strong></span> 
     </span>
    </p>
   </div>
   <div class='ocr_carea' id='block_1_137' title="bbox 1803 4349 3389 4422">
    <p class='ocr_par' dir='ltr' id='par_1_137' title="bbox 1803 4349 3389 4422">
     <span class='ocr_line' id='line_1_137' title="bbox 1803 4349 3389 4422; baseline -0.001 -13"><span class='ocrx_word' id='word_1_980' title='bbox 1803 4349 2010 4409; x_wconf 80' lang='lat' dir='ltr'><strong>cedinis</strong></span> <span class='ocrx_word' id='word_1_981' title='bbox 2057 4349 2534 4422; x_wconf 51' lang='lat' dir='ltr'><strong>demulcendo&#39;cor</strong></span> <span class='ocrx_word' id='word_1_982' title='bbox 2584 4359 2849 4422; x_wconf 79' lang='lat' dir='ltr'><strong>tangeret,</strong></span> <span class='ocrx_word' id='word_1_983' title='bbox 2903 4350 3058 4422; x_wconf 76' lang='lat' dir='ltr'><strong>cujus</strong></span> <span class='ocrx_word' id='word_1_984' title='bbox 3109 4349 3250 4407; x_wconf 78' lang='lat' dir='ltr'><strong>idem</strong></span> <span class='ocrx_word' id='word_1_985' title='bbox 3278 4353 3389 4407; x_wconf 87' lang='lat' dir='ltr'><strong>dia-</strong></span> 
     </span>
    </p>
   </div>
   <div class='ocr_carea' id='block_1_138' title="bbox 1803 4421 3387 4548">
    <p class='ocr_par' dir='ltr' id='par_1_138' title="bbox 1803 4421 3387 4548">
     <span class='ocr_line' id='line_1_138' title="bbox 1803 4421 3387 4548; baseline 0.002 -72"><span class='ocrx_word' id='word_1_986' title='bbox 1803 4423 1956 4548; x_wconf 54' lang='lat' dir='ltr'><strong>golus</strong></span> <span class='ocrx_word' id='word_1_987' title='bbox 1981 4421 2236 4494; x_wconf 83' lang='lat' dir='ltr'><strong>pestifero</strong></span> <span class='ocrx_word' id='word_1_988' title='bbox 2267 4423 2374 4478; x_wconf 88' lang='lat' dir='ltr'><strong>telo</strong></span> <span class='ocrx_word' id='word_1_989' title='bbox 2410 4421 2734 4493; x_wconf 78' lang='lat' dir='ltr'><strong>perforatas,</strong></span> <span class='ocrx_word' id='word_1_990' title='bbox 2768 4423 2832 4476; x_wconf 84' lang='lat' dir='ltr'><strong>de</strong></span> <span class='ocrx_word' id='word_1_991' title='bbox 2857 4421 2994 4476; x_wconf 76' lang='lat' dir='ltr'><strong>cado</strong></span> <span class='ocrx_word' id='word_1_992' title='bbox 3022 4422 3218 4478; x_wconf 87' lang='lat' dir='ltr'><strong>merito</strong></span> <span class='ocrx_word' id='word_1_993' title='bbox 3241 4423 3387 4479; x_wconf 88' lang='lat' dir='ltr'><strong>ccci-</strong></span> 
     </span>
     <span class='ocr_line' id='line_1_139' title="bbox 1842 4502 1988 4548; baseline -0.007 -1"><span class='ocrx_word' id='word_1_994' title='bbox 1842 4502 1988 4548; x_wconf 81' lang='lat' dir='ltr'><strong>isset.</strong></span> 
     </span>
    </p>
   </div>
   <div class='ocr_carea' id='block_1_139' title="bbox 1842 4494 1988 4548">
    <p class='ocr_par' dir='ltr' id='par_1_139' title="bbox 1842 4494 1988 4548">
     <span class='ocr_line' id='line_1_140' title="bbox 1842 4494 1988 4548; baseline -0.007 -1"><span class='ocrx_word' id='word_1_995' title='bbox 1842 4494 1988 4548; x_wconf 89' lang='lat' dir='ltr'><strong>isset.</strong></span> 
     </span>
    </p>
   </div>
   <div class='ocr_carea' id='block_1_140' title="bbox 1873 4560 3389 4634">
    <p class='ocr_par' dir='ltr' id='par_1_140' title="bbox 1873 4560 3389 4634">
     <span class='ocr_line' id='line_1_141' title="bbox 1873 4560 3389 4634; baseline 0 -17"><span class='ocrx_word' id='word_1_996' title='bbox 1873 4562 1978 4618; x_wconf 89' lang='lat' dir='ltr'><strong>Sed</strong></span> <span class='ocrx_word' id='word_1_997' title='bbox 2007 4563 2134 4633; x_wconf 90' lang='lat' dir='ltr'><strong>quid</strong></span> <span class='ocrx_word' id='word_1_998' title='bbox 2164 4563 2394 4634; x_wconf 82' lang='lat' dir='ltr'><strong>agimus,</strong></span> <span class='ocrx_word' id='word_1_999' title='bbox 2419 4563 2546 4633; x_wconf 89' lang='lat' dir='ltr'><strong>quid</strong></span> <span class='ocrx_word' id='word_1_1000' title='bbox 2577 4563 2848 4634; x_wconf 85' lang='lat' dir='ltr'><strong>dicimus?</strong></span> <span class='ocrx_word' id='word_1_1001' title='bbox 2913 4560 2995 4634; x_wconf 83' lang='lat' dir='ltr'><strong>Ad</strong></span> <span class='ocrx_word' id='word_1_1002' title='bbox 3021 4563 3389 4632; x_wconf 88' lang='lat' dir='ltr'><strong>comparatio-</strong></span> 
     </span>
    </p>
   </div>
   <div class='ocr_carea' id='block_1_141' title="bbox 1801 4631 3389 4704">
    <p class='ocr_par' dir='ltr' id='par_1_141' title="bbox 1801 4631 3389 4704">
     <span class='ocr_line' id='line_1_142' title="bbox 1801 4631 3389 4704; baseline 0.001 -17"><span class='ocrx_word' id='word_1_1003' title='bbox 1801 4647 1922 4687; x_wconf 89' lang='lat' dir='ltr'><strong>nem</strong></span> <span class='ocrx_word' id='word_1_1004' title='bbox 1946 4631 2178 4702; x_wconf 84' lang='lat' dir='ltr'><strong>namque</strong></span> <span class='ocrx_word' id='word_1_1005' title='bbox 2205 4631 2478 4688; x_wconf 75' lang='lat' dir='ltr'><strong>inalornm</strong></span> <span class='ocrx_word' id='word_1_1006' title='bbox 2507 4631 2769 4696; x_wconf 88' lang='lat' dir='ltr'><strong>omnium,</strong></span> <span class='ocrx_word' id='word_1_1007' title='bbox 2804 4649 2921 4702; x_wconf 75' lang='lat' dir='ltr'><strong>qua:</strong></span> <span class='ocrx_word' id='word_1_1008' title='bbox 2945 4632 3034 4687; x_wconf 91' lang='lat' dir='ltr'><strong>hic</strong></span> <span class='ocrx_word' id='word_1_1009' title='bbox 3057 4631 3389 4704; x_wconf 84' lang='lat' dir='ltr'><strong>congruente</strong></span> 
     </span>
    </p>
   </div>
   <div class='ocr_carea' id='block_1_142' title="bbox 1801 4703 3462 4772">
    <p class='ocr_par' dir='ltr' id='par_1_142' title="bbox 1801 4703 3462 4772">
     <span class='ocr_line' id='line_1_143' title="bbox 1801 4703 3462 4772; baseline 0.001 -16"><span class='ocrx_word' id='word_1_1010' title='bbox 1801 4705 1994 4770; x_wconf 73' lang='lat' dir='ltr'><strong>spatio,</strong></span> <span class='ocrx_word' id='word_1_1011' title='bbox 2027 4705 2167 4772; x_wconf 79' lang='lat' dir='ltr'><strong>quod</strong></span> <span class='ocrx_word' id='word_1_1012' title='bbox 2189 4707 2418 4772; x_wconf 89' lang='lat' dir='ltr'><strong>omnino</strong></span> <span class='ocrx_word' id='word_1_1013' title='bbox 2450 4720 2556 4758; x_wconf 90' lang='lat' dir='ltr'><strong>non</strong></span> <span class='ocrx_word' id='word_1_1014' title='bbox 2601 4705 2770 4765; x_wconf 66' lang='lat' dir='ltr'><strong>deest,</strong></span> <span class='ocrx_word' id='word_1_1015' title='bbox 2812 4721 2915 4758; x_wconf 89' lang='lat' dir='ltr'><strong>non</strong></span> <span class='ocrx_word' id='word_1_1016' title='bbox 2941 4703 3112 4772; x_wconf 87' lang='lat' dir='ltr'><strong>solum</strong></span> <span class='ocrx_word' id='word_1_1017' title='bbox 3162 4703 3228 4758; x_wconf 90' lang='lat' dir='ltr'><strong>de</strong></span> <span class='ocrx_word' id='word_1_1018' title='bbox 3267 4703 3387 4758; x_wconf 78' lang='lat' dir='ltr'><strong>dia-</strong></span> <span class='ocrx_word' id='word_1_1019' title='bbox 3457 4710 3462 4715; x_wconf 83' lang='grc'><em>’</em></span> 
     </span>
    </p>
   </div>
   <div class='ocr_carea' id='block_1_143' title="bbox 1800 4771 3388 4842">
    <p class='ocr_par' dir='ltr' id='par_1_143' title="bbox 1800 4771 3388 4842">
     <span class='ocr_line' id='line_1_144' title="bbox 1800 4771 3388 4842; baseline 0.002 -17"><span class='ocrx_word' id='word_1_1020' title='bbox 1800 4773 1943 4836; x_wconf 87' lang='lat' dir='ltr'><strong>bolo,</strong></span> <span class='ocrx_word' id='word_1_1021' title='bbox 1976 4771 2073 4842; x_wconf 69' lang='lat' dir='ltr'><strong>sed</strong></span> <span class='ocrx_word' id='word_1_1022' title='bbox 2111 4773 2273 4826; x_wconf 91' lang='lat' dir='ltr'><strong>etiam</strong></span> <span class='ocrx_word' id='word_1_1023' title='bbox 2314 4776 2378 4828; x_wconf 89' lang='lat' dir='ltr'><strong>de</strong></span> <span class='ocrx_word' id='word_1_1024' title='bbox 2409 4771 2526 4842; x_wconf 91' lang='lat' dir='ltr'><strong>ipso</strong></span> <span class='ocrx_word' id='word_1_1025' title='bbox 2556 4773 2886 4842; x_wconf 85' lang='lat' dir='ltr'><strong>imperatore</strong></span> <span class='ocrx_word' id='word_1_1026' title='bbox 2909 4789 3030 4829; x_wconf 90' lang='lat' dir='ltr'><strong>cum</strong></span> <span class='ocrx_word' id='word_1_1027' title='bbox 3083 4771 3388 4829; x_wconf 90' lang='lat' dir='ltr'><strong>fautoribus</strong></span> 
     </span>
    </p>
   </div>
   <div class='ocr_carea' id='block_1_144' title="bbox 1801 4841 3389 4914">
    <p class='ocr_par' dir='ltr' id='par_1_144' title="bbox 1801 4841 3389 4914">
     <span class='ocr_line' id='line_1_145' title="bbox 1801 4841 3389 4914; baseline 0.001 -19"><span class='ocrx_word' id='word_1_1028' title='bbox 1801 4843 1914 4896; x_wconf 90' lang='lat' dir='ltr'><strong>suis</strong></span> <span class='ocrx_word' id='word_1_1029' title='bbox 1954 4841 2060 4914; x_wconf 78' lang='lat' dir='ltr'><strong>diei</strong></span> <span class='ocrx_word' id='word_1_1030' title='bbox 2107 4851 2378 4912; x_wconf 78' lang='lat' dir='ltr'><strong>poterant,</strong></span> <span class='ocrx_word' id='word_1_1031' title='bbox 2422 4841 2556 4898; x_wconf 86' lang='lat' dir='ltr'><strong>nihil</strong></span> <span class='ocrx_word' id='word_1_1032' title='bbox 2611 4841 2691 4897; x_wconf 88' lang='lat' dir='ltr'><strong>est</strong></span> <span class='ocrx_word' id='word_1_1033' title='bbox 2737 4845 2884 4914; x_wconf 83' lang='lat' dir='ltr'><strong>quod</strong></span> <span class='ocrx_word' id='word_1_1034' title='bbox 2934 4845 2984 4898; x_wconf 89' lang='lat' dir='ltr'><strong>di</strong></span> <span class='ocrx_word' id='word_1_1035' title='bbox 3025 4846 3180 4899; x_wconf 91' lang='lat' dir='ltr'><strong>imus.</strong></span> <span class='ocrx_word' id='word_1_1036' title='bbox 3258 4843 3389 4898; x_wconf 89' lang='lat' dir='ltr'><strong>Uni-</strong></span> 
     </span>
    </p>
   </div>
   <div class='ocr_carea' id='block_1_145' title="bbox 1801 4912 3382 4983">
    <p class='ocr_par' dir='ltr' id='par_1_145' title="bbox 1801 4912 3382 4983">
     <span class='ocr_line' id='line_1_146' title="bbox 1801 4912 3382 4983; baseline 0 -19"><span class='ocrx_word' id='word_1_1037' title='bbox 1801 4927 1956 4983; x_wconf 78' lang='lat' dir='ltr'><strong>versa</strong></span> <span class='ocrx_word' id='word_1_1038' title='bbox 1998 4912 2229 4983; x_wconf 86' lang='lat' dir='ltr'><strong>denique</strong></span> <span class='ocrx_word' id='word_1_1039' title='bbox 2263 4913 2424 4976; x_wconf 80' lang='lat' dir='ltr'><strong>mala,</strong></span> <span class='ocrx_word' id='word_1_1040' title='bbox 2472 4930 2592 4983; x_wconf 65' lang='lat' dir='ltr'><strong>quae</strong></span> <span class='ocrx_word' id='word_1_1041' title='bbox 2631 4931 2697 4968; x_wconf 79' lang='lat' dir='ltr'><strong>ex</strong></span> <span class='ocrx_word' id='word_1_1042' title='bbox 2721 4912 2786 4968; x_wconf 78' lang='lat' dir='ltr'><strong>eo</strong></span> <span class='ocrx_word' id='word_1_1043' title='bbox 2809 4915 3040 4982; x_wconf 88' lang='lat' dir='ltr'><strong>usquein</strong></span> <span class='ocrx_word' id='word_1_1044' title='bbox 3065 4921 3382 4980; x_wconf 66' lang='lat' dir='ltr'><strong>praesentem</strong></span> 
     </span>
    </p>
   </div>
   <div class='ocr_carea' id='block_1_146' title="bbox 1801 4981 3384 5058">
    <p class='ocr_par' dir='ltr' id='par_1_146' title="bbox 1801 4981 3384 5058">
     <span class='ocr_line' id='line_1_147' title="bbox 1801 4981 3384 5058; baseline -0.001 -24"><span class='ocrx_word' id='word_1_1045' title='bbox 1801 4981 1941 5035; x_wconf 89' lang='lat' dir='ltr'><strong>diem</strong></span> <span class='ocrx_word' id='word_1_1046' title='bbox 1973 4997 2069 5058; x_wconf 88' lang='lat' dir='ltr'><strong>p_e_r</strong></span> <span class='ocrx_word' id='word_1_1047' title='bbox 2101 4981 2404 5051; x_wconf 74' lang='lat' dir='ltr'><strong>huiusmodi</strong></span> <span class='ocrx_word' id='word_1_1048' title='bbox 2440 4981 2762 5058; x_wconf 74' lang='lat' dir='ltr'><strong>discordiam</strong></span> <span class='ocrx_word' id='word_1_1049' title='bbox 2789 4985 2840 5036; x_wconf 91' lang='lat' dir='ltr'><strong>in</strong></span> <span class='ocrx_word' id='word_1_1050' title='bbox 2891 4981 3040 5058; x_wconf 57' lang='lat' dir='ltr'><strong>telis</strong></span> <span class='ocrx_word' id='word_1_1051' title='bbox 3077 4987 3384 5058; x_wconf 75' lang='lat' dir='ltr'><strong>perpetrata</strong></span> 
     </span>
    </p>
   </div>
   <div class='ocr_carea' id='block_1_147' title="bbox 1801 5049 3385 5122">
    <p class='ocr_par' dir='ltr' id='par_1_147' title="bbox 1801 5049 3385 5122">
     <span class='ocr_line' id='line_1_148' title="bbox 1801 5049 3385 5122; baseline -0.003 -19"><span class='ocrx_word' id='word_1_1052' title='bbox 1801 5049 2126 5112; x_wconf 23' lang='lat' dir='ltr'><strong>sunt,’liinc</strong></span> <span class='ocrx_word' id='word_1_1053' title='bbox 2173 5049 2465 5122; x_wconf 71' lang='lat' dir='ltr'><strong>sumpsere</strong></span> <span class='ocrx_word' id='word_1_1054' title='bbox 2527 5054 2872 5122; x_wconf 90' lang='lat' dir='ltr'><strong>principium.</strong></span> <span class='ocrx_word' id='word_1_1055' title='bbox 2933 5049 3190 5114; x_wconf 85' lang='lat' dir='ltr'><strong>Quamvis</strong></span> <span class='ocrx_word' id='word_1_1056' title='bbox 3237 5049 3385 5122; x_wconf 74' lang='lat' dir='ltr'><strong>enim</strong></span> 
     </span>
    </p>
   </div>
   <div class='ocr_carea' id='block_1_148' title="bbox 1801 5116 3386 5192">
    <p class='ocr_par' dir='ltr' id='par_1_148' title="bbox 1801 5116 3386 5192">
     <span class='ocr_line' id='line_1_149' title="bbox 1801 5116 3386 5192; baseline -0.003 -17"><span class='ocrx_word' id='word_1_1057' title='bbox 1801 5132 2024 5192; x_wconf 88' lang='lat' dir='ltr'><strong>propter</strong></span> <span class='ocrx_word' id='word_1_1058' title='bbox 2081 5116 2374 5192; x_wconf 79' lang='lat' dir='ltr'><strong>singultum</strong></span> <span class='ocrx_word' id='word_1_1059' title='bbox 2407 5116 2724 5192; x_wconf 62' lang='lat' dir='ltr'><strong>ploraitiouié</strong></span> <span class='ocrx_word' id='word_1_1060' title='bbox 2762 5131 2940 5173; x_wconf 88' lang='lat' dir='ltr'><strong>tacere</strong></span> <span class='ocrx_word' id='word_1_1061' title='bbox 2969 5133 3074 5192; x_wconf 79' lang='lat' dir='ltr'><strong>non</strong></span> <span class='ocrx_word' id='word_1_1062' title='bbox 3100 5116 3386 5192; x_wconf 80' lang='lat' dir='ltr'><strong>permitta-</strong></span> 
     </span>
    </p>
   </div>
   <div class='ocr_carea' id='block_1_149' title="bbox 1802 5186 3387 5262">
    <p class='ocr_par' dir='ltr' id='par_1_149' title="bbox 1802 5186 3387 5262">
     <span class='ocr_line' id='line_1_150' title="bbox 1802 5186 3387 5262; baseline -0.002 -20"><span class='ocrx_word' id='word_1_1063' title='bbox 1802 5186 1938 5252; x_wconf 74' lang='lat' dir='ltr'><strong>mus,</strong></span> <span class='ocrx_word' id='word_1_1064' title='bbox 1973 5191 2097 5247; x_wconf 89' lang='lat' dir='ltr'><strong>licet</strong></span> <span class='ocrx_word' id='word_1_1065' title='bbox 2121 5186 2341 5262; x_wconf 67' lang='lat' dir='ltr'><strong>propter</strong></span> <span class='ocrx_word' id='word_1_1066' title='bbox 2367 5186 2730 5262; x_wconf 76' lang='lat' dir='ltr'><strong>arctissimum</strong></span> <span class='ocrx_word' id='word_1_1067' title='bbox 2761 5186 3018 5262; x_wconf 83' lang='lat' dir='ltr'><strong>temporis</strong></span> <span class='ocrx_word' id='word_1_1068' title='bbox 3049 5187 3318 5262; x_wconf 86' lang='lat' dir='ltr'><strong>spatium,_</strong></span> <span class='ocrx_word' id='word_1_1069' title='bbox 3331 5194 3387 5241; x_wconf 83' lang='lat' dir='ltr'><strong>et</strong></span> 
     </span>
    </p>
   </div>
   <div class='ocr_carea' id='block_1_150' title="bbox 1802 5256 3385 5328">
    <p class='ocr_par' dir='ltr' id='par_1_150' title="bbox 1802 5256 3385 5328">
     <span class='ocr_line' id='line_1_151' title="bbox 1802 5256 3385 5328; baseline 0 -17"><span class='ocrx_word' id='word_1_1070' title='bbox 1802 5269 2024 5328; x_wconf 72' lang='lat' dir='ltr'><strong>propter</strong></span> <span class='ocrx_word' id='word_1_1071' title='bbox 2057 5256 2458 5315; x_wconf 80' lang='lat' dir='ltr'><strong>innorniitatem</strong></span> <span class='ocrx_word' id='word_1_1072' title='bbox 2486 5257 3201 5328; x_wconf 76' lang='lat' dir='ltr'><strong>earumdemmiseriarum,</strong></span> <span class='ocrx_word' id='word_1_1073' title='bbox 3220 5267 3279 5328; x_wconf 78' lang='lat' dir='ltr'><strong>ut</strong></span> <span class='ocrx_word' id='word_1_1074' title='bbox 3296 5256 3385 5328; x_wconf 19' lang='lat' dir='ltr'><strong>Alu-</strong></span> 
     </span>
    </p>
   </div>
   <div class='ocr_carea' id='block_1_151' title="bbox 1803 5324 3384 5402">
    <p class='ocr_par' dir='ltr' id='par_1_151' title="bbox 1803 5324 3384 5402">
     <span class='ocr_line' id='line_1_152' title="bbox 1803 5324 3384 5402; baseline -0.003 -21"><span class='ocrx_word' id='word_1_1075' title='bbox 1803 5324 2074 5402; x_wconf 72' lang='lat' dir='ltr'><strong>gentibus</strong></span> <span class='ocrx_word' id='word_1_1076' title='bbox 2102 5347 2220 5384; x_wconf 88' lang='lat' dir='ltr'><strong>mos</strong></span> <span class='ocrx_word' id='word_1_1077' title='bbox 2281 5341 2402 5402; x_wconf 86' lang='lat' dir='ltr'><strong>est,</strong></span> <span class='ocrx_word' id='word_1_1078' title='bbox 2443 5325 2820 5402; x_wconf 65' lang='lat' dir='ltr'><strong>innumeraad</strong></span> <span class='ocrx_word' id='word_1_1079' title='bbox 2871 5324 3384 5402; x_wconf 59' lang='lat' dir='ltr'><strong>dicendunrllchilia</strong></span> 
     </span>
    </p>
   </div>
   <div class='ocr_carea' id='block_1_152' title="bbox 1801 5392 3386 5462">
    <p class='ocr_par' dir='ltr' id='par_1_152' title="bbox 1801 5392 3386 5462">
     <span class='ocr_line' id='line_1_153' title="bbox 1801 5392 3386 5462; baseline -0.006 -9"><span class='ocrx_word' id='word_1_1080' title='bbox 1801 5392 2160 5462; x_wconf 76' lang='lat' dir='ltr'><strong>occurrerint,</strong></span> <span class='ocrx_word' id='word_1_1081' title='bbox 2193 5401 2380 5462; x_wconf 88' lang='lat' dir='ltr'><strong>paucis</strong></span> <span class='ocrx_word' id='word_1_1082' title='bbox 2409 5400 2474 5452; x_wconf 92' lang='lat' dir='ltr'><strong>ad</strong></span> <span class='ocrx_word' id='word_1_1083' title='bbox 2513 5395 2910 5450; x_wconf 88' lang='lat' dir='ltr'><strong>inchoationem</strong></span> <span class='ocrx_word' id='word_1_1084' title='bbox 2954 5392 3115 5457; x_wconf 88' lang='lat' dir='ltr'><strong>hujus</strong></span> <span class='ocrx_word' id='word_1_1085' title='bbox 3164 5392 3386 5462; x_wconf 88' lang='lat' dir='ltr'><strong>infelici-</strong></span> 
     </span>
    </p>
   </div>
   <div class='ocr_carea' id='block_1_153' title="bbox 1803 5461 3383 5539">
    <p class='ocr_par' dir='ltr' id='par_1_153' title="bbox 1803 5461 3383 5539">
     <span class='ocr_line' id='line_1_154' title="bbox 1803 5461 3383 5539; baseline -0.005 -17"><span class='ocrx_word' id='word_1_1086' title='bbox 1803 5469 1931 5522; x_wconf 73' lang='lat' dir='ltr'><strong>tatis</strong></span> <span class='ocrx_word' id='word_1_1087' title='bbox 1971 5461 2155 5524; x_wconf 85' lang='lat' dir='ltr'><strong>redire</strong></span> <span class='ocrx_word' id='word_1_1088' title='bbox 2177 5461 2382 5539; x_wconf 72' lang='lat' dir='ltr'><strong>[agere]</strong></span> <span class='ocrx_word' id='word_1_1089' title='bbox 2409 5468 2609 5539; x_wconf 72' lang='lat' dir='ltr'><strong>placet,</strong></span> <span class='ocrx_word' id='word_1_1090' title='bbox 2636 5473 2692 5539; x_wconf 82' lang='lat' dir='ltr'><strong>ut</strong></span> <span class='ocrx_word' id='word_1_1091' title='bbox 2720 5473 3084 5539; x_wconf 65' lang='lat' dir='ltr'><strong>contucamur</strong></span> <span class='ocrx_word' id='word_1_1092' title='bbox 3111 5461 3383 5539; x_wconf 75' lang='lat' dir='ltr'><strong>diabolum</strong></span> 
     </span>
    </p>
   </div>
   <div class='ocr_carea' id='block_1_154' title="bbox 1804 5529 3386 5607">
    <p class='ocr_par' dir='ltr' id='par_1_154' title="bbox 1804 5529 3386 5607">
     <span class='ocr_line' id='line_1_155' title="bbox 1804 5529 3386 5607; baseline -0.008 -13"><span class='ocrx_word' id='word_1_1093' title='bbox 1804 5539 1858 5594; x_wconf 86' lang='lat' dir='ltr'><strong>in</strong></span> <span class='ocrx_word' id='word_1_1094' title='bbox 1882 5539 2040 5607; x_wconf 81' lang='lat' dir='ltr'><strong>hujus</strong></span> <span class='ocrx_word' id='word_1_1095' title='bbox 2071 5529 2196 5593; x_wconf 57' lang='lat' dir='ltr'><strong>vita}</strong></span> <span class='ocrx_word' id='word_1_1096' title='bbox 2221 5529 2448 5590; x_wconf 73' lang='grc' dir='ltr'><strong>ὧιευίδεύ</strong></span> <span class='ocrx_word' id='word_1_1097' title='bbox 2477 5536 2531 5607; x_wconf 84' lang='lat' dir='ltr'><strong>in</strong></span> <span class='ocrx_word' id='word_1_1098' title='bbox 2558 5534 2704 5607; x_wconf 80' lang='lat' dir='ltr'><strong>bivio</strong></span> <span class='ocrx_word' id='word_1_1099' title='bbox 2731 5540 2961 5607; x_wconf 76' lang='lat' dir='ltr'><strong>stantem</strong></span> <span class='ocrx_word' id='word_1_1100' title='bbox 2983 5568 2996 5591; x_wconf 90' lang='lat'><strong>,</strong></span> <span class='ocrx_word' id='word_1_1101' title='bbox 3013 5529 3132 5607; x_wconf 61' lang='lat' dir='ltr'><strong>ubi</strong></span> <span class='ocrx_word' id='word_1_1102' title='bbox 3152 5529 3386 5607; x_wconf 59' lang='lat' dir='ltr'><strong>impera-</strong></span> 
     </span>
    </p>
   </div>
   <div class='ocr_carea' id='block_1_155' title="bbox 1806 5597 3387 5670">
    <p class='ocr_par' dir='ltr' id='par_1_155' title="bbox 1806 5597 3387 5670">
     <span class='ocr_line' id='line_1_156' title="bbox 1806 5597 3387 5670; baseline -0.006 -8"><span class='ocrx_word' id='word_1_1103' title='bbox 1806 5619 1892 5663; x_wconf 92' lang='lat' dir='ltr'><strong>tor</strong></span> <span class='ocrx_word' id='word_1_1104' title='bbox 1947 5597 1978 5664; x_wconf 73' lang='lat' dir='ltr'><strong>é</strong></span> <span class='ocrx_word' id='word_1_1105' title='bbox 2017 5610 2222 5663; x_wconf 85' lang='lat' dir='ltr'><strong>duobus</strong></span> <span class='ocrx_word' id='word_1_1106' title='bbox 2267 5619 2430 5656; x_wconf 90' lang='lat' dir='ltr'><strong>unum</strong></span> <span class='ocrx_word' id='word_1_1107' title='bbox 2465 5603 2533 5656; x_wconf 91' lang='lat' dir='ltr'><strong>ad</strong></span> <span class='ocrx_word' id='word_1_1108' title='bbox 2575 5602 2880 5670; x_wconf 79' lang='lat' dir='ltr'><strong>eligendum</strong></span> <span class='ocrx_word' id='word_1_1109' title='bbox 2937 5597 3387 5670; x_wconf 63' lang='lat' dir='ltr'><strong>iii_z!ccliiiabiliter</strong></span> 
     </span>
    </p>
   </div>
   <div class='ocr_carea' id='block_1_156' title="bbox 1803 5663 3388 5746">
    <p class='ocr_par' dir='ltr' id='par_1_156' title="bbox 1803 5663 3388 5746">
     <span class='ocr_line' id='line_1_157' title="bbox 1803 5663 3388 5746; baseline 0.015 -29"><span class='ocrx_word' id='word_1_1110' title='bbox 1803 5663 2030 5746; x_wconf 64' lang='lat' dir='ltr'><strong>mgimr,</strong></span> <span class='ocrx_word' id='word_1_1111' title='bbox 2063 5684 2152 5730; x_wconf 76' lang='lat' dir='ltr'><strong>aut</strong></span> <span class='ocrx_word' id='word_1_1112' title='bbox 2175 5671 2336 5746; x_wconf 70' lang='lat' dir='ltr'><strong>cultui</strong></span> <span class='ocrx_word' id='word_1_1113' title='bbox 2369 5671 2557 5746; x_wconf 74' lang='lat' dir='ltr'><strong>illicito</strong></span> <span class='ocrx_word' id='word_1_1114' title='bbox 2587 5663 2816 5746; x_wconf 57' lang='lat' dir='ltr'><strong>favemth</strong></span> <span class='ocrx_word' id='word_1_1115' title='bbox 2845 5663 3172 5746; x_wconf 55' lang='lat' dir='ltr'><strong>iniaiii&#39;Bi&#39;m-‘i</strong></span> <span class='ocrx_word' id='word_1_1116' title='bbox 3195 5678 3388 5746; x_wconf 43' lang='lat'><strong>“&quot;9”</strong></span> 
     </span>
    </p>
   </div>
   <div class='ocr_carea' id='block_1_157' title="bbox 1806 5736 3391 5798">
    <p class='ocr_par' dir='ltr' id='par_1_157' title="bbox 1806 5736 3391 5798">
     <span class='ocr_line' id='line_1_158' title="bbox 1806 5736 3391 5798; baseline -0.004 0"><span class='ocrx_word' id='word_1_1117' title='bbox 1806 5736 2332 5798; x_wconf 65' lang='lat' dir='ltr'><strong>insi-celesiasticum</strong></span> <span class='ocrx_word' id='word_1_1118' title='bbox 2386 5742 2654 5794; x_wconf 78' lang='lat' dir='ltr'><strong>cervicem</strong></span> <span class='ocrx_word' id='word_1_1119' title='bbox 2687 5741 2918 5794; x_wconf 81' lang='lat' dir='ltr'><strong>ﬂectere,</strong></span> <span class='ocrx_word' id='word_1_1120' title='bbox 2951 5736 3046 5785; x_wconf 88' lang='lat' dir='ltr'><strong>aut</strong></span> <span class='ocrx_word' id='word_1_1121' title='bbox 3093 5746 3238 5789; x_wconf 82' lang='lat' dir='ltr'><strong>certe</strong></span> <span class='ocrx_word' id='word_1_1122' title='bbox 3293 5739 3391 5792; x_wconf 73' lang='lat' dir='ltr'><strong>liu-</strong></span> 
     </span>
    </p>
   </div>
  </div>
