3992 6172
130 312 245 369 lilii

128 436 261 481 tores
290 419 390 489 Qui
412 431 511 474 nos
535 416 947 489 praecesseruut,
996 416 1265 489 praecipue
1313 416 1603 489 maximum
1632 418 1657 485 ς

128 474 407 565 ᾇνὶὸῖἦρξυω
434 474 809 565 imperatorem
858 474 1130 565 Caroluui,
1156 474 1584 565 A’quasiufo-rrnaru
1607 475 1689 565 vi-

130 548 274 617 iiendi
305 567 468 626 atque
509 548 753 626 subditos
798 548 1033 626 regendi
1056 558 1104 626 α.
1124 558 1499 626 sequeremur,
1529 554 1583 596 et
1606 558 1690 622 se-

126 614 333 701 ᾲῐιὲηάρ
382 614 496 695 ἱππ
524 623 709 701 ﬁculis
740 614 966 701 ,εθξηίκτ
1019 614 1689 701 δῆΡρ.ιῖθξηι1εξ,ίέΕμεξι³Ηε

129 681 490 757 imitationem,
517 692 607 761 jus
632 681 1018 761 Ecclesiarum,
1064 690 1259 737 statum
1289 681 1592 761 reipubliea:
1617 683 1691 734 ίιι-

127 769 405 828 columem,
444 756 499 817 et
518 756 700 831 legum
751 756 1130 826 integritatem,
1160 766 1257 820 per
1307 758 1477 805 totum
1527 756 1691 820 impe-

126 839 257 892 rium
284 843 531 887 nostrum
562 841 920 885 servaremus.

188 888 240 958 ἒ.
277 903 399 971 Ipse
453 901 595 971 enim
654 906 765 971 tota
806 892 995 971 cordis
1029 889 1330 971 intentione.
1364 888 1432 968 ad
1474 896 1689 971 aeternae

123 956 241 1027 vita:
265 956 488 1039 pitemia
513 968 790 1039 anhelans,
832 962 898 1016 ad
924 959 1255 1039 dilatandam
1264 957 1505 1038 gloriam
1528 956 1687 1011 Chri-

123 1026 284 1096 stiani
333 1039 584 1101 nominis,
612 1045 675 1108 et
695 1033 897 1089 cultum
943 1028 1137 1108 divinae
1181 1026 1688 1108 religionis_piopa-

125 1110 379 1178 gandum,
393 1115 520 1178 quot
540 1098 876 1178 episcopatus
895 1098 1250 1178 constituerit,
1274 1106 1404 1165 quot
1422 1098 1686 1178 abbatias,

161 1186 248 1232 uot
269 1173 527 1231 ecclesias
551 1173 584 1227 a
617 1173 960 1226 fundamento
996 1173 1251 1227 erexerit,
1294 1173 1509 1234 quantis
1544 1180 1686 1233 pra:-

161 1196 248 1232 ιιοῑ
269 1196 527 1231 8001651315
551 1196 582 1227 a
617 1196 960 1226 Iullualllcuw
996 1196 1177 1220 ῦιῦλῠι
1191 1196 1251 1227 ιι,
1294 1196 1509 1234 qualum
1544 1196 1686 1233 yid:-

123 1196 221 1302 ﬂiis
245 1262 307 1299 ac
326 1244 600 1297 beneficiis
622 1242 739 1295 illas
776 1238 1400 1314 ditaverit,_quantarum
1445 1235 1689 1314 largitate

125 1317 573 1382 eleemosynarum
604 1326 710 1364 non
738 1308 912 1382 solum
953 1306 1007 1359 in
1032 1304 1357 1382 cismarinis,
1391 1305 1484 1382 sed
1525 1304 1688 1382 etiam

128 1386 177 1438 in
223 1373 594 1437 transmarinis
640 1378 897 1447 partibus
940 1373 1352 1447 respleuduerit,
1408 1374 1523 1440 ipsa
1571 1373 1689 1439 ejus

126 1469 277 1519 opera
306 1460 363 1505 et
402 1442 673 1520 gestorum
701 1445 997 1520 volumina,
1037 1442 1186 1520 ’_qua:_
1214 1442 1443 1520 plurima
1472 1450 1527 1520 et
1568 1456 1685 1520 rua-

126 1510 260 1575 xima
305 1510 449 1581 suni,
479 1519 583 1572 fide
631 1515 862 1580 oculata,
911 1512 1118 1581 plenius
1156 1511 1449 1581 declarant.
1491 1510 1545 1563 ln
1585 1510 1688 1581 fide

123 1604 331 1658 quoque
353 1579 556 1658 Christi
579 1579 997 1658 rdilatanda,_et_
1022 1580 1077 1633 in
1108 1580 1459 1634 conversione
1508 1579 1689 1658 gentis

125 1648 415 1713 barbaricae
468 1655 624 1710 fortis
675 1653 871 1706 athleta
929 1649 1046 1712 fuit,
1076 1658 1131 1703 et
1181 1665 1343 1703 verus
1368 1648 1683 1713 apostolus:

1351 292 1593 351 SECTIO
1627 292 1669 346 ι.
1707 274 2099 351 umnam.

1033 406 1265 475 raecipue
1313 408 1603 475 maximum
1632 413 1688 459 et
1715 405 1764 462 A
1790 418 2047 475 granum,
2095 412 2258 474 caput
2295 402 2617 475 civitatum,
2656 398 2979 475 venerabilis
3024 398 3201 475 clerus
3239 417 3363 475 cum

3224 285 3363 342 £362

1793 471 2137 528 devotissimo
2160 471 2385 543 populo,
2420 472 2661 543 quodin
2701 471 3002 543 diademate
3029 471 3207 539 regni,
3244 472 3365 528 aliis

1789 543 2119 612 principibus
2140 539 2194 597 et
2216 539 2465 612 gloriosis
2483 542 2618 596 locis
2633 539 3030 612 speciosissime
3046 549 3364 612 ornamento

1792 608 2087 681 distinctis,
2121 613 2176 665 in
2205 608 2384 681 capite
2407 626 2622 666 coronae
2649 608 2882 678 positum
2901 649 2916 673 ,
2947 608 3115 681 quasi
3134 611 3366 681 perluci-

1790 679 1980 750 darum
2010 678 2341 749 gemmarum
2371 682 2656 750 spleadore
2676 687 2957 750 coruscat,
2984 687 3038 750 et
3062 678 3155 750 illo
3185 680 3366 750 singu-

1790 747 1888 819 lari
1915 757 1967 802 et
1994 747 2261 819 corporali
2287 747 2483 819 gaudet
2509 758 2738 819 patrono
2753 788 2768 813 ,
2792 748 2884 819 qui
2910 748 3217 803 christiana:
3240 747 3365 819 fidei

1790 767 1888 801 lal‘l
1915 767 1967 802 et
1994 767 2261 817 corporali
2322 767 2483 804 auuet
2509 767 2768 819 patrono,
2792 767 2884 817 qui
2910 767 3217 803 curisuana:
3240 767 3365 804 nnei

1790 817 2178 889 illustratione,
2225 767 2465 889 etﬁegis,
2507 834 2614 889 qua
2654 818 3024 889 unusquisque
3048 819 3230 889 vivere
3273 818 3366 874 de-

1788 886 1939 949 beat,
1976 886 2277 941 Romanum
2303 886 2541 943 decorat
2564 888 2869 956 imperium.
2901 887 3025 941 Hice
3051 888 3215 956 enim,
3239 903 3362 942 tnu-

1788 957 1921 1010 tatio
1971 964 2058 1011 est
2102 957 2335 1011 dextera:
2356 958 2599 1022 Excelsi,
2644 955 2791 1025 quod
2814 971 2913 1024 pro
2956 956 3167 1018 Grano,
3195 955 3365 1011 fratre

1788 1025 2050 1089 Neronis,
2078 1025 2417 1079 fundatorem
2441 1027 2603 1081 habet
2639 1026 3039 1081 sanctissimum
3075 1026 3361 1092 Carolum;

1787 1109 1887 1163 pro
1928 1110 2138 1164 pagano
2182 1102 2236 1148 et
2276 1095 2502 1150 scelesto
2531 1135 2545 1158 ,
2588 1095 2967 1163 imperatorem
3012 1095 3357 1149 catholicum.

1788 1163 1953 1232 Cujus
1992 1180 2108 1226 nos,
2140 1172 2403 1232 quantum
2439 1163 2672 1231 propitia
2703 1164 2968 1217 Divinitas
3003 1167 3361 1228 concesserit,

1787 1235 2004 1301 pietatis
2048 1234 2291 1301 vestigiis
2335 1233 2689 1297 inhierentes,
2744 1233 3109 1286 venerabilem
3162 1234 3367 1287 clerum

1788 1303 2121 1371 Aqueusem,
2162 1318 2285 1357 cum
2315 1302 2542 1357 ecclesia
2577 1302 2930 1356 sanctissimae
2953 1301 3046 1356 Dei
3073 1301 3369 1358 Geuitricis

1790 1372 1989 1435 Mariae,
2021 1372 2475 1427 excellentissimo
2494 1387 2657 1440 opere
2680 1376 2991 1427 constructa
3006 1410 3021 1435 ,
3047 1378 3100 1424 et
3122 1373 3370 1427 omnibus

1787 1443 2002 1509 pnediis
2044 1441 2176 1508 eius,
2210 1457 2311 1496 nec
2351 1457 2458 1495 non
2489 1439 2543 1496 et
2570 1441 2741 1509 ipsam
2777 1439 3368 1510 civitatemAquisgra-

1788 1527 1937 1572 num,
1973 1527 2094 1580 quis
2127 1519 2289 1578 caput
2322 1518 2377 1565 et
2401 1512 2557 1580 sedes
2587 1509 2740 1579 regni
2788 1509 3069 1580 Teutonici
3116 1518 3219 1573 est,
3262 1526 3368 1565 una

1790 1596 1912 1635 cum
1940 1578 2193 1635 omnibus
2218 1580 2429 1635 civibus
2455 1579 2590 1648 ejus,
2617 1578 2725 1648 tam
2750 1578 3051 1648 minoribus
3072 1594 3234 1647 quam
3256 1597 3367 1633 ma-

1785 1648 2025 1717 joribus,
2073 1651 2174 1705 sub
2214 1656 2452 1704 nostram
2481 1647 2810 1718 imperialem
2835 1647 3117 1702 tuitionem
3141 1649 3366 1717 suscipi-

122 1728 259 1781 sicut
286 1725 541 1788 Saxonia,
572 1732 626 1777 et
652 1722 1117 1796 Fresonia,__atqu_e
1136 1715 1497 1796 _Westphalia,
1526 1717 1692 1796 lillis—
1721 1736 1767 1796 Β
1788 1715 1943 1796 inus,
1974 1730 2028 1773 et
2057 1734 2272 1796 omnem
2300 1715 2604 1796 libertatein
2630 1727 2685 1774 et
2703 1715 3012 1796 justitiam,_
3030 1733 3192 1796 quam
3238 1715 3364 1773 san-

119 1798 243 1863 pani
274 1809 487 1862 quoque
530 1786 814 1851 testantur,
846 1797 901 1843 et
923 1786 1393 1863 )Vandali,_‘quo_s_
1418 1788 1487 1841 ad
1530 1786 1690 1863 ﬁdem

119 1856 440 1918 catholicam
486 1863 652 1915 verbo
701 1858 963 1913 convertit
1002 1865 1057 1909 et
1099 1856 1293 1925 gladio.
1334 1856 1486 1911 Licet
1526 1856 1691 1909 etiam

120 1934 286 2001 ipsius
314 1933 552 1985 animum
596 1945 703 2001 non
753 1926 1125 2001 pertransierit
1172 1926 1399 2001 gladius,
1433 1925 1690 2001 diversa-

120 1994 236 2056 r'um
267 2009 448 2055 tamen
476 1994 783 2067 passionum
831 1995 1122 2067 tribulatio,
1146 1994 1209 2067 et
1248 1994 1545 2063 periculosa
1574 2010 1693 2048 cer-

118 2072 343 2134 tamina,
374 2078 429 2123 et
453 2064 696 2123 voluntas
724 2064 983 2120 moriendi
1013 2064 1319 2134 quotidiana
1347 2078 1444 2134 pro
1467 2078 1693 2117 conver-

116 2139 295 2193 tendis
331 2132 652 2199 incredulis,
682 2151 805 2189 eum
853 2141 1145 2199 martyrem
1194 2132 1340 2186 fecit.
1382 2132 1530 2187 Nunc
1561 2148 1692 2186 vero

117 2210 353 2263 electum
381 2216 436 2261 et
469 2206 864 2261 sanctissimum
889 2200 1254 2257 confessorem
1302 2216 1423 2254 eum
1460 2200 1693 2256 fatemur

120 2287 173 2331 et
196 2291 521 2331 veneramur
543 2275 598 2328 in
629 2274 808 2337 terris,
850 2287 1011 2340 quem
1066 2272 1119 2324 in
1161 2279 1346 2325 sancta
1400 2285 1691 2325 conversa-

121 2348 263 2400 tione
289 2346 507 2408 vixisse,
538 2352 594 2398 et
613 2358 746 2413 pura
766 2340 1100 2413 confessione
1125 2349 1180 2393 et
1206 2356 1333 2394 vera
1374 2342 1690 2413 paenitentia

122 2416 186 2469 ad
217 2415 499 2468 Dominum
529 2410 809 2480 migrasse,
833 2419 888 2464 et
914 2411 1055 2465 inter
1081 2418 1294 2480 sanctos
1331 2410 1687 2473 confessores,

121 2492 360 2537 sanctum
389 2491 443 2538 et
465 2479 650 2537 verum
688 2480 1047 2536 confessorem
1075 2479 1345 2534 credimus
1378 2487 1689 2534 coronatum

122 2553 172 2605 in
200 2552 373 2607 cmlis.

186 2623 239 2675 5.
282 2622 409 2675 lude
455 2629 540 2676 est
567 2619 709 2689 quod
756 2632 877 2689 nos;
899 2616 1145 2689 gloriosis
1178 2614 1353 2689 Afactis
1382 2622 1437 2672 et
1484 2617 1692 2689 meritis

120 2691 439 2759 sanctissimi
470 2684 1017 2759 imperatorisuca'roli
1067 2684 1398 2759 confidenter
1444 2685 1686 2759 animati,

119 2768 171 2812 et
205 2758 388 2813 sedula
409 2753 665 2813 petitione
687 2756 991 2811 charissimi
1018 2755 1177 2808 amici
1228 2755 1398 2807 nostri
1427 2765 1448 2793 ο
1474 2753 1690 2809 Henrici

119 2829 258 2897 regis
282 2822 489 2896 Anglia:
522 2826 992 2897 inductinassensu
1029 2831 1083 2876 et
1127 2824 1446 2897 auctoritate
1489 2822 1691 2879 domini

117 2893 416 2959 Paschalis,
439 2904 495 2950 et
521 2912 585 2950 cx
614 2894 835 2948 consilio
855 2894 1224 2952 universorum
1248 2893 1548 2962 principum
1583 2901 1691 2947 tant

116 2967 458 3019 smcularium
484 2979 646 3032 quam
666 2962 1173 3032 ecclesiasticarum,
1192 2976 1292 3029 pro
1320 2962 1614 3015 elevatione
1639 2972 1692 3017 et

115 3035 444 3088 exaltatione
489 3031 809 3087 sanctissimi
838 3031 1079 3101 corporis
1128 3031 1245 3101 ejus
1274 3039 1433 3099 atque
1473 3034 1690 3086 canoni-

117 3105 352 3166 zatione,
408 3102 695 3156 solemnem
749 3100 954 3155 curiam
982 3102 1034 3154 in
1070 3100 1256 3171 natale
1298 3101 1507 3171 Domini
1547 3102 1687 3171 apud

118 3170 511 3240 Aquisgranum
534 3171 920 3225 celebravimus
951 3188 963 3222 :
993 3169 1081 3222 ubi
1104 3184 1297 3240 corpus
1324 3169 1443 3240 ejus
1462 3169 1689 3225 sanctis-

122 3238 333 3309 simum,
366 3255 477 3309 prec
507 3240 701 3293 timore
746 3239 917 3294 hostis
952 3239 1144 3309 exteri,
1187 3238 1272 3293 vel
1299 3239 1505 3309 inimici
1533 3240 1690 3294 fami-

123 3306 284 3374 liaris,
317 3306 473 3365 caute
493 3309 844 3372 reconditum,
888 3308 979 3362 sed
1010 3308 1187 3362 divina
1222 3308 1547 3362 revelatione
1570 3324 1688 3362 ma-

124 3377 427 3456 nifestatum
457 3378 774 3456 adlaudem‘
789 3388 841 3431 et
865 3377 1085 3456 gloriam
1131 3378 1362 3456 nominis
1390 3376 1691 3456 Christiact

126 3447 186 3514 ad
213 3448 706 3503 corroborationem
739 3445 962 3501 Romani
1017 3446 1249 3514 imperii,
1274 3453 1329 3499 et
1353 3445 1579 3499 salutem
1610 3448 1690 3501 di-

124 3511 263 3585 lectae
334 3516 607 3572 consortis
670 3524 865 3585 nostrae
920 3511 1177 3569 Beatricis
1240 3515 1598 3585 imperatricis
1636 3526 1691 3571 et

122 3584 342 3656 filiorum
372 3595 684 3656 nostrorum
711 3584 969 3639 Friderici
998 3593 1054 3656 et
1092 3584 1473 3656 llenrici,_cum
1495 3601 1688 3656 magna

120 3651 422 3724 frequentia
470 3654 790 3724 principum,
822 3662 877 3707 et
922 3655 1137 3722 copiosa
1190 3653 1531 3724 multitudine
1557 3651 1686 3709 cieri

120 3731 169 3793 et
200 3722 396 3793 populi,
447 3722 501 3777 in
543 3724 755 3793 hymnis
780 3731 841 3793 et,
887 3724 1113 3777 canticis
1158 3722 1523 3793 spiritualibus
1567 3740 1688 3778 cum

122 3791 305 3849 timore
346 3803 403 3847 et
436 3791 741 3847 reverentia
798 3792 1121 3847 elevavimus
1168 3799 1222 3845 et
1253 3792 1607 3848 exaltavimus
1635 3809 1689 3848 iv

125 3856 378 3917 Kalendas
404 3862 529 3916 Jan.

188 3930 375 4001 4._7His
397 3939 581 3985 autem
626 3930 875 4001 omnibus
914 3930 1144 4001 gloriose
1170 3929 1428 4001 peractis,
1473 3945 1596 3984 cum
1633 3931 1688 3985 in

121 3999 369 4068 praedicto
435 4001 574 4061 loco,
625 3998 779 4067 cujus
834 3998 945 4068 ipse
995 3999 1249 4053 fundator
1298 3999 1599 4062 exstiterat,
1622 4000 1689 4054 de

124 4063 280 4149 ipsius
304 4068 405 4123 loci
440 4063 709 4131 libertate,
750 4063 1006 4123 institutis
1048 4069 1223 4135 legum
1265 4069 1494 4189 etpacis
1529 4079 1689 4150 atque

124 4130 343 4189 lustrum.
371 4138 572 4189 quibus
602 4146 769 4189 totum
797 4140 980 4189 orbem
1018 4143 1252 4189 rexerat.
1284 4138 1337 4189 di
1361 4146 1568 4189 menter
1608 4155 1689 4189 m-

122 4130 343 4207 justitia),
371 4138 572 4207 quibus
602 4146 769 4207 totum
797 4140 980 4207 orbem
1018 4130 1252 4198 rexerat,
1274 4130 1568 4207 diligenter
1603 4130 1689 4192 iu-

122 4205 476 4275 quircrcmus,
502 4221 650 4275 Arecce
677 4206 871 4275 fratres
909 4205 1147 4272 ejusdem
1176 4205 1419 4260 ecclesia:
1462 4208 1685 4275 privile-

121 4272 271 4346 gium
286 4276 463 4346 sancti
486 4273 661 4346 Caroli
682 4275 747 4346 de
770 4273 1077 4330 fundatione
1094 4284 1148 4328 et
1168 4272 1689 4346 detulicationeipsius

121 4343 461 4415 uobilissimze
504 4343 760 4415 ecclesixe,
815 4354 869 4415 et
919 4347 984 4398 de
1012 4345 1455 4415 institutionibus
1510 4343 1684 4415 legum

120 4406 493 4488 humanarum,
522 4420 577 4466 et
601 4412 775 4488 civilis
814 4411 1214 4488 juris_ejusdem
1253 4414 1507 4488 civitatis,
1524 4406 1687 4488 nobis

117 4480 428 4548 inmedium
457 4481 809 4548 protulerunt,
836 4484 976 4548 quod
1006 4480 1093 4536 ine
1133 4490 1374 4537 vetustas
1421 4483 1680 4545 aboleret,

115 4546 199 4597 vel
240 4561 322 4620 ne
346 4546 806 4616 per'oblivioncm
847 4546 1133 4620 deperiret,
1186 4559 1369 4605 nostra
1422 4552 1683 4620 imperiali

120 4617 441 4692 auctoritate
492 4621 880 4692 renovavimus.
914 4617 1198 4689 'Ejusdem
1247 4634 1380 4674 vero
1418 4617 1683 4692 privilegii

121 4689 267 4739 tenor
293 4695 349 4741 et
376 4686 643 4741 institutio
666 4688 786 4743 talis
809 4697 912 4743 est.

310 4823 599 4896 Prim‘legia
626 4825 1123 4897 Aquisgranensibus
1148 4825 1478 4895 conﬁrmata.

182 4909 418 4967 Laetetur
445 4913 611 4983 igitur
635 4922 689 4969 et
718 4913 948 4969 exsultet
976 4911 1231 4969 ineﬂ'abili
1270 4914 1465 4983 gaudio
1491 4914 1686 4987 Aquis-

185 5050 209 5078 ι
247 5040 301 5111 ld
328 5043 371 5096 si
394 5041 632 5105 fecisset,
664 5057 771 5097 non
799 5049 880 5096 tot
917 5044 1073 5095 annis
1110 5042 1492 5111 impugnasset,
1520 5057 1683 5111 quam

121 5103 335 5185 Carolus
382 5103 698 5167 fidelissime
735 5126 946 5180 semper
982 5111 1134 5177 fovit,
1174 5103 1685 5167 Romanam'E'ccle-

120 5187 263 5230 sram.

186 5244 213 5283 δ
246 5246 585 5303 Allucinatur
622 5248 995 5304 schismaticus
1019 5246 1219 5303 C:esar.
1260 5248 1376 5304 Non
1417 5252 1684 5306 convertit

120 5307 373 5381 Hispanos
411 5317 656 5380 Carolus,
702 5326 758 5371 at
779 5317 947 5371 solum
981 5318 1260 5372 nonnullas
1309 5333 1494 5372 eorum
1524 5323 1683 5376 urbes

121 5391 149 5431 ε
175 5385 413 5454 manibus
439 5386 835 5441 Saracenorum
862 5387 1077 5454 eripuit.

187 5461 223 5535 fu
249 5451 602 5535 lienricusll,
624 5455 831 5535 anglis:
856 5451 970 5535 rexi,
1003 5457 1103 5510 sub
1134 5469 1251 5535 quo
1279 5462 1496 5535 sanctus
1539 5455 1684 5512 Tho-

122 5521 677 5591 mas__Cantuariensis
714 5521 1028 5578 interfectus
1068 5521 1178 5585 est,
1203 5523 1552 5591 inauguratus
1598 5534 1684 5580 est

124 5595 206 5638 xw
233 5587 521 5662 Kal.__Jan.,
569 5593 1037 5662 Dominicaﬂante
1060 5587 1404 5662 Nativitatem
1457 5591 1678 5662 Christi,

126 5666 255 5713 Iuno
278 5659 413 5715 1154
436 5677 454 5726 ;
484 5662 615 5717 obiit
639 5662 814 5733 pridie
837 5661 972 5717 Non.
1012 5659 1114 5716 Jul.
1146 5661 1313 5716 “89.

1794 1790 2067 1843 ctissimus
2093 1787 2318 1844 Carolus
2350 1786 2571 1857 ejusque
2592 1802 2931 1845 successores
2965 1787 3045 1842 eis
3082 1788 3362 1851 dederunt,

1792 1859 1874 1939 eis
1900 1859 2282 1939 confirmamus
2322 1875 2335 1912 :
2380 1866 2677 1939 statuentes
2718 1864 2773 1939 et
2798 1857 2914 1927 lege
2940 1866 3198 1939 perpetuo
3225 1857 3362 1910 vali-

1795 1935 1914 1982 tura
1944 1929 2346 1992 conlirmantes,
2388 1936 2448 1982 ut
2473 1943 2661 1982 omnes
2688 1927 2834 1982 cives
2858 1926 3061 1981 nostri.
3086 1926 3365 1995 Aqueuses

1796 2011 1894 2065 per
1922 2013 2083 2052 omne
2098 1997 2401 2066 Romanum
2427 1997 2710 2066 imperium
2736 1996 3129 2065 negotiationes
3150 2012 3276 2051 suas
3294 1998 3365 2050 ab

1791 2068 1937 2120 omni
1965 2065 2166 2131 telonii,
2190 2067 2420 2136 pedagii,
2454 2065 2735 2131 curardiae,
2764 2066 3041 2134 vectigalis
3082 2066 3363 2120 exactione

1794 2135 1969 2199 liberi,
2001 2137 2204 2205 absque
2229 2135 2376 2190 omni
2416 2137 2817 2205 impedimento,
2847 2136 3013 2191 libere
3046 2144 3359 2201 exerceant;

1792 2215 1846 2260 et
1872 2207 2010 2259 sicut
2037 2207 2411 2261 sanctissimus
2433 2205 2658 2260 Carolus
2683 2206 2975 2274 imperator
3001 2205 3253 2270 instituit,
3284 2206 3365 2259 iit-

1794 2276 2012 2395 digenas
2038 2274 2197 2343 hujus
2222 2276 2457 2329 civitatis
2485 2290 2653 2330 sacrae
2684 2284 2737 2330 et
2766 2275 2949 2331 libera:
2973 2290 3131 2330 nemo
3153 2274 3219 2328 de
3248 2290 3365 2330 ser-

1794 2345 1843 2395 vi
1870 2345 1882 2395 i
1912 2345 2218 2395 conditione
2241 2345 2494 2395 impetat:
2525 2360 2685 2395 nemo
2712 2344 2962 2395 libertate
2991 2345 3204 2395 nrivare
3227 2360 3364 2395 pra:-

1793 2344 1882 2397 vili
1912 2345 2218 2414 conditione
2241 2345 2494 2414 impetat;
2525 2360 2685 2399 nemo
2712 2344 2962 2399 libertate
2991 2345 3204 2413 privare
3227 2360 3364 2413 pra:-

1792 2423 1991 2467 sumat.
2025 2413 2247 2483 Insuper
2282 2413 2471 2469 omnes
2516 2416 2584 2469 ad
2612 2415 2751 2469 hanc
2782 2416 2963 2469 sedem
2998 2415 3362 2483 pertinentes,

1793 2484 2197 2563 uullus__reguui
2227 2484 2308 2537 vel
2343 2483 2747 2563 imperatorum,
2794 2484 3099 2563 ubicunque
3143 2500 3365 2538 moren-

1793 2561 1900 2619 tur,
1932 2552 2093 2607 alicui
2128 2568 2372 2621 persona':
2404 2554 2457 2607 in
2502 2552 2719 2608 fetidum
2763 2552 3091 2608 concedendi
3122 2562 3364 2622 potesta-

1792 2630 1901 2675 tem
1948 2623 2162 2676 habeat.
2213 2624 2500 2686 Cmterum,
2535 2630 2592 2676 ut
2620 2636 2808 2677 omnes
2840 2623 3193 2677 sanctissima:
3239 2639 3366 2677 con-

1791 2692 2099 2746 stitutiones
2129 2692 2420 2747 beatissimi
2447 2691 2623 2747 Caroli
2648 2692 2812 2746 totius
2826 2692 3181 2760 perennitatis
3202 2694 3367 2748 robur

1790 2761 2051 2824 obtineat,
2084 2772 2399 2830 prtesentem
2426 2761 2549 2815 inde
2574 2763 2821 2830 paginam
2863 2762 3150 2830 conscribi,
3178 2770 3231 2815 et
3271 2778 3366 2815 au-

1792 2831 2053 2910 rea‘bulla
2075 2829 2322 2910 siguique
2342 2831 2510 2910 nostri
2532 2829 2844 2910 charactere
2861 2831 3061 2897 signari
3076 2829 3360 2910 jussimus.

1863 2901 2086 2968 Signum
2119 2899 2318 2955 domini
2362 2899 2625 2954 Friderici
2673 2899 3038 2953 Romanorum
3075 2899 3365 2967 imperato-

1792 2970 1885 3022 ris.
1931 2967 2049 3035 Ego
2088 2970 2349 3025 Henricus
2392 2970 2529 3024 sacri
2566 2967 2746 3037 palatii
2786 2969 3216 3037 protonotarius,
3248 2969 3365 3023 vice

1713 3068 1761 3130 ρ
1791 3038 2138 3130 {Christiani
2170 3036 2630 3121 archicanccllarii
2658 3047 2713 3093 et
2738 3036 3059 3110 Meguntinzze
3087 3036 3230 3093 sedis
3255 3038 3364 3093 ele-

1791 3110 1881 3169 cti,
1920 3109 2224 3173 rec0gnovi.
2838 3109 2841 3110 ⁷
2902 3160 2925 3173 ,

1858 3128 1860 3160 ι
1920 3128 2042 3165 reco
2080 3128 2224 3165 novi.

1858 3128 2075 3250 Datumg
2096 3179 2447 3250 Aquisgrani,
2478 3194 2621 3233 anno
2649 3160 2941 3250 Dominicaz
2979 3177 3366 3250 incarnationis

1788 3248 2074 3303 millesimo
2119 3248 2413 3304 centesimo
2460 3249 2797 3312 sexagesimo
2844 3256 3018 3312 sexto,
3070 3248 3362 3303 indictione

1789 3318 1994 3389 decima
2025 3327 2237 3389 quarta,
2270 3326 2422 3374 sexto
2445 3318 2567 3373 ldus
2588 3318 2851 3383 Januarii,
2885 3327 3143 3389 regnante
3167 3318 3365 3389 domno

1789 3385 2065 3458 Friderico
2105 3388 2473 3443 Romanorum
2509 3390 2853 3457 imperatore,
2903 3385 3045 3443 anno
3073 3389 3221 3458 regni
3248 3385 3365 3458 ejus

1794 3468 1817 3526 αῖ
1844 3457 2049 3511 decimo
2073 3467 2297 3524 quarto,
2326 3459 2537 3526 imperii
2580 3456 2708 3514 vero
2732 3458 3035 3514 undecimo.
3080 3456 3273 3512 Actum
3306 3456 3362 3511 in

1789 3525 2002 3581 Christo
2028 3526 2275 3582 feliciter.
2311 3525 2502 3583 Anien.

2560 3618 2650 3677 IV.

2142 3708 2408 3765 Miracula
2435 3710 2569 3764 beati
2601 3708 2777 3764 Caroli
2806 3706 3012 3779 Magni.

2203 3798 2297 3861 (Ex
2323 3800 2458 3849 Actis
2476 3801 2779 3858 Sanctorum,
2800 3800 2943 3859 ibid.)

1862 3880 1915 3934 1.
1954 3881 2155 3937 Fidelis
2181 3882 2346 3951 igitur
2370 3896 2548 3937 sermo
2570 3889 2625 3935 et
2644 3881 2802 3951 omni
2833 3882 3144 3948 acceptione
3168 3882 3362 3951 dignus

1790 3950 1857 4005 de
1886 3951 1996 4003 vita
2027 3959 2082 4004 et
2122 3948 2667 4019 mo'ribusisignisque
2703 3948 3013 4019 cmlestibus
3037 3948 3362 4019 sanctissimi

1790 4019 2129 4087 imperatoris
2159 4018 2336 4072 Caroli
2366 4017 2560 4088 Magni,
2583 4017 2680 4086 pro
2706 4017 2925 4070 minima
2948 4026 3219 4085 gestorum
3240 4017 3361 4087 ejus

1789 4098 1960 4157 parte,
1992 4088 2170 4157 inopia
2194 4088 2452 4141 librorum
2488 4102 2585 4142 nos
2611 4094 2947 4157 angustante,
2979 4089 3271 4154 productus
3289 4088 3360 4142 ad

1790 4156 1959 4212 nostri
1982 4156 2237 4225 temporis
2259 4157 2415 4225 digne
2441 4156 2812 4211 memorabiles
2831 4164 3052 4212 eventus
3076 4171 3244 4225 usque
3265 4158 3359 4211 de-

1790 4224 1959 4281 ﬂuxit.
1993 4224 2139 4293 Quos
2163 4226 2266 4280 etsi
2298 4224 2669 4294 opportunitas
2689 4266 2703 4288 ,
2742 4240 2983 4293 congruo
3019 4224 3225 4281 naturae
3270 4226 3355 4280 di-

1790 4297 1944 4351 cendi
1966 4296 2155 4351 ordine
2175 4295 2636 4359 oblata,evolvere
2664 4294 2777 4349 zelo
2802 4294 3081 4352 charitatis
3106 4295 3352 4359 impellit.

1788 4364 2103 4420 Audivimus
2124 4380 2375 4433 namque,
2402 4372 2456 4418 et
2484 4363 2679 4419 celebri
2706 4378 2954 4420 sermone
2986 4365 3080 4421 diu
3099 4363 3355 4420 multum-

1789 4449 1895 4502 que
1938 4435 2078 4504 apud
2109 4450 2207 4490 nos
2230 4434 2529 4504 vulgatum,
2559 4434 2872 4488 idoneorum
2916 4441 2969 4488 et
3010 4434 3246 4491 fidelium
3275 4436 3355 4489 vi-

1787 4503 2256 4559 rorum’relatione
2276 4503 2559 4558 didicimus
2585 4504 2786 4559 nostris
2815 4506 3146 4573 temporibus
3166 4504 3360 4573 Aquis-

1825 4574 2575 4644 rani_gloriosumcontigisse
2599 4573 2937 4638 miraculum,
2969 4575 3113 4644 quod
3144 4576 3209 4629 ad
3235 4573 3354 4630 lau-

1823 4656 1907 4694 em
1937 4642 2033 4697 Dei
2060 4651 2115 4697 et
2138 4642 2507 4698 beatissimam
2530 4644 2843 4699 memoriam
2869 4642 3157 4700 orthodoxi
3176 4644 3356 4699 Caroli

1786 4710 1962 4779 Magni
2008 4713 2108 4785 sub
2141 4712 2355 4785 silentio
2390 4727 2637 4785 premere
2684 4713 2989 4785 nullatenus
3012 4717 3359 4785 praesumpsi-

1785 4794 1923 4852 mus,
1964 4796 2034 4834 ne
2057 4779 2262 4852 judicio
2298 4779 2589 4838 Dominica:
2624 4784 2867 4852 pecunia:
2919 4785 2976 4841 in
3012 4779 3215 4841 terram
3250 4779 3358 4839 de-

1784 4847 2169 4930 fosszeﬁnrerito
2204 4864 2531 4930 arguamur_..

1854 4916 1915 4970 2.
1934 4918 2052 4972 Fuit
2092 4915 2247 4987 'gitur
2270 4915 2328 4974 in
2365 4920 2591 4992 prmfata
2619 4922 2766 4992 regia
2794 4924 3019 4978 civitate
3043 4921 3352 4977 adolescens

1853 5046 1881 5118 (ξ
1913 5044 2252 5118 Christianus
2277 5046 2319 5111 1,
2349 5047 2692 5118 Moguntinus
2720 5049 3003 5118 episcopus
3027 5062 3172 5109 LXXI,
3210 5044 3351 5100 Con-

1784 5116 1934 5179 rado,
1962 5117 2105 5184 quod
2128 5116 2520 5171 Alexandro‘lll
2553 5116 2774 5179 faveret,
2805 5116 3006 5184 ejecto,
3042 5130 3349 5184 quanquam

1783 5192 1837 5238 et
1856 5192 1981 5237 ante
2005 5198 2127 5237 eum
2165 5184 2369 5240 electus
2399 5185 2596 5250 fuerat,
2631 5185 2822 5238 iterum
2855 5199 2996 5237 anno
3021 5184 3158 5239 1164
3183 5185 3345 5239 suffe-

1782 5261 1906 5324 ctus
1927 5252 1994 5305 ab
2016 5251 2345 5319 Aiuobarbo,
2368 5269 2519 5324 papa:
2548 5255 2794 5321 iniquior,
2811 5253 3054 5324 decessit
3073 5269 3161 5324 an.
3188 5254 3344 5324 1180,

1782 5322 2168 5389 restitutusque
2214 5329 2296 5376 est
2346 5320 2653 5380 conradus,’
2698 5320 2986 5374 cardinalis
3036 5322 3347 5376 Sabinensis

1775 5391 1886 5460 jam
1923 5398 2049 5444 ante
2086 5399 2320 5460 creatus.
2350 5394 2482 5446 Vide
2504 5389 2832 5456 Mogontiaco
2856 5390 3077 5460 Serarii.

1857 5472 1881 5501 θ
1911 5459 2157 5515 Conrado
2211 5460 2322 5527 regi
2338 5500 2353 5524 ,
2356 5467 2574 5580 Fpatruo
2619 5469 2736 5520 suo,
2770 5472 2858 5536 an.
2886 5457 3045 5521 1152,
3092 5457 3155 5509 15
3185 5455 3341 5518 Feh.,

1857 5537 2012 5580 ιηιιο.
2050 5530 2313 5580 successit
2402 5528 2669 5580 redericus
2716 5542 2729 5576 :
2772 5533 3062 5580 imperator
3114 5536 3340 5578 corona-

1782 5537 2012 5593 mortuo,
2050 5525 2313 5601 successit
2356 5525 2669 5601 Fredericus
2716 5542 2729 5576 :
2764 5526 3062 5601 imperator
3114 5536 3361 5601 corona-7

1781 5609 1868 5656 tus
1893 5609 1976 5657 est
2000 5592 2072 5656 ab
2099 5596 2336 5652 Adriano
2363 5597 2429 5651 IV
2460 5608 2614 5664 papa,
2640 5608 2729 5646 an.
2756 5592 2910 5659 1155,
2943 5593 3004 5645 17
3033 5592 3197 5647 Junii.
