3992 6172
135 290 269 350 i569

395 447 398 451 η
479 405 617 462 Arte
634 403 800 459 duros
825 410 882 458 et
913 410 1112 459 natura

478 473 708 544 Frangis
735 487 921 544 mures
943 487 1120 544 prece
1131 472 1288 544 dura,

475 541 815 610 Devotosque
843 541 1062 596 Christo
1090 542 1243 597 dicas

471 613 542 667 Et
566 611 794 667 rebelles
820 625 952 665 ense
978 625 1160 666 necas.

473 681 519 741 0
543 695 704 750 quam
735 681 930 750 dignus
952 694 1117 750 verna
1151 678 1302 750 caelis
1318 718 1335 744 ,

478 747 682 807 Servus
706 747 943 821 prudens
967 755 1023 802 et
1046 747 1235 813 ﬁdelis,

128 893 353 940 caeteros
380 884 449 937 ad
473 883 643 937 vitam
670 879 987 935 reservavit.
1016 877 1111 931 His
1144 878 1345 933 auditis
1368 878 1707 935 mirabilibus

130 954 385 1009 Saraceni
422 967 614 1007 omnes
641 952 798 1004 beato
827 947 1021 1018 Carolo
1056 948 1252 1018 ubique
1284 949 1526 1018 pergenti
1556 949 1707 1002 incli-

126 1024 349 1087 nabant,
369 1031 425 1077 et
444 1023 726 1077 mittebant
743 1018 955 1087 obviam
976 1016 1026 1069 ei
1056 1016 1314 1071 tributum
1334 1016 1399 1071 et
1413 1019 1706 1072 reddebant

125 1094 171 1145 ci
202 1106 265 1145 se
288 1085 345 1145 et
368 1092 530 1144 urbes
558 1104 700 1143 suas.
732 1087 797 1139 Et
818 1085 959 1140 facta
981 1096 1062 1139 est
1090 1087 1138 1139 ei
1172 1095 1282 1140 tota
1322 1096 1467 1141 terra
1490 1087 1579 1140 illa
1607 1088 1706 1141 sub

130 1161 349 1215 tributo.
401 1159 544 1211 Lect.
596 1156 656 1210 V.
688 1157 836 1209 Tunc
877 1156 1042 1209 etiam
1083 1171 1204 1210 cum
1248 1157 1436 1211 beatus
1482 1156 1706 1211 Carolus

132 1229 323 1287 bellum
366 1234 553 1282 contra
578 1224 985 1296 Aygolandum,
1034 1239 1213 1296 regem
1243 1225 1579 1296 Africanum,
1608 1241 1706 1296 pro

128 1299 229 1355 ﬁde
269 1297 467 1352 Christi
501 1294 863 1364 acceptasset,
915 1294 989 1364 ibi
1002 1363 1009 1364 ί
1037 1294 1263 1364 quidam,
1288 1311 1353 1349 ex
1383 1294 1706 1350 Christianis

127 1376 247 1422 ante
281 1368 421 1423 diem
446 1365 569 1419 belli
602 1363 750 1417 arma
774 1378 873 1417 sua
910 1363 1099 1433 bellica
1130 1363 1368 1418 studiose
1396 1380 1704 1433 praeparan-

129 1446 230 1502 tes,
270 1437 453 1490 hastas
486 1449 612 1487 suas
635 1441 845 1487 erectas
875 1432 1161 1502 inlixerunt
1200 1434 1255 1485 in
1288 1432 1489 1487 terram
1508 1432 1528 1486 Ξ
1569 1449 1705 1502 quas

126 1520 337 1561 summo
365 1519 522 1558 mane
546 1502 838 1558 corticibus
863 1510 917 1555 et
944 1501 1226 1556 frondibus
1247 1502 1529 1557 decoratas
1556 1501 1705 1557 inve-

127 1584 344 1638 neruut,
393 1575 684 1640 hastasque
730 1572 1112 1635 absciderunt,
1149 1572 1468 1625 miraculum
1509 1573 1703 1626 divinae

127 1645 313 1712 gratiae
343 1644 695 1697 aseribcntes.
725 1640 792 1693 Et
818 1640 1025 1694 radices
1061 1656 1182 1709 quas
1210 1650 1599 1712 remanserant
1646 1642 1702 1695 in

125 1711 342 1776 tellure,
374 1725 635 1780 magnum,
661 1722 728 1780 et}
753 1723 813 1763 se
843 1718 1027 1777 postea
1052 1711 1489 1780 germinaverunt
1508 1725 1700 1765 nemus

124 1782 273 1847 quod
298 1777 487 1834 adhuc
504 1779 559 1832 in
585 1779 677 1849 illo
700 1777 820 1832 loco
844 1777 1083 1849 apparet.
1114 1778 1472 1849 Eademvero
1492 1780 1579 1832 die
1603 1796 1702 1849 pu-

125 1865 231 1918 gna
256 1849 546 1919 agebatur,
590 1848 647 1919 in
677 1862 783 1919 qua
815 1847 1336 1919 palmamumartyrii
1369 1847 1706 1919 acceperunt

125 1865 231 1918 gna
268 1865 546 1918 agebatur,
590 1865 647 1901 ιιι
677 1865 783 1915 qua
815 1865 1047 1916 patinam
1090 1865 1336 1919 martyrii
1379 1865 1706 1973 aeceBeruut

124 1917 483 1988 quadraginta
499 1916 929 1972 Christianorum
962 1917 1148 1973 millia.
1186 1917 1331 1972 Lcct.
1369 1916 1465 1971 γι.
1582 1919 1706 1974 inde

764 287 1007 347 SECTIO
1043 289 1110 360 II,
1143 288 1529 349 HISTORICA.
1563 316 1637 332 —-
1669 287 1761 345 DE
1797 290 2040 349 GESTIS
2077 293 2140 348 B.
2182 291 2446 349 CABOLI
2483 289 2721 349 MAGNI.

1735 406 1791 465 Δ

3252 297 3394 358 I370

2168 404 2315 459 Urbe
2347 402 2482 457 turri
2514 418 2572 459 se
2606 405 2839 461 munivit

2162 472 2231 541 Et
2258 472 2323 525 ad
2353 472 2502 541 pacis
2536 472 2709 541 locum
2739 474 2857 529 ivit.

2161 540 2301 610 Ergo
2328 540 2515 610 rupem
2543 540 2686 597 ferro
2709 542 2857 608 fede,

2162 608 2777 683 Eontem‘vivummobis
2801 615 2969 683 prode
2981 655 2997 681 ,

2163 677 2282 749 Qrae
2296 694 2456 749 prece
2480 679 2567 748 pia
2594 680 2763 736 Deum

2161 746 2230 801 Et
2258 746 2343 803 fac
2372 746 2519 819 pium
2554 750 2709 804 nobis
2738 766 2884 807 eum.

1805 880 1996 959 beatus
2033 879 2260 959 Carolus
2302 897 2448 959 cum__
2471 882 2584 938 fere
2619 893 2835 939 centum
2888 888 3111 959 triginta
3155 901 3395 959 quatuor

1806 950 2046 1028 millibus
2073 950 2319 1003 virorum
2346 952 2664 1028 bellatorum
2692 964 2880 1028 contra
2906 950 3277 1028 Aigolandum
3304 976 3392 1017 re-

1806 1018 2045 1101 gem_tali
2070 1028 2228 1099 pacto
2248 1021 2651 1101 assumpsit,_ut
2676 1022 2791 1091 eius
2811 1025 2896 1079 lex
2919 1018 3029 1101 1596
3054 1038 3197 1084 esset
3219 1032 3394 1101 magis

1805 1087 2174 1158 placida,_’qui
2212 1087 2494 1158 victoriam
2533 1087 2825 1158 obtineret,
2864 1102 2919 1149 et
2948 1096 3025 1151 sic
3062 1108 3206 1153 esset
3232 1087 3395 1157 vietis

1805 1156 2178 1237 opprobrium,
2210 1156 2424 1237 invictis
2466 1167 2647 1237 autem
2684 1160 2770 1237 lex_
2797 1156 2852 1215 et
2889 1166 3178 1237 exsultatio
3219 1156 3393 1237 usque

1807 1226 1861 1279 in
1902 1226 2331 1306 sempiternum.»
2359 1228 2515 1306 Victo
2539 1228 2718 1306 igitur
2743 1230 3055 1306 Aygelando
3092 1244 3146 1289 et
3186 1226 3395 1306 treugis

1806 1295 2043 1365 acceptis
2065 1310 2189 1365 cum
2215 1296 2375 1351 beato
2400 1294 2613 1361 Carolo,
2652 1294 3283 1365 legemVChristianorum
3309 1294 3394 1358 ΞΓ-

1805 1363 2040 1441 firmavit
2065 1364 2483 1441 meliorem_esse
2508 1382 2670 1435 quam
2708 1363 3128 1441 Saracenorum.
3166 1372 3233 1425 Et
3276 1374 3392 1441 pol-

1803 1433 1983 1487 licitus
2014 1442 2100 1509 est
2141 1442 2296 1509 beato
2325 1433 2540 1509 Carolo,
2589 1436 2733 1503 quod
2771 1437 2877 1509 die,
2906 1440 3141 1493 crastina
3187 1433 3300 1509 ipse
3340 1450 3395 1496 et

1839 1517 2059 1573 ettssua
2081 1503 2404 1573 baptismum
2427 1504 2715 1573 acciperet,
2739 1508 2882 1573 quod
2908 1517 3087 1562 tamen
3110 1503 3395 1565 occasione

1828 1571 1993 1626 rivola
2022 1571 2242 1627 minime
2267 1571 2594 1642 adimplevit.
2628 1571 2780 1629 Unde
2807 1576 2998 1630 beatus
3019 1576 3246 1633 Carolus
3268 1592 3393 1634 cum

1802 1642 2041 1710 exercitu
2097 1643 2315 1710 triginta
2366 1651 2596 1710 quatuor
2656 1644 2884 1698 millium
2939 1654 3212 1701 certamen
3267 1664 3389 1702 cum

1803 1708 2115 1780 Aygolando
2152 1708 2249 1765 ivit
2273 1708 2512 1780 pro—fide
2531 1711 2727 1766 Christi
2755 1721 2811 1766 et
2833 1722 2911 1767 tot
2941 1714 3238 1770 Saracenos
3264 1732 3390 1771 cum

1810 1778 2121 1853 Aygolando
2147 1778 2441 1853 interfecit,
2477 1781 2886 1853 quod_victores
2915 1799 3084 1853 usque
3123 1786 3191 1838 ad
3228 1786 3388 1839 bases

1810 1847 1868 1901 in
1902 1848 2164 1970 sanguine
2209 1847 2511 1906 natabantf
2536 1869 2556 1903 ι
2592 1850 2717 1906 Huic
2762 1847 3020 1908 hactenus
3059 1853 3214 1908 Brev.
3264 1854 3387 1908 Hal-

1810 1916 1995 1970 bersta
2033 1933 2180 1970 ense.

1849 1925 2180 1973 erstadense.

134 2057 3377 2087 —_————-———-———_——————————_——_———_

362 2376 365 2377 ξ
1192 2204 2309 2317 Δνιιειιιιιιαιε

422 2413 630 2539 AD
726 2414 1236 2541 OPEBA
1328 2412 1803 2539 BEATI
1901 2411 2481 2543 CAROLI
2576 2417 3084 2546 MAGNI

877 2664 1259 2738 SECTIO
1305 2662 1643 2739 SECUN
1654 2664 1826 2739 DA.
1864 2689 1976 2715 --
2018 2665 2645 2745 HISTORICA.

562 2952 743 3062 DE
827 2949 1329 3063 GESTIS
1411 2950 1827 3062 BEATI
1911 2949 2424 3065 CAROLI
2510 2951 2962 3068 MAGNI

1539 3150 1754 3211 LIBRI
1796 3151 1986 3225 DUO,

132 3286 380 3368 Scripti
411 3305 451 3347 a
484 3284 750 3367 quodam
780 3284 1075 3346 monacho
1112 3288 1319 3370 sancti
1358 3287 1529 3370 Galli
1551 3296 1607 3370 et
1639 3308 1677 3370 ᾳ
1703 3290 1956 3351 Canisio
1988 3294 2266 3370 primum
2314 3312 2393 3356 ea:
2424 3295 2635 3360 codice
2666 3315 2781 3361 ms.
2829 3297 3212 3362 bibliotheca:
3236 3303 3397 3366 Mo-

981 3365 1264 3425 nacensis
1300 3366 1679 3427 δεῖ·εηίεείΜί
1700 3365 2022 3446 principis
2050 3371 2333 3437 Bavart'w
2367 3373 2545 3436 editi.

1334 3501 1428 3566 (Ex
1454 3503 1667 3562 Canisio,
1692 3504 1934 3555 lectiones
1950 3507 2207 3573 antique.)

530 3730 890 3794 CANISIUS
930 3731 1298 3794 LECTORI.

198 3877 276 3932 Ex
320 3875 831 3947 augustissimaillai
863 3875 1170 3947 Monacensi
1195 3875 1521 3947 bibliotheca
1561 3889 1708 3931 sere-

135 3948 337 4016 nissimi
360 3946 620 4016 principis
645 3946 889 4016 Bavariae
923 3946 1088 4016 habui
1107 3946 1360 4016 codicem
1388 3962 1489 4000 ms.
1516 3947 1569 3999 in
1599 3960 1707 4015 quo

135 4014 253 4070 libri
278 4014 513 4085 quatuor
537 4014 825 4085 Gestorum
852 4014 1034 4085 Caroli
1073 4015 1271 4084 Magni,
1298 4016 1496 4070 nullius
1525 4014 1709 4069 aucto-

136 4085 207 4139 ris
234 4082 453 4140 nomine
476 4084 740 4153 apposito.
775 4082 1008 4146 Primus,
1035 4082 1201 4152 purus
1239 4093 1400 4153 putus
1446 4085 1710 4153 Eginbar-

137 4155 231 4209 dus
260 4164 366 4209 est.
410 4152 710 4217 Secundus,
754 4153 974 4223 annales
1000 4154 1123 4223 (nec
1152 4161 1328 4207 tamen
1366 4152 1581 4223 integri)
1614 4154 1709 4222 qui

138 4239 253 4278 cum
286 4225 421 4277 alias
445 4223 596 4287 editi,
626 4231 741 4275 tum
768 4237 797 4274 a
818 4219 971 4278 Justo
996 4219 1263 4286 Reubero,
1296 4224 1395 4277 sub
1425 4219 1581 4277 tit—nlo
1610 4219 1709 4277 cu-

137 4291 341 4360 iusdam
369 4291 700 4355 Astronomi,
729 4290 984 4344 Ludovici
1009 4292 1149 4360 regis
1196 4293 1498 4347 domestici.
1565 4292 1711 4346 Reli-

138 4363 227 4428 qui
262 4361 368 4416 duo
397 4361 677 4429 postremi,
723 4360 865 4427 quod
911 4360 1043 4414 mihi
1083 4369 1325 4426 constet,
1387 4362 1563 4417 lucem
1615 4362 1711 4416 ad-

138 4430 243 4484 huc
281 4446 389 4484 non
437 4444 698 4499 aspexere
740 4446 753 4458 ·
805 4444 979 4497 neque
1023 4430 1155 4483 satis
1194 4431 1467 4485 constituo
1534 4446 1603 4484 an
1647 4445 1712 4484 ea

137 4499 285 4566 digni
310 4513 326 4549 :
354 4507 410 4567 et
432 4500 476 4551 si
503 4501 557 4551 in
576 4513 693 4553 eam
720 4507 929 4567 partem
955 4499 1172 4562 iucliuo,
1204 4509 1259 4554 et
1280 4515 1490 4554 mecum
1517 4499 1713 4555 nobilis

137 4575 189 4618 et
244 4566 603 4634 amplissimus
628 4566 912 4631 Velserus,
963 4575 1021 4620 ut
1063 4568 1451 4624 existimemus.
1508 4568 1713 4625 Auctor

138 4634 405 4708 antiquus
430 4643 576 4708 certe
597 4644 709 4702 est,
756 4638 1050 4708 monachus
1080 4638 1250 4691 sancti
1290 4637 1448 4708 Calli,
1474 4639 1553 4692 uti
1581 4639 1713 4708 equi-

141 4704 363 4774 busdam
393 4703 525 4774 locis
550 4705 662 4774 ipse
684 4705 939 4769 ostendit,
971 4705 1062 4774 lib.
1094 4721 1132 4768 ι,
1181 4722 1230 4760 c.
1260 4706 1329 4760 32
1360 4713 1415 4760 et
1444 4708 1534 4761 56.
1571 4703 1714 4762 scri-

144 4773 243 4845 psit
275 4774 451 4845 ipsius
472 4773 648 4845 Caroli
693 4774 857 4845 jussu,
903 4774 970 4829 ad
998 4773 1249 4845 Carolum
1278 4776 1535 4845 Crassum
1578 4777 1709 4845 imp.

147 4840 310 4912 ﬁliuni
339 4842 596 4896 Ludovici
644 4840 786 4912 regis
820 4843 1154 4909 Germaniae,
1184 4852 1430 4912 nepotem
1455 4840 1711 4900 Ludovici

146 4907 240 4981 Pii,
264 4920 623 4981 pronepotem
646 4907 822 4981 Ca'roli
844 4912 1016 4981 Magni
1042 4929 1056 4977 ;
1086 4907 1228 4981 quod
1249 4907 1315 4967 ex
1340 4914 1435 4968 lib.
1462 4931 1499 4977 ι,
1537 4930 1586 4969 c.
1617 4915 1707 4979 20,

146 4928 240 4989 fu,
272 4928 622 4990 pronepowm
646 4928 822 4966 uarou
846 4928 1016 4981 magni
1042 4929 1056 4977 ;
1086 4928 1228 5036 gnua
1249 4928 1315 4993 ex
1340 4928 1435 4968 un.
1462 4931 1499 4977 ι,
1537 4930 1586 4969 c.
1617 4928 1707 4979 ‘zu,

146 4978 236 5054 eg;
263 4979 356 5054 1th.
377 4997 437 5045 ιι,
456 4980 797 5054 ςτειρηιιῌὸ,
816 4981 914 5054 25,
943 4980 1027 5042 26.
1055 4982 1090 5034 2
1130 4983 1377 5054 ,Αερὶιιεα
1401 4984 1709 5054 Eodemque

1739 3732 1784 3793 C
1814 3735 1918 3819 bus
1941 3738 2235 3819 Gretserus
2262 3744 2469 3819 tomal,
2497 3747 2589 3804 lib.
2617 3764 2678 3814 ιι,
2708 3751 2775 3819 de
2805 3748 2993 3814 Cruce,
3037 3763 3157 3819 cap.
3202 3746 3292 3813 52,
3320 3747 3400 3804 ei—

1813 3812 1975 3862 taret.
2017 3811 2137 3867 Lib.
2166 3830 2214 3880 ι,
2250 3831 2372 3885 cap.
2394 3818 2447 3878 8,
2480 3811 2673 3872 auctor
2688 3818 2901 3872 Gallum
2928 3811 3085 3874 vocat
3103 3811 3399 3873 ‘dominum

1809 3889 1996 3952 gnum;
2050 3897 2171 3952 cap.
2222 3885 2283 3938 11
2319 3895 2372 3939 et
2399 3886 2468 3939 56
2502 3902 2560 3940 se
2585 3886 2940 3941 Teutonicum
2971 3903 3089 3942 esse
3134 3888 3393 3942 ostendit.

1809 3944 1876 3998 Et
1901 3946 1994 4002 lib.
2029 3965 2089 4023 ιι,
2115 3944 2238 4021 cap.
2270 3953 2354 4017 16,
2397 3955 2666 4021 promittit
2707 3971 2766 4010 se
2792 3957 2944 4023 plura
2968 3957 3035 4009 de
3058 3956 3249 4010 Carolo
3277 3954 3394 4007 Ma-

1810 4029 1916 4084 gno
1959 4020 2285 4091 scripturum
2317 4039 2329 4074 :
2360 4020 2501 4090 quod
2530 4038 2596 4075 an
2634 4020 2969 4091 prmstiterit,
2998 4024 3153 4091 nobis
3181 4025 3391 4078 incom-

1808 4093 2023 4152 pertum
2047 4096 2148 4142 est.
2178 4090 2297 4144 Lib.
2348 4107 2410 4155 ιι,
2446 4106 2563 4159 cap.
2601 4090 2691 4155 26,
2725 4101 2955 4146 testatur
2994 4107 3052 4146 se
3079 4090 3193 4159 jam
3237 4091 3393 4147 senio

1810 4170 2027 4223 gravem
2055 4166 2110 4211 et
2136 4159 2449 4214 edentulum
2481 4160 2579 4215 hos
2597 4161 2764 4216 libros
2790 4162 3098 4231 scripsisse.

1912 4277 2028 4336 DE
2053 4278 2203 4338 HIS
2236 4278 2526 4339 GESTIS
2552 4280 2624 4340 Β.
2656 4279 2963 4340 CAROLI
2993 4278 3271 4342 MAGNI

2081 4355 2137 4417 Ι.
2183 4356 2559 4417 BASNAGII
2602 4357 3135 4419 OBSERVATIO.

1882 4496 1934 4549 I.
1980 4495 2059 4550 De
2095 4506 2323 4569 tempore
2345 4516 2495 4569 equo,
2522 4499 2703 4569 scripti
2730 4509 2851 4569 sunt
2879 4498 2958 4553 illi
2985 4499 3129 4555 libri.
3161 4531 3232 4541 —-
3266 4498 3402 4569 Quo

1811 4571 2055 4640 tempore
2079 4568 2265 4636 scripti
2312 4567 2421 4622 sint
2467 4568 2542 4622 illi
2579 4567 2707 4640 libri
2734 4567 2892 4623 facile
2936 4578 3115 4640 potest
3156 4568 3386 4637 conjici;

1810 4636 2008 4709 quippe
2046 4646 2234 4709 auctor
2267 4639 2596 4709 mentionem
2627 4637 2754 4709 fecit
2799 4636 3092 4704 Hartinuti,
3139 4636 3388 4709 quicum

1810 4706 2140 4778 preabbatis,
2177 4714 2419 4778 tempore
2450 4707 2710 4762 Grimaldi
2741 4710 2954 4764 abbatis
3003 4706 3391 4778 Sangallensis,

1811 4771 1985 4828 ofﬁcio
2005 4774 2197 4848 fuisset
2226 4771 2460 4848 functus,
2486 4777 2541 4830 in
2567 4779 2818 4832 abbatem
2843 4788 3028 4848 postea
3053 4771 3257 4835 elEctus
3286 4786 3392 4848 est,

1812 4850 1867 4913 et
1902 4857 2019 4896 sese
2054 4844 2323 4898 abdicavit
2374 4862 2598 4902 munere
2647 4862 2745 4902 suo
2777 4844 2920 4905 anno
2950 4850 3075 4913 885,
3108 4850 3255 4902 illum
3294 4847 3396 4899 Re-

1813 4910 2295 4987 clusum__appellat
2326 4924 2515 4971 auctor
2560 4916 2700 4987 (Lib.
2730 4934 2792 4982 ιι,
2828 4937 2876 4974 c.
2916 4920 3037 4987 15);
3064 4910 3187 4987 hoe
3205 4916 3394 4987 igitur

1813 4982 2142 5052 opuscdidit
2166 4995 2286 5052 post
2312 5000 2510 5040 annum
2534 4982 2638 5041 883
2665 4998 2714 5040 et
2741 4997 2868 5041 ante
2895 4982 3095 5039 annum
3124 4982 3261 5045 887,
3284 4997 3395 5050 quo

154 5046 211 5124 l5
232 5050 415 5125 capite
427 5046 637 5125 abbatis
661 5050 789 5125 olim
816 5049 968 5103 Ilart.
997 5051 1270 5125 meminit,
1296 5046 1427 5107 tunc
1453 5046 1709 5125 temporis
1743 5067 1791 5125 ι)
1815 5046 2065 5125 Οάιιριιιῐη
2101 5046 2373 5125 Crassum,
2412 5054 2568 5123 cujus
2598 5055 2851 5107 mandato
2880 5053 3023 5125 atavi
3056 5051 3220 5125 Gesta
3267 5046 3395 5103 nie-

151 5114 352 5186 iuclusi.
383 5117 660 5180 Stumiius,
677 5119 769 5172 lib.
786 5135 838 5182 v,
856 5134 973 5186 cap.
995 5117 1047 5182 5,
1072 5119 1413 5174 Hartmutum
1440 5114 1581 5175 anno
1606 5123 1711 5176 872

152 5184 379 5268 electrum.
403 5195 457 5240 et
476 5203 642 5268 anno
665 5184 938 5268 883._'sive_
955 5194 1198 5268 sequenti
1231 5191 1534 5268 resignasse
1579 5192 1714 5268 scri-

151 5251 238 5306 bit.
265 5254 448 5324 Stylus
476 5256 598 5329 licet
612 5257 846 5329 humilis
892 5266 945 5311 et
973 5251 1211 5329 abiectus
1237 5267 1292 5311 et
1338 5251 1563 5313 historia
1600 5260 1713 5329 ipsa

152 5334 526 5394 nonnunqum
557 5324 753 5378 fabulis
780 5340 997 5394 aspersa
1036 5324 1122 5389 Sit,
1166 5335 1343 5380 tamen
1393 5344 1455 5382 ea
1497 5324 1711 5393 insuitt,

153 5402 263 5463 qua:
308 5395 625 5447 memoriam
673 5395 850 5450 omnis
902 5396 1234 5463 posteritatis
1277 5406 1573 5450 merentur.
1627 5397 1716 5451 Pi-

156 5458 317 5533 thzeus
344 5464 573 5533 quideme
612 5463 829 5533 dignum
875 5458 1104 5529 censuit,
1128 5478 1195 5519 ex
1220 5479 1327 5533 quo
1354 5463 1712 5533 fragmentum

155 5523 380 5596 Legibus
400 5523 841 5586 Carolinisvinter
873 5523 1100 5587 omissa"
1117 5533 1217 5586 sub
1240 5523 1404 5587 Iinem
1440 5523 1709 5588 assucret.

157 5592 394 5668 idemque
422 5600 815 5657 illustrissimus
835 5602 1094 5657 Baronius
1114 5610 1169 5656 et
1194 5602 1536 5658 doctissimus
1559 5602 1714 5659 Jaco-

1815 5120 1999 5174 moriae
2028 5122 2321 5186 mandavit,
2353 5119 2702 5178 deseruerunt
2722 5135 2911 5175 omnes
2937 5119 3150 5187 imperii
3191 5132 3395 5189 prece:

1815 5190 2052 5260 res.__Ex
2103 5190 2196 5244 illo
2240 5194 2475 5246 triennio
2500 5191 2745 5260 quisquis
2773 5195 2948 5260 potest
2973 5187 3212 5260 annum—
3238 5187 3396 5243 alteri

1815 5271 1914 5327 pro
1937 5257 2089 5310 libitu
2121 5260 2397 5326 praeferre.
2431 5256 2537 5314 Nos
2579 5256 2683 5314 881i
2723 5256 3146 5327 assignavimus;
3177 5259 3223 5314 si
3270 5259 3394 5327 quis

1816 5325 1998 5398 tamen
2045 5325 2149 5382 883
2190 5330 2507 5398 praetulerit,
2554 5341 2745 5380 manus
2791 5325 3024 5379 libenter
3063 5343 3253 5382 sumus
3296 5326 3394 5377 da-

1816 5395 1944 5448 turi.

1889 5463 1942 5517 2.
1966 5463 2043 5517 De
2073 5474 2302 5520 auclore.
2334 5463 2465 5529 Quis
2489 5462 2557 5515 sit
2586 5470 2777 5516 auctor
2801 5460 3047 5517 divinare
3069 5462 3236 5516 voluit
3260 5457 3394 5512 Gol-

1820 5532 2026 5605 dastus,
2074 5544 2130 5588 et
2166 5535 2304 5605 inter
2348 5531 2636 5605 monachos
2670 5529 3056 5598 Sangall‘enses
3096 5530 3393 5605 Notkerum

1820 5596 2099 5658 Balbqum
2136 5604 2225 5671 qui
2256 5610 2378 5654 tunc
2417 5599 2471 5651 in
2505 5598 2639 5649 vivis
2667 5596 2807 5665 erat;
2834 5613 2947 5668 pra:
2969 5600 3185 5656 caici-is
3208 5596 3396 5664 elegit.
