3992 6172
490 236 620 292 15ἳό

491 426 780 473 nocturnas
802 408 1215 484 vigilias-venire
1248 410 1504 533 negiexit.
1551 408 1676 463 Fuit
1701 413 1881 488 autem
1912 417 2046 483 con-

492 483 716 533 ιιιριιιάο
734 492 794 533 ut
816 483 1072 533 manister
1091 479 1289 533 schola:
1408 487 1615 533 lunarat
1632 475 1806 533 nrtdte
1828 470 2046 533 singulis

492 470 716 541 suetudo
734 492 794 538 ut
816 470 1072 552 magister
1091 479 1289 535 schola:
1313 470 1806 552 designaretpridie
1818 470 2053 552 singulis

490 552 632 623 quod
663 546 1059 623 responsorium
1086 556 1305 623 caniare
1330 546 1589 623 deberent
1615 546 1672 599 in
1707 549 1885 623 nocte.
1919 546 2055 623 liuic

489 610 670 677 autem
690 610 793 691 qui
804 620 1168 691 episcopatum
1184 615 1296 685 jam
1316 616 1480 691 quasi
1504 616 1558 669 in
1584 628 1749 691 manu
1766 610 2054 691 retinebat,

493 680 891 760 responsorium
934 703 949 740 :
984 680 1238 760 Domine,
1282 680 1533 760 si'ailhuc
1579 680 1768 753 populo
1805 689 1895 760 {ue
1929 694 2055 760 .suni

492 747 978 830 neeeuarius,_era_t
1018 747 1337 830 injunetum.
1380 747 2058 830 Cumqueiergodefuisset

492 827 604 893 ille,
628 832 682 895 et
700 832 822 895 post
846 821 1460 895 lectionemdiuturnum
1481 821 1752 895 silentium
1780 821 2053 895 transiret,

493 904 551 951 et
588 886 915 949 alterutrum
968 907 1027 948 se
1074 892 1143 946 ad
1200 891 1588 946 sublevandum
1659 886 2057 956 responsorium

496 966 922 1036 cohortarentur,
954 969 1019 1036 et_
1046 961 1182 1036 alius
1213 970 1375 1036 atque
1404 959 1553 1036 alius
1580 972 1737 1036 suum
1776 969 2061 1036 responsio-

496 1033 636 1088 rium
662 1047 721 1087 se
745 1023 965 1086 cantare
989 1030 1186 1089 debere
1213 1023 1444 1091 diceret,
1477 1028 1693 1083 tandem
1751 1023 2058 1092 aliquando,

495 1101 642 1174 dixit
684 1101 993 1174 imperator,
1038 1106 1220 1174 eantet
1264 1090 1659 1174 aliquis.__Tum
1696 1090 1936 1174 abiectus
1968 1090 2062 1174 ille

498 1171 718 1226 numine
745 1162 925 1225 divino
951 1162 1283 1241 confortatus
1319 1162 1375 1241 et
1413 1166 1509 1241 ta_l_i
1546 1163 1865 1241 auctoritate
1904 1162 2063 1241 rpbo-

499 1248 673 1306 ratus,
715 1238 1114 1307 responsorium
1157 1235 1405 1310 intonuit.
1452 1233 1574 1289 Mox
1616 1231 2065 1310 clementissimus

500 1323 633 1373 rex,
674 1322 782 1361 non
814 1306 1021 1375 putans
1047 1306 1188 1375 quod
1215 1313 1385 1375 totum
1427 1316 1622 1359 canere
1663 1307 1870 1375 nosset,
1903 1306 2066 1375 jtissit

501 1367 630 1434 eum
653 1367 932 1444 adjuvare;
965 1367 1192 1443 cumque
1217 1373 1307 1427 alii
1332 1380 1630 1444 cantarent,
1659 1378 1714 1425 et
1744 1367 2066 1423 miserabilis

501 1462 537 1501 a
559 1445 705 1518 nullo
720 1442 941 1518 'vetfsum
970 1442 1274 1518 perdiscene
1292 1442 1569 1518 potuisset,
1593 1446 1810 1518 cantato
1839 1450 2065 1518 respon-

503 1515 650 1571 sorio
691 1512 853 1581 carpit
897 1507 1194 1567 orationem
1228 1507 1561 1581 Dominicam
1604 1507 2066 1581 modulantissime

502 1583 732 1653 psallere
761 1576 1052 1653 {omnibus
1076 1595 1210 1653 vero
1252 1580 1401 1653 iilum
1444 1577 1702 1653 impedire
1743 1576 2061 1653 volentibus,

501 1646 734 1722 probare
760 1650 945 1706 volens
988 1649 1425 1722 sapientissimus
1452 1646 1678 1722 Carolus
1714 1646 1781 1722 ad
1808 1660 1965 1722 quem
2005 1646 2069 1699 ﬁ-
2098 1658 2142 1715 Β

503 1714 630 1776 item
676 1719 764 1790 ilie
808 1714 1135 1790 perveniret,
1179 1717 1454 1790 prohibuit
1487 1730 1555 1770 ne
1577 1715 1776 1790 qu_is_ei
1811 1714 2069 1790 molestus

503 1797 666 1845 esset.
704 1784 829 1854 Qud
844 1803 1058 1843 versum
1100 1788 1154 1840 in
1178 1784 1293 1841 haec
1317 1787 1479 1840 verba
1501 1785 1871 1847 concludente,
1904 1784 2073 1854 Adve-

506 1861 618 1912 niat
644 1853 854 1927 regnum
873 1867 1039 1927 team,
1065 1856 1264 1927 caeteri,
1290 1855 1505 1927 vellent_
1514 1854 1718 1927 nolent,
1749 1853 2073 1927 respondete

505 1928 679 1982 coacti
699 1922 858 1992 'sunt,
894 1925 1017 1979 Fiat
1048 1925 1283 1979 uoluntas
1317 1933 1428 1978 tua.
1467 1922 1658 1977 Finitis
1693 1929 1876 1977 autem
1903 1922 2073 1976 laudi—

506 1996 610 2051 bus
652 1997 946 2060 matutinis,
975 2010 1098 2049 cum
1142 2008 1236 2047 rex
1268 1994 1335 2048 ad
1361 1993 1614 2061 palatium
1640 1992 1725 2047 vel
1748 1992 2071 2046 caminatam

508 2064 881 2120 dormitorium
926 2063 1272 2121 calefaciendi
1316 2071 1371 2116 et
1417 2062 1645 2116 ornandi
1682 2076 1742 2116 se
1772 2062 2072 2131 gratiapro

508 2142 673 2190 tanta:
711 2133 1017 2189 festivitatis
1067 2134 1316 2188 honorell
1351 2132 1566 2195 rediret,
1609 2129 1862 2199 praecepit
1906 2129 1974 2184 ad
2017 2144 2074 2185 se

506 2203 693 2258 vocari
712 2212 946 2258 veterem
967 2202 1119 2257 illum
1144 2201 1421 2266 famulum,
1443 2201 1535 2255 sed
1558 2214 1754 2254 novum
1777 2206 2073 2262 cautorem,

511 2280 569 2349 et
594 2272 789 2349 ait_illi,
820 2272 950 2349 Quis
978 2280 1032 2326 te
1061 2270 1651 2349 jussii_res_ponsorium
1692 2268 1821 2322 illud
1849 2269 2078 2349 canere?

510 2340 828 2398 Pavefactus
867 2341 958 2396 ille
995 2340 1286 2409 respondit,
1316 2339 1560 2402 Domine,
1577 2353 1684 2409 vos
1725 2339 2073 2409 praecepistis,

510 2410 705 2466 Cantet
751 2410 965 2480 aliquis.
1017 2405 1100 2480 Et?
1129 2410 1264 2480 digit
1305 2423 1401 2462 rex
1428 2406 1595 2476 (quod
1627 2405 2077 2480 _nomeniimperii

510 2481 784 2535 veteribus
814 2472 869 2534 in
897 2495 996 2533 usu
1025 2476 1147 2546 fuit)
1186 2478 1348 2546 Best-2,
1380 2472 1541 2546 atq—tie
1577 2475 1797 2546 addidit,
1827 2472 1958 2546 Quis
1995 2475 2081 2546 de-

511 2549 836 2604 monstravit
880 2547 977 2601 tibi
1009 2543 1224 2600 vers'um
1266 2545 1458 2598 illum?
1484 2544 1634 2598 Tunc
1660 2543 1749 2598 ille
1774 2544 1938 2597 verba
1964 2545 2079 2611 qui-

513 2617 618 2672 bus
647 2632 712 2670 eo
742 2624 978 2684 tempore
1013 2615 1315 2684 superiores
1343 2614 1410 2666 ab
1435 2612 1777 2684 inferioribus
1802 2613 2074 2684 honorari,

516 2684 806 2740 demulceri
833 2682 917 2738 vel
944 2682 1147 2738 adulari
1176 2683 1434 2747 solebant,
1466 2682 1719 2737 instinctu
1745 2682 1855 2745 Dei,
1881 2691 1942 2735 ut
1968 2696 2081 2735 cre-

518 2754 682 2817 ditur,
714 2754 998 2815 animatus,
1045 2754 1148 2808 hoc
1176 2752 1334 2807 modo
1369 2752 1587 2806 libravit
1617 2769 1631 2804 :
1664 2750 1807 2805 Lacte
1851 2750 1958 2815 vir,
1989 2752 2081 2804 do-

517 2823 682 2887 mine,
710 2820 920 2875 lretifice
942 2837 1055 2885 rex,
1088 2837 1209 2877 cum
1243 2837 1275 2874 a
1312 2820 1457 2875 nullo
1478 2835 1693 2876 versum
1716 2821 1880 2875 alium
1907 2819 2082 2888 inqui-

517 2906 642 2946 rere
685 2892 997 2960 potuissem,
1028 2892 1257 2961 cogitavi
1286 2891 1343 2945 in
1368 2897 1547 2961 mente
1583 2905 1720 2956 mea,
1763 2890 1810 2944 si
1847 2889 2079 2961 aliquem

518 2958 871 3046 incongeuum
923 2958 1289 3046 arripuiseem,
1340 2958 1598 3014 offensam
1622 2959 2081 3046 vestraejilamna-
2106 2984 2153 3046 ο

519 3027 1090 3094 tionis'incurrerem;
1138 3030 1336 3084 idcirco
1385 3043 1509 3083 eum
1557 3036 1775 3083 cantare
1821 3027 2077 3096 disposui,

521 3098 675 3165 cujus
724 3099 847 3151 finis
869 3096 1025 3165 juxta
1072 3097 1512 3153 consuetudinem
1556 3097 1834 3165 penultimi
1870 3111 2087 3166 respon-

522 3167 654 3221 sorii
700 3168 1027 3222 conveniret.
1098 3167 1247 3222 Tunc
1290 3167 1747 3222 moderatissimus
1794 3166 2088 3235 imperator

523 3235 741 3306 sensim~
765 3236 1008 3290 arridens
1030 3236 1140 3303 illi,
1169 3236 1533 3306 pronuntiavit
1555 3250 1736 3290 coram
1758 3235 2088 3306 principibus

524 3306 639 3385 aliis
661 3320 682 3385 οι
712 3303 987 3385 Superbus
1011 3306 1131 3385 ille,
1161 3303 1270 3385 qui
1306 3320 1404 3359 nec
1432 3305 1600 3385 Deum
1623 3320 1735 3385 nec
1762 3303 2091 3385 praecipuum

526 3372 673 3428 illius
699 3372 929 3428 amicum
953 3375 1130 3428 timuit
1149 3372 1229 3428 vel
1256 3375 1557 3438 honoravit,
1580 3381 1639 3428 ut
1657 3390 1716 3430 se
1737 3372 1817 3427 vel
1842 3374 1908 3427 ad
1927 3387 2091 3427 unam

526 3451 740 3498 noctem
765 3458 796 3496 a
821 3442 1030 3497 luxuria
1057 3443 1376 3509 refrenaret,
1402 3452 1668 3512 quatenus
1695 3443 2092 3512 responsorium

531 3512 694 3579 quod,
726 3512 865 3566 sicut
893 3513 1071 3577 audio,
1125 3522 1345 3569 cantare
1385 3512 1587 3578 debuit,
1622 3512 1813 3566 saltem
1860 3512 2094 3579 incipere

532 3581 871 3649 occurrisset,
902 3582 1079 3635 divino
1103 3589 1159 3635 et
1179 3596 1299 3635 meo
1317 3580 1521 3649 judicio
1545 3588 1728 3635 careat
1754 3580 2090 3649 episcopatu;

533 3655 588 3701 et
618 3655 676 3700 tu
716 3647 886 3712 illum,
916 3650 1022 3701 Deo
1065 3649 1297 3702 donante
1320 3646 1396 3702 'et
1449 3663 1536 3700 me
1586 3646 1911 3702 concedente
1936 3646 2096 3715 juxta
2126 3673 2132 3679 -

535 3715 851 3837 caiionicam
875 3724 929 3771 et
964 3716 1313 3784 apostolicam
1354 3714 1729 3771 auctoritatem
1775 3714 1961 3788 regere
2005 3732 2099 3771 cu-

535 3797 597 3837 ra
622 3798 675 3837 ο.

534 3797 675 3838 ηιο.

1141 3872 1366 3929 CAPUT
1404 3872 1490 3928 Vl.

697 3964 776 4019 De
798 3966 1034 4036 episcopo
1064 3963 1298 4019 celeriter
1326 3964 1632 4019 ascendente
1656 3964 1934 4019 caballum.

610 4055 871 4126 Defuncto
882 4070 1104 4126 quoque
1130 4055 1234 4110 alio
1255 4055 1525 4126 pontifice,
1552 4056 1835 4126 quemdam
1850 4053 2101 4126 juvenem

538 4138 607 4204 tn_
643 4125 818 4204 locum
832 4123 962 4204 _ejus
1010 4123 1285 4204 substituit
1332 4125 1644 4204 imperator,
1674 4124 1765 4204 qui
1793 4139 1916 4204 cum
1951 4123 2104 4204 laetus

540 4194 609 4249 ad
639 4192 939 4249 abeundum
969 4195 1161 4259 exiret,
1192 4203 1246 4249 et
1274 4194 1503 4247 ministri
1528 4192 1666 4261 ejus,
1690 4192 1842 4260 juxta
1864 4194 2104 4262 gravita-

540 4272 654 4318 tem
690 4264 1065 4332 episcopalem,
1112 4264 1376 4318 caballum
1409 4264 1457 4317 ei
1495 4265 1560 4318 ad
1590 4263 1786 4332 gradus
1829 4263 2099 4318 ascensio-

541 4347 672 4402 num
695 4332 1046 4402 adducerent;
1088 4334 1392 4402 indignatus
1421 4332 1509 4402 ille
1535 4333 1677 4402 quod
1706 4332 1859 4400 quasi
1887 4346 1986 4400 pro
2024 4332 2104 4385 in-

543 4400 703 4454 firmo
728 4414 847 4454 eum
876 4400 1073 4456 habere
1116 4400 1428 4463 voluissent,
1460 4401 1525 4453 de
1552 4401 1710 4467 plana
1739 4408 1881 4455 terra
1919 4402 1992 4454 ita
2022 4416 2106 4454 su-

544 4483 642 4538 per
668 4484 789 4523 eum
817 4471 1082 4535 ascendit,
1120 4477 1179 4523 ut
1208 4470 1295 4538 vix
1340 4483 1398 4522 se
1433 4471 1687 4538 retineret
1714 4469 1769 4523 in
1797 4483 1862 4523 eo
1890 4471 2015 4537 quin
2048 4469 2105 4523 in

545 4535 857 4592 ulteriorem
900 4548 1108 4607 partem
1156 4537 1451 4607 decideret.
1502 4535 1653 4602 Quod
1700 4552 1797 4606 per
1842 4535 2108 4593 cancellos

548 4607 732 4675 palatii
759 4621 852 4659 rex
879 4605 1229 4675 prospiciens,
1262 4605 1370 4660 cito
1398 4605 1548 4659 illum
1589 4607 1657 4661 ad
1686 4605 1743 4661 se
1765 4607 1943 4661 vocari
1970 4622 2110 4675 prae-

550 4674 711 4740 cepit,
742 4682 797 4727 et
837 4675 916 4726 sic
946 4674 1071 4727 eum
1114 4674 1380 4729 allocutus
1407 4683 1491 4731 est
1518 4692 1531 4728 :
1565 4676 1710 4731 Bone
1748 4677 1848 4740 vir,
1877 4674 2019 4730 celer
2050 4689 2111 4728 es

550 4751 607 4795 et
647 4742 1061 4823 agilis,“pernix
1105 4750 1178 4823 et.
1206 4751 1663 4823 praepes;__utque
1701 4746 1817 4823 ipse
1855 4752 1916 4823 tu_
1949 4745 2109 4823 nosti2

552 4810 737 4865 multis
757 4810 1021 4882 bellorum
1042 4810 1595 4882 turbinibus‘undiqué
1620 4810 1882 4868 serenitas
1902 4815 2111 4881 imperii

552 4882 801 4935 turbatur
827 4897 840 4933 :
866 4879 1066 4950 idcirco
1093 4897 1227 4950 opus
1271 4882 1441 4939 habeo
1476 4879 1569 4936 tali
1616 4883 1812 4937 clerico
1860 4883 1913 4936 in
1941 4879 2112 4936 comi-

552 4956 670 5004 tatu
695 4965 835 5005 meo.
864 4949 992 5005 Esto
1018 4949 1180 5021 igitur
1203 4952 1415 5007 interim
1444 4952 1621 5006 socius
1646 4951 1886 5004 laborum
1915 4959 2119 5021 nostro-

554 5032 695 5140 :um,
726 5020 853 5075 dum
888 5028 1000 5075 tam
1036 5019 1287 5078 celeriter
1326 5021 1621 5077 ascendere
1648 5027 1804 5088 potes
1849 5019 2118 5073 caballum

581 5102 730 5140 uum.

581 5102 708 5141 uum
715 5126 730 5139 .

627 5230 655 5290 9
695 5216 789 5290 ῃ,
818 5228 1023 5290 propter
1048 5223 1323 5277 instantem
1350 5218 1643 5289 festivitatis
1661 5219 1927 5274 honorem.

628 5289 658 5329 ιι
694 5286 790 5356 u.,
819 5286 1070 5345 ὶηαὲεἱιιίε.

632 5368 658 5396 ο
697 5357 794 5424 LL,
822 5366 1013 5412 tenere.

630 5426 658 5466 ει
697 5422 1001 5487 Legendum
1023 5426 1343 5487 Grimaldus,
1367 5425 1459 5487 qui
1485 5422 1586 5477 fuit
1612 5425 1779 5479 abba!
1798 5425 1965 5478 sancti
1989 5422 2124 5479 Galli

562 5495 751 5562 primis
775 5494 993 5562 Notkeri
1021 5497 1194 5549 annis.
1217 5495 1273 5547 ln
1302 5494 1419 5547 md.
1443 5509 1544 5546 ms.
1572 5501 1691 5547 erat
1717 5500 1923 5562 tantum
1949 5494 2126 5548 littera

566 5560 742 5629 prima
768 5561 856 5624 G.,
880 5577 987 5630 qua
1013 5564 1357 5618 crediderunt
1388 5576 1743 5618 amanuenses
1790 5560 2124 5631 designatum

1413 231 1507 286 AD
1543 224 1771 284 OPERA
1801 224 1861 279 Β.
1901 217 2153 278 CAROLI
2186 217 2403 277 MAGNI
2436 216 2794 275 APPENDIX.

492 358 631 405 tatus
676 347 905 415 vinoque
933 344 1198 415 sepultus
1250 350 1411 415 nocte
1444 337 1950 415 _illa_sancti_sslma~
1985 334 2057 387 ad
2081 334 2137 394 Α

3589 215 3727 272 1376

2745 329 2970 386 CAPUT
3008 328 3121 385 Vll.

2721 420 2798 474 De
2829 419 3130 474 lectionibus

2220 511 2375 578 Quod
2403 510 2470 566 de
2497 509 2834 566 ordinatione
2855 509 3142 565 lectionum
3172 508 3372 563 oblitus
3400 523 3523 563 sum
3547 509 3739 567 dicere

2152 595 2275 637 cum
2303 581 2369 635 de
2398 580 2861 647 responsoriorum
2908 578 3258 647 dispositione
3303 593 3609 643 narrarem,
3638 580 3733 637 hic

2189 649 2338 704 aucis
2365 646 2523 702 liceat
2550 647 2848 702 absolvere.
2880 646 3068 700 Nullus
3099 646 3152 699 in
3178 647 3399 701 basilica
3426 649 3732 704 doctissimi

2196 717 2328 772 aroli
2356 717 2614 771 lectiones
2641 716 2903 785 cuiquam
2927 715 3232 785 recitandas
3262 714 3517 785 injunxit,
3544 718 3733 773 nullus

2154 786 2223 840 ad
2247 785 2641 855 terminumivel
2670 784 2849 839 ceram
2893 784 3168 855 imposuit,
3199 784 3282 837 vel
3313 784 3506 855 saltem
3537 789 3736 855 ungui-

2155 854 2312 908 nibus
2339 853 2868 922 quantulumcunque
2895 853 3109 922 signum
3127 853 3411 922 impressit
3438 871 3452 906 :
3481 856 3575 908 sed
3601 853 3736 909 cun-

2157 922 2229 976 cti
2257 920 2436 977 omnia
2466 937 2586 990 qua:
2627 920 2850 989 legenda
2889 920 3074 984 erant,
3121 920 3341 990 ita'sibi
3382 931 3513 976 nota
3552 923 3739 979 facere

2158 998 2444 1070 curarunt,
2488 989 2806 1070 _quando_
2849 990 3124 1070 inopi-nato
3150 989 3348 1070 .legere
3365 989 3735 1070 rjuberentur,

2159 1057 2643 1128 irreprehensibilis
2671 1057 2957 1128 apud_eum
2985 1057 3321 1113 inveniretur
3365 1058 3738 1128 [lrreprehen-

2160 1125 2342 1209 sibilos
2391 1125 2759 1209 haberentur].
2813 1125 2990 1209 Digite
3036 1135 3215 1209 autem
3254 1128 3340 1209 vei
3367 1125 3739 1209 baculo‘pro-

2161 1205 2331 1266 tento,
2357 1196 2440 1251 vel
2480 1211 2546 1250 ex
2586 1194 2899 1266 lateresuo'
2926 1196 2994 1250 ad
3019 1194 3204 1266 procul
3247 1197 3502 1266 sedentes
3550 1194 3736 1266 aliquo

2162 1264 2385 1328 directo,
2420 1263 2806 1319 demonstravit
2832 1278 2990 1333 quem
3024 1263 3202 1333 legere
3231 1264 3507 1320 voluisset.
3541 1263 3733 1320 Finem

2164 1350 2293 1389 vero
2340 1333 2585 1388 lectionis
2631 1348 2765 1388 sono
2808 1332 3041 1402 gutturis
3084 1332 3405 1401 designavit,
3457 1335 3525 1388 ad
3568 1350 3737 1402 quem

2164 1403 2400 1457 universi
2431 1402 2502 1456 ita
2529 1403 2733 1456 intente
2758 1401 3003 1470 suspensi
3037 1410 3181 1465 sunt,
3210 1409 3271 1455 ut
3294 1403 3409 1459 sive
3433 1401 3741 1458 finita’sen-

2166 1473 2352 1533 tentia,
2382 1486 2477 1525 seu
2510 1472 2564 1525 in
2593 1471 2766 1524 media
2782 1470 3121 1526 distinctione
3146 1471 3259 1524 sive
3273 1472 3374 1525 sub
3392 1472 3739 1526 distinctione

2167 1540 2520 1609 significaret,
2573 1540 2753 1593 nullus
2802 1555 3032 1607 sequens
3077 1548 3171 1593 aut
3218 1539 3448 1596 inferius
3494 1541 3737 1609 incipere

2167 1615 2546 1691 praesumeret,
2589 1617 3070 1691 _qttatiiuincunque
3115 1609 3417 1691 incongrua
3639 1617 3739 1689 aut

2169 1675 2380 1734 initium
2401 1675 2690 1732 videretur.
2715 1678 2779 1731 Et
2802 1679 2904 1732 hoc
2929 1678 3087 1732 modo
3112 1675 3315 1731 factum
3337 1686 3421 1733 est
3444 1686 3505 1733 ut
3525 1679 3742 1731 etiamsi

2171 1764 2276 1802 non
2330 1747 2684 1815 intelligerent
2712 1761 2940 1815 iomnes,
2994 1747 3047 1800 in
3090 1743 3208 1812 cjus
3235 1745 3452 1815 palatio
3507 1747 3749 1802 lectores

2169 1817 2357 1886 optimi
2386 1814 2634 1870 fuissent.
2683 1814 2870 1870 Nullus
2903 1815 3126 1878 alienus,
3159 1814 3527 1886 nullusetiam
3554 1825 3747 1880 notus,

2172 1883 2273 1966 nisi
2304 1887 2481 1956 legere
2514 1886 2691 1941 sciens
2728 1892 2783 1940 et
2814 1899 3026 1950 canere,
3058 1884 3281 1939 chorum
3309 1883 3426 1953 ejus
3468 1901 3633 1941 ausus
3656 1890 3756 1941 est

2172 1964 2225 2008 in
2233 1964 2310 2009 tra
2317 1970 2394 2010 re.

2763 2040 2989 2098 CAPUT
3027 2042 3160 2098 Vill.

2490 2130 2566 2185 De
2602 2131 2792 2186 clenco
2820 2133 2909 2203 qui
2938 2143 3150 2188 cantare
3183 2136 3415 2189 nesciret.

2243 2221 2377 2279 Cum
2409 2232 2589 2278 autem
2616 2222 2916 2294 itinerando
2938 2226 3168 2279 venisset
3193 2224 3413 2280 Carolus
3439 2224 3509 2278 ad
3535 2239 3754 2294 quam-

2176 2293 2299 2347 dam
2328 2293 2583 2363 grandem
2621 2293 2919 2363 basilicam,
2955 2301 3010 2347 et
3033 2294 3243 2363 quidam
3275 2294 3507 2363 clericus
3536 2293 3604 2363 de
3632 2294 3757 2349 cit-

2176 2361 2637 2431 cumcellionibus,
2662 2362 2881 2430 ignarus
2902 2361 3189 2431 disciplina:
3212 2362 3406 2431 Caroli,
3432 2362 3488 2415 in
3513 2362 3752 2417 chorum

2176 2430 2319 2485 ultro
2352 2431 2599 2495 intraret,
2629 2438 2684 2485 et
2720 2432 2851 2486 nihil
2897 2430 3117 2486 omnino
3160 2431 3225 2487 de
3261 2430 3460 2485 talibus
3502 2446 3749 2500 unquam

2179 2500 2486 2567 didicisset,
2534 2500 2591 2553 in
2639 2501 2816 2556 medio
2848 2502 3181 2555 cantantium
3229 2509 3411 2554 mutus
3459 2506 3514 2553 et
3558 2514 3750 2554 amens

2179 2569 2438 2633 constitit,
2492 2570 2561 2639 ad
2603 2583 2761 2638 quem
2808 2569 3213 2639 paraphonista,
3240 2568 3439 2639 ilevato
3473 2568 3745 2639 peniculo,

2181 2639 2345 2693 ictum
2368 2639 2439 2703 ei,
2466 2638 2569 2692 nisi
2596 2637 2835 2704 caneret,
2863 2637 3188 2693 minabatur.
3217 2637 3353 2691 Tum
3386 2638 3626 2692 nesciens
3652 2637 3749 2691 ille

2180 2707 2310 2776 quid
2339 2714 2536 2776 ageret,
2588 2722 2758 2776 quove
2797 2723 2856 2762 se
2892 2715 3104 2763 vertere
3140 2714 3359 2777 posset,
3407 2707 3553 2762 foras
3595 2706 3751 2760 exire

2181 2791 2287 2830 non
2312 2791 2495 2840 ausus,
2527 2777 2790 2831 cervicem
2823 2777 2876 2831 in
2906 2777 3123 2832 modum
3144 2776 3333 2832 circuli
3366 2784 3752 2844 contorquens,

2180 2853 2237 2900 et
2255 2845 2527 2899 dissolutis
2552 2846 2709 2899 malis
2734 2846 2763 2886 ι)
2787 2847 2959 2911 hians,
2991 2846 3242 2901 cantandi
3265 2842 3589 2914 qualitatem
3599 2842 3753 2912 juxta

2180 2915 2589 2984 possibilitatem
2619 2916 2821 2969 imitari
2848 2917 3162 2970 conabatur.
3191 2914 3415 2969 Catteris
3431 2929 3561 2984 ergo
3582 2915 3755 2984 risum

2182 2981 2455 3039 continere
2478 2994 2501 3022 ο
2526 2999 2633 3039 non
2652 2984 2971 3049 valentibus,
2987 2984 3312 3039 fortissimus
3333 2981 3647 3053 imperator,
3661 2981 3755 3051 qui

2181 3067 2250 3133 ne
2270 3053 2339 3107 ad
2360 3068 2579 3133 magnas
2598 3053 2813 3133 quidem
2839 3070 2927 3133 res
2945 3069 2975 3108 a
2992 3061 3140 3133 staiu
3164 3055 3359 3133 mentis
3376 3066 3753 3133 stiaeinovere-

2182 3130 2289 3194 tur,
2321 3121 2472 3190 quasi
2503 3121 2709 3194 gestum
2746 3123 3038 3194 coactionis
3077 3121 3442 3194 [cantationis]
3483 3121 3620 3194 illius
3642 3134 3755 3174 non

2185 3189 2922 3261 adverterem'ordinatissimc
2943 3189 3099 3247 linem
3119 3189 3533 3261 przestolaba'tur
3552 3189 3749 3244 misse.

2184 3259 2375 3314 Postea
2401 3275 2529 3315 vero
2554 3269 2744 3316 vocato
2778 3263 2844 3317 ad
2879 3277 2937 3317 se
2968 3259 3165 3317 misero
3204 3260 3314 3325 illo,
3361 3261 3760 3328 miseratusque

2187 3328 2481 3400 labore_s_et
2512 3333 2786 3400 angustias
2824 3332 2980 3395 illius,
3011 3332 3115 3385 hoc
3138 3330 3297 3400 modo
3328 3329 3643 3400 consolatus
3679 3336 3764 3382 est

2188 3413 2346 3468 eum:
2370 3398 2560 3452 Multas
2589 3398 2789 3468 gratias
2814 3402 3030 3462 habeas,
3059 3401 3198 3454 bone
3234 3399 3446 3468 clerice,
3472 3412 3574 3466 pro
3596 3408 3759 3451 cantu

2190 3474 2245 3537 et
2266 3466 2535 3537 laboribus
2551 3466 2676 3522 tuis.
2692 3470 2756 3522 Et
2778 3470 2847 3525 ad
2865 3468 3241 3525 sublevandam
3262 3467 3376 3537 ejus
3388 3474 3762 3537 paupertatem

2184 3534 2346 3605 jussit
2371 3536 2420 3589 ei
2440 3535 2558 3590 dari
2589 3552 2747 3591 unam
2772 3538 2963 3592 libram
2990 3538 3213 3605 argenti.
3231 3534 3339 3592 Nec
3362 3534 3764 3590 vero‘oblivisci

2194 3604 2283 3684 v_el_
2306 3605 2575 3684 negligere
2615 3606 2818 3684 videar,
2845 3608 2949 3684 hoe
2971 3604 3096 3684 vetfe
3125 3605 3500 3684 _de_industria
3533 3605 3618 3684 vel
3648 3619 3763 3659 me-

2195 3673 2316 3728 ritis
2343 3673 2460 3754 ejus
2491 3676 2713 3755 agnovi,
2748 3676 2891 3797 quod
2919 3677 2984 3731 de
3007 3674 3283 3755 discipulis
3320 3674 3437 3742 ejus
3464 3673 3647 3755 nullus
3677 3688 3763 3728 re-

2195 3751 2413 3797 mansrt.
2445 3758 2539 3797 aut
2568 3760 2676 3797 non
2701 3759 2766 3797 ve
2824 3745 2991 3797 abbas
3025 3745 3394 3797 sanctissimus
3421 3744 3503 3797 vel
3536 3751 3763 3796 antistes

2194 3742 2413 3809 mansit,
2445 3742 2549 3811 qui
2568 3760 2676 3799 non
2701 3742 2787 3799 vel
2824 3745 2991 3800 abbas
3025 3742 3394 3799 sanctissimus
3421 3744 3503 3797 vel
3536 3744 3763 3796 antistes

2196 3812 2567 3883 sanctissimus
2589 3814 2891 3883 exstiterit:
2914 3815 3052 3883 apud
3075 3828 3239 3883 quem
3256 3821 3311 3869 et
3331 3813 3583 3883 dominus
3610 3826 3766 3883 meus

2197 3879 2384 3952 Callus
2405 3881 2432 3920 ἀ
2460 3882 2635 3952 primo
2667 3883 2723 3936 in
2747 3879 3241 3952 Galliafpost—vero
3270 3884 3324 3936 in
3345 3881 3496 3936 Italia
3523 3881 3761 3952 liberalis

2197 3949 2299 4004 bus
2324 3960 2408 4020 est
2435 3951 2728 4020 disciplinis
2764 3949 3019 4007 imbutus.
3054 3951 3159 4006 Sed
3194 3965 3263 4004 ne
3297 3967 3330 4005 a
3359 3950 3656 4005 scientibus
3683 3964 3756 4002 re

2199 4033 2321 4091 rum
2353 4019 2584 4091 illarum
2604 4036 2800 4091 arguar
2841 4021 3118 4081 mendacii,
3145 4021 3286 4089 quod
3304 4020 3517 4091 nullum
3546 4034 3677 4091 exce

2200 4087 2335 4158 rim;
2373 4088 2589 4143 fuerunt
2621 4087 2691 4142 in'
2711 4088 2827 4158 ejus
2856 4091 3037 4145 schola
3069 4087 3179 4144 duo
3211 4090 3616 4143 molinariorum
3648 4087 3765 4153 filii,

2203 4155 2270 4210 de
2296 4156 2500 4228 familia
2543 4159 2714 4228 sancti
2740 4155 3087 4224 'Columbaui,
3135 4173 3270 4227 quos
3306 4159 3448 4228 quod
3486 4173 3595 4212 non
3628 4172 3764 4228 icon—

2204 4226 2346 4296 gruit
2392 4227 2458 4280 ad
2504 4227 2894 4296 episcopiorum
2948 4228 3028 4281 vel
3079 4226 3448 4282 coenobiorum
3526 4227 3768 4296 regimen

2131 4292 2491 4368 Dsublevari,
2538 4292 2716 4368 tamen
2762 4311 2860 4368 per
2884 4299 3108 4368 merita,
3147 4305 3207 4349 ut
3240 4292 3769 4368 creditur,,magistri

2204 4364 2307 4428 sui,
2355 4364 2773 4432 [imposituram
2806 4365 3084 4420 Babiensis
3113 4365 3421 4421 monasterii
3467 4378 3612 4418 unus
3648 4369 3774 4432 post

2202 4448 2367 4488 unum
2392 4434 2762 4490 strenuissime
2788 4435 3240 4504 gubernaverunt.

2808 4564 3035 4622 CAPUT
3071 4565 3163 4623 1X.

2360 4654 2582 4711 Carolus
2611 4674 2824 4712 clericos
2841 4658 3131 4727 Augustino
3161 4672 3309 4726 pares
3340 4651 3620 4706 desiderat.

2278 4745 2708 4801 Gloriosissimus
2740 4747 2919 4816 itaque
2942 4746 3167 4802 Carolus
3204 4762 3301 4815 per
3334 4750 3499 4816 totum
3522 4740 3783 4816 Regnum

2211 4830 2366 4870 suum
2391 4816 2583 4889 studia
2619 4809 2931 4889 iitterar'um
2968 4815 3159 4889 florere
3179 4809 3547 4889 conspiciens,
3577 4812 3676 4865 sed
3702 4809 3786 4889 .ad

2211 4884 2573 4953 maturitatem
2619 4884 2836 4937 Patrum
2874 4884 3286 4953 praecedentium
3336 4898 3445 4937 non
3496 4884 3789 4953 pervenire

2213 4951 2519 5023 condolens,
2566 4960 2618 5006 et
2657 4948 2945 5023 plusquam,
2978 4953 3205 5008 mortale
3248 4948 3531 5023 laborans,
3560 4948 3791 5023 in_ha_nc

2215 5021 2461 5093 taediatus
2484 5017 2675 5093 vocem
2693 5017 2897 5093 erupit:
2922 5022 2966 5078 Ο
2988 5025 3193 5077 utinam
3219 5023 3476 5093 haberem
3499 5017 3785 5093 duodecim

2217 5091 2441 5146 clericos
2486 5090 2559 5144 ita
2600 5084 2808 5146 doctos'
2833 5094 3086 5162 omnique
3132 5090 3395 5160 sapientia
3429 5088 3510 5143 sic
3546 5084 3791 5157 perfect.

2219 5238 2338 5278 esse
2371 5220 2600 5285 Gallum,
2645 5223 2909 5278 notiorem
2937 5220 3229 5282 Grimaldo,
3281 5227 3343 5274 ut
3380 5220 3520 5274 bene
3557 5214 3799 5270 Habilio-

2220 5292 2370 5355 nius;
2421 5289 2613 5358 legitur
2653 5293 2796 5346 enim
2840 5293 2895 5345 in
2935 5292 3056 5346 Vita
3103 5289 3347 5358 Notkerii
3379 5289 3463 5358 ab
3492 5285 3798 5358 likerardo,

2225 5360 2391 5434 ipsius
2411 5354 2660 5434 parentes
2685 5381 2704 5412 ‹
2727 5361 3017 5434 Notkerum
3037 5360 3295 5434 obtulisse
3322 5357 3470 5411 Patri
3507 5354 3664 5410 Gallo
3697 5356 3801 5434 sub

2224 5428 2645 5500 archimandrita
2684 5432 2775 5500 qui
2816 5437 2944 5500 tunc
2978 5429 3104 5482 huic
3127 5428 3256 5500 ioco
3287 5434 3544 5495 praeerat,
3578 5428 3804 5479 nomine

2225 5496 2500 5553 Grimaldo
2526 5496 2721 5554 abbate
2751 5498 3028 5554 canonico.
3061 5517 3079 5549 ι
3126 5498 3285 5550 Βλεῖί.
