1996 3086
78 135 150 168 γιδει

331 134 452 163 SECTIO
472 133 505 166 li,
523 132 805 161 IlISTORiCA.—DE
823 132 944 161 GESTlS
964 133 992 160 Β.
1012 132 1136 162 CAROLi
1157 132 1272 161 MAGNI.
1293 150 1316 154 —
1342 133 1406 162 LIB.

1622 137 1699 165 ,1582

88 192 139 219 lum
154 190 332 228 convenisset,
346 188 532 228 pronuntiavit
553 189 655 217 haec-in
663 188 772 216 auribus
782 188 866 228 majo-
878 190 903 220 Α
916 189 989 228 lavit.
1010 189 1120 228 Talibus
1127 197 1191 224 ergo
1205 190 1293 228 missis
1307 190 1340 218 ad
1356 190 1435 228 finem
1454 190 1598 228 perductis,
1611 191 1700 228 ingre-

87 233 145 252 rum
172 229 199 252 et
223 223 377 252 minorum:
410 223 533 257 Episcopi
563 227 761 256 contemptores
788 223 867 256 hujus

87 233 145 252 rum
172 231 199 252 et
223 232 377 252 minorum:
410 231 533 283 Episcopi
563 231 761 256 contemptores
789 231 866 256 nujus

87 260 176 286 mundi
195 266 253 286 esse
267 258 425 289 debuerunt,
445 261 473 285 et
491 265 506 283 a
517 258 558 292 ios
571 257 692 291 exemplo
708 262 756 284 suo
775 257 807 284 ad
818 265 866 292 ap-

86 294 197 328 petenda
217 293 335 320 coelestia
351 299 509 328 provocare.
530 291 683 328 Nunc_vero
697 299 751 325 prae
762 291 868 328 cretei-is

87 326 243 355 inortalibus
257 331 331 354 tanta
343 327 489 354 ambitione
500 326 617 359 corrupti
632 330 703 357 sunt,
717 331 745 352 ut
759 326 867 360 quidam

86 369 117 388 ex
145 363 194 394 eis,
212 370 266 389 non
290 366 434 389 contentus
458 361 614 395 episcopatu
641 367 721 393 quem
736 361 762 387 in
781 361 866 394 prima

85 395 235 423 Germanim
249 398 312 424 sede
323 396 428 426 retinet,
445 399 576 429 sceptrum
589 399 721 429 nostrum,
735 395 805 428 quod
818 402 866 428 pro

84 431 279 464 signiﬁcatione
290 430 426 464 regiminis
439 430 522 464 nostri
534 436 645 464 aureum
658 428 865 464 ferresolemus,

74 463 133 499 ’pro
146 465 273 499 pastorali
286 463 382 492 baculo
401 464 478 491 nobis
502 463 689 497 ignorantibus
706 463 756 489 sibi
781 463 868 491 vindi-

82 507 147 526 care
173 500 309 526 \oluisset.
340 499 410 525 Heus
435 501 540 525 reatum
566 505 645 525 suum
671 504 868 532 recognoscens

74 533 247 568 indulgentia
261 538 386 568 percepta
399 532 519 559 recessit.

382 576 496 604 CAPUT
508 575 576 602 .XX.

135 622 174 648 De
187 623 305 657 episcopo
325 622 369 656 qui
381 621 530 648 concionem
545 620 639 646 habere
658 627 710 646 non
721 620 814 654 potuit.

72 666 75 667 ⁷
117 666 233 693 Nimium
244 666 412 700 pertimesco,
428 672 444 692 0
459 664 570 700 Domine
595 664 740 700 imperator
761 663 865 700 Carole,

77 709 115 727 11c
128 701 190 727 dum
205 699 353 733 iussionem
366 705 484 726 vestram
507 699 619 733 implere
642 699 730 732 cupio,
747 699 867 732 omnium

76 736 276 769 professionum
304 739 332 761 et
356 734 473 761 maxime
504 741 668 769 summorum
688 733 866 769 sacerdotum

82 767 256 796 offensionem
278 769 415 796 incurram
429 776 436 801 ;
455 768 502 795 sed
518 771 607 794 tamen
621 768 654 793 de
671 767 795 794 omnibus
813 776 865 794 non

81 804 190 838 grandis
210 804 274 831 mihi
297 811 361 830 cura
375 807 424 835 est,
448 803 471 829 si
488 806 591 829 tantum
605 806 695 829 vestra
712 801 868 829 defensione

72 843 134 865 ’non
150 839 290 865 destituar.

116 873 247 906 Praecepit
280 871 495 906 religiosissimus
520 870 631 898 Carolus
654 871 808 904 imperator,
837 874 867 897 ut

79 914 176 935 omnes
198 907 313 940 episcopi
337 914 385 940 per
398 906 555 933 latissimum
584 907 696 940 regnum
718 913 807 937 suutu,
820 909 867 932 aut

79 946 145 968 ante
171 941 330 975 prteﬁnitum
348 941 427 972 diem,
454 948 532 975 quctn
558 940 607 966 iste
634 940 819 975 constituerat,
839 940 866 966 in

78 974 270 1003 ecclesiastica:
287 976 356 1003 sedis
370 974 477 1002 basilica
492 975 679 1009 przedicarent,
698 977 744 1000 aut
754 974 867 1009 quicun-

78 1018 136 1045 que
149 1018 200 1038 non
230 1010 338 1040 faceret,
364 1008 530 1044 episcopatus
551 1009 651 1045 honore
674 1014 789 1036 careret.
812 1008 866 1036 Sed

99 1045 147 1072 uid
170 1045 231 1072 dico
256 1045 405 1071 honorem?
427 1052 487 1071 cum
511 1044 655 1078 Apostolus
678 1047 865 1077 protestetur:

103 1080 112 1105 ἰ
132 1080 190 1114 quis
203 1080 377 1114 episcopatum
388 1079 539 1114 desiderat,
552 1078 645 1114 bonum
659 1086 725 1114 opus
735 1078 865 1105 desiderat

77 1112 182 1148 (I‘Tim.
193 1112 245 1148 ui).
256 1112 308 1140 Sed
316 1121 378 1140 vere
385 1113 459 1140 vobis
466 1113 568 1140 occulte
578 1112 674 1144 fateor;
683 1113 744 1146 quia
753 1121 866 1147 magnus

77 1148 167 1175 honor
178 1149 204 1174 in
215 1155 266 1180 eo;
289 1156 354 1182 opus
366 1155 430 1174 vero
446 1148 543 1174 bonum
559 1155 608 1174 nec
621 1147 760 1173 minimum
777 1147 866 1181 requi-

77 1183 159 1209 ritur.
181 1182 447 1222 Supmdictus_igitur
460 1183 566 1222 primas.
579 1182 612 1221 ad
626 1182 864 1222 talenprteceptum

77 1216 251 1248 conterritus,
263 1225 324 1244 cum
332 1216 398 1243 nihil
408 1217 480 1244 aliud
490 1217 571 1243 sciret
581 1216 632 1243 nisi
645 1216 747 1243 deliciis
755 1216 865 1243 aliiuere

77 1256 106 1287 et
119 1252 258 1286 superbire
272 1259 279 1283 ;
300 1252 499 1287 ῑῇιιιθιιδλᾳικθιιι
511 1258 543 1277 ne
563 1251 585 1277 si
600 1250 734 1287 episcopio
748 1255 862 1287 careret,

77 1285 187 1313 luxuria
202 1292 249 1313 sua
262 1286 363 1320 pariter
385 1285 549 1320 viduaretur.
561 1285 666 1313 vocavit
688 1293 755 1320 suos
767 1286 799 1312 de
811 1286 864 1320 pri-

77 1321 201 1348 moribus
218 1319 343 1355 palatinis
361 1319 400 1355 ad?
408 1320 476 1347 diem
491 1319 599 1351 festum,
614 1325 641 1347 et
651 1324 713 1355 post
729 1319 864 1354 Evangelii

77 1327 201 1348 moribus
218 1327 343 1355 palatinis
361 1327 393 1349 aa
408 1327 476 1347 mem
491 1327 599 1351 testum,
614 1327 713 1380 “(pom
729 1327 864 1354 nvangetn

75 1355 223 1382 lectionem
238 1355 357 1384 ascendit
370 1354 402 1381 ad
416 1355 523 1389 gradus,
539 1355 614 1388 quasi
626 1362 640 1380 a
677 1354 865 1388 alloquendum

74 1390 219 1424 populum.
238 1389 357 1423 Cumque
381 1390 414 1416 ad
433 1393 486 1421 tam
511 1389 672 1422 inopinatam
690 1395 758 1424 rem?
773 1396 866 1424 omnes

66 1423 208 1451 ‘admirati
224 1428 424 1456 concurrerent,
435 1427 545 1458 excepto
554 1431 606 1450 uno
616 1423 779 1457 pauperculo
790 1423 869 1455 vah

73 1458 187 1494 r'ufo,‘|
207 1458 328 1494 gallicula
355 1466 402 1494 sua
422 1457 617 1494 (quia'gpileum
642 1465 695 1494 non
719 1457 820 1494 habuit,
838 1462 867 1485 et

73 1494 111 1520 de
123 1491 220 1520 colore
233 1500 281 1521 suo
297 1493 410 1523 nimium
420 1491 536 1526 erubuit)
558 1493 570 1511 ιι
590 1497 670 1527 caput
682 1491 784 1525 induto,
797 1492 864 1519 dixit

72 1527 237 1556 nominatus
250 1534 302 1555 non
325 1534 418 1554 revera
448 1527 586 1561 episcopus
611 1526 644 1554 ad
662 1526 802 1558 esti-arium
822 1527 863 1555 vel

65 1564 86 1582 ὀ
110 1562 265 1597 scarionem
290 1561 469 1597 suumr(cujus
495 1561 631 1597 dignitatis
649 1566 695 1593 aut
717 1562 861 1589 ministerii

71 1596 127 1624 viri
148 1596 218 1631 apud
234 1596 358 1631 antiquos
370 1596 550 1627 Romanorum
571 1596 740 1624 aedilitiorum
755 1597 862 1624 nomine

72 1630 268 1666 censebantur)
282 1639 288 1657 :
306 1631 375 1658 Voca
387 1631 420 1657 ad
436 1638 476 1666 me
493 1630 567 1666 illum
583 1631 711 1666 pileatum
726 1632 861 1658 hominem

71 1666 121 1701 qui
136 1665 391 1701 statjuxtarostium
418 1665 557 1701 ecclesiae:
578 1665 707 1693 festinans
729 1666 772 1693 ille
787 1673 863 1694 man-

72 1700 171 1728 datum
187 1700 291 1728 Domini
303 1700 445 1734 complere,
455 1700 657 1734 apprehendens
666 1701 794 1729 misemm
806 1708 861 1727 cte-

65 1736 112 1769 'pit
124 1743 189 1762 eum
206 1735 311 1761 trahere
321 1734 353 1761 ad
368 1734 520 1769 episcopum
535 1741 542 1760 :
562 1735 606 1768 qui
620 1735 716 1762 timens
731 1742 765 1769 ne
785 1735 861 1769 gravi

72 1768 254 1797 inulctaretur
267 1769 393 1800 Vindicta,
402 1770 476 1802 quod
489 1773 558 1795 tecto
576 1769 663 1803 capite
675 1769 702 1796 in
722 1768 801 1796 domo
813 1769 859 1799 Dei

70 1808 148 1831 stare
174 1804 384 1838 praesumpserit,
406 1804 467 1833 totis
488 1803 592 1838 viribus
613 1804 693 1838 cmpit
721 1804 810 1836 reniti,
827 1811 860 1831 ne

70 1839 152 1873 quasi
169 1837 203 1866 ad
227 1837 531 1873 tribunalisevetjissimi
555 1837 652 1871 judicis
671 1837 683 1856 ά
704 1838 857 1865 duceretur.

70 1872 152 1901 Tunc
178 1873 321 1911 episcopus
345 1872 377 1899 de
399 1872 811 1911 eminentioribusprospiciens,
832 1877 858 1900 et

69 1916 145 1936 nunc
158 1905 288 1935 va'sallum
302 1914 390 1938 suum,
406 1913 476 1942 nunc
496 1905 569 1942 illum
588 1905 725 1942 [misellum
749 1914 859 1942 concre-

64 1950 151 1976 pans,
180 1942 285 1969 excelsa
309 1948 373 1970 voce
400 1939 539 1976 clamando
564 1939 731 1976 pimdicavit,
747 1941 859 1969 Attrahe

67 1975 159 2009 illum,
177 1984 242 2008 (gave
258 1983 290 2003 ne
304 1976 442 2007 dimittas;
463 1975 527 2001 velis
540 1975 618 2007 nolis,
644 1975 696 2002 huc
718 1975 798 2003 debes
816 1984 858 2003 ve—

69 2012 140 2039 nire.
166 2011 234 2037 Cum
246 2019 312 2046 ergo
322 2014 367 2036 aut
378 2010 403 2036 vi
418 2014 463 2046 aut
478 2013 549 2046 metu
573 2009 692 2046 devictus
717 2010 858 2046 appropin-

66 2050 179 2080 quaret,
194 2045 260 2072 dixit
273 2044 421 2079 episCopus,
433 2044 536 2080 Accede
545 2044 663 2078 propius,
676 2045 857 2080 appropinqua

67 2079 166 2108 etiam.
190 2080 378 2114 Atquedeinde
400 2079 610 2114 appr-eliensunu
624 2079 719 2114 capitis
743 2079 858 2113 tegimen

67 2115 203 2147 extraxit,
219 2112 246 2141 et
271 2114 304 2140 ad
326 2112 633 2148 plebem'proclamavit,
658 2112 728 2140 Ecce
750 2112 856 2145 videtis,

65 2158 82 2175 ο
95 2149 216 2188 popule,
234 2148 309 2188 rufus
327 2147 369 2175 est
394 2148 444 2187 iste
451 2148 576 2188 ignavus.
596 2147 631 2174 Et
642 2154 765 2175 reversus
777 2148 810 2188 a_d
823 2148 858 2175 al-

61 2181 127 2223 tare
140 2181 277 2211 solemnia
292 2181 476 2215 consecravit,
492 2181 532 2209 vel
544 2189 573 2210 se
592 2189 762 2210 consecrasse
775 2183 856 2209 simu-
871 2185 893 2213 ι)
908 2183 1120 2217 agriculantibus
1146 2187 1296 2209 vetrenere.

103 2254 117 2268 ι
140 2247 296 2281 Legendum
310 2246 416 2273 alicula.
442 2246 590 2274 Scriverius
613 2250 669 2273 not.
681 2253 717 2273 m.
731 2254 754 2273 s.
772 2246 806 2273 Et
816 2255 859 2274 re-

59 2290 136 2309 vera
155 2281 252 2308 alicula
263 2281 312 2308 fuit
323 2289 405 2316 genus
418 2281 554 2316 \'estis,rcx
569 2281 719 2316 fragmento
741 2281 858 2308 Petronii

63 2322 167 2344 notum
184 2325 190 2348 ;
206 2316 244 2343 sic
260 2314 336 2342 enini
353 2314 451 2342 habet:
476 2325 484 2340 ι
509 2314 642 2341 Barbarus
665 2315 758 2348 ingens
770 2316 860 2343 fasciis

63 2351 227 2378 cruralibus
239 2350 361 2386 alligatus
373 2354 400 2377 et
416 2350 510 2376 alicula
522 2350 682 2378 subornatus
697 2350 828 2377 redimita.
848 2360 856 2376 ι

60 2387 148 2413 Bxsx.

100 2421 115 2440 δ
136 2420 189 2450 Μ..
204 2420 295 2454 capite.

101 2461 113 2474 ε
140 2453 284 2484 A-Jditu'u's,
300 2453 467 2486 Scriverius;
489 2453 612 2487 idemque
626 2453 751 2481 emendat
765 2461 859 2481 vocem

63 2489 261 2516 Edilitiorum
284 2495 343 2523 qua:
366 2488 496 2522 sequitur,
510 2491 536 2515 et
548 2488 653 2523 reponit
666 2488 859 2523 Aidituorum;

63 2525 184 2551 fuerunt.
208 2521 300 2549 autem
315 2521 453 2549 Scario’nes
480 2530 531 2548 non
546 2521 625 2549 modo
645 2521 758 2553 ostiarii,
774 2523 821 2549 sed
833 2527 861 2549 et

62 2556 331 2591 ministrijudicum,
346 2556 398 2583 imo
409 2556 551 2591 aliquando
568 2556 681 2590 judices.
700 2555 790 2583 Primo
808 2556 859 2590 ipsi

59 2593 183 2620 fuerunt
206 2592 251 2625 qui
282 2591 396 2618 nomine
414 2590 606 2617 monachorum
627 2595 654 2617 et
674 2591 860 2625 episcoporutn

61 2627 210 2661 iurabant.
230 2635 239 2650 ‹
255 2625 352 2661 Nullus
364 2625 460 2661 audeat
472 2625 584 2661 abbatcs
597 2625 638 2652 vel
649 2626 794 2661 monachos
806 2632 860 2661 cm-

62 2659 141 2690 nobii
159 2660 261 2696 (sancti
283 2660 414 2699 Yincentii
429 2659 620 2699 de_Vulturno)
637 2670 645 2684 ι
668 2660 701 2685 ad
713 2659 858 2699 iurandum

64 2706 73 2720 α
86 2694 232 2730 quaerere,
245 2694 310 2728 quia
318 2698 414 2730 contra
420 2694 538 2730 divinam
547 2694 856 2730 credimusesseiegemj

61 2728 111 2757 sed
125 2738 181 2764 per
195 2729 332 2764 seariones
344 2728 467 2754 omnibus
478 2728 641 2764 tempoiibus
656 2728 733 2764 iidem
748 2728 856 2764 faciant,

63 2762 138 2791 sicut
150 2764 206 2790 fuit
231 2763 318 2797 prisca
340 2762 511 2789 consuetudo.
535 2772 543 2786 ι
565 2762 597 2788 l-lt
611 2762 857 2797 Erehemlcrtusin

62 2798 193 2826 Historia
208 2796 441 2832 lanigobardornm
467 2800 662 2822 sat-ramentum
689 2803 736 2829 per
752 2804 780 2822 se
792 2796 857 2822 nulli

880 850 903 879 Β

878 1521 899 1550 C

917 224 1025 250 diuntur
1038 224 1064 260 in
1079 225 1168 260 aulam
1178 225 1268 260 .ruariis
1294 226 1427 259 tapetibus
1446 230 1473 252 et
1494 224 1700 260 omnigenis‘on—

918 262 1005 284 natam
1017 259 1122 295 palliis;
1144 259 1188 285 ubi
1200 259 1308 295 opipare
1335 260 1398 286 illud
1414 259 1644 295 convivium’auro
1657 263 1701 290 vel

918 296 1037 327 argento,
1047 293 1103 320 sive
1116 293 1244 327 gemmeis
1264 294 1334 320 vasis
1358 295 1516 327 immissum,
1537 294 1643 323 fastidio
1657 297 1700 324 vel

919 333 1016 363 nausea
1031 326 1184 363 laborantes
1197 327 1224 353 in
1238 327 1286 363 sui
1299 329 1457 355 desiderium
1476 334 1566 363 posset
1579 330 1697 358 allicere.

919 359 1221 401 S_edebat_autemr.ipse
1236 362 1400 401 mollissimis
1426 359 1546 401 plut-nisp
1560 365 1700 398 pretiosis-

918 398 1083 435 stmoserieo
1097 398 1205 435 vestitis
1215 401 1377 435 exstructus,
1394 398 1564 435 imperatoria
1579 406 1699 435 purpura

919 428 1035 467 indutus,
1051 429 1087 467 ita
1099 433 1128 455 ut
1142 430 1259 467 nihilniili
1273 432 1325 467 nisi
1336 428 1470 467 sceptrum
1486 433 1548 459 illud
1562 428 1589 459 ei
1601 428 1698 464 nomen

919 463 1021 496 regium
1039 463 1170 489 .decssct:
1194 463 1389 492 ditissimoruuf
1409 466 1521 493 militum
1545 463 1700 497 cohortibus

918 498 1200 537 septus;'in_quoruin
1224 501 1422 537 comparatione
1446 501 1485 537 illi
1504 502 1624 537 palatini,
1648 503 1699 531 hoc

917 535 968 570 est,
987 532 1154 571 invictissimi
1169 532 1257 571 Caroli
1281 535 1415 566 proceres,
1443 532 1563 571 vilissimi
1592 537 1699 565 sibimet

919 565 984 604 ipsis
1009 565 1173 604 viderentur.
1193 566 1243 598 Qui
1270 565 1330 604 cum
1344 572 1405 604 post
1422 569 1578 596 admirabile
1589 571 1652 598 illud
1671 576 1699 599 et

919 599 1026 639 regibus
1037 599 1195 639 inusitatum
1207 599 1357 639 convivium
1373 602 1512 639 licentiam
1525 604 1639 639 abeundi
1653 613 1698 639 pe-

920 637 1014 671 terent,
1036 634 1079 671 ille
1094 638 1123 660 ut
1145 634 1424 671 eisgmagmilicentiam
1440 644 1515 663 suam
1533 641 1561 663 et
1583 634 1698 671 gloriam

918 667 1084 705 manifestius
1101 667 1262 705 ostenderet,
1274 668 1355 702 jussit
1369 671 1513 703 procedere
1523 667 1700 705 peritissimos

918 702 1041 740 cantandi
1056 703 1198 740 magistros
1208 711 1269 729 cum
1279 702 1404 740 omnibus
1418 702 1530 740 musicis
1542 707 1650 740 organis
1664 713 1675 727 ε
1690 715 1698 734 :

917 735 950 762 de
964 744 1077 770 quorum
1092 735 1202 764 vocibus
1215 743 1241 764 et
1260 739 1348 764 sonitu
1369 738 1515 765 fortissima
1539 735 1619 767 corda
1636 742 1700 769 mol-

918 770 1057 803 lcscerent,
1071 776 1098 797 et
1113 771 1288 805 liquidissima
1301 773 1385 799 Rheni
1400 773 1499 799 tluenta
1514 773 1698 803 durescerent.

918 805 1122 843 Potuum_vero_
1135 806 1315 843 diversissima
1342 815 1439 843 genera
1454 808 1535 843 \‘ariis
1555 809 1700 843 pigmentis

919 844 964 866 aut
983 840 1204 876 medicaminibus
1214 840 1422 876 contemperata,
1433 842 1523 875 herbis
1537 840 1563 868 ei
1576 840 1696 876 tioribus,

916 881 1081 908 gemmarum
1097 875 1138 901 vel
1154 875 1211 910 auri
1230 875 1359 910 fulgorem
1374 877 1402 902 in
1416 884 1444 903 se
1463 876 1638 908 trahentibus,
1653 875 1698 905 su-

917 916 1014 942 umque
1030 910 1154 936 ruborem
1172 909 1224 936 illis
1236 909 1435 937 infundentibus
1460 916 1595 942 coronata,
1610 918 1696 939 resta-

917 944 1059 976 gnantibus
1084 943 1139 977 jam
1153 944 1310 971 stomachis
1324 945 1447 978 tepebant
1460 945 1486 971 in
1501 946 1634 973 manibus.
1655 947 1698 973 ln-

918 982 1079 1015 tereauvero
1106 978 1231 1015 pistores,
1247 978 1326 1015 lanii,
1348 979 1405 1015 coci
1416 984 1442 1006 et
1465 979 1579 1007 fartores
1609 981 1696 1015 plenis

916 1012 1052 1049 ventribus
1065 1012 1217 1049 omnimoda
1234 1013 1303 1049 gulae
1320 1013 1487 1040 irritamenta
1496 1012 1636 1049 exquisitis
1651 1024 1696 1042 ar-

918 1047 987 1073 tibus
1010 1047 1204 1084 przeparabant,
1218 1047 1310 1084 qualis
1333 1056 1468 1082 nunquatn
1484 1047 1572 1084 icteita
1602 1050 1696 1084 Magno

917 1082 1064 1114 composita
1083 1085 1125 1107 est
1147 1081 1252 1108 Carolo.
1273 1082 1350 1108 Mane
1371 1081 1460 1110 autem
1478 1083 1550 1110 facto
1571 1092 1631 1111 cum
1645 1081 1696 1112 an-

913 1115 1073 1149 quantisper
1087 1116 1120 1142 ad
1131 1116 1303 1152 sobrietatem
1325 1117 1425 1144 rediret
1446 1118 1597 1152 episcopus,
1615 1124 1642 1146 et
1657 1120 1698 1146 lu-

916 1157 978 1176 xum
998 1157 1077 1187 quem
1103 1150 1189 1187 pridie
1213 1158 1304 1177 coram
1328 1150 1488 1187 satellitibus
1516 1150 1696 1187 imperatoriis

915 1185 1086 1217 expenderat,
1100 1184 1304 1217 perhorrescere
1315 1186 1448 1219 erepisset,
1458 1187 1537 1219 jussit
1548 1184 1594 1214 eos
1601 1188 1696 1216 adduci

916 1219 949 1255 ad
967 1225 1005 1255 se,
1020 1222 1047 1244 et
1069 1218 1149 1255 regiis
1175 1220 1329 1253 muneribus
1346 1218 1491 1249 honoratos
1515 1221 1656 1255 adjuravit,
1667 1227 1698 1251 ut

914 1253 948 1280 de
959 1260 988 1280 se
999 1253 1067 1280 bona
1077 1258 1101 1280 et
1114 1254 1226 1280 honesta
1242 1254 1250 1272 ί
1268 1256 1337 1288 apud
1348 1256 1493 1283 terribilem
1505 1253 1629 1283 Carolum
1638 1253 1698 1284 nar-

917 1296 978 1326 rare
989 1288 1177 1326 dignarentur.
1201 1288 1233 1315 Et
1246 1290 1318 1326 quod
1334 1289 1439 1323 publice
1468 1291 1494 1316 in
1506 1291 1619 1318 ecclesia
1632 1291 1697 1326 ipsis

916 1323 1085 1359 audientibus
1096 1323 1263 1357 praedicaret.
1284 1323 1357 1356 Quos
1370 1331 1430 1356 cum
1444 1326 1568 1352 reversos
1581 1323 1698 1359 impera-

917 1361 957 1394 tor
975 1357 1153 1394 interrogaret
1163 1365 1217 1394 cur
1230 1365 1276 1385 eos
1285 1359 1430 1394 episcopus
1444 1359 1488 1386 ille
1500 1357 1697 1394 vocaretfpro-

915 1392 1034 1418 eideules
1053 1379 1093 1418 ad
1099 1392 1180 1425 pedes
1195 1391 1252 1425 ejus
1274 1379 1408 1424 ᾱὶῖθηιιῆ,
1424 1379 1698 1425 DomineTt-tibols-i’n

916 1431 1004 1453 vestro
1025 1427 1132 1453 nomine
1157 1434 1236 1460 supra
1253 1427 1465 1454 mediocritatem
1478 1433 1596 1454 nostram
1611 1429 1698 1455 hono-

916 1465 998 1489 Μαι.
1018 1461 1051 1487 Ει
1064 1460 1227 1493 adjecerunt,
1243 1461 1425 1488 Fidelissimus
1438 1466 1480 1489 est
1498 1463 1580 1493 vobis,
1595 1467 1623 1489 et
1635 1471 1695 1490 om-

917 1496 996 1523 uibus
1006 1496 1100 1525 vestris
1112 1497 1227 1529 optimus
1250 1497 1390 1530 episcopus
1405 1496 1458 1528 ille,
1481 1504 1639 1531 summoque
1650 1505 1694 1524 sa-

916 1531 1040 1558 cerdotio
1054 1531 1234 1567 dignissimus
1263 1536 1321 1563 est;
1341 1539 1411 1567 nam,
1435 1532 1458 1567 si
1476 1536 1574 1567 nom
1599 1532 1695 1559 vilitati

911 1566 1022 1592 credere
1034 1565 1187 1599 dignemini,
1214 1565 1329 1600 fatemur
1346 1566 1502 1592 sublimitati
1523 1570 1620 1593 vestrae
1632 1567 1694 1600 quia

911 1599 1103 1636 declamatorie
1125 1601 1275 1636 audivimus
1302 1599 1378 1636 ιιι-μ
1393 1601 1553 1635 praedicare.
1574 1599 1695 1636 Cumque

913 1635 1066 1669 imperator.
1081 1635 1137 1668 ejus
1153 1634 1292 1670 imperitiae
1303 1634 1412 1666 certior,
1433 1636 1465 1662 de
1478 1635 1557 1663 modo
1566 1634 1696 1669 praadiea-

912 1669 991 1695 tionis
1009 1671 1164 1703 inquireret,
1181 1669 1208 1697 et
1221 1669 1258 1697 illi
1283 1675 1343 1698 ea.
1361 1670 1456 1697 fallen
1476 1678 1529 1697 non
1553 1670 1692 1702 auderent,

911 1704 999 1730 omnia
1026 1712 1074 1737 per
1091 1705 1212 1733 ordinem
1241 1707 1424 1732 retexuerunt.
1451 1704 1528 1732 Tunc
1544 1705 1694 1739 intelligens

910 1746 990 1764 causa
1005 1739 1108 1765 timoris
1123 1739 1162 1765 sui
1179 1739 1278 1773 aliquid
1292 1739 1367 1766 illttm
1380 1740 1451 1774 loqui
1463 1743 1597 1771 conatum,
1613 1747 1693 1773 quam

910 1779 1071 1807 prmeeptum
1096 1782 1171 1800 suum
1199 1775 1403 1808 praetermittere
1429 1781 1533 1807 ausum,
1550 1774 1611 1801 licet
1624 1774 1692 1802 indi-

910 1814 1001 1840 gnum,
1017 1808 1132 1836 retinere
1144 1809 1266 1842 permisit
1280 1809 1473 1843 episcopatum.

1201 1852 1313 1880 CAPUT
1331 1853 1400 1881 XXI.

1111 1897 1222 1924 Carolus
1234 1899 1351 1932 episcopo
1365 1899 1458 1925 iratus.

944 1941 1007 1979 Post
1020 1947 1125 1976 tempus
1144 1950 1208 1979 vero
1225 1949 1286 1979 non
1302 1942 1419 1979 longum,
1439 1950 1500 1979 cum
1515 1943 1623 1979 quidam
1643 1945 1690 1979 ju-

908 1976 983 2003 venis
996 1981 1126 2016 cognatus
1150 1976 1337 2016 regisoptime.
1355 1977 1384 2016 in
1406 1976 1533 2016 quadam;
1546 1976 1691 2016 festivitate

908 2015 1017 2037 caneret
1030 2010 1150 2041 Alleluia,
1166 2010 1234 2036 dixit
1250 2010 1395 2045 imperator
1408 2010 1441 2036 ad
1450 2011 1576 2045 eumdem
1588 2012 1692 2045 episeo-

908 2052 970 2084 pum
989 2054 994 2071 :
1014 2045 1188 2084 Benc'modo
1199 2045 1317 2083 cantavit
1331 2044 1377 2084 ille
1392 2044 1505 2084 clericus
1519 2044 1619 2084 noster.
1639 2046 1690 2084 Qui

906 2077 982 2112 juxta
1005 2079 1145 2106 stultitiam
1166 2086 1241 2106 suam
1264 2077 1421 2111 joculariter
1441 2078 1485 2105 illa
1501 2079 1581 2106 verba
1607 2077 1692 2107 susci-

908 2114 1000 2152 piens_,_
1009 2119 1036 2140 et
1050 2114 1123 2152 illum
1148 2113 1315 2152 imperatoris
1343 2117 1484 2152 cognatum
1501 2114 1692 2152 nesciens,_re-

909 2149 1036 2181 spondit:
1054 2150 1065 2168 ε
1086 2148 1180 2175 Sicsic
1198 2154 1292 2175 omnes
1313 2148 1456 2208 perriparii
1469 2153 1580 2182 possunt
1605 2149 1691 2176 bubus

909 2183 1120 2208 aariculantihus
1146 2187 1296 2208 vetrenere.
1337 2183 1353 2208 d
1377 2182 1446 2208 ouod
1463 2182 1690 2208 imorohissimnm

1337 2183 1353 2209 d
1377 2182 1446 2216 quod
1463 2182 1690 2217 improbissimum

911 2246 1012 2273 homini
1039 2246 1156 2273 dandum
1186 2253 1236 2272 lllSI
1255 2253 1304 2279 per
1330 2245 1475 2273 scariones.
1497 2246 1619 2275 Secundo
1641 2248 1692 2279 ipsi

907 2279 969 2314 jura
983 2282 1173 2308 monachorum
1187 2285 1214 2307 et
1226 2281 1409 2315 episcoporum
1427 2281 1570 2315 exigebant
1584 2289 1591 2307 :
1610 2291 1619 2307 ι
1634 2279 1691 2309 Νοιι

910 2315 1020 2351 habebit
1035 2318 1198 2351 exactorem,
1209 2316 1255 2351 sed
1268 2315 1346 2342 villici
1372 2322 1398 2344 et
1409 2315 1563 2351 scheriones
1574 2317 1692 2351 episcopi

908 2353 937 2377 .et
950 2350 1061 2376 fratrum
1078 2349 1185 2384 exigent
1203 2351 1227 2376 ei
1245 2349 1290 2382 jus
1304 2358 1391 2377 suum.
1411 2359 1420 2375 ι
1447 2349 1606 2379 Scheriones
1620 2349 1692 2378 enim

911 2383 980 2410 idem
992 2389 1127 2419 suntcum
1138 2384 1306 2410 searionibus
1318 2393 1324 2415 ;
1345 2384 1460 2418 denique
1474 2386 1603 2413 sedebant
1622 2385 1694 2419 judi-

911 2426 955 2444 ees
966 2425 1110 2451 eorumque
1121 2415 1273 2448 interventu
1288 2419 1349 2446 lites
1361 2415 1564 2447 dirimebantur.
1581 2428 1590 2444 ἰ
1607 2415 1692 2446 Sche-

911 2453 1000 2479 riones
1014 2451 1135 2485 judicent
1156 2452 1293 2486 placitum.
1310 2473 1316 2480 .
1331 2473 1338 2479 .
1358 2458 1386 2480 et
1398 2454 1420 2480 si
1443 2453 1486 2479 fur
1504 2458 1646 2480 extraneus
1664 2454 1691 2480 in

911 2487 971 2513 villa
991 2487 1118 2519 capietur,
1132 2487 1265 2514 scherioni
1288 2487 1394 2515 comitis
1411 2488 1531 2513 tradetur
1553 2490 1629 2512 extra
1641 2487 1690 2512 vilo

911 2494 971 2513 vnta
991 2494 1020 2513 ea
1041 2494 1118 2519 retur,
1132 2494 1265 2514 scneriom
1288 2494 1394 2515 comins
1411 2494 1531 2513 tradetur
1553 2494 1629 2512 extra
1641 2494 1690 2512 vn.

911 2521 974 2548 lam.
992 2532 1001 2547 ι
1019 2494 1093 2549 διιᾱο
1108 2526 1182 2556 patet
1205 2522 1324 2552 comites,
1351 2520 1573 2556 quemadmodan
1584 2520 1690 2556 episco-

909 2563 958 2590 pos
976 2560 1004 2592 et
1010 2553 1141 2592 iabbatés,
1155 2556 1280 2592 habuisse
1291 2562 1352 2582 suos
1362 2553 1528 2592 scheriqnes.
1538 2554 1688 2592 Chronicon

910 2587 996 2617 sancti
1010 2590 1143 2616 Vincentii
1165 2590 1198 2617 de
1226 2587 1365 2619 Vtilturno,
1385 2588 1402 2613 l.
1426 2595 1445 2613 ll
1462 2587 1530 2614 Hist.
1544 2588 1652 2620 Franc.,
1668 2594 1688 2616 t.

909 2624 951 2657 ill,
967 2632 993 2658 p.
1006 2623 1066 2651 685.
1078 2624 1142 2651 Jura
1154 2624 1280 2651 Ecclesia:
1293 2621 1496 2655 Bambergensis
1508 2623 1535 2649 in
1546 2623 1685 2657 metropol.

910 2659 1069 2692 Salisburg.,
1089 2663 1108 2685 t.
1123 2659 1165 2690 lil,
1180 2666 1207 2692 p.
1220 2658 1264 2684 5t).
1280 2658 1358 2683 Basx.

943 2693 956 2712 ἀ
977 2693 1023 2725 Μ.,
1037 2693 1190 2720 traheretur:

947 2734 958 2747 ο
979 2728 1024 2759 Μ.,
1048 2728 1152 2761 organis
1165 2725 1332 2751 musicorum.

948 2762 957 2782 ί
979 2762 1026 2793 M.,
1041 2762 1165 2791 modesta.

946 2798 959 2816 ι(
978 2791 1064 2825 Locus
1077 2796 1205 2822 obscurus
1227 2796 1253 2817 et
1269 2791 1362 2820 forsan
1386 2791 1530 2818 mendosus
1546 2800 1551 2816 ε
1569 2794 1682 2817 autum.t
