3992 6172
143 359 156 381 ,
188 308 328 364 1m

1039 299 1280 359 saeuo
1316 300 1376 366 ιι,
1418 297 1800 358 ΗΙΞΤΟΒΙΟΑ.
1836 326 1908 339 -
1943 300 2098 358 var.
2137 303 2300 359 ANN.
2342 283 2592 361 rma;

3325 307 3458 360 1418

189 428 407 492 sumpto
425 431 583 492 super
603 415 1196 492 ScaracenanSpania
1218 421 1424 492 regnat.
1448 414 1768 492 Dirafames
1791 423 1860 487 Α-
1870 425 2014 492 tutor
2037 425 2093 471 et
2121 417 2370 472 defensor
2395 427 2538 492 esset
2576 417 2719 474 illius
2743 419 2913 492 plebis
2934 457 2949 483 ,
2964 418 3264 492 _quoniam
3306 421 3453 476 illum

193 485 331 569 ξιιηᾴ
345 485 598 569 Spaniam
618 489 844 569 domuit.
879 485 1174 541 Waifarius
1192 485 1441 556 princeps
1464 485 1764 554 Aquitaniae
1818 485 1825 487 ⁷
1866 488 2226 569 pmedecessor
2261 501 2391 569 suu‘s.
2436 489 2610 568 beatae
2644 485 2920 569 _memorize
2959 485 3448 569 Stephanuspapa

191 560 865 630 Narbonamrdepraadat.’
968 625 997 630 _
1064 626 1078 630 _
1183 623 1230 630 __
1413 603 1416 606 .

263 632 419 686 Anno
439 629 541 684 752
561 623 939 684 A'nsemundus
957 625 1166 681 Gothus
1183 623 1451 678 Nemauso
1470 625 1762 690 civitatem,

191 700 592 770 Magdalonam,
621 697 870 770 égathen
883 736 899 762 ,
926 692 1363 770 ljitcrrisfipino
1388 694 1502 770 regi
1529 694 1768 770 Franco—

191 762 316 824 rum
344 762 584 825 tradidit.
620 762 701 821 Ei
731 782 795 822 eo
820 767 905 820 die
932 765 1124 818 Franci
1152 762 1469 816 Narbonam’
1487 763 1762 818 infestant.

191 839 516 894 Waifarium
548 836 850 914 principem
1228 830 1448 914 Pipinus
1479 833 1766 914 prosequi—

191 916 306 973 tur,
333 924 398 963 eo
423 901 570 973 quod
595 901 760 961 nollet
795 919 854 959 se
878 901 1069 958 ditioni
1096 901 1242 956 illius
1269 901 1420 967 dare,
1447 902 1588 957 sicut
1613 901 1766 959 Eudo

183 977 398 1032 fecerat
423 973 614 1032 Carolo
637 974 776 1045 patri
799 973 930 1045 ejus.

264 1048 420 1103 Anno
448 1045 550 1100 759
574 1040 769 1099 Fr'anci
798 1040 1100 1097 Narbonam
1124 1040 1395 1112 obsident,
1419 1043 1650 1112 datoque
1677 1056 1765 1097 sa-

187 1123 471 1170 cramento
498 1113 687 1169 Gothis
712 1112 801 1182 qui
832 1112 906 1165 ibi
933 1118 1108 1182 ergit,
1139 1118 1200 1164 ut
1225 1111 1270 1165 si
1298 1111 1579 1182 civitatem
1599 1113 1765 1180 parti-

187 1185 296 1239 bus
326 1184 600 1239 traderent
630 1179 800 1250 Pipini
829 1182 984 1250 regis,
1005 1179 1362 1250 Francorum,
1392 1179 1766 1250 permitterent

185 1268 288 1309 eos
314 1255 488 1323 legem
517 1248 915 1323 suamuhaberei
962 1249 1080 1316 Quo
1106 1248 1248 1323 facto
1275 1248 1436 1323 Gothi
1467 1249 1764 1323 Saracenos

180 1325 282 1391 qui
311 1319 803 1392 in'prazsidioillius
824 1328 998 1384 erant,
1027 1320 1301 1392 occidunt,
1327 1319 1604 1389 ipsamque
1631 1319 1766 1373 civi-

184 1390 355 1446 tatem
383 1390 625 1461 partibus
648 1390 981 1461 Francorum
1007 1391 1244 1461 tradunt.

257 1457 413 1516 Anno
459 1461 562 1531 762
614 1459 736 1531 gelu
787 1474 1051 1531 magnum
1092 1457 1327 1531 Gallias,
1385 1457 1655 1531 Illyricum
1708 1466 1763 1513 et

187 1529 479 1585 Thraciam
506 1527 760 1600 deprimit
781 1569 797 1594 ,
845 1527 922 1600 et_
943 1529 1126 1582 multa:
1156 1529 1378 1582 arbores
1402 1527 1663 1600 olivarum
1707 1536 1763 1582 et

185 1600 540 1655 ﬁculnearum
575 1596 810 1668 decoctae
845 1598 966 1668 gelu
1000 1604 1286 1668 aruerunt;
1326 1596 1420 1651 sed
1457 1604 1518 1668 et
1541 1611 1763 1666 germen

182 1670 444 1724 messium
474 1667 634 1733 aruit,
662 1676 718 1721 et
747 1667 1156 1736 superveniente
1183 1681 1324 1722 anno
1357 1667 1645 1736 praedictas
1675 1682 1762 1721 re-

1864 557 2116 628 unctione
2155 571 2311 610 sacra
2340 556 2552 628 iiiniens
2575 597 2618 628 ,μ
2644 559 2787 612 hunc
2833 572 3013 625 regem
3058 556 3121 611 ac
3159 556 3448 628 patricium

1863 623 2229 696 _Bomanorum
2254 625 2549 680 ordinarat.
2581 625 2805 696 Carolus
2835 623 2998 696 igitur
3020 642 3114 681 rex
3144 623 3246 696 per
3270 629 3448 681 consi-

1864 694 2338 765 liumoptimatum
2362 710 2583 751 suorum
2601 694 2928 750 voluntatem
2954 694 3448 765 domniiapostolici

1863 777 1926 817 se
1951 763 2362 832 adimpleturum
2390 779 2509 819 esse
2539 779 2662 819 cum
2687 766 2779 820 Dei
2813 765 3011 820 auxilio
3042 763 3235 819 devota
3260 773 3444 820 mente

1863 833 2168 912 spopondit:
2228 833 2431 888 Eodem
2476 849 2619 889 anno
2662 837 2928 912 synodum
2969 835 3236 912 tenuitin
3270 833 3441 890 Jenua

1865 902 2110 966 civitate,
2151 902 2207 972 in
2237 917 2343 970 quo
2370 912 2636 958 conventu
2663 902 2959 959 exercitum
2986 905 3196 967 divisit,
3228 912 3440 972 partem

1864 984 2050 1025 secum
2079 969 2334 1034 retineas,
2371 981 2432 1026 ut
2457 987 2554 1041 per
2573 972 2849 1036 .Cenisinm
2879 982 3115 1028 montem
3141 969 3434 1041 transiret,

1863 1045 2076 1110 partem
2095 1053 2224 1092 vero
2244 1041 2524 1110 reliquam,
2548 1044 2633 1096 cui
2695 1042 2894 1096 raefecit
2915 1043 3246 1098 Bernardum
3274 1058 3438 1097 avun-

1864 1109 2045 1163 culum
2073 1124 2230 1162 suum
2258 1124 2379 1163 cum
2405 1112 2616 1163 caeteris
2642 1059 2887 1163 Edelibus
2910 1127 3007 1163 per
3028 1111 3174 1163 Jovis
3197 1120 3438 1163 montem

1864 1109 2057 1180 culum
2073 1124 2230 1180 suum
2258 1109 2379 1163 cum
2405 1112 2616 1180 caeteris
2642 1109 2887 1167 ﬁdelibus
2910 1127 3007 1180 per
3028 1111 3174 1166 Jovis
3197 1120 3438 1167 montem

1864 1178 1919 1232 in
1945 1177 2094 1232 Italia
2125 1179 2331 1231 intrare
2348 1179 2622 1246 praecepit.
2653 1177 2960 1235 Desiderius
2980 1197 3107 1236 vero
3132 1197 3227 1236 rex
3249 1183 3439 1236 imme-

1865 1263 1984 1303 mor
2003 1247 2389 1302 beneﬁciorum
2414 1247 2591 1316 Pipini
2614 1249 2776 1316 regis,
2793 1263 2891 1316 per
2917 1249 3067 1317 cujus
3095 1250 3439 1305 donationem

1863 1317 2593 1387 rcgnum_Langobardorum
2618 1317 2839 1371 sortitus
2864 1327 2964 1380 est,
2993 1319 3202 1372 clausas
3229 1319 3440 1374 fortiter

1864 1385 2052 1440 contra
2075 1385 2324 1439 Carolum
2353 1387 2897 1509 exercitumqufmtgus
2922 1387 3138 1440 ﬁrmare
3143 1390 3436 1509 (prmcepit.

1865 1455 2288 1509 Castrametatus
2331 1462 2416 1509 est
2459 1456 2641 1509 itauue
2687 1473 2718 1509 n
2834 1457 2971 1509 ictus
3010 1471 3105 1509 rex
3187 1457 3368 1509 arolus
3411 1475 3436 1509 e

1865 1455 2288 1525 Castrametatus
2331 1462 2416 1509 est
2459 1456 2641 1524 itaque
2683 1455 2971 1525 praedictus
3010 1471 3105 1510 rex
3143 1455 3368 1511 Carolus
3411 1475 3443 1512 e

1866 1527 2084 1595 regione
2112 1524 2384 1595 clusarum
2415 1533 2469 1579 et
2497 1524 2792 1595 valliquod
2824 1525 3161 1594 Langobardi
3193 1525 3444 1582 defende-

1866 1593 2019 1660 rant;
2067 1594 2215 1649 misit
2258 1602 2438 1648 autem
2464 1609 2579 1664 iper
2607 1593 2873 1650 difﬁcilem
2913 1593 3196 1648 ascensum
3242 1597 3442 1664 montis

1864 1664 2133 1744 legionem
2169 1677 2236 1719 ex
2267 1663 2676 1744 probatissimis
2698 1665 3105 1744 pugnatoribus,
3128 1665 3254 1744 _qui
3296 1663 3436 1737 [per]

183 1740 374 1818 giones
400 1738 618 1818 gravius
642 1733 906 1818 depressit
928 1736 1116 1818 fames,
1146 1736 1220 1789 ita
1247 1745 1307 1790 ut
1331 1733 1487 1818 multi
1514 1736 1760 1791 homines
1789 1748 1839 1810 Β
1865 1733 2237 1818 transcensum
2258 1733 2858 1818 montisLangobardos
2879 1749 3001 1818 cum
3021 1733 3440 1818 Desidetjo'rege

183 1803 430 1877 penuria,
456 1806 612 1877 panis
648 1803 912 1877 perirent.
963 1803 1642 1877 Pipinusretharbonam
1666 1821 1761 1861 ve-

179 1874 360 1940 iticns,
390 1874 603 1941 Tolosa,
631 1874 838 1947 Albigis
886 1885 940 1930 et
985 1874 1247 1947 Ruthenis
1274 1874 1349 1930 illi
1377 1874 1586 1947 traditae
1611 1884 1756 1947 sunt,

182 1957 242 2003 et
268 1961 374 2001 non
398 1954 522 2016 ppst
536 1944 787 2016 multum
803 1953 1012 2015 tempus
1037 1944 1602 2016 Waifariusprinceps
1622 1946 1763 2016 obiit

179 2001 374 2072 mense
398 2001 603 2070 fluuio.
674 2001 1072 2085 Pipinus'vero
1122 2028 1217 2068 rex
1265 2001 1568 2084 principatu
1617 2015 1763 2070 illius

180 2087 402 2156 adepto,
435 2093 558 2156 post
584 2085 700 2139 dies
741 2093 955 2156 centum
999 2099 1184 2156 mense
1226 2085 1564 2153 Septembrio
1585 2085 1763 2156 vitam

182 2153 392 2219 ﬁnivit,
433 2153 785 2224 regnavitque
827 2154 981 2208 annis
1008 2153 1075 2207 27
1107 2169 1228 2207 cum
1257 2169 1357 2224 per
1382 2167 1551 2224 annos
1569 2153 1643 2224 715
1672 2161 1765 2224 aut

181 2239 252 2278 eo
276 2222 517 2293 amplius
528 2224 656 2282 solis
674 2222 898 2294 Francis
908 2225 1206 2294 imperaret
1230 2240 1242 2276 :
1271 2222 1422 2294 ﬁnito
1442 2222 1765 2294 Aquitanica

180 2294 349 2357 bello,
365 2292 523 2360 ’quod
554 2303 743 2348 contra
769 2292 1088 2348 Waifarium
1116 2294 1307 2348 ducem
1333 2292 1637 2361 Aquitaniae
1669 2308 1767 2361 per

186 2363 472 2416 continuos
520 2377 713 2418 novem
763 2377 933 2417 annos
981 2363 1284 2431 gerebatur,
1338 2363 1480 2431 apud
1529 2362 1765 2419 Parisios

185 2433 382 2487 morbo
408 2447 560 2500 aquae
585 2432 866 2486 intercutis
889 2433 1030 2487 diem
1054 2431 1206 2488 obiit.

229 2545 596 2604 EXORDIUM
642 2545 1154 2673 CAROLéwMﬁklfTiNI
1200 2546 1340 2615 QUO
1387 2547 1731 2615 REGNARE,

251 2708 609 2781 Regnumque
639 2707 784 2764 illius
810 2707 908 2781 ﬁlii
932 2705 1269 2781 sui_Carolus
1296 2714 1351 2781 et
1375 2707 1766 2781 Carlomannus

179 2775 418 2836 inter'se
456 2775 739 2842 dividunt,
794 2777 888 2832 sed
921 2775 1311 2832 Carlomannus
1336 2777 1486 2833 brevi
1525 2787 1768 2848 tempore

179 2865 356 2920 regno
382 2849 583 2920 potitus
608 2848 762 2912 obiit,
786 2855 1066 2918 totumque
1097 2861 1324 2918 regnum
1347 2848 1518 2917 patris
1541 2847 1767 2906 Carolus

177 2919 491 2975 occupavit.

251 2933 680 3070 Caroli
706 2986 854 3070 regis
885 2985 1018 3041 abiit
1046 2986 1436 3070 Bertaﬁregina.
1461 2996 1636 3044 mater
1663 2987 1769 3044 Ca-

175 3058 290 3138 roli
329 3056 568 3138 innitalia
603 3057 672 3138 ad
700 3056 954 3138 placitum
981 3066 1170 3138 contra
1197 3056 1533 3138 Desiderium
1559 3073 1760 3138 regem2

175 3137 237 3182 et
267 3126 492 3181 redditae
521 3133 644 3179 sunt
673 3126 1196 3196 civitatesﬂplurimae
1237 3127 1306 3182 ad
1348 3136 1557 3196 partem
1588 3126 1761 3184 sancti

173 3196 355 3260 Petri,
381 3205 434 3250 et
454 3196 616 3248 Berta
638 3195 858 3265 adduxit
878 3195 1040 3249 ﬁliam
1062 3196 1324 3251 Desiderii
1351 3195 1408 3250 in
1430 3199 1680 3265 Francia,
1707 3208 1763 3254 et

174 3265 494 3334 insequenti
519 3279 660 3318 anno
679 3262 1121 3321 Carius-manuus
1142 3275 1386 3321 mortuus
1409 3276 1510 3323 est.
1538 3262 1763 3324 CarOlus

174 3344 393 3400 autem,
407 3334 574 3388 fratre
592 3334 862 3401 defuncto,
885 3350 1152 3390 consensu
1165 3337 1405 3391 omnium
1429 3337 1763 3393 Francorum

174 3421 280 3461 rex
313 3403 680 3459 constituitur.

247 3475 333 3545 De
357 3473 637 3545 nativitate
658 3471 835 3527 Caroli
861 3473 1034 3544 Magni
1061 3483 1223 3545 atque
1246 3473 1468 3530 infantia
1489 3477 1575 3531 vel
1601 3477 1764 3532 etiam

175 3544 448 3614 pueritia,
497 3542 622 3612 quia
651 3556 827 3614 neque
855 3542 1070 3610 scriptis
1097 3542 1326 3612 usquam
1354 3545 1556 3614 aliquid
1583 3547 1761 3602 decla-

175 3611 366 3668 i-atum
392 3611 713 3682 est,’neque
741 3611 1024 3682 quisquam
1053 3611 1212 3668 modo
1239 3611 1517 3682 superesse
1552 3616 1760 3670 inveni-

175 3691 272 3737 tur
315 3683 410 3752 qui
458 3681 652 3752 horum
699 3696 758 3736 se
799 3681 944 3752 dicat
977 3682 1176 3738 habere
1211 3681 1487 3748 notitiam,
1523 3685 1762 3739 scribere

175 3751 432 3823 ineptum
455 3751 739 3819 judicans;
789 3751 1086 3823 sed__aetu_s
1115 3761 1168 3807 et
1194 3768 1401 3815 mores,
1437 3761 1769 3823 craterasque

175 3819 310 3877 vita:
364 3822 509 3876 illius
559 3829 740 3890 partes
785 3819 1127 3890 explicandas
1177 3829 1231 3876 et
1280 3819 1764 3888 demonstrandas,

174 3893 406 3948 omissis
444 3889 756 3961 incognitis,
796 3889 1031 3961 transire
1060 3889 1335 3961 disposui:
1363 3891 1454 3961 ita
1489 3900 1670 3946 tamen
1707 3900 1768 3946 ut

173 3963 366 4032 primo
398 3976 485 4032 res
513 3959 692 4031 gestas
736 3969 791 4032 e_t
830 3959 973 4016 domi
996 3967 1069 4032 _et
1104 3959 1260 4032 foris,
1289 3959 1480 4032 deinde
1503 3975 1688 4032 mores
1713 3968 1769 4014 et

176 4027 366 4086 studia
393 4027 539 4097 ejus,
580 4038 710 4084 tunc
749 4029 816 4084 de
859 4029 1011 4099 regni
1052 4027 1519 4099 administratione
1562 4038 1616 4084 et
1660 4029 1768 4099 ﬁne

178 4102 497 4164 narrando,
538 4099 778 4169 nihilque
807 4097 1023 4169 cognitu
1050 4098 1134 4152 vel
1161 4097 1321 4168 digna
1347 4097 1429 4153 vel
1458 4098 1767 4169 necessaria

174 4171 601 4240 praetermittam
633 4167 1172 4240 omnium'bellorum
1200 4167 1547 4240 qu:13_gessit._
1581 4168 1766 4240 Primo

174 4237 573 4310 Aquitanicum
608 4245 824 4310 a_patre
858 4237 1200 4310 inchoatum,
1226 4237 1345 4310 ‘sed
1378 4238 1763 4310 nonﬁnitum,

175 4305 310 4389 quia
346 4309 456 4389 cito
483 4305 856 4389 pcragijposs‘e
879 4307 1179 4389 videbatur,
1216 4305 1384 4361 fratre
1413 4307 1593 4389 adhch
1619 4307 1762 4389 vivo,

172 4375 357 4435 etiam
409 4375 769 4433 et_auxilium
815 4375 956 4431 ferre
999 4385 1186 4446 rogato
1219 4377 1471 4445 suscepit.
1526 4376 1661 4430 Nam
1709 4385 1765 4432 et

485 4422 810 4515 icui-post
839 4422 1098 4500 "iviirarii
1142 4422 1392 4500 mortem1
1418 4422 1765 4515 Aquitaniam
1791 4422 1844 4483 Ῐ)

169 4519 499 4586 relinquere
522 4523 577 4566 et
597 4515 938 4570 Wasconiam
962 4526 1147 4585 petere
1167 4516 1368 4586 coegit;
1401 4531 1559 4584 quem
1585 4524 1764 4586 tamen

169 4585 256 4640 ibi
311 4581 614 4635 consistere
657 4597 767 4649 non
796 4581 1086 4649 sustinens,
1121 4581 1436 4640 transmisso
1470 4599 1628 4638 amne
1653 4583 1763 4637 Ga-

171 4665 420 4723 rumna,
452 4650 602 4718 Lupo
628 4648 956 4723 Wasconum
979 4653 1136 4723 _ducii
1157 4670 1254 4723 per
1297 4654 1502 4722 legatos
1550 4653 1768 4723 mandat

172 4735 238 4778 ut
279 4719 566 4791 perfugam
599 4718 816 4791 reddat,
855 4721 995 4791 quod
1027 4723 1081 4774 ni
1117 4718 1375 4776 festinato
1399 4723 1592 4785 faciat,
1629 4722 1768 4776 bello

177 4787 378 4849 secum
407 4787 888 4860 expostulaturum}
922 4789 1028 4845 Sed
1055 4791 1235 4860 Lupus
1260 4792 1460 4845 saniori
1484 4807 1615 4847 usus
1642 4806 1770 4846 cou—

177 4863 330 4926 silio,
368 4857 493 4930 non:
505 4857 677 4930 solum
705 4857 973 4930 Unaldum
999 4857 1194 4930 reddit,
1220 4862 1314 4914 sed
1339 4863 1503 4914 etiam
1534 4862 1770 4930 seipsum

180 4949 316 5008 cum
344 4928 624 4998 provincia
657 4927 754 5008 cui‘
779 4936 1009 5008 praeerat
1054 4927 1170 5008 ejus
1209 4930 1462 4998 potestati
1498 4927 1766 5008 permisit.

179 4997 465 5068 Adrianus
498 5011 636 5066 papa
674 4997 840 5068 urbis
864 4997 1063 5068 Romae
1084 4997 1288 5068 legatos
1323 5014 1448 5054 suos
1490 4997 1558 5053 ob
1586 4999 1771 5053 defen-

182 5072 404 5127 sionem
433 5065 686 5121 Romamn
719 5065 973 5137 Ecclesiae
1006 5067 1076 5137 ad
1099 5065 1350 5122 Garolum
1389 5084 1580 5137 regem“
1601 5068 1771 5123 Fran-

183 5153 384 5196 corum
414 5137 562 5208 misit
582 5176 597 5200 ,
629 5135 769 5208 quia
797 5134 949 5208 valde
977 5135 1311 5208 a_flligebatur
1345 5153 1377 5191 a
1407 5134 1532 5208 rege
1561 5136 1772 5206 Lango-

185 5210 493 5264 bardorum
521 5203 822 5269 Desiderio,
859 5204 950 5273 qui
977 5203 1242 5260 Haistulfo
1276 5203 1612 5262 successerat
1636 5246 1652 5271 ,
1686 5203 1771 5260 'ac

182 5294 285 5348 per
316 5275 665 5348 donationem
689 5273 868 5348 _Pipini
900 5274 1042 5348 regis
1068 5273 1398 5348 Francorum
1435 5291 1660 5348 regnum
1692 5282 1773 5348 te-

186 5339 361 5403 nebat
390 5339 881 5403 Langobardorum.
921 5339 1157 5403 Eratque
1183 5339 1326 5399 tunc'
1341 5339 1564 5401 Carolus
1589 5360 1684 5400 rex
1716 5345 1770 5399 in

187 5418 314 5473 loco
360 5416 457 5485 qui
497 5412 693 5485 dicitur
726 5412 1165 5485 Teudonis-villa.
1209 5414 1440 5485 Veniens
1477 5416 1552 5468 ibi
1587 5413 1771 5469 domui

190 5482 485 5558 apostolici
511 5483 720 5558 Amissus
744 5482 994 5558 Adriani,
1037 5485 1252 5558 nomine
1278 5483 1772 5558 Petrustrecibus

191 5551 482 5626 apostolici
509 5553 681 5626 ipsum
709 5553 776 5606 ad
801 5551 1185 5626 defendendam
1213 5561 1450 5626 sanctam
1477 5551 1772 5626 ECclesiam

190 5621 511 5698 posrulavit,
533 5621 804 5698 :utipsum
834 5621 1132 5698 Romanum
1161 5623 1416 5698 populum
1442 5623 1658 5698 superbi
1688 5639 1774 5678 re-

195 5691 279 5767 'gis
298 5692 568 5753 Desiderii
589 5691 871 5746 liberaret:
897 5691 979 5760 adj
987 5691 1192 5764 ungenis
1211 5691 1353 5780 quo}!
1370 5693 1483 5765 ipse
1501 5691 1771 5765 legitimus

522 5785 794 5871 PATROL.
840 5781 1123 5850 XCVIII.

1789 3089 1838 3156 Ο

1867 1819 2055 1858 eorum
2099 1812 2154 1858 et
2191 1803 2418 1874 Oggerio
2455 1804 2511 1874 in
2549 1803 2731 1874 fugam
2768 1810 3166 1858 converterunt.
3216 1802 3439 1859 Carolus

1863 1888 1992 1928 vero
2036 1889 2132 1928 rex
2175 1873 2298 1928 cum
2340 1873 2582 1928 exercitu
2624 1888 2721 1928 suo
2764 1887 2924 1943 super
2965 1881 3178 1943 apertas
3221 1873 3436 1939 clusas,

1865 1943 2158 1997 auxiliante
2189 1944 2419 1998 Domino
2456 1952 2510 1997 et
2547 1951 2732 1998 sancto
2759 1942 2919 1998 Petro
2948 1943 3002 1996 in
3030 1942 3236 1997 Italiam
3272 1944 3439 1998 intra-

1863 2013 1972 2083 vit,
2020 2014 2088 2066 ad
2131 2013 2348 2083 Papiam
2389 2014 2666 2068 civitatem
2697 2028 2866 2081 usque
2902 2013 3186 2083 pervenit:
3233 2013 3289 2066 in
3331 2029 3436 2082 qua

1864 2082 2142 2138 Desiderio
2171 2082 2377 2137 incluso
2406 2085 2579 2148 ipsam
2604 2083 2876 2138 civitatem
2904 2082 3121 2138 ’obsedit
3141 2123 3156 2148 ,
3203 2091 3259 2136 et
3299 2084 3438 2139 vallo

1864 2151 2174 2207 ﬁrmissimo
2205 2151 2576 2208 circumdedit.
2615 2152 2917 2208 Celebravit
2952 2160 3129 2206 autem
3163 2153 3217 2206 in
3248 2152 3438 2207 iisdem

1865 2223 2060 2277 castris
2088 2223 2275 2276 Natale
2300 2223 2533 2288 Domini,
2561 2230 2616 2277 et
2645 2221 2848 2277 Pascha
2877 2221 3077 2277 Romze.
3118 2223 3440 2277 Revertente

1865 2299 2044 2346 autem
2090 2308 2212 2348 cum
2259 2293 2352 2346 Dei
2401 2293 2632 2358 auxilio,
2680 2292 3134 2347 intercedentibus
3183 2294 3439 2360 apostolis

1865 2361 2026 2433 Petro
2049 2372 2102 2433 et
2123 2361 2309 2425 Paulo,
2337 2362 2572 2433 glorioso
2599 2377 2725 2433 rege
2747 2362 2957 2428 Carolo,
2984 2377 3013 2414 a
3039 2361 3279 2433 Romana
3305 2365 3439 2418 urbe

1866 2432 1932 2514 9d
1963 2431 2390 2514 ιῗξψὶειωᾱέηίὲν
2431 2431 2916 2514 mitissimam?
2951 2431 3186 2514 υηιέίίιιις
3223 2432 3438 2514 Lango-

1866 2447 1932 2487 au
1963 2447 2390 2512 rapiamvemt,
2431 2447 2916 2514 tuiquevementes
2951 2447 3186 2556 unutgue
3223 2447 3438 2503 Lango-

1865 2502 2018 2557 bardi
2061 2501 2126 2556 de
2169 2500 2394 2570 smgulis
2437 2503 2744 2557 cmtatibus
2781 2502 2946 2556 Italia:
2984 2502 3082 2554 sub
3124 2501 3338 2556 iderunt
3381 2518 3440 2558 se

1868 2571 2117 2642 dominio,
2132 2579 2186 2626 et
2213 2571 2479 2642 regimini?
2498 2571 2716 2642 gloriosi
2746 2572 2887 2641 regis
2914 2570 3108 2642 Caroli.
3155 2570 3442 2642 Adalgisus

1865 2640 2190 2722 veroﬁlius
2242 2640 2521 2722 Desiderii
2557 2640 2769 2722 fugiens
2817 2640 3011 2722 navem
3061 2640 3316 2722 iniravit,
3374 2643 3443 2722 ad

1866 2709 2388 2781 ConstantinOpolim
2417 2709 2676 2781 perrexit.
2711 2710 2935 2765 Carolus
2962 2723 3088 2764 vero
3106 2710 3338 2781 _Papiam
3366 2711 3444 2765 ci-

1867 2781 2087 2836 vitatem
2124 2796 2161 2834 x
2198 2778 2366 2836 annos
2391 2778 2628 2842 obsedit,
2678 2787 2731 2832 et
2773 2781 2846 2833 ita
2887 2794 3071 2833 mense
3099 2778 3258 2834 Junio
3288 2791 3444 2849 capta

1867 2859 1950 2906 est
1990 2851 2182 2906 civitas
2225 2867 2257 2905 a
2296 2850 2537 2905 Francis.
2586 2849 2754 2903 Porro
2785 2849 3050 2906 gloriosus
3091 2863 3188 2901 rex
3218 2849 3443 2905 Carolus

1867 2929 2062 2990 cuncta
2098 2920 2246 2974 Italia
2285 2921 2385 2990 sibi
2422 2920 2700 2990 subjugata
2735 2917 2818 2990 vei
2852 2917 3128 2990 ordinata,
3170 2919 3444 2990 custodias

1866 2989 2198 3045 Francorum
2239 2991 2292 3044 in
2331 2989 2494 3060 Papia
2524 2987 2741 3060 Civitate
2770 2987 3047 3060 dimissas,
3090 2989 3442 3060 trusoquein

1869 3060 2117 3115 exsilium
2141 3057 2425 3116 Desiderio
2438 3074 2582 3129 rege,
2605 3069 2659 3114 et
2678 3057 2928 3129 Oggerio,
2948 3064 3001 3111 et
3019 3071 3206 3129 uxore,
3233 3065 3289 3129 et
3309 3058 3436 3123 ﬁlia,

1868 3130 1984 3198 ipse
2030 3146 2153 3184 cum
2202 3145 2395 3198 magno
2428 3126 2746 3198 triumpho,
2765 3126 3060 3198 auxiliante
3089 3126 3338 3192 Domino,
3385 3129 3442 3182 in

1913 3201 2095 3255 rancia
2125 3197 2375 3255 reversus
2412 3207 2513 3255 est.
2571 3197 2660 3254 Sic
2701 3214 2923 3267 regnum
2965 3197 3443 3266 Langobardorum

1864 3270 2055 3324 ﬁnivit.
2099 3271 2480 3338 Regnaverunt
2507 3268 2844 3338 Langobardi
2875 3268 3029 3321 annis
3056 3267 3179 3338 214.

1944 3287 2055 3324 ivit.
2099 3287 2192 3329 ne,
2215 3287 2480 3324 naverunt
2507 3287 2844 3338 LangODarGl
2875 3287 3029 3321 annis
3056 3287 3179 3320 zu.

1936 3340 2092 3394 Anno
2121 3287 2255 3406 77%,
2303 3354 2445 3394 anno
2485 3340 2691 3394 scilicet
2728 3338 2761 3392 5
2790 3337 2965 3392 Caroli
3003 3337 3172 3404 regis,
3219 3336 3442 3392 Carolus

1867 3424 1962 3464 rex
1994 3409 2266 3464 hostiliter
2293 3409 2568 3478 ingressus
2596 3417 2678 3464 est
2709 3406 3056 3478 iniSaxonia,
3091 3415 3146 3478 et
3175 3407 3442 3478 destruxit

1867 3479 2050 3533 fanum
2081 3493 2268 3533 eorum
2289 3475 2434 3548 quod
2452 3480 2746 3534 vocabatur
2767 3475 3079 3537 Iiirminsul,
3105 3475 3443 3548 inchoatum:

1871 3563 1976 3619 que
1999 3564 2120 3603 cum
2152 3548 2231 3619 eis
2247 3546 2456 3619 bellum
2475 3548 2731 3619 vix_uu_us
2753 3561 2924 3619 annus
2948 3552 3169 3599 exactus
3198 3546 3278 3619 sic
3299 3546 3445 3619 quod

1874 3615 1982 3674 non
2020 3619 2087 3674 ab
2125 3618 2204 3673 eis
2242 3616 2610 3685 hujuscemodi
2645 3617 2785 3671 facta
2824 3616 2893 3670 sit
2930 3616 3273 3685 permutatio.
3337 3615 3445 3670 Sed

1874 3689 2291 3758 magnanimitas
2338 3687 2482 3759 regis
2527 3704 2590 3743 ac
2633 3693 2890 3757 perpetua
2942 3693 3052 3759 tam
3104 3685 3157 3739 in
3204 3685 3445 3759 adrcrsis

1870 3756 2128 3828 qua—min
2165 3756 2438 3828 prosperis
2475 3756 3041 3828 mentiscumstantia,
3087 3756 3448 3828 mutabilitate

1871 3842 1980 3904 non
2004 3827 2148 3904 vinci
2169 3827 2406 3904 poterat,
2433 3828 2518 3880 vel
2549 3829 2616 3881 ab
2642 3827 2727 3880 his
2755 3842 2874 3904 quae
2902 3840 3061 3903 agere
3088 3834 3325 3904 coeperat
3356 3827 3450 3904 de:

1870 3895 2108 3964 fatigari.
2168 3893 2305 3949 Nam
2355 3910 2628 3964 nunquam
2680 3893 2785 3947 eos
2825 3893 3195 3964 hujuscemodi
3244 3894 3447 3964 aliquid

1869 3961 2246 4031 perpetrantes
2277 3961 2501 4030 impune
2517 3963 2659 4031 ferre
2684 3976 2876 4028 passus
2904 3969 2986 4013 est
3000 4000 3026 4031 ,A
3048 3961 3176 4027 quin
3205 3968 3296 4012 aut
3329 3961 3444 4029 ipse

1871 4029 1940 4085 de
1968 4029 2026 4085 se
2054 4031 2232 4092 ducto,
2268 4038 2360 4083 aut
2395 4044 2492 4098 per
2520 4029 2745 4083 comites
2788 4043 2913 4083 suos
2932 4029 3122 4098 _misso
3167 4031 3404 4082 exercitu
3424 4069 3441 4095 ,

1868 4099 2149 4169 perﬁdiam
2177 4096 2546 4169 ulcisceretur,
2574 4098 2871 4169 et‘dignam
2898 4096 2964 4148 ab
2983 4096 3063 4169 eis
3088 4099 3442 4169 pmnamiexi-

1868 4166 2052 4239 geret,
2100 4168 2439 4239 usquedum
2482 4167 2729 4222 omnibus
2772 4167 2862 4239 qui
2906 4166 3158 4239 resistere
3201 4166 3446 4239 solebant

1866 4236 2259 4308 proﬂigatis,'et
2285 4238 2339 4292 in
2365 4254 2462 4292 sua
2484 4245 2746 4308 potestate
2764 4236 3036 4308 redactis;
3070 4236 3252 4308 decem
3278 4236 3446 4308 millia

1868 4305 2102 4376 namque
2139 4307 2418 4363 hominum
2455 4305 2522 4361 ex
2558 4306 2642 4360 his
2685 4306 2776 4374 qui
2821 4313 3076 4374 utrasque
3114 4305 3259 4376 ripas
3296 4305 3446 4360 Alvis

1868 4375 2106 4431 ﬂuminis
2135 4377 2478 4441 incolebant,
2511 4391 2632 4430 cum
2671 4376 2924 4445 uxoribus
2960 4384 3014 4429 et
3043 4375 3283 4445 parvulis
3313 4377 3444 4430 sub-

1869 4447 2005 4503 latos
2049 4447 2356 4511 transtulit,
2397 4454 2451 4499 et
2486 4447 2592 4500 huc
2637 4453 2796 4514 atque
2832 4444 2956 4500 illuc
2993 4444 3093 4515 per
3119 4444 3347 4499 Galliam
3393 4453 3449 4500 et

1868 4517 2214 4571 Germaniam
2255 4515 2568 4571 multimoda
2607 4515 2870 4570 divisione
2912 4515 3228 4580 distribuit,
3275 4530 3448 4584 eaque

1868 4585 2180 4642 conditione
2217 4601 2249 4639 a
2285 4600 2411 4655 rege
2448 4585 2722 4655 pr0posita
2747 4626 2762 4651 ,
2816 4593 2869 4639 et
2907 4586 2975 4640 ab
3012 4585 3117 4639 illis
3156 4595 3406 4655 suscepta
3430 4625 3446 4650 ,

1869 4664 2104 4725 tractum
2138 4671 2233 4725 per
2264 4662 2341 4709 tot
2355 4653 2769 4725 'annos'bellum
2799 4662 3010 4710 constat
3046 4669 3166 4710 esse
3203 4653 3448 4721 ﬁnitum,

1869 4733 1925 4779 ct
1955 4724 2164 4796 abjecto
2191 4725 2491 4796 daemonum
2520 4724 2664 4796 cultu
2683 4765 2698 4791 ,
2743 4733 2798 4778 et
2836 4725 3047 4796 relictis,
3065 4725 3260 4796 patriis
3287 4741 3453 4780 etcre-

1869 4794 2086 4866 moniis,
2117 4793 2449 4866 Christianae
2462 4793 2600 4866 ﬁdei
2617 4803 2776 4866 atque
2805 4793 3086 4866 religionis
3112 4803 3451 4866 sacramenta

1870 4862 2237 4932 susciperent,
2271 4871 2326 4918 et
2354 4879 2385 4916 a
2411 4863 2635 4918 Francis
2665 4864 2882 4919 adunati
2915 4862 3054 4919 uinus
3085 4879 3208 4917 cum
3238 4864 3316 4915 eis
3349 4878 3450 4931 po-

1868 4931 2029 5003 pulus
2065 4933 2386 4989 efﬁceretur.
2442 4933 2556 4987 Hoc
2592 4934 2733 4988 bello
2771 4935 2896 4989 licet
2928 4949 3026 5000 per
3052 4931 3279 5003 multum
3310 4939 3451 4983 tem-

1868 4998 2017 5076 poris
2064 5004 2307 5076 spatium
2349 5003 2675 5076 traheretur,
2721 5005 2842 5076 _ipse
2890 4998 2997 5076 non
3029 4998 3274 5076 amplius
3325 5013 3451 5076 cum

1871 5067 2029 5143 hoste
2056 5067 2220 5143 quam
2258 5073 2342 5128 bis
2377 5073 2495 5126 acie
2511 5067 2780 5143 _conflixig
2777 5109 2791 5132 ,
2834 5067 3188 5143 semei_juxta_
3207 5075 3450 5143 montem

1871 5144 1962 5209 qui
1989 5134 2254 5210 Os‘Neggi
2284 5143 2479 5210 dicitur
2509 5141 2563 5195 in
2596 5140 2714 5194 loco
2739 5135 3016 5210 Teotmelli
3046 5134 3352 5201 nominato;
3396 5145 3453 5210 et

1872 5206 2068 5263 iterum
2102 5206 2242 5277 apud
2269 5210 2376 5264 Asa
2409 5209 2649 5273 fluvium,
2680 5217 2732 5263 et
2766 5208 2867 5277 hoc
2895 5219 3002 5277 uno
3028 5219 3233 5277 mense,
3264 5206 3451 5277 paucis

1872 5293 2085 5346 quoque
2109 5273 2442 5346 interpositis
2468 5279 2675 5332 diebus.
2705 5273 3245 5346 Iiisiduobuspraeliis
3265 5273 3451 5328 hostes

1873 5342 2015 5402 adeo
2045 5342 2313 5417 proﬂigati
2363 5357 2487 5403 sunt
2519 5362 2579 5398 ac
2620 5344 2811 5417 devicti
2830 5382 2856 5417 ,_
2895 5351 2955 5394 ut
2987 5342 3222 5417 ulterius
3251 5355 3452 5417 regem

1874 5408 2064 5489 neque'
2077 5408 2399 5489 provocare,
2431 5429 2603 5489 neqne
2629 5413 2861 5489 venienti
2895 5412 3178 5489 resisiere,
3211 5409 3314 5489 nisi
3337 5408 3449 5462 ali-

1873 5479 1977 5557 qua
2008 5479 2113 5543 loci
2141 5479 2670 5557 munitionedefensi
2689 5482 2986 5557 _auderent.
3035 5479 3225 5536 Plures
3268 5484 3449 5557 tamen

1873 5544 1938 5612 ἑο
1965 5557 2106 5612 bello
2144 5567 2253 5628 tam
2283 5571 2350 5628 ex
2380 5553 2662 5628 nobilitate
2689 5553 3054 5628 Francorum,
3085 5561 3247 5628 quam
3277 5544 3449 5628 Saxo-

1873 5642 2032 5692 num,
2073 5633 2130 5681 et
2162 5625 2332 5680 functi
2369 5623 2594 5692 summis
2621 5621 2914 5676 honoribus
2941 5621 3245 5684 consumpti
3288 5623 3445 5679 sunt,

1879 5691 2202 5766 tandemque
2228 5708 2370 5754 anno
2394 5694 2464 5754 55
2489 5691 2700 5755 ﬁnitum
2723 5697 2822 5748 est.
2933 5779 3017 5842 [‘5
