3992 6172
174 5744 301 5807 Ἃ

567 270 708 328 1425

1396 332 1399 333 ν
1484 270 1576 325 ΑΙ)
1612 270 1840 326 OPERA
1872 269 1934 324 B.
1968 265 2216 324 CAROLI
2252 264 2467 322 MAGNI
2503 261 2846 321 APPENDIX

3656 226 3805 320 ttat

558 388 836 456 spncrant,
875 380 1235 447 relinquentes
1253 379 1465 456 iterum
1493 377 1969 456 Christianitatem,
1997 391 2124 456 con-
2149 383 2202 440 Α
2224 375 2419 456 populo
2442 374 2768 456 Christiano,
2786 354 3110 456 ,Willelmus
3145 377 3325 456 autem
3353 372 3619 456 pugnavit
3646 373 3808 431 forti-

560 448 839 517 iungentes
860 464 918 504 se
937 464 1059 502 cum
1078 449 1297 517 paganis
1309 448 1401 516 qui
1423 449 1477 501 in
1491 448 1717 517 circuitu
1740 462 1927 501 eorum
1947 455 2120 517 erant.

692 528 749 574 et
779 518 980 588 legatos
1007 516 1306 588 adAvaros
1336 516 1775 588 transmittentes,
1806 516 1982 570 conati
2002 524 2127 570 sunt

554 590 821 649 rebellare
835 585 901 641 in
941 585 1129 654 primis
1162 595 1349 641 contra
1377 586 1577 649 Deum,
1609 585 1801 639 deinde
1825 594 2009 640 contra
2034 600 2123 639 re-

626 675 700 724 m,
731 656 1088 722 ecclesiasque
1114 670 1232 724 qua:
1256 656 1309 709 in
1332 654 1527 708 ﬁnibus
1547 668 1734 709 eorum
1758 663 1912 709 erant
1938 655 2122 708 incen-

626 675 700 724 m,
731 675 1088 722 ecetesmsque
1114 675 1232 724 qua:
1256 675 1309 709 111
1332 675 1527 708 nnwus
1547 675 1734 709 eorum
1758 675 1912 709 erant
1938 675 2122 708 Incen-

552 675 747 786 ἔξωθε
773 724 1076 789 vastabant,
1127 722 1429 794 rejicientes
1457 724 1737 793 episcopos
1766 732 1822 778 et
1848 725 2126 794 presbyte-

555 739 747 786 dentes
773 739 1076 789 vastabant,
1127 739 1429 791 repetentes
1457 739 1737 793 eprscopos
1766 739 1822 778 et
1886 739 2124 794 resnyte-

554 814 649 854 ros
670 797 761 867 qui
788 803 1107 877 supererant
1142 793 1347 915 LForte,
1391 809 1552 873 super
1578 808 1671 847 eos
1696 739 1894 915 erant}:
1943 801 1997 874 et
2019 792 2124 873 'ali-

556 882 692 915 alios
720 882 787 915 ex
816 880 895 915 εις.
922 878 1139 915 eomnre
1179 877 1338 915 enses
1375 862 1707 915 occiderunt.
1739 871 1794 915 et
1820 878 1854 915 ι)
1871 876 2123 915 emssrme

556 862 787 939 quos'ex
816 862 895 920 eis
922 862 1338 939 eomprehensos
1375 862 1708 939 oceiderunt,
1739 871 1794 939 e_t
1820 862 2123 939 plenissime

554 931 625 992 ad
648 936 911 992 culturam
935 931 1197 987 idolorum
1224 932 1467 987 conversi
1496 939 1638 986 sunt.
1670 932 1735 985 Et
1761 931 1956 1001 in’ipso
1982 945 2123 1001 anno

552 1014 773 1061 ventum
793 1013 878 1059 est
898 1002 1177 1072 consilium
1205 1003 1514 1072 pessimum,
1544 1002 1685 1069 quod
1706 1000 1958 1070 Pippinus
1981 1000 2123 1055 ﬁlius

553 1077 697 1146 regis
715 1090 781 1146 ex
794 1070 1090 1146 concubina
1114 1070 1434 1146 Hilinitrude
1446 1072 1660 1146 nomine
1679 1072 1909 1146 genitus,
1936 1078 2123 1146 contra

552 1138 698 1214 regis
733 1145 899 1199 vitam
927 1150 982 1197 et
1014 1140 1244 1214 ﬁliorum
1273 1138 1388 1207 ejus
1432 1141 1635 1214 qui_ex
1679 1138 1913 1214 legitima
1957 1140 2121 1209 geniti

551 1209 695 1278 sunt,
726 1214 894 1269 voluit
922 1227 1105 1284 regem
1138 1219 1205 1284 et
1214 1211 1364 1284 ipsos
1395 1209 1762 1284 occidere,_et
1790 1210 1904 1284 ipse
1932 1224 2029 1278 pro
2057 1224 2122 1263 eo

550 1285 706 1354 quasi
746 1278 1059 1354 Abimeleclt
1086 1282 1141 1335 in
1176 1278 1363 1334 diebus
1388 1278 1635 1354 iudicum
1679 1278 1841 1332 Israel
1872 1293 2120 1347 regnare,

550 1348 644 1423 qui
658 1353 855 1423 occidit
878 1352 1070 1423 fratres
1089 1364 1213 1423 suos
1233 1364 1337 1401 Lxx
1356 1348 1500 1401 viros
1524 1361 1684 1416 super
1704 1362 1867 1401 unam
1890 1357 2119 1423 petram,

549 1417 606 1478 et
633 1422 873 1492 regnavit
898 1436 996 1492 pro
1018 1418 1269 1492 Qedeone
1294 1425 1448 1492 patre
1485 1431 1604 1479 suo,
1644 1431 1768 1471 cum
1804 1417 2007 1492 malitia
2032 1425 2123 1492 ta-

550 1507 676 1547 men
695 1486 758 1545 ἓι
781 1486 925 1545 οάίοῖ
957 1489 1064 1543 Sed
1085 1502 1207 1542 cum
1228 1486 1565 1556 cognovisset
1589 1501 1684 1540 rex
1726 1486 2006 1541 consilium
2032 1487 2122 1541 Pi-

548 1562 662 1631 pini
687 1570 954 1631 eteorum
982 1558 1074 1628 qui
1102 1571 1226 1611 cum
1263 1557 1393 1631 ipsis
1427 1564 1608 1631 erant,
1635 1556 1973 1631 _eoadunavit
1996 1572 2123 1631 con-3

512 1668 517 1673 -
549 1624 769 1686 ventum
798 1624 1126 1683 Francorum
1145 1666 1160 1690 ,
1198 1634 1255 1679 et
1276 1624 1503 1679 aliorum
1528 1624 1763 1678 ﬁdelium
1806 1640 2025 1680 suorum
2052 1628 2122 1682 ad

549 1701 952 1770 Raganesburg,
978 1698 1158 1770 ibique
1182 1695 1466 1770 universus
1483 1695 1708 1765 populus
1729 1696 1822 1764 qui
1850 1710 1973 1770 cum
1995 1712 2120 1767 rege

550 1764 728 1835 era'nt,
742 1764 1308 1847 judicaveruntipsum
1327 1764 1571 1847 Pipinuut
1599 1774 1665 1846 et_
1679 1780 1773 1819 eos
1798 1765 1891 1847 qui
1918 1766 1969 1819 ei
1994 1764 2121 1822 coit-

547 1835 850 1903 senserant,
891 1846 951 1891 ut
986 1835 1490 1905 simul'haareditate
1523 1841 1579 1888 et
1616 1835 1725 1889 vita
1754 1835 2117 1905 privarentur,

547 1917 606 1965 et
630 1911 704 1965 ita
728 1909 793 1963 de
831 1908 1111 1977 aliquibus,
1135 1904 1485 1977 adimpletum
1511 1912 1618 1977 est.
1668 1904 1803 1977 Nam
1828 1905 1907 1977 de
1932 1904 2121 1974 Pipino

547 1979 660 2034 ﬁlio
679 1994 799 2042 suo,
822 1972 948 2046 quia
974 1976 1144 2046 noluit
1171 1989 1270 2046 rex
1280 1972 1354 2046 ut
1374 1974 1731 2046 occideretur,
1746 1972 1764 2041 j
1770 1972 2123 2046 indicaverunt

546 2057 609 2103 ut
632 2049 699 2102 ad
729 2043 1003 2102 servitium
1032 2044 1274 2100 inclinari
1299 2044 1564 2099 debuisset
1590 2061 1605 2108 ;
1642 2044 1784 2113 quod
1820 2043 1895 2098 ita
1920 2043 2121 2099 factum

546 2127 651 2183 est,
687 2126 743 2171 et
763 2117 909 2171 misit
928 2133 1051 2171 eum
1069 2114 1182 2183 jam
1207 2113 1465 2169 clericum
1492 2115 1548 2168 in
1570 2114 1917 2180 monasterio,
1946 2122 2001 2169 et
2024 2114 2121 2171 ibi-

546 2188 669 2244 dem
696 2189 892 2242 iterum
913 2193 1152 2242 moratus
1172 2192 1274 2239 est.

612 2258 768 2311 Anno
804 2257 928 2322 793,
971 2257 1093 2327 ipsa
1122 2254 1329 2327 hieme,
1371 2253 1566 2308 iterum
1601 2252 1727 2309 fecit
1762 2269 1858 2309 rex
1896 2252 2120 2327 Carolus

545 2335 866 2397 conventum
904 2323 1044 2397 apud
1068 2325 1485 2397 Raganesburg;
1536 2331 1740 2397 etcum
1782 2323 2122 2397 cognovisset

544 2388 730 2451 ﬁdeles
758 2412 883 2451 suos
914 2388 1193 2465 e'piscopo's
1210 2432 1242 2465 _,_
1264 2388 1485 2446 abbate-5
1512 2398 1566 2443 et
1584 2388 1969 2465 eomites,_'qui
1995 2407 2119 2465 cum

543 2466 660 2533 ipso
687 2467 759 2520 ibi
788 2458 1012 2518 aderant
1034 2532 1037 2533 ν
1057 2458 1115 2517 et
1150 2462 1413 2533 reliquum
1455 2459 1706 2533 populum
1732 2458 1944 2533 ﬁdelem
1963 2499 1979 2524 ,
2026 2461 2118 2530 qui

545 2528 889 2602 cum'Pipino
934 2534 989 2584 in
1030 2532 1144 2602 ipso
1193 2528 1415 2602 consilio
1462 2529 1696 2598 pessimo
1738 2543 1842 2583 non
1870 2528 2116 2597 fuissent,

543 2598 910 2671 multipliciter
937 2615 1029 2671 eos
1054 2598 1348 2671 honoravit
1369 2598 1428 2671 in
1452 2614 1583 2671 auro
1602 2607 1662 2671 et
1675 2607 1918 2668 argento,
1952 2609 2007 2654 et
2032 2615 2119 2671 se-

544 2671 681 2736 rico,
702 2667 767 2725 'et
795 2669 951 2740 donis
974 2669 1221 2740 plurimis
1244 2684 1257 2735 ;
1289 2674 1342 2721 et
1369 2667 1571 2740 in‘ipsa
1612 2667 1806 2740 hieme
1821 2670 2119 2740 transmisit

542 2756 637 2795 rex
665 2740 889 2795 Carolus
913 2736 1046 2794 duos
1083 2738 1223 2793 ﬁlios
1260 2753 1386 2793 suos
1420 2736 1666 2806 Pipinum
1696 2747 1751 2793 et
1786 2738 2116 2793 Ludovicum

541 2826 663 2867 cum
692 2810 931 2865 exercitu
974 2823 1168 2878 magno
1195 2809 1247 2863 in
1281 2817 1422 2862 terra
1450 2808 1853 2878 Beneventana,
1893 2812 1950 2862 'et
1974 2808 2116 2864 facta

541 2889 625 2936 est
652 2881 724 2934 ibi
746 2880 917 2934 fames
955 2877 1131 2933 valida
1160 2894 1322 2948 super
1352 2877 1604 2948 populum
1634 2886 1689 2931 et
1726 2894 1886 2948 super
1906 2878 2117 2934 exerci-

541 2961 655 3005 tum
681 2951 771 3019 qui
798 2951 1109 3011 advenerat,
1151 2946 1313 3019 ita—ut
1338 2946 1594 3019 aliquanti
1620 2962 1719 3001 nec
1746 2946 1859 3019 ipsa
1885 2949 2116 3019 quadrae

541 3015 742 3090 gesinia
772 3036 828 3073 sc
856 3021 921 3090 ab
947 3034 1045 3090 esu
1071 3015 1613 3090 carniumabstiitere
1646 3015 1965 3090 potuissent.
2009 3017 2116 3090 Sed

540 3084 595 3142 Et
620 3090 789 3142 fames
815 3088 1140 3141 validissima
1162 3087 1214 3139 in
1242 3085 1388 3139 Italia
1411 3084 1802 3154 etBurgundia,
1833 3097 1887 3140 et
1908 3102 2004 3156 per
2024 3088 2120 3143 ali-

541 3174 646 3227 qua
692 3159 803 3211 loca
832 3158 883 3211 in
910 3156 1133 3227 Francia
1162 3156 1521 3227 incumbebat,
1548 3171 1751 3227 necnon
1781 3157 1834 3209 in
1857 3157 2035 3222 Gotia,
2066 3165 2122 3213 et

542 3223 596 3282 in
626 3227 906 3282 Provincia
936 3226 1078 3289 talis,
1122 3234 1182 3278 ut
1218 3225 1369 3278 multi
1400 3239 1466 3278 ex
1492 3224 1604 3293 ipsa
1635 3223 1776 3279 fame
1812 3227 2010 3281 mortui
2036 3243 2122 3283 es-

540 3307 681 3352 sent.
711 3297 823 3351 Rex
846 3312 974 3349 vero
987 3295 1210 3350 Carolus
1229 3309 1350 3366 cum
1373 3293 1509 3366 apud
1534 3294 1911 3366 Raganesburg
1926 3298 2121 3352 iterum

542 3368 868 3422 celebrasset
892 3366 1118 3429 Pascha,
1168 3372 1223 3419 et
1265 3364 1319 3417 in
1356 3363 1552 3434 aestivo
1589 3372 1827 3434 tempore
1867 3363 2122 3422 voluisset

540 3454 662 3491 eum
693 3438 918 3490 navibus
954 3438 1136 3490 venire
1165 3434 1219 3488 in
1253 3434 1499 3497 Francia,
1535 3432 1979 3503 jussit—fossatum
2007 3452 2122 3491 ma-

541 3522 705 3573 gnum
735 3506 912 3560 facere
936 3506 1076 3559 inter
1103 3504 1207 3558 duo
1232 3503 1472 3567 flumina,
1505 3504 1557 3557 id
1593 3512 1675 3558 est
1699 3505 1838 3559 inter
1854 3506 2119 3560 Alimonia

542 3585 598 3628 et
643 3575 884 3627 Batanza
926 3586 977 3638 ιι,
1023 3574 1203 3640 ibique
1245 3573 1473 3640 multum
1522 3573 1831 3640 demoratus
1875 3583 1977 3628 est.
2025 3574 2120 3630 His

542 3644 876 3711 temporibus
921 3639 1180 3711 regnabat
1208 3639 1690 3711 inSpaniaExam
1714 3640 1857 3711 ﬁlius
1879 3641 2120 3711 Abdera-

542 3706 674 3765 man
708 3706 1046 3765 Abinmavia.
1087 3708 1190 3763 Iste
1231 3706 1547 3761 Abinmavia
1577 3709 1862 3764 debellavit
1899 3710 2121 3766 Jusseﬁ-

540 3781 655 3845 bitt,
678 3789 733 3834 et
758 3778 956 3834 occidit
983 3794 1104 3850 eum
1131 3786 1199 3831 et
1215 3776 1356 3832 ﬁlios
1378 3775 1511 3850 ejus,
1550 3780 1898 3850 regnavitque
1932 3796 2029 3850 pro
2054 3797 2118 3837 eo

540 3851 595 3905 in
628 3850 823 3920 Spania
860 3850 1015 3920 annis
1060 3849 1129 3903 55
1167 3855 1221 3901 et
1247 3846 1538 3920 menses}.
1583 3846 1681 3920 llic
1717 3846 1983 3905 crudelior
2006 3867 2120 3905 om-

540 3917 701 3976 nibus
730 3921 944 3990 regibus
973 3919 1365 3990 Saracenorum
1406 3917 1542 3990 fuit,
1564 3919 1811 3990 quiante
1855 3935 1975 3973 eunt
2005 3921 2120 3975 fue-

540 4001 666 4045 runt
704 3991 756 4045 in
782 3987 1000 4059 Spania.
1049 3987 1635 4059 Diversiseruciatibgs
1670 3989 1941 4044 interemit
1966 3990 2121 4044 innu-

538 4056 838 4116 merabiles
872 4060 1172 4114 Saracenos
1201 4064 1255 4111 et
1282 4057 1517 4128 Mauros.
1559 4056 1752 4112 Filium
1780 4073 1990 4127 quoque
2019 4074 2118 4128 pa-

539 4132 640 4185 tris
666 4132 748 4185 sui
776 4130 996 4184 fratrem
1019 4144 1195 4197 suum,
1239 4127 1501 4181 truncatis
1527 4129 1775 4197 manibus
1795 4137 1849 4181 et
1872 4127 2114 4197 pedibus,

540 4200 645 4278 igni
671 4201 900 4255 cremari
924 4198 1102 4278 jussit.
1151 4196 1488 4278 Christianos
1527 4197 1579 4250 in
1608 4196 1805 4278 Spania
1824 4198 2119 4278 etludteos

540 4267 594 4320 in
635 4279 841 4322 tantum
883 4269 1084 4323 tributa
1113 4267 1374 4336 exigendo
1402 4267 1686 4335 oppressit,
1735 4277 1794 4321 ut
1819 4267 1958 4321 ﬁlios
1992 4283 2119 4323 suos

541 4344 593 4390 et
642 4337 777 4390 ﬁlias
820 4354 945 4392 suas
979 4338 1272 4391 venderent
1310 4337 1359 4399 ι),
1410 4346 1463 4407 et
1507 4337 1664 4407 pauci
1695 4337 1865 4392 relicti
1894 4339 2116 4407 penuria

541 4407 897 4469 adicerentur,
926 4415 980 4461 et
1001 4423 1098 4476 per
1121 4422 1423 4476 pressuram
1446 4405 1613 4473 ipsius
1634 4415 1744 4460 tota
1772 4405 1971 4476 Spania
1996 4422 2117 4460 con-

541 4479 751 4531 turbata
781 4486 834 4529 et
868 4474 1181 4545 depopulata
1205 4483 1305 4527 est.
1328 4474 1584 4545 Mortuus
1615 4484 1697 4528 est
1730 4485 1908 4545 autem
1941 4475 2111 4529 Abin-

540 4548 733 4608 mavia,
770 4553 825 4599 et
854 4542 1095 4614 regnavit
1120 4544 1287 4614 Exam
1316 4544 1457 4597 ﬁlius
1484 4543 1599 4611 ejus
1630 4559 1729 4613 pro
1760 4559 1842 4606 eo,
1879 4542 2112 4614 fecitque

542 4616 737 4683 ittalum
765 4615 904 4683 sicut
924 4612 1078 4681 pater
1112 4612 1246 4681 ejus.
1290 4615 1393 4667 Iste
1416 4615 1638 4669 audiens
1665 4615 1804 4683 quod
1830 4627 1922 4667 rex
1950 4612 2114 4669 Caro-

541 4681 622 4735 lus
666 4680 1289 4803 rartibusAuvarorum
1340 4680 1700 4750 perrexisset,
1746 4692 1801 4737 et
1838 4687 2113 4740 aestimans

541 4767 663 4803 dum
725 4747 924 4802 Auvari
952 4759 1135 4801 contra
1177 4765 1355 4803 regem
1382 4753 1591 4803 fortiter
1633 4753 2015 4803 dimicassent.
2059 4762 2113 4803 et

541 4747 683 4820 quod
725 4747 924 4802 Auvari
952 4759 1135 4820 contra
1158 4747 1355 4820 regem
1382 4753 1591 4807 fortiter
1633 4753 2015 4819 dimicassent,
2059 4762 2115 4808 et

540 4815 607 4877 ob
636 4822 774 4889 hanc
800 4833 1017 4889 causam
1053 4818 1107 4870 in
1158 4815 1440 4871 Franciam
1484 4822 1679 4873 reverti
1705 4838 1813 4876 non
1852 4815 2109 4889 licuisset,

541 4892 686 4948 misit
736 4888 1030 4957 Abdelmec
1057 4898 1079 4925 ο
1123 4901 1288 4941 unum
1339 4901 1405 4940 ex
1454 4890 1788 4957 principibus
1834 4893 1945 4947 suis
1990 4888 2113 4946 cum

538 4963 780 5017 exercitu
832 4975 1025 5030 magno
1060 4957 1452 5030 Saracenorum
1499 4957 1566 5010 ad
1616 4960 1934 5030 vastandum
1992 4960 2117 5030 Gal-

539 5032 678 5095 lias;
729 5030 820 5099 qui
864 5027 1137 5084 venientes
1181 5027 1506 5099 Narbonam,
1561 5027 1819 5082 suburbia
1847 5027 1962 5097 ejus
1990 5029 2115 5099 igne

539 5098 929 5170 succenderunt
943 5100 1243 5170 multosque
1257 5098 1609 5163 Christianos,
1638 5113 1701 5153 ac
1716 5100 1899 5170 praeda
1921 5098 2115 5170 magna

539 5178 713 5241 capta,
745 5168 813 5241 ad
840 5169 1440 5241 urbcm_Careassonam
1468 5182 1693 5241 pergere
1720 5168 1988 5235 volentes,
2018 5168 2114 5225 ob-

542 5238 678 5294 viam
722 5238 966 5309 eis,exiit
1007 5238 1308 5292 Willelmus
1345 5240 1858 5309 quondan1_comes,
1917 5241 2114 5309 aliique

539 5311 762 5378 comites
792 5308 1120 5378 Francorum
1159 5324 1279 5362 cum
1321 5324 1405 5372 eo,
1450 5307 1938 5378 commiseruntque
1976 5307 2113 5378 pra:-

539 5376 667 5460 iium
694 5394 856 5460 super
883 5376 1351 5460 fluvium.,Oliveio,
1382 5376 2111 5460 ingravatumquenestjraz-

540 5444 673 5502 lium
716 5444 895 5512 nimis,
946 5447 1242 5517 ceciditque
1275 5444 1510 5502 maxima
1547 5460 1674 5517 pars
1708 5446 1763 5500 in
1805 5447 1896 5501 illa
1939 5444 2025 5502 die
2047 5461 2114 5502 ex

614 5587 641 5614 ι
669 5576 874 5640 Moiss.,
909 5575 1183 5631 Alomom'a
1215 5585 1263 5630 et
1287 5576 1616 5633 Rachamha.

614 5641 643 5679 ι’
668 5643 872 5709 Moiss.,
898 5644 1038 5710 ﬁlios
1064 5655 1110 5699 et
1133 5646 1275 5714 ﬁlias
1312 5663 1434 5700 sitas
1456 5658 1608 5718 atque
1628 5649 1889 5721 mancipia
1934 5650 2114 5705 incen-

302 5808 819 6040 Ἃ

2145 3089 2193 3152 C
2223 3095 2452 3157 votoque

2143 4440 2192 4500 D

2226 443 2312 499 ter
2344 445 2399 498 in
2436 443 2524 498 die
2550 444 2638 497 illa
2667 462 2680 497 :
2711 443 2901 497 videns
2938 458 3066 513 vero
3103 445 3246 513 quod
3289 443 3517 513 sufferre
3545 459 3645 499 eos
3695 462 3805 502 non

2219 522 2423 584 posset,
2453 514 2582 584 quia
2607 513 2739 584 socii
2768 512 2897 584 ejus
2910 511 3229 584 dimiserunt
3252 527 3374 567 eum
3404 511 3700 584 fugientes,
3724 517 3809 573 di-

2222 582 2385 638 vertit
2415 582 2487 652 ab
2506 583 2603 636 eis.
2646 582 2902 652 Saraceni
2930 595 3060 637 vero
3083 582 3311 652 collecta
3335 582 3506 652 spolia
3525 620 3543 646 ,
3589 586 3802 644 reversi

2222 662 2348 707 sunt
2372 652 2425 706 in
2449 650 2725 724 Spaniam.
2762 650 2886 724 ilex
2909 658 3087 724 autem
3112 650 3610 724 Omina—Christo
3651 655 3806 724 amu-

2221 729 2402 786 vante,
2432 719 2506 775 de
2526 721 2714 775 eodem
2760 720 2881 776 loco
2908 721 3001 775 ubi
3038 719 3300 776 fossatum
3334 720 3457 776 ﬁeri
3478 719 3660 788 jussit,
3695 719 3802 781 tia-

2398 788 2645 861 pervenit
2674 789 2743 844 ad
2779 788 3120 858 Francofurt,
3164 798 3222 847 et
3246 789 3320 846 ibi
3362 790 3483 861 ipsa
3506 791 3682 849 hieme
3708 810 3805 852 re-

2318 878 2333 914 l
2366 899 2380 913 .

2220 868 2380 914 sedit.

2287 931 2443 985 Anno
2467 929 2570 986 794
2606 945 2703 986 rex
2721 929 2944 986 Carolus
2969 930 3113 999 apud
3136 930 3318 985 villam
3362 928 3695 986 Franeofurt
3715 948 3801 989 ce-

2219 996 2448 1070 lebravit
2475 999 2701 1055 Pascha.
2745 999 2924 1070 Anno
2943 996 3125 1070 autem
3149 1000 3219 1054 26
3255 999 3417 1070 regni
3447 1001 3531 1070 sui
3556 1004 3801 1070 pervenit

2221 1068 2289 1141 ad
2304 1084 2480 1141 aeres
2504 1069 2730 1141 piissimi
2757 1068 3014 1141 principis
3036 1086 3101 1125 ac
3136 1068 3422 1141 orthodoxi
3448 1068 3632 1141 Caroli
3657 1073 3800 1141 quod

2220 1136 2531 1210 Helefantus
2570 1136 2839 1210 'Ijoletaiue
2882 1136 3054 1210 sedis_
3063 1140 3349 1210 episcopus
3392 1154 3517 1193 cum
3559 1136 3801 1210 alio—epi-

2220 1221 2380 1278 scopo
2416 1209 2557 1263 sedis
2582 1207 2963 1278 Orgelletanze,
3012 1207 3190 1264 Felice
3220 1210 3440 1278 nomine
3464 1223 3560 1263 seu
3590 1207 3800 1266 infelice

2220 1276 2489 1348 indictis;
2519 1279 2611 1348 qui
2637 1276 2873 1348 uterque
2891 1280 3204 1334 asserebant
3222 1277 3479 1343 dicentes,
3511 1279 3660 1348 quod
3691 1281 3798 1334 Do-

2221 1346 2398 1418 minus
2429 1345 2622 1418 noster
2648 1345 2807 1404 Jesus
2835 1345 3113 1418 Christus,
3163 1348 3221 1418 in
3248 1355 3500 1418 quantum
3527 1345 3597 1402 ex
3623 1346 3796 1418 Patre

2221 1424 2312 1488 est
2330 1415 2667 1488 ineﬁ'abiliter
2694 1426 2819 1473 ante
2852 1417 3049 1488 saecula
3076 1415 3322 1488 genitus,
3363 1432 3483 1488 vere
3519 1418 3592 1471 sit
3618 1416 3795 1474 Filius

2221 1485 2337 1551 Dei,
2375 1495 2431 1542 et
2458 1487 2514 1541 in
2533 1497 2795 1569 quantum
2827 1502 2897 1569 ex
2922 1485 3326 1569 Maria'semper
3349 1487 3548 1569 virgine
3566 1502 3794 1569 carnem

2222 1570 2497 1611 assumere
2516 1555 2764 1627 dignatus
2776 1564 2880 1622 est,
2894 1564 3003 1611 non
3018 1572 3200 1627 verus,
3212 1555 3320 1627 sed
3335 1555 3611 1627 adoptivus
3625 1555 3791 1623 illius,

2219 1640 2477 1697 perverso
2502 1623 2619 1681 ausi
2643 1635 2771 1681 sunt
2791 1641 2887 1681 ore
2907 1625 3170 1697 proferre.
3198 1625 3314 1697 Quo
3351 1623 3554 1697 audito,
3573 1623 3691 1697 jam
3711 1627 3793 1682 di-

2220 1703 2340 1751 ctus
2384 1695 2636 1766 princeps
2683 1697 2752 1751 ad
2800 1695 2983 1751 sedem
3029 1696 3408 1766 apostolicam,
3452 1695 3794 1766 Adrianoque

2219 1780 2373 1889 Bapa:
2385 1763 2558 1847 iurbis
2573 1763 2770 1849 Roma
2803 1765 3009 1848 missos.
3024 1763 3221 1837 dirigit,
3249 1781 3315 1821 ac
3333 1779 3496 1835 super
3518 1763 3796 1846 praefatam

2257 1850 2469 1889 aaresrm
2511 1835 2828 1889 praedictum
2863 1836 3169 1889 pontiﬁcem
3206 1834 3518 1889 consulens.
3556 1849 3625 1888 ex
3653 1849 3796 1888 omni

2257 1835 2469 1891 aaresim
2511 1835 2828 1906 praedictum
2862 1834 3169 1906 pontiﬁcem
3206 1834 3536 1906 consulens,_
3556 1849 3625 1888 ex
3653 1835 3799 1906 omni

2218 1903 2446 1988 imperio
2480 1903 2578 1988 suo
2603 1905 2689 1961 vel
2706 1903 2882 1988 regno
2905 1920 3002 1988 per
3027 1906 3266 1964 diversas
3291 1903 3606 1975 provincias

2219 1975 2303 2043 sui
2326 1973 2614 2043 subjectas,
2642 1974 2758 2030 zelo
2787 1973 2922 2030 'ﬁdei
2947 1989 3257 2040 succensus,
3289 1973 3502 2030 summa
3538 1988 3666 2027 cum
3709 1987 3802 2028 ce-

2217 2042 2434 2099 leritate
2448 2046 2831 2113 praecurrentia
2852 2044 3137 2101 multitudo
3163 2044 3483 2106 antistitum,
3511 2042 3685 2097 sacris
3702 2043 3805 2097 ob-

2219 2114 2567 2196 temperando
2612 2115 2893 2196 przeceptis
2913 2155 2928 2182 ,
2966 2116 3022 2170 in
3057 2130 3174 2197 uno,
3207 2114 3431 2183 collegio
3454 2113 3803 2232 aggregando

2219 2191 2469 2232 mnvemt
2498 2186 2638 2232 annd
2675 2183 2874 2232 villam-
2918 2200 3035 2232 num
3076 2185 3268 2232 dicitur
3292 2182 3500 2232 Franco
3526 2189 3614 2232 ur!
3636 2220 3651 2232 .
3702 2181 3803 2232 ubi

2218 2180 2639 2260 convenitapud
2675 2180 2874 2260 villam,
2914 2180 3035 2254 quae
3076 2184 3268 2240 dicitur
3292 2180 3651 2260 Francodlim}
3702 2180 3810 2260 ubi

2218 2249 2762 2323 universali—synodo
2808 2249 3115 2323 cengi'egata
3137 2292 3154 2317 ,
3202 2249 3807 2323 cum_missis_domn_i

2219 2322 2511 2395 apostolici
2527 2315 2751 2395 Adriani
2776 2315 2940 2395 papat',
2986 2315 3081 2395 s:eu
3108 2315 3419 2395 patriarcha
3453 2315 3805 2395 Aquileiensi

2218 2386 2382 2463 Paulo
2406 2386 2862 2463 archiepiscopo;
2883 2386 2977 2463 seu
3000 2386 3159 2463 Petfo
3186 2386 3577 2463 Medioianensi
3596 2386 3808 2463 _are_hi-

2217 2462 2491 2543 Ξρίὲοορου
2522 2454 2616 2543 ερῖπ
2638 2454 2798 2543 etiam
2813 2462 3001 2543 ιιαὲξαξν
3027 2459 3231 2543 Gallia:
3255 2454 3808 2543 Getiaequitas'iﬁ’

2265 2524 2486 2597 alleciae,
2518 2532 2657 2587 sicut
2690 2547 2851 2602 supra
2880 2524 3223 2602 dictumest,‘
3249 2525 3538 2602 episcopis,
3565 2524 3807 2602 __abbat_i-

2216 2600 2335 2675 bus,
2368 2594 2664 2675 monachis,
2691 2594 3042 2675 presbyteris,
3072 2594 3401 2675 diaeeiiibus,
3444 2594 3806 2675 subdiaconi-

2215 2669 2349 2755 bus,
2402 2670 2543 2755 illic?
2589 2668 2726 2755 quos
2771 2668 2938 2753 etiam
2969 2668 3292 2755 venerabilis
3303 2681 3381 2755 ,ac
3416 2668 3808 2755 sanctissimas

2217 2740 2384 2812 abbas
2436 2736 2757 2797 Benedictus
2802 2742 2924 2812 qui_
2955 2747 3181 2812 vocatur
3232 2736 3428 2812 Yitiza,
3477 2736 3807 2812 monasterii

2214 2808 2541 2883 linianensis
2560 2825 2591 2864 a
2616 2806 2859 2883 partibti's
2884 2808 3079 2883 Gotiai,
3104 2817 3159 2865 et
3183 2806 3801 2883 religiososmonacHOS.

2215 2878 2376 2950 Bede,
2406 2879 2552 2935 Ardo
2580 2872 2672 2950 qui
2716 2889 2771 2934 et
2800 2872 3805 2950 Smaragdus,seu'eunctisjratribus

2215 2897 2376 2945 neue,
2406 2897 2552 2935 aruo
2580 2897 2672 2950 qut
2716 2897 2771 2934 Bt
2801 2897 2992 2936 amara
3031 2897 3152 2944 aus,
3178 2897 3275 2934 seu
3302 2897 3508 2932 cuneus
3536 2897 3796 2928 trdu'tuua

2215 2948 2328 3022 suis
2377 2950 2671 3022 discipulis.
2726 2950 2792 3004 Hi
2838 2960 2964 3022 sunt
2995 2897 3231 3022 ingeila,
3286 2946 3462 3011 Aimo,
3517 2942 3796 3022 Rabanltsu

2218 3016 2480 3088 Georgius
2510 3012 2632 3074 cum
2664 3022 2877 3076 caeteris
2910 3012 3167 3075 fratribus
3205 3012 3505 3084 eunctoque
3532 3012 3678 3068 clero
3709 3012 3800 3067 de-

2223 3095 2452 3136 vntnnue
2472 3089 2666 3136 nonnln
2689 3091 2893 3136 naritm'
2915 3096 3223 3136 agamnam.
3269 3080 3407 3136 (Hoc
3426 3093 3656 3136 tempore
3694 3081 3802 3136 ﬂo-

2225 3080 3223 3213 votoquefopulopariteraggregato.
3259 3080 3407 3210 (illoc
3420 3080 3656 3153 tempore

2225 3157 2522 3243 ιύιξ.Αιῖ..ο
2549 3168 2806 3243 magister
2831 3176 2920 3243 qm
2946 3160 3274 3243 ειβφειεεξ.
3296 3151 3802 3243 ιιξῖ),,9ξιὲἓξξξι.ἀξ9

2219 3228 2578 3284 residentibus
2607 3221 2817 3285 cunctis
2848 3221 2912 3283 in
2940 3229 3063 3284 aula
3086 3221 3298 3297 palatii,
3330 3221 3697 3297 assistentibus
3741 3221 3799 3275 in

2221 3299 2437 3373 modum
2466 3313 2678 3373 corona:
2703 3299 3046 3373 presbyteris
3071 3296 3125 3352 et
3151 3296 3487 3373 diacopibltsi
3511 3304 3719 3373 ρςουρρ
3740 3298 3797 3373 3"

2223 3368 2474 3441 universo
2499 3369 2677 3441 elero,_
2700 3359 2755 3421 in
2782 3359 3067 3441 praisentia
3086 3364 3327 3437 praedicti
3348 3361 3607 3433 principis
3630 3359 3798 3441 aiiata

2220 3446 2304 3490 est
2339 3436 2564 3504 epistola
2605 3436 2767 3489 missa
2783 3435 2863 3491 ab
2906 3435 3209 3499 Helefa‘nto,
3257 3441 3479 3504 auctore
3506 3435 3704 3504 negotii
3740 3435 3800 3504 in

2219 3498 2841 3575 urbe,'Toletanae,sedis
2857 3506 3128 3575 antistite,
3159 3498 3431 3575 spalensis
3448 3498 3686 3575 finitimi,
3711 3498 3801 3553 ad-

2213 3568 2474 3651 junctoei
2494 3575 2641 3629 socio
2653 3573 2827 3651 Felice
2840 3568 3190 3651 Qrgelletana:
3198 3568 3349 3651 sedis
3367 3570 3613 3651 praesuie.
3642 3568 3803 3651 Gutu-

2218 3641 2325 3713 que
2345 3642 2569 3710 jubente
2589 3658 2716 3713 rege
2735 3641 2949 3713 publica
2970 3641 3101 3700 voce
3119 3644 3346 3713 recitata
3365 3641 3581 3713 fuisset,
3614 3641 3798 3713 statim

2218 3710 2446 3782 surgens
2469 3710 2795 3785 venerabilis
2821 3713 3069 3785 princeps
3096 3714 3162 3770 de
3180 3712 3311 3768 sella
3332 3712 3502 3785 regia,
3533 3710 3805 3785 _stetit__su-

2218 3778 2339 3852 pra'
2354 3782 2617 3852 gradum;
2667 3778 2930 3852 allocutus
2972 3778 3056 3839 est
3099 3784 3166 3839 de
3210 3797 3376 3838 causa
3396 3778 3550 3852 'ﬁdei
3590 3778 3802 3852 prolixo

2220 3850 2488 3917 sermone,
2534 3859 2591 3907 et
2626 3850 2855 3920 adjecit:
2891 3852 3030 3919 Quid
3074 3854 3227 3909 vobis
3256 3850 3513 3920 videtur?
3558 3851 3630 3903 ab
3664 3862 3804 3920 anno

2218 3935 2441 3993 prorsus
2478 3918 2778 3991 praeterito,
2810 3930 2866 3976 et
2886 3918 2969 3993 ex
2997 3923 3303 3993 quocmpit
3326 3919 3486 3993 huius
3522 3920 3696 3990 pestis
3729 3918 3805 3971 in-

2220 3991 2393 4066 sauia,
2424 3990 2758 4066 tumescente
2776 3990 3033 4066 perfidia;
3043 3990 3235 4066 sulcus
3258 3990 3515 4066 ebullire,
3532 4004 3641 4043 non
3684 4002 3805 4066 par:

2219 4074 2318 4114 vus
2347 4060 2402 4132 in
2428 4060 2512 4114 his
2534 4059 2863 4132 regionibus,
2894 4061 3018 4117 licet
3042 4061 3096 4116 in
3117 4060 3379 4117 extremis
3406 4059 3601 4132 finibus
3645 4059 3803 4126 regni

2220 4130 2415 4194 nostri,
2462 4128 2621 4184 error
2662 4130 2904 4197 inolevit,
2952 4144 3112 4197 quem
3144 4144 3375 4186 censura
3413 4128 3535 4183 ﬁdei
3573 4139 3804 4181 necesse

2219 4207 2304 4253 est
2332 4198 2581 4253 omnibus
2626 4215 2890 4255 resecare.
2937 4198 3072 4255 Cum
3122 4200 3417 4255 imurecata
3459 4206 3517 4252 et
3544 4208 3804 4252 concessa

2221 4276 2362 4323 esset
2387 4283 2611 4339 morosa
2639 4269 2838 4324 oblatio
2874 4285 2974 4339 per
3015 4270 3130 4324 dies
3174 4265 3399 4339 aliquot,
3444 4268 3644 4339 placuit
3682 4265 3805 4330 ejus

2221 4338 2617 4409 mansuetudini
2637 4347 2698 4392 ut
2723 4337 3089 4408 unustjuisque
3106 4337 3807 4409 quidq‘uidingeniieaptus

2222 4407 2422 4479 rectius
2444 4408 2643 4479 sentire
2666 4404 2943 4479 potuisset,
2971 4404 3070 4479 pler
3099 4404 3282 4462 sacras
3306 4404 3541 4479 syllabas
3572 4404 3671 4479 die
3698 4411 3809 4457 sta-

2219 4485 2336 4547 tuto
2363 4474 2479 4547 ejus
2497 4474 2794 4531 clementia:
2819 4474 3061 4533 oblatum
3090 4479 3174 4532 sui
3199 4474 3433 4547 pectoris
3457 4476 3587 4530 ﬁdei
3608 4486 3809 4547 munus

2220 4545 2423 4600 ferculo
2445 4547 2638 4600 mentis
2665 4547 3005 4603 vivacitatem
3030 4543 3286 4613 deferret,
3317 4547 3407 4601 ubi
3426 4543 3810 4613 post_m_ultum

2218 4614 2590 4687 diutinumque
2627 4624 2915 4672 tractatum
2940 4657 2955 4683 ,
3003 4609 3358 4687 Novoque'ae
3392 4609 3573 4665 Veteri
3601 4609 3811 4687 τεθω-

2218 4694 2401 4740 mento
2443 4679 2680 4755 pe'rlecto
2702 4727 2716 4753 ,
2767 4703 2831 4741 ac
2871 4679 3280 4742 orthodoxoi'um
3323 4680 3553 4734 Patrum
3600 4679 3810 4750 dogma

2217 4763 2614 4828 percurrentes,
2654 4771 2966 4828 carumque
2991 4756 3288 4828 doctrinam
3309 4757 3609 4828 sequentes
3631 4788 3648 4812 ,
3678 4763 3810 4828 oui-

2221 4818 2317 4876 ires
2346 4825 2696 4893 suprascripti
2721 4818 3045 4879 sanctissimi
3074 4826 3262 4881 Patres
3282 4818 3441 4891 atque
3472 4818 3810 4875 universalis

2220 4893 2453 4962 synodus
2481 4891 2701 4960 impiam
2725 4894 2971 4948 hmresim
2991 4911 3100 4949 una
3123 4910 3255 4951 voce
3272 4897 3600 4962 respuerant
3643 4895 3811 4956 atque

2219 4961 2676 5034 eontradixerunt,
2730 4964 2976 5034 hancque
2999 4966 3253 5020 haeresim
3284 4961 3538 5034 funditus
3561 4964 3811 5034 {saneta

2219 5030 2458 5086 Ecclesia
2490 5032 2867 5087 eradicandam
2888 5025 3219 5098 statuerunt,
3262 5033 3545 5087 dicentes:
3590 5028 3684 5082 Dei
3715 5025 3815 5081 Fi-

2219 5100 2322 5154 lius
2350 5100 2583 5154 hominis
2609 5098 2783 5157 factus
2808 5112 2891 5157 est
2918 5104 3077 5167 ﬁlius,
3101 5113 3260 5158 natus
3285 5110 3371 5157 est
3394 5098 3815 5167 secundumve-

2222 5170 2433 5223 ritatem
2463 5176 2669 5224 naturae
2692 5187 2757 5226 ex
2782 5173 2892 5227 Deo
2925 5173 3022 5228 Dei
3045 5166 3233 5234 Filius,
3274 5171 3576 5226 secundum
3600 5166 3812 5220 verita-

2218 5246 2327 5293 tem
2353 5246 2558 5293 naturae
2584 5254 2648 5294 ex
2680 5243 2896 5297 homine
2921 5242 3157 5298 hominis
3185 5241 3351 5305 ﬁlius,
3393 5248 3455 5294 ut
3477 5237 3677 5293 veritas
3708 5251 3843 5305 ge-,

2217 5308 2316 5390 niti
2363 5322 2469 5361 non
2516 5309 2901 5390 adoptionem“,
2954 5327 3062 5366 non
3101 5311 3561 5390 appellationem_,

2217 5385 2444 5447 utraque
2475 5378 2752 5434 nativitate
2795 5379 2889 5434 ﬁlii
2917 5395 3114 5435 nomen
3133 5378 3416 5434 nascendo
3443 5378 3670 5433 haberet
3689 5414 3709 5439 ,
3728 5444 3740 5447 _
3758 5381 3814 5428 et

2215 5444 2539 5503 esset—verus
2556 5447 2696 5504 Deus
2723 5457 2780 5504 et
2805 5464 2967 5505 verus
2987 5450 3173 5517 homo,
3196 5463 3340 5504 unus
3357 5447 3533 5504 Filius
3551 5444 3815 5517 proprius

2212 5581 2391 5636 derant
2414 5598 2432 5645 ;
2477 5580 2668 5635 melius
2690 5581 2857 5635 codex
2888 5589 3089 5649 noster,
3114 5580 3412 5637 venderent.

2288 5663 2310 5691 υ
2344 5651 2522 5705 Moiss.
2537 5690 2550 5717 ,
2578 5649 2908 5707 Aldelmelec.
