  <div class='ocr_page' id='page_1' title='image "/cluster/home/n/w/nwhite01/storage/ocr_20150623/98/uva.x000827056/720.png"; bbox 0 0 3992 6172; ppageno 0'>
   <div class='ocr_carea' id='block_1_1' title="bbox 205 292 342 353">
    <p class='ocr_par' dir='ltr' id='par_1_1' title="bbox 205 292 342 353">
     <span class='ocr_line' id='line_1_1' title="bbox 205 292 342 353; baseline 0.007 -2"><span class='ocrx_word' id='word_1_1' title='bbox 205 292 342 353; x_wconf 70' lang='lat'><strong>“25</strong></span> 
     </span>
    </p>
   </div>
   <div class='ocr_carea' id='block_1_2' title="bbox 1032 275 2595 352">
    <p class='ocr_par' dir='ltr' id='par_1_2' title="bbox 1032 275 2595 352">
     <span class='ocr_line' id='line_1_2' title="bbox 1032 275 2595 352; baseline -0.001 -10"><span class='ocrx_word' id='word_1_2' title='bbox 1032 280 1274 344; x_wconf 78' lang='lat' dir='ltr'><strong>SECTIO</strong></span> <span class='ocrx_word' id='word_1_3' title='bbox 1309 275 1379 352; x_wconf 78' lang='grc' dir='ltr'><strong>Π,</strong></span> <span class='ocrx_word' id='word_1_4' title='bbox 1416 276 1803 343; x_wconf 81' lang='lat' dir='ltr'><strong>HISTORICA.</strong></span> <span class='ocrx_word' id='word_1_5' title='bbox 1839 312 1909 326; x_wconf 92' lang='lat'><strong><em>—</em></strong></span> <span class='ocrx_word' id='word_1_6' title='bbox 1945 282 2103 344; x_wconf 78' lang='lat' dir='ltr'><strong>VET.</strong></span> <span class='ocrx_word' id='word_1_7' title='bbox 2143 282 2305 342; x_wconf 84' lang='lat' dir='ltr'><strong>ANN.</strong></span> <span class='ocrx_word' id='word_1_8' title='bbox 2346 282 2595 342; x_wconf 83' lang='lat' dir='ltr'><strong>FRANC.</strong></span> 
     </span>
    </p>
   </div>
   <div class='ocr_carea' id='block_1_3' title="bbox 3318 287 3452 342">
    <p class='ocr_par' dir='ltr' id='par_1_3' title="bbox 3318 287 3452 342">
     <span class='ocr_line' id='line_1_3' title="bbox 3318 287 3452 342; baseline 0 0"><span class='ocrx_word' id='word_1_9' title='bbox 3318 287 3452 342; x_wconf 68' lang='grc'><strong>1426</strong></span> 
     </span>
    </p>
   </div>
   <div class='ocr_carea' id='block_1_4' title="bbox 201 394 3451 524">
    <p class='ocr_par' dir='ltr' id='par_1_4' title="bbox 201 394 3451 524">
     <span class='ocr_line' id='line_1_4' title="bbox 201 394 3451 524; baseline -0.001 -61"><span class='ocrx_word' id='word_1_10' title='bbox 201 423 267 464; x_wconf 86' lang='lat' dir='ltr'><strong>ex</strong></span> <span class='ocrx_word' id='word_1_11' title='bbox 296 412 523 474; x_wconf 85' lang='lat' dir='ltr'><strong>utraque</strong></span> <span class='ocrx_word' id='word_1_12' title='bbox 552 405 765 464; x_wconf 85' lang='lat' dir='ltr'><strong>natura,</strong></span> <span class='ocrx_word' id='word_1_13' title='bbox 795 394 905 453; x_wconf 87' lang='lat' dir='ltr'><strong>non</strong></span> <span class='ocrx_word' id='word_1_14' title='bbox 924 398 1250 480; x_wconf 70' lang='lat' dir='ltr'><strong>adoptivus;</strong></span> <span class='ocrx_word' id='word_1_15' title='bbox 1272 400 1420 482; x_wconf 44' lang='lat' dir='ltr'><strong>.quia</strong></span> <span class='ocrx_word' id='word_1_16' title='bbox 1448 398 1673 468; x_wconf 84' lang='lat' dir='ltr'><strong>impium</strong></span> <span class='ocrx_word' id='word_1_17' title='bbox 1716 404 1772 453; x_wconf 91' lang='lat' dir='ltr'><strong>et</strong></span> <span class='ocrx_word' id='word_1_18' title='bbox 1796 398 1849 461; x_wconf 82' lang='grc' dir='ltr'><strong>Α</strong></span> <span class='ocrx_word' id='word_1_19' title='bbox 1873 409 2067 483; x_wconf 80' lang='lat' dir='ltr'><strong>nerunt</strong></span> <span class='ocrx_word' id='word_1_20' title='bbox 2086 409 2142 458; x_wconf 88' lang='lat' dir='ltr'><strong>et</strong></span> <span class='ocrx_word' id='word_1_21' title='bbox 2156 399 2455 470; x_wconf 87' lang='lat' dir='ltr'><strong>jussionem</strong></span> <span class='ocrx_word' id='word_1_22' title='bbox 2468 397 3010 524; x_wconf 49' lang='lat' dir='ltr'><strong>suaneixromittentes</strong></span> <span class='ocrx_word' id='word_1_23' title='bbox 3033 396 3275 469; x_wconf 88' lang='lat' dir='ltr'><strong>implere,</strong></span> <span class='ocrx_word' id='word_1_24' title='bbox 3300 410 3353 457; x_wconf 91' lang='lat' dir='ltr'><strong>et</strong></span> <span class='ocrx_word' id='word_1_25' title='bbox 3376 404 3451 459; x_wconf 90' lang='lat' dir='ltr'><strong>ita</strong></span> 
     </span>
     <span class='ocr_line' id='line_1_5' title="bbox 201 467 3448 524; baseline 0 0"><span class='ocrx_word' id='word_1_26' title='bbox 201 475 482 524; x_wconf 81' lang='lat' dir='ltr'><strong>nmfanum</strong></span> <span class='ocrx_word' id='word_1_27' title='bbox 525 479 609 524; x_wconf 88' lang='lat' dir='ltr'><strong>est</strong></span> <span class='ocrx_word' id='word_1_28' title='bbox 652 470 762 524; x_wconf 90' lang='lat' dir='ltr'><strong>Deo</strong></span> <span class='ocrx_word' id='word_1_29' title='bbox 792 468 941 523; x_wconf 86' lang='lat' dir='ltr'><strong>Patri</strong></span> <span class='ocrx_word' id='word_1_30' title='bbox 964 475 1191 524; x_wconf 74' lang='lat' dir='ltr'><strong>aeterno.</strong></span> <span class='ocrx_word' id='word_1_31' title='bbox 1225 467 1420 523; x_wconf 87' lang='lat' dir='ltr'><strong>Filium</strong></span> <span class='ocrx_word' id='word_1_32' title='bbox 1446 475 1772 523; x_wconf 71' lang='lat' dir='ltr'><strong>cozetemum</strong></span> <span class='ocrx_word' id='word_1_33' title='bbox 1874 469 2124 524; x_wconf 85' lang='lat' dir='ltr'><strong>dominus</strong></span> <span class='ocrx_word' id='word_1_34' title='bbox 2174 486 2268 524; x_wconf 92' lang='lat' dir='ltr'><strong>rex</strong></span> <span class='ocrx_word' id='word_1_35' title='bbox 2300 472 2494 524; x_wconf 91' lang='lat' dir='ltr'><strong>iterum</strong></span> <span class='ocrx_word' id='word_1_36' title='bbox 2526 485 2587 524; x_wconf 90' lang='lat' dir='ltr'><strong>cr</strong></span> <span class='ocrx_word' id='word_1_37' title='bbox 2657 483 2756 524; x_wconf 92' lang='lat' dir='ltr'><strong>ens</strong></span> <span class='ocrx_word' id='word_1_38' title='bbox 2788 483 2870 524; x_wconf 85' lang='lat' dir='ltr'><strong>eis</strong></span> <span class='ocrx_word' id='word_1_39' title='bbox 2904 469 3220 524; x_wconf 78' lang='lat' dir='ltr'><strong>nullumque</strong></span> <span class='ocrx_word' id='word_1_40' title='bbox 3241 471 3448 524; x_wconf 86' lang='lat' dir='ltr'><strong>interﬁ-</strong></span> 
     </span>
    </p>
   </div>
   <div class='ocr_carea' id='block_1_5' title="bbox 201 467 1772 548">
    <p class='ocr_par' dir='ltr' id='par_1_5' title="bbox 201 467 1772 548">
     <span class='ocr_line' id='line_1_6' title="bbox 201 467 1772 548; baseline -0.006 -17"><span class='ocrx_word' id='word_1_41' title='bbox 201 467 482 548; x_wconf 72' lang='lat' dir='ltr'><strong>profanufn</strong></span> <span class='ocrx_word' id='word_1_42' title='bbox 525 470 762 548; x_wconf 81' lang='lat' dir='ltr'><strong>est__D_eo</strong></span> <span class='ocrx_word' id='word_1_43' title='bbox 792 468 941 548; x_wconf 76' lang='lat' dir='ltr'><strong>Patri</strong></span> <span class='ocrx_word' id='word_1_44' title='bbox 958 467 1191 548; x_wconf 59' lang='lat' dir='ltr'><strong>eaterno,</strong></span> <span class='ocrx_word' id='word_1_45' title='bbox 1225 467 1420 548; x_wconf 69' lang='lat' dir='ltr'><strong>Filium</strong></span> <span class='ocrx_word' id='word_1_46' title='bbox 1446 467 1772 548; x_wconf 70' lang='lat' dir='ltr'><strong>cozetemum</strong></span> 
     </span>
    </p>
   </div>
   <div class='ocr_carea' id='block_1_6' title="bbox 202 537 1774 616">
    <p class='ocr_par' dir='ltr' id='par_1_6' title="bbox 202 537 1774 616">
     <span class='ocr_line' id='line_1_7' title="bbox 202 537 1774 616; baseline -0.009 -16"><span class='ocrx_word' id='word_1_47' title='bbox 202 537 257 601; x_wconf 74' lang='lat' dir='ltr'><strong>et</strong></span> <span class='ocrx_word' id='word_1_48' title='bbox 283 543 555 616; x_wconf 88' lang='lat' dir='ltr'><strong>proprium</strong></span> <span class='ocrx_word' id='word_1_49' title='bbox 598 540 704 596; x_wconf 87' lang='lat' dir='ltr'><strong>dici</strong></span> <span class='ocrx_word' id='word_1_50' title='bbox 731 539 1120 616; x_wconf 81' lang='lat' dir='ltr'><strong>et_adoptivum</strong></span> <span class='ocrx_word' id='word_1_51' title='bbox 1144 578 1159 604; x_wconf 97' lang='lat'><strong>,</strong></span> <span class='ocrx_word' id='word_1_52' title='bbox 1205 537 1300 616; x_wconf 87' lang='lat' dir='ltr'><strong>sed</strong></span> <span class='ocrx_word' id='word_1_53' title='bbox 1321 552 1511 591; x_wconf 91' lang='lat' dir='ltr'><strong>verum</strong></span> <span class='ocrx_word' id='word_1_54' title='bbox 1547 546 1601 616; x_wconf 91' lang='lat' dir='ltr'><strong>et</strong></span> <span class='ocrx_word' id='word_1_55' title='bbox 1645 551 1774 616; x_wconf 57' lang='grc' dir='ltr'><strong>ριιοτ</strong></span> 
     </span>
    </p>
   </div>
   <div class='ocr_carea' id='block_1_7' title="bbox 198 608 1777 685">
    <p class='ocr_par' dir='ltr' id='par_1_7' title="bbox 198 608 1777 685">
     <span class='ocr_line' id='line_1_8' title="bbox 198 608 1777 685; baseline -0.006 -16"><span class='ocrx_word' id='word_1_56' title='bbox 198 608 399 685; x_wconf 64' lang='lat' dir='ltr'><strong>prium,</strong></span> <span class='ocrx_word' id='word_1_57' title='bbox 423 613 561 668; x_wconf 80' lang='lat' dir='ltr'><strong>sicut</strong></span> <span class='ocrx_word' id='word_1_58' title='bbox 581 623 754 685; x_wconf 68' lang='lat' dir='ltr'><strong>supra</strong></span> <span class='ocrx_word' id='word_1_59' title='bbox 779 608 979 685; x_wconf 77' lang='lat' dir='ltr'><strong>dictum</strong></span> <span class='ocrx_word' id='word_1_60' title='bbox 999 615 1105 685; x_wconf 69' lang='lat' dir='ltr'><strong>est,</strong></span> <span class='ocrx_word' id='word_1_61' title='bbox 1149 622 1217 685; x_wconf 78' lang='lat' dir='ltr'><strong>ex</strong></span> <span class='ocrx_word' id='word_1_62' title='bbox 1234 612 1463 685; x_wconf 90' lang='lat' dir='ltr'><strong>utraque</strong></span> <span class='ocrx_word' id='word_1_63' title='bbox 1488 614 1681 685; x_wconf 77' lang='lat' dir='ltr'><strong>natura</strong></span> <span class='ocrx_word' id='word_1_64' title='bbox 1721 612 1777 661; x_wconf 90' lang='lat' dir='ltr'><strong>et</strong></span> 
     </span>
    </p>
   </div>
   <div class='ocr_carea' id='block_1_8' title="bbox 200 676 1776 753">
    <p class='ocr_par' dir='ltr' id='par_1_8' title="bbox 200 676 1776 753">
     <span class='ocr_line' id='line_1_9' title="bbox 200 676 1776 753; baseline -0.007 -13"><span class='ocrx_word' id='word_1_65' title='bbox 200 676 349 740; x_wconf 72' lang='lat' dir='ltr'><strong>credi</strong></span> <span class='ocrx_word' id='word_1_66' title='bbox 377 676 431 737; x_wconf 87' lang='lat' dir='ltr'><strong>et</strong></span> <span class='ocrx_word' id='word_1_67' title='bbox 449 676 732 753; x_wconf 63' lang='lat' dir='ltr'><strong>praedicari</strong></span> <span class='ocrx_word' id='word_1_68' title='bbox 768 679 983 733; x_wconf 85' lang='lat' dir='ltr'><strong>debere.</strong></span> <span class='ocrx_word' id='word_1_69' title='bbox 1012 676 1273 753; x_wconf 80' lang='lat' dir='ltr'><strong>Omnium_</strong></span> <span class='ocrx_word' id='word_1_70' title='bbox 1292 684 1473 753; x_wconf 90' lang='lat' dir='ltr'><strong>autem</strong></span> <span class='ocrx_word' id='word_1_71' title='bbox 1496 676 1776 753; x_wconf 68' lang='lat' dir='ltr'><strong>haeretico-</strong></span> 
     </span>
    </p>
   </div>
   <div class='ocr_carea' id='block_1_9' title="bbox 200 744 1776 823">
    <p class='ocr_par' dir='ltr' id='par_1_9' title="bbox 200 744 1776 823">
     <span class='ocr_line' id='line_1_10' title="bbox 200 744 1776 823; baseline -0.006 -14"><span class='ocrx_word' id='word_1_72' title='bbox 200 768 324 811; x_wconf 87' lang='lat' dir='ltr'><strong>rum</strong></span> <span class='ocrx_word' id='word_1_73' title='bbox 350 744 601 823; x_wconf 74' lang='lat' dir='ltr'><strong>perversa</strong></span> <span class='ocrx_word' id='word_1_74' title='bbox 630 750 877 823; x_wconf 82' lang='lat' dir='ltr'><strong>dogmata</strong></span> <span class='ocrx_word' id='word_1_75' title='bbox 903 762 1026 801; x_wconf 91' lang='lat' dir='ltr'><strong>cum</strong></span> <span class='ocrx_word' id='word_1_76' title='bbox 1054 744 1361 823; x_wconf 70' lang='lat' dir='ltr'><strong>auctoribus</strong></span> <span class='ocrx_word' id='word_1_77' title='bbox 1382 752 1436 799; x_wconf 89' lang='lat' dir='ltr'><strong>et</strong></span> <span class='ocrx_word' id='word_1_78' title='bbox 1460 744 1776 823; x_wconf 66' lang='lat' dir='ltr'><strong>sequacibus</strong></span> 
     </span>
    </p>
   </div>
   <div class='ocr_carea' id='block_1_10' title="bbox 200 812 1777 885">
    <p class='ocr_par' dir='ltr' id='par_1_10' title="bbox 200 812 1777 885">
     <span class='ocr_line' id='line_1_11' title="bbox 200 812 1777 885; baseline -0.01 -6"><span class='ocrx_word' id='word_1_79' title='bbox 200 812 390 879; x_wconf 79' lang='lat' dir='ltr'><strong>eorum</strong></span> <span class='ocrx_word' id='word_1_80' title='bbox 415 828 617 876; x_wconf 68' lang='lat' dir='ltr'><strong>mterno</strong></span> <span class='ocrx_word' id='word_1_81' title='bbox 635 812 977 871; x_wconf 69' lang='lat' dir='ltr'><strong>anathemate</strong></span> <span class='ocrx_word' id='word_1_82' title='bbox 1002 814 1220 885; x_wconf 83' lang='lat' dir='ltr'><strong>percelli</strong></span> <span class='ocrx_word' id='word_1_83' title='bbox 1239 812 1641 885; x_wconf 63' lang='lat' dir='ltr'><strong>judicaveriint,</strong></span> <span class='ocrx_word' id='word_1_84' title='bbox 1674 812 1777 868; x_wconf 85' lang='lat' dir='ltr'><strong>He-</strong></span> 
     </span>
    </p>
   </div>
   <div class='ocr_carea' id='block_1_11' title="bbox 201 883 1778 948">
    <p class='ocr_par' dir='ltr' id='par_1_11' title="bbox 201 883 1778 948">
     <span class='ocr_line' id='line_1_12' title="bbox 201 883 1778 948; baseline -0.007 0"><span class='ocrx_word' id='word_1_85' title='bbox 201 892 465 948; x_wconf 84' lang='lat' dir='ltr'><strong>lefantum</strong></span> <span class='ocrx_word' id='word_1_86' title='bbox 487 904 616 946; x_wconf 91' lang='lat' dir='ltr'><strong>vero</strong></span> <span class='ocrx_word' id='word_1_87' title='bbox 651 894 705 942; x_wconf 94' lang='lat' dir='ltr'><strong>et</strong></span> <span class='ocrx_word' id='word_1_88' title='bbox 734 886 967 941; x_wconf 88' lang='lat' dir='ltr'><strong>Felicem</strong></span> <span class='ocrx_word' id='word_1_89' title='bbox 998 883 1164 940; x_wconf 82' lang='lat' dir='ltr'><strong>novos</strong></span> <span class='ocrx_word' id='word_1_90' title='bbox 1197 884 1379 938; x_wconf 88' lang='lat' dir='ltr'><strong>hostes</strong></span> <span class='ocrx_word' id='word_1_91' title='bbox 1416 883 1668 937; x_wconf 66' lang='lat' dir='ltr'><strong>Ecclesia:</strong></span> <span class='ocrx_word' id='word_1_92' title='bbox 1717 897 1778 937; x_wconf 92' lang='lat' dir='ltr'><strong>se</strong></span> 
     </span>
    </p>
   </div>
   <div class='ocr_carea' id='block_1_12' title="bbox 198 952 1777 1019">
    <p class='ocr_par' dir='ltr' id='par_1_12' title="bbox 198 952 1777 1019">
     <span class='ocr_line' id='line_1_13' title="bbox 198 952 1777 1019; baseline -0.006 -4"><span class='ocrx_word' id='word_1_93' title='bbox 198 970 486 1017; x_wconf 89' lang='lat' dir='ltr'><strong>veternosa</strong></span> <span class='ocrx_word' id='word_1_94' title='bbox 511 958 628 1014; x_wconf 80' lang='lat' dir='ltr'><strong>fece</strong></span> <span class='ocrx_word' id='word_1_95' title='bbox 647 956 966 1019; x_wconf 86' lang='lat' dir='ltr'><strong>polluentes,</strong></span> <span class='ocrx_word' id='word_1_96' title='bbox 1008 954 1111 1007; x_wconf 91' lang='lat' dir='ltr'><strong>nisi</strong></span> <span class='ocrx_word' id='word_1_97' title='bbox 1140 953 1207 1007; x_wconf 92' lang='lat' dir='ltr'><strong>ab</strong></span> <span class='ocrx_word' id='word_1_98' title='bbox 1248 954 1352 1008; x_wconf 88' lang='lat' dir='ltr'><strong>hac</strong></span> <span class='ocrx_word' id='word_1_99' title='bbox 1389 952 1613 1007; x_wconf 75' lang='lat' dir='ltr'><strong>stultitia</strong></span> <span class='ocrx_word' id='word_1_100' title='bbox 1644 952 1777 1006; x_wconf 78' lang='lat' dir='ltr'><strong>resi-</strong></span> 
     </span>
    </p>
   </div>
   <div class='ocr_carea' id='block_1_13' title="bbox 197 1022 1775 1102">
    <p class='ocr_par' dir='ltr' id='par_1_13' title="bbox 197 1022 1775 1102">
     <span class='ocr_line' id='line_1_14' title="bbox 197 1022 1775 1102; baseline -0.007 -16"><span class='ocrx_word' id='word_1_101' title='bbox 197 1033 431 1102; x_wconf 88' lang='lat' dir='ltr'><strong>piscant,</strong></span> <span class='ocrx_word' id='word_1_102' title='bbox 462 1037 518 1084; x_wconf 92' lang='lat' dir='ltr'><strong>et</strong></span> <span class='ocrx_word' id='word_1_103' title='bbox 535 1022 788 1102; x_wconf 61' lang='lat' dir='ltr'><strong>perfectae</strong></span> <span class='ocrx_word' id='word_1_104' title='bbox 812 1024 932 1102; x_wconf 76' lang='lat' dir='ltr'><strong>ﬁdei</strong></span> <span class='ocrx_word' id='word_1_105' title='bbox 961 1022 1351 1102; x_wconf 70' lang='lat' dir='ltr'><strong>satisfactione,</strong></span> <span class='ocrx_word' id='word_1_106' title='bbox 1378 1022 1630 1102; x_wconf 82' lang='lat' dir='ltr'><strong>lamentis</strong></span> <span class='ocrx_word' id='word_1_107' title='bbox 1656 1034 1775 1076; x_wconf 91' lang='lat' dir='ltr'><strong>sese</strong></span> 
     </span>
    </p>
   </div>
   <div class='ocr_carea' id='block_1_14' title="bbox 199 1091 1774 1173">
    <p class='ocr_par' dir='ltr' id='par_1_14' title="bbox 199 1091 1774 1173">
     <span class='ocr_line' id='line_1_15' title="bbox 199 1091 1774 1173; baseline -0.007 -17"><span class='ocrx_word' id='word_1_108' title='bbox 199 1091 794 1173; x_wconf 31' lang='lat' dir='ltr'><strong>abluant’pmnitentire,</strong></span> <span class='ocrx_word' id='word_1_109' title='bbox 827 1108 884 1148; x_wconf 90' lang='lat' dir='ltr'><strong>se</strong></span> <span class='ocrx_word' id='word_1_110' title='bbox 910 1092 1158 1173; x_wconf 82' lang='lat' dir='ltr'><strong>indignos</strong></span> <span class='ocrx_word' id='word_1_111' title='bbox 1175 1101 1238 1173; x_wconf 72' lang='lat' dir='ltr'><strong>et</strong></span> <span class='ocrx_word' id='word_1_112' title='bbox 1263 1091 1499 1173; x_wconf 81' lang='lat' dir='ltr'><strong>ingratos</strong></span> <span class='ocrx_word' id='word_1_113' title='bbox 1520 1104 1626 1143; x_wconf 88' lang='lat' dir='ltr'><strong>una</strong></span> <span class='ocrx_word' id='word_1_114' title='bbox 1652 1105 1774 1173; x_wconf 79' lang='lat' dir='ltr'><strong>cum</strong></span> 
     </span>
    </p>
   </div>
   <div class='ocr_carea' id='block_1_15' title="bbox 198 1161 1775 1237">
    <p class='ocr_par' dir='ltr' id='par_1_15' title="bbox 198 1161 1775 1237">
     <span class='ocr_line' id='line_1_16' title="bbox 198 1161 1775 1237; baseline -0.008 -11"><span class='ocrx_word' id='word_1_115' title='bbox 198 1185 389 1226; x_wconf 89' lang='lat' dir='ltr'><strong>eorum</strong></span> <span class='ocrx_word' id='word_1_116' title='bbox 417 1161 735 1237; x_wconf 75' lang='lat' dir='ltr'><strong>sequacibus</strong></span> <span class='ocrx_word' id='word_1_117' title='bbox 761 1181 790 1218; x_wconf 91' lang='lat' dir='ltr'><strong>a</strong></span> <span class='ocrx_word' id='word_1_118' title='bbox 810 1161 1081 1237; x_wconf 78' lang='lat' dir='ltr'><strong>consortio</strong></span> <span class='ocrx_word' id='word_1_119' title='bbox 1093 1161 1491 1237; x_wconf 54' lang='lat' dir='ltr'><strong>catholicorum</strong></span> <span class='ocrx_word' id='word_1_120' title='bbox 1509 1167 1775 1237; x_wconf 71' lang='lat' dir='ltr'><strong>perpetua</strong></span> 
     </span>
    </p>
   </div>
   <div class='ocr_carea' id='block_1_16' title="bbox 197 1227 1776 1303">
    <p class='ocr_par' dir='ltr' id='par_1_16' title="bbox 197 1227 1776 1303">
     <span class='ocr_line' id='line_1_17' title="bbox 197 1227 1776 1303; baseline -0.009 -8"><span class='ocrx_word' id='word_1_121' title='bbox 197 1227 658 1295; x_wconf 73' lang='lat' dir='ltr'><strong>animadversione</strong></span> <span class='ocrx_word' id='word_1_122' title='bbox 685 1243 739 1289; x_wconf 92' lang='lat' dir='ltr'><strong>et</strong></span> <span class='ocrx_word' id='word_1_123' title='bbox 759 1231 1037 1303; x_wconf 78' lang='lat' dir='ltr'><strong>admirare</strong></span> <span class='ocrx_word' id='word_1_124' title='bbox 1059 1229 1265 1303; x_wconf 54' lang='grc' dir='ltr'><strong>μῶρε,</strong></span> <span class='ocrx_word' id='word_1_125' title='bbox 1287 1227 1654 1303; x_wconf 66' lang='lat' dir='ltr'><strong>abiurationej</strong></span> <span class='ocrx_word' id='word_1_126' title='bbox 1688 1228 1776 1281; x_wconf 88' lang='lat' dir='ltr'><strong>de-</strong></span> 
     </span>
    </p>
   </div>
   <div class='ocr_carea' id='block_1_17' title="bbox 196 1299 1777 1376">
    <p class='ocr_par' dir='ltr' id='par_1_17' title="bbox 196 1299 1777 1376">
     <span class='ocr_line' id='line_1_18' title="bbox 196 1299 1777 1376; baseline -0.009 -12"><span class='ocrx_word' id='word_1_127' title='bbox 196 1316 447 1374; x_wconf 91' lang='lat' dir='ltr'><strong>cernunt,</strong></span> <span class='ocrx_word' id='word_1_128' title='bbox 478 1315 532 1362; x_wconf 90' lang='lat' dir='ltr'><strong>et</strong></span> <span class='ocrx_word' id='word_1_129' title='bbox 559 1322 591 1361; x_wconf 97' lang='lat' dir='ltr'><strong>a</strong></span> <span class='ocrx_word' id='word_1_130' title='bbox 613 1302 819 1376; x_wconf 87' lang='lat' dir='ltr'><strong>gremio</strong></span> <span class='ocrx_word' id='word_1_131' title='bbox 848 1299 1159 1356; x_wconf 64' lang='lat' dir='ltr'><strong>orthodoxa:</strong></span> <span class='ocrx_word' id='word_1_132' title='bbox 1179 1299 1429 1355; x_wconf 72' lang='lat' dir='ltr'><strong>Ecclesia:</strong></span> <span class='ocrx_word' id='word_1_133' title='bbox 1454 1304 1777 1352; x_wconf 90' lang='lat' dir='ltr'><strong>censuerunt</strong></span> 
     </span>
    </p>
   </div>
   <div class='ocr_carea' id='block_1_18' title="bbox 195 1378 419 1433">
    <p class='ocr_par' dir='ltr' id='par_1_18' title="bbox 195 1378 419 1433">
     <span class='ocr_line' id='line_1_19' title="bbox 195 1378 419 1433; baseline -0.009 0"><span class='ocrx_word' id='word_1_134' title='bbox 195 1378 419 1433; x_wconf 89' lang='lat' dir='ltr'><strong>alienos.</strong></span> 
     </span>
    </p>
   </div>
   <div class='ocr_carea' id='block_1_19' title="bbox 263 1435 1775 1510">
    <p class='ocr_par' dir='ltr' id='par_1_19' title="bbox 263 1435 1775 1510">
     <span class='ocr_line' id='line_1_20' title="bbox 263 1435 1775 1510; baseline -0.01 -8"><span class='ocrx_word' id='word_1_135' title='bbox 263 1440 437 1501; x_wconf 76' lang='lat' dir='ltr'><strong>Allata</strong></span> <span class='ocrx_word' id='word_1_136' title='bbox 464 1453 548 1501; x_wconf 92' lang='lat' dir='ltr'><strong>est</strong></span> <span class='ocrx_word' id='word_1_137' title='bbox 571 1444 737 1499; x_wconf 90' lang='lat' dir='ltr'><strong>etiam</strong></span> <span class='ocrx_word' id='word_1_138' title='bbox 770 1441 825 1496; x_wconf 92' lang='lat' dir='ltr'><strong>in</strong></span> <span class='ocrx_word' id='word_1_139' title='bbox 848 1441 1040 1496; x_wconf 85' lang='lat' dir='ltr'><strong>eadem</strong></span> <span class='ocrx_word' id='word_1_140' title='bbox 1069 1438 1272 1510; x_wconf 86' lang='lat' dir='ltr'><strong>synodo</strong></span> <span class='ocrx_word' id='word_1_141' title='bbox 1292 1436 1519 1510; x_wconf 75' lang='lat' dir='ltr'><strong>quaestio</strong></span> <span class='ocrx_word' id='word_1_142' title='bbox 1545 1435 1609 1489; x_wconf 90' lang='lat' dir='ltr'><strong>de</strong></span> <span class='ocrx_word' id='word_1_143' title='bbox 1635 1449 1775 1489; x_wconf 90' lang='lat' dir='ltr'><strong>nova</strong></span> 
     </span>
    </p>
   </div>
   <div class='ocr_carea' id='block_1_20' title="bbox 194 1507 1774 1581">
    <p class='ocr_par' dir='ltr' id='par_1_20' title="bbox 194 1507 1774 1581">
     <span class='ocr_line' id='line_1_21' title="bbox 194 1507 1774 1581; baseline -0.011 -6"><span class='ocrx_word' id='word_1_144' title='bbox 194 1517 502 1576; x_wconf 82' lang='lat' dir='ltr'><strong>Graecorum</strong></span> <span class='ocrx_word' id='word_1_145' title='bbox 554 1513 781 1581; x_wconf 86' lang='lat' dir='ltr'><strong>synodo,</strong></span> <span class='ocrx_word' id='word_1_146' title='bbox 829 1526 992 1581; x_wconf 86' lang='lat' dir='ltr'><strong>quam</strong></span> <span class='ocrx_word' id='word_1_147' title='bbox 1032 1507 1111 1564; x_wconf 59' lang='lat' dir='ltr'><strong>de&#39;</strong></span> <span class='ocrx_word' id='word_1_148' title='bbox 1133 1507 1439 1581; x_wconf 72' lang='lat' dir='ltr'><strong>adorandis</strong></span> <span class='ocrx_word' id='word_1_149' title='bbox 1467 1513 1774 1581; x_wconf 82' lang='lat' dir='ltr'><strong>sanctorum</strong></span> 
     </span>
    </p>
   </div>
   <div class='ocr_carea' id='block_1_21' title="bbox 193 1573 1777 1657">
    <p class='ocr_par' dir='ltr' id='par_1_21' title="bbox 193 1573 1777 1657">
     <span class='ocr_line' id='line_1_22' title="bbox 193 1573 1777 1657; baseline -0.009 -17"><span class='ocrx_word' id='word_1_150' title='bbox 193 1573 1075 1657; x_wconf 68' lang='lat' dir='ltr'><strong>imaginibusConstantinopolim</strong></span> <span class='ocrx_word' id='word_1_151' title='bbox 1124 1577 1381 1657; x_wconf 57' lang='lat' dir='ltr'><strong>iecerant,</strong></span> <span class='ocrx_word' id='word_1_152' title='bbox 1422 1576 1487 1657; x_wconf 25' lang='lat' dir='ltr'><strong>in-</strong></span> <span class='ocrx_word' id='word_1_153' title='bbox 1516 1589 1619 1642; x_wconf 91' lang='lat' dir='ltr'><strong>qua</strong></span> <span class='ocrx_word' id='word_1_154' title='bbox 1645 1573 1777 1657; x_wconf 63' lang='lat' dir='ltr'><strong>scri-</strong></span> 
     </span>
    </p>
   </div>
   <div class='ocr_carea' id='block_1_22' title="bbox 189 1643 1773 1726">
    <p class='ocr_par' dir='ltr' id='par_1_22' title="bbox 189 1643 1773 1726">
     <span class='ocr_line' id='line_1_23' title="bbox 189 1643 1773 1726; baseline -0.008 -17"><span class='ocrx_word' id='word_1_155' title='bbox 189 1643 343 1726; x_wconf 68' lang='lat' dir='ltr'><strong>ptum</strong></span> <span class='ocrx_word' id='word_1_156' title='bbox 382 1654 710 1726; x_wconf 52' lang='lat' dir='ltr'><strong>habebatur:</strong></span> <span class='ocrx_word' id='word_1_157' title='bbox 742 1649 813 1726; x_wconf 78' lang='lat' dir='ltr'><strong>Ut</strong></span> <span class='ocrx_word' id='word_1_158' title='bbox 845 1643 937 1718; x_wconf 82' lang='lat' dir='ltr'><strong>qui</strong></span> <span class='ocrx_word' id='word_1_159' title='bbox 980 1647 1323 1726; x_wconf 62' lang='lat' dir='ltr'><strong>imaginibus</strong></span> <span class='ocrx_word' id='word_1_160' title='bbox 1343 1653 1650 1726; x_wconf 79' lang='lat' dir='ltr'><strong>sanctorum</strong></span> <span class='ocrx_word' id='word_1_161' title='bbox 1697 1643 1773 1697; x_wconf 91' lang='lat' dir='ltr'><strong>ita</strong></span> 
     </span>
    </p>
   </div>
   <div class='ocr_carea' id='block_1_23' title="bbox 1874 469 3448 538">
    <p class='ocr_par' dir='ltr' id='par_1_23' title="bbox 1874 469 3448 538">
     <span class='ocr_line' id='line_1_24' title="bbox 1874 469 3448 538; baseline 0.002 -14"><span class='ocrx_word' id='word_1_162' title='bbox 1874 469 2124 526; x_wconf 89' lang='lat' dir='ltr'><strong>dominus</strong></span> <span class='ocrx_word' id='word_1_163' title='bbox 2164 469 2268 525; x_wconf 90' lang='lat' dir='ltr'><strong>rex</strong></span> <span class='ocrx_word' id='word_1_164' title='bbox 2300 472 2494 525; x_wconf 90' lang='lat' dir='ltr'><strong>iterum</strong></span> <span class='ocrx_word' id='word_1_165' title='bbox 2526 469 2756 525; x_wconf 87' lang='lat' dir='ltr'><strong>credens</strong></span> <span class='ocrx_word' id='word_1_166' title='bbox 2788 469 2870 524; x_wconf 88' lang='lat' dir='ltr'><strong>eis</strong></span> <span class='ocrx_word' id='word_1_167' title='bbox 2904 469 3220 538; x_wconf 88' lang='lat' dir='ltr'><strong>nullumque</strong></span> <span class='ocrx_word' id='word_1_168' title='bbox 3241 471 3448 527; x_wconf 85' lang='lat' dir='ltr'><strong>interﬁ-</strong></span> 
     </span>
    </p>
   </div>
   <div class='ocr_carea' id='block_1_24' title="bbox 1873 538 3451 609">
    <p class='ocr_par' dir='ltr' id='par_1_24' title="bbox 1873 538 3451 609">
     <span class='ocr_line' id='line_1_25' title="bbox 1873 538 3451 609; baseline 0.003 -16"><span class='ocrx_word' id='word_1_169' title='bbox 1873 540 2040 609; x_wconf 83' lang='lat' dir='ltr'><strong>ciens,</strong></span> <span class='ocrx_word' id='word_1_170' title='bbox 2064 541 2223 595; x_wconf 87' lang='lat' dir='ltr'><strong>ﬁdem</strong></span> <span class='ocrx_word' id='word_1_171' title='bbox 2245 555 2399 595; x_wconf 90' lang='lat' dir='ltr'><strong>suam</strong></span> <span class='ocrx_word' id='word_1_172' title='bbox 2424 538 2709 609; x_wconf 86' lang='lat' dir='ltr'><strong>servando.</strong></span> <span class='ocrx_word' id='word_1_173' title='bbox 2740 538 2891 609; x_wconf 87' lang='lat' dir='ltr'><strong>Tunc</strong></span> <span class='ocrx_word' id='word_1_174' title='bbox 2912 538 2981 592; x_wconf 93' lang='lat' dir='ltr'><strong>ad</strong></span> <span class='ocrx_word' id='word_1_175' title='bbox 3001 538 3171 609; x_wconf 68' lang='lat' dir='ltr'><strong>Aquis</strong></span> <span class='ocrx_word' id='word_1_176' title='bbox 3190 540 3451 609; x_wconf 87' lang='lat' dir='ltr'><strong>palatium</strong></span> 
     </span>
    </p>
   </div>
   <div class='ocr_carea' id='block_1_25' title="bbox 1874 607 3452 680">
    <p class='ocr_par' dir='ltr' id='par_1_25' title="bbox 1874 607 3452 680">
     <span class='ocr_line' id='line_1_26' title="bbox 1874 607 3452 680; baseline 0.002 -17"><span class='ocrx_word' id='word_1_177' title='bbox 1874 607 1940 680; x_wconf 77' lang='lat' dir='ltr'><strong>de</strong></span> <span class='ocrx_word' id='word_1_178' title='bbox 1969 618 2111 680; x_wconf 86' lang='lat' dir='ltr'><strong>terra</strong></span> <span class='ocrx_word' id='word_1_179' title='bbox 2134 609 2474 664; x_wconf 86' lang='lat' dir='ltr'><strong>Auvarorum</strong></span> <span class='ocrx_word' id='word_1_180' title='bbox 2504 608 2729 680; x_wconf 79' lang='lat' dir='ltr'><strong>regulus</strong></span> <span class='ocrx_word' id='word_1_181' title='bbox 2762 607 3298 680; x_wconf 72' lang='lat' dir='ltr'><strong>quidam_Thodanus</strong></span> <span class='ocrx_word' id='word_1_182' title='bbox 3332 623 3355 649; x_wconf 79' lang='grc' dir='ltr'>θ</span> <span class='ocrx_word' id='word_1_183' title='bbox 3381 611 3452 666; x_wconf 89' lang='lat' dir='ltr'><strong>ad</strong></span> 
     </span>
    </p>
   </div>
   <div class='ocr_carea' id='block_1_26' title="bbox 1871 675 3449 749">
    <p class='ocr_par' dir='ltr' id='par_1_26' title="bbox 1871 675 3449 749">
     <span class='ocr_line' id='line_1_27' title="bbox 1871 675 3449 749; baseline 0.004 -20"><span class='ocrx_word' id='word_1_184' title='bbox 1871 675 2146 749; x_wconf 84' lang='lat' dir='ltr'><strong>dominum</strong></span> <span class='ocrx_word' id='word_1_185' title='bbox 2170 693 2359 749; x_wconf 78' lang='lat' dir='ltr'><strong>regem</strong></span> <span class='ocrx_word' id='word_1_186' title='bbox 2397 675 2618 733; x_wconf 76' lang='lat' dir='ltr'><strong>veniens</strong></span> <span class='ocrx_word' id='word_1_187' title='bbox 2647 675 3086 749; x_wconf 22' lang='lat' dir='ltr'><strong>cumﬁcomitibus</strong></span> <span class='ocrx_word' id='word_1_188' title='bbox 3112 678 3244 733; x_wconf 90' lang='lat' dir='ltr'><strong>suis.</strong></span> <span class='ocrx_word' id='word_1_189' title='bbox 3278 680 3449 747; x_wconf 83' lang='lat' dir='ltr'><strong>Quem</strong></span> 
     </span>
    </p>
   </div>
   <div class='ocr_carea' id='block_1_27' title="bbox 1874 744 3452 819">
    <p class='ocr_par' dir='ltr' id='par_1_27' title="bbox 1874 744 3452 819">
     <span class='ocr_line' id='line_1_28' title="bbox 1874 744 3452 819; baseline 0.003 -19"><span class='ocrx_word' id='word_1_190' title='bbox 1874 761 1969 800; x_wconf 89' lang='lat' dir='ltr'><strong>rex</strong></span> <span class='ocrx_word' id='word_1_191' title='bbox 1994 744 2285 819; x_wconf 70' lang='lat' dir='ltr'><strong>honoriﬁce</strong></span> <span class='ocrx_word' id='word_1_192' title='bbox 2315 749 2571 817; x_wconf 88' lang='lat' dir='ltr'><strong>suscepit,</strong></span> <span class='ocrx_word' id='word_1_193' title='bbox 2594 754 2649 803; x_wconf 90' lang='lat' dir='ltr'><strong>et</strong></span> <span class='ocrx_word' id='word_1_194' title='bbox 2669 744 3136 819; x_wconf 82' lang='lat' dir='ltr'><strong>baptizarijussit,</strong></span> <span class='ocrx_word' id='word_1_195' title='bbox 3161 757 3216 803; x_wconf 89' lang='lat' dir='ltr'><strong>et</strong></span> <span class='ocrx_word' id='word_1_196' title='bbox 3240 744 3343 804; x_wconf 71' lang='lat' dir='ltr'><strong>eos“</strong></span> <span class='ocrx_word' id='word_1_197' title='bbox 3359 750 3452 819; x_wconf 90' lang='lat' dir='ltr'><strong>qui</strong></span> 
     </span>
    </p>
   </div>
   <div class='ocr_carea' id='block_1_28' title="bbox 1873 815 3453 887">
    <p class='ocr_par' dir='ltr' id='par_1_28' title="bbox 1873 815 3453 887">
     <span class='ocr_line' id='line_1_29' title="bbox 1873 815 3453 887; baseline 0.003 -16"><span class='ocrx_word' id='word_1_198' title='bbox 1873 829 1998 871; x_wconf 90' lang='lat' dir='ltr'><strong>cum</strong></span> <span class='ocrx_word' id='word_1_199' title='bbox 2031 815 2146 884; x_wconf 87' lang='lat' dir='ltr'><strong>ipso</strong></span> <span class='ocrx_word' id='word_1_200' title='bbox 2183 815 2491 882; x_wconf 56' lang='lat' dir='ltr'><strong>venerunti</strong></span> <span class='ocrx_word' id='word_1_201' title='bbox 2516 833 2636 872; x_wconf 88' lang='lat' dir='ltr'><strong>cum</strong></span> <span class='ocrx_word' id='word_1_202' title='bbox 2688 815 2911 887; x_wconf 80' lang='lat' dir='ltr'><strong>magno</strong></span> <span class='ocrx_word' id='word_1_203' title='bbox 2942 817 3146 873; x_wconf 85' lang='lat' dir='ltr'><strong>honore</strong></span> <span class='ocrx_word' id='word_1_204' title='bbox 3200 826 3255 873; x_wconf 87' lang='lat' dir='ltr'><strong>ct</strong></span> <span class='ocrx_word' id='word_1_205' title='bbox 3296 815 3453 875; x_wconf 83' lang='lat' dir='ltr'><strong>donis</strong></span> 
     </span>
    </p>
   </div>
   <div class='ocr_carea' id='block_1_29' title="bbox 1873 886 3451 1010">
    <p class='ocr_par' dir='ltr' id='par_1_29' title="bbox 1873 886 3451 1010">
     <span class='ocr_line' id='line_1_30' title="bbox 1873 886 3451 957; baseline 0.003 -19"><span class='ocrx_word' id='word_1_206' title='bbox 1873 899 1999 939; x_wconf 91' lang='lat' dir='ltr'><strong>eum</strong></span> <span class='ocrx_word' id='word_1_207' title='bbox 2025 898 2268 942; x_wconf 90' lang='lat' dir='ltr'><strong>remeare</strong></span> <span class='ocrx_word' id='word_1_208' title='bbox 2303 887 2433 942; x_wconf 80' lang='lat' dir='ltr'><strong>fecit</strong></span> <span class='ocrx_word' id='word_1_209' title='bbox 2455 887 2523 942; x_wconf 91' lang='lat' dir='ltr'><strong>ad</strong></span> <span class='ocrx_word' id='word_1_210' title='bbox 2588 886 2795 957; x_wconf 83' lang='lat' dir='ltr'><strong>ropria.</strong></span> <span class='ocrx_word' id='word_1_211' title='bbox 2812 886 2879 940; x_wconf 89' lang='lat' dir='ltr'><strong>Et</strong></span> <span class='ocrx_word' id='word_1_212' title='bbox 2903 886 2958 940; x_wconf 92' lang='lat' dir='ltr'><strong>in</strong></span> <span class='ocrx_word' id='word_1_213' title='bbox 2987 901 3051 941; x_wconf 92' lang='lat' dir='ltr'><strong>eo</strong></span> <span class='ocrx_word' id='word_1_214' title='bbox 3078 902 3220 942; x_wconf 89' lang='lat' dir='ltr'><strong>anno</strong></span> <span class='ocrx_word' id='word_1_215' title='bbox 3246 903 3276 941; x_wconf 92' lang='lat' dir='ltr'><strong>a</strong></span> <span class='ocrx_word' id='word_1_216' title='bbox 3298 897 3451 957; x_wconf 87' lang='lat' dir='ltr'><strong>parte</strong></span> 
     </span>
     <span class='ocr_line' id='line_1_31' title="bbox 1873 902 3451 1010; baseline 0.001 -2"><span class='ocrx_word' id='word_1_217' title='bbox 1873 953 2209 1009; x_wconf 87' lang='lat' dir='ltr'><strong>Auvarorum</strong></span> <span class='ocrx_word' id='word_1_218' title='bbox 2228 962 2491 1010; x_wconf 89' lang='lat' dir='ltr'><strong>venerunt</strong></span> <span class='ocrx_word' id='word_1_219' title='bbox 2520 902 2761 1010; x_wconf 43' lang='lat' dir='ltr'><strong>thesauri</strong></span> <span class='ocrx_word' id='word_1_220' title='bbox 2800 971 2993 1010; x_wconf 63' lang='lat' dir='ltr'><strong>magna</strong></span> <span class='ocrx_word' id='word_1_221' title='bbox 3022 957 3326 1010; x_wconf 91' lang='lat' dir='ltr'><strong>multitudo.</strong></span> <span class='ocrx_word' id='word_1_222' title='bbox 3350 973 3451 1010; x_wconf 88' lang='lat' dir='ltr'><strong>nro</strong></span> 
     </span>
    </p>
   </div>
   <div class='ocr_carea' id='block_1_30' title="bbox 1871 953 3451 1028">
    <p class='ocr_par' dir='ltr' id='par_1_30' title="bbox 1871 953 3451 1028">
     <span class='ocr_line' id='line_1_32' title="bbox 1871 953 3451 1028; baseline 0.003 -20"><span class='ocrx_word' id='word_1_223' title='bbox 1871 953 2209 1028; x_wconf 65' lang='lat' dir='ltr'><strong>Auvarorum</strong></span> <span class='ocrx_word' id='word_1_224' title='bbox 2228 962 2491 1028; x_wconf 87' lang='lat' dir='ltr'><strong>venerunt</strong></span> <span class='ocrx_word' id='word_1_225' title='bbox 2520 953 2761 1028; x_wconf 77' lang='lat' dir='ltr'><strong>thesauri</strong></span> <span class='ocrx_word' id='word_1_226' title='bbox 2800 971 2993 1025; x_wconf 86' lang='lat' dir='ltr'><strong>magna</strong></span> <span class='ocrx_word' id='word_1_227' title='bbox 3022 953 3326 1028; x_wconf 73' lang='lat' dir='ltr'><strong>multitudo,</strong></span> <span class='ocrx_word' id='word_1_228' title='bbox 3350 973 3451 1028; x_wconf 88' lang='lat' dir='ltr'><strong>pro</strong></span> 
     </span>
    </p>
   </div>
   <div class='ocr_carea' id='block_1_31' title="bbox 1874 1023 3453 1096">
    <p class='ocr_par' dir='ltr' id='par_1_31' title="bbox 1874 1023 3453 1096">
     <span class='ocr_line' id='line_1_33' title="bbox 1874 1023 3453 1096; baseline 0.002 -18"><span class='ocrx_word' id='word_1_229' title='bbox 1874 1023 2070 1096; x_wconf 82' lang='lat' dir='ltr'><strong>quibus</strong></span> <span class='ocrx_word' id='word_1_230' title='bbox 2091 1038 2186 1077; x_wconf 86' lang='lat' dir='ltr'><strong>rex</strong></span> <span class='ocrx_word' id='word_1_231' title='bbox 2215 1027 2552 1096; x_wconf 85' lang='lat' dir='ltr'><strong>omnipotens</strong></span> <span class='ocrx_word' id='word_1_232' title='bbox 2588 1027 2698 1096; x_wconf 90' lang='lat' dir='ltr'><strong>regi</strong></span> <span class='ocrx_word' id='word_1_233' title='bbox 2721 1023 2927 1096; x_wconf 73' lang='lat' dir='ltr'><strong>gratias</strong></span> <span class='ocrx_word' id='word_1_234' title='bbox 2948 1040 3131 1096; x_wconf 85' lang='lat' dir='ltr'><strong>agens,</strong></span> <span class='ocrx_word' id='word_1_235' title='bbox 3156 1023 3453 1081; x_wconf 75' lang='lat' dir='ltr'><strong>distribuit-</strong></span> 
     </span>
    </p>
   </div>
   <div class='ocr_carea' id='block_1_32' title="bbox 1873 1094 3446 1164">
    <p class='ocr_par' dir='ltr' id='par_1_32' title="bbox 1873 1094 3446 1164">
     <span class='ocr_line' id='line_1_34' title="bbox 1873 1094 3446 1164; baseline 0.003 -17"><span class='ocrx_word' id='word_1_236' title='bbox 1873 1107 1979 1161; x_wconf 89' lang='lat' dir='ltr'><strong>que</strong></span> <span class='ocrx_word' id='word_1_237' title='bbox 2025 1094 2201 1163; x_wconf 91' lang='lat' dir='ltr'><strong>ipsum</strong></span> <span class='ocrx_word' id='word_1_238' title='bbox 2231 1094 2544 1150; x_wconf 83' lang='lat' dir='ltr'><strong>thesaurum</strong></span> <span class='ocrx_word' id='word_1_239' title='bbox 2586 1094 2743 1149; x_wconf 68' lang='lat' dir='ltr'><strong>intch</strong></span> <span class='ocrx_word' id='word_1_240' title='bbox 2769 1094 3026 1149; x_wconf 84' lang='lat' dir='ltr'><strong>ecclesias</strong></span> <span class='ocrx_word' id='word_1_241' title='bbox 3061 1104 3115 1148; x_wconf 90' lang='lat' dir='ltr'><strong>et</strong></span> <span class='ocrx_word' id='word_1_242' title='bbox 3148 1097 3446 1164; x_wconf 86' lang='lat' dir='ltr'><strong>episcopos,</strong></span> 
     </span>
    </p>
   </div>
   <div class='ocr_carea' id='block_1_33' title="bbox 1875 1164 3452 1225">
    <p class='ocr_par' dir='ltr' id='par_1_33' title="bbox 1875 1164 3452 1225">
     <span class='ocr_line' id='line_1_35' title="bbox 1875 1164 3452 1225; baseline 0.003 -9"><span class='ocrx_word' id='word_1_243' title='bbox 1875 1177 1971 1217; x_wconf 92' lang='lat' dir='ltr'><strong>seu</strong></span> <span class='ocrx_word' id='word_1_244' title='bbox 2000 1164 2224 1218; x_wconf 89' lang='lat' dir='ltr'><strong>abbates</strong></span> <span class='ocrx_word' id='word_1_245' title='bbox 2259 1171 2314 1217; x_wconf 88' lang='lat' dir='ltr'><strong>et</strong></span> <span class='ocrx_word' id='word_1_246' title='bbox 2338 1164 2579 1225; x_wconf 91' lang='lat' dir='ltr'><strong>comites,</strong></span> <span class='ocrx_word' id='word_1_247' title='bbox 2613 1179 2821 1217; x_wconf 89' lang='lat' dir='ltr'><strong>necnon</strong></span> <span class='ocrx_word' id='word_1_248' title='bbox 2865 1173 2920 1216; x_wconf 91' lang='lat' dir='ltr'><strong>et</strong></span> <span class='ocrx_word' id='word_1_249' title='bbox 2960 1164 3240 1219; x_wconf 89' lang='lat' dir='ltr'><strong>universos</strong></span> <span class='ocrx_word' id='word_1_250' title='bbox 3266 1165 3452 1221; x_wconf 91' lang='lat' dir='ltr'><strong>ﬁdeles</strong></span> 
     </span>
    </p>
   </div>
   <div class='ocr_carea' id='block_1_34' title="bbox 1873 1231 3451 1298">
    <p class='ocr_par' dir='ltr' id='par_1_34' title="bbox 1873 1231 3451 1298">
     <span class='ocr_line' id='line_1_36' title="bbox 1873 1231 3451 1298; baseline 0.002 -12"><span class='ocrx_word' id='word_1_251' title='bbox 1873 1246 1999 1287; x_wconf 87' lang='lat' dir='ltr'><strong>suos</strong></span> <span class='ocrx_word' id='word_1_252' title='bbox 2051 1232 2117 1287; x_wconf 88' lang='lat' dir='ltr'><strong>de</strong></span> <span class='ocrx_word' id='word_1_253' title='bbox 2160 1231 2349 1288; x_wconf 84' lang='lat' dir='ltr'><strong>eodem</strong></span> <span class='ocrx_word' id='word_1_254' title='bbox 2395 1234 2651 1296; x_wconf 25' lang='lat' dir='ltr'><strong>thesauro,</strong></span> <span class='ocrx_word' id='word_1_255' title='bbox 2687 1231 2913 1285; x_wconf 90' lang='lat' dir='ltr'><strong>miriﬁce</strong></span> <span class='ocrx_word' id='word_1_256' title='bbox 2961 1232 3265 1298; x_wconf 82' lang='lat' dir='ltr'><strong>honoravit,</strong></span> <span class='ocrx_word' id='word_1_257' title='bbox 3295 1243 3350 1287; x_wconf 91' lang='lat' dir='ltr'><strong>et</strong></span> <span class='ocrx_word' id='word_1_258' title='bbox 3394 1235 3451 1289; x_wconf 89' lang='lat' dir='ltr'><strong>in</strong></span> 
     </span>
    </p>
   </div>
   <div class='ocr_carea' id='block_1_35' title="bbox 1873 1299 3452 1369">
    <p class='ocr_par' dir='ltr' id='par_1_35' title="bbox 1873 1299 3452 1369">
     <span class='ocr_line' id='line_1_37' title="bbox 1873 1299 3452 1369; baseline 0.003 -15"><span class='ocrx_word' id='word_1_259' title='bbox 1873 1301 1987 1369; x_wconf 91' lang='lat' dir='ltr'><strong>ipsa</strong></span> <span class='ocrx_word' id='word_1_260' title='bbox 2017 1301 2211 1363; x_wconf 89' lang='lat' dir='ltr'><strong>hieme,</strong></span> <span class='ocrx_word' id='word_1_261' title='bbox 2260 1302 2315 1355; x_wconf 89' lang='lat' dir='ltr'><strong>id</strong></span> <span class='ocrx_word' id='word_1_262' title='bbox 2356 1309 2440 1356; x_wconf 90' lang='lat' dir='ltr'><strong>est</strong></span> <span class='ocrx_word' id='word_1_263' title='bbox 2477 1317 2573 1354; x_wconf 89' lang='lat' dir='ltr'><strong>vui</strong></span> <span class='ocrx_word' id='word_1_264' title='bbox 2600 1300 2719 1353; x_wconf 83' lang='lat' dir='ltr'><strong>Kal.</strong></span> <span class='ocrx_word' id='word_1_265' title='bbox 2746 1299 2987 1369; x_wconf 86' lang='lat' dir='ltr'><strong>Januarii</strong></span> <span class='ocrx_word' id='word_1_266' title='bbox 3026 1312 3226 1355; x_wconf 80' lang='lat' dir='ltr'><strong>sanctae</strong></span> <span class='ocrx_word' id='word_1_267' title='bbox 3250 1318 3452 1358; x_wconf 89' lang='lat' dir='ltr'><strong>memo-</strong></span> 
     </span>
    </p>
   </div>
   <div class='ocr_carea' id='block_1_36' title="bbox 1876 1368 3453 1439">
    <p class='ocr_par' dir='ltr' id='par_1_36' title="bbox 1876 1368 3453 1439">
     <span class='ocr_line' id='line_1_38' title="bbox 1876 1368 3453 1439; baseline 0.002 -16"><span class='ocrx_word' id='word_1_268' title='bbox 1876 1368 1969 1425; x_wconf 70' lang='lat' dir='ltr'><strong>riae</strong></span> <span class='ocrx_word' id='word_1_269' title='bbox 1992 1371 2239 1425; x_wconf 90' lang='lat' dir='ltr'><strong>dominus</strong></span> <span class='ocrx_word' id='word_1_270' title='bbox 2262 1370 2533 1424; x_wconf 82' lang='lat' dir='ltr'><strong>Adrianus</strong></span> <span class='ocrx_word' id='word_1_271' title='bbox 2554 1385 2796 1424; x_wconf 92' lang='lat' dir='ltr'><strong>summus</strong></span> <span class='ocrx_word' id='word_1_272' title='bbox 2817 1368 3052 1439; x_wconf 79' lang='lat' dir='ltr'><strong>pontifex</strong></span> <span class='ocrx_word' id='word_1_273' title='bbox 3078 1369 3331 1439; x_wconf 70' lang='lat' dir='ltr'><strong>Romanae</strong></span> <span class='ocrx_word' id='word_1_274' title='bbox 3353 1372 3453 1427; x_wconf 81' lang='lat' dir='ltr'><strong>Ec-</strong></span> 
     </span>
    </p>
   </div>
   <div class='ocr_carea' id='block_1_37' title="bbox 1873 1437 3453 1509">
    <p class='ocr_par' dir='ltr' id='par_1_37' title="bbox 1873 1437 3453 1509">
     <span class='ocr_line' id='line_1_39' title="bbox 1873 1437 3453 1509; baseline 0.002 -15"><span class='ocrx_word' id='word_1_275' title='bbox 1873 1440 2049 1494; x_wconf 75' lang='lat' dir='ltr'><strong>clesia:</strong></span> <span class='ocrx_word' id='word_1_276' title='bbox 2075 1439 2228 1504; x_wconf 88' lang='lat' dir='ltr'><strong>obiit,</strong></span> <span class='ocrx_word' id='word_1_277' title='bbox 2256 1454 2355 1507; x_wconf 88' lang='lat' dir='ltr'><strong>pro</strong></span> <span class='ocrx_word' id='word_1_278' title='bbox 2374 1456 2481 1509; x_wconf 94' lang='lat' dir='ltr'><strong>quo</strong></span> <span class='ocrx_word' id='word_1_279' title='bbox 2505 1455 2594 1493; x_wconf 85' lang='lat' dir='ltr'><strong>rex</strong></span> <span class='ocrx_word' id='word_1_280' title='bbox 2627 1437 2904 1509; x_wconf 74' lang='lat' dir='ltr'><strong>piissimus</strong></span> <span class='ocrx_word' id='word_1_281' title='bbox 2934 1437 3159 1509; x_wconf 89' lang='lat' dir='ltr'><strong>Carolus</strong></span> <span class='ocrx_word' id='word_1_282' title='bbox 3181 1440 3453 1497; x_wconf 86' lang='lat' dir='ltr'><strong>orationes</strong></span> 
     </span>
    </p>
   </div>
   <div class='ocr_carea' id='block_1_38' title="bbox 1872 1507 3454 1579">
    <p class='ocr_par' dir='ltr' id='par_1_38' title="bbox 1872 1507 3454 1579">
     <span class='ocr_line' id='line_1_40' title="bbox 1872 1507 3454 1579; baseline 0.002 -17"><span class='ocrx_word' id='word_1_283' title='bbox 1872 1524 1968 1577; x_wconf 93' lang='lat' dir='ltr'><strong>per</strong></span> <span class='ocrx_word' id='word_1_284' title='bbox 1991 1509 2302 1579; x_wconf 83' lang='lat' dir='ltr'><strong>universum</strong></span> <span class='ocrx_word' id='word_1_285' title='bbox 2337 1507 2591 1579; x_wconf 81' lang='lat' dir='ltr'><strong>populum</strong></span> <span class='ocrx_word' id='word_1_286' title='bbox 2632 1507 2999 1561; x_wconf 89' lang='lat' dir='ltr'><strong>Christianum</strong></span> <span class='ocrx_word' id='word_1_287' title='bbox 3023 1508 3162 1562; x_wconf 81' lang='lat' dir='ltr'><strong>infra</strong></span> <span class='ocrx_word' id='word_1_288' title='bbox 3193 1510 3454 1566; x_wconf 87' lang='lat' dir='ltr'><strong>terminos</strong></span> 
     </span>
    </p>
   </div>
   <div class='ocr_carea' id='block_1_39' title="bbox 1874 1577 3455 1649">
    <p class='ocr_par' dir='ltr' id='par_1_39' title="bbox 1874 1577 3455 1649">
     <span class='ocr_line' id='line_1_41' title="bbox 1874 1577 3455 1649; baseline 0.001 -17"><span class='ocrx_word' id='word_1_289' title='bbox 1874 1594 2001 1633; x_wconf 91' lang='lat' dir='ltr'><strong>suos</strong></span> <span class='ocrx_word' id='word_1_290' title='bbox 2029 1578 2146 1633; x_wconf 90' lang='lat' dir='ltr'><strong>ﬁeri</strong></span> <span class='ocrx_word' id='word_1_291' title='bbox 2166 1578 2392 1649; x_wconf 86' lang='lat' dir='ltr'><strong>rogavit,</strong></span> <span class='ocrx_word' id='word_1_292' title='bbox 2408 1577 2477 1649; x_wconf 63' lang='lat' dir='ltr'><strong>&#39;et</strong></span> <span class='ocrx_word' id='word_1_293' title='bbox 2499 1577 2836 1649; x_wconf 78' lang='lat' dir='ltr'><strong>cleemosyna</strong></span> <span class='ocrx_word' id='word_1_294' title='bbox 2861 1593 2956 1631; x_wconf 88' lang='lat' dir='ltr'><strong>sua</strong></span> <span class='ocrx_word' id='word_1_295' title='bbox 2983 1592 3081 1649; x_wconf 82' lang='lat' dir='ltr'><strong>pro</strong></span> <span class='ocrx_word' id='word_1_296' title='bbox 3106 1592 3171 1649; x_wconf 82' lang='lat' dir='ltr'><strong>eo</strong></span> <span class='ocrx_word' id='word_1_297' title='bbox 3194 1579 3455 1649; x_wconf 87' lang='lat' dir='ltr'><strong>multipli-</strong></span> 
     </span>
    </p>
   </div>
   <div class='ocr_carea' id='block_1_40' title="bbox 1874 1647 3447 1730">
    <p class='ocr_par' dir='ltr' id='par_1_40' title="bbox 1874 1647 3447 1730">
     <span class='ocr_line' id='line_1_42' title="bbox 1874 1647 3447 1730; baseline -0.001 -27"><span class='ocrx_word' id='word_1_298' title='bbox 1874 1649 2010 1703; x_wconf 91' lang='lat' dir='ltr'><strong>citer</strong></span> <span class='ocrx_word' id='word_1_299' title='bbox 2052 1647 2383 1729; x_wconf 35' lang='lat' dir='ltr'><strong>transmisit:</strong></span> <span class='ocrx_word' id='word_1_300' title='bbox 2422 1648 2490 1730; x_wconf 66' lang='lat' dir='ltr'><strong>Et</strong></span> <span class='ocrx_word' id='word_1_301' title='bbox 2524 1647 2864 1730; x_wconf 47' lang='lat' dir='ltr'><strong>epitaphium</strong></span> <span class='ocrx_word' id='word_1_302' title='bbox 2902 1647 3109 1730; x_wconf 54' lang='lat' dir='ltr'><strong>aureis&quot;</strong></span> <span class='ocrx_word' id='word_1_303' title='bbox 3142 1647 3369 1730; x_wconf 50' lang='lat' dir='ltr'><strong>litteris&#39;</strong></span> <span class='ocrx_word' id='word_1_304' title='bbox 3392 1650 3447 1707; x_wconf 87' lang='lat' dir='ltr'><strong>in</strong></span> 
     </span>
    </p>
   </div>
   <div class='ocr_carea' id='block_1_41' title="bbox 189 1715 3449 1788">
    <p class='ocr_par' dir='ltr' id='par_1_41' title="bbox 189 1715 3449 1788">
     <span class='ocr_line' id='line_1_43' title="bbox 189 1715 3449 1788; baseline 0 -16"><span class='ocrx_word' id='word_1_305' title='bbox 189 1715 248 1780; x_wconf 76' lang='lat' dir='ltr'><strong>in,</strong></span> <span class='ocrx_word' id='word_1_306' title='bbox 305 1724 514 1778; x_wconf 59' lang='lat' dir='ltr'><strong>demere</strong></span> <span class='ocrx_word' id='word_1_307' title='bbox 562 1720 812 1774; x_wconf 83' lang='lat' dir='ltr'><strong>Trinitati</strong></span> <span class='ocrx_word' id='word_1_308' title='bbox 862 1715 1213 1788; x_wconf 50' lang='lat' dir='ltr'><strong>servitia&#39;aut</strong></span> <span class='ocrx_word' id='word_1_309' title='bbox 1259 1715 1646 1788; x_wconf 73' lang='lat' dir='ltr'><strong>adorationcm</strong></span> <span class='ocrx_word' id='word_1_310' title='bbox 1664 1727 1771 1767; x_wconf 92' lang='lat' dir='ltr'><strong>non</strong></span> <span class='ocrx_word' id='word_1_311' title='bbox 1802 1726 1851 1788; x_wconf 67' lang='grc' dir='ltr'><strong>Β</strong></span> <span class='ocrx_word' id='word_1_312' title='bbox 1874 1733 2141 1773; x_wconf 72' lang='lat' dir='ltr'><strong>marmme</strong></span> <span class='ocrx_word' id='word_1_313' title='bbox 2175 1717 2538 1786; x_wconf 88' lang='lat' dir='ltr'><strong>conscriptum</strong></span> <span class='ocrx_word' id='word_1_314' title='bbox 2558 1715 2720 1785; x_wconf 72' lang='lat' dir='ltr'><strong>jussit</strong></span> <span class='ocrx_word' id='word_1_315' title='bbox 2743 1716 2798 1769; x_wconf 91' lang='lat' dir='ltr'><strong>in</strong></span> <span class='ocrx_word' id='word_1_316' title='bbox 2823 1715 3216 1788; x_wconf 75' lang='lat' dir='ltr'><strong>Franciaﬁeri,</strong></span> <span class='ocrx_word' id='word_1_317' title='bbox 3245 1724 3304 1770; x_wconf 90' lang='lat' dir='ltr'><strong>ut</strong></span> <span class='ocrx_word' id='word_1_318' title='bbox 3325 1733 3449 1773; x_wconf 91' lang='lat' dir='ltr'><strong>eum</strong></span> 
     </span>
    </p>
   </div>
   <div class='ocr_carea' id='block_1_42' title="bbox 188 1782 1773 1862">
    <p class='ocr_par' dir='ltr' id='par_1_42' title="bbox 188 1782 1773 1862">
     <span class='ocr_line' id='line_1_44' title="bbox 188 1782 1773 1862; baseline -0.009 -13"><span class='ocrx_word' id='word_1_319' title='bbox 188 1794 589 1862; x_wconf 88' lang='lat' dir='ltr'><strong>impenderent,</strong></span> <span class='ocrx_word' id='word_1_320' title='bbox 622 1790 906 1862; x_wconf 72' lang='lat' dir='ltr'><strong>anathema</strong></span> <span class='ocrx_word' id='word_1_321' title='bbox 939 1786 1330 1862; x_wconf 66' lang='lat' dir='ltr'><strong>iudicarentur.</strong></span> <span class='ocrx_word' id='word_1_322' title='bbox 1378 1784 1507 1862; x_wconf 72' lang='lat' dir='ltr'><strong>Quae</strong></span> <span class='ocrx_word' id='word_1_323' title='bbox 1534 1782 1773 1862; x_wconf 71' lang='lat' dir='ltr'><strong>perlecta</strong></span> 
     </span>
    </p>
   </div>
   <div class='ocr_carea' id='block_1_43' title="bbox 190 1851 1776 1936">
    <p class='ocr_par' dir='ltr' id='par_1_43' title="bbox 190 1851 1776 1936">
     <span class='ocr_line' id='line_1_45' title="bbox 190 1851 1776 1936; baseline -0.007 -19"><span class='ocrx_word' id='word_1_324' title='bbox 190 1864 248 1936; x_wconf 82' lang='lat' dir='ltr'><strong>i_n</strong></span> <span class='ocrx_word' id='word_1_325' title='bbox 270 1851 545 1936; x_wconf 70' lang='lat' dir='ltr'><strong>praedicto</strong></span> <span class='ocrx_word' id='word_1_326' title='bbox 576 1851 830 1936; x_wconf 68' lang='lat' dir='ltr'><strong>consilio,</strong></span> <span class='ocrx_word' id='word_1_327' title='bbox 866 1851 1070 1936; x_wconf 56' lang='lat' dir='ltr'><strong>omnes</strong></span> <span class='ocrx_word' id='word_1_328' title='bbox 1116 1854 1407 1936; x_wconf 82' lang='lat' dir='ltr'><strong>supradicti</strong></span> <span class='ocrx_word' id='word_1_329' title='bbox 1448 1851 1776 1936; x_wconf 77' lang='lat' dir='ltr'><strong>sanctissimi</strong></span> 
     </span>
    </p>
   </div>
   <div class='ocr_carea' id='block_1_44' title="bbox 188 1927 1778 1987">
    <p class='ocr_par' dir='ltr' id='par_1_44' title="bbox 188 1927 1778 1987">
     <span class='ocr_line' id='line_1_46' title="bbox 188 1927 1778 1987; baseline -0.006 0"><span class='ocrx_word' id='word_1_330' title='bbox 188 1927 384 1987; x_wconf 72' lang='lat' dir='ltr'><strong>Patres</strong></span> <span class='ocrx_word' id='word_1_331' title='bbox 412 1929 700 1985; x_wconf 83' lang='lat' dir='ltr'><strong>universali</strong></span> <span class='ocrx_word' id='word_1_332' title='bbox 730 1927 954 1983; x_wconf 90' lang='lat' dir='ltr'><strong>concilio</strong></span> <span class='ocrx_word' id='word_1_333' title='bbox 982 1934 1038 1981; x_wconf 91' lang='lat' dir='ltr'><strong>et</strong></span> <span class='ocrx_word' id='word_1_334' title='bbox 1062 1927 1373 1980; x_wconf 89' lang='lat' dir='ltr'><strong>servitutem</strong></span> <span class='ocrx_word' id='word_1_335' title='bbox 1402 1929 1695 1978; x_wconf 90' lang='lat' dir='ltr'><strong>renuerunt</strong></span> <span class='ocrx_word' id='word_1_336' title='bbox 1722 1928 1778 1977; x_wconf 91' lang='lat' dir='ltr'><strong>et</strong></span> 
     </span>
    </p>
   </div>
   <div class='ocr_carea' id='block_1_45' title="bbox 196 1994 1773 2070">
    <p class='ocr_par' dir='ltr' id='par_1_45' title="bbox 196 1994 1773 2070">
     <span class='ocr_line' id='line_1_47' title="bbox 196 1994 1773 2070; baseline -0.01 -12"><span class='ocrx_word' id='word_1_337' title='bbox 196 2008 635 2070; x_wconf 88' lang='lat' dir='ltr'><strong>contempserunt</strong></span> <span class='ocrx_word' id='word_1_338' title='bbox 658 2006 819 2070; x_wconf 85' lang='lat' dir='ltr'><strong>atque</strong></span> <span class='ocrx_word' id='word_1_339' title='bbox 840 1996 1238 2070; x_wconf 72' lang='lat' dir='ltr'><strong>consentientes</strong></span> <span class='ocrx_word' id='word_1_340' title='bbox 1260 1994 1773 2070; x_wconf 77' lang='lat' dir='ltr'><strong>condemnaverunt.</strong></span> 
     </span>
    </p>
   </div>
   <div class='ocr_carea' id='block_1_46' title="bbox 194 2062 1775 2127">
    <p class='ocr_par' dir='ltr' id='par_1_46' title="bbox 194 2062 1775 2127">
     <span class='ocr_line' id='line_1_48' title="bbox 194 2062 1775 2127; baseline -0.007 -2"><span class='ocrx_word' id='word_1_341' title='bbox 194 2062 598 2127; x_wconf 48' lang='lat' dir='ltr'><strong>Placuit-etiam</strong></span> <span class='ocrx_word' id='word_1_342' title='bbox 634 2062 922 2122; x_wconf 73' lang='lat' dir='ltr'><strong>universali</strong></span> <span class='ocrx_word' id='word_1_343' title='bbox 958 2065 1186 2121; x_wconf 91' lang='lat' dir='ltr'><strong>concilio</strong></span> <span class='ocrx_word' id='word_1_344' title='bbox 1220 2073 1281 2119; x_wconf 91' lang='lat' dir='ltr'><strong>ut</strong></span> <span class='ocrx_word' id='word_1_345' title='bbox 1319 2066 1388 2118; x_wconf 91' lang='lat' dir='ltr'><strong>ob</strong></span> <span class='ocrx_word' id='word_1_346' title='bbox 1412 2062 1775 2117; x_wconf 79' lang='lat' dir='ltr'><strong>reverentiam</strong></span> 
     </span>
    </p>
   </div>
   <div class='ocr_carea' id='block_1_47' title="bbox 197 2130 1776 2209">
    <p class='ocr_par' dir='ltr' id='par_1_47' title="bbox 197 2130 1776 2209">
     <span class='ocr_line' id='line_1_49' title="bbox 197 2130 1776 2209; baseline -0.009 -11"><span class='ocrx_word' id='word_1_347' title='bbox 197 2141 372 2198; x_wconf 89' lang='lat' dir='ltr'><strong>sancti</strong></span> <span class='ocrx_word' id='word_1_348' title='bbox 398 2138 676 2209; x_wconf 83' lang='lat' dir='ltr'><strong>apostolici</strong></span> <span class='ocrx_word' id='word_1_349' title='bbox 718 2136 939 2209; x_wconf 83' lang='lat' dir='ltr'><strong>Adriani</strong></span> <span class='ocrx_word' id='word_1_350' title='bbox 981 2150 1133 2209; x_wconf 67' lang='lat' dir='ltr'><strong>papge</strong></span> <span class='ocrx_word' id='word_1_351' title='bbox 1159 2133 1539 2209; x_wconf 71' lang='lat' dir='ltr'><strong>urbis__Ro_ma3,</strong></span> <span class='ocrx_word' id='word_1_352' title='bbox 1574 2130 1776 2209; x_wconf 86' lang='lat' dir='ltr'><strong>scripta</strong></span> 
     </span>
    </p>
   </div>
   <div class='ocr_carea' id='block_1_48' title="bbox 197 2202 1777 2285">
    <p class='ocr_par' dir='ltr' id='par_1_48' title="bbox 197 2202 1777 2285">
     <span class='ocr_line' id='line_1_50' title="bbox 197 2202 1777 2285; baseline -0.009 -19"><span class='ocrx_word' id='word_1_353' title='bbox 197 2202 545 2266; x_wconf 78' lang='lat' dir='ltr'><strong>mitterentur</strong></span> <span class='ocrx_word' id='word_1_354' title='bbox 564 2249 615 2285; x_wconf 72' lang='lat'><strong>,_</strong></span> <span class='ocrx_word' id='word_1_355' title='bbox 633 2222 732 2285; x_wconf 80' lang='lat' dir='ltr'><strong>per</strong></span> <span class='ocrx_word' id='word_1_356' title='bbox 764 2206 955 2285; x_wconf 79' lang='lat' dir='ltr'><strong>omnia</strong></span> <span class='ocrx_word' id='word_1_357' title='bbox 983 2202 1134 2274; x_wconf 54' lang='lat' dir='ltr'><strong>&#39;ju&#39;ris</strong></span> <span class='ocrx_word' id='word_1_358' title='bbox 1174 2202 1777 2285; x_wconf 47' lang='lat' dir='ltr'><strong>privilegiqreservrat&#39;o</strong></span> 
     </span>
    </p>
   </div>
   <div class='ocr_carea' id='block_1_49' title="bbox 195 2269 1778 2348">
    <p class='ocr_par' dir='ltr' id='par_1_49' title="bbox 195 2269 1778 2348">
     <span class='ocr_line' id='line_1_51' title="bbox 195 2269 1778 2348; baseline -0.009 -12"><span class='ocrx_word' id='word_1_359' title='bbox 195 2295 409 2336; x_wconf 88' lang='lat' dir='ltr'><strong>summo</strong></span> <span class='ocrx_word' id='word_1_360' title='bbox 434 2269 689 2348; x_wconf 74' lang='lat' dir='ltr'><strong>pontiﬁci,</strong></span> <span class='ocrx_word' id='word_1_361' title='bbox 712 2284 777 2348; x_wconf 12' lang='lat' dir='ltr'><strong>fut</strong></span> <span class='ocrx_word' id='word_1_362' title='bbox 797 2269 1009 2348; x_wconf 77' lang='lat' dir='ltr'><strong>dudum</strong></span> <span class='ocrx_word' id='word_1_363' title='bbox 1038 2269 1209 2348; x_wconf 71' lang='lat' dir='ltr'><strong>sancti</strong></span> <span class='ocrx_word' id='word_1_364' title='bbox 1242 2269 1431 2326; x_wconf 79' lang='lat' dir='ltr'><strong>Patres</strong></span> <span class='ocrx_word' id='word_1_365' title='bbox 1472 2271 1630 2348; x_wconf 73' lang='lat' dir='ltr'><strong>beato</strong></span> <span class='ocrx_word' id='word_1_366' title='bbox 1673 2269 1778 2348; x_wconf 48' lang='lat' dir='ltr'><strong>Silf</strong></span> 
     </span>
    </p>
   </div>
   <div class='ocr_carea' id='block_1_50' title="bbox 194 2340 1776 2429">
    <p class='ocr_par' dir='ltr' id='par_1_50' title="bbox 194 2340 1776 2429">
     <span class='ocr_line' id='line_1_52' title="bbox 194 2340 1776 2429; baseline -0.003 4"><span class='ocrx_word' id='word_1_367' title='bbox 194 2355 376 2429; x_wconf 70' lang='grc' dir='ltr'><strong>ιεειτο</strong></span> <span class='ocrx_word' id='word_1_368' title='bbox 400 2340 564 2429; x_wconf 16' lang='lat' dir='ltr'><strong>etiam</strong></span> <span class='ocrx_word' id='word_1_369' title='bbox 603 2347 754 2429; x_wconf 58' lang='lat' dir='ltr'><strong>&quot;Illi.&quot;</strong></span> <span class='ocrx_word' id='word_1_370' title='bbox 797 2347 980 2429; x_wconf 65' lang='grc' dir='ltr'><strong>ιξοωτε</strong></span> <span class='ocrx_word' id='word_1_371' title='bbox 998 2359 1090 2424; x_wconf 70' lang='grc' dir='ltr'><strong>,ει</strong></span> <span class='ocrx_word' id='word_1_372' title='bbox 1136 2340 1624 2429; x_wconf 46' lang='lat'><strong>13????93931‘3“?</strong></span> <span class='ocrx_word' id='word_1_373' title='bbox 1653 2346 1776 2429; x_wconf 61' lang='grc' dir='ltr'><strong>ιε)ξέ</strong></span> 
     </span>
    </p>
   </div>
   <div class='ocr_carea' id='block_1_51' title="bbox 194 2411 1775 2479">
    <p class='ocr_par' dir='ltr' id='par_1_51' title="bbox 194 2411 1775 2479">
     <span class='ocr_line' id='line_1_53' title="bbox 194 2411 1775 2479; baseline -0.008 -4"><span class='ocrx_word' id='word_1_374' title='bbox 194 2411 593 2475; x_wconf 78' lang='lat' dir='ltr'><strong>damnationem</strong></span> <span class='ocrx_word' id='word_1_375' title='bbox 621 2415 734 2469; x_wconf 86' lang='lat' dir='ltr'><strong>Arii</strong></span> <span class='ocrx_word' id='word_1_376' title='bbox 762 2415 849 2469; x_wconf 88' lang='lat' dir='ltr'><strong>vel</strong></span> <span class='ocrx_word' id='word_1_377' title='bbox 870 2413 1110 2469; x_wconf 91' lang='lat' dir='ltr'><strong>omnium</strong></span> <span class='ocrx_word' id='word_1_378' title='bbox 1147 2411 1529 2466; x_wconf 71' lang='lat' dir='ltr'><strong>bmreticorum</strong></span> <span class='ocrx_word' id='word_1_379' title='bbox 1571 2411 1775 2479; x_wconf 83' lang='lat' dir='ltr'><strong>scripta</strong></span> 
     </span>
    </p>
   </div>
   <div class='ocr_carea' id='block_1_52' title="bbox 192 2479 1778 2554">
    <p class='ocr_par' dir='ltr' id='par_1_52' title="bbox 192 2479 1778 2554">
     <span class='ocr_line' id='line_1_54' title="bbox 192 2479 1778 2554; baseline -0.006 -11"><span class='ocrx_word' id='word_1_380' title='bbox 192 2489 472 2544; x_wconf 88' lang='lat' dir='ltr'><strong>miserant.</strong></span> <span class='ocrx_word' id='word_1_381' title='bbox 503 2486 605 2553; x_wconf 85' lang='lat' dir='ltr'><strong>Qui</strong></span> <span class='ocrx_word' id='word_1_382' title='bbox 643 2484 899 2554; x_wconf 73' lang='lat' dir='ltr'><strong>praefatus</strong></span> <span class='ocrx_word' id='word_1_383' title='bbox 942 2498 1123 2554; x_wconf 90' lang='lat' dir='ltr'><strong>papa,_</strong></span> <span class='ocrx_word' id='word_1_384' title='bbox 1137 2482 1333 2554; x_wconf 80' lang='lat' dir='ltr'><strong>iterum</strong></span> <span class='ocrx_word' id='word_1_385' title='bbox 1373 2479 1604 2554; x_wconf 87' lang='lat' dir='ltr'><strong>c_oncilio</strong></span> <span class='ocrx_word' id='word_1_386' title='bbox 1648 2494 1778 2534; x_wconf 86' lang='lat' dir='ltr'><strong>con-</strong></span> 
     </span>
    </p>
   </div>
   <div class='ocr_carea' id='block_1_53' title="bbox 260 2550 1775 2628">
    <p class='ocr_par' dir='ltr' id='par_1_53' title="bbox 260 2550 1775 2628">
     <span class='ocr_line' id='line_1_55' title="bbox 260 2550 1775 2628; baseline -0.007 -16"><span class='ocrx_word' id='word_1_387' title='bbox 260 2565 418 2628; x_wconf 78' lang='lat' dir='ltr'><strong>egato</strong></span> <span class='ocrx_word' id='word_1_388' title='bbox 464 2550 837 2628; x_wconf 70' lang='lat' dir='ltr'><strong>episcoporum</strong></span> <span class='ocrx_word' id='word_1_389' title='bbox 875 2550 1038 2628; x_wconf 77' lang='lat' dir='ltr'><strong>totius</strong></span> <span class='ocrx_word' id='word_1_390' title='bbox 1083 2551 1338 2628; x_wconf 66' lang='lat' dir='ltr'><strong>Ecclesia:</strong></span> <span class='ocrx_word' id='word_1_391' title='bbox 1388 2550 1775 2628; x_wconf 79' lang='lat' dir='ltr'><strong>Romanorum,</strong></span> 
     </span>
    </p>
   </div>
   <div class='ocr_carea' id='block_1_54' title="bbox 194 2574 1776 2688">
    <p class='ocr_par' dir='ltr' id='par_1_54' title="bbox 194 2574 1776 2688">
     <span class='ocr_line' id='line_1_56' title="bbox 260 2574 1775 2628; baseline -0.007 -16"><span class='ocrx_word' id='word_1_392' title='bbox 260 2574 418 2628; x_wconf 82' lang='lat' dir='ltr'><strong>egato</strong></span> <span class='ocrx_word' id='word_1_393' title='bbox 464 2574 644 2625; x_wconf 84' lang='lat' dir='ltr'><strong>episco</strong></span> <span class='ocrx_word' id='word_1_394' title='bbox 716 2574 837 2608; x_wconf 78' lang='lat' dir='ltr'><strong>rum</strong></span> <span class='ocrx_word' id='word_1_395' title='bbox 876 2574 1038 2607; x_wconf 81' lang='lat' dir='ltr'><strong>wuus</strong></span> <span class='ocrx_word' id='word_1_396' title='bbox 1086 2574 1338 2605; x_wconf 65' lang='lat' dir='ltr'><strong>usuusu:</strong></span> <span class='ocrx_word' id='word_1_397' title='bbox 1389 2574 1775 2614; x_wconf 68' lang='lat' dir='ltr'><strong>Romanorum,</strong></span> 
     </span>
     <span class='ocr_line' id='line_1_57' title="bbox 194 2574 1776 2688; baseline -0.007 -5"><span class='ocrx_word' id='word_1_398' title='bbox 194 2574 537 2683; x_wconf 50' lang='lat' dir='ltr'><strong>gementum</strong></span> <span class='ocrx_word' id='word_1_399' title='bbox 558 2635 614 2680; x_wconf 90' lang='lat' dir='ltr'><strong>et</strong></span> <span class='ocrx_word' id='word_1_400' title='bbox 641 2574 876 2679; x_wconf 44' lang='lat' dir='ltr'><strong>ﬁlicem</strong></span> <span class='ocrx_word' id='word_1_401' title='bbox 901 2622 1067 2677; x_wconf 89' lang='lat' dir='ltr'><strong>totius</strong></span> <span class='ocrx_word' id='word_1_402' title='bbox 1113 2619 1352 2688; x_wconf 59' lang='lat' dir='ltr'><strong>perﬁdiae</strong></span> <span class='ocrx_word' id='word_1_403' title='bbox 1383 2618 1576 2688; x_wconf 85' lang='lat' dir='ltr'><strong>arcbes</strong></span> <span class='ocrx_word' id='word_1_404' title='bbox 1604 2625 1657 2671; x_wconf 93' lang='lat' dir='ltr'><strong>et</strong></span> <span class='ocrx_word' id='word_1_405' title='bbox 1688 2632 1776 2688; x_wconf 45' lang='lat' dir='ltr'><strong>se:</strong></span> 
     </span>
    </p>
   </div>
   <div class='ocr_carea' id='block_1_55' title="bbox 194 2686 1775 2768">
    <p class='ocr_par' dir='ltr' id='par_1_55' title="bbox 194 2686 1775 2768">
     <span class='ocr_line' id='line_1_58' title="bbox 194 2686 1775 2768; baseline -0.007 -16"><span class='ocrx_word' id='word_1_406' title='bbox 194 2711 395 2768; x_wconf 88' lang='lat' dir='ltr'><strong>quaces</strong></span> <span class='ocrx_word' id='word_1_407' title='bbox 444 2709 656 2768; x_wconf 86' lang='lat' dir='ltr'><strong>eorum,</strong></span> <span class='ocrx_word' id='word_1_408' title='bbox 707 2701 777 2748; x_wconf 84' lang='lat' dir='ltr'><strong>ut‘</strong></span> <span class='ocrx_word' id='word_1_409' title='bbox 815 2706 978 2768; x_wconf 79' lang='lat' dir='ltr'><strong>supra</strong></span> <span class='ocrx_word' id='word_1_410' title='bbox 1005 2686 1625 2768; x_wconf 41' lang='lat' dir='ltr'><strong>_sanctumncon_c_ilium,</strong></span> <span class='ocrx_word' id='word_1_411' title='bbox 1657 2686 1775 2768; x_wconf 77' lang='lat' dir='ltr'><strong>pari</strong></span> 
     </span>
    </p>
   </div>
   <div class='ocr_carea' id='block_1_56' title="bbox 194 2757 1776 2829">
    <p class='ocr_par' dir='ltr' id='par_1_56' title="bbox 194 2757 1776 2829">
     <span class='ocr_line' id='line_1_59' title="bbox 194 2757 1776 2829; baseline -0.007 -7"><span class='ocrx_word' id='word_1_412' title='bbox 194 2757 356 2823; x_wconf 79' lang='lat' dir='ltr'><strong>modo</strong></span> <span class='ocrx_word' id='word_1_413' title='bbox 377 2757 756 2829; x_wconf 82' lang='lat' dir='ltr'><strong>condemnant,</strong></span> <span class='ocrx_word' id='word_1_414' title='bbox 773 2771 828 2817; x_wconf 91' lang='lat' dir='ltr'><strong>et</strong></span> <span class='ocrx_word' id='word_1_415' title='bbox 847 2757 987 2817; x_wconf 77' lang='lat' dir='ltr'><strong>hanc</strong></span> <span class='ocrx_word' id='word_1_416' title='bbox 1005 2760 1257 2816; x_wconf 61' lang='lat' dir='ltr'><strong>haresim</strong></span> <span class='ocrx_word' id='word_1_417' title='bbox 1282 2757 1520 2813; x_wconf 82' lang='lat' dir='ltr'><strong>funditus</strong></span> <span class='ocrx_word' id='word_1_418' title='bbox 1539 2773 1574 2829; x_wconf 14' lang='lat' dir='ltr'><strong>a7</strong></span> <span class='ocrx_word' id='word_1_419' title='bbox 1592 2763 1776 2829; x_wconf 80' lang='lat' dir='ltr'><strong>sancta</strong></span> 
     </span>
    </p>
   </div>
   <div class='ocr_carea' id='block_1_57' title="bbox 193 2826 1776 2901">
    <p class='ocr_par' dir='ltr' id='par_1_57' title="bbox 193 2826 1776 2901">
     <span class='ocr_line' id='line_1_60' title="bbox 193 2826 1776 2901; baseline -0.008 -10"><span class='ocrx_word' id='word_1_420' title='bbox 193 2836 436 2893; x_wconf 87' lang='lat' dir='ltr'><strong>Ecclesia</strong></span> <span class='ocrx_word' id='word_1_421' title='bbox 480 2826 757 2888; x_wconf 86' lang='lat' dir='ltr'><strong>eradicare</strong></span> <span class='ocrx_word' id='word_1_422' title='bbox 787 2832 1051 2901; x_wconf 74' lang='lat' dir='ltr'><strong>iudicant.</strong></span> <span class='ocrx_word' id='word_1_423' title='bbox 1099 2829 1244 2901; x_wconf 71' lang='lat' dir='ltr'><strong>Misit</strong></span> <span class='ocrx_word' id='word_1_424' title='bbox 1289 2829 1452 2901; x_wconf 79' lang='lat' dir='ltr'><strong>etiam</strong></span> <span class='ocrx_word' id='word_1_425' title='bbox 1494 2826 1776 2901; x_wconf 79' lang='lat' dir='ltr'><strong>epistolam</strong></span> 
     </span>
    </p>
   </div>
   <div class='ocr_carea' id='block_1_58' title="bbox 193 2896 1776 2972">
    <p class='ocr_par' dir='ltr' id='par_1_58' title="bbox 193 2896 1776 2972">
     <span class='ocr_line' id='line_1_61' title="bbox 193 2896 1776 2972; baseline -0.008 -11"><span class='ocrx_word' id='word_1_426' title='bbox 193 2906 445 2961; x_wconf 90' lang='lat' dir='ltr'><strong>omnibus</strong></span> <span class='ocrx_word' id='word_1_427' title='bbox 491 2896 871 2972; x_wconf 12' lang='lat' dir='ltr'><strong>episcopisivel</strong></span> <span class='ocrx_word' id='word_1_428' title='bbox 914 2900 1169 2972; x_wconf 81' lang='lat' dir='ltr'><strong>Ecclesiis</strong></span> <span class='ocrx_word' id='word_1_429' title='bbox 1212 2898 1456 2972; x_wconf 80' lang='lat' dir='ltr'><strong>partibus</strong></span> <span class='ocrx_word' id='word_1_430' title='bbox 1508 2896 1776 2972; x_wconf 73' lang='lat' dir='ltr'><strong>llispaniae</strong></span> 
     </span>
    </p>
   </div>
   <div class='ocr_carea' id='block_1_59' title="bbox 193 2967 1775 3038">
    <p class='ocr_par' dir='ltr' id='par_1_59' title="bbox 193 2967 1775 3038">
     <span class='ocr_line' id='line_1_62' title="bbox 193 2967 1775 3038; baseline -0.006 -7"><span class='ocrx_word' id='word_1_431' title='bbox 193 2978 308 3032; x_wconf 90' lang='lat' dir='ltr'><strong>sive</strong></span> <span class='ocrx_word' id='word_1_432' title='bbox 336 2967 574 3029; x_wconf 62' lang='lat' dir='ltr'><strong>Galliciin</strong></span> <span class='ocrx_word' id='word_1_433' title='bbox 602 2967 1033 3036; x_wconf 80' lang='lat' dir='ltr'><strong>consolatoriam,</strong></span> <span class='ocrx_word' id='word_1_434' title='bbox 1060 2984 1221 3038; x_wconf 87' lang='lat' dir='ltr'><strong>quam</strong></span> <span class='ocrx_word' id='word_1_435' title='bbox 1244 2967 1334 3038; x_wconf 85' lang='lat' dir='ltr'><strong>qui</strong></span> <span class='ocrx_word' id='word_1_436' title='bbox 1365 2967 1632 3038; x_wconf 83' lang='lat' dir='ltr'><strong>legerit__et</strong></span> <span class='ocrx_word' id='word_1_437' title='bbox 1657 2980 1775 3021; x_wconf 90' lang='lat' dir='ltr'><strong>cre-</strong></span> 
     </span>
    </p>
   </div>
   <div class='ocr_carea' id='block_1_60' title="bbox 1876 1785 3449 1856">
    <p class='ocr_par' dir='ltr' id='par_1_60' title="bbox 1876 1785 3449 1856">
     <span class='ocr_line' id='line_1_63' title="bbox 1876 1785 3449 1856; baseline 0.002 -16"><span class='ocrx_word' id='word_1_438' title='bbox 1876 1788 2123 1856; x_wconf 88' lang='lat' dir='ltr'><strong>partibus</strong></span> <span class='ocrx_word' id='word_1_439' title='bbox 2148 1788 2334 1843; x_wconf 68' lang='lat' dir='ltr'><strong>Roma:</strong></span> <span class='ocrx_word' id='word_1_440' title='bbox 2362 1785 2771 1852; x_wconf 86' lang='lat' dir='ltr'><strong>transmitteret,</strong></span> <span class='ocrx_word' id='word_1_441' title='bbox 2813 1785 2884 1841; x_wconf 90' lang='lat' dir='ltr'><strong>ad</strong></span> <span class='ocrx_word' id='word_1_442' title='bbox 2920 1786 3224 1855; x_wconf 88' lang='lat' dir='ltr'><strong>sepulcrum</strong></span> <span class='ocrx_word' id='word_1_443' title='bbox 3250 1788 3449 1843; x_wconf 91' lang='lat' dir='ltr'><strong>summi</strong></span> 
     </span>
    </p>
   </div>
   <div class='ocr_carea' id='block_1_61' title="bbox 1875 1855 2420 1927">
    <p class='ocr_par' dir='ltr' id='par_1_61' title="bbox 1875 1855 2420 1927">
     <span class='ocr_line' id='line_1_64' title="bbox 1875 1855 2420 1927; baseline -0.002 -16"><span class='ocrx_word' id='word_1_444' title='bbox 1875 1855 2145 1927; x_wconf 81' lang='lat' dir='ltr'><strong>pontiﬁcis</strong></span> <span class='ocrx_word' id='word_1_445' title='bbox 2175 1857 2420 1927; x_wconf 80' lang='lat' dir='ltr'><strong>Adriani.</strong></span> 
     </span>
    </p>
   </div>
   <div class='ocr_carea' id='block_1_62' title="bbox 1944 1924 3449 1996">
    <p class='ocr_par' dir='ltr' id='par_1_62' title="bbox 1944 1924 3449 1996">
     <span class='ocr_line' id='line_1_65' title="bbox 1944 1924 3449 1996; baseline 0.002 -17"><span class='ocrx_word' id='word_1_446' title='bbox 1944 1926 2100 1981; x_wconf 87' lang='lat' dir='ltr'><strong>Anno</strong></span> <span class='ocrx_word' id='word_1_447' title='bbox 2155 1925 2276 1990; x_wconf 87' lang='lat'><strong>796,</strong></span> <span class='ocrx_word' id='word_1_448' title='bbox 2323 1927 2529 1996; x_wconf 83' lang='lat' dir='ltr'><strong>aestatis</strong></span> <span class='ocrx_word' id='word_1_449' title='bbox 2572 1933 2832 1996; x_wconf 90' lang='lat' dir='ltr'><strong>tempore,</strong></span> <span class='ocrx_word' id='word_1_450' title='bbox 2877 1924 3026 1980; x_wconf 88' lang='lat' dir='ltr'><strong>misit</strong></span> <span class='ocrx_word' id='word_1_451' title='bbox 3078 1924 3261 1996; x_wconf 15' lang='lat' dir='ltr'><strong>ﬁlium,</strong></span> <span class='ocrx_word' id='word_1_452' title='bbox 3292 1942 3449 1982; x_wconf 89' lang='lat' dir='ltr'><strong>suum</strong></span> 
     </span>
    </p>
   </div>
   <div class='ocr_carea' id='block_1_63' title="bbox 1875 1994 3432 2120">
    <p class='ocr_par' dir='ltr' id='par_1_63' title="bbox 1875 1994 3432 2120">
     <span class='ocr_line' id='line_1_66' title="bbox 1875 1994 3432 2120; baseline 0.001 -71"><span class='ocrx_word' id='word_1_453' title='bbox 1875 1994 2161 2120; x_wconf 41' lang='lat' dir='ltr'><strong>Pippinum</strong></span> <span class='ocrx_word' id='word_1_454' title='bbox 2198 2012 2291 2051; x_wconf 89' lang='lat' dir='ltr'><strong>rex</strong></span> <span class='ocrx_word' id='word_1_455' title='bbox 2328 1995 2553 2054; x_wconf 89' lang='lat' dir='ltr'><strong>Carolus</strong></span> <span class='ocrx_word' id='word_1_456' title='bbox 2587 1994 2709 2050; x_wconf 76' lang='lat' dir='ltr'><strong>cuni</strong></span> <span class='ocrx_word' id='word_1_457' title='bbox 2745 1996 2878 2057; x_wconf 89' lang='lat' dir='ltr'><strong>suis,</strong></span> <span class='ocrx_word' id='word_1_458' title='bbox 2906 2011 3041 2065; x_wconf 91' lang='lat' dir='ltr'><strong>quos</strong></span> <span class='ocrx_word' id='word_1_459' title='bbox 3073 1995 3128 2049; x_wconf 90' lang='lat' dir='ltr'><strong>in</strong></span> <span class='ocrx_word' id='word_1_460' title='bbox 3172 1995 3320 2050; x_wconf 84' lang='lat' dir='ltr'><strong>Italia</strong></span> <span class='ocrx_word' id='word_1_461' title='bbox 3347 1997 3432 2051; x_wconf 85' lang='lat' dir='ltr'><strong>lia-</strong></span> 
     </span>
     <span class='ocr_line' id='line_1_67' title="bbox 1875 2065 3432 2120; baseline 0 0"><span class='ocrx_word' id='word_1_462' title='bbox 1875 2065 1943 2119; x_wconf 88' lang='lat' dir='ltr'><strong>be</strong></span> <span class='ocrx_word' id='word_1_463' title='bbox 1983 2074 2037 2120; x_wconf 91' lang='lat' dir='ltr'><strong>at</strong></span> <span class='ocrx_word' id='word_1_464' title='bbox 2066 2065 2320 2120; x_wconf 87' lang='lat' dir='ltr'><strong>Francos.</strong></span> <span class='ocrx_word' id='word_1_465' title='bbox 2345 2066 2728 2120; x_wconf 68' lang='lat' dir='ltr'><strong>Langobardos</strong></span> <span class='ocrx_word' id='word_1_466' title='bbox 2756 2074 2812 2120; x_wconf 91' lang='lat' dir='ltr'><strong>et</strong></span> <span class='ocrx_word' id='word_1_467' title='bbox 2853 2065 3159 2120; x_wconf 71' lang='lat' dir='ltr'><strong>Bagoarios.</strong></span> <span class='ocrx_word' id='word_1_468' title='bbox 3189 2082 3310 2120; x_wconf 91' lang='lat' dir='ltr'><strong>cum</strong></span> <span class='ocrx_word' id='word_1_469' title='bbox 3351 2066 3432 2120; x_wconf 89' lang='lat' dir='ltr'><strong>ali-</strong></span> 
     </span>
    </p>
   </div>
   <div class='ocr_carea' id='block_1_64' title="bbox 1875 2065 3449 2137">
    <p class='ocr_par' dir='ltr' id='par_1_64' title="bbox 1875 2065 3449 2137">
     <span class='ocr_line' id='line_1_68' title="bbox 1875 2065 3449 2137; baseline 0.001 -18"><span class='ocrx_word' id='word_1_470' title='bbox 1875 2065 2037 2120; x_wconf 89' lang='lat' dir='ltr'><strong>bebat</strong></span> <span class='ocrx_word' id='word_1_471' title='bbox 2066 2065 2320 2137; x_wconf 82' lang='lat' dir='ltr'><strong>Francos,</strong></span> <span class='ocrx_word' id='word_1_472' title='bbox 2345 2066 2728 2137; x_wconf 76' lang='lat' dir='ltr'><strong>Langobardos</strong></span> <span class='ocrx_word' id='word_1_473' title='bbox 2756 2074 2812 2137; x_wconf 79' lang='lat' dir='ltr'><strong>et</strong></span> <span class='ocrx_word' id='word_1_474' title='bbox 2853 2065 3159 2137; x_wconf 84' lang='lat' dir='ltr'><strong>Bagoarios,</strong></span> <span class='ocrx_word' id='word_1_475' title='bbox 3189 2082 3310 2120; x_wconf 91' lang='lat' dir='ltr'><strong>cum</strong></span> <span class='ocrx_word' id='word_1_476' title='bbox 3351 2066 3449 2137; x_wconf 78' lang='lat' dir='ltr'><strong>ali-</strong></span> 
     </span>
    </p>
   </div>
   <div class='ocr_carea' id='block_1_65' title="bbox 1876 2133 3448 2205">
    <p class='ocr_par' dir='ltr' id='par_1_65' title="bbox 1876 2133 3448 2205">
     <span class='ocr_line' id='line_1_69' title="bbox 1876 2133 3448 2205; baseline 0.001 -17"><span class='ocrx_word' id='word_1_477' title='bbox 1876 2143 2158 2205; x_wconf 69' lang='lat' dir='ltr'><strong>qua°parte</strong></span> <span class='ocrx_word' id='word_1_478' title='bbox 2192 2133 2612 2192; x_wconf 80' lang='lat' dir='ltr'><strong>Alamannorum</strong></span> <span class='ocrx_word' id='word_1_479' title='bbox 2645 2135 2745 2191; x_wconf 69' lang='lat' dir='ltr'><strong>fin</strong></span> <span class='ocrx_word' id='word_1_480' title='bbox 2780 2133 2977 2190; x_wconf 76' lang='lat' dir='ltr'><strong>ﬁnibus</strong></span> <span class='ocrx_word' id='word_1_481' title='bbox 2997 2133 3354 2190; x_wconf 86' lang='lat' dir='ltr'><strong>Auvarorum.</strong></span> <span class='ocrx_word' id='word_1_482' title='bbox 3379 2135 3448 2192; x_wconf 89' lang='lat' dir='ltr'><strong>Et</strong></span> 
     </span>
    </p>
   </div>
   <div class='ocr_carea' id='block_1_66' title="bbox 1875 2204 3448 2275">
    <p class='ocr_par' dir='ltr' id='par_1_66' title="bbox 1875 2204 3448 2275">
     <span class='ocr_line' id='line_1_70' title="bbox 1875 2204 3448 2275; baseline 0.001 -17"><span class='ocrx_word' id='word_1_483' title='bbox 1875 2205 2021 2275; x_wconf 75' lang='lat' dir='ltr'><strong>venit</strong></span> <span class='ocrx_word' id='word_1_484' title='bbox 2053 2204 2309 2275; x_wconf 89' lang='lat' dir='ltr'><strong>Pippinus</strong></span> <span class='ocrx_word' id='word_1_485' title='bbox 2343 2221 2465 2260; x_wconf 89' lang='lat' dir='ltr'><strong>cum</strong></span> <span class='ocrx_word' id='word_1_486' title='bbox 2489 2205 2730 2261; x_wconf 88' lang='lat' dir='ltr'><strong>exercitu</strong></span> <span class='ocrx_word' id='word_1_487' title='bbox 2770 2221 2887 2271; x_wconf 90' lang='lat' dir='ltr'><strong>suo,</strong></span> <span class='ocrx_word' id='word_1_488' title='bbox 2928 2205 3011 2260; x_wconf 92' lang='lat' dir='ltr'><strong>vel</strong></span> <span class='ocrx_word' id='word_1_489' title='bbox 3045 2221 3168 2261; x_wconf 89' lang='lat' dir='ltr'><strong>cum</strong></span> <span class='ocrx_word' id='word_1_490' title='bbox 3197 2206 3448 2260; x_wconf 88' lang='lat' dir='ltr'><strong>omnibus</strong></span> 
     </span>
    </p>
   </div>
   <div class='ocr_carea' id='block_1_67' title="bbox 1876 2273 3449 2357">
    <p class='ocr_par' dir='ltr' id='par_1_67' title="bbox 1876 2273 3449 2357">
     <span class='ocr_line' id='line_1_71' title="bbox 1876 2273 3449 2357; baseline 0.002 -30"><span class='ocrx_word' id='word_1_491' title='bbox 1876 2273 2322 2357; x_wconf 31' lang='lat' dir='ltr'><strong>illisﬁquos‘pater</strong></span> <span class='ocrx_word' id='word_1_492' title='bbox 2348 2275 2464 2357; x_wconf 78' lang='lat' dir='ltr'><strong>ejus</strong></span> <span class='ocrx_word' id='word_1_493' title='bbox 2481 2276 2702 2357; x_wconf 73' lang='lat' dir='ltr'><strong>miserat</strong></span> <span class='ocrx_word' id='word_1_494' title='bbox 2726 2276 2853 2357; x_wconf 70' lang='lat' dir='ltr'><strong>ei-in</strong></span> <span class='ocrx_word' id='word_1_495' title='bbox 2878 2275 3168 2357; x_wconf 73' lang='lat' dir='ltr'><strong>auxilium;</strong></span> <span class='ocrx_word' id='word_1_496' title='bbox 3198 2284 3252 2330; x_wconf 90' lang='lat' dir='ltr'><strong>et</strong></span> <span class='ocrx_word' id='word_1_497' title='bbox 3278 2283 3449 2357; x_wconf 47' lang='lat' dir='ltr'><strong>tra‘ns-</strong></span> 
     </span>
    </p>
   </div>
   <div class='ocr_carea' id='block_1_68' title="bbox 1876 2343 3449 2427">
    <p class='ocr_par' dir='ltr' id='par_1_68' title="bbox 1876 2343 3449 2427">
     <span class='ocr_line' id='line_1_72' title="bbox 1876 2343 3449 2427; baseline 0.001 -30"><span class='ocrx_word' id='word_1_498' title='bbox 1876 2343 1953 2399; x_wconf 90' lang='lat' dir='ltr'><strong>ito</strong></span> <span class='ocrx_word' id='word_1_499' title='bbox 1975 2343 2217 2400; x_wconf 79' lang='lat' dir='ltr'><strong>Danubio</strong></span> <span class='ocrx_word' id='word_1_500' title='bbox 2238 2343 2419 2426; x_wconf 79' lang='lat' dir='ltr'><strong>ﬂuvio,</strong></span> <span class='ocrx_word' id='word_1_501' title='bbox 2447 2345 2693 2427; x_wconf 64' lang='lat' dir='ltr'><strong>pervenit</strong></span> <span class='ocrx_word' id='word_1_502' title='bbox 2724 2346 2800 2426; x_wconf 76' lang='lat' dir='ltr'><strong>ad</strong></span> <span class='ocrx_word' id='word_1_503' title='bbox 2827 2345 3003 2427; x_wconf 70' lang='lat' dir='ltr'><strong>locum</strong></span> <span class='ocrx_word' id='word_1_504' title='bbox 3036 2345 3127 2399; x_wconf 87' lang='lat' dir='ltr'><strong>ubi</strong></span> <span class='ocrx_word' id='word_1_505' title='bbox 3158 2359 3310 2427; x_wconf 74' lang='lat' dir='ltr'><strong>reges</strong></span> <span class='ocrx_word' id='word_1_506' title='bbox 3339 2343 3449 2427; x_wconf 81' lang='lat' dir='ltr'><strong>Au-</strong></span> 
     </span>
    </p>
   </div>
   <div class='ocr_carea' id='block_1_69' title="bbox 1874 2414 3445 2485">
    <p class='ocr_par' dir='ltr' id='par_1_69' title="bbox 1874 2414 3445 2485">
     <span class='ocr_line' id='line_1_73' title="bbox 1874 2414 3445 2485; baseline -0.001 -17"><span class='ocrx_word' id='word_1_507' title='bbox 1874 2429 2127 2469; x_wconf 88' lang='lat' dir='ltr'><strong>varorum</strong></span> <span class='ocrx_word' id='word_1_508' title='bbox 2147 2431 2269 2469; x_wconf 88' lang='lat' dir='ltr'><strong>cum</strong></span> <span class='ocrx_word' id='word_1_509' title='bbox 2298 2414 2631 2485; x_wconf 88' lang='lat' dir='ltr'><strong>principibus</strong></span> <span class='ocrx_word' id='word_1_510' title='bbox 2658 2416 2768 2470; x_wconf 90' lang='lat' dir='ltr'><strong>suis</strong></span> <span class='ocrx_word' id='word_1_511' title='bbox 2805 2414 2993 2470; x_wconf 90' lang='lat' dir='ltr'><strong>sedere</strong></span> <span class='ocrx_word' id='word_1_512' title='bbox 3028 2414 3267 2469; x_wconf 89' lang='lat' dir='ltr'><strong>consueti</strong></span> <span class='ocrx_word' id='word_1_513' title='bbox 3299 2421 3445 2485; x_wconf 88' lang='lat' dir='ltr'><strong>sunt,</strong></span> 
     </span>
    </p>
   </div>
   <div class='ocr_carea' id='block_1_70' title="bbox 1876 2483 3450 2556">
    <p class='ocr_par' dir='ltr' id='par_1_70' title="bbox 1876 2483 3450 2556">
     <span class='ocr_line' id='line_1_74' title="bbox 1876 2483 3450 2556; baseline 0.001 -18"><span class='ocrx_word' id='word_1_514' title='bbox 1876 2498 2035 2556; x_wconf 81' lang='lat' dir='ltr'><strong>quem</strong></span> <span class='ocrx_word' id='word_1_515' title='bbox 2051 2485 2117 2556; x_wconf 85' lang='lat' dir='ltr'><strong>in</strong></span> <span class='ocrx_word' id='word_1_516' title='bbox 2146 2483 2538 2556; x_wconf 79' lang='lat' dir='ltr'><strong>nostralingua</strong></span> <span class='ocrx_word' id='word_1_517' title='bbox 2577 2484 2754 2539; x_wconf 80' lang='lat' dir='ltr'><strong>Rinno</strong></span> <span class='ocrx_word' id='word_1_518' title='bbox 2781 2486 2807 2526; x_wconf 75' lang='grc'>⁸</span> <span class='ocrx_word' id='word_1_519' title='bbox 2835 2485 3113 2556; x_wconf 81' lang='lat' dir='ltr'><strong>nominant</strong></span> <span class='ocrx_word' id='word_1_520' title='bbox 3156 2502 3167 2536; x_wconf 90' lang='lat'><strong><em>:</em></strong></span> <span class='ocrx_word' id='word_1_521' title='bbox 3221 2492 3277 2556; x_wconf 86' lang='lat' dir='ltr'><strong>et</strong></span> <span class='ocrx_word' id='word_1_522' title='bbox 3323 2483 3450 2540; x_wconf 86' lang='lat' dir='ltr'><strong>inde</strong></span> 
     </span>
    </p>
   </div>
   <div class='ocr_carea' id='block_1_71' title="bbox 1878 2553 3451 2623">
    <p class='ocr_par' dir='ltr' id='par_1_71' title="bbox 1878 2553 3451 2623">
     <span class='ocr_line' id='line_1_75' title="bbox 1878 2553 3451 2623; baseline 0.001 -16"><span class='ocrx_word' id='word_1_523' title='bbox 1878 2553 2001 2607; x_wconf 91' lang='lat' dir='ltr'><strong>tulit</strong></span> <span class='ocrx_word' id='word_1_524' title='bbox 2025 2555 2304 2623; x_wconf 87' lang='lat' dir='ltr'><strong>thesauros</strong></span> <span class='ocrx_word' id='word_1_525' title='bbox 2326 2553 2684 2621; x_wconf 73' lang='lat' dir='ltr'><strong>Auvarorum,</strong></span> <span class='ocrx_word' id='word_1_526' title='bbox 2712 2562 2767 2609; x_wconf 91' lang='lat' dir='ltr'><strong>et</strong></span> <span class='ocrx_word' id='word_1_527' title='bbox 2789 2570 2909 2608; x_wconf 89' lang='lat' dir='ltr'><strong>cum</strong></span> <span class='ocrx_word' id='word_1_528' title='bbox 2929 2554 3113 2623; x_wconf 77' lang='lat' dir='ltr'><strong>multis</strong></span> <span class='ocrx_word' id='word_1_529' title='bbox 3134 2553 3305 2623; x_wconf 88' lang='lat' dir='ltr'><strong>captis</strong></span> <span class='ocrx_word' id='word_1_530' title='bbox 3322 2568 3451 2623; x_wconf 86' lang='lat' dir='ltr'><strong>per-</strong></span> 
     </span>
    </p>
   </div>
   <div class='ocr_carea' id='block_1_72' title="bbox 1874 2622 3452 2692">
    <p class='ocr_par' dir='ltr' id='par_1_72' title="bbox 1874 2622 3452 2692">
     <span class='ocr_line' id='line_1_76' title="bbox 1874 2622 3452 2692; baseline 0.003 -18"><span class='ocrx_word' id='word_1_531' title='bbox 1874 2624 2023 2676; x_wconf 90' lang='lat' dir='ltr'><strong>venit</strong></span> <span class='ocrx_word' id='word_1_532' title='bbox 2041 2624 2093 2677; x_wconf 91' lang='lat' dir='ltr'><strong>in</strong></span> <span class='ocrx_word' id='word_1_533' title='bbox 2123 2622 2370 2687; x_wconf 88' lang='lat' dir='ltr'><strong>Francia,</strong></span> <span class='ocrx_word' id='word_1_534' title='bbox 2404 2632 2459 2678; x_wconf 93' lang='lat' dir='ltr'><strong>et</strong></span> <span class='ocrx_word' id='word_1_535' title='bbox 2486 2623 2541 2677; x_wconf 92' lang='lat' dir='ltr'><strong>in</strong></span> <span class='ocrx_word' id='word_1_536' title='bbox 2566 2624 2680 2692; x_wconf 85' lang='lat' dir='ltr'><strong>ipsa</strong></span> <span class='ocrx_word' id='word_1_537' title='bbox 2701 2631 2882 2679; x_wconf 70' lang='lat' dir='ltr'><strong>aestate</strong></span> <span class='ocrx_word' id='word_1_538' title='bbox 2902 2638 2999 2677; x_wconf 84' lang='lat' dir='ltr'><strong>rex</strong></span> <span class='ocrx_word' id='word_1_539' title='bbox 3018 2622 3242 2678; x_wconf 72' lang='lat' dir='ltr'><strong>Carolus</strong></span> <span class='ocrx_word' id='word_1_540' title='bbox 3272 2624 3452 2679; x_wconf 87' lang='lat' dir='ltr'><strong>demo-</strong></span> 
     </span>
    </p>
   </div>
   <div class='ocr_carea' id='block_1_73' title="bbox 1876 2692 3453 2755">
    <p class='ocr_par' dir='ltr' id='par_1_73' title="bbox 1876 2692 3453 2755">
     <span class='ocr_line' id='line_1_77' title="bbox 1876 2692 3453 2755; baseline 0.002 -9"><span class='ocrx_word' id='word_1_541' title='bbox 1876 2699 2027 2746; x_wconf 88' lang='lat' dir='ltr'><strong>ratus</strong></span> <span class='ocrx_word' id='word_1_542' title='bbox 2054 2700 2138 2747; x_wconf 93' lang='lat' dir='ltr'><strong>est</strong></span> <span class='ocrx_word' id='word_1_543' title='bbox 2162 2692 2217 2746; x_wconf 89' lang='lat' dir='ltr'><strong>in</strong></span> <span class='ocrx_word' id='word_1_544' title='bbox 2248 2692 2482 2748; x_wconf 89' lang='lat' dir='ltr'><strong>Saxonia</strong></span> <span class='ocrx_word' id='word_1_545' title='bbox 2505 2708 2627 2749; x_wconf 89' lang='lat' dir='ltr'><strong>eum</strong></span> <span class='ocrx_word' id='word_1_546' title='bbox 2654 2694 2862 2749; x_wconf 88' lang='lat' dir='ltr'><strong>duobus</strong></span> <span class='ocrx_word' id='word_1_547' title='bbox 2888 2692 3014 2755; x_wconf 82' lang='lat' dir='ltr'><strong>ﬁliis</strong></span> <span class='ocrx_word' id='word_1_548' title='bbox 3041 2693 3153 2747; x_wconf 90' lang='lat' dir='ltr'><strong>suis</strong></span> <span class='ocrx_word' id='word_1_549' title='bbox 3180 2692 3371 2748; x_wconf 89' lang='lat' dir='ltr'><strong>Carolo</strong></span> <span class='ocrx_word' id='word_1_550' title='bbox 3396 2701 3453 2752; x_wconf 83' lang='lat' dir='ltr'><strong>et</strong></span> 
     </span>
    </p>
   </div>
   <div class='ocr_carea' id='block_1_74' title="bbox 1873 2760 3453 2827">
    <p class='ocr_par' dir='ltr' id='par_1_74' title="bbox 1873 2760 3453 2827">
     <span class='ocr_line' id='line_1_78' title="bbox 1873 2760 3453 2827; baseline 0.001 -12"><span class='ocrx_word' id='word_1_551' title='bbox 1873 2760 2165 2827; x_wconf 87' lang='lat' dir='ltr'><strong>Ludovico,</strong></span> <span class='ocrx_word' id='word_1_552' title='bbox 2195 2770 2246 2817; x_wconf 87' lang='lat' dir='ltr'><strong>et</strong></span> <span class='ocrx_word' id='word_1_553' title='bbox 2280 2763 2529 2818; x_wconf 85' lang='lat' dir='ltr'><strong>circuivit</strong></span> <span class='ocrx_word' id='word_1_554' title='bbox 2552 2770 2752 2817; x_wconf 91' lang='lat' dir='ltr'><strong>terram</strong></span> <span class='ocrx_word' id='word_1_555' title='bbox 2796 2762 3132 2819; x_wconf 82' lang='lat' dir='ltr'><strong>Saxonorum</strong></span> <span class='ocrx_word' id='word_1_556' title='bbox 3162 2762 3253 2816; x_wconf 91' lang='lat' dir='ltr'><strong>ubi</strong></span> <span class='ocrx_word' id='word_1_557' title='bbox 3280 2762 3453 2817; x_wconf 89' lang='lat' dir='ltr'><strong>rebel-</strong></span> 
     </span>
    </p>
   </div>
   <div class='ocr_carea' id='block_1_75' title="bbox 1874 2830 3453 2899">
    <p class='ocr_par' dir='ltr' id='par_1_75' title="bbox 1874 2830 3453 2899">
     <span class='ocr_line' id='line_1_79' title="bbox 1874 2830 3453 2899; baseline 0 -13"><span class='ocrx_word' id='word_1_558' title='bbox 1874 2830 1953 2886; x_wconf 91' lang='lat' dir='ltr'><strong>les</strong></span> <span class='ocrx_word' id='word_1_559' title='bbox 1977 2831 2212 2897; x_wconf 77' lang='lat' dir='ltr'><strong>l‘uerunt,</strong></span> <span class='ocrx_word' id='word_1_560' title='bbox 2241 2832 2571 2889; x_wconf 88' lang='lat' dir='ltr'><strong>incendendo</strong></span> <span class='ocrx_word' id='word_1_561' title='bbox 2615 2840 2669 2886; x_wconf 91' lang='lat' dir='ltr'><strong>et</strong></span> <span class='ocrx_word' id='word_1_562' title='bbox 2693 2832 2951 2887; x_wconf 83' lang='lat' dir='ltr'><strong>vastando</strong></span> <span class='ocrx_word' id='word_1_563' title='bbox 2990 2833 3192 2895; x_wconf 90' lang='lat' dir='ltr'><strong>omnia,</strong></span> <span class='ocrx_word' id='word_1_564' title='bbox 3222 2840 3277 2886; x_wconf 89' lang='lat' dir='ltr'><strong>et</strong></span> <span class='ocrx_word' id='word_1_565' title='bbox 3315 2846 3453 2899; x_wconf 68' lang='lat' dir='ltr'><strong>prae-</strong></span> 
     </span>
    </p>
   </div>
   <div class='ocr_carea' id='block_1_76' title="bbox 1875 2900 3452 2969">
    <p class='ocr_par' dir='ltr' id='par_1_76' title="bbox 1875 2900 3452 2969">
     <span class='ocr_line' id='line_1_80' title="bbox 1875 2900 3452 2969; baseline 0 -14"><span class='ocrx_word' id='word_1_566' title='bbox 1875 2900 1995 2955; x_wconf 90' lang='lat' dir='ltr'><strong>dam</strong></span> <span class='ocrx_word' id='word_1_567' title='bbox 2023 2902 2487 2965; x_wconf 89' lang='lat' dir='ltr'><strong>innumerabilem,</strong></span> <span class='ocrx_word' id='word_1_568' title='bbox 2517 2902 2661 2955; x_wconf 89' lang='lat' dir='ltr'><strong>viros</strong></span> <span class='ocrx_word' id='word_1_569' title='bbox 2702 2908 2757 2955; x_wconf 90' lang='lat' dir='ltr'><strong>et</strong></span> <span class='ocrx_word' id='word_1_570' title='bbox 2792 2900 3074 2965; x_wconf 88' lang='lat' dir='ltr'><strong>mulieres,</strong></span> <span class='ocrx_word' id='word_1_571' title='bbox 3104 2908 3158 2954; x_wconf 89' lang='lat' dir='ltr'><strong>ct</strong></span> <span class='ocrx_word' id='word_1_572' title='bbox 3198 2900 3452 2969; x_wconf 89' lang='lat' dir='ltr'><strong>parvulos</strong></span> 
     </span>
    </p>
   </div>
   <div class='ocr_carea' id='block_1_77' title="bbox 1875 2969 3452 3041">
    <p class='ocr_par' dir='ltr' id='par_1_77' title="bbox 1875 2969 3452 3041">
     <span class='ocr_line' id='line_1_81' title="bbox 1875 2969 3452 3041; baseline -0.001 -17"><span class='ocrx_word' id='word_1_573' title='bbox 1875 2972 2114 3041; x_wconf 83' lang='lat' dir='ltr'><strong>captivos</strong></span> <span class='ocrx_word' id='word_1_574' title='bbox 2128 2973 2281 3027; x_wconf 86' lang='lat' dir='ltr'><strong>dtixit</strong></span> <span class='ocrx_word' id='word_1_575' title='bbox 2298 2987 2482 3028; x_wconf 89' lang='lat' dir='ltr'><strong>secum</strong></span> <span class='ocrx_word' id='word_1_576' title='bbox 2504 2972 2557 3025; x_wconf 92' lang='lat' dir='ltr'><strong>in</strong></span> <span class='ocrx_word' id='word_1_577' title='bbox 2582 2970 2828 3026; x_wconf 88' lang='lat' dir='ltr'><strong>Francia.</strong></span> <span class='ocrx_word' id='word_1_578' title='bbox 2850 2969 3094 3041; x_wconf 85' lang='lat' dir='ltr'><strong>Tertium</strong></span> <span class='ocrx_word' id='word_1_579' title='bbox 3113 2971 3137 3009; x_wconf 72' lang='grc' dir='ltr'><strong>ιι</strong></span> <span class='ocrx_word' id='word_1_580' title='bbox 3156 2984 3284 3023; x_wconf 86' lang='lat' dir='ltr'><strong>vero</strong></span> <span class='ocrx_word' id='word_1_581' title='bbox 3300 2985 3452 3024; x_wconf 83' lang='lat' dir='ltr'><strong>exer-</strong></span> 
     </span>
    </p>
   </div>
   <div class='ocr_carea' id='block_1_78' title="bbox 192 3035 3452 3129">
    <p class='ocr_par' dir='ltr' id='par_1_78' title="bbox 192 3035 3452 3129">
     <span class='ocr_line' id='line_1_82' title="bbox 192 3035 3452 3129; baseline -0.003 0"><span class='ocrx_word' id='word_1_582' title='bbox 192 3044 412 3129; x_wconf 47' lang='lat' dir='ltr'><strong>alitteris</strong></span> <span class='ocrx_word' id='word_1_583' title='bbox 429 3041 705 3129; x_wconf 51' lang='grc' dir='ltr'><strong>..991⁵9ἔὲ</strong></span> <span class='ocrx_word' id='word_1_584' title='bbox 719 3035 1401 3129; x_wconf 44' lang='grc' dir='ltr'><strong>ξξθξηὲἑθιηὲνθὲεέιέιξὶπξ</strong></span> <span class='ocrx_word' id='word_1_585' title='bbox 1428 3035 1775 3129; x_wconf 56' lang='grc' dir='ltr'><strong>’ἓὲωὲίέῐὲξξ</strong></span> <span class='ocrx_word' id='word_1_586' title='bbox 1798 3064 1845 3129; x_wconf 87' lang='lat' dir='ltr'><strong>c</strong></span> <span class='ocrx_word' id='word_1_587' title='bbox 1877 3035 2055 3129; x_wconf 52' lang='lat' dir='ltr'><strong>Pi‘IHP,</strong></span> <span class='ocrx_word' id='word_1_588' title='bbox 2084 3043 2145 3129; x_wconf 66' lang='lat' dir='ltr'><strong>i9</strong></span> <span class='ocrx_word' id='word_1_589' title='bbox 2183 3044 2373 3129; x_wconf 59' lang='lat' dir='ltr'><strong>saele!“</strong></span> <span class='ocrx_word' id='word_1_590' title='bbox 2407 3050 2604 3129; x_wconf 65' lang='grc' dir='ltr'><strong>,εεεωιθ</strong></span> <span class='ocrx_word' id='word_1_591' title='bbox 2646 3040 2957 3129; x_wconf 47' lang='lat' dir='ltr'><strong>transmisit»</strong></span> <span class='ocrx_word' id='word_1_592' title='bbox 3027 3040 3269 3129; x_wconf 59' lang='grc' dir='ltr'><strong>βιίρεςθιθ</strong></span> <span class='ocrx_word' id='word_1_593' title='bbox 3324 3053 3452 3119; x_wconf 75' lang='grc' dir='ltr'><strong>ευρε</strong></span> 
     </span>
    </p>
   </div>
   <div class='ocr_carea' id='block_1_79' title="bbox 191 3105 1775 3179">
    <p class='ocr_par' dir='ltr' id='par_1_79' title="bbox 191 3105 1775 3179">
     <span class='ocr_line' id='line_1_83' title="bbox 191 3105 1775 3179; baseline -0.008 -8"><span class='ocrx_word' id='word_1_594' title='bbox 191 3105 774 3171; x_wconf 60' lang='grc' dir='ltr'><strong>Ἴθιθιιῖτωιειιιιθιιιο</strong></span> <span class='ocrx_word' id='word_1_595' title='bbox 809 3124 908 3179; x_wconf 90' lang='lat' dir='ltr'><strong>per</strong></span> <span class='ocrx_word' id='word_1_596' title='bbox 942 3105 1122 3179; x_wconf 77' lang='lat' dir='ltr'><strong>omnia</strong></span> <span class='ocrx_word' id='word_1_597' title='bbox 1168 3105 1403 3179; x_wconf 73' lang='lat' dir='ltr'><strong>inveniet</strong></span> <span class='ocrx_word' id='word_1_598' title='bbox 1446 3105 1775 3179; x_wconf 72' lang='lat' dir='ltr'><strong>sufﬁcienter</strong></span> 
     </span>
    </p>
   </div>
   <div class='ocr_carea' id='block_1_80' title="bbox 192 3176 1774 3247">
    <p class='ocr_par' dir='ltr' id='par_1_80' title="bbox 192 3176 1774 3247">
     <span class='ocr_line' id='line_1_84' title="bbox 192 3176 1774 3247; baseline -0.006 -9"><span class='ocrx_word' id='word_1_599' title='bbox 192 3182 474 3238; x_wconf 85' lang='lat' dir='ltr'><strong>refertam.</strong></span> <span class='ocrx_word' id='word_1_600' title='bbox 514 3181 582 3234; x_wconf 88' lang='lat' dir='ltr'><strong>Et</strong></span> <span class='ocrx_word' id='word_1_601' title='bbox 620 3196 716 3236; x_wconf 86' lang='lat' dir='ltr'><strong>rex</strong></span> <span class='ocrx_word' id='word_1_602' title='bbox 759 3176 982 3237; x_wconf 82' lang='lat' dir='ltr'><strong>Carolus</strong></span> <span class='ocrx_word' id='word_1_603' title='bbox 1030 3178 1152 3232; x_wconf 90' lang='lat' dir='ltr'><strong>inde</strong></span> <span class='ocrx_word' id='word_1_604' title='bbox 1198 3177 1393 3231; x_wconf 88' lang='lat' dir='ltr'><strong>iterum</strong></span> <span class='ocrx_word' id='word_1_605' title='bbox 1431 3176 1672 3247; x_wconf 69' lang='lat' dir='ltr'><strong>perrexit</strong></span> <span class='ocrx_word' id='word_1_606' title='bbox 1717 3176 1774 3230; x_wconf 91' lang='lat' dir='ltr'><strong>in</strong></span> 
     </span>
    </p>
   </div>
   <div class='ocr_carea' id='block_1_81' title="bbox 192 3245 1778 3316">
    <p class='ocr_par' dir='ltr' id='par_1_81' title="bbox 192 3245 1778 3316">
     <span class='ocr_line' id='line_1_85' title="bbox 192 3245 1778 3316; baseline -0.004 -8"><span class='ocrx_word' id='word_1_607' title='bbox 192 3252 455 3316; x_wconf 87' lang='lat' dir='ltr'><strong>Saxonia,</strong></span> <span class='ocrx_word' id='word_1_608' title='bbox 482 3257 537 3305; x_wconf 92' lang='lat' dir='ltr'><strong>et</strong></span> <span class='ocrx_word' id='word_1_609' title='bbox 582 3248 823 3305; x_wconf 83' lang='lat' dir='ltr'><strong>Saxones</strong></span> <span class='ocrx_word' id='word_1_610' title='bbox 858 3255 1121 3303; x_wconf 90' lang='lat' dir='ltr'><strong>venerunt</strong></span> <span class='ocrx_word' id='word_1_611' title='bbox 1147 3248 1196 3303; x_wconf 91' lang='lat' dir='ltr'><strong>ei</strong></span> <span class='ocrx_word' id='word_1_612' title='bbox 1222 3245 1450 3301; x_wconf 87' lang='lat' dir='ltr'><strong>obviam</strong></span> <span class='ocrx_word' id='word_1_613' title='bbox 1477 3246 1544 3300; x_wconf 90' lang='lat' dir='ltr'><strong>ad</strong></span> <span class='ocrx_word' id='word_1_614' title='bbox 1585 3245 1778 3316; x_wconf 77' lang='lat' dir='ltr'><strong>Heres-</strong></span> 
     </span>
    </p>
   </div>
   <div class='ocr_carea' id='block_1_82' title="bbox 193 3314 1775 3391">
    <p class='ocr_par' dir='ltr' id='par_1_82' title="bbox 193 3314 1775 3391">
     <span class='ocr_line' id='line_1_86' title="bbox 193 3314 1775 3391; baseline -0.005 -14"><span class='ocrx_word' id='word_1_615' title='bbox 193 3323 351 3391; x_wconf 84' lang='lat' dir='ltr'><strong>burg,</strong></span> <span class='ocrx_word' id='word_1_616' title='bbox 383 3314 757 3391; x_wconf 84' lang='lat' dir='ltr'><strong>promittentes</strong></span> <span class='ocrx_word' id='word_1_617' title='bbox 790 3320 986 3374; x_wconf 89' lang='lat' dir='ltr'><strong>iterum</strong></span> <span class='ocrx_word' id='word_1_618' title='bbox 1007 3317 1489 3391; x_wconf 80' lang='lat' dir='ltr'><strong>Christianitatem.</strong></span> <span class='ocrx_word' id='word_1_619' title='bbox 1521 3323 1576 3368; x_wconf 93' lang='lat' dir='ltr'><strong>et</strong></span> <span class='ocrx_word' id='word_1_620' title='bbox 1596 3314 1775 3383; x_wconf 83' lang='lat' dir='ltr'><strong>iuran-</strong></span> 
     </span>
    </p>
   </div>
   <div class='ocr_carea' id='block_1_83' title="bbox 193 3385 1774 3460">
    <p class='ocr_par' dir='ltr' id='par_1_83' title="bbox 193 3385 1774 3460">
     <span class='ocr_line' id='line_1_87' title="bbox 193 3385 1774 3460; baseline -0.004 -15"><span class='ocrx_word' id='word_1_621' title='bbox 193 3385 638 3460; x_wconf 48' lang='lat' dir='ltr'><strong>tesfqdodsaﬁpe</strong></span> <span class='ocrx_word' id='word_1_622' title='bbox 660 3390 922 3460; x_wconf 25' lang='lat' dir='ltr'><strong>gaceru‘nt,</strong></span> <span class='ocrx_word' id='word_1_623' title='bbox 950 3394 1005 3441; x_wconf 90' lang='lat' dir='ltr'><strong>et</strong></span> <span class='ocrx_word' id='word_1_624' title='bbox 1037 3387 1184 3460; x_wconf 72' lang='lat' dir='ltr'><strong>dedit</strong></span> <span class='ocrx_word' id='word_1_625' title='bbox 1217 3386 1297 3440; x_wconf 92' lang='lat' dir='ltr'><strong>eis</strong></span> <span class='ocrx_word' id='word_1_626' title='bbox 1330 3385 1774 3460; x_wconf 74' lang='lat' dir='ltr'><strong>presbyteros,_et</strong></span> 
     </span>
    </p>
   </div>
   <div class='ocr_carea' id='block_1_84' title="bbox 191 3453 1777 3542">
    <p class='ocr_par' dir='ltr' id='par_1_84' title="bbox 191 3453 1777 3542">
     <span class='ocr_line' id='line_1_88' title="bbox 191 3453 1777 3542; baseline -0.004 -26"><span class='ocrx_word' id='word_1_627' title='bbox 191 3453 310 3542; x_wconf 81' lang='lat' dir='ltr'><strong>ipse</strong></span> <span class='ocrx_word' id='word_1_628' title='bbox 339 3453 520 3513; x_wconf 67' lang='lat' dir='ltr'><strong>&#39;rediit</strong></span> <span class='ocrx_word' id='word_1_629' title='bbox 560 3453 616 3511; x_wconf 79' lang='lat' dir='ltr'><strong>in</strong></span> <span class='ocrx_word' id='word_1_630' title='bbox 657 3457 904 3525; x_wconf 89' lang='lat' dir='ltr'><strong>Francia,</strong></span> <span class='ocrx_word' id='word_1_631' title='bbox 960 3463 1017 3511; x_wconf 91' lang='lat' dir='ltr'><strong>et</strong></span> <span class='ocrx_word' id='word_1_632' title='bbox 1061 3455 1200 3511; x_wconf 89' lang='lat' dir='ltr'><strong>sedit</strong></span> <span class='ocrx_word' id='word_1_633' title='bbox 1246 3453 1387 3526; x_wconf 83' lang='lat' dir='ltr'><strong>apud</strong></span> <span class='ocrx_word' id='word_1_634' title='bbox 1428 3453 1598 3523; x_wconf 86' lang='lat' dir='ltr'><strong>Aquis</strong></span> <span class='ocrx_word' id='word_1_635' title='bbox 1633 3454 1777 3524; x_wconf 85' lang='lat' dir='ltr'><strong>pala-</strong></span> 
     </span>
    </p>
   </div>
   <div class='ocr_carea' id='block_1_85' title="bbox 191 3537 350 3585">
    <p class='ocr_par' dir='ltr' id='par_1_85' title="bbox 191 3537 350 3585">
     <span class='ocr_line' id='line_1_89' title="bbox 191 3537 350 3585; baseline 0 -2"><span class='ocrx_word' id='word_1_636' title='bbox 191 3537 350 3585; x_wconf 86' lang='lat' dir='ltr'><strong>tium.</strong></span> 
     </span>
    </p>
   </div>
   <div class='ocr_carea' id='block_1_86' title="bbox 256 3592 1775 3664">
    <p class='ocr_par' dir='ltr' id='par_1_86' title="bbox 256 3592 1775 3664">
     <span class='ocr_line' id='line_1_90' title="bbox 256 3592 1775 3664; baseline -0.004 -11"><span class='ocrx_word' id='word_1_637' title='bbox 256 3599 420 3653; x_wconf 86' lang='lat' dir='ltr'><strong>Anno</strong></span> <span class='ocrx_word' id='word_1_638' title='bbox 443 3597 548 3653; x_wconf 87' lang='lat'><strong>795</strong></span> <span class='ocrx_word' id='word_1_639' title='bbox 576 3612 673 3654; x_wconf 89' lang='lat' dir='ltr'><strong>rex</strong></span> <span class='ocrx_word' id='word_1_640' title='bbox 698 3594 923 3652; x_wconf 88' lang='lat' dir='ltr'><strong>Carolus</strong></span> <span class='ocrx_word' id='word_1_641' title='bbox 952 3593 1093 3664; x_wconf 86' lang='lat' dir='ltr'><strong>apud</strong></span> <span class='ocrx_word' id='word_1_642' title='bbox 1116 3593 1307 3664; x_wconf 64' lang='lat' dir='ltr'><strong>Aquis</strong></span> <span class='ocrx_word' id='word_1_643' title='bbox 1348 3592 1607 3661; x_wconf 88' lang='lat' dir='ltr'><strong>palatium</strong></span> <span class='ocrx_word' id='word_1_644' title='bbox 1634 3592 1775 3649; x_wconf 89' lang='lat' dir='ltr'><strong>cele-</strong></span> 
     </span>
    </p>
   </div>
   <div class='ocr_carea' id='block_1_87' title="bbox 187 3662 1775 3732">
    <p class='ocr_par' dir='ltr' id='par_1_87' title="bbox 187 3662 1775 3732">
     <span class='ocr_line' id='line_1_91' title="bbox 187 3662 1775 3732; baseline -0.006 -7"><span class='ocrx_word' id='word_1_645' title='bbox 187 3667 369 3725; x_wconf 87' lang='lat' dir='ltr'><strong>bravit</strong></span> <span class='ocrx_word' id='word_1_646' title='bbox 388 3667 617 3732; x_wconf 87' lang='lat' dir='ltr'><strong>Pascha,</strong></span> <span class='ocrx_word' id='word_1_647' title='bbox 642 3674 698 3721; x_wconf 91' lang='lat' dir='ltr'><strong>et</strong></span> <span class='ocrx_word' id='word_1_648' title='bbox 718 3662 1005 3720; x_wconf 81' lang='lat' dir='ltr'><strong>inﬁdelitas</strong></span> <span class='ocrx_word' id='word_1_649' title='bbox 1025 3662 1166 3718; x_wconf 90' lang='lat' dir='ltr'><strong>unde</strong></span> <span class='ocrx_word' id='word_1_650' title='bbox 1190 3670 1543 3718; x_wconf 89' lang='lat' dir='ltr'><strong>consueverat</strong></span> <span class='ocrx_word' id='word_1_651' title='bbox 1568 3676 1598 3713; x_wconf 86' lang='lat' dir='ltr'><strong>a</strong></span> <span class='ocrx_word' id='word_1_652' title='bbox 1619 3671 1775 3732; x_wconf 84' lang='lat' dir='ltr'><strong>parte</strong></span> 
     </span>
    </p>
   </div>
   <div class='ocr_carea' id='block_1_88' title="bbox 188 3730 1775 3803">
    <p class='ocr_par' dir='ltr' id='par_1_88' title="bbox 188 3730 1775 3803">
     <span class='ocr_line' id='line_1_92' title="bbox 188 3730 1775 3803; baseline -0.005 -9"><span class='ocrx_word' id='word_1_653' title='bbox 188 3738 533 3794; x_wconf 85' lang='lat' dir='ltr'><strong>Saxonorum</strong></span> <span class='ocrx_word' id='word_1_654' title='bbox 557 3730 746 3791; x_wconf 83' lang='lat' dir='ltr'><strong>exorta</strong></span> <span class='ocrx_word' id='word_1_655' title='bbox 768 3742 870 3800; x_wconf 90' lang='lat' dir='ltr'><strong>est,</strong></span> <span class='ocrx_word' id='word_1_656' title='bbox 898 3734 1025 3803; x_wconf 88' lang='lat' dir='ltr'><strong>quia</strong></span> <span class='ocrx_word' id='word_1_657' title='bbox 1049 3733 1299 3803; x_wconf 90' lang='lat' dir='ltr'><strong>dominus</strong></span> <span class='ocrx_word' id='word_1_658' title='bbox 1325 3745 1420 3786; x_wconf 91' lang='lat' dir='ltr'><strong>rex</strong></span> <span class='ocrx_word' id='word_1_659' title='bbox 1454 3730 1775 3803; x_wconf 38' lang='lat' dir='ltr'><strong>super’alias</strong></span> 
     </span>
    </p>
   </div>
   <div class='ocr_carea' id='block_1_89' title="bbox 187 3801 1775 3879">
    <p class='ocr_par' dir='ltr' id='par_1_89' title="bbox 187 3801 1775 3879">
     <span class='ocr_line' id='line_1_93' title="bbox 187 3801 1775 3879; baseline -0.006 -16"><span class='ocrx_word' id='word_1_660' title='bbox 187 3817 381 3879; x_wconf 86' lang='lat' dir='ltr'><strong>gentes</strong></span> <span class='ocrx_word' id='word_1_661' title='bbox 411 3807 598 3862; x_wconf 90' lang='lat' dir='ltr'><strong>venire</strong></span> <span class='ocrx_word' id='word_1_662' title='bbox 614 3806 812 3879; x_wconf 76' lang='lat' dir='ltr'><strong>volens</strong></span> <span class='ocrx_word' id='word_1_663' title='bbox 831 3817 879 3869; x_wconf 78' lang='grc' dir='ltr'><strong>ι,</strong></span> <span class='ocrx_word' id='word_1_664' title='bbox 915 3801 1022 3857; x_wconf 77' lang='lat' dir='ltr'><strong>nec</strong></span> <span class='ocrx_word' id='word_1_665' title='bbox 1046 3801 1148 3879; x_wconf 80' lang='lat' dir='ltr'><strong>ipsi</strong></span> <span class='ocrx_word' id='word_1_666' title='bbox 1165 3802 1251 3879; x_wconf 41' lang='lat' dir='ltr'><strong>.ad</strong></span> <span class='ocrx_word' id='word_1_667' title='bbox 1278 3816 1402 3879; x_wconf 80' lang='lat' dir='ltr'><strong>eum</strong></span> <span class='ocrx_word' id='word_1_668' title='bbox 1430 3801 1659 3879; x_wconf 87' lang='lat' dir='ltr'><strong>pleniter</strong></span> <span class='ocrx_word' id='word_1_669' title='bbox 1682 3814 1775 3855; x_wconf 87' lang='lat' dir='ltr'><strong>ve-</strong></span> 
     </span>
    </p>
   </div>
   <div class='ocr_carea' id='block_1_90' title="bbox 187 3870 1775 3943">
    <p class='ocr_par' dir='ltr' id='par_1_90' title="bbox 187 3870 1775 3943">
     <span class='ocr_line' id='line_1_94' title="bbox 187 3870 1775 3943; baseline -0.006 -9"><span class='ocrx_word' id='word_1_670' title='bbox 187 3870 410 3943; x_wconf 71' lang='lat' dir='ltr'><strong>nerunt,</strong></span> <span class='ocrx_word' id='word_1_671' title='bbox 440 3891 540 3932; x_wconf 91' lang='lat' dir='ltr'><strong>nec</strong></span> <span class='ocrx_word' id='word_1_672' title='bbox 577 3877 628 3931; x_wconf 89' lang='lat' dir='ltr'><strong>ei</strong></span> <span class='ocrx_word' id='word_1_673' title='bbox 660 3875 932 3939; x_wconf 89' lang='lat' dir='ltr'><strong>solatium,</strong></span> <span class='ocrx_word' id='word_1_674' title='bbox 963 3878 1025 3926; x_wconf 88' lang='lat' dir='ltr'><strong>ut</strong></span> <span class='ocrx_word' id='word_1_675' title='bbox 1050 3870 1138 3943; x_wconf 81' lang='lat' dir='ltr'><strong>eis’</strong></span> <span class='ocrx_word' id='word_1_676' title='bbox 1164 3870 1287 3943; x_wconf 73' lang='lat' dir='ltr'><strong>ipse</strong></span> <span class='ocrx_word' id='word_1_677' title='bbox 1294 3870 1551 3943; x_wconf 78' lang='lat' dir='ltr'><strong>iusserat,</strong></span> <span class='ocrx_word' id='word_1_678' title='bbox 1598 3878 1775 3924; x_wconf 88' lang='lat' dir='ltr'><strong>trans-</strong></span> 
     </span>
    </p>
   </div>
   <div class='ocr_carea' id='block_1_91' title="bbox 187 3937 1770 4011">
    <p class='ocr_par' dir='ltr' id='par_1_91' title="bbox 187 3937 1770 4011">
     <span class='ocr_line' id='line_1_95' title="bbox 187 3937 1770 4011; baseline -0.008 -8"><span class='ocrx_word' id='word_1_679' title='bbox 187 3937 479 4004; x_wconf 81' lang='lat' dir='ltr'><strong>miserunt.</strong></span> <span class='ocrx_word' id='word_1_680' title='bbox 512 3946 662 4001; x_wconf 90' lang='lat' dir='ltr'><strong>Tunc</strong></span> <span class='ocrx_word' id='word_1_681' title='bbox 705 3937 1529 4011; x_wconf 21' lang='lat' dir='ltr'><strong>iterumcognitaLinﬁdelitate‘</strong></span> <span class='ocrx_word' id='word_1_682' title='bbox 1561 3952 1770 4011; x_wconf 80' lang='lat' dir='ltr'><strong>eorum,</strong></span> 
     </span>
    </p>
   </div>
   <div class='ocr_carea' id='block_1_92' title="bbox 190 4006 1774 4077">
    <p class='ocr_par' dir='ltr' id='par_1_92' title="bbox 190 4006 1774 4077">
     <span class='ocr_line' id='line_1_96' title="bbox 190 4006 1774 4077; baseline -0.008 -3"><span class='ocrx_word' id='word_1_683' title='bbox 190 4035 285 4074; x_wconf 86' lang='lat' dir='ltr'><strong>rex</strong></span> <span class='ocrx_word' id='word_1_684' title='bbox 318 4031 441 4074; x_wconf 88' lang='lat' dir='ltr'><strong>cum</strong></span> <span class='ocrx_word' id='word_1_685' title='bbox 472 4016 715 4072; x_wconf 87' lang='lat' dir='ltr'><strong>exercitu</strong></span> <span class='ocrx_word' id='word_1_686' title='bbox 743 4028 842 4069; x_wconf 90' lang='lat' dir='ltr'><strong>suo</strong></span> <span class='ocrx_word' id='word_1_687' title='bbox 864 4006 1105 4076; x_wconf 72' lang='lat' dir='ltr'><strong>veniens,</strong></span> <span class='ocrx_word' id='word_1_688' title='bbox 1133 4008 1223 4063; x_wconf 93' lang='lat' dir='ltr'><strong>alii</strong></span> <span class='ocrx_word' id='word_1_689' title='bbox 1246 4007 1457 4077; x_wconf 86' lang='lat' dir='ltr'><strong>paciﬁci</strong></span> <span class='ocrx_word' id='word_1_690' title='bbox 1482 4007 1534 4061; x_wconf 89' lang='lat' dir='ltr'><strong>ei</strong></span> <span class='ocrx_word' id='word_1_691' title='bbox 1562 4006 1774 4077; x_wconf 83' lang='lat' dir='ltr'><strong>obviam</strong></span> 
     </span>
    </p>
   </div>
   <div class='ocr_carea' id='block_1_93' title="bbox 191 4075 1774 4156">
    <p class='ocr_par' dir='ltr' id='par_1_93' title="bbox 191 4075 1774 4156">
     <span class='ocr_line' id='line_1_97' title="bbox 191 4075 1774 4156; baseline -0.008 -14"><span class='ocrx_word' id='word_1_692' title='bbox 191 4090 472 4144; x_wconf 84' lang='lat' dir='ltr'><strong>venientes</strong></span> <span class='ocrx_word' id='word_1_693' title='bbox 495 4101 559 4141; x_wconf 85' lang='lat' dir='ltr'><strong>ex</strong></span> <span class='ocrx_word' id='word_1_694' title='bbox 589 4094 743 4156; x_wconf 83' lang='lat' dir='ltr'><strong>parte</strong></span> <span class='ocrx_word' id='word_1_695' title='bbox 770 4083 1125 4156; x_wconf 80' lang='lat' dir='ltr'><strong>Saxonorum,</strong></span> <span class='ocrx_word' id='word_1_696' title='bbox 1161 4086 1215 4133; x_wconf 93' lang='lat' dir='ltr'><strong>et</strong></span> <span class='ocrx_word' id='word_1_697' title='bbox 1247 4075 1367 4156; x_wconf 80' lang='lat' dir='ltr'><strong>cum</strong></span> <span class='ocrx_word' id='word_1_698' title='bbox 1401 4091 1466 4131; x_wconf 93' lang='lat' dir='ltr'><strong>eo</strong></span> <span class='ocrx_word' id='word_1_699' title='bbox 1503 4077 1556 4130; x_wconf 92' lang='lat' dir='ltr'><strong>in</strong></span> <span class='ocrx_word' id='word_1_700' title='bbox 1583 4075 1774 4130; x_wconf 92' lang='lat' dir='ltr'><strong>solatio</strong></span> 
     </span>
    </p>
   </div>
   <div class='ocr_carea' id='block_1_94' title="bbox 192 4147 1778 4227">
    <p class='ocr_par' dir='ltr' id='par_1_94' title="bbox 192 4147 1778 4227">
     <span class='ocr_line' id='line_1_98' title="bbox 192 4147 1778 4227; baseline -0.008 -16"><span class='ocrx_word' id='word_1_701' title='bbox 192 4172 289 4213; x_wconf 93' lang='lat' dir='ltr'><strong>suo</strong></span> <span class='ocrx_word' id='word_1_702' title='bbox 313 4159 488 4227; x_wconf 91' lang='lat' dir='ltr'><strong>ipsum</strong></span> <span class='ocrx_word' id='word_1_703' title='bbox 530 4147 635 4227; x_wconf 74' lang='lat' dir='ltr'><strong>iter</strong></span> <span class='ocrx_word' id='word_1_704' title='bbox 652 4154 699 4227; x_wconf 37' lang='grc' dir='ltr'><strong>,ξ’</strong></span> <span class='ocrx_word' id='word_1_705' title='bbox 712 4152 1100 4227; x_wconf 77' lang='lat' dir='ltr'><strong>expleverunt,</strong></span> <span class='ocrx_word' id='word_1_706' title='bbox 1118 4156 1172 4227; x_wconf 84' lang='lat' dir='ltr'><strong>et</strong></span> <span class='ocrx_word' id='word_1_707' title='bbox 1199 4162 1322 4227; x_wconf 78' lang='lat' dir='ltr'><strong>eum</strong></span> <span class='ocrx_word' id='word_1_708' title='bbox 1340 4147 1455 4227; x_wconf 86' lang='lat' dir='ltr'><strong>ipse</strong></span> <span class='ocrx_word' id='word_1_709' title='bbox 1478 4162 1611 4227; x_wconf 70' lang='lat' dir='ltr'><strong>cum</strong></span> <span class='ocrx_word' id='word_1_710' title='bbox 1624 4160 1778 4227; x_wconf 71' lang='lat' dir='ltr'><strong>exer-</strong></span> 
     </span>
    </p>
   </div>
   <div class='ocr_carea' id='block_1_95' title="bbox 190 4215 1771 4290">
    <p class='ocr_par' dir='ltr' id='par_1_95' title="bbox 190 4215 1771 4290">
     <span class='ocr_line' id='line_1_99' title="bbox 190 4215 1771 4290; baseline -0.008 -9"><span class='ocrx_word' id='word_1_711' title='bbox 190 4227 301 4282; x_wconf 91' lang='lat' dir='ltr'><strong>citu</strong></span> <span class='ocrx_word' id='word_1_712' title='bbox 334 4215 452 4281; x_wconf 62' lang='lat' dir='ltr'><strong>&#39;suo</strong></span> <span class='ocrx_word' id='word_1_713' title='bbox 501 4225 570 4279; x_wconf 89' lang='lat' dir='ltr'><strong>ad</strong></span> <span class='ocrx_word' id='word_1_714' title='bbox 605 4223 761 4279; x_wconf 87' lang='lat' dir='ltr'><strong>Albia</strong></span> <span class='ocrx_word' id='word_1_715' title='bbox 800 4215 1160 4290; x_wconf 76' lang='lat' dir='ltr'><strong>pervenisset,</strong></span> <span class='ocrx_word' id='word_1_716' title='bbox 1192 4218 1282 4290; x_wconf 82' lang='lat' dir='ltr'><strong>alii</strong></span> <span class='ocrx_word' id='word_1_717' title='bbox 1329 4215 1473 4290; x_wconf 86' lang='lat' dir='ltr'><strong>circa</strong></span> <span class='ocrx_word' id='word_1_718' title='bbox 1518 4215 1771 4281; x_wconf 89' lang='lat' dir='ltr'><strong>Paludes,</strong></span> 
     </span>
    </p>
   </div>
   <div class='ocr_carea' id='block_1_96' title="bbox 191 4286 1769 4361">
    <p class='ocr_par' dir='ltr' id='par_1_96' title="bbox 191 4286 1769 4361">
     <span class='ocr_line' id='line_1_100' title="bbox 191 4286 1769 4361; baseline -0.009 -10"><span class='ocrx_word' id='word_1_719' title='bbox 191 4305 246 4351; x_wconf 91' lang='lat' dir='ltr'><strong>et</strong></span> <span class='ocrx_word' id='word_1_720' title='bbox 271 4298 324 4351; x_wconf 90' lang='lat' dir='ltr'><strong>in</strong></span> <span class='ocrx_word' id='word_1_721' title='bbox 353 4293 782 4361; x_wconf 81' lang='lat' dir='ltr'><strong>Vuacmodingas</strong></span> <span class='ocrx_word' id='word_1_722' title='bbox 808 4286 882 4343; x_wconf 72' lang='lat' dir='ltr'><strong>ad</strong></span> <span class='ocrx_word' id='word_1_723' title='bbox 925 4305 1047 4343; x_wconf 90' lang='lat' dir='ltr'><strong>eum</strong></span> <span class='ocrx_word' id='word_1_724' title='bbox 1087 4288 1319 4361; x_wconf 64' lang='lat' dir='ltr'><strong>pleniter</strong></span> <span class='ocrx_word' id='word_1_725' title='bbox 1348 4286 1457 4361; x_wconf 73' lang='lat' dir='ltr'><strong>no_n&#39;</strong></span> <span class='ocrx_word' id='word_1_726' title='bbox 1485 4292 1769 4361; x_wconf 79' lang='lat' dir='ltr'><strong>venerunt.</strong></span> 
     </span>
    </p>
   </div>
   <div class='ocr_carea' id='block_1_97' title="bbox 190 4355 1774 4425">
    <p class='ocr_par' dir='ltr' id='par_1_97' title="bbox 190 4355 1774 4425">
     <span class='ocr_line' id='line_1_101' title="bbox 190 4355 1774 4425; baseline -0.01 -4"><span class='ocrx_word' id='word_1_727' title='bbox 190 4365 452 4421; x_wconf 91' lang='lat' dir='ltr'><strong>Dominus</strong></span> <span class='ocrx_word' id='word_1_728' title='bbox 478 4379 572 4419; x_wconf 87' lang='lat' dir='ltr'><strong>rex</strong></span> <span class='ocrx_word' id='word_1_729' title='bbox 611 4355 791 4414; x_wconf 78' lang='lat' dir='ltr'><strong>tamen</strong></span> <span class='ocrx_word' id='word_1_730' title='bbox 830 4355 1250 4425; x_wconf 28' lang='lat' dir='ltr'><strong>recedens’apud</strong></span> <span class='ocrx_word' id='word_1_731' title='bbox 1285 4355 1575 4425; x_wconf 85' lang='lat' dir='ltr'><strong>Bardunuil</strong></span> <span class='ocrx_word' id='word_1_732' title='bbox 1605 4366 1627 4392; x_wconf 76' lang='grc' dir='ltr'><em>ε</em></span> <span class='ocrx_word' id='word_1_733' title='bbox 1656 4361 1774 4406; x_wconf 83' lang='lat' dir='ltr'><strong>tan-</strong></span> 
     </span>
    </p>
   </div>
   <div class='ocr_carea' id='block_1_98' title="bbox 191 4403 1853 4493">
    <p class='ocr_par' dir='ltr' id='par_1_98' title="bbox 191 4403 1853 4493">
     <span class='ocr_line' id='line_1_102' title="bbox 191 4403 1853 4493; baseline -0.008 -2"><span class='ocrx_word' id='word_1_734' title='bbox 191 4403 763 4491; x_wconf 41' lang='lat' dir='ltr'><strong>;avmullinlnliit‘udinem</strong></span> <span class='ocrx_word' id='word_1_735' title='bbox 819 4403 1065 4484; x_wconf 71' lang='lat' dir='ltr'><strong>obsidum</strong></span> <span class='ocrx_word' id='word_1_736' title='bbox 1134 4403 1258 4480; x_wconf 66' lang='lat' dir='ltr'><strong>inde</strong></span> <span class='ocrx_word' id='word_1_737' title='bbox 1308 4424 1460 4488; x_wconf 88' lang='lat' dir='ltr'><strong>tulit,</strong></span> <span class='ocrx_word' id='word_1_738' title='bbox 1513 4432 1773 4493; x_wconf 89' lang='lat' dir='ltr'><strong>quantum</strong></span> <span class='ocrx_word' id='word_1_739' title='bbox 1803 4403 1853 4464; x_wconf 79' lang='lat' dir='ltr'><strong>D</strong></span> 
     </span>
    </p>
   </div>
   <div class='ocr_carea' id='block_1_99' title="bbox 190 4492 1776 4569">
    <p class='ocr_par' dir='ltr' id='par_1_99' title="bbox 190 4492 1776 4569">
     <span class='ocr_line' id='line_1_103' title="bbox 190 4492 1776 4569; baseline -0.009 -10"><span class='ocrx_word' id='word_1_740' title='bbox 190 4517 471 4569; x_wconf 88' lang='lat' dir='ltr'><strong>nunquam</strong></span> <span class='ocrx_word' id='word_1_741' title='bbox 496 4501 686 4569; x_wconf 74' lang='lat' dir='ltr'><strong>diebus</strong></span> <span class='ocrx_word' id='word_1_742' title='bbox 710 4500 823 4555; x_wconf 93' lang='lat' dir='ltr'><strong>suis</strong></span> <span class='ocrx_word' id='word_1_743' title='bbox 849 4499 1017 4553; x_wconf 91' lang='lat' dir='ltr'><strong>autin</strong></span> <span class='ocrx_word' id='word_1_744' title='bbox 1045 4497 1233 4569; x_wconf 83' lang='lat' dir='ltr'><strong>diebus</strong></span> <span class='ocrx_word' id='word_1_745' title='bbox 1256 4494 1450 4569; x_wconf 63' lang='lat' dir='ltr'><strong>patris,</strong></span> <span class='ocrx_word' id='word_1_746' title='bbox 1470 4492 1562 4548; x_wconf 89' lang='lat' dir='ltr'><strong>aut</strong></span> <span class='ocrx_word' id='word_1_747' title='bbox 1585 4494 1640 4546; x_wconf 92' lang='lat' dir='ltr'><strong>in</strong></span> <span class='ocrx_word' id='word_1_748' title='bbox 1656 4492 1776 4569; x_wconf 52' lang='lat' dir='ltr'><strong>die:</strong></span> 
     </span>
    </p>
   </div>
   <div class='ocr_carea' id='block_1_100' title="bbox 190 4561 1775 4636">
    <p class='ocr_par' dir='ltr' id='par_1_100' title="bbox 190 4561 1775 4636">
     <span class='ocr_line' id='line_1_104' title="bbox 190 4561 1775 4636; baseline -0.006 -9"><span class='ocrx_word' id='word_1_749' title='bbox 190 4574 296 4627; x_wconf 88' lang='lat' dir='ltr'><strong>bus</strong></span> <span class='ocrx_word' id='word_1_750' title='bbox 322 4561 507 4636; x_wconf 71' lang='lat' dir='ltr'><strong>regum</strong></span> <span class='ocrx_word' id='word_1_751' title='bbox 542 4568 872 4621; x_wconf 90' lang='lat' dir='ltr'><strong>Francorum</strong></span> <span class='ocrx_word' id='word_1_752' title='bbox 905 4569 1030 4623; x_wconf 91' lang='lat' dir='ltr'><strong>inde</strong></span> <span class='ocrx_word' id='word_1_753' title='bbox 1063 4561 1349 4633; x_wconf 79' lang='lat' dir='ltr'><strong>aliquando</strong></span> <span class='ocrx_word' id='word_1_754' title='bbox 1376 4563 1633 4636; x_wconf 84' lang='lat' dir='ltr'><strong>tulerunt.</strong></span> <span class='ocrx_word' id='word_1_755' title='bbox 1656 4561 1775 4617; x_wconf 80' lang='lat' dir='ltr'><strong>&#39;Sed</strong></span> 
     </span>
    </p>
   </div>
   <div class='ocr_carea' id='block_1_101' title="bbox 190 4633 1773 4703">
    <p class='ocr_par' dir='ltr' id='par_1_101' title="bbox 190 4633 1773 4703">
     <span class='ocr_line' id='line_1_105' title="bbox 190 4633 1773 4703; baseline -0.005 -8"><span class='ocrx_word' id='word_1_756' title='bbox 190 4648 249 4695; x_wconf 92' lang='lat' dir='ltr'><strong>et</strong></span> <span class='ocrx_word' id='word_1_757' title='bbox 273 4633 407 4693; x_wconf 80' lang='lat' dir='ltr'><strong>tunc</strong></span> <span class='ocrx_word' id='word_1_758' title='bbox 431 4650 619 4691; x_wconf 91' lang='lat' dir='ltr'><strong>omnes</strong></span> <span class='ocrx_word' id='word_1_759' title='bbox 656 4636 723 4688; x_wconf 91' lang='lat' dir='ltr'><strong>ad</strong></span> <span class='ocrx_word' id='word_1_760' title='bbox 767 4649 890 4688; x_wconf 92' lang='lat' dir='ltr'><strong>eum</strong></span> <span class='ocrx_word' id='word_1_761' title='bbox 932 4637 1225 4697; x_wconf 88' lang='lat' dir='ltr'><strong>venientes,</strong></span> <span class='ocrx_word' id='word_1_762' title='bbox 1257 4643 1482 4703; x_wconf 86' lang='lat' dir='ltr'><strong>excepto</strong></span> <span class='ocrx_word' id='word_1_763' title='bbox 1525 4633 1773 4703; x_wconf 89' lang='lat' dir='ltr'><strong>hisquos</strong></span> 
     </span>
    </p>
   </div>
   <div class='ocr_carea' id='block_1_102' title="bbox 192 4701 1773 4778">
    <p class='ocr_par' dir='ltr' id='par_1_102' title="bbox 192 4701 1773 4778">
     <span class='ocr_line' id='line_1_106' title="bbox 192 4701 1773 4778; baseline -0.007 -14"><span class='ocrx_word' id='word_1_764' title='bbox 192 4722 358 4778; x_wconf 89' lang='lat' dir='ltr'><strong>supra</strong></span> <span class='ocrx_word' id='word_1_765' title='bbox 400 4704 975 4778; x_wconf 77' lang='lat' dir='ltr'><strong>commemoravimus,</strong></span> <span class='ocrx_word' id='word_1_766' title='bbox 1023 4713 1077 4759; x_wconf 90' lang='lat' dir='ltr'><strong>et</strong></span> <span class='ocrx_word' id='word_1_767' title='bbox 1132 4705 1186 4757; x_wconf 89' lang='lat' dir='ltr'><strong>bi</strong></span> <span class='ocrx_word' id='word_1_768' title='bbox 1236 4704 1328 4770; x_wconf 90' lang='lat' dir='ltr'><strong>qui</strong></span> <span class='ocrx_word' id='word_1_769' title='bbox 1371 4701 1522 4758; x_wconf 77' lang='lat' dir='ltr'><strong>trans</strong></span> <span class='ocrx_word' id='word_1_770' title='bbox 1561 4701 1773 4778; x_wconf 77' lang='lat' dir='ltr'><strong>Albiam</strong></span> 
     </span>
    </p>
   </div>
   <div class='ocr_carea' id='block_1_103' title="bbox 193 4771 1775 4844">
    <p class='ocr_par' dir='ltr' id='par_1_103' title="bbox 193 4771 1775 4844">
     <span class='ocr_line' id='line_1_107' title="bbox 193 4771 1775 4844; baseline -0.006 -10"><span class='ocrx_word' id='word_1_771' title='bbox 193 4771 367 4841; x_wconf 78' lang='lat' dir='ltr'><strong>erant,</strong></span> <span class='ocrx_word' id='word_1_772' title='bbox 398 4774 499 4844; x_wconf 89' lang='lat' dir='ltr'><strong>ipsi</strong></span> <span class='ocrx_word' id='word_1_773' title='bbox 526 4774 593 4844; x_wconf 86' lang='lat' dir='ltr'><strong>ad</strong></span> <span class='ocrx_word' id='word_1_774' title='bbox 635 4787 757 4844; x_wconf 84' lang='lat' dir='ltr'><strong>eum</strong></span> <span class='ocrx_word' id='word_1_775' title='bbox 800 4773 1030 4844; x_wconf 78' lang='lat' dir='ltr'><strong>pleniter</strong></span> <span class='ocrx_word' id='word_1_776' title='bbox 1059 4788 1166 4844; x_wconf 85' lang='lat' dir='ltr'><strong>non</strong></span> <span class='ocrx_word' id='word_1_777' title='bbox 1208 4781 1489 4844; x_wconf 78' lang='lat' dir='ltr'><strong>venerunt,</strong></span> <span class='ocrx_word' id='word_1_778' title='bbox 1527 4786 1593 4844; x_wconf 87' lang='lat' dir='ltr'><strong>eo</strong></span> <span class='ocrx_word' id='word_1_779' title='bbox 1631 4771 1775 4839; x_wconf 91' lang='lat' dir='ltr'><strong>quod</strong></span> 
     </span>
    </p>
   </div>
   <div class='ocr_carea' id='block_1_104' title="bbox 192 4840 1772 4913">
    <p class='ocr_par' dir='ltr' id='par_1_104' title="bbox 192 4840 1772 4913">
     <span class='ocr_line' id='line_1_108' title="bbox 192 4840 1772 4913; baseline -0.007 -9"><span class='ocrx_word' id='word_1_780' title='bbox 192 4840 433 4904; x_wconf 55' lang='lat' dir='ltr'><strong>vassum&#39;</strong></span> <span class='ocrx_word' id='word_1_781' title='bbox 452 4842 657 4913; x_wconf 90' lang='lat' dir='ltr'><strong>domini</strong></span> <span class='ocrx_word' id='word_1_782' title='bbox 699 4840 842 4913; x_wconf 88' lang='lat' dir='ltr'><strong>regis</strong></span> <span class='ocrx_word' id='word_1_783' title='bbox 880 4842 1075 4913; x_wconf 78' lang='lat' dir='ltr'><strong>Viudin</strong></span> <span class='ocrx_word' id='word_1_784' title='bbox 1113 4842 1141 4882; x_wconf 76' lang='grc' dir='ltr'><strong>ἀ</strong></span> <span class='ocrx_word' id='word_1_785' title='bbox 1180 4857 1377 4913; x_wconf 83' lang='lat' dir='ltr'><strong>regem</strong></span> <span class='ocrx_word' id='word_1_786' title='bbox 1402 4840 1772 4913; x_wconf 84' lang='lat' dir='ltr'><strong>Adotritarum</strong></span> 
     </span>
    </p>
   </div>
   <div class='ocr_carea' id='block_1_105' title="bbox 195 4908 1773 4980">
    <p class='ocr_par' dir='ltr' id='par_1_105' title="bbox 195 4908 1773 4980">
     <span class='ocr_line' id='line_1_109' title="bbox 195 4908 1773 4980; baseline -0.004 -8"><span class='ocrx_word' id='word_1_787' title='bbox 195 4917 526 4972; x_wconf 81' lang='lat' dir='ltr'><strong>occiderunt.</strong></span> <span class='ocrx_word' id='word_1_788' title='bbox 558 4912 681 4967; x_wconf 85' lang='lat' dir='ltr'><strong>Ideo</strong></span> <span class='ocrx_word' id='word_1_789' title='bbox 715 4908 823 4967; x_wconf 72' lang='lat' dir='ltr'><strong>non</strong></span> <span class='ocrx_word' id='word_1_790' title='bbox 862 4910 1153 4966; x_wconf 86' lang='lat' dir='ltr'><strong>credebant</strong></span> <span class='ocrx_word' id='word_1_791' title='bbox 1181 4908 1324 4979; x_wconf 82' lang='lat' dir='ltr'><strong>quod</strong></span> <span class='ocrx_word' id='word_1_792' title='bbox 1366 4912 1419 4963; x_wconf 90' lang='lat' dir='ltr'><strong>in</strong></span> <span class='ocrx_word' id='word_1_793' title='bbox 1452 4911 1621 4980; x_wconf 86' lang='lat' dir='ltr'><strong>gratia</strong></span> <span class='ocrx_word' id='word_1_794' title='bbox 1657 4908 1773 4977; x_wconf 86' lang='lat' dir='ltr'><strong>ejus</strong></span> 
     </span>
    </p>
   </div>
   <div class='ocr_carea' id='block_1_106' title="bbox 196 4978 1766 5081">
    <p class='ocr_par' dir='ltr' id='par_1_106' title="bbox 196 4978 1766 5081">
     <span class='ocr_line' id='line_1_110' title="bbox 196 4978 1766 5081; baseline -0.005 -40"><span class='ocrx_word' id='word_1_795' title='bbox 196 4985 477 5056; x_wconf 88' lang='lat' dir='ltr'><strong>pervenire</strong></span> <span class='ocrx_word' id='word_1_796' title='bbox 490 4982 807 5055; x_wconf 89' lang='lat' dir='ltr'><strong>potuissent.</strong></span> <span class='ocrx_word' id='word_1_797' title='bbox 825 4980 1019 5036; x_wconf 65' lang='lat' dir='ltr'><strong>Caeteri</strong></span> <span class='ocrx_word' id='word_1_798' title='bbox 1034 4978 1212 5035; x_wconf 90' lang='lat' dir='ltr'><strong>autem</strong></span> <span class='ocrx_word' id='word_1_799' title='bbox 1235 4978 1652 5081; x_wconf 58' lang='lat' dir='ltr'><strong>omnesJiaciﬁci</strong></span> <span class='ocrx_word' id='word_1_800' title='bbox 1676 4992 1766 5033; x_wconf 90' lang='lat' dir='ltr'><strong>ve-</strong></span> 
     </span>
    </p>
   </div>
   <div class='ocr_carea' id='block_1_107' title="bbox 266 5112 1773 5194">
    <p class='ocr_par' dir='ltr' id='par_1_107' title="bbox 266 5112 1773 5194">
     <span class='ocr_line' id='line_1_111' title="bbox 266 5112 1773 5194; baseline -0.005 -19"><span class='ocrx_word' id='word_1_801' title='bbox 266 5132 293 5160; x_wconf 82' lang='grc' dir='ltr'><strong>ι</strong></span> <span class='ocrx_word' id='word_1_802' title='bbox 307 5118 462 5175; x_wconf 82' lang='lat' dir='ltr'><strong>Hunc</strong></span> <span class='ocrx_word' id='word_1_803' title='bbox 483 5117 661 5194; x_wconf 82' lang='lat' dir='ltr'><strong>locum</strong></span> <span class='ocrx_word' id='word_1_804' title='bbox 684 5117 1032 5194; x_wconf 72' lang='lat' dir='ltr'><strong>itacorrupte</strong></span> <span class='ocrx_word' id='word_1_805' title='bbox 1053 5115 1185 5186; x_wconf 89' lang='lat' dir='ltr'><strong>legit</strong></span> <span class='ocrx_word' id='word_1_806' title='bbox 1206 5113 1509 5194; x_wconf 78' lang='lat' dir='ltr'><strong>Chronicon</strong></span> <span class='ocrx_word' id='word_1_807' title='bbox 1536 5112 1773 5194; x_wconf 81' lang='lat' dir='ltr'><strong>Moissia-</strong></span> 
     </span>
    </p>
   </div>
   <div class='ocr_carea' id='block_1_108' title="bbox 200 5182 1770 5309">
    <p class='ocr_par' dir='ltr' id='par_1_108' title="bbox 200 5182 1770 5309">
     <span class='ocr_line' id='line_1_112' title="bbox 200 5182 1770 5259; baseline -0.004 -16"><span class='ocrx_word' id='word_1_808' title='bbox 200 5203 359 5244; x_wconf 89' lang='lat' dir='ltr'><strong>cense</strong></span> <span class='ocrx_word' id='word_1_809' title='bbox 386 5203 401 5242; x_wconf 91' lang='lat'><strong>:</strong></span> <span class='ocrx_word' id='word_1_810' title='bbox 431 5188 556 5259; x_wconf 72' lang='lat' dir='ltr'><strong>quia</strong></span> <span class='ocrx_word' id='word_1_811' title='bbox 592 5204 709 5242; x_wconf 86' lang='lat' dir='ltr'><strong>eam</strong></span> <span class='ocrx_word' id='word_1_812' title='bbox 745 5182 985 5241; x_wconf 64' lang='lat' dir='ltr'><strong>dominii;</strong></span> <span class='ocrx_word' id='word_1_813' title='bbox 1015 5182 1299 5255; x_wconf 59' lang='lat' dir='ltr'><strong>rex&#39;super</strong></span> <span class='ocrx_word' id='word_1_814' title='bbox 1324 5182 1458 5239; x_wconf 66' lang='lat' dir='ltr'><strong>alia:</strong></span> <span class='ocrx_word' id='word_1_815' title='bbox 1483 5191 1657 5253; x_wconf 76' lang='lat' dir='ltr'><strong>gentes</strong></span> <span class='ocrx_word' id='word_1_816' title='bbox 1688 5197 1770 5236; x_wconf 69' lang='grc' dir='ltr'><strong>υθ-</strong></span> 
     </span>
     <span class='ocr_line' id='line_1_113' title="bbox 201 5256 600 5309; baseline 0 0"><span class='ocrx_word' id='word_1_817' title='bbox 201 5259 309 5309; x_wconf 77' lang='lat' dir='ltr'><strong>nire</strong></span> <span class='ocrx_word' id='word_1_818' title='bbox 340 5256 600 5309; x_wconf 70' lang='lat' dir='ltr'><strong>uoluisset.</strong></span> 
     </span>
    </p>
   </div>
   <div class='ocr_carea' id='block_1_109' title="bbox 201 5266 1770 5393">
    <p class='ocr_par' dir='ltr' id='par_1_109' title="bbox 201 5266 1770 5393">
     <span class='ocr_line' id='line_1_114' title="bbox 201 5266 600 5319; baseline -0.008 -6"><span class='ocrx_word' id='word_1_819' title='bbox 201 5266 309 5319; x_wconf 74' lang='lat' dir='ltr'><strong>nire</strong></span> <span class='ocrx_word' id='word_1_820' title='bbox 340 5266 600 5313; x_wconf 71' lang='lat' dir='ltr'><strong>uoluisset.</strong></span> 
     </span>
     <span class='ocr_line' id='line_1_115' title="bbox 267 5320 1770 5393; baseline -0.003 -11"><span class='ocrx_word' id='word_1_821' title='bbox 267 5328 296 5368; x_wconf 73' lang='grc' dir='ltr'><strong>ιι</strong></span> <span class='ocrx_word' id='word_1_822' title='bbox 319 5326 455 5382; x_wconf 84' lang='lat' dir='ltr'><strong>Male</strong></span> <span class='ocrx_word' id='word_1_823' title='bbox 473 5328 641 5382; x_wconf 85' lang='lat' dir='ltr'><strong>etiam</strong></span> <span class='ocrx_word' id='word_1_824' title='bbox 673 5327 728 5381; x_wconf 88' lang='lat' dir='ltr'><strong>in</strong></span> <span class='ocrx_word' id='word_1_825' title='bbox 752 5325 1021 5381; x_wconf 89' lang='lat' dir='ltr'><strong>Chronico</strong></span> <span class='ocrx_word' id='word_1_826' title='bbox 1043 5323 1304 5393; x_wconf 64' lang='lat' dir='ltr'><strong>praedicto</strong></span> <span class='ocrx_word' id='word_1_827' title='bbox 1334 5323 1525 5379; x_wconf 76' lang='lat' dir='ltr'><strong>iterum</strong></span> <span class='ocrx_word' id='word_1_828' title='bbox 1545 5320 1770 5392; x_wconf 72' lang='lat' dir='ltr'><strong>expleve-</strong></span> 
     </span>
    </p>
   </div>
   <div class='ocr_carea' id='block_1_110' title="bbox 203 5394 1187 5465">
    <p class='ocr_par' dir='ltr' id='par_1_110' title="bbox 203 5394 1187 5465">
     <span class='ocr_line' id='line_1_116' title="bbox 203 5394 1187 5465; baseline -0.005 -15"><span class='ocrx_word' id='word_1_829' title='bbox 203 5407 340 5462; x_wconf 81' lang='lat' dir='ltr'><strong>runt,</strong></span> <span class='ocrx_word' id='word_1_830' title='bbox 370 5397 515 5465; x_wconf 90' lang='lat' dir='ltr'><strong>quod</strong></span> <span class='ocrx_word' id='word_1_831' title='bbox 538 5397 742 5451; x_wconf 90' lang='lat' dir='ltr'><strong>nullum</strong></span> <span class='ocrx_word' id='word_1_832' title='bbox 765 5394 929 5465; x_wconf 77' lang='lat' dir='ltr'><strong>efﬁcit</strong></span> <span class='ocrx_word' id='word_1_833' title='bbox 948 5409 1187 5451; x_wconf 89' lang='lat' dir='ltr'><strong>sensum.</strong></span> 
     </span>
    </p>
   </div>
   <div class='ocr_carea' id='block_1_111' title="bbox 268 5464 895 5532">
    <p class='ocr_par' dir='ltr' id='par_1_111' title="bbox 268 5464 895 5532">
     <span class='ocr_line' id='line_1_117' title="bbox 268 5464 895 5532; baseline -0.003 -11"><span class='ocrx_word' id='word_1_834' title='bbox 268 5478 294 5505; x_wconf 70' lang='grc' dir='ltr'>ε</span> <span class='ocrx_word' id='word_1_835' title='bbox 324 5464 528 5532; x_wconf 76' lang='lat' dir='ltr'><strong>Meiss.,</strong></span> <span class='ocrx_word' id='word_1_836' title='bbox 556 5464 895 5520; x_wconf 77' lang='lat' dir='ltr'><strong>Bardanavil.</strong></span> 
     </span>
    </p>
   </div>
   <div class='ocr_carea' id='block_1_112' title="bbox 267 5530 1549 5599">
    <p class='ocr_par' dir='ltr' id='par_1_112' title="bbox 267 5530 1549 5599">
     <span class='ocr_line' id='line_1_118' title="bbox 267 5530 1549 5599; baseline -0.002 -10"><span class='ocrx_word' id='word_1_837' title='bbox 267 5535 295 5575; x_wconf 74' lang='grc' dir='ltr'><strong>ιι</strong></span> <span class='ocrx_word' id='word_1_838' title='bbox 327 5530 531 5599; x_wconf 78' lang='lat' dir='ltr'><strong>Moiss.,</strong></span> <span class='ocrx_word' id='word_1_839' title='bbox 559 5534 811 5590; x_wconf 81' lang='lat' dir='ltr'><strong>Cahclu&#39;ta</strong></span> <span class='ocrx_word' id='word_1_840' title='bbox 836 5534 1205 5591; x_wconf 72' lang='lat' dir='ltr'><strong>Abatrizarum</strong></span> <span class='ocrx_word' id='word_1_841' title='bbox 1232 5530 1549 5590; x_wconf 72' lang='lat' dir='ltr'><strong>occiderant.</strong></span> 
     </span>
    </p>
   </div>
   <div class='ocr_carea' id='block_1_113' title="bbox 274 5604 856 5669">
    <p class='ocr_par' dir='ltr' id='par_1_113' title="bbox 274 5604 856 5669">
     <span class='ocr_line' id='line_1_119' title="bbox 274 5604 856 5669; baseline -0.005 -8"><span class='ocrx_word' id='word_1_842' title='bbox 274 5617 297 5644; x_wconf 76' lang='grc' dir='ltr'><strong>ο</strong></span> <span class='ocrx_word' id='word_1_843' title='bbox 321 5605 522 5669; x_wconf 79' lang='lat' dir='ltr'><strong>Moiss.,</strong></span> <span class='ocrx_word' id='word_1_844' title='bbox 550 5604 856 5659; x_wconf 79' lang='lat' dir='ltr'><strong>Sordarius.</strong></span> 
     </span>
    </p>
   </div>
   <div class='ocr_carea' id='block_1_114' title="bbox 276 5673 981 5742">
    <p class='ocr_par' dir='ltr' id='par_1_114' title="bbox 276 5673 981 5742">
     <span class='ocr_line' id='line_1_120' title="bbox 276 5673 981 5742; baseline -0.004 -10"><span class='ocrx_word' id='word_1_845' title='bbox 276 5673 296 5716; x_wconf 74' lang='grc' dir='ltr'>ί</span> <span class='ocrx_word' id='word_1_846' title='bbox 322 5674 526 5742; x_wconf 79' lang='lat' dir='ltr'><strong>Moiss.,</strong></span> <span class='ocrx_word' id='word_1_847' title='bbox 556 5673 981 5731; x_wconf 79' lang='lat' dir='ltr'><strong>Alemannorum.</strong></span> 
     </span>
    </p>
   </div>
   <div class='ocr_carea' id='block_1_115' title="bbox 1878 3108 3448 3181">
    <p class='ocr_par' dir='ltr' id='par_1_115' title="bbox 1878 3108 3448 3181">
     <span class='ocr_line' id='line_1_121' title="bbox 1878 3108 3448 3181; baseline -0.002 -15"><span class='ocrx_word' id='word_1_848' title='bbox 1878 3111 1932 3165; x_wconf 92' lang='lat' dir='ltr'><strong>in</strong></span> <span class='ocrx_word' id='word_1_849' title='bbox 1961 3111 2159 3181; x_wconf 91' lang='lat' dir='ltr'><strong>Spania</strong></span> <span class='ocrx_word' id='word_1_850' title='bbox 2180 3113 2235 3167; x_wconf 90' lang='lat' dir='ltr'><strong>in</strong></span> <span class='ocrx_word' id='word_1_851' title='bbox 2259 3113 2391 3168; x_wconf 92' lang='lat' dir='ltr'><strong>ﬁnes</strong></span> <span class='ocrx_word' id='word_1_852' title='bbox 2407 3113 2800 3168; x_wconf 89' lang='lat' dir='ltr'><strong>Saracenorum</strong></span> <span class='ocrx_word' id='word_1_853' title='bbox 2819 3124 2941 3165; x_wconf 90' lang='lat' dir='ltr'><strong>cum</strong></span> <span class='ocrx_word' id='word_1_854' title='bbox 2962 3109 3294 3181; x_wconf 88' lang='lat' dir='ltr'><strong>principibus</strong></span> <span class='ocrx_word' id='word_1_855' title='bbox 3314 3108 3448 3174; x_wconf 90' lang='lat' dir='ltr'><strong>suis,</strong></span> 
     </span>
    </p>
   </div>
   <div class='ocr_carea' id='block_1_116' title="bbox 1876 3182 3451 3305">
    <p class='ocr_par' dir='ltr' id='par_1_116' title="bbox 1876 3182 3451 3305">
     <span class='ocr_line' id='line_1_122' title="bbox 1876 3182 3451 3305; baseline -0.004 -68"><span class='ocrx_word' id='word_1_856' title='bbox 1876 3183 1968 3305; x_wconf 58' lang='lat' dir='ltr'><strong>qui</strong></span> <span class='ocrx_word' id='word_1_857' title='bbox 2012 3190 2066 3237; x_wconf 91' lang='lat' dir='ltr'><strong>et</strong></span> <span class='ocrx_word' id='word_1_858' title='bbox 2110 3183 2212 3254; x_wconf 91' lang='lat' dir='ltr'><strong>ipsi</strong></span> <span class='ocrx_word' id='word_1_859' title='bbox 2255 3182 2498 3239; x_wconf 79' lang='lat' dir='ltr'><strong>fecerunt</strong></span> <span class='ocrx_word' id='word_1_860' title='bbox 2545 3182 2809 3246; x_wconf 87' lang='lat' dir='ltr'><strong>similiter,</strong></span> <span class='ocrx_word' id='word_1_861' title='bbox 2860 3187 3208 3236; x_wconf 90' lang='lat' dir='ltr'><strong>vastaverunt</strong></span> <span class='ocrx_word' id='word_1_862' title='bbox 3250 3188 3451 3232; x_wconf 87' lang='lat' dir='ltr'><strong>terram</strong></span> 
     </span>
     <span class='ocr_line' id='line_1_123' title="bbox 1876 3249 3451 3305; baseline -0.001 0"><span class='ocrx_word' id='word_1_863' title='bbox 1876 3252 1891 3305; x_wconf 93' lang='lat' dir='ltr'><strong>i</strong></span> <span class='ocrx_word' id='word_1_864' title='bbox 1916 3253 2021 3305; x_wconf 91' lang='lat' dir='ltr'><strong>lam</strong></span> <span class='ocrx_word' id='word_1_865' title='bbox 2046 3261 2101 3305; x_wconf 91' lang='lat' dir='ltr'><strong>et</strong></span> <span class='ocrx_word' id='word_1_866' title='bbox 2120 3253 2393 3305; x_wconf 86' lang='lat' dir='ltr'><strong>redierunt</strong></span> <span class='ocrx_word' id='word_1_867' title='bbox 2413 3268 2536 3305; x_wconf 89' lang='lat' dir='ltr'><strong>cum</strong></span> <span class='ocrx_word' id='word_1_868' title='bbox 2556 3267 2687 3305; x_wconf 86' lang='lat' dir='ltr'><strong>nace</strong></span> <span class='ocrx_word' id='word_1_869' title='bbox 2714 3251 2780 3305; x_wconf 88' lang='lat' dir='ltr'><strong>ad</strong></span> <span class='ocrx_word' id='word_1_870' title='bbox 2811 3266 2991 3305; x_wconf 68' lang='lat' dir='ltr'><strong>restem</strong></span> <span class='ocrx_word' id='word_1_871' title='bbox 3011 3249 3259 3305; x_wconf 92' lang='lat' dir='ltr'><strong>Carolum</strong></span> <span class='ocrx_word' id='word_1_872' title='bbox 3282 3249 3451 3305; x_wconf 86' lang='lat' dir='ltr'><strong>Aauis</strong></span> 
     </span>
    </p>
   </div>
   <div class='ocr_carea' id='block_1_117' title="bbox 1875 3249 3451 3321">
    <p class='ocr_par' dir='ltr' id='par_1_117' title="bbox 1875 3249 3451 3321">
     <span class='ocr_line' id='line_1_124' title="bbox 1875 3249 3451 3321; baseline -0.001 -16"><span class='ocrx_word' id='word_1_873' title='bbox 1875 3249 2021 3307; x_wconf 91' lang='lat' dir='ltr'><strong>illam</strong></span> <span class='ocrx_word' id='word_1_874' title='bbox 2046 3261 2101 3308; x_wconf 91' lang='lat' dir='ltr'><strong>et</strong></span> <span class='ocrx_word' id='word_1_875' title='bbox 2120 3249 2393 3308; x_wconf 76' lang='lat' dir='ltr'><strong>redierunt</strong></span> <span class='ocrx_word' id='word_1_876' title='bbox 2413 3268 2536 3309; x_wconf 93' lang='lat' dir='ltr'><strong>cum</strong></span> <span class='ocrx_word' id='word_1_877' title='bbox 2556 3267 2687 3321; x_wconf 87' lang='lat' dir='ltr'><strong>pace</strong></span> <span class='ocrx_word' id='word_1_878' title='bbox 2714 3251 2780 3306; x_wconf 89' lang='lat' dir='ltr'><strong>ad</strong></span> <span class='ocrx_word' id='word_1_879' title='bbox 2811 3266 2991 3320; x_wconf 80' lang='lat' dir='ltr'><strong>regem</strong></span> <span class='ocrx_word' id='word_1_880' title='bbox 3011 3249 3259 3306; x_wconf 91' lang='lat' dir='ltr'><strong>Carolum</strong></span> <span class='ocrx_word' id='word_1_881' title='bbox 3282 3249 3451 3318; x_wconf 84' lang='lat' dir='ltr'><strong>Aquis</strong></span> 
     </span>
    </p>
   </div>
   <div class='ocr_carea' id='block_1_118' title="bbox 1874 3321 3451 3392">
    <p class='ocr_par' dir='ltr' id='par_1_118' title="bbox 1874 3321 3451 3392">
     <span class='ocr_line' id='line_1_125' title="bbox 1874 3321 3451 3392; baseline -0.001 -17"><span class='ocrx_word' id='word_1_882' title='bbox 1874 3323 2153 3392; x_wconf 89' lang='lat' dir='ltr'><strong>palatium.</strong></span> <span class='ocrx_word' id='word_1_883' title='bbox 2204 3323 2339 3376; x_wconf 88' lang='lat' dir='ltr'><strong>Nam</strong></span> <span class='ocrx_word' id='word_1_884' title='bbox 2383 3323 2457 3377; x_wconf 90' lang='lat' dir='ltr'><strong>ibi</strong></span> <span class='ocrx_word' id='word_1_885' title='bbox 2506 3321 2818 3376; x_wconf 89' lang='lat' dir='ltr'><strong>ﬁrmaverat</strong></span> <span class='ocrx_word' id='word_1_886' title='bbox 2856 3322 3258 3392; x_wconf 19' lang='lat' dir='ltr'><strong>sedemdsuain</strong></span> <span class='ocrx_word' id='word_1_887' title='bbox 3287 3326 3451 3388; x_wconf 85' lang='lat' dir='ltr'><strong>atque</strong></span> 
     </span>
    </p>
   </div>
   <div class='ocr_carea' id='block_1_119' title="bbox 1873 3389 3452 3460">
    <p class='ocr_par' dir='ltr' id='par_1_119' title="bbox 1873 3389 3452 3460">
     <span class='ocr_line' id='line_1_126' title="bbox 1873 3389 3452 3460; baseline -0.003 -14"><span class='ocrx_word' id='word_1_888' title='bbox 1873 3389 2158 3447; x_wconf 66' lang='lat' dir='ltr'><strong>indiﬁcavit</strong></span> <span class='ocrx_word' id='word_1_889' title='bbox 2171 3392 2449 3447; x_wconf 90' lang='lat' dir='ltr'><strong>ecclesiam</strong></span> <span class='ocrx_word' id='word_1_890' title='bbox 2460 3406 2613 3446; x_wconf 90' lang='lat' dir='ltr'><strong>suam</strong></span> <span class='ocrx_word' id='word_1_891' title='bbox 2626 3393 2775 3446; x_wconf 66' lang='lat' dir='ltr'><strong>mira:</strong></span> <span class='ocrx_word' id='word_1_892' title='bbox 2787 3390 3166 3460; x_wconf 78' lang='lat' dir='ltr'><strong>magnitudinis</strong></span> <span class='ocrx_word' id='word_1_893' title='bbox 3178 3390 3230 3460; x_wconf 73' lang='lat' dir='ltr'><strong>in</strong></span> <span class='ocrx_word' id='word_1_894' title='bbox 3246 3389 3452 3460; x_wconf 86' lang='lat' dir='ltr'><strong>honore</strong></span> 
     </span>
    </p>
   </div>
   <div class='ocr_carea' id='block_1_120' title="bbox 1873 3457 3452 3531">
    <p class='ocr_par' dir='ltr' id='par_1_120' title="bbox 1873 3457 3452 3531">
     <span class='ocr_line' id='line_1_127' title="bbox 1873 3457 3452 3531; baseline -0.003 -17"><span class='ocrx_word' id='word_1_895' title='bbox 1873 3470 2072 3531; x_wconf 63' lang='lat' dir='ltr'><strong>sancta:</strong></span> <span class='ocrx_word' id='word_1_896' title='bbox 2118 3462 2300 3517; x_wconf 74' lang='lat' dir='ltr'><strong>Maria:</strong></span> <span class='ocrx_word' id='word_1_897' title='bbox 2335 3469 2605 3531; x_wconf 58' lang='lat' dir='ltr'><strong>perpetuae</strong></span> <span class='ocrx_word' id='word_1_898' title='bbox 2636 3457 3174 3531; x_wconf 57' lang='lat' dir='ltr'><strong>virginis&#39;genitricis</strong></span> <span class='ocrx_word' id='word_1_899' title='bbox 3202 3457 3317 3519; x_wconf 89' lang='lat' dir='ltr'><strong>Dei,</strong></span> <span class='ocrx_word' id='word_1_900' title='bbox 3356 3472 3452 3511; x_wconf 89' lang='lat' dir='ltr'><strong>cu-</strong></span> 
     </span>
    </p>
   </div>
   <div class='ocr_carea' id='block_1_121' title="bbox 1866 3529 3449 3600">
    <p class='ocr_par' dir='ltr' id='par_1_121' title="bbox 1866 3529 3449 3600">
     <span class='ocr_line' id='line_1_128' title="bbox 1866 3529 3449 3600; baseline -0.001 -16"><span class='ocrx_word' id='word_1_901' title='bbox 1866 3530 1956 3599; x_wconf 89' lang='lat' dir='ltr'><strong>jus</strong></span> <span class='ocrx_word' id='word_1_902' title='bbox 1984 3539 2170 3600; x_wconf 90' lang='lat' dir='ltr'><strong>portas</strong></span> <span class='ocrx_word' id='word_1_903' title='bbox 2207 3540 2263 3586; x_wconf 93' lang='lat' dir='ltr'><strong>et</strong></span> <span class='ocrx_word' id='word_1_904' title='bbox 2299 3529 2541 3587; x_wconf 79' lang='lat' dir='ltr'><strong>cancella</strong></span> <span class='ocrx_word' id='word_1_905' title='bbox 2572 3529 2756 3600; x_wconf 6' lang='lat' dir='ltr'><strong>igfeci’t</strong></span> <span class='ocrx_word' id='word_1_906' title='bbox 2783 3529 2944 3600; x_wconf 62' lang='lat' dir='ltr'><strong>aerea,</strong></span> <span class='ocrx_word' id='word_1_907' title='bbox 2989 3538 3044 3583; x_wconf 88' lang='lat' dir='ltr'><strong>et</strong></span> <span class='ocrx_word' id='word_1_908' title='bbox 3087 3543 3210 3600; x_wconf 83' lang='lat' dir='ltr'><strong>cum</strong></span> <span class='ocrx_word' id='word_1_909' title='bbox 3252 3540 3449 3595; x_wconf 85' lang='lat' dir='ltr'><strong>magna</strong></span> 
     </span>
    </p>
   </div>
   <div class='ocr_carea' id='block_1_122' title="bbox 1872 3598 3452 3684">
    <p class='ocr_par' dir='ltr' id='par_1_122' title="bbox 1872 3598 3452 3684">
     <span class='ocr_line' id='line_1_129' title="bbox 1872 3598 3452 3684; baseline -0.002 -31"><span class='ocrx_word' id='word_1_910' title='bbox 1872 3598 2149 3684; x_wconf 72' lang='lat' dir='ltr'><strong>diligentia</strong></span> <span class='ocrx_word' id='word_1_911' title='bbox 2172 3608 2227 3684; x_wconf 73' lang='lat' dir='ltr'><strong>et</strong></span> <span class='ocrx_word' id='word_1_912' title='bbox 2252 3602 2476 3684; x_wconf 71' lang='lat' dir='ltr'><strong>honore,</strong></span> <span class='ocrx_word' id='word_1_913' title='bbox 2505 3607 2565 3655; x_wconf 90' lang='lat' dir='ltr'><strong>ut</strong></span> <span class='ocrx_word' id='word_1_914' title='bbox 2584 3599 2824 3684; x_wconf 72' lang='lat' dir='ltr'><strong>decebat,</strong></span> <span class='ocrx_word' id='word_1_915' title='bbox 2852 3599 2906 3652; x_wconf 92' lang='lat' dir='ltr'><strong>in</strong></span> <span class='ocrx_word' id='word_1_916' title='bbox 2933 3598 3142 3654; x_wconf 74' lang='lat' dir='ltr'><strong>caeteris</strong></span> <span class='ocrx_word' id='word_1_917' title='bbox 3162 3609 3452 3684; x_wconf 65' lang='lat' dir='ltr'><strong>ornamcn~</strong></span> 
     </span>
    </p>
   </div>
   <div class='ocr_carea' id='block_1_123' title="bbox 1874 3671 3451 3742">
    <p class='ocr_par' dir='ltr' id='par_1_123' title="bbox 1874 3671 3451 3742">
     <span class='ocr_line' id='line_1_130' title="bbox 1874 3671 3451 3742; baseline -0.001 -17"><span class='ocrx_word' id='word_1_918' title='bbox 1874 3672 1942 3726; x_wconf 91' lang='lat' dir='ltr'><strong>tis</strong></span> <span class='ocrx_word' id='word_1_919' title='bbox 1974 3671 2145 3742; x_wconf 90' lang='lat' dir='ltr'><strong>ipsam</strong></span> <span class='ocrx_word' id='word_1_920' title='bbox 2172 3672 2451 3742; x_wconf 85' lang='lat' dir='ltr'><strong>basilicam</strong></span> <span class='ocrx_word' id='word_1_921' title='bbox 2499 3671 2818 3742; x_wconf 86' lang='lat' dir='ltr'><strong>composuit,</strong></span> <span class='ocrx_word' id='word_1_922' title='bbox 2858 3684 3103 3742; x_wconf 79' lang='lat' dir='ltr'><strong>auroque</strong></span> <span class='ocrx_word' id='word_1_923' title='bbox 3143 3675 3198 3721; x_wconf 92' lang='lat' dir='ltr'><strong>et</strong></span> <span class='ocrx_word' id='word_1_924' title='bbox 3227 3672 3451 3736; x_wconf 78' lang='lat' dir='ltr'><strong>argento</strong></span> 
     </span>
    </p>
   </div>
   <div class='ocr_carea' id='block_1_124' title="bbox 1873 3740 3451 3810">
    <p class='ocr_par' dir='ltr' id='par_1_124' title="bbox 1873 3740 3451 3810">
     <span class='ocr_line' id='line_1_131' title="bbox 1873 3740 3451 3810; baseline 0.003 -17"><span class='ocrx_word' id='word_1_925' title='bbox 1873 3740 2313 3810; x_wconf 84' lang='lat' dir='ltr'><strong>etlnminaribus</strong></span> <span class='ocrx_word' id='word_1_926' title='bbox 2339 3740 2638 3797; x_wconf 69' lang='lat' dir='ltr'><strong>adornavit.</strong></span> <span class='ocrx_word' id='word_1_927' title='bbox 2682 3740 2761 3810; x_wconf 87' lang='lat' dir='ltr'><strong>Ad</strong></span> <span class='ocrx_word' id='word_1_928' title='bbox 2788 3740 2939 3810; x_wconf 86' lang='lat' dir='ltr'><strong>cujus</strong></span> <span class='ocrx_word' id='word_1_929' title='bbox 2977 3746 3300 3797; x_wconf 88' lang='lat' dir='ltr'><strong>structuram</strong></span> <span class='ocrx_word' id='word_1_930' title='bbox 3324 3751 3451 3797; x_wconf 75' lang='lat' dir='ltr'><strong>cum</strong></span> 
     </span>
    </p>
   </div>
   <div class='ocr_carea' id='block_1_125' title="bbox 1873 3809 3448 3879">
    <p class='ocr_par' dir='ltr' id='par_1_125' title="bbox 1873 3809 3448 3879">
     <span class='ocr_line' id='line_1_132' title="bbox 1873 3809 3448 3879; baseline -0.004 -15"><span class='ocrx_word' id='word_1_931' title='bbox 1873 3809 2150 3866; x_wconf 87' lang='lat' dir='ltr'><strong>columnas</strong></span> <span class='ocrx_word' id='word_1_932' title='bbox 2176 3820 2228 3866; x_wconf 91' lang='lat' dir='ltr'><strong>et</strong></span> <span class='ocrx_word' id='word_1_933' title='bbox 2267 3814 2537 3867; x_wconf 84' lang='lat' dir='ltr'><strong>marmora</strong></span> <span class='ocrx_word' id='word_1_934' title='bbox 2578 3809 2791 3866; x_wconf 88' lang='lat' dir='ltr'><strong>aliunde</strong></span> <span class='ocrx_word' id='word_1_935' title='bbox 2829 3809 3029 3865; x_wconf 91' lang='lat' dir='ltr'><strong>habere</strong></span> <span class='ocrx_word' id='word_1_936' title='bbox 3064 3825 3170 3879; x_wconf 80' lang='lat' dir='ltr'><strong>non</strong></span> <span class='ocrx_word' id='word_1_937' title='bbox 3210 3813 3448 3879; x_wconf 81' lang='lat' dir='ltr'><strong>poterat,</strong></span> 
     </span>
    </p>
   </div>
   <div class='ocr_carea' id='block_1_126' title="bbox 1875 3878 3450 3948">
    <p class='ocr_par' dir='ltr' id='par_1_126' title="bbox 1875 3878 3450 3948">
     <span class='ocr_line' id='line_1_133' title="bbox 1875 3878 3450 3948; baseline -0.004 -14"><span class='ocrx_word' id='word_1_938' title='bbox 1875 3879 2043 3934; x_wconf 80' lang='lat' dir='ltr'><strong>Roma</strong></span> <span class='ocrx_word' id='word_1_939' title='bbox 2064 3889 2225 3948; x_wconf 89' lang='lat' dir='ltr'><strong>atque</strong></span> <span class='ocrx_word' id='word_1_940' title='bbox 2243 3882 2496 3936; x_wconf 86' lang='lat' dir='ltr'><strong>Ravenna</strong></span> <span class='ocrx_word' id='word_1_941' title='bbox 2518 3880 2826 3948; x_wconf 83' lang='lat' dir='ltr'><strong>devehenda</strong></span> <span class='ocrx_word' id='word_1_942' title='bbox 2848 3881 3077 3948; x_wconf 76' lang='lat' dir='ltr'><strong>curavit.</strong></span> <span class='ocrx_word' id='word_1_943' title='bbox 3098 3878 3247 3948; x_wconf 85' lang='lat' dir='ltr'><strong>Fecit</strong></span> <span class='ocrx_word' id='word_1_944' title='bbox 3268 3885 3450 3948; x_wconf 72' lang='lat' dir='ltr'><strong>autem</strong></span> 
     </span>
    </p>
   </div>
   <div class='ocr_carea' id='block_1_127' title="bbox 1874 3943 3451 4017">
    <p class='ocr_par' dir='ltr' id='par_1_127' title="bbox 1874 3943 3451 4017">
     <span class='ocr_line' id='line_1_134' title="bbox 1874 3943 3451 4017; baseline -0.006 -14"><span class='ocrx_word' id='word_1_945' title='bbox 1874 3950 1946 4003; x_wconf 89' lang='lat' dir='ltr'><strong>ibi</strong></span> <span class='ocrx_word' id='word_1_946' title='bbox 1989 3957 2043 4003; x_wconf 91' lang='lat' dir='ltr'><strong>et</strong></span> <span class='ocrx_word' id='word_1_947' title='bbox 2079 3943 2336 4017; x_wconf 79' lang='lat' dir='ltr'><strong>palatium</strong></span> <span class='ocrx_word' id='word_1_948' title='bbox 2384 3948 2527 4017; x_wconf 85' lang='lat' dir='ltr'><strong>quod</strong></span> <span class='ocrx_word' id='word_1_949' title='bbox 2560 3946 2854 4017; x_wconf 78' lang='lat' dir='ltr'><strong>nominavit</strong></span> <span class='ocrx_word' id='word_1_950' title='bbox 2881 3946 3180 4017; x_wconf 68' lang='lat' dir='ltr'><strong>Lateranis,</strong></span> <span class='ocrx_word' id='word_1_951' title='bbox 3208 3943 3451 4017; x_wconf 54' lang='lat' dir='ltr'><strong>etcolle-</strong></span> 
     </span>
    </p>
   </div>
   <div class='ocr_carea' id='block_1_128' title="bbox 1875 4011 3450 4081">
    <p class='ocr_par' dir='ltr' id='par_1_128' title="bbox 1875 4011 3450 4081">
     <span class='ocr_line' id='line_1_135' title="bbox 1875 4011 3450 4081; baseline -0.004 -10"><span class='ocrx_word' id='word_1_952' title='bbox 1875 4017 1975 4071; x_wconf 84' lang='lat' dir='ltr'><strong>clis</strong></span> <span class='ocrx_word' id='word_1_953' title='bbox 2022 4011 2288 4071; x_wconf 79' lang='lat' dir='ltr'><strong>thesauris</strong></span> <span class='ocrx_word' id='word_1_954' title='bbox 2313 4011 2426 4070; x_wconf 82' lang='lat' dir='ltr'><strong>suis</strong></span> <span class='ocrx_word' id='word_1_955' title='bbox 2466 4015 2533 4068; x_wconf 91' lang='lat' dir='ltr'><strong>de</strong></span> <span class='ocrx_word' id='word_1_956' title='bbox 2576 4014 2755 4081; x_wconf 82' lang='lat' dir='ltr'><strong>regnis</strong></span> <span class='ocrx_word' id='word_1_957' title='bbox 2800 4014 3043 4080; x_wconf 83' lang='lat' dir='ltr'><strong>singulis,</strong></span> <span class='ocrx_word' id='word_1_958' title='bbox 3073 4012 3127 4081; x_wconf 89' lang='lat' dir='ltr'><strong>in</strong></span> <span class='ocrx_word' id='word_1_959' title='bbox 3152 4011 3321 4078; x_wconf 82' lang='lat' dir='ltr'><strong>Aquis</strong></span> <span class='ocrx_word' id='word_1_960' title='bbox 3355 4011 3450 4067; x_wconf 88' lang='lat' dir='ltr'><strong>ad—</strong></span> 
     </span>
    </p>
   </div>
   <div class='ocr_carea' id='block_1_129' title="bbox 1874 4080 3452 4154">
    <p class='ocr_par' dir='ltr' id='par_1_129' title="bbox 1874 4080 3452 4154">
     <span class='ocr_line' id='line_1_136' title="bbox 1874 4080 3452 4154; baseline -0.006 -14"><span class='ocrx_word' id='word_1_961' title='bbox 1874 4086 1996 4140; x_wconf 89' lang='lat' dir='ltr'><strong>duci</strong></span> <span class='ocrx_word' id='word_1_962' title='bbox 2025 4086 2298 4154; x_wconf 71' lang='lat' dir='ltr'><strong>prmcepit.</strong></span> <span class='ocrx_word' id='word_1_963' title='bbox 2331 4084 2483 4139; x_wconf 90' lang='lat' dir='ltr'><strong>Fecit</strong></span> <span class='ocrx_word' id='word_1_964' title='bbox 2507 4080 2686 4138; x_wconf 82' lang='lat' dir='ltr'><strong>autem</strong></span> <span class='ocrx_word' id='word_1_965' title='bbox 2715 4089 2770 4134; x_wconf 90' lang='lat' dir='ltr'><strong>et</strong></span> <span class='ocrx_word' id='word_1_966' title='bbox 2790 4096 2953 4152; x_wconf 88' lang='lat' dir='ltr'><strong>opera</strong></span> <span class='ocrx_word' id='word_1_967' title='bbox 2979 4080 3146 4135; x_wconf 90' lang='lat' dir='ltr'><strong>multa</strong></span> <span class='ocrx_word' id='word_1_968' title='bbox 3175 4087 3228 4132; x_wconf 90' lang='lat' dir='ltr'><strong>et</strong></span> <span class='ocrx_word' id='word_1_969' title='bbox 3256 4094 3452 4147; x_wconf 81' lang='lat' dir='ltr'><strong>magna</strong></span> 
     </span>
    </p>
   </div>
   <div class='ocr_carea' id='block_1_130' title="bbox 1875 4152 3525 4210">
    <p class='ocr_par' dir='ltr' id='par_1_130' title="bbox 1875 4152 3525 4210">
     <span class='ocr_line' id='line_1_137' title="bbox 1875 4152 3525 4210; baseline -0.004 0"><span class='ocrx_word' id='word_1_970' title='bbox 1875 4156 1928 4210; x_wconf 88' lang='lat' dir='ltr'><strong>in</strong></span> <span class='ocrx_word' id='word_1_971' title='bbox 1952 4152 2140 4209; x_wconf 85' lang='lat' dir='ltr'><strong>eodem</strong></span> <span class='ocrx_word' id='word_1_972' title='bbox 2166 4152 2304 4210; x_wconf 79' lang='lat' dir='ltr'><strong>loco.</strong></span> <span class='ocrx_word' id='word_1_973' title='bbox 3520 4152 3525 4157; x_wconf 80' lang='grc'><em>’</em></span> 
     </span>
    </p>
   </div>
   <div class='ocr_carea' id='block_1_131' title="bbox 1943 4219 3451 4291">
    <p class='ocr_par' dir='ltr' id='par_1_131' title="bbox 1943 4219 3451 4291">
     <span class='ocr_line' id='line_1_138' title="bbox 1943 4219 3451 4291; baseline -0.003 -15"><span class='ocrx_word' id='word_1_974' title='bbox 1943 4223 2098 4279; x_wconf 84' lang='lat' dir='ltr'><strong>Anno</strong></span> <span class='ocrx_word' id='word_1_975' title='bbox 2125 4224 2246 4287; x_wconf 85' lang='lat'><strong>797,</strong></span> <span class='ocrx_word' id='word_1_976' title='bbox 2275 4239 2415 4278; x_wconf 90' lang='lat' dir='ltr'><strong>anno</strong></span> <span class='ocrx_word' id='word_1_977' title='bbox 2440 4222 2509 4277; x_wconf 81' lang='grc'><strong>50</strong></span> <span class='ocrx_word' id='word_1_978' title='bbox 2535 4220 2901 4291; x_wconf 88' lang='lat' dir='ltr'><strong>Caroliregis,</strong></span> <span class='ocrx_word' id='word_1_979' title='bbox 2924 4219 3165 4276; x_wconf 90' lang='lat' dir='ltr'><strong>introivit</strong></span> <span class='ocrx_word' id='word_1_980' title='bbox 3190 4233 3285 4277; x_wconf 75' lang='lat' dir='ltr'><strong>rex</strong></span> <span class='ocrx_word' id='word_1_981' title='bbox 3310 4235 3451 4291; x_wconf 45' lang='lat' dir='ltr'><strong>tum?</strong></span> 
     </span>
    </p>
   </div>
   <div class='ocr_carea' id='block_1_132' title="bbox 1876 4289 3449 4357">
    <p class='ocr_par' dir='ltr' id='par_1_132' title="bbox 1876 4289 3449 4357">
     <span class='ocr_line' id='line_1_139' title="bbox 1876 4289 3449 4357; baseline -0.001 -11"><span class='ocrx_word' id='word_1_982' title='bbox 1876 4292 2017 4348; x_wconf 79' lang='lat' dir='ltr'><strong>fatus</strong></span> <span class='ocrx_word' id='word_1_983' title='bbox 2040 4309 2161 4347; x_wconf 91' lang='lat' dir='ltr'><strong>cum</strong></span> <span class='ocrx_word' id='word_1_984' title='bbox 2191 4294 2431 4348; x_wconf 80' lang='lat' dir='ltr'><strong>exercitu</strong></span> <span class='ocrx_word' id='word_1_985' title='bbox 2463 4308 2560 4345; x_wconf 89' lang='lat' dir='ltr'><strong>suo</strong></span> <span class='ocrx_word' id='word_1_986' title='bbox 2607 4292 2657 4345; x_wconf 92' lang='lat' dir='ltr'><strong>in</strong></span> <span class='ocrx_word' id='word_1_987' title='bbox 2710 4289 2963 4354; x_wconf 80' lang='lat' dir='ltr'><strong>Saxonia,</strong></span> <span class='ocrx_word' id='word_1_988' title='bbox 3008 4299 3061 4345; x_wconf 90' lang='lat' dir='ltr'><strong>et</strong></span> <span class='ocrx_word' id='word_1_989' title='bbox 3096 4292 3341 4357; x_wconf 79' lang='lat' dir='ltr'><strong>pervenit</strong></span> <span class='ocrx_word' id='word_1_990' title='bbox 3378 4289 3449 4347; x_wconf 81' lang='lat' dir='ltr'><strong>ad</strong></span> 
     </span>
    </p>
   </div>
   <div class='ocr_carea' id='block_1_133' title="bbox 1875 4359 3451 4485">
    <p class='ocr_par' dir='ltr' id='par_1_133' title="bbox 1875 4359 3451 4485">
     <span class='ocr_line' id='line_1_140' title="bbox 1875 4359 3451 4485; baseline -0.004 -68"><span class='ocrx_word' id='word_1_991' title='bbox 1875 4378 2072 4485; x_wconf 62' lang='lat' dir='ltr'><strong>pagum</strong></span> <span class='ocrx_word' id='word_1_992' title='bbox 2119 4364 2208 4431; x_wconf 92' lang='lat' dir='ltr'><strong>qui</strong></span> <span class='ocrx_word' id='word_1_993' title='bbox 2263 4363 2460 4443; x_wconf 78' lang='lat' dir='ltr'><strong>dicitur</strong></span> <span class='ocrx_word' id='word_1_994' title='bbox 2510 4360 2790 4441; x_wconf 42' lang='lat' dir='ltr'><strong>V.udmo.di,</strong></span> <span class='ocrx_word' id='word_1_995' title='bbox 2848 4360 2936 4413; x_wconf 91' lang='lat' dir='ltr'><strong>ubi</strong></span> <span class='ocrx_word' id='word_1_996' title='bbox 2985 4359 3211 4442; x_wconf 73' lang='lat' dir='ltr'><strong>ﬁrmitas</strong></span> <span class='ocrx_word' id='word_1_997' title='bbox 3255 4373 3451 4440; x_wconf 74' lang='lat' dir='ltr'><strong>eorum</strong></span> 
     </span>
     <span class='ocr_line' id='line_1_141' title="bbox 1898 4430 3451 4485; baseline 0 0"><span class='ocrx_word' id='word_1_998' title='bbox 1898 4440 2014 4485; x_wconf 88' lang='lat' dir='ltr'><strong>acta</strong></span> <span class='ocrx_word' id='word_1_999' title='bbox 2039 4440 2177 4485; x_wconf 86' lang='lat' dir='ltr'><strong>erat.</strong></span> <span class='ocrx_word' id='word_1_1000' title='bbox 2209 4441 2263 4485; x_wconf 89' lang='lat' dir='ltr'><strong>et</strong></span> <span class='ocrx_word' id='word_1_1001' title='bbox 2284 4447 2400 4485; x_wconf 78' lang='lat' dir='ltr'><strong>ipsa</strong></span> <span class='ocrx_word' id='word_1_1002' title='bbox 2426 4430 2680 4484; x_wconf 88' lang='lat' dir='ltr'><strong>ﬁrmitate</strong></span> <span class='ocrx_word' id='word_1_1003' title='bbox 2707 4436 3024 4485; x_wconf 84' lang='lat' dir='ltr'><strong>interrunta.</strong></span> <span class='ocrx_word' id='word_1_1004' title='bbox 3053 4436 3295 4485; x_wconf 82' lang='lat' dir='ltr'><strong>intromt</strong></span> <span class='ocrx_word' id='word_1_1005' title='bbox 3324 4444 3451 4485; x_wconf 85' lang='lat' dir='ltr'><strong>cum</strong></span> 
     </span>
    </p>
   </div>
   <div class='ocr_carea' id='block_1_134' title="bbox 1898 4426 3451 4501">
    <p class='ocr_par' dir='ltr' id='par_1_134' title="bbox 1898 4426 3451 4501">
     <span class='ocr_line' id='line_1_142' title="bbox 1898 4426 3451 4501; baseline -0.003 -15"><span class='ocrx_word' id='word_1_1006' title='bbox 1898 4426 2014 4486; x_wconf 67' lang='lat' dir='ltr'><strong>aeta</strong></span> <span class='ocrx_word' id='word_1_1007' title='bbox 2039 4426 2177 4496; x_wconf 72' lang='lat' dir='ltr'><strong>erat,</strong></span> <span class='ocrx_word' id='word_1_1008' title='bbox 2209 4441 2263 4487; x_wconf 89' lang='lat' dir='ltr'><strong>et</strong></span> <span class='ocrx_word' id='word_1_1009' title='bbox 2284 4432 2400 4501; x_wconf 89' lang='lat' dir='ltr'><strong>ipsa</strong></span> <span class='ocrx_word' id='word_1_1010' title='bbox 2426 4430 2680 4501; x_wconf 75' lang='lat' dir='ltr'><strong>ﬁrmitate</strong></span> <span class='ocrx_word' id='word_1_1011' title='bbox 2707 4430 3024 4501; x_wconf 81' lang='lat' dir='ltr'><strong>interrupta,</strong></span> <span class='ocrx_word' id='word_1_1012' title='bbox 3053 4426 3295 4501; x_wconf 83' lang='lat' dir='ltr'><strong>introivit</strong></span> <span class='ocrx_word' id='word_1_1013' title='bbox 3324 4444 3451 4501; x_wconf 80' lang='lat' dir='ltr'><strong>cum</strong></span> 
     </span>
    </p>
   </div>
   <div class='ocr_carea' id='block_1_135' title="bbox 1875 4498 3453 4571">
    <p class='ocr_par' dir='ltr' id='par_1_135' title="bbox 1875 4498 3453 4571">
     <span class='ocr_line' id='line_1_143' title="bbox 1875 4498 3453 4571; baseline -0.004 -14"><span class='ocrx_word' id='word_1_1014' title='bbox 1875 4502 2113 4557; x_wconf 87' lang='lat' dir='ltr'><strong>exercitu</strong></span> <span class='ocrx_word' id='word_1_1015' title='bbox 2144 4518 2242 4557; x_wconf 88' lang='lat' dir='ltr'><strong>suo</strong></span> <span class='ocrx_word' id='word_1_1016' title='bbox 2270 4498 2324 4555; x_wconf 82' lang='lat' dir='ltr'><strong>in</strong></span> <span class='ocrx_word' id='word_1_1017' title='bbox 2344 4515 2538 4571; x_wconf 84' lang='lat' dir='ltr'><strong>pagum</strong></span> <span class='ocrx_word' id='word_1_1018' title='bbox 2570 4499 2737 4564; x_wconf 89' lang='lat' dir='ltr'><strong>illum,</strong></span> <span class='ocrx_word' id='word_1_1019' title='bbox 2764 4500 3099 4571; x_wconf 78' lang='lat' dir='ltr'><strong>vastavitque</strong></span> <span class='ocrx_word' id='word_1_1020' title='bbox 3117 4507 3182 4571; x_wconf 72' lang='lat' dir='ltr'><strong>_et</strong></span> <span class='ocrx_word' id='word_1_1021' title='bbox 3210 4498 3453 4571; x_wconf 74' lang='lat' dir='ltr'><strong>incendit</strong></span> 
     </span>
    </p>
   </div>
   <div class='ocr_carea' id='block_1_136' title="bbox 1874 4566 3451 4634">
    <p class='ocr_par' dir='ltr' id='par_1_136' title="bbox 1874 4566 3451 4634">
     <span class='ocr_line' id='line_1_144' title="bbox 1874 4566 3451 4634; baseline -0.003 -9"><span class='ocrx_word' id='word_1_1022' title='bbox 1874 4586 2018 4634; x_wconf 91' lang='lat' dir='ltr'><strong>eum,</strong></span> <span class='ocrx_word' id='word_1_1023' title='bbox 2048 4580 2103 4625; x_wconf 91' lang='lat' dir='ltr'><strong>et</strong></span> <span class='ocrx_word' id='word_1_1024' title='bbox 2130 4580 2257 4626; x_wconf 92' lang='lat' dir='ltr'><strong>tunc</strong></span> <span class='ocrx_word' id='word_1_1025' title='bbox 2284 4566 2456 4625; x_wconf 48' lang='lat' dir='ltr'><strong>(le—nuo</strong></span> <span class='ocrx_word' id='word_1_1026' title='bbox 2494 4568 2507 4619; x_wconf 86' lang='lat' dir='ltr'><strong>i</strong></span> <span class='ocrx_word' id='word_1_1027' title='bbox 2532 4578 2821 4623; x_wconf 48' lang='lat' dir='ltr'><strong>ovenerunt</strong></span> <span class='ocrx_word' id='word_1_1028' title='bbox 2859 4568 2926 4621; x_wconf 91' lang='lat' dir='ltr'><strong>ad</strong></span> <span class='ocrx_word' id='word_1_1029' title='bbox 2956 4566 3080 4626; x_wconf 76' lang='lat' dir='ltr'><strong>eum</strong></span> <span class='ocrx_word' id='word_1_1030' title='bbox 3111 4569 3353 4624; x_wconf 83' lang='lat' dir='ltr'><strong>Saxones</strong></span> <span class='ocrx_word' id='word_1_1031' title='bbox 3381 4566 3451 4631; x_wconf 85' lang='lat' dir='ltr'><strong>de</strong></span> 
     </span>
    </p>
   </div>
   <div class='ocr_carea' id='block_1_137' title="bbox 1873 4635 3452 4710">
    <p class='ocr_par' dir='ltr' id='par_1_137' title="bbox 1873 4635 3452 4710">
     <span class='ocr_line' id='line_1_145' title="bbox 1873 4635 3452 4710; baseline -0.004 -14"><span class='ocrx_word' id='word_1_1032' title='bbox 1873 4642 2139 4696; x_wconf 89' lang='lat' dir='ltr'><strong>universis</strong></span> <span class='ocrx_word' id='word_1_1033' title='bbox 2164 4641 2359 4695; x_wconf 87' lang='lat' dir='ltr'><strong>ﬁnibus</strong></span> <span class='ocrx_word' id='word_1_1034' title='bbox 2403 4648 2458 4694; x_wconf 89' lang='lat' dir='ltr'><strong>et</strong></span> <span class='ocrx_word' id='word_1_1035' title='bbox 2494 4639 2707 4710; x_wconf 81' lang='lat' dir='ltr'><strong>angulis</strong></span> <span class='ocrx_word' id='word_1_1036' title='bbox 2744 4635 3452 4710; x_wconf 63' lang='lat' dir='ltr'><strong>ubibabitabant,_et__tulit</strong></span> 
     </span>
    </p>
   </div>
   <div class='ocr_carea' id='block_1_138' title="bbox 1875 4706 3450 4779">
    <p class='ocr_par' dir='ltr' id='par_1_138' title="bbox 1875 4706 3450 4779">
     <span class='ocr_line' id='line_1_146' title="bbox 1875 4706 3450 4779; baseline -0.003 -16"><span class='ocrx_word' id='word_1_1037' title='bbox 1875 4711 1997 4765; x_wconf 92' lang='lat' dir='ltr'><strong>inde</strong></span> <span class='ocrx_word' id='word_1_1038' title='bbox 2020 4711 2234 4766; x_wconf 90' lang='lat' dir='ltr'><strong>obsides</strong></span> <span class='ocrx_word' id='word_1_1039' title='bbox 2262 4726 2395 4779; x_wconf 89' lang='lat' dir='ltr'><strong>quos</strong></span> <span class='ocrx_word' id='word_1_1040' title='bbox 2419 4706 2605 4772; x_wconf 72' lang='lat' dir='ltr'><strong>voluit,</strong></span> <span class='ocrx_word' id='word_1_1041' title='bbox 2620 4717 2690 4779; x_wconf 17' lang='lat' dir='ltr'><strong>iet</strong></span> <span class='ocrx_word' id='word_1_1042' title='bbox 2720 4710 2786 4764; x_wconf 92' lang='lat' dir='ltr'><strong>de</strong></span> <span class='ocrx_word' id='word_1_1043' title='bbox 2814 4708 3151 4779; x_wconf 57' lang='lat' dir='ltr'><strong>Frisionibus</strong></span> <span class='ocrx_word' id='word_1_1044' title='bbox 3177 4706 3450 4779; x_wconf 88' lang='lat' dir='ltr'><strong>similiter,</strong></span> 
     </span>
    </p>
   </div>
   <div class='ocr_carea' id='block_1_139' title="bbox 1873 4777 3452 4848">
    <p class='ocr_par' dir='ltr' id='par_1_139' title="bbox 1873 4777 3452 4848">
     <span class='ocr_line' id='line_1_147' title="bbox 1873 4777 3452 4848; baseline -0.001 -16"><span class='ocrx_word' id='word_1_1045' title='bbox 1873 4787 1928 4833; x_wconf 88' lang='lat' dir='ltr'><strong>et</strong></span> <span class='ocrx_word' id='word_1_1046' title='bbox 1962 4780 2039 4833; x_wconf 92' lang='lat' dir='ltr'><strong>sic</strong></span> <span class='ocrx_word' id='word_1_1047' title='bbox 2091 4777 2336 4835; x_wconf 81' lang='lat' dir='ltr'><strong>reversus</strong></span> <span class='ocrx_word' id='word_1_1048' title='bbox 2372 4788 2456 4835; x_wconf 84' lang='lat' dir='ltr'><strong>est</strong></span> <span class='ocrx_word' id='word_1_1049' title='bbox 2502 4778 2557 4832; x_wconf 90' lang='lat' dir='ltr'><strong>in</strong></span> <span class='ocrx_word' id='word_1_1050' title='bbox 2595 4778 2847 4848; x_wconf 79' lang='lat' dir='ltr'><strong>Francia.</strong></span> <span class='ocrx_word' id='word_1_1051' title='bbox 2890 4777 2958 4832; x_wconf 87' lang='lat' dir='ltr'><strong>Et</strong></span> <span class='ocrx_word' id='word_1_1052' title='bbox 2985 4785 3107 4848; x_wconf 91' lang='lat' dir='ltr'><strong>post</strong></span> <span class='ocrx_word' id='word_1_1053' title='bbox 3149 4778 3452 4848; x_wconf 73' lang='lat' dir='ltr'><strong>aliquantas</strong></span> 
     </span>
    </p>
   </div>
   <div class='ocr_carea' id='block_1_140' title="bbox 1873 4846 3447 4911">
    <p class='ocr_par' dir='ltr' id='par_1_140' title="bbox 1873 4846 3447 4911">
     <span class='ocr_line' id='line_1_148' title="bbox 1873 4846 3447 4911; baseline -0.003 -10"><span class='ocrx_word' id='word_1_1054' title='bbox 1873 4848 2235 4903; x_wconf 86' lang='lat' dir='ltr'><strong>hebdomadas</strong></span> <span class='ocrx_word' id='word_1_1055' title='bbox 2264 4849 2458 4903; x_wconf 90' lang='lat' dir='ltr'><strong>iterum</strong></span> <span class='ocrx_word' id='word_1_1056' title='bbox 2483 4848 2723 4903; x_wconf 83' lang='lat' dir='ltr'><strong>introivit</strong></span> <span class='ocrx_word' id='word_1_1057' title='bbox 2744 4850 2797 4902; x_wconf 91' lang='lat' dir='ltr'><strong>in</strong></span> <span class='ocrx_word' id='word_1_1058' title='bbox 2829 4846 3080 4911; x_wconf 84' lang='lat' dir='ltr'><strong>Saxonia,</strong></span> <span class='ocrx_word' id='word_1_1059' title='bbox 3114 4855 3168 4900; x_wconf 92' lang='lat' dir='ltr'><strong>et</strong></span> <span class='ocrx_word' id='word_1_1060' title='bbox 3194 4846 3265 4899; x_wconf 88' lang='lat' dir='ltr'><strong>ibi</strong></span> <span class='ocrx_word' id='word_1_1061' title='bbox 3292 4846 3447 4900; x_wconf 86' lang='lat' dir='ltr'><strong>babi-</strong></span> 
     </span>
    </p>
   </div>
   <div class='ocr_carea' id='block_1_141' title="bbox 1872 4913 3449 4988">
    <p class='ocr_par' dir='ltr' id='par_1_141' title="bbox 1872 4913 3449 4988">
     <span class='ocr_line' id='line_1_149' title="bbox 1872 4913 3449 4988; baseline -0.001 -17"><span class='ocrx_word' id='word_1_1062' title='bbox 1872 4919 2007 4971; x_wconf 86' lang='lat' dir='ltr'><strong>tavit</strong></span> <span class='ocrx_word' id='word_1_1063' title='bbox 2044 4919 2157 4988; x_wconf 92' lang='lat' dir='ltr'><strong>ipsa</strong></span> <span class='ocrx_word' id='word_1_1064' title='bbox 2194 4918 2391 4988; x_wconf 86' lang='lat' dir='ltr'><strong>hieme,</strong></span> <span class='ocrx_word' id='word_1_1065' title='bbox 2432 4926 2488 4972; x_wconf 90' lang='lat' dir='ltr'><strong>et</strong></span> <span class='ocrx_word' id='word_1_1066' title='bbox 2520 4917 2651 4988; x_wconf 74' lang='lat' dir='ltr'><strong>fecit</strong></span> <span class='ocrx_word' id='word_1_1067' title='bbox 2679 4919 2862 4973; x_wconf 89' lang='lat' dir='ltr'><strong>sedem</strong></span> <span class='ocrx_word' id='word_1_1068' title='bbox 2901 4932 3059 4988; x_wconf 82' lang='lat' dir='ltr'><strong>suam</strong></span> <span class='ocrx_word' id='word_1_1069' title='bbox 3079 4914 3233 4988; x_wconf 68' lang='lat' dir='ltr'><strong>juxta</strong></span> <span class='ocrx_word' id='word_1_1070' title='bbox 3269 4913 3449 4988; x_wconf 62' lang='lat' dir='ltr'><strong>locum</strong></span> 
     </span>
    </p>
   </div>
   <div class='ocr_carea' id='block_1_142' title="bbox 1870 4981 3450 5058">
    <p class='ocr_par' dir='ltr' id='par_1_142' title="bbox 1870 4981 3450 5058">
     <span class='ocr_line' id='line_1_150' title="bbox 1870 4981 3450 5058; baseline -0.003 -17"><span class='ocrx_word' id='word_1_1071' title='bbox 1870 4988 1963 5042; x_wconf 87' lang='lat' dir='ltr'><strong>ubi</strong></span> <span class='ocrx_word' id='word_1_1072' title='bbox 1988 4981 2214 5043; x_wconf 72' lang='lat' dir='ltr'><strong>Tifnella</strong></span> <span class='ocrx_word' id='word_1_1073' title='bbox 2236 4986 2337 5043; x_wconf 78' lang='lat' dir='ltr'><strong>fuit</strong></span> <span class='ocrx_word' id='word_1_1074' title='bbox 2362 4981 2419 5043; x_wconf 85' lang='lat' dir='ltr'><strong>in</strong></span> <span class='ocrx_word' id='word_1_1075' title='bbox 2438 4987 2599 5058; x_wconf 81' lang='lat' dir='ltr'><strong>hujus</strong></span> <span class='ocrx_word' id='word_1_1076' title='bbox 2619 5003 2824 5053; x_wconf 88' lang='lat' dir='ltr'><strong>saraca,</strong></span> <span class='ocrx_word' id='word_1_1077' title='bbox 2852 5001 2971 5053; x_wconf 67' lang='lat' dir='ltr'><strong>qua:</strong></span> <span class='ocrx_word' id='word_1_1078' title='bbox 2992 4981 3153 5037; x_wconf 87' lang='lat' dir='ltr'><strong>etiam</strong></span> <span class='ocrx_word' id='word_1_1079' title='bbox 3174 4981 3450 5036; x_wconf 80' lang='lat' dir='ltr'><strong>Ileristelli</strong></span> 
     </span>
    </p>
   </div>
   <div class='ocr_carea' id='block_1_143' title="bbox 1946 5119 2918 5194">
    <p class='ocr_par' dir='ltr' id='par_1_143' title="bbox 1946 5119 2918 5194">
     <span class='ocr_line' id='line_1_151' title="bbox 1946 5119 2918 5194; baseline -0.003 -19"><span class='ocrx_word' id='word_1_1080' title='bbox 1946 5119 2198 5194; x_wconf 59' lang='lat' dir='ltr'><strong>FMoiss.,</strong></span> <span class='ocrx_word' id='word_1_1081' title='bbox 2235 5119 2409 5194; x_wconf 53' lang='grc' dir='ltr'><strong>Ιξὶηηρ</strong></span> <span class='ocrx_word' id='word_1_1082' title='bbox 2629 5186 2641 5194; x_wconf 83' lang='lat'>_</span> <span class='ocrx_word' id='word_1_1083' title='bbox 2801 5181 2851 5194; x_wconf 82' lang='lat'><em>__</em></span> <span class='ocrx_word' id='word_1_1084' title='bbox 2884 5180 2918 5194; x_wconf 52' lang='grc' dir='ltr'><strong>υ</strong></span> 
     </span>
    </p>
   </div>
   <div class='ocr_carea' id='block_1_144' title="bbox 1940 5180 3446 5251">
    <p class='ocr_par' dir='ltr' id='par_1_144' title="bbox 1940 5180 3446 5251">
     <span class='ocr_line' id='line_1_152' title="bbox 1940 5180 3446 5251; baseline -0.003 -10"><span class='ocrx_word' id='word_1_1085' title='bbox 1940 5190 1970 5229; x_wconf 81' lang='lat' dir='ltr'><strong>h</strong></span> <span class='ocrx_word' id='word_1_1086' title='bbox 1996 5180 2200 5251; x_wconf 77' lang='lat' dir='ltr'><strong>Moiss.,</strong></span> <span class='ocrx_word' id='word_1_1087' title='bbox 2232 5189 2438 5242; x_wconf 83' lang='lat' dir='ltr'><strong>Etenim</strong></span> <span class='ocrx_word' id='word_1_1088' title='bbox 2469 5186 2771 5241; x_wconf 76' lang='lat' dir='ltr'><strong>exercitum.</strong></span> <span class='ocrx_word' id='word_1_1089' title='bbox 2801 5180 2989 5236; x_wconf 81' lang='lat' dir='ltr'><strong>Melius</strong></span> <span class='ocrx_word' id='word_1_1090' title='bbox 3026 5180 3195 5237; x_wconf 84' lang='lat' dir='ltr'><strong>codex</strong></span> <span class='ocrx_word' id='word_1_1091' title='bbox 3239 5191 3446 5245; x_wconf 91' lang='lat' dir='ltr'><strong>noster,</strong></span> 
     </span>
    </p>
   </div>
   <div class='ocr_carea' id='block_1_145' title="bbox 1870 5252 3447 5319">
    <p class='ocr_par' dir='ltr' id='par_1_145' title="bbox 1870 5252 3447 5319">
     <span class='ocr_line' id='line_1_153' title="bbox 1870 5252 3447 5319; baseline -0.005 -7"><span class='ocrx_word' id='word_1_1092' title='bbox 1870 5258 2079 5312; x_wconf 82' lang='lat' dir='ltr'><strong>tertium</strong></span> <span class='ocrx_word' id='word_1_1093' title='bbox 2108 5272 2225 5310; x_wconf 83' lang='lat' dir='ltr'><strong>vero</strong></span> <span class='ocrx_word' id='word_1_1094' title='bbox 2267 5258 2569 5311; x_wconf 76' lang='lat' dir='ltr'><strong>exercitum.</strong></span> <span class='ocrx_word' id='word_1_1095' title='bbox 2608 5255 2740 5308; x_wconf 79' lang='lat' dir='ltr'><strong>Nam</strong></span> <span class='ocrx_word' id='word_1_1096' title='bbox 2785 5253 2916 5305; x_wconf 88' lang='lat' dir='ltr'><strong>duos</strong></span> <span class='ocrx_word' id='word_1_1097' title='bbox 2959 5252 3063 5307; x_wconf 91' lang='lat' dir='ltr'><strong>hoc</strong></span> <span class='ocrx_word' id='word_1_1098' title='bbox 3110 5267 3252 5306; x_wconf 89' lang='lat' dir='ltr'><strong>anno</strong></span> <span class='ocrx_word' id='word_1_1099' title='bbox 3296 5252 3447 5319; x_wconf 82' lang='lat' dir='ltr'><strong>prius</strong></span> 
     </span>
    </p>
   </div>
   <div class='ocr_carea' id='block_1_146' title="bbox 1870 5320 3445 5389">
    <p class='ocr_par' dir='ltr' id='par_1_146' title="bbox 1870 5320 3445 5389">
     <span class='ocr_line' id='line_1_154' title="bbox 1870 5320 3445 5389; baseline -0.008 -6"><span class='ocrx_word' id='word_1_1100' title='bbox 1870 5335 2404 5389; x_wconf 87' lang='lat' dir='ltr'><strong>commemoraverat,</strong></span> <span class='ocrx_word' id='word_1_1101' title='bbox 2434 5340 2595 5379; x_wconf 92' lang='lat' dir='ltr'><strong>unum</strong></span> <span class='ocrx_word' id='word_1_1102' title='bbox 2642 5323 2740 5376; x_wconf 88' lang='lat' dir='ltr'><strong>sub</strong></span> <span class='ocrx_word' id='word_1_1103' title='bbox 2778 5320 2967 5389; x_wconf 89' lang='lat' dir='ltr'><strong>Pipino</strong></span> <span class='ocrx_word' id='word_1_1104' title='bbox 3012 5321 3147 5389; x_wconf 84' lang='lat' dir='ltr'><strong>duce</strong></span> <span class='ocrx_word' id='word_1_1105' title='bbox 3172 5321 3445 5389; x_wconf 74' lang='lat' dir='ltr'><strong>adversus</strong></span> 
     </span>
    </p>
   </div>
   <div class='ocr_carea' id='block_1_147' title="bbox 1867 5386 3444 5462">
    <p class='ocr_par' dir='ltr' id='par_1_147' title="bbox 1867 5386 3444 5462">
     <span class='ocr_line' id='line_1_155' title="bbox 1867 5386 3444 5462; baseline -0.005 -12"><span class='ocrx_word' id='word_1_1106' title='bbox 1867 5396 2093 5459; x_wconf 89' lang='lat' dir='ltr'><strong>Avaros,</strong></span> <span class='ocrx_word' id='word_1_1107' title='bbox 2124 5394 2352 5448; x_wconf 89' lang='lat' dir='ltr'><strong>alterum</strong></span> <span class='ocrx_word' id='word_1_1108' title='bbox 2387 5386 2686 5462; x_wconf 76' lang='lat' dir='ltr'><strong>quemipse</strong></span> <span class='ocrx_word' id='word_1_1109' title='bbox 2715 5386 3059 5462; x_wconf 62' lang='lat' dir='ltr'><strong>cum&#39;Carolo</strong></span> <span class='ocrx_word' id='word_1_1110' title='bbox 3092 5395 3147 5440; x_wconf 92' lang='lat' dir='ltr'><strong>et</strong></span> <span class='ocrx_word' id='word_1_1111' title='bbox 3170 5386 3444 5442; x_wconf 87' lang='lat' dir='ltr'><strong>Ludovico</strong></span> 
     </span>
    </p>
   </div>
   <div class='ocr_carea' id='block_1_148' title="bbox 1868 5457 3049 5532">
    <p class='ocr_par' dir='ltr' id='par_1_148' title="bbox 1868 5457 3049 5532">
     <span class='ocr_line' id='line_1_156' title="bbox 1868 5457 3049 5532; baseline -0.01 -12"><span class='ocrx_word' id='word_1_1112' title='bbox 1868 5465 1994 5520; x_wconf 87' lang='lat' dir='ltr'><strong>ﬁliis</strong></span> <span class='ocrx_word' id='word_1_1113' title='bbox 2024 5457 2250 5518; x_wconf 78' lang='lat' dir='ltr'><strong>tinxerat</strong></span> <span class='ocrx_word' id='word_1_1114' title='bbox 2272 5465 2384 5532; x_wconf 88' lang='lat' dir='ltr'><strong>ipse</strong></span> <span class='ocrx_word' id='word_1_1115' title='bbox 2406 5457 2633 5532; x_wconf 79' lang='lat' dir='ltr'><strong>Carolus</strong></span> <span class='ocrx_word' id='word_1_1116' title='bbox 2658 5459 2712 5512; x_wconf 87' lang='lat' dir='ltr'><strong>in</strong></span> <span class='ocrx_word' id='word_1_1117' title='bbox 2742 5457 3049 5532; x_wconf 85' lang='lat' dir='ltr'><strong>Sa_xoniam.</strong></span> 
     </span>
    </p>
   </div>
   <div class='ocr_carea' id='block_1_149' title="bbox 1945 5524 3194 5597">
    <p class='ocr_par' dir='ltr' id='par_1_149' title="bbox 1945 5524 3194 5597">
     <span class='ocr_line' id='line_1_157' title="bbox 1945 5524 3194 5597; baseline -0.008 -10"><span class='ocrx_word' id='word_1_1118' title='bbox 1945 5536 1961 5575; x_wconf 76' lang='grc' dir='ltr'><strong>ί</strong></span> <span class='ocrx_word' id='word_1_1119' title='bbox 2002 5534 2204 5597; x_wconf 82' lang='lat' dir='ltr'><strong>Moiss.,</strong></span> <span class='ocrx_word' id='word_1_1120' title='bbox 2236 5524 2412 5597; x_wconf 65' lang='lat' dir='ltr'><strong>po&#39;rtas</strong></span> <span class='ocrx_word' id='word_1_1121' title='bbox 2437 5527 2688 5594; x_wconf 76' lang='lat' dir='ltr'><strong>camella,</strong></span> <span class='ocrx_word' id='word_1_1122' title='bbox 2717 5528 2916 5584; x_wconf 89' lang='lat' dir='ltr'><strong>omisso</strong></span> <span class='ocrx_word' id='word_1_1123' title='bbox 2939 5533 3007 5591; x_wconf 83' lang='lat' dir='ltr'><strong>et,</strong></span> <span class='ocrx_word' id='word_1_1124' title='bbox 3036 5524 3194 5579; x_wconf 89' lang='lat' dir='ltr'><strong>male.</strong></span> 
     </span>
    </p>
   </div>
   <div class='ocr_carea' id='block_1_150' title="bbox 1942 5598 2643 5671">
    <p class='ocr_par' dir='ltr' id='par_1_150' title="bbox 1942 5598 2643 5671">
     <span class='ocr_line' id='line_1_158' title="bbox 1942 5598 2643 5671; baseline 0.001 -18"><span class='ocrx_word' id='word_1_1125' title='bbox 1942 5603 1955 5653; x_wconf 89' lang='lat' dir='ltr'><strong>i</strong></span> <span class='ocrx_word' id='word_1_1126' title='bbox 1992 5603 2194 5671; x_wconf 81' lang='lat' dir='ltr'><strong>Moiss.,</strong></span> <span class='ocrx_word' id='word_1_1127' title='bbox 2222 5598 2286 5653; x_wconf 78' lang='lat' dir='ltr'><strong>Et</strong></span> <span class='ocrx_word' id='word_1_1128' title='bbox 2309 5600 2426 5655; x_wconf 81' lang='lat' dir='ltr'><strong>hinc</strong></span> <span class='ocrx_word' id='word_1_1129' title='bbox 2452 5598 2643 5654; x_wconf 81' lang='lat' dir='ltr'><strong>demto.</strong></span> 
     </span>
    </p>
   </div>
  </div>
