3992 6172
161 271 290 355 ιω

163 408 363 465 Lumen
395 395 745 470 apostolicum
759 392 981 452 ‘crudeli
1006 393 1196 450 funere
1221 390 1392 464 plagis

162 468 485 535 Occubuisse
508 468 656 532 feris,
695 481 822 520 nam
845 478 1065 535 serpens
1085 478 1258 519 saevus
1273 471 1338 535 net
1366 469 1543 530 atrox,

162 531 262 614 Qui
294 541 432 614 solet
447 531 729 614 unanimes
748 535 888 614 bello
907 531 1242 614 committere
1263 531 1477 614 fratres,
1495 565 1505 598 ι

163 602 376 672 gemina
405 608 645 680 pestiferi
665 606 873 676 jactare
896 605 1137 680 nncenda
1162 602 1352 680 _veneni

163 683 344 741 Suasit
373 673 427 734 in
457 673 747 734 innocuum
773 675 990 731 caecatis
1011 673 1280 728 mentibus
1299 685 1487 726 omnes

163 753 395 824 saevire,
411 756 471 824 et_
490 745 719 824 famulos
741 745 1020 824 _dominum
1043 743 1312 824 trucidare
1331 747 1624 824 potentem.

162 823 288 879 Dira
310 813 505 887 animis
528 818 718 887 illapsa
741 815 859 869 lues
883 824 938 887 et
970 813 1215 868 sensibus
1239 813 1425 887 haesit,

162 891 323 947 Virus
346 883 658 959 pestiferum
684 884 932 959 concepit
955 891 1143 954 pectus
1166 883 1440 959 anhelum,

161 953 387 1033 insidias
407 973 637 1033 posuere
661 956 780 1010 viro
804 953 1427 1033 mortemque-parabant

159 1030 383 1102 l_nsonti,
407 1021 726 1102 tristemque
748 1039 935 1079 necem
963 1021 1114 1091 plebs
1138 1021 1307 1102 impia
1327 1021 1448 1102 telis
1484 1090 1496 1102 ι

161 1092 442 1172 Pastorem
461 1098 516 1151 in
545 1092 1066 1172 propriumseseqne
1082 1092 1316 1172 armavit
1333 1092 1550 1172 iniquis.
1602 1163 1604 1165 n

162 1171 301 1242 Dum
321 1161 844 1242 solitum-transisset
862 1163 966 1242 iter
999 1162 1281 1242 Leonpapa
1302 1161 1571 1242 benignus

161 1240 230 1295 Et
253 1253 408 1309 sacra
433 1236 689 1291 Laurenti
723 1239 930 1309 peteret
951 1233 1086 1302 pede
1103 1231 1294 1309 _limina
1328 1231 1520 1309 sancti,
1652 1297 1664 1309 ο

163 1309 323 1366 Plebs
364 1307 583 1361 demens
620 1301 965 1375 populusque
980 1301 1233 1356 vecthros
1259 1312 1286 1341 ι
1307 1301 1734 1442 ωειιαμςὲἶὶῗιέιι-

1470 1384 1663 1426 ventus

160 1446 414 1503 Fustibus
431 1451 486 1499 et
513 1442 703 1514 gladiis
728 1441 946 1497 nudatis
976 1442 1194 1514 ensibus
1224 1440 1400 1514 omnis

161 1517 323 1572 irruit
343 1517 399 1570 in
427 1509 697 1569 summum
719 1519 995 1582 pastorem
1015 1513 1173 1566 turba
1198 1509 1449 1582 tumultu,

162 1587 316 1643 Caeca
339 1585 544 1647 furens,
571 1579 750 1636 subito
775 1583 907 1636 diris
942 1589 1213 1637 commota
1231 1579 1502 1650 procellis,

163 1656 333 1711 Sacra
366 1652 665 1708 sacerdotis
686 1653 972 1720 torquebat
994 1649 1247 1706 membra
1263 1649 1487 1719 flagellis
1503 1688 1518 1713 ,

164 1723 422 1820 pniuspin
457 1736 642 1803 casu"!
663 1721 1527 1820 ωυΞῬητ.“η“.ἶ.ῗ.³ῗΥ-ίὶ.¹ἓὲἓίι¹ἒηλο....η
1761 1754 1815 1820 Β

161 1794 458 1851 Carnifices
492 1791 733 1862 geminas
763 1798 1042 1862 traxerunt
1059 1791 1238 1846 fronte
1264 1790 1561 1862 fenestras,

162 1865 238 1920 Et
262 1859 842 1919 celerem'abscindunt
877 1861 1114 1916 lacerato
1141 1876 1369 1931 corpore
1388 1859 1643 1929 linguam.

163 1934 485 1990 Pontificem
514 1939 724 1986 tantum
761 1946 879 1986 sese
910 1931 1204 1987 extinxisse
1233 1931 1457 2000 putabat

161 2003 324 2080 ljlebs
347 2003 546 2073 pietate
574 2016 766 2080 carens
787 2002 1025 2080 atrisque
1051 1999 1520 2080 infecta_venenis;

164 2073 276 2129 Sed
312 2067 504 2128 manus
550 2071 691 2126 alma
739 2072 911 2142 patris
936 2067 1124 2129 'oculis
1151 2067 1735 2210 medicaminaﬁdgn-

1560 2152 1668 2208 pus

161 2212 377 2285 Obtulit
401 2220 564 2285 atque
598 2227 739 2271 novo
763 2212 1035 2285 reparavit
1060 2211 1264 2285 lumine
1289 2210 1516 2264 vultum.

161 2283 612 2363 Qraperegrinos
645 2283 966 2363 stupuerunt
990 2283 1184 2363 pallida
1212 2284 1380 2363 visus,

161 2349 479 2423 Explicatet
492 2352 719 2407 celerem
734 2349 1101 2423 truncata—que
1120 2352 1300 2423 lingua
1329 2349 1617 2423 loquelam.

162 2421 301 2478 Cum
321 2421 484 2476 sociis
509 2437 732 2491 magnus
760 2421 1101 2493 paucisfugit
1124 2421 1246 2477 inde
1269 2421 1520 2493 sacerdos

161 2493 318 2547 Clam
338 2499 524 2561 petere
556 2489 812 2547 auxilium
843 2489 1161 2561 Spolitinam
1198 2491 1369 2544 tendit
1397 2490 1464 2544 ad
1492 2489 1701 2544 urbem.

160 2561 208 2619 Α
236 2562 383 2616 Duce
408 2577 530 2615 cum
558 2577 752 2630 magno
782 2562 841 2616 ﬁt
862 2562 952 2616 hic
978 2568 1256 2630 susceptus
1282 2561 1489 2614 honore

163 2631 455 2701 Winigiso,
480 2639 535 2686 et
561 2628 746 2687 multis
769 2631 1074 2686 cumulatus
1093 2628 1151 2685 in
1175 2630 1363 2686 ordine
1386 2628 1560 2685 donis.

162 2702 330 2756 Audit
351 2701 556 2755 Italiam
589 2703 784 2757 missos
807 2703 1018 2756 venisse
1043 2701 1231 2756 fideles

164 2771 521 2836 Francorum,
554 2779 608 2827 et
629 2773 842 2827 solitam
874 2771 1131 2827 Romanis
1164 2770 1307 2826 ferre
1341 2769 1569 2824 salutem

164 2840 286 2912 Non
312 2841 564 2912 voluisse,
601 2857 759 2897 suum
781 2843 1036 2912 quoniam
1059 2840 1174 2897 sine
1209 2841 1365 2910 culpa
1397 2846 1671 2912 potentem

166 2911 458 2981 Suppliciis
487 2912 765 2967 dominum
794 2910 1146 2978 cruciassent,
1178 2927 1302 2965 mox
1327 2910 1638 2981 manifestos

164 2981 260 3036 llle
288 2980 475 3037 venire
495 2983 641 3037 viros
664 2983 732 3037 ad
767 2997 824 3038 se
849 2981 1025 3052 jubet,
1049 2989 1210 3052 atque
1238 2981 1314 3034 ita
1341 2980 1444 3052 fari

162 3053 382 3122 Incipit,
422 3060 476 3106 et
501 3059 746 3107 truncata
775 3051 926 3108 brevi
954 3052 1094 3107 infra
1127 3051 1570 3122 linguapalatum

162 3121 346 3177 Cursu
366 3130 482 3176 erat
510 3123 776 3192 placidam
804 3123 1126 3193 depromens
1150 3137 1283 3193 voce
1309 3121 1574 3190 loquelam
1598 3137 1614 3172 :

163 3193 278 3262 Yos
307 3207 407 3262 ego
432 3191 530 3262 per
550 3209 735 3247 caram
762 3191 939 3248 Caroli
961 3192 1184 3261 conjuro
1211 3191 1439 3247 salutem

163 3261 337 3330 Regis
352 3261 418 3314 ut
451 3261 677 3330 ejectum
709 3277 794 3316 me
828 3262 1124 3319 defendetis
1155 3263 1183 3300 ι)
1214 3262 1269 3315 in
1293 3262 1460 3315 armis

160 3330 400 3400 Finibus
425 3345 455 3383 a
488 3333 720 3400 pr0priis
747 3341 802 3386 et
832 3333 976 3388 sedis
1003 3333 1206 3386 honore
1237 3331 1530 3400 repulsum.

161 3348 400 3384 rtnmus
425 3348 455 3383 a
488 3348 586 3399 pro
623 3348 720 3386 rns
747 3348 802 3386 et
832 3348 976 3388 seats
1004 3348 1206 3386 nonore
1237 3348 1530 3400 repulsum.

161 3399 251 3470 Me
282 3414 500 3468 quoque
522 3348 792 3455 vobiscum
817 3404 886 3456 ad
914 3411 1155 3466 vestrum
1184 3402 1390 3455 ducetis
1415 3399 1654 3470 opimum

162 3469 397 3540 (legem,
429 3478 484 3523 et
503 3471 759 3540 praecipui
782 3472 941 3526 liceat
967 3472 1101 3526 mihi
1129 3471 1386 3540 principis
1408 3469 1503 3526 ora

160 3537 423 3608 Cefnere,
459 3537 550 3608 qui
577 3537 727 3606 justo
754 3551 970 3595 nostros
1007 3537 1276 3594 examinet
1303 3537 1458 3596 actus

161 3607 402 3673 Judicio,
439 3617 494 3663 et
520 3611 713 3664 vindex
740 3610 1034 3665 saevissima
1053 3610 1278 3664 verbera
1301 3622 1489 3665 nostra

160 3679 438 3751 Vindicet,
467 3679 692 3751 insignis
715 3679 890 3736 luctus
911 3681 1277 3751 gemitumque
1295 3693 1580 3749 meumque

158 3748 398 3814 Allevet,
424 3747 666 3804 addendo
691 3760 890 3806 nostrae
911 3747 1100 3805 solatia
1128 3747 1272 3805 vitat.

159 3817 314 3900 Ergo
331 3819 500 3900 agite,
528 3827 584 3900 et
606 3827 785 3900 vestua
811 3822 858 3900 si
883 3836 1029 3900 _nunc
1058 3820 1401 3900 mihiugratia
1435 3827 1584 3900 certa
1617 3825 1742 3884 est,

159 3887 393 3959 Eripite
415 3888 500 3944 his
523 3890 702 3959 terris,
731 3892 899 3945 David
923 3905 1008 3945 me
1030 3887 1307 3944 obtutibus
1337 3891 1496 3943 almis

157 3955 507 4028 Praésentate
537 3960 658 4024 viri,
683 3958 799 4028 jam
828 3977 928 4016 nos
954 3974 1103 4014 mora
1131 3960 1277 4014 nulla
1307 3959 1536 4013 tenendo

157 4024 452 4108 impediat,
485 4024 1023 4108 gelidas'superejnus
1046 4029 1550 4108 cursibus_Alpes.__
1598 4094 1610 4108 .

157 4095 294 4169 {hic
319 4099 430 4153 Leo
455 4095 612 4169 papa,
642 4095 837 4156 cohors
875 4100 1205 4155 Francorum
1237 4095 1403 4153 mixta
1434 4095 1642 4151 Latinis

157 4167 472 4242 Qbstupuit’
485 4167 711 4242 Domino
731 4180 913 4242 grates
934 4171 1228 4242 laudesque
1251 4170 1550 4238 rependens

159 4237 268 4308 Qui
301 4237 444 4294 nova
467 4240 707 4308 pontifici
730 4237 985 4296 Eeddebat
1012 4237 1213 4293 lumina
1237 4237 1466 4303 summo,

159 4305 232 4379 Et
260 4305 605 4379 desperatam
635 4312 901 4365 condebat
929 4311 984 4364 in
1006 4325 1100 4363 ore
1127 4310 1414 4379 loquelam.

156 4377 232 4432 At
253 4377 487 4434 Gerinar
506 4388 692 4434 contra
714 4381 949 4435 breviter
970 4381 1048 4434 sic
1071 4377 1292 4434 vocibus
1313 4394 1460 4442 usus,

1345 279 1586 342 suam
1616 278 1706 344 III.
1741 262 1816 326 έ-
1850 277 2164 341 POETICA.

1745 411 1798 474 Α
1820 391 1942 474 iam
1962 391 2160 474 dudum
2179 399 2239 474 Aet
2259 390 2492 474 celerem
2515 401 3012 474 recreantem_voce
3031 392 3328 466 loquelam.

3255 277 3406 338 1449.

1825 463 1950 538 iter
1966 462 2087 538 pius
2115 463 2321 538 interea
2345 463 2578 534 gelidum
2600 467 2970 538 transnavigat
2989 462 3204 538 amu—em

1822 531 1992 606 David
2014 535 2252 606 spumosi
2274 531 2538 606 superans
2560 551 2696 606 vaga
2723 531 2921 592 (κει-ιιιί
2944 536 3122 592 Rheni

1820 602 2071 676 Armatas
2098 602 2243 657 acies
2271 602 2414 658 inter
2436 602 2748 676 primosque
2773 615 3028 663 coruscat

1821 670 2037 744 ,ξι-ὁπως
2058 686 2207 726 arma
2233 670 2460 744 tenensg
2473 670 2744 744 equitatus
2767 678 2972 733 vertice
3001 681 3115 734 toto

1824 741 2126 815 Exsuperat
2157 743 2404 815 comites,
2435 741 2704 815 fulgentes
2723 762 2830 801 aere
2851 755 3085 803 caterva:

1832 809 2075 888 gndique
2096 809 2644 888 collectmproperant
2675 823 2838 885 atque
2859 817 3074 888 agmina
3088 813 3324 888 jungunt

1827 879 1963 959 Cum
1989 879 2206 934 fremitu
2231 879 2401 959 varie,
2441 879 2560 939 sese
2588 893 2642 940 et
2669 879 2848 955 stupet
2875 879 3046 959 inscia
3074 879 3254 953 tellus,

1826 949 2068 1022 Loricas,
2104 964 2282 1016 enses,
2313 953 2511 1022 galeas,
2553 961 2633 1010 tot
2662 949 2815 1011 scuta
2843 958 3083 1012 virorum

1826 1019 1907 1096 ne
1927 1032 2188 1096 concussa
2214 1019 2409 1096 tremet
2429 1023 2457 1061 ἀ
2487 1019 2587 1079 Sub
2614 1034 2761 1080 tanto
2787 1029 3024 1096 pondere
3052 1025 3200 1081 ferri.

1829 1089 2028 1162 Yastns
2050 1086 2118 1142 ad
2145 1089 2566 1162 astrafrequens
2597 1086 2910 1150 conscendit
2935 1097 3160 1162 clamor,
3192 1103 3248 1153 et
3269 1097 3404 1153 echo

1830 1159 2074 1229 Bupibus
2101 1172 2134 1229 e
2157 1158 2348 1228 gelidis
2373 1158 2569 1218 saxoso
2595 1179 2627 1216 a
2654 1174 2837 1219 monte
2868 1167 3112 1221 resultat.

1830 1227 1931 1304 Est
1949 1228 2101 1304 locus
2123 1227 2351 1304 insignis
2379 1245 2484 1298 quo
2513 1232 2670 1304 Patra
2701 1243 2756 1287 et
2776 1234 2940 1304 Lippa
2964 1236 3242 1302 ﬂuentant,

1829 1298 1984 1375 {ultus
2005 1307 2060 1352 et
2088 1297 2142 1350 in
2171 1297 2316 1375 nudo
2345 1297 2532 1375 came
2549 1301 2694 1375 jacet
2719 1297 2954 1375 undi-que
2978 1305 3127 1375 largo

1833 1367 2070 1422 Vestitus
2092 1368 2285 1435 spatio,
2315 1367 2564 1424 celso‘de'
2575 1372 2710 1426 colle
2736 1367 2907 1427 videri

1833 1436 2082 1510 ljamque
2106 1446 2286 1508 potest
2305 1439 2444 1509 legio
2463 1442 2659 1510 omnis,
2691 1451 2744 1495 et
2765 1443 2890 1498 hinc
2918 1441 3190 1498 exercitus
3210 1442 3410 1510 omnis,

1833 1505 2025 1564 Castra
2053 1505 2250 1563 ducum
2276 1517 2332 1564 et
2354 1505 2612 1564 comitum
2641 1505 3017 1582 radiantiaque
3059 1528 3210 1566 arma
3257 1505 3411 1582 viro;

3269 1597 3410 1637 rum.

1835 1646 1955 1720 Huc
1982 1646 2208 1720 Carolus
2229 1648 2413 1720 multis
2440 1650 2673 1720 stipatus
2697 1651 2937 1707 millibus
2964 1652 3127 1708 heros
3157 1710 3169 1715 ..
3244 1581 3267 1656 [

1835 1716 2087 1789 Advenit,
2111 1727 2165 1774 et
2193 1719 2410 1775 tandem
2430 1716 2586 1789 juvat
2615 1722 2706 1777 hic
2733 1721 3023 1777 succedere
3057 1721 3233 1779 tectis.

1841 1786 2033 1861 _Missus
2056 1789 2334 1860 apostolici
2364 1786 2597 1861 regalem
2618 1792 2788 1846 tendit
2810 1793 2877 1846 ad
2903 1793 3099 1846 aulam.

1841 1857 2052 1934 l_nter_e_a
2075 1857 2130 1913 et
2150 1875 2419 1934 summum
2428 1857 2752 1934 'm_anifestat
2773 1863 2968 1934 quippe
2982 1863 3173 1934 venire

1837 1927 2154 1998 Pontilicem
2179 1930 2459 1998 expulsum
2486 1930 2728 1987 Romana
2755 1927 2943 1987 a'se'd'e
2967 1933 3204 1988 Leonem

1837 1997 2059 2054 Civibus
2086 2015 2118 2053 a
2145 1997 2380 2068 propriis
2404 2009 2459 2054 et
2487 2008 2567 2054 tot
2590 2003 2850 2058 tolerasse
2877 2012 3122 2058 recenset

1838 2069 2098 2144 Xerbera,
2143 2085 2577 2144 commemorans
2608 2075 2908 2144 extinctum
2943 2074 3143 2128 lumine
3180 2073 3413 2144 vultum,

1837 2137 2035 2214 δεῖται
2061 2140 2432 2214 et_abscissam
2455 2141 2657 2209 liquido
2679 2144 2746 2199 de
2769 2151 2984 2214 gutture
3010 2144 3268 2214 linguam,

1836 2207 1992 2264 Nunc
2015 2210 2320 2266 medicante
2347 2212 2456 2266 Deo
2485 2207 2754 2279 sanatum,
2770 2207 2847 2268 'et
2873 2216 2942 2269 ab
2963 2207 3213 2268 omnibus
3240 2207 3362 2270 istis

1835 2279 1970 2352 Esse
1994 2280 2168 2352 malis,
2200 2280 2396 2352 animis
2419 2290 2597 2352 stupet
2620 2283 2736 2352 ipse
2762 2285 3033 2339 exercitus
3059 2285 3256 2340 omnis.

1833 2349 2030 2403 Audita
2055 2359 2112 2403 et
2129 2350 2354 2405 Carolus
2384 2349 2670 2408 recolendo
2689 2356 2897 2410 somnia
2918 2362 3065 2410 retro

1835 2417 2105 2496 Brzeteriti
2132 2420 2337 2496 indicio
2363 2437 2660 2496 agnoscens
2685 2426 2912 2496 vestigia
2939 2425 3110 2491 visus,

1837 2489 1952 2561 [Ioc
1969 2487 2089 2561 fore
2114 2505 2223 2561 non
2251 2487 2462 2545 dubitat
2495 2494 2637 2561 quod
2665 2487 2854 2550 tristes
2889 2487 3110 2549 fundere
3136 2491 3295 2551 ﬂetus

1836 2557 2156 2630 ξοηιίῌοοω
2187 2560 2242 2613 in
2271 2561 2476 2615 somnis
2497 2557 2612 2630 jam
2637 2564 2837 2619 dudum
2861 2565 2994 2618 vidit
3020 2565 3286 2619 eumdem.

1839 2629 1977 2704 yinc
1997 2627 2152 2704 jubet
2181 2631 2452 2704 extemplo
2472 2627 2720 2704 Pipinum
2744 2649 3028 2689 occurrere
3049 2649 3244 2704 magno

1839 2695 2079 2772 ljastori,
2105 2713 2294 2768 pacem
2316 2695 2656 2772 et’placidam
2676 2714 2895 2772 portare
2917 2695 3167 2759 salutem:

1843 2767 2044 2840 vaius
2067 2767 2146 2823 ire
2170 2778 2324 2838 parat
2347 2767 2605 2840 genitoris
2623 2767 2775 2840 ju—ssa
2801 2774 3075 2829 facessens

1842 2838 2065 2907 Pipinus
2093 2848 2308 2894 centum
2331 2838 2484 2897 lintus
2511 2838 2636 2896 cum
2657 2842 2892 2896 millibus
2913 2843 3011 2896 ibit
3039 2855 3084 2897 ο.

1845 2909 1964 2978 Ipse
1988 2909 2139 2964 sedet
2161 2909 2296 2966 solio
2321 2910 2544 2966 Carolus
2569 2911 2857 2979 rex’justus
2883 2911 2937 2965 in
2967 2912 3074 2967 alto

1847 2980 1992 3060 Daris
2025 2979 2168 3060 leges
2190 2980 2403 3060 patriis,
2427 2983 2656 3060 et_regni
2685 2982 2890 3038 foedera
2913 2981 3114 3060 firmat.

1850 3049 2027 3123 ptque
2055 3049 2205 3104 videt
2229 3051 2412 3123 patulo
2445 3049 2726 3107 adversum
2753 3068 2811 3108 se
2839 3054 3060 3108 tendere
3088 3066 3280 3123 campo

1770 3108 1818 3172 ο
1844 3108 2039 3174 Pastor
2062 3108 2387 3189 apostelicus
2411 3130 2624 3178 centum
2651 3139 2773 3178 cum
2804 3123 3042 3178 millibus
3067 3108 3234 3178 altuni

1842 3189 2113 3262 Pipinum,
2129 3191 2384 3262 geminas
2405 3195 2645 3247 extendit
2667 3194 2734 3248 ad
2758 3195 2961 3248 aethera
2993 3194 3220 3262 palmas,

1842 3259 1950 3334 [fro
1979 3259 2282 3334 populoque
2307 3277 2496 3330 preces
2522 3263 2802 3318 effundens
2830 3259 3048 3334 pectore
3072 3264 3274 3333 largas.

1840 3329 1981 3384 Ante
2000 3329 2338 3386 sacerdotem
2369 3340 2450 3387 ter
2477 3349 2747 3388 summum
2779 3329 3046 3390 ex'ercitus
3071 3329 3248 3388 omnis

1843 3399 2136 3474 _S_tern_itur,
2161 3409 2217 3454 et
2234 3403 2459 3473 supplex
2482 3403 2672 3474 vulgus
2700 3412 2781 3460 ter
2807 3403 2962 3459 fusus
2989 3405 3204 3459 adorat.

1843 3468 1971 3544 ἒ-ίοιιΔ
1989 3470 2099 3544 Leo
2133 3485 2271 3539 papa
2290 3468 2409 3544 selo
2434 3468 2685 3544 Pipin'um
2711 3489 2860 3544 more
2886 3474 3119 3544 benigno

1842 3538 2057 3609 Excipit
2079 3549 2135 3593 et
2162 3538 2333 3596 sacris
2358 3538 2700 3598 circumdans
2732 3543 2869 3598 colla
2891 3538 3130 3607 lacertis,

1843 3608 2024 3684 βίω-ει
2049 3611 2106 3664 in
2139 3611 2388 3681 amplexu
2415 3614 2617 3684 diuque
2637 3614 2848 3684 placida
2866 3613 3049 3670 oscula
3078 3613 3254 3670 libens
3277 3611 3326 3669 ί.

1842 3679 1901 3754 l_t_
1923 3695 2124 3754 comes,
2148 3690 2204 3736 et
2225 3679 2388 3754 supra
2409 3699 2468 3739 se
2490 3679 2701 3739 confert
2724 3685 2930 3740 vertice
2955 3692 3070 3740 toto

1842 3748 2087 3828 i’ipinus,
2121 3748 2308 3828 varias—
2320 3756 2550 3828 miscent
2576 3770 2826 3811 sermone
2845 3756 3106 3828 loquelas,

1844 3819 2011 3892 inque
2035 3821 2210 3878 vicem
2249 3824 2461 3879 diversa
2484 3824 2663 3878 levant
2682 3839 2800 3892 pro.
2829 3864 2844 3878 .
2874 3864 2888 3878 .
2916 3819 2937 3879 ἷ
2965 3865 2980 3880 .
3014 3865 3028 3878 .
3058 3829 3084 3867 8

1846 3889 1962 3944 Rex
1986 3892 2106 3959 pius
2134 3892 2342 3945 interea
2375 3893 2568 3947 solium
2593 3889 3014 3957 conscendit,.et
3037 3907 3252 3948 omnem

1844 3959 2151 4026 Alloquitur
2177 3961 2433 4027 populum
2455 3960 2682 4014 Carolus
2703 3963 3028 4017 venerabilis
3057 3963 3218 4015 heros
3241 3973 3256 4012 :

1848 4030 1989 4098 Ergo
2015 4029 2181 4098 agite,
2213 4044 2246 4098 ο
2272 4043 2545 4098 proceres,
2590 4031 2782 4097 inquit,
2826 4032 3021 4098 quibus
3060 4028 3254 4083 induiti
3277 4042 3430 4088 arma

1846 4097 1941 4154 ire
1956 4099 2090 4153 estis
2110 4097 2254 4153 soliti
2276 4097 2352 4153 ad
2375 4099 2574 4154 bellum
2596 4097 2932 4169 Martemque
2958 4113 3211 4155 severum

1849 4169 2101 4242 Tentare,
2133 4169 2382 4242 et_crudo
2415 4177 2626 4224 vosmet
2644 4169 2916 4224 confidere
2943 4184 3151 4242 pugno;

1849 4239 2098 4294 Pontifici
2127 4238 2288 4311 celeri
2309 4255 2470 4294 cursu
2494 4255 2842 4311 occurremus
2872 4238 3074 4311 opimo.

1853 4311 1952 4366 Vix
2012 4311 2126 4365 haec
2179 4310 2315 4364 dixit
2361 4311 2562 4375 heros,
2607 4309 2789 4364 fremit
2842 4309 3079 4379 undique
3129 4309 3287 4363 turba
3331 4313 3429 4379 _tuo

3214 4377 3432 4454 [ωαιιη.

154 4448 308 4522 Lux,
341 4449 505 4502 decus
526 4451 799 4522 egregium
820 4450 1158 4522 p0pulorum,
1183 4450 1363 4522 lumen
1385 4461 1679 4522 amugnum,
1750 4448 1834 4510 'D
1859 4450 1986 4522 Tela
2017 4464 2180 4504 manu
2207 4450 2488 4520 glomerat,
2515 4467 2641 4507 mox
2669 4449 2972 4522 loricasque
2995 4451 3206 4509 trilices

152 4516 368 4572 Pastor
387 4516 712 4582 apostolicus
736 4516 1074 4575 venerandus
1099 4521 1157 4574 in
1185 4521 1316 4575 orbe
1341 4518 1592 4574 sacerdos

150 4588 241 4658 Ie
269 4583 532 4636 mandare
557 4586 710 4658 decet
736 4589 1078 4658 quidcunque
1101 4590 1157 4643 in
1176 4589 1337 4645 corde
1357 4589 1584 4653 volutas,

149 4656 278 4728 plus
304 4666 500 4728 parere
527 4653 633 4728 tuis
662 4653 878 4728 fas—est,
901 4653 1055 4728 pater
1083 4660 1304 4728 optime,
1327 4658 1514 4726 jussis.

149 4721 430 4797 l_nde_iter
454 4723 718 4797 incipiunt
735 4721 871 4797 _laati
884 4721 1192 4797 rapidisque
1218 4721 1396 4782 metiri

153 4791 446 4868 fassibus,
479 4793 706 4863 Augusti
726 4795 880 4868 juvat
907 4791 985 4868 ire
1014 4798 1082 4851 ad
1102 4791 1293 4851 limina
1315 4798 1515 4868 magni,

157 4860 426 4919 Dilliciles
455 4860 663 4918 tentare
690 4860 825 4930 vias,
855 4866 1152 4934 callemque
1175 4860 1421 4921 severuni

157 4935 404 5005 _Vincere
438 4934 688 4988 certatim
717 4936 928 4990 diversa
957 4949 1054 5004 per
1081 4937 1274 5005 oppida
1303 4946 1553 5005 pergunt.

157 5001 470 5075 innumera:
497 5014 791 5059 occurrunt
824 5001 1024 5075 passim
1051 5001 1133 5060 ad"
1151 5001 1461 5075 spectacula
1492 5009 1681 5074 turbae,

157 5071 452 5144 Pontificis
481 5089 666 5128 sacras
693 5071 989 5143 gaudentes
1011 5071 1249 5130 lambere
1275 5076 1505 5144 plantas,

159 5141 445 5221 ulultaque
465 5141 727 5221 praeterea
751 5144 1088 5221 cumulantes
1112 5141 1336 5221 munera
1359 5154 1578 5221 portant

159 5210 230 5280 Et
254 5210 438 5280 capite
467 5211 522 5265 in
548 5215 716 5268 veteri
744 5215 891 5269 visus
920 5216 1188 5269 cernendo
1217 5210 1456 5270 novellos

160 5273 493 5349 Obstipeant
516 5293 564 5347 ο,
594 5283 938 5353 linguamque
959 5284 1107 5354 loqui
1133 5285 1401 5339 mirantur
1425 5287 1751 5358 ademptam,

234 5426 264 5456 α
307 5413 446 5485 Leg.
477 5431 653 5472 vecors
678 5458 694 5483 ,
732 5432 834 5473 nec
872 5417 1037 5473 refert
1077 5419 1220 5488 quod
1251 5417 1390 5473 ratio
1437 5421 1757 5489 quantitatis

163 5491 442 5625 repugnat
466 5501 669 5624 dq’nardn
694 5489 805 5610 (iste
839 5504 948 5545 non
969 5489 1104 5555 adeo
1133 5489 1386 5573 religiose
1409 5491 1681 5554 observat.

428 5593 442 5607 .
504 5573 531 5609 ε
557 5573 620 5610 en
660 5576 690 5610 a
716 5575 778 5612 ts.

428 5593 442 5607 .
466 5573 778 5612 aclenaaus.

239 5635 267 5696 ’ξ
298 5623 487 5696 Forte,
517 5623 842 5696 ebstupeant.

236 5694 265 5734 ιι
295 5695 455 5765 Leg.,
491 5694 684 5751 tremit.

1855 4521 1923 4575 Et
1953 4520 2089 4576 latos
2110 4521 2346 4592 clypeos,
2379 4523 2662 4592 galeasque
2687 4530 2744 4593 et
2769 4520 2972 4592 spicula
2996 4521 3154 4593 pelta:

1855 4593 2069 4645 Aerataa
2090 4601 2377 4658 resonant;
2415 4593 2562 4648 acies
2588 4594 2714 4647 hinc
2736 4592 2861 4649 inde
2880 4592 3132 4648 videntur

1855 4660 1939 4734 l_re
1960 4662 2436 4734 equitum,sparso
2456 4663 2774 4734 nigrescunt
2799 4664 3019 4734 pulvere
3046 4663 3239 4729 nubes,

1857 4731 1924 4806 Et
1953 4733 2078 4806 tuba
2101 4732 2314 4806 lugubri
2340 4731 2734 4806 medio'strepit
2763 4731 2958 4806 aggere
2984 4746 3137 4800 voce,

1858 4800 2095 4874 Classica
2121 4802 2273 4873 signa
2303 4812 2519 4874 sonant,
2547 4800 2722 4873 campi
2746 4800 3043 4860 densantur
3066 4803 3241 4874 aperti

1858 4870 2104 4944 égmine,
2137 4870 2391 4928 cristatus
2421 4870 2695 4944 fulgetque
2724 4877 2995 4930 exercitus
3018 4870 3223 4937 omnis;

1859 4941 1988 5011 Tela
2014 4943 2236 5008 micant,
2260 4945 2466 5011 pariter
2492 4941 2689 4999 vexilla
2714 4945 2890 4999 levata
2915 4950 3220 5005 coruscant,

1855 5009 2066 5082 Armati
2095 5009 2586 5082 inceduntjuvenes
2607 5023 2660 5068 et
2686 5013 2822 5066 freta
2836 5014 3089 5082 juventus

1857 5081 2068 5153 Gaudet
2090 5085 2266 5153 equis,
2305 5076 2480 5138 siccus
2505 5081 2760 5153 fervescit
2777 5076 2850 5153 _in'
2870 5081 3083 5153 ossibus
3110 5076 3272 5153 ardor

1854 5147 2237 5215 AudiendiIac
2257 5153 2482 5208 Carolus
2511 5149 2687 5203 medio
2715 5151 2881 5204 micat
2906 5149 3118 5218 agmine
3148 5147 3322 5212 laetus,

1855 5221 2034 5290 Aurea
2061 5222 2228 5274 crista
2259 5222 2390 5290 tegit
2411 5220 2664 5284 frontem,
2697 5227 2752 5273 et
2776 5217 3094 5290 conspectus
3119 5218 3173 5271 in
3199 5217 3372 5277 armis

1858 5288 2067 5360 Fulget,
2091 5304 2230 5360 equo
2253 5287 2458 5362 ingenti
2485 5297 2732 5361 portatur
2757 5287 2950 5342 ductor
2972 5288 3206 5357 opimus.

1935 5433 1958 5462 ο
1985 5421 2144 5493 Leg.,
2164 5425 2274 5479 ivit.

1939 5493 1960 5532 ἲ
1991 5494 2120 5558 Leg.
2133 5535 2147 5558 ,
2173 5494 2360 5548 libans.

1938 5566 1963 5603 Β
1990 5556 2260 5628 (Ξοᾶζιηε.
2299 5562 2494 5632 habet:
2517 5576 2755 5632 propteps
2777 5570 2961 5616 mnata
2988 5558 3174 5628 umbo;
3192 5557 3341 5618 forte
3363 5556 3441 5626 Io-

1862 5634 2097 5703 gendum
2124 5652 2138 5688 :
2171 5631 2488 5703 problemata
2515 5630 2686 5686 uerbo.
