3992 6172
607 232 749 295 ιιι-ι

1511 219 1608 278 AD
1645 216 1874 278 OPERA
1911 216 1973 272 Β.
2013 213 2266 272 CAROLI
2301 211 2520 271 MAGNI
2556 207 2926 268 APPENDIX.

3725 212 3863 273 1448

1804 553 1806 555 ἓ
1986 465 2470 547 ΑΒΒΕΝΠΑ

1252 634 1366 698 AD
1404 633 1477 694 B.
1517 625 1827 711 ,ΕΑΒοΠ
1868 623 2126 687 MAGNI
2167 621 2642 686 DIPLOMATA
2698 619 3218 687 AUTHENTICA

1581 777 1749 848 QUIE
1785 775 1880 834 AD
1914 773 2186 832 PARTES
2219 771 2473 829 ITALIIE
2515 769 2896 831 SPECTANT.

1373 1019 1416 1074 Ι.

611 1168 896 1239 animum
915 1151 1298 1239 σατοιεμςισηξ
1320 1137 2186 1239 Ρφιίετιθρνξξνέειῖεξεῖφηέὶἐεεῐῖ

683 1213 952 1293 ih'zé'é'zéro
979 1213 1294 1296 Aquileiensi
1316 1213 1585 1276 servanda'
1603 1218 1658 1272 in
1687 1213 1931 1270 electione
1957 1213 2188 1280 patriar-

684 1309 924 1364 charum.

1217 1386 1390 1459 (Anno
1430 1379 1580 1451 792.)

682 1483 909 1567 Carolus
951 1503 1126 1578 gratia
1162 1499 1260 1556 Dei
1299 1512 1396 1552 rex
1417 1494 1754 1550 Francorum
1793 1491 1848 1542 et
1879 1479 2192 1550 Longohar-

611 1602 803 1659 dorum
822 1640 838 1666 ,
874 1613 938 1654 ac
964 1593 1223 1668 patricius
1243 1591 1628 1646 Romanorum.

685 1711 744 1768 Si
769 1708 1075 1782 petionibus
1098 1701 1440 1760 sacerdotum
1460 1707 1740 1752 servorum
1765 1688 1884 1756 Dei,
1900 1687 1956 1744 in
1975 1699 2082 1756 quo
2098 1698 2195 1740 ιιο⁴

613 1803 741 1860 stris
755 1799 974 1857 auribus
995 1795 1213 1852 fuerunt
1232 1789 1475 1862 prolatae,
1491 1786 1720 1840 libenter
1732 1782 2191 1848 obtemperamus,

613 1903 670 1951 et
682 1909 775 1951 eas
796 1894 852 1948 in
873 1889 970 1946 Dei
996 1885 1212 1943 nomine
1233 1881 1302 1937 ad
1331 1879 1580 1936 etl‘ectum
1602 1872 1973 1946 producimus,
1990 1866 2194 1938 regiam

615 1981 1056 2043 consuetudinem
1079 1985 1410 2035 exercemus,
1436 1977 1491 2022 et
1513 1968 1618 2022 hoc
1650 1963 1805 2020 nobis
1838 1959 1907 2015 ad
1931 1955 2195 2014 mercedis

615 2081 963 2147 augmentum
983 2084 1079 2125 seu
1099 2067 1169 2122 ad
1188 2061 1541 2120 stabilitatem
1570 2066 1859 2125 regnorum
1883 2055 2195 2147 nostrorum

613 2135 886 2240 pertinere
906 2161 1244 2220 confidimus.
1274 2155 1443 2225 Igitur
1473 2156 1659 2206 notum
1685 2145 1757 2240 sit
1780 2140 2030 2240 omnibus

616 2227 758 2317 libus
787 2254 987 2312 nostris
1011 2249 1367 2323 praesentibus
1395 2243 1602 2300 scilicet
1628 2245 1683 2294 et
1707 2233 1933 2297 futuris,
1953 2227 2198 2323 qualiter

2210 1007 2263 1068 Α
2287 1019 2451 1074 supra
2487 1003 2783 1059 servientes
2813 1003 2927 1072 jam
2955 1003 3081 1060 fatae
3122 1004 3414 1073 Ecclesiae;
3449 1009 3866 1072 mansionatioos

2286 1096 2373 1151 vel
2395 1095 2608 1150 foderos
2627 1095 2807 1149 nullus
2837 1095 3033 1150 audeat
3064 1097 3353 1166 providere
3381 1107 3475 1154 aut
3496 1103 3741 1160 exaitare
3767 1106 3866 1161 ullo

2288 1199 2529 1254 unquam
2556 1191 2799 1253 tempore
2827 1201 2841 1236 :
2875 1193 3102 1253 excepto
3121 1185 3167 1240 si
3190 1187 3420 1252 venerit,
3449 1190 3596 1258 quod
3620 1207 3721 1248 nos
3752 1192 3863 1263 ipsi,

2289 1281 2384 1328 aut
2423 1272 2651 1328 dilectus
2689 1272 2832 1326 filius
2861 1281 3046 1327 noster
3065 1273 3313 1344 Pipinus,
3349 1277 3435 1332 vel
3477 1280 3658 1350 regale
3683 1285 3866 1352 praesi-

2288 1356 2437 1411 dium
2458 1363 2680 1427 propter
2717 1355 3104 1426 impedimenta
3120 1357 3477 1428 {inimicorum
3502 1364 3747 1432 partibus
3770 1365 3867 1420 Fo-

2291 1446 2705 1516 rojuliensibus,
2755 1455 2849 1500 aut
2897 1447 2952 1501 in
3007 1447 3117 1502 ﬁne
3177 1449 3479 1507 Tarvisiani
3525 1455 3862 1512 advenerim.

2291 1536 2446 1592 Tunc
2466 1543 2688 1606 propter
2709 1536 3048 1592 necessitatis
3065 1552 3306 1610 causam,
3327 1540 3375 1595 si
3393 1542 3686 1611 contigerit,
3712 1560 3868 1598 mau-

2291 1625 2474 1680 siones
2511 1623 2758 1678 homines
2789 1623 2965 1679 nostri
3014 1625 3214 1681 ibidem
3261 1629 3550 1698 accipiant.
3581 1631 3642 1684 ln
3668 1633 3866 1703 reliquo

2292 1726 2425 1770 vero
2451 1714 2498 1769 si
2523 1714 2578 1768 in
2603 1713 2813 1768 Verona
2835 1721 2891 1767 et
2915 1713 3180 1780 Vicentia,
3210 1725 3302 1770 aut
3327 1717 3381 1770 in
3411 1718 3744 1789 longioribus
3763 1722 3867 1776 ﬁui-

2293 1810 2396 1866 bus
2418 1808 2744 1873 resederiut,
2785 1815 2847 1861 ut
2882 1823 3045 1878 supra
3074 1807 3169 1862 fati
3211 1824 3418 1874 sumus,
3449 1811 3595 1865 omni
3638 1819 3872 1882 tempore

2272 1911 2392 1971 'pcr
2417 1899 2684 1956 mercedis
2703 1908 2905 1954 nostra:
2928 1908 3273 1969 augmentum
3300 1900 3395 1954 ﬁat
3416 1901 3687 1956 indultum
3713 1911 3870 1973 atque

2295 2005 2631 2045 concessum.
2661 1989 2730 2043 Et
2764 1995 2825 2042 ut
2849 1989 2967 2044 haec
3003 1990 3292 2045 auctoritas
3330 1992 3560 2046 ﬁrmiter
3589 1993 3868 2056 habeatur,

2296 2087 2351 2134 et
2391 2079 2660 2134 diuturnis
2701 2078 3033 2148 temporibus
3076 2078 3266 2133 melius
3312 2088 3671 2135 conservetur
3718 2097 3873 2134 manu

2296 2168 2514 2239 propria
2558 2167 3104 2235 subterﬁrmavimus,
3134 2175 3188 2222 et
3224 2167 3290 2223 de
3320 2169 3520 2224 annulo
3543 2170 3778 2238 proprio
3815 2169 3880 2224 si-

2299 2260 2475 2331 gillari
2495 2258 2778 2328 iussimus.

615 2349 701 2404 vir
729 2342 1051 2403 venerabilis
1080 2339 1337 2396 Paulinus
1361 2339 1564 2433 ξθιξοιίθ
2017 2315 2196 2433 cf}?
2223 2370 2275 2433 Β
2299 2315 2330 2331 υ
2369 2315 2534 2408 Facta
2559 2345 2731 2424 pridie
2749 2351 2925 2408 Nonas
2950 2349 3171 2422 Augusti
3195 2362 3337 2404 anno
3359 2362 3493 2404 xxxv
3520 2355 3578 2404 et
3603 2364 3705 2404 xxx
3729 2352 3882 2421 regni

615 2438 712 2496 sia:
739 2434 1046 2508 patriarcha
1065 2471 1082 2496 ,
1111 2443 1231 2498 quae
1251 2433 1335 2481 est
1362 2425 1419 2477 in
1447 2408 2199 2508 honorcsanctaanDeiogeItG-
2223 2408 2275 2433 ‘”
2298 2443 2492 2500 nostri.

619 2494 772 2582 tricis
796 2494 1112 2593 semperque
1128 2494 1360 2585 virginis
1379 2511 1580 2572 Mariae,
1595 2503 1679 2560 vel
1699 2499 1870 2558 sancti
1883 2496 2030 2552 Petri
2046 2494 2198 2593 priu-

617 2616 754 2687 cipis
775 2584 1156 2684 apostolorum,
1176 2584 1290 2662 sive
1313 2600 1487 2658 sancti
1513 2595 1678 2652 Marci
1707 2595 2017 2687 constructa
2032 2625 2048 2653 ,
2083 2584 2199 2687 cle-

618 2679 880 2763 mentiam
908 2700 1060 2772 regni
1090 2696 1261 2754 nostri
1300 2692 1476 2763 petiit,
1503 2697 1562 2743 ut
1604 2682 2039 2758 quandoquidem
2082 2679 2200 2748 ipse

618 2796 800 2854 divina
828 2791 1107 2850 vocatione
1130 2789 1197 2844 de
1225 2787 1327 2842 hac
1362 2785 1481 2839 luce
1519 2781 1584 2835 ad
1610 2778 1898 2834 Dominum
1935 2772 2198 2842 migrave-

618 2887 723 2955 rit,
761 2884 974 2956 qualem
1002 2880 1281 2936 meliorem
1298 2883 1353 2932 et
1375 2874 1676 2943 digniorem
1707 2870 1822 2938 ipsa
1859 2871 2042 2921 sancta
2069 2877 2200 2918 con-

619 2981 880 3054 gregatio,
899 2992 1018 3049 quae
1042 2975 1242 3031 ibidem
1263 2973 1363 3027 sub
1384 2975 1570 3025 sancto
1601 2965 1793 3021 ordine
1820 2962 1988 3054 vitam
2009 2969 2200 3054 regere

618 3045 871 3129 videntur
887 3045 1072 3134 ,iufra
1095 3079 1155 3121 se
1181 3063 1355 3125 nobis,
1383 3059 1601 3128 ﬁlioque
1628 3062 1812 3110 nostro
1834 3050 2026 3120 Pipiuo
2060 3045 2197 3117 regi,

620 3170 676 3218 et
701 3159 846 3216 omni
879 3156 1026 3228 genti
1048 3162 1246 3228 nostra:
1273 3165 1372 3223 per
1405 3149 1588 3205 omnia
1614 3143 1854 3206 ﬁdelem,
1901 3145 2118 3208 aptum,
2146 3142 2200 3190 et

621 3226 917 3323 congruum
943 3226 1227 3311 voluerint,
1249 3258 1315 3299 ex
1341 3240 1621 3312 praemissa
1642 3231 1971 3304 indulgentia
1991 3238 2196 3323 nostra,

621 3317 770 3400 salva
811 3336 1095 3410 principali
1119 3340 1386 3405 potestate
1410 3337 1618 3393 nostra,
1666 3326 1807 3381 sicut
1828 3330 1883 3378 et
1908 3322 1965 3376 in
1989 3317 2201 3375 caeteris

621 3431 878 3491 Ecclesiis
915 3426 1210 3486 secundum
1255 3421 1570 3480 canonicam
1615 3413 1994 3472 auctoritatem
2036 3410 2202 3464 licen-

624 3525 754 3579 tiam
780 3521 1014 3576 habeant
1039 3530 1201 3586 super
1224 3528 1284 3570 se
1307 3510 1539 3582 eligendi
1561 3515 1856 3578 pastorem.
1882 3502 1950 3556 Et
1981 3502 2203 3568 insuper

622 3610 913 3684 postulavit
938 3604 1231 3661 Serenitati
1271 3610 1489 3662 nostrae,
1531 3606 1592 3650 ut
1618 3596 1865 3650 homines
1903 3591 2201 3646 servientes

624 3683 907 3756 antedictaa
933 3691 1186 3750 Ecclesiae
1229 3689 1305 3746 ibi
1340 3697 1396 3744 et
1423 3687 1516 3742 ubi
1557 3691 1958 3740 commanentes
1997 3683 2200 3736 nullam

624 3788 886 3847 decimam
905 3785 971 3860 de
990 3795 1202 3837 annona
1229 3786 1325 3834 aut
1349 3777 1414 3834 de
1435 3775 1646 3847 peculio
1670 3773 1779 3830 ullo
1800 3785 2038 3842 unquam
2063 3779 2201 3860 tem-

624 3894 758 3956 pore
785 3877 842 3934 in
882 3859 1102 3946 publico
1147 3870 1358 3929 solvere
1398 3869 1646 3930 debeant,
1678 3878 1852 3956 neque
1879 3862 1963 3956 de
1991 3859 2202 3956 peculio

625 3947 845 4045 proprio
869 3963 1254 4028 ecclesiastico,
1279 3959 1493 4031 quando
1507 3955 1750 4028 partibus
1771 3950 2118 4009 lstrieusibus
2144 3947 2203 4003 in

549 4114 558 4122 .
625 4043 852 4136 pascuis'
867 4056 1137 4121 miserint,
1170 4053 1340 4110 ullum
1362 4052 1592 4108 debeant
1615 4045 1825 4136 solvere
1843 4043 2199 4136 herbaticum.

627 4132 794 4222 Cujus
833 4144 1193 4205 venerabilem
1247 4141 1563 4212 petitionem
1612 4134 1884 4191 noluimus
1939 4132 2206 4201 denegare

628 4245 804 4300 tribus
828 4255 896 4298 ex
934 4237 1114 4296 causis
1143 4249 1160 4290 :
1187 4249 1294 4291 una
1318 4231 1599 4293 videlicet,
1631 4235 1692 4283 ut
1728 4227 1860 4297 ipsis
1893 4223 2067 4281 servis
2085 4224 2206 4290 Dei,

632 4334 726 4406 qui
752 4333 950 4390 ibidem
973 4331 1085 4386 Deo
1105 4325 1352 4390 famulari
1371 4325 1652 4389 videntur,
1677 4335 1776 4392 pro
1800 4319 1985 4386 nobis,
2009 4333 2208 4375 uxore-

631 4437 758 4500 que,
788 4421 934 4487 ﬁliis,
977 4428 1032 4475 et
1055 4417 1266 4473 ﬁliabus
1297 4415 1518 4480 nostris,
1542 4421 1596 4469 et
1617 4410 1816 4482 populo
1856 4411 2013 4466 nobis
2038 4424 2069 4464 a
2093 4410 2206 4465 Deo

631 4513 923 4574 commisso
951 4507 1152 4580 iugiter
1172 4505 1384 4562 Domini
1426 4501 1854 4560 misericordiam
1890 4500 2086 4556 melius
2111 4501 2211 4555 im-

632 4608 849 4679 plorare
878 4603 1139 4669 delectet;
1177 4600 1302 4667 alia,
1326 4606 1385 4654 ut
1414 4599 1470 4653 iu
1492 4597 1688 4654 divinis
1712 4594 1908 4652 litteris
1927 4603 1984 4650 et
2007 4593 2208 4650 doctri-

635 4694 722 4750 nis
742 4690 1110 4761 spiritualibus
1131 4690 1444 4758 ampliorem
1469 4696 1744 4746 certamen
1780 4687 1996 4744 mittere
2015 4701 2211 4757 procu-

635 4789 790 4849 rent;
821 4776 1010 4842 tertia,
1042 4773 1158 4844 ejus
1177 4777 1386 4830 meritis
1428 4775 1870 4846 compellentibus
1903 4776 1980 4830 ita
2002 4775 2210 4845 praesti-

636 4878 788 4943 tisse,
810 4881 868 4930 et
885 4871 942 4926 in
959 4865 1208 4924 omnibus
1218 4865 1550 4919 concessisse
1564 4865 1890 4934 cognoscite.
1917 4862 2216 4934 Pr0ptereav

636 4983 737 5042 per
763 4969 1087 5037 praesentem
1119 4953 1496 5014 auctoritatem
1520 4960 1760 5009 nostram
1787 4955 2125 5009 decernimus
2155 4963 2210 5008 et

636 5057 918 5131 iubemus,
952 5049 1095 5122 quod
1132 5046 1514 5118 perpetualiter
1552 5059 1867 5100 mansurum
1911 5059 2031 5101 esse
2059 5045 2209 5102 volu-

643 5158 783 5211 mus,
805 5151 867 5198 ut
885 5141 1025 5196 sicut
1060 5153 1222 5212 supra
1240 5138 1658 5193 memoravimus
1680 5138 1824 5193 circa
1846 5136 2096 5193 eumdem
2125 5152 2211 5194 sa-

641 5250 794 5296 erum
821 5233 999 5291 locum
1021 5247 1087 5287 ex
1107 5229 1384 5302 praemissa
1412 5228 1741 5298 indulgentia
1764 5238 1948 5286 nostra
1967 5231 2214 5300 perenni-

645 5336 727 5386 ter
757 5330 974 5380 maueat
1006 5321 1408 5388 inconvulsum;
1437 5329 1492 5377 et
1515 5321 1820 5389 specialiter
1849 5323 2214 5378 concessimus

643 5413 701 5472 in
738 5415 1079 5484 eleemosyna
1105 5420 1291 5466 nostra
1325 5420 1623 5466 memorato
1651 5411 1770 5467 viro
1797 5411 2124 5476 venerabili,
2153 5420 2214 5466 ut

713 5539 744 5569 ι
772 5526 830 5581 lu
855 5525 1042 5581 Chart.
1067 5524 1275 5590 Comm.
1317 5524 1386 5580 de
1427 5525 1690 5590 Mauiaco,
1732 5543 1800 5582 ex
1826 5527 1920 5582 lib.
1951 5528 2212 5587 Thesauri

645 5591 708 5647 ὃ.
729 5590 1086 5668 Aquileiensis
1103 5589 1375 5652 Ecclesia.
1404 5595 1646 5653 Correct.
1669 5589 1737 5654 ex
1766 5597 1994 5671 Diplom.
2017 5601 2147 5657 edit.
2179 5616 2210 5657 a

2236 5099 2292 5164 D

2368 2533 2566 2589 Actum
2588 2533 2987 2604 Regomesburg
3007 2529 3204 2602 palatio
3217 2528 3433 2600 publico
3454 2527 3510 2583 in
3536 2527 3633 2585 Dei
3659 2545 3883 2587 nomine

2299 2622 2546 2680 feliciter.
2573 2625 2764 2680 Amen.
3066 2691 3109 2746 Π

2406 2787 2435 2828 ι)
2474 2786 2721 2858 Diploma
2748 2784 2927 2841 Caroli
2960 2783 3149 2855 Magni
3180 2781 3410 2837 Paulino
3437 2781 3770 2852 patriarchae.

2911 2878 3086 2949 (Anno
3111 2873 3264 2944 805.)

2372 2971 2597 3026 Carolus
2621 2969 2796 3040 gratia
2831 2969 2927 3024 Dei
2947 2982 3044 3024 rex
3069 2967 3405 3022 Francorum
3429 2973 3484 3021 et
3500 2965 3879 3039 Langobardo-

2300 3076 2422 3117 rum
2457 3075 2520 3114 ac
2539 3061 2833 3129 imperator
2857 3060 3247 3115 Romanorum.

2373 3151 2433 3206 Si
2476 3151 2828 3221 petitionibus
2861 3152 3206 3206 sacerdotum
3239 3149 3327 3207 vel
3364 3165 3638 3206 servorum
3666 3151 3788 3217 Dei,
3823 3151 3878 3206 iu

2301 3257 2410 3312 qua
2434 3241 2636 3296 nostris
2657 3242 2879 3297 auribus
2908 3240 3127 3296 fuerunt
3147 3242 3394 3312 prolata),
3419 3242 3657 3296 libenter
3680 3250 3878 3312 tempe-

2303 3345 2510 3396 ramus,
2527 3339 2582 3384 et
2611 3346 2703 3386 eas
2724 3331 2778 3385 in
2794 3331 2889 3386 Dei
2916 3331 3133 3386 nomine
3153 3333 3220 3386 ad
3246 3331 3501 3386 effectum
3520 3333 3874 3402 perducimus,

2302 3422 2515 3492 regiam
2547 3422 2987 3476 consuetudinem
3028 3438 3376 3489 exercemus,
3415 3432 3471 3479 et
3505 3425 3613 3480 hoc
3637 3426 3787 3482 nobis
3801 3428 3877 3481 'ad

2301 3509 2570 3566 mercedis
2596 3517 2971 3581 augmentum,
3006 3527 3100 3567 seu
3142 3513 3498 3568 stabilitatem
3534 3516 3706 3570 nostri
3734 3517 3880 3586 regni

2301 3600 2574 3669 pertinere
2606 3599 2944 3655 conﬁdimus.
2977 3600 3163 3655 Pateat
3192 3603 3359 3674 igitur
3398 3605 3653 3662 omnibus
3691 3596 3881 3661 sancta

2306 3687 2402 3742 Dei
2416 3685 2670 3742 Ecclesia:
2688 3689 3045 3758 praesentibus
3063 3706 3126 3746 ac
3142 3691 3340 3749 futuris
3360 3694 3611 3751 fidelibus
3634 3697 3884 3752 domuum

2305 3776 2590 3832 Paulinum
2624 3787 2825 3834 sancta:
2847 3778 3205 3850 Aquilejensis
3227 3783 3482 3841 Ecclesiae
3518 3789 3884 3858 patriarcham

2305 3867 2490 3923 Romae
2509 3881 2637 3938 erga
2657 3869 2830 3925 nostri
2851 3871 3109 3941 pietatem
3127 3879 3182 3928 et
3207 3889 3363 3946 papae
3381 3877 3808 3936 misericordiam
3829 3880 3885 3934 in

2304 3960 2537 4028 quodam
2559 3961 2800 4030 synodali
2830 3963 3056 4019 concilio
3074 3964 3512 4024 lamentationem
3527 3969 3722 4028 fecisse
3736 3986 3886 4028 suam

2306 4049 2558 4106 videlicet
2589 4051 2873 4107 ecclesiam
2919 4053 3125 4124 ingenti
3176 4071 3512 4129 paganorum
3541 4061 3890 4132 populatione

2306 4155 2445 4224 pene
2479 4149 2648 4197 totam
2673 4143 2906 4200 existere
2928 4144 3243 4202 desolatam.
3279 4148 3392 4206 Nos
3413 4159 3594 4206 autem
3615 4153 3782 4224 ipsius
3808 4162 3891 4207 ta-

2306 4223 2388 4282 les
2421 4229 2701 4285 audientes
2727 4231 2975 4301 querelas
3003 4235 3143 4304 apud
3175 4237 3416 4293 omnium
3457 4223 3766 4310 largitorem
3789 4241 3895 4295 bo-

2308 4331 2502 4373 norum
2526 4320 2704 4390 magni
2727 4321 2961 4377 incidere
2985 4324 3142 4380 veriti
3163 4341 3353 4384 sumus
3374 4328 3628 4385 facinoris
3649 4329 3892 4403 culpam,

2309 4409 2357 4466 si
2378 4408 2494 4479 ejus
2508 4410 2818 4468 lamentatio
2842 4415 2919 4469 nil
2940 4417 3324 4476 consolationis
3345 4421 3487 4492 apud
3521 4424 3702 4478 nostri
3724 4423 3897 4480 mise-

2311 4502 2602 4559 ricordiam
2626 4505 2838 4576 imperii
2859 4509 3104 4564 obstante
3123 4513 3428 4569 tenacitatis
3453 4515 3612 4570 obice
3623 4516 3899 4586 imperare

2311 4593 2551 4664 potuisse
2599 4595 2891 4652 videretur.
2925 4598 3189 4666 Quocirca
3223 4601 3381 4670 justis
3407 4603 3661 4657 claudere
3697 4619 3902 4660 aurem

2313 4683 2660 4754 petitionibus
2679 4694 2978 4743 metuentes
2998 4690 3161 4746 tacita
3171 4690 3440 4745 uobiscum
3464 4689 3752 4760 inquirere
3776 4708 3901 4750 cm-

2313 4772 2492 4842 pimus
2516 4782 2714 4840 mente,
2735 4775 2965 4844 qualiter
2981 4780 3268 4834 secundum
3287 4778 3536 4850 pmdicti
3561 4779 3774 4840 Paulini
3788 4799 3899 4853 pa-

2311 4863 2566 4944 triarchae
2597 4863 3031 4923 lamentationem
3055 4879 3251 4926 nostra:
3279 4869 3614 4940 Aquileiensi
3637 4875 3903 4933 Ecclesia:

2311 4953 2628 5014 succurrere
2654 4960 2827 5030 pietas
2852 4961 3089 5019 deberet.
3105 4965 3345 5021 Tandem
3366 4981 3520 5038 papa:
3545 4979 3902 5027 cancrorum—

2314 5063 2418 5119 que
2443 5050 2733 5103 astantium
2755 5053 3127 5124 episcoporum
3158 5065 3381 5127 accepto
3409 5059 3638 5116 consilio
3659 5061 3903 5131 dignum

2310 5139 2621 5208 iustumque
2651 5139 2766 5197 fore
2794 5145 3044 5201 duximus
3069 5148 3332 5217 quosdam
3375 5151 3444 5206 ad
3479 5151 3648 5221 ipsius
3677 5154 3905 5222 Aquile-

2309 5229 2483 5298 jeusis
2506 5231 2747 5288 ecclesia:
2777 5238 3234 5292 consecrationem
3260 5240 3597 5309 pertinentes
3617 5243 3904 5315 episcopa-

2319 5323 2636 5381 tus-domno
2683 5325 2908 5383 Paulino
2947 5329 3264 5387 tribuendos
3308 5334 3632 5403 patriarchae
3673 5337 3901 5407 suisque

2319 5418 2724 5475 successoribus
2753 5419 2821 5474 ad
2844 5422 3224 5492 suprascripta“:
3252 5407 3613 5496 Aquileiensis
3651 5426 3902 5488 ecclesia:

2319 5529 2580 5602 Palladio,
2611 5522 2752 5587 Hist.
2789 5532 2852 5586 E.
2875 5531 2925 5602 1.,
2941 5533 3034 5588 lib.
3065 5550 3128 5590 ιι.

2389 5600 2518 5675 ι’δΕι
2541 5603 2775 5660 Archivo
2797 5600 3015 5674 capituli
3043 5603 3316 5680 Utinensis
3336 5609 3607 5670 Ecclesia.
