3992 6172
166 327 302 385 μω
1628 310 1950 368 sunmus
3287 308 3427 366 uso

161 437 564 498 exaltationem.
614 433 687 491 Ut
726 446 849 503 qua:
881 444 1026 488 nunc
1063 429 1358 486 saevissima
1406 439 1736 499 paganorum
1761 426 1816 488 Α
1838 425 2181 499 eleemosyna
2205 432 2391 481 nostra
2417 424 2486 481 ad
2510 419 2756 484 eamdem
2784 402 2958 482 [suam
2982 423 3167 483 sedem
3193 421 3432 496 aliquam

167 530 317 583 rabie
338 524 544 595 deiecta
571 533 625 580 et
652 524 970 578 conculcata
993 522 1235 577 cernitur
1263 527 1451 576 nostro
1475 517 1741 590 imperiali
1839 516 2146 588 portionem
2179 516 2537 583 hereditatis,
2564 532 2727 588 quam
2768 515 3088 589 Rotgandus
3114 514 3428 587 Langobar-

164 618 302 689 erigi
332 632 548 673 con.....
579 622 703 669 atur
736 612 1090 687 [consoletur]
1122 622 1364 666 munere.
1402 610 1744 680 Quapropter
1841 611 1973 677 dus,
1997 618 2055 667 et
2091 625 2381 683 germanus
2412 610 2558 667 illius
2578 610 2733 667 Felix
2753 609 2898 665 intra
2922 607 3203 665 civitatem
3226 606 3313 663 vel
3340 605 3426 662 to.

170 712 267 765 has
312 714 649 779 praecepta...
675 720 737 761 es
774 702 1166 776 [praeceptales]
1204 702 1414 757 litteras
1455 699 1676 755 omnino
1710 711 1743 752 a
1841 700 1921 758 ris
1960 714 2129 771 prope
2160 701 2361 758 muenia
2394 699 2630 758 civitatis
2657 698 2827 771 ipsius
2849 698 3189 764 habuerunt,
3224 704 3281 753 et
3303 712 3431 768 pro—

170 810 354 857 nostro
382 814 524 855 nunc
539 796 669 866 ju...
694 795 859 869 [jure]
901 794 1288 852 transfudimus
1316 794 1371 849 in
1396 791 1599 863 jus..."
1637 798 1746 846 sta-
1842 799 1965 862 pter
1998 806 2186 848 eorum
2212 790 2776 861 inﬁdelitatem',.quia
2801 804 2925 845 cum
2946 787 3232 860 Rotgando
3252 801 3432 859 quon-

171 901 279 948 tem
306 892 385 965 [et
411 887 758 961 potestatem]
785 887 967 942 domni
990 884 1281 955 supradicti
1294 882 1503 973 Paulini
1522 879 1749 952 patriar-
1803 882 1971 973 .dam
2024 881 2231 937 inﬁdeli
2281 883 2441 973 duce
2474 880 2695 937 fuerunt
2722 878 3013 947 interfecti,
3156 877 3433 949 publicum

170 986 287 1043 clue
310 982 611 1038 omniu.....
633 980 758 1034 llius
786 977 1154 1050 [omniumque
1179 972 1345 1046 illius]
1370 985 1747 1028 successorum
1815 969 2093 1031 'nostmm
2119 975 2413 1030 secundum
2433 972 2608 1045 legem
2637 973 2973 1031 Francorum
2996 969 3084 1027 vel
3104 971 3433 1043 .Longobar-

171 1090 266 1129 sex
287 1088 443 1143 ep....
464 1080 625 1142 patus
655 1064 1061 1142 [episcopatus].
1091 1065 1268 1121 Unum
1285 1063 1550 1119 videlic...
1580 1059 1751 1133 [vide-
1848 1070 2041 1125 domm
2065 1067 2383 1133 devenerat;
2407 1076 2464 1123 ει
2481 1075 2605 1136 post
2624 1065 2842 1124 ίιιοιιιιω
2862 1066 3091 1123 duorum
3116 1064 3348 1120 fratrum
3365 1063 3435 1120 de

170 1164 320 1235 licet]
360 1162 800 1219 concordiensem
848 1157 1016 1213 al.....
1050 1152 1317 1221 incusem
1347 1150 1748 1228 [Utinensetn].
1848 1158 1953 1216 hac
1989 1157 2111 1212 luce
2139 1155 2349 1211 obitum
2377 1156 2597 1225 quidam
2631 1154 2806 1210 ﬁdelis
2832 1161 3018 1211 noster
3036 1154 3255 1211 nomine
3289 1153 3436 1209 Lan-

172 1254 395 1308 tertium
446 1251 616 1318 illum,
665 1250 756 1321 qui
784 1247 928 1319 apud
970 1247 1249 1303 civitatem
1287 1258 1485 1301 novam
1532 1241 1753 1297 Histriae
1849 1246 1973 1306 dola
2008 1260 2107 1318 per
2136 1252 2385 1301 nostrum
2422 1243 2599 1299 tenuit
2645 1240 2967 1300 beneﬁcium
2986 1282 3003 1310 ,
3038 1250 3096 1298 et
3126 1250 3250 1314 post
3275 1239 3438 1312 hujus

344 1344 601 1399 nstitutus
626 1337 999 1416 [constitutus]
1025 1352 1146 1394 esse
1182 1336 1427 1393 noscitur
1448 1374 1466 1402 ,
1496 1340 1753 1404 quartam
1852 1342 2153 1399 discessum
2190 1339 2378 1395 Βοηηο
2424 1336 2569 1393 ﬁlius
2612 1331 2736 1406 'ejus
2779 1335 3042 1393 hactenus
3069 1344 3255 1390 tenere
3290 1335 3441 1391 visus

173 1450 305 1489 vero
356 1430 718 1503 Ruginensem
744 1472 760 1495 ,
806 1431 1054 1499 quintum
1100 1427 1456 1483 Penetensem
1481 1463 1498 1491 ,
1540 1429 1754 1479 sextum

316 1529 701 1585 arsaticensem
722 1519 1190 1596 [Tarsatiensem].
1213 1519 1474 1576 Volumus
1499 1515 1752 1586 de....q..

177 1614 457 1689 [denique]
502 1629 569 1669 ac
610 1627 708 1683 per
726 1613 829 1668 has
872 1618 1075 1667 nostra;
1098 1606 1510 1679 magnificentia
1547 1604 1757 1661 litteras

174 1705 477 1761 santientes
509 1700 783 1770 iubemus,
818 1706 880 1754 ut
926 1699 982 1754 in
1010 1698 1098 1754 his
1136 1695 1541 1769 praenominatis
1562 1693 1682 1751 lo...
1707 1692 1757 1751 is

1852 1430 1974 1496 fuit,
2001 1430 2338 1486 traderemus
2356 1426 2442 1482 vel
2460 1426 2930 1491 conﬁrmaremus,
2957 1432 3223 1495 quatenus
3248 1437 3444 1495 oppor-

1852 1520 2038 1577 tunius
2069 1527 2232 1589 atque
2252 1515 2532 1573 decentius
2553 1514 2694 1570 atria
2711 1511 2797 1571 vel
2815 1513 3057 1583 reliquas
3083 1512 3445 1571 constructio-

1854 1626 1953 1667 nes
1970 1648 1985 1676 ,
2023 1624 2145 1681 quae
2168 1608 2238 1665 ad
2263 1608 2527 1664 honorem
2558 1604 2704 1662 illius
2724 1603 2828 1661 loci
2856 1604 3218 1677 pertinerent;
3247 1619 3444 1661 secun-

1856 1699 1985 1757 dum
2009 1699 2154 1771 quod
2176 1698 2292 1770 ipse
2319 1702 2501 1753 mente
2522 1695 2746 1767 provida
2771 1702 3121 1761 tractaverat,
3143 1694 3443 1767 adimplere

176 1792 359 1866 [locis]
406 1793 689 1864 episcopos
726 1790 1012 1849 ordinandi
1054 1804 1123 1847 ac
1162 1787 1386 1858 regendi
1438 1787 1554 1843 sive
1591 1783 1755 1841 dandi
1784 1787 1834 1851 Β
1856 1789 2053 1844 valeat.
2084 1787 2194 1845 Nos
2215 1801 2346 1844 vero
2365 1786 2433 1843 de
2457 1793 2568 1841 tam
2582 1784 2828 1856 praeclari
2845 1785 3026 1858 operis
3038 1784 3442 1843 constructione

176 1884 359 1939 nullus
383 1882 473 1951 jus
496 1882 583 1937 vel
624 1888 949 1953 potestatem
991 1880 1197 1937 habere
1250 1893 1349 1936 seu
1376 1892 1631 1936 exemere
1661 1875 1760 1933 ali-

174 1973 395 2042 quando
422 1958 744 2042 prtesumat,
775 1978 974 2041 praeter
1002 1985 1161 2036 eum,
1192 1969 1286 2040 qui
1313 1977 1515 2025 sanctae
1539 1966 1760 2039 Aquile-

169 2061 350 2130 jensis
371 2061 615 2117 ecclesia:
660 2060 1026 2131 gubernaculo
1059 2059 1336 2116 videbitur
1361 2072 1552 2130 regere
1570 2096 1586 2122 ,
1620 2064 1678 2111 et
1700 2061 1762 2110 ut

179 2166 262 2205 acc
282 2149 442 2223 [hzec]
492 2149 787 2205 auctoritas
810 2149 1017 2205 ﬁrmior
1054 2149 1339 2213 habeatur,
1368 2162 1432 2201 ac
1456 2144 1603 2201 omni
1625 2152 1761 2201 terno

178 2256 315 2310 pore
339 2242 530 2297 melius
552 2248 919 2306 conservetur,
943 2254 1107 2295 manu
1126 2238 1345 2311 propria
1371 2238 1560 2295 subter
1581 2234 1762 2292 ﬁrma-

177 2330 379 2393 vimus,
416 2339 471 2384 et
497 2332 563 2385 de
588 2326 788 2386 annulo
812 2339 999 2385 nostro
1024 2327 1545 2401 sigillarijussimus.

254 2419 479 2489 Signum
506 2418 684 2474 Caroli
712 2417 1087 2489 gloriosissimi
1116 2418 1481 2490 imperatoris.

252 2506 488 2562 Jacobus
513 2506 582 2562 ad
600 2507 773 2563 vicem
799 2507 1003 2563 Radovi
1027 2508 1246 2579 scripsit
1273 2516 1328 2564 et
1349 2506 1688 2583 subscripsit.

255 2597 389 2650 Data
419 2596 591 2670 pridie
635 2595 816 2656 Nonas
843 2596 1112 2673 Augustas
1146 2611 1287 2657 anno
1317 2610 1382 2656 ιιι
1415 2600 1628 2672 imperii
1665 2614 1763 2655 no-

180 2690 307 2755 stri,
334 2690 624 2746 indictione
648 2705 779 2747 vero
807 2707 846 2746 ι.

253 2781 453 2836 Actum
481 2780 666 2837 Romae
687 2780 744 2837 in
775 2780 871 2839 Dei
897 2779 1117 2838 nomine
1155 2777 1405 2836 feliciter.
1432 2778 1625 2835 Amen.

932 2898 1001 2954 Ill

182 3001 213 3031 ι
226 2988 477 3060 Diploma
491 2988 669 3072 Caroli
680 2989 862 3072 Magni
876 2937 1145 3072 ῌῖιζςὲηιίο
1488 3007 1585 3062 pro
1605 2990 1767 3063 Aqui-

595 3059 789 3130 lejenst'
806 3059 1025 3122 ecclesia
1046 3059 1362 3132 reparanda.

796 3149 974 3222 (Anno
1005 3149 1158 3223 sis.)

260 3240 325 3295 in
350 3239 571 3296 nomine
595 3238 793 3305 Patris,
831 3248 888 3295 et
908 3239 1063 3307 Filii,
1090 3248 1146 3296 et
1178 3239 1412 3312 Spiritus
1429 3242 1625 3298 sancti.

264 3327 497 3383 Carolus
522 3329 901 3386 serenissimus
929 3329 1225 3402 Augustus,
1249 3345 1281 3384 a
1323 3331 1436 3387 Deo
1458 3339 1770 3398 coronatus,

183 3418 423 3489 Magnus
446 3419 701 3487 pacificus
732 3420 1043 3491 imperator,
1082 3421 1451 3478 Romanam
1470 3422 1774 3493 gubernans

180 3508 501 3580 imperium,
534 3510 643 3577 'qui
667 3518 723 3563 et
766 3525 865 3579 per
900 3512 1329 3570 misericordiam
1348 3512 1446 3570 Dei
1476 3527 1574 3570 rex
1598 3512 1773 3570 Fran-

178 3612 382 3655 corum
416 3606 472 3651 et
494 3597 992 3667 Langobardorum.

258 3685 537 3755 Quidquid
560 3686 631 3739 ob
649 3700 889 3742 amorem
922 3686 1017 3743 Dei
1051 3686 1453 3758 omnipotentis,
1480 3696 1538 3744 et
1562 3685 1632 3743 ad
1651 3686 1773 3744 loca

180 3791 416 3834 suorum
460 3776 849 3832 venerabilium
881 3791 981 3847 pro
1024 3779 1289 3834 mercedis
1330 3778 1527 3834 animat
1575 3786 1777 3835 nostra:

179 3860 489 3938 augmento
528 3866 769 3921 cedimus
793 3875 848 3922 et
873 3864 1261 3932 condonamus,
1283 3866 1387 3921 hoc
1409 3866 1566 3921 nobis
1585 3865 1776 3936 procul

181 3958 360 4011 dubio
382 3956 449 4009 ad
469 3963 729 4010 aeternam
748 3954 1135 4011 beatitudinem
1148 3954 1418 4025 pertinere
1435 3955 1776 4010 conﬁdimus.

182 4047 364 4117 igitur
388 4054 573 4101 notum
600 4044 671 4100 sit
702 4044 944 4100 omnium
964 4044 1201 4099 ﬁdelium
1230 4048 1539 4099 nostrorum
1562 4041 1777 4113 magni-

182 4134 369 4189 tudini
396 4133 739 4204 praesentium
760 4133 966 4188 scilicet
992 4140 1048 4188 et
1078 4130 1402 4198 futurorum,
1434 4130 1669 4202 qualiter
1687 4130 1774 4186 vir

180 4222 522 4279 venerabilis
564 4221 865 4278 Maxentius
900 4222 1207 4291 patriarcha
1246 4221 1537 4277 Serenitati
1569 4230 1772 4277 nostra:

180 4314 486 4386 suggessit,
543 4328 609 4368 eo
645 4312 787 4384 quod
821 4312 1036 4379 sedem,
1069 4327 1191 4384 quae
1232 4310 1514 4382 Aquilegia
1559 4311 1780 4368 civitate

1858 1879 2145 1937 exhilarati
2185 1881 2557 1937 wndonamus
2608 1886 2772 1949 atque
2795 1878 3208 1937 'conﬁrmamns
3251 1893 3444 1951 supra-

1858 1970 2059 2027 dictam
2082 1970 2386 2042 portionem
2408 1969 2638 2027 duorum
2658 1967 3042 2039 praedictorum
3066 1967 3296 2025 fratrum
3320 1967 3447 2025 inﬁ:

1859 2060 2062 2119 delium
2094 2060 2363 2133 Rotgandi
2417 2059 2670 2118 videlicet
2705 2068 2761 2117 et
2809 2058 3038 2126 Felicis,
3090 2073 3212 2131 quae
3246 2059 3319 2116 ad
3349 2056 3443 2129 ius

1858 2162 2109 2210 nostrum
2135 2154 2412 2226 pertinere
2440 2153 2862 2227 dignoscebatur
2894 2152 2948 2208 in
2978 2151 3321 2225 eleemosyna
3339 2165 3443 2209 no-

1859 2251 1974 2299 stra
2025 2258 2125 2314 pro
2147 2242 2414 2300 mercedis
2437 2242 2632 2299 animae
2666 2252 2869 2299 nostra
2893 2239 3244 2312 augmenth
3266 2239 3444 2299 eccle-

1860 2333 1957 2390 sia:
1976 2333 2073 2389 Dei
2097 2340 2299 2391 sancta!
2322 2332 2603 2406 genitricis
2627 2332 2828 2399 Mariae,
2861 2332 2947 2390 vel
2965 2331 3035 2390 ad
3063 2332 3237 2404 ipsam
3257 2331 3442 2390 sedem

1860 2424 2260 2496 Alluilejensem
2279 2466 2297 2495 ,
2332 2434 2396 2482 ut
2420 2426 2677 2504 perennis
2701 2426 3035 2498 temporibus
3057 2427 3127 2484 ad
3151 2427 3327 2498 ipsam
3356 2440 3445 2485 se-

1863 2520 1986 2575 dem
2011 2527 2258 2581 sanctam
2282 2524 2533 2596 proﬁciat
2564 2525 2621 2580 in
2650 2522 2952 2597 augmentis
2993 2544 3009 2581 :
3046 2522 3104 2583 id
3122 2530 3206 2583 est
3231 2524 3441 2591 domos,

1862 2612 2103 2670 cultilem
2122 2629 2247 2669 cum
2269 2614 2551 2681 sedimine,
2576 2614 2739 2672 terris
2761 2615 3031 2681 aratoriis,
3052 2615 3245 2681 vineis,
3271 2616 3448 2683 silvis,

1862 2703 2034 2773 pratis
2055 2743 2071 2770 ,
2114 2717 2211 2759 seu
2265 2704 2569 2775 portionem
2610 2704 2758 2759 illam
2780 2743 2797 2770 ,
2844 2718 3010 2775 quam
3054 2702 3112 2761 ln
3152 2711 3313 2777 portu
3348 2702 3450 2760 ﬁu-

1863 2792 2028 2850 minis
2048 2832 2064 2861 ,
2108 2793 2254 2864 quod
2304 2802 2529 2850 vocatur
2558 2792 2852 2850 Natisionis
2874 2832 2891 2860 ,
2939 2794 3141 2850 habere
3184 2795 3288 2849 visi
3331 2793 3454 2850 fue-

1865 2892 2027 2949 runt,
2062 2883 2203 2940 sicut
2226 2884 2474 2953 superius
2502 2882 3038 2954 comprehendimus;
3077 2882 3337 2953 quidquid
3358 2882 3445 2939 in-

1866 2978 1952 3027 tra
1977 2971 2255 3028 civitatem
2274 2971 2360 3028 vel
2386 2971 2533 3029 foras
2563 2987 2732 3043 prope
2774 2987 2959 3029 muros
2982 2971 3220 3029 civitatis
3255 2970 3453 3028 ditioni

1869 3068 2070 3116 nostra:
2093 3076 2161 3116 ex
2196 3060 2313 3131 ipsa
2342 3060 2659 3118 haereditate
2694 3062 2966 3133 pertinere
2988 3061 3259 3129 videatur,
3281 3061 3454 3119 tradi-

1791 3124 1843 3189 c
1873 3164 1995 3206 mus
2017 3158 2177 3220 atque
2194 3124 2599 3218 conﬁrmamus,
2627 3160 2684 3208 et
2694 3124 2763 3208 in
2782 3159 3107 3223 perpetuum

1870 3253 1994 3297 esse
2016 3240 2281 3296 volumus.
2316 3241 2532 3298 Tertius
2564 3241 2781 3311 quidem
2805 3241 2976 3299 frater
2999 3241 3214 3299 illorum
3232 3242 3455 3300 nomine

1870 3327 2237 3400 Landulphus,
2283 3330 2378 3401 qui
2404 3330 2462 3386 in
2498 3330 2815 3387 inﬁdelitate
2847 3345 3038 3388 eorum
3064 3345 3172 3386 non
3199 3344 3451 3402 perseve-

1872 3418 2035 3483 ravit,
2068 3433 2223 3476 suam
2252 3420 2430 3477 adhuc
2450 3427 2596 3477 tenet
2620 3421 2944 3490 portionem.
2974 3420 3079 3476 Per
3106 3420 3317 3491 reliqua
3343 3434 3450 3477 au-

1873 3515 1986 3565 tem
2010 3506 2130 3566 loca
2154 3506 2230 3564 ibi
2254 3517 2311 3565 et
2344 3509 2438 3565 ubi
2478 3509 2679 3579 aliquid
2700 3510 2767 3565 de
2801 3509 3235 3580 supradictorum
3259 3508 3453 3567 inﬁde-

1872 3596 2004 3655 lium
2024 3597 2337 3655 haereditate
2354 3596 2424 3652 ad
2445 3612 2545 3657 nos
2559 3598 2824 3669 pervenit,
2853 3606 3053 3654 nostra:
3069 3598 3340 3669 imperiali
3366 3612 3455 3655 re-

1874 3689 2211 3757 servavimus
2236 3688 2585 3747 ordinationi.
2611 3687 2994 3762 Praecipientes
3017 3705 3148 3763 ergo
3176 3690 3458 3762 iubemus,

1874 3782 1935 3831 ut
1960 3775 2139 3833 nullus
2162 3776 2400 3833 ﬁdelium
2428 3787 2738 3836 nostrorum
2765 3780 3052 3849 cujuslibet
3078 3780 3285 3838 ordinis
3302 3820 3319 3847 ,
3341 3779 3460 3836 οω-

1876 3864 1969 3930 cii,
2012 3867 2350 3921 auctoritatis
2385 3875 2549 3934 atque
2594 3867 2816 3922 honoris
2840 3868 3093 3937 deinceps
3128 3868 3185 3922 in
3215 3869 3460 3925 futurum

1876 3952 1945 4007 de
1985 3953 2258 4020 praedictis
2292 3954 2477 4017 rebus,
2503 3967 2642 4022 quas
2666 3955 3049 4023 perpetualiter
3088 3955 3236 4010 circa
3278 3955 3457 4025 ipsum

1875 4047 2124 4096 sanctum
2162 4040 2342 4097 locum
2388 4040 2751 4113 delegavimus
2775 4050 2939 4113 atque
2978 4042 3457 4111 conﬁrmavimus,

1877 4133 2118 4183 rectores
2162 4125 2333 4197 ipsius
2377 4134 2577 4182 sanctae
2613 4126 2709 4183 Dei
2750 4126 3004 4183 Ecclesiae
3037 4127 3460 4197 przenominatas

1875 4231 1966 4274 res
2012 4218 2081 4272 ab
2117 4216 2279 4272 ullius
2322 4216 2780 4283 contradictione,
2839 4216 3131 4287 tranquille
3166 4225 3223 4274 et
3273 4216 3461 4287 quiete

1872 4307 1996 4379 jure
2015 4314 2276 4377 perpetuo
2297 4306 2575 4376 possidere
2602 4306 2880 4377 impediat.
2902 4294 2988 4362 Et
3007 4315 3068 4362 ut
3092 4306 3210 4364 hmo
3240 4307 3460 4365 traditio

176 4405 393 4476 priscis
422 4404 753 4473 temporibus
793 4411 1104 4460 constructa
1143 4403 1352 4469 fuerat,
1388 4410 1445 4457 et
1479 4402 1549 4459 ob
1573 4410 1776 4458 metum
1808 4447 1860 4476 η
1880 4405 1937 4453 et
1959 4396 2301 4453 conﬁrmatio
2338 4403 2523 4452 nostra
2556 4396 2786 4453 ﬁrmiter
2820 4396 3114 4465 habeatur,
3141 4410 3208 4453 ac
3240 4411 3341 4475 per
3371 4396 3460 4454 fu-

1805 4447 1860 4511 υ

176 4494 272 4550 vel
296 4491 584 4563 perﬁdiam
608 4492 909 4548 Gothorum
926 4490 1316 4557 etAvarorum,
1344 4504 1441 4546 seu
1460 4498 1780 4546 caaterarum
1805 4488 1859 4511 ν
1881 4498 2004 4546 tura
2053 4496 2299 4560 tempora
2343 4488 2537 4546 melius
2580 4499 2961 4557 conservetur,
3023 4504 3187 4547 manu
3240 4492 3463 4563 propria

172 4581 478 4637 nationum
500 4578 755 4633 derelicta
779 4596 843 4635 ac
863 4584 1137 4638 destructa
1158 4582 1419 4637 hactenus
1444 4589 1780 4637 remanserat

172 4672 392 4729 diebus
417 4668 635 4734 nostris,
659 4669 825 4724 divini
864 4673 1065 4727 amoris
1099 4672 1217 4728 face
1246 4686 1538 4738 accensus,
1566 4672 1781 4729 Christo

173 4763 530 4833 protegente,
560 4772 666 4811 una
692 4772 816 4812 cum
844 4767 1032 4815 nostro
1068 4758 1335 4829 adiutorio
1361 4768 1676 4817 construere
1699 4770 1781 4816 at-

175 4866 295 4922 que
347 4860 601 4916 reparare
641 4848 709 4902 ad
737 4847 1027 4917 pristinum
1069 4850 1330 4905 honorem
1369 4851 1651 4920 cupiebat;
1682 4852 1776 4907 sed

179 4942 319 5012 quia
359 4937 529 5001 locus,
563 4936 619 4991 in
637 4951 743 5006 quo
770 4939 873 4994 hoc
892 4937 1074 4995 facere
1099 4940 1338 5008 optabat,
1375 4941 1668 4995 admodum
1689 4956 1779 4996 ar-

180 5042 309 5089 ctus
349 5029 437 5084 vel
476 5029 696 5084 strictus
724 5029 1045 5094 habebatur,
1071 5040 1132 5085 ut
1153 5031 1416 5101 condigne
1446 5031 1645 5088 ibidem
1674 5032 1777 5089 hoc

180 5122 379 5179 facere
414 5134 521 5174 non
554 5118 766 5184 valeat,
808 5117 965 5188 petiit
1008 5118 1324 5176 Cclsitudini
1370 5128 1591 5186 nostrae,
1619 5130 1680 5174 ut
1721 5124 1776 5177 in

254 5265 285 5293 ι
318 5251 473 5305 [nter
490 5250 665 5304 cbart.
690 5251 902 5306 Comm.
929 5247 997 5303 de
1018 5246 1261 5305 Maniaco
1281 5262 1349 5304 ex
1378 5248 1473 5305 lib.
1505 5248 1775 5303 Thesauri

182 5322 245 5377 S.
269 5318 583 5386 Aquilcjcn.
612 5319 758 5373 Eccl.

254 5392 285 5431 δ
314 5383 395 5468 -ῐιι
423 5383 676 5468 bisnotis
704 5386 1096 5468 cbrgnologicis
1120 5399 1280 5468 error
1304 5383 1539 5468 irrepsit.
1568 5384 1649 5468 ξι
1670 5400 1771 5440 an-

182 5460 272 5516 nis
313 5458 555 5527 imperii,
594 5458 749 5528 regni
791 5453 1063 5528 Erancici,
1094 5464 1149 5511 et
1172 5453 1482 5511 indictionis
1510 5453 1773 5512 habemus

182 5525 413 5600 annum
442 5541 549 5596 quo
574 5525 756 5582 datum
800 5525 902 5581 fuit
929 5526 1179 5595 diploma,
1221 5536 1342 5583 esse
1377 5538 1615 5590 ncccxu,
1664 5540 1771 5594 quo

441 5748 712 5808 Paraon.
758 5747 1036 5810 XCVIII.

1881 4580 2328 4652 subscripsimus,
2366 4588 2425 4637 et
2460 4582 2529 4639 de
2556 4581 2754 4640 annulo
2798 4590 2988 4640 nostro
3013 4585 3207 4641 subtus
3232 4584 3464 4657 sigillari

1873 4685 2156 4739 JusSlmus.

1951 4758 2085 4812 Data
2121 4773 2199 4812 xu
2235 4755 2356 4812 Kal.
2388 4757 2631 4814 Januarii
2672 4772 2816 4816 anno
2842 4774 2925 4815 xu
2967 4759 3187 4818 Christo
3226 4763 3464 4835 propitio

1882 4848 2095 4917 imperii
2138 4848 2331 4914 nostri,
2378 4857 2435 4905 et
2459 4864 2564 4905 ην
2587 4850 2741 4922 regni
2782 4852 2842 4907 in
2869 4850 3137 4919 Francia,
3181 4866 3366 4908 mvn
3406 4854 3464 4908 in

1881 4938 2056 5006 Italia,
2086 4940 2385 4997 indictione
2405 4955 2440 4994 v
2460 4940 2511 4996 ιι.

1950 5030 2149 5086 Actum
2179 5030 2507 5103 Aquisgrani
2534 5031 2590 5087 in
2614 5031 2818 5101 palatio
2838 5033 3008 5099 regio,
3036 5030 3091 5085 in
3119 5029 3216 5085 Dei
3237 5030 3460 5088 nomine

1882 5122 2132 5179 feliciter.
2156 5123 2351 5177 Amen.

1881 5266 2006 5306 cum
2039 5259 2221 5305 tamen
2254 5264 2363 5306 non
2388 5250 2665 5319 concurrit
2688 5262 2861 5319 annus
2888 5263 3075 5304 xxxv“
3099 5247 3456 5319 regniitalici,

1875 5320 2085 5375 duobus
2122 5319 2281 5375 annis
2321 5318 2713 5376 deﬁcientibus.
2749 5318 3107 5375 Scribendum
3131 5332 3263 5384 ergo
3291 5328 3457 5384 esset,

1876 5386 2293 5516 xxxuoiglrtialia.
2311 5389 2371 5447 In
2382 5388 2488 5445 ﬁne
2499 5404 2715 5459 quoque
2729 5388 2880 5445 deest
2896 5385 3221 5455 subscriptio
3238 5386 3456 5454 scribae,

1878 5475 1975 5516 seu
1995 5475 2031 5514 ιι
2202 5497 2215 5511 .

1878 5475 1975 5519 seu
1995 5475 2215 5516 “Olaﬂl.
