4026 6426
288 367 385 433 517

1781 352 2056 412 IIYMXI.

3435 357 3550 420 518

253 471 558 546 ’ζωή,ὃλως
583 467 644 522 οὐ
673 466 946 537 τεθνήκει,
977 465 1172 534 νεκρδς
1205 463 1304 516 οὐκ
1325 461 1485 532 ὥρθη
1519 462 1546 514 ὁ
1577 460 1847 532 Λάζαρος.

1977 476 2184 513 n-orsus
2269 475 2375 511 non
2451 459 2644 513 fuisset
2728 470 3004 528 mortuus,
3077 461 3370 518 defunctus
3441 482 3563 524 llo".

282 565 398 634 Ζωὴ
439 560 494 613 δὲ
524 557 633 611 τῶν
681 556 956 610 θανόντων
1005 558 1094 620 σὺ,
1128 553 1480 624 φιλάνθρωπε
1503 592 1517 618 ,
1553 551 1754 617 πέλων,
1781 554 1858 614 εἰς

295 655 446 726 χαρὰν
470 649 840 720 μετατρέπεις
873 646 934 699 τὸ
963 645 1160 708 πένθος
1190 644 1394 697 αὐτῶν.

351 833 411 885 Σὲ
439 830 536 901 τὴν
562 830 746 900 πηγὴν
779 827 1090 899 φρίττουσι,
1115 825 1313 896 Κύριε.
1337 824 1565 880 ἄϐυσσοι
1587 841 1602 856 ·
1633 823 1718 876 σοὶ
1745 825 1862 876 δου-

291 925 422 980 λεύει
473 925 505 992 ή
551 922 700 993 ὑγρὰ
731 925 765 991 ἡ
815 922 1116 992 σύμπασα·
1171 921 1237 999 σὲ.
1282 920 1524 990 πυλωροὶ
1571 919 1858 989 τρέμουσι,

289 1014 496 1086 Χριστὲ,
526 1014 654 1085 ᾅδου
703 1013 762 1067 δὲ
791 1013 860 1066 τὰ
891 1011 1121 1084 κλεῖθρα
1145 1011 1224 1082 τῷ
1252 1011 1447 1082 κράτει
1482 1028 1574 1063 σου
1619 1009 1862 1064 διαλύον-

287 1124 387 1170 ται,
419 1102 689 1174 Λαζάρουξ
727 1103 1063 1165 ἀναστάντος
1095 1104 1159 1156 ὲκ
1207 1103 1418 1173 νεκρῶν
1447 1104 1510 1172 τῇ
1544 1103 1694 1170 φωνῇ
1741 1117 1856 1164 σου,

288 1193 644 1264 παντοδύναμε
678 1195 864 1264 Σῶτερ
893 1193 1272 1265 φιλάνθρωπε.

347 1289 416 1342 Σὺ
463 1285 572 1340 τῶν
602 1285 810 1340 πιστῶν
857 1285 1122 1357 καύχημα
1157 1285 1364 1352 πέλεις,
1399 1284 1711 1352 ἁνύμφευτε
1733 1301 1746 1315 ·
1792 1283 1856 1336 σὺ

286 1383 606 1452 προστάτις·
659 1380 725 1432 σὺ
766 1379 862 1433 καὶ
905 1380 1248 1449 καταφύγιον
1287 1378 1652 1450 Χριστιανῶν,
1683 1381 1859 1448 τεῖχος

285 1474 369 1529 καὶ
395 1471 579 1542 λιμήν.
605 1471 750 1542 Πρδς
783 1470 896 1542 γὰρ
929 1473 1018 1524 τὸν
1046 1471 1174 1524 Υἱόν
1205 1487 1299 1523 σου
1330 1469 1604 1533 ἐντεύξεις
1642 1468 1853 1539 φέρεις,

286 1564 584 1634 πανάμωμε
609 1604 624 1628 ,
659 1563 757 1614 καὶ
797 1563 995 1626 σώζεις
1023 1565 1090 1616 ὲκ
1119 1561 1384 1616 κινδύνων
1415 1563 1540 1624 τοὺς
1582 1561 1639 1614 ὲν
1677 1561 1858 1614 πίστει

282 1657 368 1710 καὶ
397 1655 548 1724 πόθῳ
584 1654 850 1708 Θεοτόκον
881 1655 1056 1726 ἁγνήν
1093 1671 1152 1707 σε
1181 1654 1576 1722 γινώσκοντας.

1969 553 2164 606 fuisset
2214 554 2364 606 visus
2415 551 2677 606 Lazarus.
2729 552 2798 605 At
2842 563 2919 618 tu,
2963 571 2996 606 ι)
3058 556 3392 624 misericors,
3457 561 3550 626 ιιιιί

1967 641 2073 694 vita
2133 656 2192 695 es
2253 651 2638 706 mortuorum,
2695 643 2748 694 in
2809 643 3064 713 gaudium
3115 647 3282 700 vertis
3347 647 3549 701 luctum

1965 733 2104 800 ejus.

2038 823 2113 878 'l‘e
2131 822 2334 877 fontem
2353 831 2568 888 tnnent,
2585 823 2834 886 herniae,
2856 824 3037 895 ahyssi
3063 841 3078 891 ;
3103 825 3197 880 tibi
3220 827 3381 880 serin
3409 842 3548 886 a..ua

1968 915 2220 968 universa
2244 930 2258 979 ;
2282 921 2332 966 te
2356 913 2624 983 jauitorcs
2645 923 3036 982 expavescunt,
3060 911 3296 970 Christe.
3322 915 3450 967 inici
3467 916 3551 968 ni-

1965 1023 2073 1077 que
2131 1007 2375 1062 claustra
2435 1007 2675 1076 polentia
2732 1017 2821 1060 tua
2869 1005 3278 1070 dissolvuntur,
3338 1007 3546 1060 Lazaro

1967 1109 2284 1168 resurgente
2342 1115 2405 1152 ex
2460 1101 2694 1152 mortuis
2747 1113 2880 1153 voce
2942 1110 3055 1163 tua,
3105 1113 3140 1152 ο
3197 1100 3546 1168 omnipotens

1968 1187 2218 1243 Salvator
2243 1190 2578 1245 misericors.

2039 1279 2118 1334 Τιι
2171 1281 2414 1336 ﬁdelium
2449 1282 2706 1354 gloriatio
2753 1296 2836 1346 es,
2881 1297 2913 1336 ο
2953 1281 3053 1334 viri
3087 1281 3302 1348 nescia;
3369 1292 3422 1336 tu
3453 1299 3548 1351 pa-

1967 1379 2158 1438 trona,
2215 1381 2269 1426 tu
2321 1374 2486 1427 etiam
2524 1373 2797 1444 refugium
2842 1373 3306 1437 Christianorum,
3355 1389 3548 1427 mutus

1966 1471 2018 1515 et
2065 1471 2278 1532 portus.
2313 1464 2392 1518 Ad
2425 1464 2622 1518 Filium
2663 1477 2816 1519 tuum
2849 1480 3087 1534 namque
3119 1465 3548 1535 supplicationes

1965 1554 2166 1620 aliers,
2206 1572 2240 1609 ο
2278 1557 2808 1622 immaculatissima,
2872 1565 2925 1610 et
2970 1557 3151 1612 salvas
3191 1572 3258 1611 ex
3291 1557 3549 1626 periculis

1965 1664 2058 1701 eos
2085 1648 2176 1716 qui
2213 1648 2265 1702 in
2299 1649 2402 1703 fide
2427 1659 2480 1704 et
2507 1649 2700 1704 aﬂ'eetu
2741 1650 3024 1720 Deiparam
3069 1649 3474 1704 immaculatum
3499 1658 3548 1703 te

1967 1749 2392 1812 recognoscunt.

348 1840 412 1893 Σύ
458 1857 562 1910 μου
615 1840 806 1910 ἰσχὺς,
847 1837 1060 1906 Κύριε,
1106 1836 1171 1889 σύ
1218 1853 1318 1908 μου
1353 1837 1448 1890 καὶ⁵
1479 1835 1741 1906 δύναμις·
1793 1833 1857 1887 σὺ

2032 1834 2111 1888 Tu
2138 1848 2196 1887 es
2219 1831 2480 1890 fortitudo
2504 1849 2646 1898 mea,
2672 1833 2924 1900 Domine,
2954 1843 3010 1888 tu
3035 1843 3089 1889 et
3111 1833 3282 1888 virtus
3299 1847 3454 1896 mea;
3489 1841 3545 1886 tu

286 1932 404 1994 Θεός
433 1950 560 2002 μου,
598 1933 662 1985 σύ
695 1948 799 2002 μου
831 1929 1151 1999 ἀγαλλίαμα
1171 1947 1183 1958 ·
1219 1931 1248 1982 ό
1284 1929 1590 1999 πατρικοὺς
1622 1928 1860 1990 κόλπους

294 2026 358 2096 μὴ
380 2025 572 2089 λιπὼν,
610 2025 706 2078 καὶ
733 2022 834 2095 τὴν
865 2023 1143 2092 ἡμετέραν
1169 2020 1446 2090 πτωχείαν
1477 2019 1861 2088 ἐπισκεψάμε-

296 2135 382 2178 νος.
415 2116 500 2168 Διὸ
535 2117 634 2169 σὺν
660 2115 737 2186 τῷ
763 2115 1024 2186 προφήτῃ
1069 2113 1401 2184 Ἀμϐακούμ
1426 2129 1510 2168 σοι
1536 2112 1858 2184 κραυγάζω·

387 2210 614 2278 δ.νὰ;.ιει
647 2225 743 2261 σου
777 2207 928 2273 δόξα,
959 2205 1337 2278 φιλάνθρωπε.

1017 2300 1094 2352 Δ’.

360 2394 442 2460 ’τῷ
470 2393 647 2462 ﬂat-.9".
679 2391 860 2460 νέμων
883 2390 1064 2456 δόξαν,
1102 2389 1297 2462 ὥσπερ
1321 2391 1423 2444 οὐκ
1448 2388 1694 2452 ἀντίθεος
1717 2384 1862 2460 ἦσθα

301 2483 591 2552 εὐχόμενος,
637 2482 731 2534 τὸν
763 2483 1112 2552 περιεστῶτα
1161 2483 1228 2535 σὺ
1277 2482 1642 2552 πιστούμενος
1676 2482 1860 2552 ὄχλον,

303 2575 620 2644 μακρόουμε,
648 2574 750 2646 τὴν
775 2574 1132 2647 εὐχαριστίαν
1161 2576 1238 2646 τῷ
1271 2576 1348 2646 σῷ
1376 2575 1554 2646 Πατρὶ
1584 2592 1861 2642 προσαναο

297 2665 475 2734 φέρων,
507 2668 577 2735 τῇ
603 2664 854 2719 κελεύσει
885 2666 1118 2736 ἐγείρων
1149 2665 1241 2718 τὸν
1267 2663 1546 2735 Λάζαρον.

358 2758 414 2809 Ὢ
441 2757 628 2828 φωνῆς
661 2757 1026 2826 θεοφθόγγου,
1049 2756 1201 2820 θείας
1237 2774 1296 2809 τε
1325 2757 1630 2826 δυνάμεως,
1653 2757 1858 2828 Σῶτερ,

283 2845 368 2900 τοῦ
401 2849 638 2918 κράτους
668 2848 800 2902 con!
847 2847 918 2900 δι’
960 2843 1030 2912 ἕως
1058 2848 1185 2920 ᾅδου
1221 2847 1399 2910 πύλας
1427 2849 1521 2900 τοῦ
1559 2850 1860 2920 παμφάγου

279 2940 498 2994 θανάτου
558 2941 912 3012 συνέτριψας.
969 2941 1112 2994 Ἀλλ’
1170 2940 1482 3011 ἐξάρπασόν
1526 2957 1614 3012 με,
1671 2943 1862 3013 ὥσπερ

275 3031 332 3082 τὸ
378 3033 526 3100 πρὶν,
583 3033 648 3084 ὲκ
681 3033 790 3086 τῶν
853 3029 1044 3085 παθῶν
1098 3047 1227 3102 μου,
1279 3033 1657 3101 τετραήμερον
1707 3032 1860 3101 φίλον

273 3137 361 3174 σου
395 3123 552 3186 Aci-{at
559 3139 678 3192 ρον.

348 3214 608 3278 Ἱκεσίαις
635 3213 912 3286 Λαζάρου,
945 3215 1179 3286 Μάρθας
1207 3213 1304 3269 καὶ¹
1333 3213 1552 3286 Μαρίας
1582 3231 1640 3267 τε
1664 3253 1678 3278 ,
1709 3217 1858 3284 ἡμᾶς

271 3303 497 3368 ἀξίωσον
539 3304 747 3368 θεατὰς
791 3305 1048 3372 γενέσθαι
1079 3305 1172 3358 τοῦ
1207 3307 1465 3376 σταυροῦ,
1500 3306 1593 3359 καὶ
1625 3305 1721 3358 τοῦ
1751 3307 1847 3359 πά-

269 3395 387 3458 θους
418 3413 540 3460 σου,
583 3396 755 3468 Κύριε
775 3437 790 3460 ,
827 3397 923 3450 καὶ
953 3397 1054 3468 τῆς
1100 3396 1460 3468 λαμποφόρου
1495 3397 1604 3450 τῶν
1634 3398 1861 3469 ἡμερῶν

267 3488 356 3540 καὶ
390 3487 544 3556 βασι)
565 3487 672 3550 ίδος
707 3489 1062 3550 ἀναστάσεως
1089 3487 1191 3558 τῆς
1223 3491 1344 3558 σῆς,
1383 3488 1756 3558 φιλάνθρωπε.

332 3579 632 3650 Μητρικὴν
667 3581 986 3651 παρρησίαν
1036 3581 1135 3650 τὴν
1181 3581 1318 3652 πρὸς
1363 3581 1456 3634 τὸν
1485 3582 1618 3635 Υἱόν
1647 3599 1743 3634 σου
1771 3599 1862 3634 κε-

265 3671 536 3740 κτημένη,
584 3672 849 3740 πάναγνε,
903 3671 1201 3740 συγγενοῦς
1253 3673 1516 3744 προνοίας
1555 3674 1656 3744 τῆς
1707 3673 1864 3744 ἡμῶν

269 3760 344 3829 μὴ
371 3761 619 3834 παρεδῃς
667 3761 906 3830 δεόμεθα
927 3779 941 3792 ·
978 3763 1062 3816 ὅτι
1115 3763 1174 3815 σὲ
1219 3765 1314 3816 καὶ
1345 3765 1514 3834 μόνην
1544 3766 1864 3834 Χριστιανοὶ

262 3852 394 3921 πρὸς
427 3854 520 3906 τὸν
567 3855 855 3925 Δεσπότην
905 3854 1134 3926 ἱλασμὸν
1183 3855 1388 3925 εὐμενῆ
1425 3855 1860 3926 προϐαλλόμεθα.

329 4034 449 4088 Ἵνα
485 4035 542 4088 τί
587 4052 654 4104 με
683 4033 891 4088 ἀπώσω
921 4035 1030 4088 ἀπὸ
1058 4035 1149 4089 τοῦ
1183 4036 1479 4107 προσώπου
1507 4054 1622 4104 σου,
1653 4039 1712 4092 τὸ
1749 4039 1864 4108 φῶς

260 4124 320 4176 τὸ
346 4127 573 4193 ἄδυτον,
624 4127 719 4179 καὶ
749 4127 988 4196 ὲκάλυψέ
1026 4144 1094 4198 με
1123 4127 1184 4180 τὸ
1213 4128 1497 4199 ἀλλότριον
1531 4130 1740 4194 σκότος,
1773 4131 1864 4184 τὸν

257 4215 533 4284 δείλαιον;
577 4217 721 4270 Ἀλλ’
752 4217 1083 4290 ἐπίστρεψόν
1117 4236 1206 4290 με,
1231 4220 1324 4272 καὶ
1351 4219 1486 4290 πρὸς
1517 4222 1577 4274 τὸ
1607 4221 1724 4292 φῶς
1757 4221 1866 4276 τῶν

259 4309 492 4365 ἐντολῶν
529 4328 632 4364 σου
659 4309 756 4374 τὰς
775 4311 928 4374 ὁδούς
957 4328 1060 4382 μου
1088 4311 1440 4378 κατεύθυνον,
1471 4312 1683 4384 δέομαι.

1024 4406 1098 4458 E'.

1965 1925 2106 1980 Deus
2169 1941 2346 1991 meus,
2409 1934 2464 1980 ιιι
2538 1943 2653 1980 mea
2705 1927 3056 1980 exsultatio:
3110 1926 3202 1994 qui
3258 1933 3544 1992 paternum

1961 2018 2142 2072 sinum
2174 2034 2280 2072 non
2315 2018 2631 2083 deseruisti,
2683 2030 2738 2072 et
2762 2029 3010 2074 nostram
3043 2017 3322 2071 miseriam
3357 2015 3548 2067 visita-

1963 2111 2050 2165 sti.
2080 2111 2258 2177 Quare
2281 2127 2405 2167 eum
2444 2113 2704 2181 propheta
2731 2110 2986 2166 [lahaeuc
3008 2111 3075 2166 ad
3109 2120 3158 2166 te
3186 2110 3362 2165 clamo
3388 2127 3402 2161 :
3429 2107 3550 2162 Vir-

1963 2205 2187 2259 luzitua:
2227 2205 2424 2275 gloria,
2447 2219 2480 2259 0
2513 2206 2854 2260 misericors.

2685 2291 2796 2351 ιν.

2033 2371 2180 2444 Patri
2221 2388 2361 2444 dans
2392 2389 2647 2460 gloriam,
2675 2399 2934 2461 tanquam
2961 2405 3070 2445 non
3095 2388 3402 2444 contrarius
3438 2387 3548 2443 Deo

1962 2483 2178 2548 orahas,
2238 2483 2684 2537 eireumstantem
2741 2493 2795 2537 tu
2853 2483 3186 2538 conﬁrmans
3233 2483 3469 2548 turbam,
3512 2497 3548 2535 ο

1965 2576 2318 2645 longanitnis,
2353 2577 2656 2646 gratiarum
2693 2577 2965 2632 actionem
2995 2576 3143 2631 Patri
3165 2587 3256 2631 tuo
3283 2577 3537 2642 reddens,

1959 2668 2116 2738 jussu
2156 2671 2492 2724 resuscitans
2524 2669 2817 2726 Lazarum.

2035 2759 2078 2809 Ο
2112 2773 2212 2810 vox
2237 2757 2500 2812 di\initus
2531 2773 2734 2814 sonans
2759 2759 3066 2828 divinaeque
3098 2758 3341 2822 virtutis,
3375 2759 3549 2828 impe-

1963 2847 2026 2900 rii
2061 2849 2158 2910 tui,
2199 2847 2479 2901 Salvator!
2519 2847 2616 2918 per
2646 2863 2812 2918 quam
2833 2848 3134 2904 inferorum
3165 2857 3354 2917 portas
3386 2863 3546 2904 vora-

1961 2941 2200 2992 eissima:
2250 2940 2438 2994 umrtis
2490 2939 2828 3010 confregisti.
2866 2939 2971 2994 Sed
3013 2941 3164 3009 eripe
3197 2955 3284 2993 me
3316 2955 3381 2994 ex
3423 2956 3548 3010 pns-

1963 3032 2212 3086 sionihus
2236 3033 2392 3096 meis,
2419 3043 2478 3085 ut
2505 3033 2634 3086 olim
2670 3033 3092 3102 quatriduanum
3119 3032 3358 3086 amicum
3389 3042 3546 3088 tuum

1967 3122 2254 3180 Lazarum.

2033 3213 2540 3282 Supplicationihns
2563 3211 2778 3279 Lazari,
2802 3212 3026 3269 Martha:
3048 3224 3102 3270 et
3136 3214 3319 3271 Marire
3350 3217 3546 3288 dignos

1963 3323 2062 3358 nos
2100 3307 2212 3372 lae,
2255 3308 2347 3375 qui
2397 3307 2571 3362 simus
2601 3315 2940 3376 spectatores
2971 3310 3156 3365 crucis
3193 3320 3244 3364 et
3273 3312 3546 3382 passionis

1960 3407 2089 3459 tum,
2123 3397 2372 3460 Domine,
2453 3408 2618 3467 atque
2665 3399 3070 3456 illuminatricis
3141 3411 3445 3472 temporum
3491 3411 3548 3458 ct

1965 3490 2162 3558 regalis
2201 3491 2627 3545 resurrectionis
2660 3502 2784 3556 tum,
2809 3506 2852 3545 Ὀ
2897 3491 3234 3548 misericors.

2033 3586 2336 3640 Maternam
2379 3584 2631 3654 loquendi
2681 3584 2992 3649 libertatem
3032 3586 3099 3640 ad
3138 3585 3334 3641 Filium
3390 3598 3544 3644 tuum

1963 3677 2240 3740 obtinens,
2272 3693 2304 3731 0
2345 3677 2882 3744 immaculatissima,
2908 3690 3158 3735 connata:
3197 3684 3547 3762 providentiae

1967 3777 2168 3822 nostra:
2221 3784 2288 3822 ne
2323 3784 2509 3824 curam
2564 3769 2812 3840 ahjicias,
2852 3787 3142 3840 precantur
3173 3791 3186 3826 :
3239 3783 3288 3827 te
3319 3775 3462 3828 enim
3493 3785 3548 3830 et

1965 3861 2136 3914 solam
2198 3861 2497 3916 Christiani
2546 3861 2689 3932 apud
2754 3863 3044 3918 Dominum
3088 3867 3546 3936 "propinationem

1965 3952 2252 4022 benignam
2287 3954 2592 4009 oil'erimus.

2071 4045 2268 4114 thuid
2303 4060 2391 4100 me
2415 4046 2658 4114 repulisti
2701 4062 2730 4099 a
2756 4047 2894 4102 faeie
2920 4059 3031 4114 tua,
3062 4049 3299 4104 olumen
3342 4051 3548 4106 inocci-

1964 4135 2153 4200 duum,
2189 4145 2244 4190 et
2281 4147 2616 4206 operuerunt
2647 4153 2734 4193 me
2759 4139 2951 4194 alienae
2987 4143 3228 4196 terrebere
3263 4143 3547 4196 misera”-

1964 4225 2104 4280 lem?
2125 4225 2229 4280 Sed
2245 4236 2500 4280 converte
2523 4242 2628 4292 me,
2649 4236 2700 4282 et
2722 4229 2786 4281 ad
2813 4229 2993 4282 lumen
3021 4231 3400 4285 mandatorum
3423 4241 3546 4284 tuo-

1964 4333 2086 4370 rum
2119 4317 2236 4372 vias
2261 4333 2410 4372 meas
2437 4318 2634 4388 dirige,
2665 4318 2952 4389 deprecor.

2714 4412 2776 4466 ν.

327 4494 433 4548 Τὸν
475 4494 676 4550 Ἰωνᾶν
727 4495 786 4548 ἐν
831 4495 907 4568 τῷ
945 4497 1125 4567 κήτει,
1167 4497 1362 4568 Κύριε,
1396 4497 1704 4568 μονώτατον
1731 4517 1859 4554 κατ-

2034 4497 2226 4553 Jonam
2263 4499 2316 4553 in
2347 4510 2490 4568 ceto,
2517 4501 2766 4567 Domine,
2787 4503 3035 4576 omnium
3067 4505 3288 4557 unicum
3314 4506 3551 4560 colloca-

253 4585 526 4658 ᾤκησας,
589 4588 692 4658 ἐμὲ
735 4587 790 4641 δὲ
834 4589 927 4643 τὸν
973 4591 1352 4661 πεπεδημένον
1399 4592 1456 4644 ὲν
1510 4591 1713 4662 ἄρκυσι
1763 4595 1858 4648 τοῦ

255 4678 484 4749 ἐχθροῦ,
512 4681 599 4744 ὡς
632 4681 698 4733 ὲκ
733 4679 944 4751 φθορᾶς
974 4682 1204 4744 ἐκεῖνον,
1236 4681 1526 4736 διάσωσον.

339 4771 571 4842 Ἀγάπη
610 4789 669 4824 σε
714 4773 796 4837 εἰς
833 4772 1128 4844 Βηθανίαν.
1177 4773 1372 4842 Κύριε,
1420 4775 1678 4846 ἀπήγαγε
1723 4775 1860 4848 πρὸς

254 4862 546 4936 Λάζαρον,
608 4865 702 4918 καὶ
752 4863 945 4918 τοῦτον
1005 4866 1105 4936 ἤδη
1159 4865 1392 4920 ὀδωδότα
1440 4867 1744 4938 ἀνέστησας
1784 4869 1859 4933 ὡς

253 4953 410 5019 Θεὸς,
450 4957 556 5010 καὶ
591 4957 656 5009 ἐκ
685 4955 904 5026 δεσμῶν
937 4955 1032 5008 τοῦ
1068 4955 1195 5027 ᾅδου
1231 4955 1518 5020 διέσωσας.

337 5045 403 5099 Ἦ
435 5045 656 5118 Μάρθα
706 5047 806 5118 μὲν
848 5047 1166 5116 ἀπεγνώκει
1200 5048 1592 5118 Λάζαρον,-ώς
1626 5049 1742 5120 ἧδηι
1767 5068 1860 5103 τει⁵

252 5138 596 5210 τραήμερον
617 5153 629 5167 ·
665 5137 904 5209 Χριστὸς
941 5137 999 5192 δὲ
1024 5139 1118 5191 τὸν
1150 5139 1524 5211 διαφθαρέντα
1560 5142 1858 5212 ἀνέστησεν

251 5230 329 5294 ὡς
359 5231 529 5296 Θεὸς,
565 5231 662 5284 καὶ
687 5233 770 5295 εἰς
797 5230 946 5296 ζωὴν
979 5233 1262 5302 μετήγαγε
1297 5235 1526 5304 ῥήματι.

1023 5326 1105 5374 τῖ’.

323 5413 540 5477 Παῖδες
615 5412 887 5485 Ἐϐραίων
937 5422 992 5472 ἐν
1049 5419 1267 5487 καμίνῳ
1321 5417 1708 5488 κατεπάτησαν
1759 5417 1858 5488 τὴν

254 5505 437 5574 φλόγα
472 5504 806 5575 θαρσαλέως
826 5545 840 5568 ,
884 5505 978 5559 καλ⁸
1008 5508 1086 5570 εἰς
1113 5507 1304 5578 δρόσον
1331 5508 1390 5560 τὸ
1423 5508 1530 5580 πῦρ
1563 5507 1859 5572 μετέϐαλον

254 5597 542 5667 poem;-
609 5596 915 5669 Εὐλογητὸς
958 5594 1040 5664 εἴ,
1095 5599 1266 5669 Κύριε
1321 5601 1348 5652 ὁ
1401 5600 1566 5664 Θεὸς,
1604 5601 1686 5664 εις
1734 5602 1858 5664 τοὶς

251 5691 496 5757 αἰῶνας.

310 5779 640 5856 Δακρύσας
687 5783 764 5850 ὡς
809 5783 1118 5857 ἄνθρωπος,
1147 5787 1453 5860 οἰκτίρμον,
1491 5787 1859 5860 ὲξ;.νέστησας

1964 4590 2056 4652 sli,
2091 4606 2175 4644 me
2201 4605 2330 4646 vero
2359 4592 2600 4646 vinctum
2652 4593 2862 4648 retibus
2899 4574 3128 4660 inimici,
3173 4606 3431 4665 tanquam
3481 4612 3545 4649 ex

1963 4684 2316 4754 corruptione
2353 4685 2526 4750 illum,
2565 4685 2758 4740 libera.

2032 4775 2287 4830 Charitas
2307 4785 2358 4832 te
2383 4776 2435 4830 in
2463 4773 2807 4843 Bethaniam,
2832 4777 3080 4839 nurnine,
3111 4777 3264 4830 duxit
3285 4779 3349 4830 ad
3379 4776 3518 4829 L::‘.'.:t

1963 4881 2106 4930 rum,
2137 4875 2188 4920 et
2223 4867 2370 4922 hunc
2421 4867 2534 4937 jam
2590 4866 2846 4921 fetentem
2900 4868 3242 4922 resuseitaSti
3285 4878 3543 4935 tanquam

1963 4957 2128 5020 Deus,
2161 4966 2325 5028 atque
2352 4975 2382 5012 a
2409 4959 2643 5014 vinculis
2679 4958 2840 5014 inferi
2873 4959 3141 5012 exemisti.
3193 4942 3199 4948 ’

2034 5048 2245 5103 Martha
2294 5051 2514 5120 quidem
2579 5049 2916 5118 deploratum
2979 5047 3220 5101 hahehat
3278 5047 3542 5100 Lazarum

1957 5140 2070 5210 jam
2139 5141 2587 5212 quatridnanum.
2645 5139 2715 5192 At
2762 5137 3015 5194 Christus
3076 5149 3390 5207 corruptum
3463 5153 3546 5193 Ie-

1964 5235 2254 5290 suscilavit
2292 5243 2349 5287 ut
2381 5230 2544 5295 Deus,
2570 5237 2624 5284 et
2657 5229 2723 5284 ad
2753 5228 2915 5284 vitam
2949 5228 3224 5282 revocavit
3251 5230 3435 5284 verbo.

2707 5320 2794 5374 Vi.

2034 5419 2194 5473 Pueri
2281 5417 2634 5470 Hebraeorum
2709 5413 2763 5466 in
2842 5410 3069 5467 fornace
3155 5410 3548 5466 comulearunt

1963 5509 2238 5562 ﬂammam
2283 5507 2551 5569 animose,
2588 5509 2753 5571 atque
2811 5503 2864 5555 in
2923 5518 3102 5558 rorem
3161 5504 3337 5574 ignem
3373 5515 3546 5555 verte-

1964 5612 2106 5659 ruet.
2141 5602 2440 5656 clamantes
2475 5616 2489 5652 :
2521 5596 2844 5652 Benedictus
2893 5611 2953 5652 es
3005 5595 3230 5652 Domine
3285 5595 3452 5659 Dens,
3490 5607 3547 5646 tn

1963 5694 2181 5749 saecula.

2034 5784 2414 5854 lllacrymalus
2453 5791 2716 5846 tanquam
2755 5779 2996 5851 homo,o
3026 5780 3357 5852 misericors,
3392 5785 3549 5831 γρεα-
