4026 6386
405 362 508 426 m
1267 352 1532 413 srarn.
1582 350 1899 413 ANTONII
1932 346 2341 411 .MORCELLI
2390 340 2805 411 murto.
3070 306 3100 318 ”
3546 340 3661 400 sea

400 472 581 547 lique
616 466 739 529 hoc
768 472 830 528 et
864 464 1199 542 superiore
1239 464 1475 524 smculo
1517 464 1765 542 experti
1801 469 1976 534 sunt,
2010 459 2388 539 quicunque
2427 457 2720 520 excussis
2763 451 3299 517 bibliothecarum
3355 449 3656 530 antiquis

401 562 758 632 codicibus,
798 571 1080 623 veterum
1112 568 1444 621 auctorum
1476 575 1674 638 opera
1713 557 1809 621 vel
1851 557 2040 637 primi
2086 554 2473 629 emiserunt,
2526 554 2628 615 vel
2685 559 2868 613 aucta
2926 557 2989 613 et
3026 551 3364 613 emendata
3418 552 3657 610 iterum

402 658 650 719 edenda
683 664 1010 719 curarunt.
1042 656 1286 717 Horum
1343 655 1522 715 enim
1576 655 1896 716 editiones
1937 653 2028 714 sic
2079 653 2469 731 plerumque
2528 647 2820 727 probata:
2858 655 3031 719 sunt,
3064 655 3132 708 ut
3164 661 3384 707 earum
3427 660 3662 706 exem-

402 753 603 831 plaria
637 753 1052 830 cupidissime
1093 751 1372 830 quisque
1423 749 1787 829 amplexus,
1836 750 1900 810 in
1954 749 2343 812 bibliotheca
2395 765 2511 809 sua
2566 747 2922 809 desiderari
2981 746 3286 818 noluerit,
3320 762 3524 825 eaque
3585 752 3654 806 et

398 849 775 911 charissima
807 847 1053 922 habeat,
1094 854 1154 909 et
1179 847 1682 925 diligentissime
1719 848 2025 918 retineat;
2065 846 2225 907 hanc
2255 847 2340 929 ob
2373 858 2629 905 causam
2664 858 2763 903 me
2794 860 3055 922 quoque
3092 843 3451 921 sumpsisse
3492 841 3642 904 ani-

402 961 539 1004 mos
574 941 799 1017 fateor,
835 942 1248 1003 uecinvitum
1282 942 1345 1002 in
1380 942 1446 1003 id
1486 942 1834 1003 consilium
1871 945 2151 1016 venisse,
2178 951 2245 1003 ut
2275 942 2373 1004 vel
2410 943 2614 1018 impar
2643 940 2821 1018 operi
2855 940 3401 1003 Commentarium
3435 936 3644 1000 sancti

399 1037 690 1116 Gregorii
724 1039 781 1098 ll
814 1037 1130 1115 pontiﬁcis
1160 1037 1756 1114 Agrigentinorum,
1804 1055 1994 1117 quem
2031 1055 2222 1100 nemo
2259 1037 2470 1099 adhuc
2499 1054 2534 1098 e
2574 1036 2860 1097 tenebris
2893 1035 3251 1108 eduxisset,
3295 1034 3541 1114 primus
3573 1033 3646 1094 in
3732 1112 3739 1117 '

405 1134 610 1194 lueem
650 1132 983 1194 hominum
1010 1131 1577 1211 celebritatemque
1609 1149 1993 1196 revocarem.
2027 1134 2339 1195 Videbam
2373 1135 2571 1206 enim,
2599 1133 2715 1193 etsi
2748 1133 2826 1192 de
2869 1148 3036 1209 penu
3073 1147 3214 1191 meo
3252 1146 3474 1208 pauca,
3520 1145 3639 1191 nec

404 1229 528 1289 nisi
566 1229 783 1306 exigui
821 1226 1005 1305 pretii
1044 1227 1323 1306 proferre
1353 1244 1633 1305 possem,
1665 1228 1879 1306 ipsum
1912 1237 2122 1290 tamen
2164 1244 2328 1305 Opus
2358 1229 2722 1305 antiquum,
2754 1244 2871 1287 nec
2898 1227 3106 1287 adhuc
3142 1225 3475 1285 hominum
3512 1240 3650 1285 ma-

405 1325 596 1385 nibus
630 1318 873 1398 tritum,
908 1323 1107 1384 instar
1137 1325 1380 1402 egregii
1415 1324 1703 1389 muneris
1733 1322 2048 1391 futurum,
2078 1339 2214 1403 quo
2244 1340 2313 1383 se
2337 1323 2573 1385 eruditi
2614 1322 2730 1395 viri
2757 1337 2791 1381 a
2822 1338 2918 1381 me
2948 1321 3218 1381 donatos
3252 1320 3646 1381 laetarentur:

408 1419 750 1498 prassertim
781 1435 926 1482 cum
959 1434 1036 1480 eo
1076 1420 1263 1480 etiam
1300 1420 1560 1480 nomine
1591 1419 1913 1497 permagni
1941 1420 2072 1480 fieri
2108 1429 2456 1497 Oporteret,
2487 1418 2660 1497 quod
2694 1433 2822 1479 non
2868 1416 3092 1495 privati
3128 1417 3405 1477 hominis
3444 1415 3636 1477 lucu-

404 1516 630 1589 bratio,
669 1515 783 1576 sed
815 1514 1099 1593 episcOpi
1129 1514 1585 1575 documentum
1625 1522 1818 1575 esset.
1851 1515 2009 1587 Quae
2040 1514 2215 1575 enim
2245 1516 2324 1575 ab
2353 1513 2678 1590 epiSCOpis
2707 1512 2941 1589 scripta
2978 1511 3368 1589 accepimus,
3405 1527 3477 1571 ea
3504 1526 3635 1573 non

404 1612 693 1689 ipsorum
727 1616 968 1670 tantum
999 1608 1287 1669 animum
1318 1614 1380 1668 et
1416 1624 1603 1669 sensa
1636 1609 1937 1687 produnt,
1969 1610 2081 1669 sed
2122 1609 2417 1670 Ecclesire
2449 1608 2665 1681 etiam,
2690 1609 2793 1669 cui
2832 1608 3166 1685 prml'uere,
3195 1606 3647 1665 testimonium

404 1706 896 1784 i'mpartiuntur:
928 1710 997 1765 ut
1026 1720 1171 1765 cum
1204 1702 1271 1765 in
1306 1703 1736 1781 Singularium
1784 1702 2215 1766 Ecclesiarum
2263 1720 2587 1765 consensu
2624 1703 2998 1765 catholicam
3032 1701 3386 1764 doctrinam
3433 1717 3635 1779 agno-

404 1818 681 1875 scamus,
711 1801 1182 1879 episc0porum.
1208 1815 1401 1877 opera
1448 1800 1516 1861 in
1563 1798 1787 1878 primis
1822 1797 2065 1877 vulgari
2122 1798 2380 1879 legique
2414 1801 2691 1861 intersit.
2731 1800 2951 1878 Itaque
3006 1814 3119 1859 eos
3180 1798 3494 1869 maxime,
3538 1793 3658 1874 qui

404 1898 659 1960 tuendm
688 1896 1024 1974 religionis
1058 1897 1276 1957 studio
1305 1895 1591 1975 ﬂagrant,
1634 1904 1694 1956 et
1720 1894 2227 1956 Christianorum
2256 1905 2619 1971 temporum
2653 1901 3090 1966 monumenta,
3126 1899 3317 1971 atque
3356 1892 3644 1953 illustria

404 1991 831 2056 Ecclesiarum
862 1991 1090 2054 decora
1123 1990 1318 2052 latere
1349 1991 1590 2065 dolent,
1627 1990 1892 2069 gratiam
1942 2006 2202 2070 quoque
2236 1988 2567 2050 habituros
2617 1988 3075 2067 intelligebam,
3130 1988 3303 2067 quod
3351 1995 3412 2049 et
3447 2003 3651 2048 sacrm

402 2088 707 2150 doctrinm
730 2086 912 2165 copia
945 2104 1055 2165 per
1086 2103 1185 2147 me
1217 2086 1549 2159 crevisset,
1572 2095 1632 2145 et
1666 2090 1917 2147 Patrum
1951 2086 2309 2164 priscorum
2339 2102 2571 2147 census
2602 2094 2826 2146 auctus
2858 2092 3050 2145 esset.
3080 2086 3287 2163 Atque
3312 2082 3421 2145 illa
3453 2083 3657 2145 etiam

370 2183 705 2262 uegitatio
746 2182 971 2256 subiit,
1008 2181 1445 2259 Agrigentinis
1472 2180 1901 2259 putissimum,
1936 2187 1999 2241 et
2029 2182 2141 2261 qui
2169 2183 2510 2261 religionis
2537 2199 2693 2261 ergo
2713 2181 3201 2261 vigilantissime
3234 2181 3316 2241 iis
3352 2188 3652 2259 praei-al,

382 2276 575 2343 ‘VirO‘
596 2279 1108 2343 eminentissimo
1134 2281 1423 2341 ‘Antonio
1472 2279 1890 2341 Brancinl'orti
1925 2278 2529 2355 cardinaligratum
2586 2278 2704 2340 hoc
2748 2295 2826 2339 eo
2858 2276 3120 2339 nomine
3158 2295 3231 2341 ac
3277 2278 3647 2357 jucundum

386 2394 547 2439 (esse
583 2377 841 2447 debere,
875 2376 1046 2455 quod
1098 2374 1176 2436 ad
1226 2391 1449 2437 eorum
1483 2374 1582 2437 vel
1630 2374 1899 2453 gloriam
1947 2375 2045 2436 vel
2090 2374 2464 2454 dignitatem
2506 2390 2634 2437 non
2674 2390 2899 2454 parum
2942 2373 3238 2437 conferre
3276 2376 3650 2436 videretur:

384 2490 660 2551 semper
706 2471 877 2533 enim
919 2470 1237 2550 prmcipua
1269 2468 1773 2533 Christianarum
1812 2470 2071 2534 urbium
2106 2468 2491 2532 laushab'ita
2528 2479 2648 2544 est,
2692 2471 2902 2532 virum
2950 2470 3236 2548 aliquem
3272 2469 3645 2548 protulisse,

404 2569 593 2649 cujus
622 2569 908 2631 doctrina
944 2566 1290 2629 Ecclesiam
1325 2566 1695 2640 illustrarit;
1734 2583 1850 2629 nec
1889 2566 2122 2628 minori
2162 2565 2407 2628 honore
2439 2566 2484 2627 ii
2531 2566 2856 2629 honestari
2896 2573 3227 2645 putantur,
3261 2564 3504 2645 quibus
3533 2565 3647 2628 da-

384 2673 539 2726 Jum
578 2671 672 2727 est
702 2662 988 2725 eamdem
1020 2662 1309 2724 obtinere
1341 2663 1584 2738 sedem,
1618 2664 1683 2724 in
1709 2678 1834 2742 qua
1864 2663 2067 2724 sancti
2098 2661 2401 2742 doctique
2428 2664 2549 2725 viri
2580 2665 2974 2727 claruerunt.

484 2801 603 2865 Sed
639 2807 846 2862 tamen
881 2798 1191 2861 editionis
1222 2815 1440 2863 curam
1480 2798 1889 2876 suscipienti,
1928 2815 2008 2861 ne
2050 2797 2255 2860 sterili
2294 2798 2510 2861 labore
2544 2798 2710 2861 nihil
2754 2798 2890 2877 ipse
2932 2806 3451 2860 ornamentorum
3483 2796 3655 2861 libro

402 2898 731 2961 addidisse
761 2908 1088 2975 arguerer,
1118 2897 1483 2958 conandum
1526 2895 1792 2957 omnino
1830 2903 2104 2969 erat,~ut
2156 2895 2309 2958 novi
2360 2904 2662 2972 prm‘terea
2706 2896 2979 2975 aliquid,
3010 2896 3188 2974 quod
3241 2894 3423 2957 afﬁne
3455 2904 3652 2967 esset,

404 2991 759 3059 accederet.
790 2997 853 3051 et
887 2997 1196 3068 quantum
1229 2989 1363 3051 ﬁeri
1407 2998 1657 3067 posset;
1680 2997 1881 3050 totum
1912 3005 2077 3069 epes
2116 2993 2256 3071 ipso
2297 3010 2519 3054 rerum
2545 2994 2791 3055 ordiue-
2814 2999 2875 3054 et
2915 2992 3287 3071 scriptionis
3318 2991 3655 3071 diligentia

408 3085 737 3167 probabile
764 3085 1171 3146 redderetur.
1218 3084 1356 3158 Qua
1404 3085 1467 3145 in
1503 3100 1569 3144 re
1608 3084 1958 3147 multorum
1993 3104 2093 3149 me
2140 3089 2433 3168 exempla
2479 3091 2862 3162 excitabant,
2904 3089 3016 3169 qui
3082 3105 3226 3150 cum
3288 3088 3651 3168 prteelaris-

406 3185 567 3247 sima
601 3185 854 3247 Patrum
886 3180 1119 3259 scripta
1153 3183 1507 3279 vplgarent,
1538 3187 1890 3259 etaperum
1935 3181 2358 3260 plurimorum
2392 3184 2667 3247 editioni
2703 3202 2919 3247 curam
2954 3186 3422 3261 impenderent,
3457 3183 3650 3247 ofﬁcii

405 3289 614 3342 tamen
654 3277 757 3339 sui
803 3293 947 3339 esse
985 3276 1336 3349 duxerunt,
1370 3285 1440 3338 ut
1471 3276 1791 3357 quidquid
1827 3278 2018 3339 etiam
2061 3279 2156 3340 vel
2200 3281 2274 3340 ad
2311 3282 2591 3341 auctoris
2621 3280 2875 3342 laudem
2908 3279 3270 3361 famamque
3307 3288 3650 3357 Sper-taret,

410 3376 505 3438 vel
538 3376 612 3437 ad
645 3374 1027 3452 scriptorum
1060 3373 1553 3435 illustratiouem
1588 3373 1932 3452 quarirdam
1965 3374 2582 3456 distinctionemque
2616 3378 2985 3455 pertineret,
3021 3393 3146 3438 non
3197 3377 3383 3438 modo
3410 3377 3509 3453 [ιι]
3541 3376 3645 3438 di-

409 3473 684 3551 ligenter
714 3470 1196 3550 conquirerent,
1237 3471 1348 3532 sed
1397 3478 1687 3531 accurate
1738 3485 1998 3549 quoque
2047 3486 2119 3533 ac
2160 3470 2526 3533 luculenter
2568 3473 2945 3535 disserendo
2980 3472 3401 3552 publicarent.
3440 3474 3645 3549 Igitur

405 3568 484 3628 ab
514 3567 650 3646 ipsa
676 3567 955 3627 auctoris
987 3567 1183 3627 nostri
1214 3565 1474 3627 historia
1507 3567 1948 3642 cognoscenda
1984 3581 2281 3638 exorsus,
2317 3567 2469 3646 quia
2502 3570 2784 3630 nonduin
2832 3569 3038 3631 lucem
3064 3568 3326 3631 vidisset
3356 3571 3648 3645 Graecum

406 3664 549 3742 ejus
584 3663 741 3722 VlltB
769 3663 1113 3738 exemplar,
1145 3679 1332 3741 quam
1364 3662 1665 3722 Leontius
1696 3661 1983 3740 quidam,
2024 3663 2241 3724 Romae
2274 3661 2431 3726 olim
2468 3665 2886 3743 Hegumeous
2917 3664 3336 3739 Sabaitarum,
3376 3667 3455 3728 de
3486 3667 3649 3729 Grc-

406 3749 589 3837 gorio
613 3757 889 3836 scripsit,
925 3756 1042 3818 hoc
1075 3758 1229 3817 mihi
1252 3774 1395 3836 pra;
1425 3758 1668 3819 cmteris
1704 3758 2236 3837 perquirendum,
2270 3769 2331 3823 et
2361 3762 2443 3823 ob
2472 3763 2918 3842 antiquitatem
2960 3763 3102 3843 ejus
3146 3781 3344 3826 unum
3393 3765 3650 3842 potissi-

407 3871 581 3917 mum
611 3854 932 3916 edendum
965 3854 1362 3915 existimavi:
1393 3854 1488 3917 sic
1514 3866 1728 3917 tamen
1764 3863 1840 3917 ut
1875 3862 2023 3917 ante
2051 3857 2131 3918 de
2164 3857 2305 3934 ipso
2344 3858 2655 3937 scriptore
2688 3859 3140 3938 investigando
3200 3859 3647 3937 demehende-

406 3968 563 4027 rem,
592 3950 737 4030 quis
769 3950 881 4011 ille
913 3959 1192 4023 tandem,
1225 3968 1356 4031 quo
1396 3950 1560 4027 loco,
1599 3969 1726 4032 qua
1756 3959 1936 4016 astate
1966 3953 2343 4017 exstitisset.
2379 3959 2587 4036 Atque
2631 3955 2701 4017 in
2734 3954 2848 4017 hac
2878 3965 3095 4018 nostra
3149 3957 3647 4036 investigatione

404 4047 557 4111 novi
582 4046 829 4125 aliquid
870 4058 1246 4126 expromere
1282 4048 1462 4110 licuit
1491 4049 1569 4110 de
1606 4048 1846 4127 insigni
1903 4041 2286 4113 monasterio
2347 4052 2658 4123 Romano,
2691 4051 2864 4130 quod
2904 4052 3188 4131 antiquis
3222 4051 3648 4130 temporibus
3692 4054 3699 4063 ‘

405 4142 817 4222 magniSabm
849 4140 1138 4203 monachi
1180 4142 1374 4204 multa
1396 4159 1542 4204 cum
1577 4144 1760 4205 laude
1793 4143 2238 4207 incoluerunt:
2269 4147 2334 4208 in
2368 4163 2503 4226 quo
2525 4156 2583 4208 et
2614 4147 2964 4224 Gregorius
2999 4155 3216 4209 noster
3266 4147 3652 4227 aliquandiu

405 4239 640 4317 hospes
673 4238 908 4301 dicitur
935 4256 1082 4302 esse
1124 4247 1431 4302 versatus.
1460 4241 1607 4319 ipsa
1658 4257 1811 4304 vero
1858 4242 2103 4303 Leontii
2144 4242 2409 4320 scriptio
2448 4244 2649 4304 multo
2684 4243 3048 4305 uberiorem
3087 4243 3640 4321 disputationibus

404 4335 732 4397 materiam
757 4335 1214 4414 suppeditavit.
1252 4338 1402 4397 Nam
1434 4343 1497 4397 et
1534 4337 1613 4398 de
1648 4337 1800 4397 viris
1834 4336 2466 4415 inquirendumjuit,
2499 4353 2774 4417 quorum
2814 4337 3047 4417 injecta
3090 4339 3327 4400 mentio
3359 4345 3551 4411 esset,
3586 4346 3647 4401 et

401 4442 765 4509 temporum
793 4430 1075 4493 ineunda
1103 4432 1281 4504 ratio,
1317 4430 1477 4492 ultra
1510 4448 1654 4510 quas
1682 4449 2024 4494 excurrere
2063 4431 2327 4494 historia
2354 4450 2479 4494 non
2519 4440 2756 4511 posset,
2786 4440 2848 4494 et
2883 4433 3017 4495 loca
3053 4434 3190 4512 ipsa
3222 4434 3645 4513 designanda,

402 4527 473 4590 in
504 4527 745 4606 quibus
800 4527 1053 4606 insigne
1108 4525 1352 4605 aliquid
1402 4535 1511 4588 aut
1544 4526 1710 4589 scitu
1742 4527 2007 4605 dignum
2058 4527 2413 4603 contigisse
2471 4528 2872 4606 proderetur.
2922 4531 3051 4591 Nec
3103 4546 3257 4591 sane
3306 4546 3501 4607 pauca
3534 4538 3645 4591 aut

401 4624 631 4701 exigua
675 4639 747 4686 ea
778 4623 993 4686 dicere
1024 4622 1172 4703 quis
1213 4624 1437 4701 possit,
1468 4638 1613 4701 qum
1645 4623 1863 4701 partim
1902 4639 2063 4685 nova
2095 4640 2214 4687 nec
2244 4632 2391 4687 ante
2420 4624 2699 4704 cognita,
2737 4624 2970 4703 partim
2996 4625 3327 4687 emendata
3366 4641 3436 4687 ac
3469 4625 3650 4687 resti-

400 4728 557 4790 tuta,
595 4736 764 4782 nunc
796 4718 1077 4799 denique
1110 4724 1315 4780 lucem
1345 4725 1679 4797 aSpectura
1712 4718 1859 4780 sint.

473 4840 638 4915 Quia
667 4856 818 4902 vero
864 4838 1173 4903 Leontius
1205 4836 1423 4901 nullos
1453 4836 1738 4911 historia
1779 4855 1914 4902 sum
1953 4854 2155 4902 annos
2190 4838 2590 4917 ascripserat,
2644 4838 2999 4901 ordinanda
3044 4854 3306 4918 quoque
3352 4836 3641 4914 Gregorii

395 4938 522 4999 vita
554 4937 697 5011 fuit,
744 4946 806 4999 et
844 4935 1055 4998 annali
1098 4933 1450 5014 proposito,
1481 4952 1582 4996 res
1615 4934 1757 5015 ejus
1791 4944 2006 5015 gestae,
2041 4942 2353 5015 quantum
2402 4933 2494 4996 fas
2541 4941 2739 5008 esset,
2778 4936 2857 4995 ad
2909 4943 3081 4997 certa
3122 4935 3243 4996 mvi
3305 4933 3642 4995 intervalla

395 5032 770 5097 referendas.
804 5032 982 5095 Unde
1010 5030 1244 5095 factum
1278 5040 1397 5106 est,
1434 5039 1498 5094 ut
1531 5031 1870 5095 contraria!
1910 5031 2270 5106 sementim,
2303 5046 2451 5109 quas
2477 5032 2557 5094 de
2598 5031 2779 5093 illius
2816 5044 2956 5094 mvo
2995 5032 3162 5110 apud
3214 5030 3377 5095 alios
3421 5030 3638 5093 hacte-

393 5148 515 5191 nus
534 5131 969 5201 obtinuerant,
990 5125 1283 5190 funditus
1308 5135 1773 5203 averterentur,
1805 5128 2121 5209 tertiaque
2153 5130 2763 5208 induceretur,qum
2788 5128 2989 5191 ﬁrmis
3019 5127 3205 5207 plane
3239 5130 3636 5207 argumentis

393 5235 560 5286 stare
595 5225 927 5286 videatur:
954 5240 1166 5304 neque
1195 5224 1369 5286 enim
1402 5225 1480 5287 ad
1506 5239 1643 5286 eam
1664 5223 2160 5288 confirmandam
2199 5223 2580 5287 recentioris
2616 5224 2817 5286 ullius
2847 5223 3178 5303 scriptoris
3202 5223 3639 5286 testimonium

393 5321 951 5400 temereamplexi
987 5338 1254 5395 sumus;
1285 5321 1400 5384 sed
1452 5320 1789 5383 vetustatis
1827 5327 2265 5389 monumenta,
2300 5329 2617 5381 eteorum
2642 5319 2785 5400 'qui
2830 5320 3446 5400 Gregorii-aquales
3486 5320 3644 5382 fuls-

391 5429 562 5494 sent,
588 5420 846 5485 'indicia
883 5418 1649 5499 conquisivimus,.unde
1691 5418 2020 5483 solumad
2064 5415 3639 5497 qumstionem-dirimendomoaucmitatevpeti,

391 5524 451 5575 rt
487 5522 793 5596 tanquam
817 5533 896 5577 ex
920 5516 1054 5577 veri
1106 5514 1400 5578 fontibus
1426 5514 1679 5578 hauriri
1704 5522 2019 5595 poterant.

472 5634 615 5692 Post
642 5630 777 5695 litae
802 5630 1239 5710 indagandum
1262 5629 1457 5693 etiam
1487 5629 1896 5699 censuimus,
1914 5645 2117 5707 quam
2158 5629 2623 5691 vetus'defviri‘
2641 5630 2986 5693 sanctitate
3000 5632 3231 5707 opinio
3264 5632 3663 5695 in’ﬁeelesta'

385 5726 637 5791 fuisset.
664 5727 981 5807 Cujusrei-
1002 5742 1193 5789 causa
1218 5735 1429 5790 vetera
1454 5727 1522 5788 in
1547 5725 2681 5805 primivaati'norumMertyt-nlogia,
2700 5726 3194 5807 Grucorutuque
3210 5730 3458 5793 urens
3472 5740 3649 5790 seru-
