4026 6438
335 500 449 568 529'.
1190 500 1451 563 STEPH.
1489 500 1807 563 ANTONII
1844 500 2228 562 MORCELLI
2266 496 2690 569 PBJEFATIO.
3452 490 3561 554 530

334 612 441 681 tari
469 628 632 692 opus
659 609 783 675 fuit
821 634 837 676 :
885 613 1057 687 unde
1112 615 1481 679 testimonia
1510 617 1931 695 sumpsimus,
1971 632 2116 696 quae
2158 612 2435 691 reperire
2495 610 2823 689 potuimus
2878 610 3121 670 vetusta
3167 609 3364 683 atque
3405 601 3566 664 illu-

331 709 497 775 stria.
531 724 742 787 neque
780 707 1050 772 aliunde
1079 712 1255 790 quod
1290 713 1419 790 peti
1450 712 1685 791 potuit,
1714 710 2101 791 neglectum,
2132 727 2264 791 quo
2298 707 2592 788 Gregorii
2626 703 2827 767 nostri
2855 703 3250 766 sanctitatem
3279 707 3566 763 testatum

334 818 528 883 magis
557 803 882 883 etjamdiu
912 805 1227 886 cognitam
1258 823 1331 869 ac
1362 805 1762 870 manifestam
1786 811 2304 870 ostenderemus.

406 950 839 1016 Adnectendm
887 953 1169 1034 denique
1219 956 1321 1018 his
1368 955 1553 1020 fuere
1597 967 1888 1039 veterum
1937 974 2199 1038 quoque
2250 955 2636 1032 scriptorum
2679 949 3106 1020 auctoritates,
3167 945 3547 1026 quicunque

331 1043 621 1126 Gregorii
671 1047 890 1110 laudes
938 1059 999 1112 et
1037 1052 1388 1114 doctrinam
1429 1055 1882 1117 celebrassent.
1919 1056 2298 1133 Quanquam
2353 1065 2501 1111 vero
2541 1046 2948 1123 scriptorum,
2980 1042 3094 1123 qui
3144 1050 3389 1104 aetatem
3424 1039 3565 1116 ejus

335 1142 622 1223 proxime
656 1146 985 1206 consecuti
1024 1157 1200 1220 sunt,
1235 1152 1543 1226 paucitas,
1572 1169 1689 1213 nec
1726 1153 1938 1213 minus
1970 1159 2372 1218 cancrorum.
2407 1143 2522 1224 qui
2553 1140 2790 1203 deinde
2818 1138 3025 1209 fuere.
3050 1137 3379 1199 Silentium
3413 1134 3571 1195 εσθ-

329 1237 408 1300 cit
451 1246 520 1297 ut
573 1238 637 1299 in
671 1246 1015 1302 scrutando
1073 1240 1295 1305 felices
1344 1262 1469 1306 non
1521 1263 1849 1319 essemus,
1905 1244 2221 1308 nonnulla
2289 1252 2494 1304 tamen
2544 1235 2824 1314 reperire
2876 1234 3079 1305 licuit,
3126 1249 3272 1312 qum
3321 1232 3386 1292 in
3432 1230 3572 1307 ipsa

329 1340 684 1410 temporum
727 1336 1228 1414 perturbatione,
1258 1350 1318 1401 at
1346 1358 1449 1416 lue
1491 1341 1554 1402 in
1594 1343 1843 1419 magnis
1878 1341 2013 1401 illis
2052 1339 2327 1401 inscitiae
2354 1332 2642 1400 tenebris
2679 1330 2935 1394 virtutis
2967 1337 3029 1392 et
3058 1328 3403 1408 sapientia
3434 1326 3577 1406 ejus

330 1427 701 1489 memoriam
736 1431 962 1509 perdiu
996 1435 1163 1511 apud
1191 1435 1488 1515 homines
1524 1437 1837 1499 mansisse
1867 1436 2214 1498 declarent.

399 1575 533 1636 Iam
570 1574 670 1636 his
705 1576 1067 1655 defunctus,
1102 1581 1259 1644 illud
1298 1584 1688 1664 prmeipuum
1721 1584 2124 1663 maximeque
2156 1591 2591 1664 Opportunum
2624 1579 3011 1655 existimavi,
3043 1583 3111 1639 ut
3143 1575 3222 1637 de
3252 1569 3546 1650 Gregorii

328 1670 601 1748 scriptis.
641 1689 913 1751 quorum
947 1675 1167 1739 titulos
1196 1678 1423 1743 afferre
1464 1698 1742 1759 possem,
1767 1680 2061 1742 nonnihil
2097 1680 2511 1752 dissererem,
2543 1679 2753 1742 fusius
2800 1691 2950 1740 vero
2993 1675 3070 1735 de
3107 1667 3578 1736 Commentario

327 1766 538 1844 ipsius
576 1768 640 1828 in
677 1768 1103 1834 Ecclesiasten
1161 1773 1344 1837 libris
1376 1776 1596 1839 decem
1632 1776 1956 1848 absoluto,
1989 1776 2099 1855 qui
2144 1783 2267 1837 tam
2299 1792 2445 1838 sero
2480 1777 2542 1839 in
2577 1776 2785 1837 lucem
2821 1788 2919 1858 me
2957 1776 3215 1832 auctore
3260 1765 3569 1845 prodiret.

329 1864 550 1941 Itaque
581 1863 748 1924 scire
777 1880 1003 1929 omnes
1036 1868 1234 1943 volui,
1268 1870 1454 1950 cujus
1488 1872 1597 1934 ille
1637 1874 1699 1934 in
1751 1889 1977 1935 manus
2027 1873 2302 1950 primum
2342 1874 2647 1946 venisset,
2701 1869 2942 1949 quibus
2990 1864 3227 1928 deinde
3270 1861 3571 1942 cognitus

328 1956 579 2031 fuisset,
622 1959 699 2021 ad
726 1976 888 2037 quos
924 1963 1178 2025 demum
1213 1966 1457 2028 delatus
1520 1976 1715 2031 esset.
1751 1966 2017 2047 Aliquid
2052 1968 2241 2029 etiam
2288 1968 2607 2029 interesse
2666 1964 2912 2046 putavi,
2949 1962 3002 2023 si
3043 1959 3400 2023 accuratius
3460 1958 3581 2018 do-

334 2069 536 2115 cerem
600 2071 790 2132 quam
826 2057 965 2133 ipse
999 2075 1258 2137 Operam
1291 2063 1358 2124 in
1403 2080 1482 2125 eo
1526 2064 1775 2126 edendo
1822 2064 2339 2143 illustrandoque
2376 2079 2705 2125 navassem
2731 2079 2751 2119 :
2788 2076 2941 2139 qua}
2978 2055 3313 2135 scriptoris
3352 2052 3577 2132 prmci-

335 2165 472 2228 Ρῑιω
498 2147 754 2223 laudes.
785 2168 931 2241 quae
959 2155 1175 2230 operis
1205 2174 1478 2231 summa,
1509 2176 1654 2238 qum
1685 2161 1904 2237 gratia,
1940 2180 2087 2241 quas
2118 2162 2358 2225 utilitas
2387 2179 2537 2224 esse
2563 2160 2914 2222 videretur.
2941 2161 3148 2235 Atque
3183 2154 3302 2215 hoc
3331 2153 3398 2214 in
3436 2154 3577 2212 loco
3642 2168 3645 2171 ·

336 2244 537 2307 Oblata
572 2246 762 2307 etiam
798 2240 1043 2310 Occasio
1075 2257 1171 2312 est
1212 2251 1585 2331 inquirendi
1619 2257 1698 2316 de
1748 2240 2073 2320 veteribus
2114 2273 2436 2319 sacrarum
2471 2256 2850 2317 Litterarum
2886 2246 3392 2328 exemplaribus,
3428 2263 3575 2324 qua:

339 2340 567 2419 priscis
606 2342 908 2405 Ecclesiae
932 2345 1220 2408 Patribus
1254 2347 1317 2409 in
1361 2366 1479 2409 usu
1507 2348 1773 2424 fuerint,
1800 2370 1943 2414 cum
1975 2351 2507 2416 scilicet'codices
2539 2366 2767 2430 magno
2801 2348 3041 2427 ubique
3073 2343 3275 2422 pretio
3300 2344 3574 2413 stabant,

347 2453 462 2498 nec
493 2439 880 2514 Optimorum
924 2441 1495 2506 describendorum
1552 2449 1737 2522 capia
1776 2449 2014 2529 cuique
2068 2466 2325 2528 semper
2380 2454 2536 2509 erat.
2583 2444 2870 2508 Subinde
2922 2457 3076 2504 vero
3114 2454 3371 2501 causam
3420 2438 3576 2498 item

350 2530 842 2607 investigandam
873 2544 1063 2615 atque
1094 2539 1818 2616 aii‘erendamduxi,mr
1842 2545 2194 2624 Gregorius
2225 2541 2766 2607 Commentarium
2798 2554 2989 2602 suum
3020 2537 3241 2599 Graeco
3273 2547 3573 2594 sermone

347 2627 463 2689 sibi
485 2629 892 2695 scribendum
923 2636 1323 2712 existimarit,
1364 2642 1485 2717 [in]
1516 2642 1624 2720 qui
1660 2642 1878 2705 Latina
1931 2644 1998 2704 in
2034 2642 2574 2711 Ecclesianatus,
2625 2637 2980 2713 Latinoque
3028 2634 3154 2694 ritu
3191 2629 3392 2692 factus
3441 2627 3579 2705 epi-

338 2738 597 2800 scopus.
636 2728 848 2789 Latina
883 2729 1161 2807 profecto
1196 2750 1461 2797 noscere
1492 2744 1553 2797 et
1592 2745 1854 2800 tractare
1887 2737 2206 2800 debuerit.
2241 2738 2388 2798 Heec
2417 2735 2633 2798 omnia
2680 2729 3086 2811 Gregoriano
3110 2725 3307 2803 Operi
3341 2723 3572 2803 prmire

338 2820 543 2894 volui,
585 2826 786 2901 utqui
818 2826 893 2885 ad
930 2825 1269 2906 legendum
1300 2832 1699 2907 accederent,
1721 2834 1784 2896 in
1814 2834 1953 2896 luce
1980 2834 2201 2915 aliqua
2233 2837 2667 2904 versarentur,
2694 2840 2761 2893 et
2787 2822 3251 2907 quaestionibus
3284 2821 3362 2886 de
3391 2819 3583 2884 illius
3610 2820 3618 2831 '

329 2927 598 2981 auctore
629 2921 986 2999 explicatis,
1015 2923 1273 2989 lectioni
1311 2925 1622 2993 libentius
1648 2928 2076 3010 indulgerent.

407 3065 713 3129 invenies
747 3068 941 3147 igitur
985 3070 1198 3148 ipsum
1256 3073 1538 3155 denique
1592 3076 2157 3152 Commentarium,
2208 3092 2370 3153 Opus
2415 3076 2672 3136 doctum
2718 3069 2902 3149 plane
2955 3087 3073 3133 nec
3123 3069 3574 3146 incomptum:

320 3157 635 3223 invenies
667 3165 853 3227 simul
877 3173 1075 3229 totum
1104 3166 1247 3230 libri
1274 3170 1674 3234 Ecclesiaste:
1705 3179 2096 3244 contextum,
2117 3172 2371 3249 qualem
2393 3187 2427 3231 a
2455 3167 2768 3247 Gregorio
2801 3169 3029 3231 lectum
3051 3168 3586 3243 descriptumque

318 3259 730 3335 accepimus,
766 3279 911 3342 quas
953 3265 1213 3342 quidem
1260 3267 1562 3346 religiose
1589 3284 1662 3330 ac
1691 3269 1953 3331 totidem
1989 3268 2201 3329 verbis
2256 3266 2505 3345 vulgata
2535 3280 2570 3325 a
2614 3280 2714 3325 me
2749 3279 2891 3326 esse
2926 3261 3243 3339 proﬁteor,
3277 3277 3395 3322 nec
3446 3260 3583 3321 ullo

317 3360 499 3416 aucta
547 3357 993 3421 additamento
1029 3366 1250 3436 praster
1278 3378 1603 3434 numeros,
1630 3381 1795 3443 quos
1827 3371 1895 3426 ut
1921 3363 2328 3433 ascriberem,
2368 3359 2714 3421 multorum
2749 3375 2850 3420 me
2883 3358 3309 3428 consuetudo,
3352 3361 3415 3416 et
3438 3354 3581 3435 ipsa

317 3451 410 3512 rei
458 3454 717 3512 utilitas
749 3455 1098 3517 admonuit.
1136 3460 1214 3518 At
1259 3475 1412 3520 vero
1448 3456 1633 3535 infra,
1670 3466 1741 3521 ut
1787 3477 1926 3523 mos
1973 3465 2089 3533 est,
2137 3459 2427 3518 adnotata
2469 3454 2815 3519 identidem
2854 3452 3096 3527 videas,
3132 3468 3277 3533 qua).
3324 3450 3593 3515 maxime

318 3545 567 3625 legenti
631 3549 805 3611 utilia
865 3556 925 3612 et
986 3559 1159 3629 grata
1220 3551 1354 3615 fore
1412 3553 1719 3633 judicavi,
1779 3573 1813 3617 e
1871 3557 2107 3635 quibus
2165 3553 2285 3614 alia
2353 3551 2518 3613 sacri
2575 3549 2722 3612 libri
2794 3548 3147 3627 cognitioni
3213 3546 3590 3628 intelligen-

316 3642 566 3719 tiaeque
651 3646 1044 3721 conducant,
1111 3648 1233 3710 alia
1301 3650 1585 3728 Gregorii
1652 3652 2018 3729 interpretis
2087 3650 2433 3714 sententias
2504 3654 2567 3710 et
2643 3646 2991 3709 doctrinam
3060 3646 3401 3709 illustrent.
3491 3646 3580 3707 Ex

307 3736 413 3800 his
481 3756 694 3819 porro
762 3740 818 3803 si
878 3743 1183 3823 pleraque
1238 3763 1272 3804 e
1341 3745 1572 3820 medio,
1616 3754 1684 3808 ut
1739 3747 1947 3822 aiunt,
2020 3755 2274 3826 sumpta
2337 3762 2480 3808 esse
2531 3743 2888 3825 putaveris,
2946 3758 3157 3822 neque
3209 3758 3373 3805 nova
3469 3742 3592 3805 dici

309 3848 515 3908 posse
555 3840 675 3895 aut
707 3836 1068 3912 recondita;
1101 3856 1180 3900 ne
1211 3839 1323 3901 tibi
1369 3842 1771 3919 persuadeas,
1806 3858 1881 3903 ea
1913 3840 2107 3919 pluris
2142 3861 2178 3905 a
2225 3860 2325 3904 me
2373 3841 2703 3913 venditari,
2741 3856 2932 3919 quam
2965 3840 3251 3919 ipsorum
3296 3840 3377 3900 sit
3428 3856 3576 3917 pre-

307 3928 519 3993 tium:
570 3932 690 3992 sed
724 3931 843 3994 hoc
893 3940 1135 3996 tantum
1171 3953 1270 3997 me
1327 3938 1610 4000 sensisse
1664 3942 1919 4013 statuas,
1955 3940 2109 4001 usui
2154 3938 2419 4002 fortasse
2466 3944 2656 4017 atque
2699 3937 3171 3999 oblectamento
3218 3926 3588 4014 legentibus

302 4021 559 4099 futura,
601 4028 775 4106 quod
809 4029 1104 4091 nimirum
1140 4048 1289 4093 suos
1324 4032 1389 4093 in
1423 4031 1593 4094 locos
1621 4038 1918 4111 congesta
1948 4042 2009 4099 et
2039 4035 2361 4116 quaerendi
2397 4035 2675 4098 laborem
2717 4034 3023 4105 adimere,
3042 4038 3118 4094 ’et
3151 4031 3579 4110 cognoscendi

302 4122 554 4184 atl‘erme
594 4123 990 4204 voluptatem
1014 4146 1199 4207 posse
1231 4129 1618 4193 viderentur.
1646 4131 1875 4211 Ecquis
1907 4130 2076 4194 enim
2109 4138 2483 4211 post'tantos
2511 4131 2839 4193 doctorum
2876 4128 3152 4189 virorum
3190 4125 3437 4190 labores
3467 4126 3590 4188 huc

302 4235 490 4282 nunc
529 4222 834 4301 recipere
887 4225 1110 4303 possit,
1138 4243 1208 4288 se
1236 4227 1395 4289 nihil
1430 4229 1867 4308 expositurum
1899 4227 2077 4308 quod
2117 4227 2425 4289 intactum
2454 4241 2580 4288 non
2614 4224 2713 4298 sit,
2747 4231 2859 4286 aut
2895 4222 3070 4287 nulla
3107 4221 3381 4286 aliorum
3413 4239 3592 4287 com-

302 4319 734 4380 mentatione
759 4318 1105 4381 delibatum
1131 4323 1160 4382 7

381 4462 675 4525 Indices
695 4461 946 4526 demum
976 4465 1323 4530 desiderari
1349 4467 1550 4543 nolui,
1585 4468 1815 4550 quibus
1840 4487 2008 4551 sape
2042 4486 2266 4548 magna
2297 4486 2374 4530 ex
2406 4472 2578 4545 parte
2609 4465 3047 4529 studiosorum
3083 4463 3334 4526 levatur
3374 4461 3599 4524 labor:

299 4559 663 4638 effecique
723 4566 793 4621 ut
835 4560 1149 4641 quidquid
1187 4569 1316 4625 toto
1354 4564 1419 4625 in
1457 4563 1780 4628 volumine
1826 4567 1963 4628 sive
2020 4583 2234 4628 rerum
2287 4564 2420 4626 sive
2454 4564 2793 4624 verborum
2848 4560 3036 4634 inest,
3084 4561 3256 4640 quod
3300 4558 3527 4637 cuiqua
3559 4581 3594 4617 ιι

297 4671 732 4733 cognoscere
775 4655 1137 4733 aliquando,
1177 4664 1281 4721 aut
1310 4657 1654 4738 relegendo
1686 4661 2086 4740 perpendere
2114 4678 2276 4741 Opus
2307 4659 2523 4735 fuerit,
2555 4658 2899 4738 diligenter
2928 4665 3074 4718 ante
3114 4655 3332 4731 oculos
3366 4670 3597 4734 prOpo-
3655 4658 3661 4668 '

298 4749 515 4814 situm
556 4750 751 4812 nullo
785 4752 1041 4829 negotio
1077 4752 1363 4816 invenire
1395 4754 1672 4835 quisque
1702 4756 1927 4835 possit.

382 4892 639 4953 Habes
672 4890 966 4953 editionis
997 4910 1330 4970 summam,
1365 4898 1706 4976 operasque
1736 4912 1806 4957 ac
1835 4897 2031 4958 studii
2062 4897 2183 4961 mei
2212 4901 2509 4960 conatum
2539 4893 2882 4975 quemdam
2907 4898 2969 4956 et
2998 4889 3546 4955 adumbrationem
3574 4912 3590 4949 :

291 4988 529 5063 unde,
564 4988 827 5064 Opinor,
873 4989 1226 5069 intelligere
1276 5009 1493 5070 queas,
1543 5003 1608 5053 ut
1643 5000 1866 5055 cratera
1907 4992 2253 5064 defuerint,
2285 4992 2681 5070 diligentiam
2712 4996 2882 5052 certe
2934 4987 3283 5052 adhibitam
3316 5000 3479 5058 esse,
3514 5001 3595 5045 ne

290 5086 462 5145 navi
501 5084 743 5163 operis
779 5085 973 5147 editio
1013 5087 1225 5149 multis
1253 5087 1495 5167 culpari
1525 5097 1762 5169 posset.
1796 5088 2043 5151 Utinam
2076 5099 2137 5152 et
2189 5090 2368 5169 plura
2408 5089 2609 5151 sancti
2645 5088 2839 5168 hujus
2883 5087 2995 5149 viri
3036 5084 3270 5165 scripta
3308 5082 3589 5162 reperire

290 5180 676 5251 iicuissett
716 5196 863 5258 qum
911 5182 1174 5259 quidem
1219 5182 1301 5245 ab
1344 5184 1459 5247 illo
1503 5185 1717 5246 relicta
1757 5203 1898 5249 esse
1948 5188 2204 5261 scimus,
2247 5188 2357 5249 sed
2411 5194 2787 5249 vetustatem
2840 5192 3047 5247 tamen
3104 5179 3436 5258 pertulisse
3483 5178 3590 5240 vix

286 5279 689 5340 credimus.
722 5277 875 5337 Nam
916 5286 1228 5355 quantum
1264 5297 1343 5340 ex
1376 5297 1597 5342 eorum
1629 5281 1807 5343 libris
1855 5283 1966 5362 qui
1998 5282 2414 5345 bibliothecas
2442 5290 2691 5344 veteres
2722 5279 2982 5343 scrutati
3012 5286 3181 5351 sunt,
3214 5291 3602 5353 cognoscere

284 5374 699 5453 potuimus,
733 5388 1050 5450 nusquam
1080 5374 1367 5453 Gregorii
1395 5377 1593 5438 nostri
1628 5378 1888 5439 nomine
1920 5378 2287 5453 inscriptum
2322 5377 2669 5457 quidquam
2695 5375 2950 5439 emersit
2997 5374 3329 5447 hactenus,
3355 5369 3599 5434 nedum

281 5471 359 5533 in
387 5485 624 5533 usum
659 5466 987 5531 hominum
1020 5485 1375 5550 manusque
1411 5473 1726 5551 pervenit.

371 5626 567 5699 Qum
621 5636 769 5683 cum
799 5620 885 5684 ita
919 5621 1071 5697 sint,
1104 5623 1203 5685 vel
1238 5623 1361 5686 hoc
1398 5643 1592 5688 unum
1649 5646 1684 5689 a
1737 5628 1925 5691 nobis
1978 5630 2440 5692 munusculum
2486 5629 2693 5693 libens
2734 5627 2996 5705 accipiat
3035 5624 3314 5688 Ecclesia
3353 5631 3593 5693 sancta,

273 5712 643 5787 catholici
678 5718 948 5781 nominis
1001 5734 1229 5796 parens
1277 5728 1471 5801 atque
1513 5722 1734 5786 altrix:
1772 5724 1895 5788 hoc
1933 5724 2160 5788 habeat
2187 5732 2423 5789 nostra;
2469 5726 2694 5804 pignus
2724 5725 3100 5795 voluntatis,
3135 5722 3331 5787 nostri
3363 5721 3601 5784 amoris

278 5817 470 5882 indit
501 5817 688 5886 ium,
720 5830 851 5893 quo
881 5829 1021 5876 eam
1056 5814 1275 5896 utique
1310 5817 1777 5905 amplectimur,
1823 5821 1882 5883 ei
1922 5820 2051 5884 laeti
2079 5823 2417 5897 servimus,
2450 5839 2594 5884 cum
2636 5839 2709 5885 ea
2741 5814 3004 5896 sentire,
3036 5821 3104 5882 in
3136 5820 3283 5882 sinu
3336 5818 3474 5897 ejus
3508 5834 3606 5877 v1-

281 5932 469 5984 vere
514 5930 605 5978 ac
643 5913 805 5977 mori
847 5914 1031 5979 dulce
1065 5920 1126 5978 et
1156 5917 1459 5999 decorum
1487 5926 1806 6000 putamus.
1837 5920 1900 5984 Si
1938 5919 2082 6005 plus
2121 5919 2269 5985 dare
2305 5919 2424 5999 ipsi
2473 5936 2599 5983 non
2652 5934 3022 5998 possumus,
3054 5916 3110 5993 si
3160 5930 3463 6001 magnum
3498 5910 3608 5975 illa
