4026 6386
433 344 580 410 575.

1467 347 1528 408 s.
1563 347 1944 410 GREGORII
1987 334 2502 414 AGRIGENTINI
2535 351 2736 415 VITA.

3599 354 3700 417 ,57ίῖ

431 435 585 488 mine
631 433 742 490 tuis
814 433 1073 503 precibus
1113 433 1432 503 propitiato,
1489 437 1558 491 ad
1615 440 2012 494 monasterium

2142 441 2212 494 'va
2247 440 2637 510 συνταξώμεθα
2665 441 2781 503 τοῖς
2810 437 3081 507 ἀδελφοῖς,
3111 437 3204 492 καὶ
3231 436 3321 492 διὰ
3371 438 3478 494 τῶν
3527 443 3688 514 εὐχων

437 535 695 580 nostrum
733 525 1040 582 redeamus.
1073 524 1173 579 Cui
1205 526 1488 596 respondit
1518 529 1966 600 archiepiscopus
2000 549 2014 586 :

440 621 558 686 Age
587 615 742 672 laetus
771 615 1014 680 discede,
1064 615 1262 682 Pater;
1300 615 1385 672 fac
1436 627 1642 683 tamen,
1689 630 1884 676 sancto
1919 621 2012 677 die

437 705 766 774 Dominico,
814 706 906 776 qui
943 717 1068 777 pOst
1114 706 1321 762 Pascha
1354 709 1568 778 primus
1599 711 1728 776 erit,
1767 712 1876 769 huc
1916 713 2026 768 Do-

437 801 592 856 mino
627 799 993 870 supplicatum
1025 800 1315 864 redeas,et
1333 801 1401 856 ad
1441 819 1540 860 nos
1563 819 1803 875 quoque,
1826 816 1884 860 ut
1909 807 2026 876 ipse

433 893 572 961 vult,
609 900 886 948 revertare
921 909 937 947 :
979 890 1202 966 [χχχιιι]
1230 909 1338 964 quo
1383 903 1436 950 te
1452 895 1659 953 ultimis
1675 899 2024 955 snlutationi-

431 985 534 1040 bus
569 978 988 1060 prosequamur,
1033 995 1198 1055 atque
1227 987 1318 1041 ubi
1351 1003 1452 1043 nos
1486 989 1742 1058 precibus
1773 991 1880 1047 tuis
1931 1007 2024 1049 so—

430 1075 578 1132 latus
627 1076 814 1142 fueris,
859 1077 914 1130 in
953 1093 1084 1146 pace
1125 1079 1362 1148 denique
1399 1090 1455 1134 tu
1506 1081 1677 1136 etiam
1736 1085 1802 1136 ad
1830 1099 2026 1138 mona-

434 1167 659 1222 sterium
697 1177 850 1222 tuum
885 1168 1272 1239 proﬁciscaris.
1291 1170 1494 1226 Aberat
1527 1171 2026 1244 autemGregorius

432 1271 564 1312 cum
599 1259 717 1312 haec
749 1259 920 1314 abbas
967 1275 1092 1313 cum
1140 1261 1558 1332 archiepiscopo
1593 1264 2020 1332 colloqueretur.

435 1347 506 1400 At
542 1347 802 1402 monachi
851 1349 1324 1419 :u'chiepismpum
1373 1353 1638 1414 venerati.
1687 1355 2018 1422 discessere,

433 1446 490 1490 et
520 1451 588 1490 eo
651 1452 762 1507 quo
797 1439 1228 1503 destinaverant,
1267 1457 1327 1496 se
1355 1443 1724 1499 contulerunt.

509 1527 654 1583 XVI.
701 1527 843 1583 Tum
906 1541 1130 1587 sanctus
1192 1533 1639 1604 archiepiscopus
1695 1533 2022 1610 Gregorium

433 1622 688 1684 arcessit.
724 1636 962 1692 eumque
991 1623 1075 1680 sic
1103 1624 1401 1694 alloquitur
1431 1627 1629 1693 :Audi,
1670 1627 1896 1700 Greguri
1922 1630 2021 1696 ﬁli,

433 1711 579 1768 scire
612 1713 792 1767 bocte
831 1715 976 1777 volo,
1031 1715 1314 1772 dominutn
1378 1718 1620 1774 Marcum
1666 1723 2020 1787 monachum,

2131 549 2248 600 σου,
2281 533 2376 588 ἐὰν
2402 533 2620 604 θέλημα
2643 531 2780 586 Θεοῦ
2814 533 2984 593 εστιν,
3019 529 3375 602 κατέλθωμεν
3403 533 3460 586 ἐν
3474 532 3550 606 τῷ
3577 538 3690 590 ut-

2127 624 2238 698 λίῳ,
2282 625 2462 698 ἡμῶν.
2508 625 2568 680 '0
2595 625 2653 680 δὲ
2670 623 3096 697 ἀρχιεπίσκοπος
3123 622 3438 694 λέγειαύτῷ
3469 641 3484 656 ο
3512 628 3704 683 ’Δπελ-.

2127 716 2208 783 θε,
2250 719 2451 790 Πάτερ,
2488 718 2714 791 χαίρων,
2751 717 2847 772 καὶ
2877 717 3125 781 ποίησον,
3153 715 3260 780 ἕως
3291 717 3360 786 τῇ
3411 717 3537 790 ἀγίᾳ
3581 720 3685 776 Κυ.

2131 811 2295 881 ριακῇ
2323 809 2420 864 τοῦ
2458 809 2796 879 Ἀντιπάσχα
2823 807 3196 877 ἀνταποδίδῳς
3211 805 3293 874 τῷ
3344 807 3530 882 Κυρίῳ
3595 814 3686 878 τὰς

2127 898 2291 968 εὑχάς
2322 917 2438 967 σου,
2495 900 2592 954 καὶ
2652 898 3050 972 ἀνεπιστρεψον
3115 897 3252 968 πρὸς
3303 900 3471 966 ἡμᾶς,
3521 901 3690 969 καθὼς

2130 987 2412 1059 βούλεται,
2443 989 2530 1044 ἵνα
2562 987 2952 1059 συνταξώμεθά
2989 1003 3095 1052 σοι,
3145 987 3242 1041 καὶ
3303 987 3551 1060 λάϐωμεν
3598 994 3709 1064 τὴνς

2127 1081 2297 1151 εὐχήν
2325 1099 2440 1142 σου,
2479 1083 2575 1136 καὶ
2612 1079 2786 1145 οὕτως
2813 1081 3047 1152 ἀπέρχει
3079 1081 3138 1132 ὲν
3165 1079 3358 1150 είρήνῃ
3405 1081 3496 1133 καὶ
3546 1083 3706 1149 αὐτὸς.

2127 1175 2210 1238 είς
2250 1174 2346 1246 τὴν
2381 1175 2577 1229 κέλλαν
2607 1193 2722 1229 σου.
2753 1175 2870 1228 Οὐκ
2902 1170 2969 1245 ἦν
2990 1174 3048 1228 δὲ
3077 1175 3196 1243 μετ’
3231 1173 3414 1227 αὐτῶν
3435 1175 3468 1228 ὁ
3501 1175 3696 1248 Γρηγό·

2137 1283 2272 1339 ριος,
2313 1267 2403 1321 ὅτε
2439 1265 2614 1321 ταῦτα
2644 1266 2673 1319 ό
2707 1264 2882 1327 sese;
2913 1263 2988 1332 τῷ
3017 1262 3436 1334 ἀρχιεπισκόπῳ
3477 1263 3699 1334 διελέγεο

2124 1374 2205 1412 το.
2237 1359 2351 1412 Kal
2379 1356 2708 1428 ποιῇαντες
2751 1359 3044 1428 μετάνοιαν
3068 1353 3291 1426 ἐξῆλθον
3328 1355 3396 1408 ἑκ
3457 1355 3550 1410 τοῦ
3605 1358 3704 1429 ἀρα

2031 1453 2038 1462 ’
2136 1450 2523 1522 χιεπισκόπου,
2563 1451 2658 1504 καὶ
2689 1449 2930 1518 ἀπῆλθον
2957 1449 3091 1502 ὅπου
3125 1447 3432 1502 ἐϐούλοντοι

2202 1542 2303 1608 tq'
2323 1581 2338 1595 .
2370 1542 2483 1596 Kal
2507 1543 2766 1610 φωνήσας
2791 1541 2819 1594 ό
2848 1540 3002 1607 ἅγιος
3029 1539 3316 1609 Μακάριος
3352 1539 3448 1592 τὸν
3507 1538 3706 1612 Γρηγόι

2130 1651 2272 1706 ριον,
2302 1632 2453 1701 λέγει
2479 1633 2630 1703 αὑτῷ
2651 1649 2664 1662 ·
2691 1633 2982 1694 Ἄκουσον,
3015 1631 3206 1684 τέκνον
3253 1629 3546 1700 Γρηγόριε,
3573 1631 3720 1687 Em-

2126 1743 2211 1780 σοι
2261 1725 2504 1793 γνωστὸν
2535 1725 2697 1779 τοῦτο
2745 1722 2879 1795 παρ’
2933 1721 3092 1794 ἐμοῦ,
3155 1722 3240 1776 ὅτι
3277 1724 3306 1776 ό
3367 1721 3528 1792 κύρις
3555 1723 3703 1796 Μάρ-

434 1803 610 1870 quite
653 1803 760 1856 buc
784 1803 1030 1870 deduxit,
1074 1806 1202 1860 hinc
1229 1807 1436 1864 abiisse
1465 1810 1766 1865 salutatum
1821 1811 2021 1868 fratres

2142 1839 2220 1886 ιος
2251 1825 2280 1876 ό
2300 1823 2554 1893 μοναχδς,
2577 1825 2604 1875 ό
2627 1819 2852 1890 ἀγαγών
2874 1837 2934 1874 σε
2968 1817 3224 1886 ἐνταῦθα,
3246 1818 3519 1890 ἐπορεύθη
3543 1819 3707 1876 ἀσπάο

432 1893 528 1963 qui
563 1893 769 1950 circum
813 1897 866 1949 in
901 1907 1108 1952 sanctae
1145 1896 1332 1954 Siouis
1367 1899 1566 1956 vicinia
1621 1903 1824 1974 degunt
1864 1923 1878 1959 ι
1912 1919 2021 1959 cae-

435 1993 616 2040 terum
647 1985 724 2040 illi
757 2001 787 2040 a
829 1987 988 2043 nobis
1019 1989 1400 2061 praescriptum
1431 2007 1577 2067 esse,
1639 2004 1700 2050 ut
1733 1993 2024 2053 Dominico

2127 1913 2328 1968 σασθαι
2381 1916 2510 1977 τοὺς
2571 1913 2841 1982 ἀδελφοὺς
2885 1915 3010 1978 τοὺς
3040 1913 3202 1976 δντας
3231 1910 3502 1965 κυκλόθεν
3535 1910 3722 1984 xcidit)"

2127 2005 2228 2076 τῆς
2263 2005 2430 2074 ἁγίας
2467 2003 2632 2068 Σιὼν,
2654 2004 2750 2058 καὶ
2779 2003 3066 2075 ὡρίσαμεν
3089 2001 3260 2073 αὐτῷ,
3287 2002 3383 2056 ἵνα
3409 2001 3712 2074 ἀναστρέψῃ

431 2073 520 2130 die
548 2074 802 2144 proximo
828 2086 1138 2133 revertatur
1161 2079 1229 2134 ad
1263 2095 1400 2148 nos,
1434 2096 1538 2138 nec
1577 2083 1681 2138 nisi
1735 2095 1861 2154 post
1906 2103 2026 2143 mu-

2142 2073 2267 2168 πρὸς
2300 2073 2451 2168 ἡμᾶς
2467 2096 2528 2151 τὺ
2554 2095 2710 2164 ἀγιον
2738 2073 3208 2166 Ἀντιπάσχα,καὶ
3221 2073 3707 2165 συντάξηταιήμῖνς

436 2175 562 2218 tuos
591 2165 916 2234 complexus
948 2167 1015 2222 ad
1049 2171 1442 2225 monasterium
1463 2187 1626 2227 suum
1665 2175 1843 2230 redire
1869 2176 2025 2232 velit.

437 2255 572 2323 Qum
599 2265 660 2310 ut
685 2257 757 2312 ab
785 2258 1204 2332 archiepiscopo
1229 2263 1440 2333 accepit
1498 2261 1819 2334 Gregorius,
1864 2266 2032 2322 vehe-

444 2349 612 2401 menti
645 2347 808 2416 plane
846 2363 1086 2404 maerore
1140 2350 1371 2409 aﬂ‘cctus
1415 2362 1540 2422 est;
1587 2356 1654 2410 ad
1729 2357 1850 2427 ejus
1899 2373 2032 2414 vero

445 2439 614 2510 pedes
637 2441 1034 2510 procumbens,
1089 2458 1198 2498 non
1233 2444 1356 2501 sine
1393 2445 1656 2518 lacrymis
1691 2449 2032 2522 interrogare

440 2533 524 2588 sic
556 2532 724 2602 coepit
757 2550 771 2586 :
810 2531 972 2589 Pater
1008 2537 1386 2607 sanctissime,
1427 2548 1484 2594 et
1507 2541 1736 2607 Christi,
1775 2543 1865 2597 eui
1916 2558 2033 2599 ser—

438 2622 545 2689 vis,
577 2639 822 2680 amorem
857 2627 1072 2696 merite,
1108 2629 1381 2684 undenam
1417 2641 1549 2688 sunt
1577 2635 1915 2704 magnanimi
1941 2635 2030 2690 isti

440 2731 506 2772 ac
527 2717 1137 2786 providentissimiviri,
1169 2735 1312 2790 quos
1340 2721 1878 2792 equidem,domine,
1903 2726 2032 2783 hinc

439 2824 472 2863 e
503 2822 694 2864 sancta
719 2811 820 2866 hac
863 2821 1005 2866 terra
1046 2813 1314 2869 Oriundos
1345 2816 1603 2884 putabam
1627 2818 1652 2872 ?
1675 2817 1774 2872 Cui
1813 2819 2027 2876 archie-

437 2905 702 2974 piscopus
743 2945 759 2970 ,
793 2902 872 2958 Ex
904 2905 1062 2968 urbe,
1093 2906 1290 2976 inquit.
1332 2906 1499 2963 Roma
1529 2909 1583 2962 bi
1623 2919 1753 2966 sunt
1776 2913 1912 2984 (85),
1941 2913 2029 2968 .νὶ-

443 2993 579 3064 ginti
621 2995 690 3049 ab
718 3011 780 3051 ea
809 2997 1000 3052 stadiis
1060 3013 1162 3052 nec
1190 2999 1796 3070 longius'babitantes:
1843 3005 2032 3076 itaque

445 3089 643 3145 eodem
685 3091 904 3154 reverti,
955 3101 1010 3146 et
1049 3091 1102 3146 in
1154 3096 1550 3149 monasterium
1592 3111 1752 3150 suum
1785 3099 2034 3169 recipere

445 3199 506 3241 se
537 3184 746 3238 volunt.
796 3183 1063 3242 Ilievero
1094 3185 1395 3259 Gregorius
1433 3207 1445 3243 :
1480 3187 1712 3259 Vereor,
1737 3192 1923 3259 Pater,
1977 3205 2034 3250 ut

442 3289 542 3330 eos
595 3277 831 3344 amplius
901 3278 1133 3332 revisam
1171 3320 1186 3342 ,
1236 3291 1402 3350 atque
1485 3280 1626 3338 adeo
1687 3284 1847 3341 bonis
1921 3302 2037 3342 eo-

442 3383 566 3422 rum
595 3369 854 3438 precibus
885 3369 1075 3424 infelix
1109 3374 1330 3427 carebo.
1363 3371 1746 3446 Nequaquam,
1799 3377 1875 3434 ﬁli
1903 3418 1918 3442 ,
1954 3396 2037 3434 re-

2131 2188 2226 2242 καὶ
2247 2185 2420 2252 οὕτως
2450 2187 2662 2260 ἀπέλθῃ
2679 2189 2737 2241 ὲν
2756 2186 2836 2257 τῷ
2859 2185 3058 2257 κελλίῳ
3082 2182 3278 2240 αὐτοῦ.
3305 2184 3576 2249 Ἀκούσας
3605 2185 3659 2239 δι
3683 2187 3722 2238 ό

2130 2275 2439 2346 Γρηγόριος
2466 2275 2645 2330 ταῦτα
2678 2276 2834 2348 παρά
2876 2274 2973 2328 τοῦ
3031 2275 3508 2346 ἀρχιεπισκόπου,
3577 2275 3718 2339 πάνυ.

2133 2367 2381 2440 ἐλυπήθη
2415 2368 2644 2440 σφόδρα,
2679 2367 2776 2422 καὶ
2798 2366 2984 2422 πεσὼν
3013 2366 3167 2439 παρά
3227 2365 3360 2429 τοὺς
3402 2365 3572 2430 πόδας
3620 2365 3720 2422 τοῦτ

2134 2461 2580 2532 ἀρχιεπισκόπου
2628 2460 2769 2532 μετά
2827 2459 3083 2533 δακρύων
3105 2459 3254 2528 λέγει
3288 2456 3445 2530 αὑτῷ
3478 2474 3493 2490 ο
3543 2458 3713 2529 Πάτερ

2137 2551 2411 2622 ἁγιώτατα
2437 2553 2716 2624 Μακάριε,
2747 2551 2903 2606 δοῦλε
2933 2551 3265 2622 ἡγαπημένε
3317 2550 3418 2604 τοῦ
3455 2547 3708 2620 Χριστοῦ,

2137 2644 2234 2699 καὶ
2268 2643 2434 2698 πόθεν
2464 2644 2606 2699 είσὶν
2631 2645 2684 2697 ot
2721 2643 3088 2716 μεγαλόψυχοι
3109 2642 3306 2720 ἄνδρες
3338 2634 3490 2696 οὗτοι
3517 2641 3568 2696 οί
3600 2657 3714 2712 προ·

2137 2736 2386 2809 ορατικοί
2417 2753 2433 2803 ;
2459 2737 2536 2802 ὡς
2565 2735 2714 2791 δοκεῖ
2739 2753 2850 2807 μοι,
2881 2737 3136 2798 δέσποτα,
3168 2737 3252 2790 ὄτι
3291 2737 3357 2790 ὲκ
3403 2734 3514 2790 τῶν
3555 2733 3716 2802 ἀγίων

2134 2829 2320 2883 τόπων
2350 2827 2558 2884 τούτων
2587 2829 2726 2881 εἰσιν
2763 2821 2913 2883 οὗτοι
2959 2827 3256 2900 ἄνθρωποι.
3337 2826 3398 2880 Ὀ
3447 2825 3508 2881 δὲ
3567 2827 3710 2896 ἀρχι⁸

2138 2919 2442 2982 επίσκοπος
2467 2917 2616 2988 λέγει
2648 2917 2785 2988 πρὸς
2810 2917 3013 2976 αὐτόνγ
3049 2918 3276 2982 Τέκνον,
3313 2916 3382 2970 ἐκ
3411 2917 3512 2986 τῆς
3589 2915 3712 2969 Ῥω‹

2140 3008 2316 3080 μαίων
2346 3007 2554 3074 πόλεώς
2591 3009 2730 3063 εἰσιν
2761 3009 2839 3074 ὡς
2873 3009 2983 3064 ἀπδ
3023 3009 3258 3068 σταδίων
3307 3009 3510 3072 εἴκοσι,
3569 3007 3714 3061 κάκεῖ

2138 3100 2422 3174 βούλονται
2451 3103 2868 3173 ὲπανακάμψαι,
2917 3102 3016 3157 καὶ
3059 3101 3322 3156 ἀπελθεῖν
3377 3101 3438 3154 ὲν
3469 3099 3549 3171 τῷ
3609 3098 3724 3169 later

2136 3193 2358 3265 κελλίῳ.
2404 3193 2462 3250 Ὀ
2482 3194 2540 3248 δὲ
2573 3195 2878 3268 Γρηγόριος
2937 3194 3090 3264 λέγει
3120 3209 3135 3225 ο
3169 3192 3478 3264 Φοϐοῦμαι,
3525 3193 3721 3264 Πάτερ,

2139 3287 2216 3358 μή
2253 3305 2370 3351 πως
2399 3287 2462 3342 οὐ
2500 3287 2786 3356 θεάσωμαι
2835 3288 2965 3353 τοὺς
3028 3285 3378 3358 ἀνθρώπους,
3407 3286 3506 3342 καί⁹
3563 3285 3722 3369 μείνω

2137 3381 2376 3454 ὀρφανὸς
2403 3379 2516 3434 τῶν
2554 3381 2730 3454 εὐχῶν
2761 3381 2963 3436 αὐτῶν.
2999 3381 3110 3435 Καὶ
3131 3381 3461 3452 ἀποκριθεὶς
3489 3381 3520 3435 ό
3547 3381 3722 3451 ἀρχιεο
3759 3369 3772 3384 ’

445 3447 672 3527 s'pondit
705 3461 1155 3532 archiepisc0pus
1185 3481 1199 3517 :
1239 3467 1440 3534 quippe
1471 3465 1578 3522 huc
1611 3469 1679 3522 ad
1733 3485 1834 3526 nos
1893 3471 2036 3526 redi-

2142 3447 2410 3536 πίσκοπος
2444 3469 2598 3526 εἶπεν
2619 3447 2828 3544 Ϊούχὶ,
2855 3472 3048 3526 τέκνον
3079 3487 3093 3502 ·
3123 3447 3292 3526 ἐνθεν-
3344 3471 3566 3543 ἔχουσιν
3588 3447 3718 3525 ’ἀνα-

446 3551 556 3606 turi
583 3563 732 3608 sunt.
761 3553 856 3610 Sic
884 3555 1034 3610 enim
1077 3557 1211 3610 mihi
1246 3557 1505 3615 dominus
1528 3558 1750 3618 Marcus
1799 3579 2040 3633 spopon-

446 3644 548 3708 dit,
581 3660 660 3710 se,
685 3657 877 3702 sancto
903 3648 991 3702 die
1059 3647 1346 3706 Dominico
1387 3653 1482 3721 qui
1549 3654 1764 3724 primus
1820 3654 2040 3714 futurus

447 3745 554 3802 est,
581 3737 630 3791 si
662 3737 802 3794 Deus
832 3751 1062 3806 annuat,
1095 3751 1357 3800 venturos
1389 3745 1458 3800 ad
1501 3761 1622 3812 nos,
1679 3757 1739 3802 ut
1793 3765 1862 3804 ex
1904 3765 2042 3806 con-

447 3826 594 3882 dicto
627 3830 843 3899 utrique
866 3841 1117 3887 nostrum
1148 3834 1288 3890 bene
1313 3845 1587 3905 precetur.

525 3919 689 3978 XVII.
726 3921 1067 3981 Versabatur
1105 3937 1296 3984 autem
1327 3928 1630 4002 Gregorius
1666 3949 1792 3990 cum
1829 3936 2042 3992 archie—

451 4013 698 4085 piscopo,
741 4017 842 4087 ipsi
884 4019 940 4073 in
973 4020 1455 4080 obsecrationibus
1486 4025 1761 4089 assidens,
1782 4037 1838 4084 et
1865 4029 2041 4085 virtu-

454 4115 538 4160 tes
575 4109 698 4178 ejus
721 4109 976 4181 piamque
1005 4113 1130 4168 vitae
1157 4116 1428 4172 rationem
1467 4117 1669 4174 imitari
1710 4122 2038 4183 conabatur.

456 4198 554 4255 Vir
607 4202 754 4256 enim
815 4213 936 4259 erat.
973 4206 1176 4262 divinis
1227 4211 1468 4265 oraculis
1527 4211 1802 4270 addictus.
1859 4216 2043 4283 Quare

455 4293 756 4365 Gregorius
789 4298 1036 4366 quotidie
1069 4301 1313 4357 diluculo
1345 4303 1566 4360 lectoris
1597 4317 1780 4376 partes
1820 4309 2042 4367 assidue

454 4389 672 4460 agebat,
713 4405 910 4462 magna
944 4393 1195 4448 omnium
1225 4395 1614 4464 admiratione,
1656 4417 1784 4456 cum
1826 4417 1930 4458 nec
1985 4407 2038 4461 in

458 4486 845 4554 percurremlis
878 4486 1034 4545 libris
1061 4489 1364 4560 quidquam
1391 4502 1625 4556 erraret,
1669 4505 1724 4550 et
1759 4497 1813 4551 in
1875 4497 2038 4554 intel-

460 4579 680 4652 ligendo
710 4593 908 4639 acutus
941 4591 1109 4648 esset,
1161 4601 1246 4655 ac,
1289 4587 1334 4642 si
1391 4589 1839 4662 archiepiscopus
1889 4609 2045 4650 mau-

459 4673 665 4738 dasset,
705 4674 762 4728 in
811 4673 1221 4744 interpretando
1259 4691 1366 4732 non
1423 4679 1608 4734 minus
1665 4679 1922 4736 idoneum
1989 4698 2048 4738 se

2144 3565 2376 3638 στρέψαι
2407 3581 2420 3594 °
2439 3565 2614 3630 οὕτως
2644 3565 2756 3636 γάρ
2791 3583 2882 3635 μοι
2919 3565 3178 3618 συνέθετο
3201 3566 3231 3618 ὁ
3262 3563 3429 3635 κύρις
3484 3562 3726 3633 Μάρκος,

2143 3657 2230 3712 ἵνα
2255 3655 2391 3712 Θεοῦ
2426 3657 2674 3712 κελεύσει
2701 3660 2770 3728 τῇ
2801 3658 2936 3728 ἁγία
2963 3659 3217 3728 κυριακῇ
3253 3658 3321 3728 τῇ
3365 3657 3466 3728 νέᾳ
3496 3655 3724 3711 aiataia-

2144 3751 2286 3806 6ωσι
2307 3752 2444 3824 πρὸς
2473 3751 2644 3822 ἡμᾶς,
2679 3750 2756 3815 ὡς
2785 3749 2912 3822 ἔφη,
2942 3751 3037 3805 καὶ
3065 3749 3440 3822 ἀπολάϐωμεν
3482 3748 3592 3803 τῶν
3640 3749 3722 3802 εὐ·

2143 3845 2257 3916 χῶν
2300 3844 2482 3900 αὐτῶν
2503 3845 2838 3916 ἀμφότεροι.

2219 3933 2320 3990 ίΖ’.
2353 3930 2464 3989 Ἦν
2495 3935 2554 3988 δὲ
2599 3936 2628 3988 ὁ
2653 3935 2958 4007 Γρηγόριος
2998 3934 3138 4004 μετά
3166 3933 3264 3989 τοῦ
3294 3933 3726 4006 ἀρχιεπισιιόπου

2148 4027 2533 4098 προσεδρεύων
2555 4027 2708 4099 αὐτῷ
2741 4029 2861 4099 ταῖς
2883 4029 3096 4097 εὐχαῖς,
3131 4028 3224 4082 καὶ
3292 4026 3555 4098 ζηλωτὴς
3593 4025 3728 4094 γινό-

2151 4135 2313 4190 μενος
2342 4119 2442 4191 τῆς
2479 4119 2740 4190 ἐναρέτου
2775 4119 2870 4172 καὶ
2925 4118 3134 4188 σεμνῆς
3195 4119 3366 4172 αὐτοῦ
3415 4117 3685 4179 πολιτείας
3711 4129 3726 4143 ⁸

2153 4205 2223 4281 ἦν
2271 4211 2435 4282 γάρό
2461 4209 2602 4281 ἀνὴρ
2632 4211 2922 4274 σπουδαῖος
2962 4211 3090 4282 περὶ
3123 4209 3194 4264 τὰ
3229 4210 3350 4265 θεῖα
3404 4209 3588 4277 λόγια.
3630 4205 3730 4260 Ἦν

2151 4303 2208 4358 δὲ
2237 4304 2266 4358 ὁ
2293 4302 2596 4376 Γρηγόριος
2629 4287 2756 4357 καθ’
2816 4303 3056 4374 ἑκάστην
3103 4303 3318 4376 ἡμέραν
3377 4299 3732 4359 ἀδιαλείπτως

2153 4395 2232 4466 τῷ
2297 4373 2489 4468 ὄρθρῳν
2533 4373 2946 4464 ἀναγινώσκων,
3011 4393 3108 4448 καὶ
3159 4373 3586 4465 θαυμαζόμενος
3631 4389 3730 4444 ὑπὸ

2155 4487 2396 4550 πάντων,
2428 4484 2817 4548 ἀσολοικίστως
2845 4485 3196 4557 διερχόμενος
3220 4483 3318 4547 τὰς
3357 4483 3600 4554 βίϐλους,
3634 4477 3728 4532 πά-

2151 4582 2236 4634 λιν
2261 4581 2320 4634 δὲ
2344 4579 2470 4644 ὀξὺς
2495 4581 2576 4642 εἰς
2607 4578 2671 4631 τὸ
2694 4578 2840 4630 νοεῖν
2881 4578 2977 4631 καὶ
3005 4577 3304 4648 χρήσιμος,
3364 4571 3732 4646 δπιτρεπόμε-

2150 4691 2241 4738 νος
2273 4672 2426 4743 παρά
2479 4671 2574 4726 τοῦ
2617 4670 3080 4742 ἀρχιεπισκόπου,
3139 4671 3198 4724 ἐν
3246 4670 3368 4732 ταῖς
3423 4665 3733 4738 ἑρμηνείαις

447 4763 711 4834 proderet
771 4781 936 4836 quam
966 4767 1300 4824 modestum.
1343 4771 1522 4840 Atque
1579 4762 1692 4826 haec
1729 4781 1850 4828 erat
1910 4774 2036 4830 Gre-

2159 4763 2299 4835 μετά
2327 4763 2512 4832 πάσης
2541 4759 3066 4832 ταπεινοφροσύνης.
3100 4757 3382 4856 camenae
3411 4756 3592 4856 ἐποίει

463 4857 601 4928 gorii
633 4859 964 4928 quotidiana
1004 4861 1319 4930 occupatio,
1360 4871 1501 4917 utet
1554 4862 1760 4919 divinis
1824 4863 2036 4922 Litteritl

2160 4866 2260 4912 σας
2289 4849 2388 4914 τὰς
2417 4847 2636 4919 ἡμέρας
2679 4849 2710 4900 ό
2741 4846 3068 4918 Γρηγόριος,
3111 4843 3400 4918 σχολάζων
3437 4847 3505 4916 τῇ
3547 4841 3736 4914 μελέτῃ

461 4963 684 5018 Operam
705 4950 920 5024 [xxxiv]
947 4954 1122 5018 daret,
1152 4962 1208 5006 et
1235 4953 1288 5006 in
1307 4953 1784 5010 obsecrationibus
1817 4971 1876 5010 se
1901 4971 2052 5012 cxer-

463 5055 649 5099 ceret:
691 5045 879 5100 cibum
912 5056 1101 5101 contra
1139 5047 1308 5101 semel
1345 5047 1402 5101 in
1459 5047 1603 5102 diem
1645 5057 1912 5116 sumeret,
1949 5051 2053 5105 hu-

463 5137 539 5190 mi
597 5139 842 5202 cubaret,
901 5139 1199 5209 plurimum
1255 5139 1525 5210 vigilaret,
1573 5140 1770 5195 balneo
1835 5155 2056 5212 semper

467 5230 788 5286 abstineret.
837 5232 1123 5289 Dominico
1162 5231 1383 5288 demum
1425 5233 1516 5289 die
1543 5233 1612 5289 ad
1648 5249 1933 5304 vesperam
1969 5252 2056 5291 re-

470 5328 618 5381 diere
645 5329 901 5384 monachi
930 5329 983 5384 in
1017 5338 1264 5385 sanctam
1327 5330 1544 5397 urbem,
1579 5343 1633 5386 et
1685 5331 2058 5403 archiepisco-

475 5433 606 5489 pum
655 5431 818 5491 atque
853 5422 1032 5494 ipsum
1065 5423 1268 5479 deinde
1307 5421 1636 5494 Gregorium
1702 5418 2055 5482 inviserunt:

557 5558 670 5630 (85)
707 5558 1090 5630 Monasttrium
1113 5600 1130 5625 ,
1180 5558 1234 5612 ni
1270 5557 1450 5619 fallor,
1480 5558 1592 5630 γίιίίο
1639 5551 1959 5630 designatur
1991 5560 2058 5616 ad

483 5627 670 5696 Aquas
702 5627 916 5685 Salvias
961 5648 974 5682 :
1009 5645 1184 5700 neque
1223 5631 1368 5684 cnim
1420 5627 1841 5700 aliudﬂuspia'm
1889 5629 2061 5686 fuisse

489 5701 639 5766 novi,
668 5701 826 5770 quod
849 5701 977 5754 item
1015 5699 1242 5770 milliara
1265 5701 1373 5754 duo
1404 5714 1528 5756 cum
1561 5699 1789 5754 dimidio
1820 5701 1888 5754 ab
1923 5701 2058 5755 urbe

491 5767 742 5827 distaret.
785 5767 1017 5824 Martino
1069 5769 1084 5822 Ι
1157 5769 1417 5826 Pontilice
1475 5771 1714 5824 ιιιικὶιιιο
1772 5785 1918 5824 anno
1949 5772 2054 5825 5‘49

499 5851 723 5910 [inccrat
797 5842 868 5894 illi
900 5840 1226 5912 Gregorius
1260 5878 1274 5901 ,,
1336 5841 1422 5911 qui
1459 5841 1549 5912 hin
1611 5842 1843 5912 concilio
1895 5840 2056 5894 Late—

499 5914 717 5966 tancnsi
750 5910 911 5982 (apml
954 5909 1116 5966 llat‘d.
1152 5911 1320 5966 Cone.
1357 5909 1399 5964 ι.
1457 5909 1540 5984 lli,
1579 5927 1630 5980 p.
1669 5911 1814 5978 7:22),
1859 5913 2055 5968 dicitur

2156 4941 2266 4996 τῶν
2291 4941 2454 4996 θείων
2484 4939 2742 5012 Γραφῶν,
2772 4940 2868 4992 καὶ
2893 4937 3330 5010 προσκαρτερῶν
3353 4939 3424 5010 τῇ
3466 4935 3736 5008 προσευχῇ

2157 5034 2254 5090 καὶ
2283 5035 2351 5105 τῇ
2378 5033 2586 5104 δεήσει,
2621 5031 2770 5096 ἅπαξ
2815 5029 3013 5084 ἐσθίων
3045 5029 3145 5101 τῆς
3173 5031 3418 5101 ἡμέρας,
3445 5025 3741 5100 χαμευνίαν

2155 5142 2216 5180 τε
2249 5126 2345 5180 καὶ
2383 5123 2695 5196 ἀγρυπνίαν
2725 5121 3092 5186 ἀδιαλείπτως
3122 5121 3495 5192 κεκτημένος,
3548 5117 3742 5190 ὁμοίως

2157 5216 2215 5272 δὲ
2245 5215 2340 5270 καὶ
2381 5213 2662 5270 ἀλουσίαν.
2705 5211 3142 5283 Καταλαὸούσης
3176 5213 3234 5266 δὲ
3266 5213 3365 5282 τῆς
3413 5211 3580 5280 ἁγίας
3637 5207 3740 5260 Κυ-

2162 5308 2382 5382 ριακῆς,
2425 5306 2564 5379 πρὸς
2601 5305 2848 5378 ἑσπέραν
2879 5304 3226 5376 ἀνέστρεψαν
3249 5306 3298 5358 oi
3331 5304 3568 5375 μοδιαχοὶ
3596 5301 3652 5353 ἐν
3680 5299 3738 5364 τῇ

2163 5397 2295 5471 ἁγίᾳ
2324 5396 2486 5462 Σιὼν,
2510 5397 2605 5450 καὶ
2665 5395 3000 5460 εἰσελθόντες
3055 5397 3374 5466 ἠσπάσαντο
3441 5397 3538 5450 τὸν
3597 5392 3783 5460 ἀρχεσ.

2170 5551 2190 5588 ι
2231 5532 2381 5588 Abba
2413 5530 2690 5602 presbyter
2727 5527 3048 5602 venerabilis
3080 5525 3399 5602 monasterii
3436 5521 3742 5602 denflilicia.

2166 5605 2265 5676 qui
2289 5593 2601 5676 poui'timit't
2627 5603 2811 5676 Aquas
2843 5599 3076 5676 Salvias,
3105 5599 3248 5676 qtan
3281 5597 3334 5676 in
3371 5597 3479 5652 hac
3507 5593 3742 5676 Romana:

2166 5667 2385 5730 civitate
2408 5671 2654 5726 habitare
2682 5667 3040 5740 dignoscitur.
3083 5686 3102 5740 ι
3144 5667 3400 5740 Ejusdem
3430 5667 3742 5740 monasterii

2168 5743 2416 5800 ιιιιιιιιίιιίι
2438 5741 2596 5797 Liber
2626 5731 2960 5794 l’ontiliralts
2990 5741 3040 5796 in
3084 5731 3262 5795 Leone
3311 5736 3377 5791 ιιι
3440 5737 3520 5808 (ιι.
3559 5731 3670 5802 80),
3693 5733 3746 5782 et

2169 5814 2454 5872 Benedicto
2493 5811 2557 5868 Ili
2595 5811 2673 5883 (ιι.
2705 5811 2819 5880 Ἡ).
