4026 6386
381 458 484 523 στι

1376 449 1440 514 S.
1484 448 1859 510 GREGORII
1907 446 2416 507 AGRIGENTINI
2469 447 2661 508 VITA.

3546 438 3650 503 578

380 560 698 628 σπισκοπον,
722 561 906 617 λοιπὸν
933 562 991 616 δὲ
1025 563 1126 617 καὶ*
1146 561 1236 616 τὸν
1251 561 1555 634 Γρηγόριον
1585 577 1598 591 °
1631 561 1760 632 ὅλην
1782 560 1842 614 δὲ
1866 560 1966 633 τὴν

2082 560 2396 630 quibuscum
2438 560 2486 614 is
2515 569 2733 614 noctem
2769 559 2949 629 exegit
2985 565 3156 612 totam
3187 555 3504 626 vigilando;
3555 551 3652 603 lle-

377 665 556 710 νυκτα
579 655 698 725 μετ’
751 651 934 708 αὐτῶν
969 649 1038 726 ἦν
1085 652 1114 704 ό
1152 652 1457 726 Γρηγόριος
1489 654 1722 716 ἄῦπνος,
1756 650 1962 705 κλαίων

375 751 481 801 καὶ
507 744 767 816 δεόμενος
805 743 1010 810 αὐτῶν,
1041 745 1192 808 ὅπως
1222 743 1518 808 ἀνενδότως
1551 743 1801 814 εθχονται
1823 741 1966 814 ὑπὲρ

373 837 550 891 αὐτοῦ
572 853 586 865 ·
613 835 702 890 ἵνα
719 835 901 900 καλῶς
933 835 1161 909 διανύσῃ
1175 837 1266 889 τὸν
1297 833 1499 906 δρόμον
1523 835 1624 906 τῆς
1650 835 1964 906 μετανοίας,

371 930 482 984 καὶ
493 928 702 998 ἀξιωθῇ
717 928 817 997 τῆς
836 925 1054 999 μερίδος
1070 925 1253 980 αὐτῶν
1277 926 1576 997 εὐρηθῆναι
1593 927 1651 980 ὲν
1671 929 1738 998 τῇ
1757 925 1968 996 φοσερᾷ

370 1020 569 1092 ἡμέρᾳ
584 1017 679 1073 τοῦ
707 1019 917 1090 Κυρίου
949 1018 1128 1090 Ἰησοῦ
1143 1019 1404 1088 Χριστοῦ.
1421 1018 1801 1090 Γενομένηςδὲ
1826 1016 1968 1088 ὴμέ-

373 1127 508 1181 ρας,
537 1107 705 1184 ἦλθον
734 1109 873 1182 πρὸς
905 1109 997 1163 τὸν
1027 1108 1332 1178 ἁγιώτατον
1359 1111 1800 1182 ἀρχιεπίσκοπον
1846 1108 1969 1162 Μα-

367 1203 598 1275 ικάριον,
630 1203 728 1256 καὶ
750 1202 932 1256 πεσὼν
967 1202 1120 1274 παρά
1153 1203 1280 1268 τοὺς
1309 1204 1478 1267 πόδας
1507 1201 1676 1256 αὐτοῦ
1705 1203 1735 1254 ό
1793 1201 1971 1264 ἀσϐᾶς

371 1293 638 1362 Μάρκος,
700 1291 848 1361 λέγει
909 1292 1100 1364 αὐτῷ·
1138 1293 1306 1360 Εῦξαι
1349 1293 1494 1363 ὑπὲρ
1547 1292 1726 1361 ἡμῶν,
1786 1291 1970 1360 Πάτερ

367 1383 534 1452 ἅγιε,
563 1383 662 1436 καὶ
695 1383 1024 1438 ἀπόστειλον
1052 1385 1202 1456 ἡμᾶς
1230 1383 1327 1438 τοῦ
1375 1383 1710 1454 πορευθῆναι
1762 1383 1844 1446 είς
1910 1380 1972 1434 τὸ

369 1474 628 1529 δουλικόν
657 1491 754 1528 σου
783 1473 993 1530 κσὶλίον
1018 1475 1202 1548 ἡμῶν.
1238 1477 1298 1530 ’0
1340 1475 1398 1530 δὲ
1429 1474 1585 1544 ἅγιος
1615 1471 1970 1545 ἀρχιεπίσκοο

371 1584 488 1632 πος
518 1567 812 1638 Μακάριος
853 1567 1065 1631 ἐπιθεὶς
1101 1567 1184 1621 ἑνὶ
1215 1567 1434 1637 ἑκάστῳ
1469 1565 1650 1620 αὐτῶν
1687 1566 1787 1636 τὴν
1814 1565 1970 1634 χεῖρα

361 1660 480 1713 υκαι
513 1657 661 1729 ἄρας
685 1659 814 1722 τοὺς
849 1657 1168 1730 ὀφθαλμοὺς
1198 1657 1366 1712 αὑτοῦ
1390 1661 1470 1722 είς
1491 1657 1585 1710 τὸν
1616 1657 1848 1726 οὐρανὸν
1897 1650 1975 1708 εί-

373 1765 488 1804 πσν
511 1764 536 1781 ο
581 1748 644 1802 ’0
679 1747 814 1812 Θεὸς
837 1749 867 1802 ό
895 1751 1134 1820 ποιήσας
1159 1749 1252 1802 τὸν
1287 1747 1542 1819 οὐρανὸν,
1577 1747 1674 1801 καὶ
1712 1745 1812 1816 τὴν
1842 1747 1971 1816 γῆν,

373 1842 480 1895 καὶ
501 1841 603 1913 τὴν
651 1841 950 1909 θάλασσαν,
981 1844 1078 1897 καὶ
1129 1844 1306 1897 πάντα
1361 1845 1420 1896 ὲν
1450 1843 1656 1908 αὐτοῖς,
1701 1843 1731 1894 ὁ
1795 1840 1974 1893 πάντα

375 1935 752 2006 ἐπιστάμενος
784 1937 915 2002 πρὶν
959 1936 1233 2005 γενέσεως
1264 1935 1467 2001 αὐτῶν,
1499 1933 1663 1996 αὐτὸς
1709 1931 1975 1986 διάσωσον

378 2029 626 2092 καὶτοὺς
658 2028 884 2092 σούλους
909 2045 1006 2084 σου
1057 2029 1283 2093 τούτους
1315 2045 1332 2060 ο
1379 2029 1429 2082 οἳ
1487 2027 1584 2081 καὶ
1631 2023 1722 2079 διὰ
1777 2024 1840 2079 το
1886 2023 1980 2078 σὺν
2032 2042 2036 2050 ’

381 2123 540 2191 ἅγιον
566 2122 742 2192 όνομα
775 2121 1146 2194 παρεγένοντο
1175 2120 1414 2176 ἐνταῦθα
1437 2118 1533 2173 τοῦ
1570 2117 1699 2172 ἰδεῖν
1733 2117 1829 2170 καὶ
1882 2133 1978 2168 πε-

387 2211 754 2285 ριπτύξασθαι
789 2215 918 2278 τοὺς
946 2215 1139 2282 ἁγίους
1167 2213 1375 2277 τόπους
1406 2211 1656 2274 τούτους,
1692 2211 1750 2262 ἐν
1783 2203 1863 2272 οἷς
1908 2207 1979 2261 τὰ

391 2306 534 2379 ὑπὲρ
567 2307 728 2378 ἡμῶν
754 2305 922 2371 ἐδέξω
951 2306 1088 2376 ἀγια
1129 2307 1432 2378 παθήματα
1459 2320 1476 2336 ⁸
1507 2305 1568 2358 ού
1603 2303 1764 2375 μόνον
1811 2302 1867 2356 δὲ
1896 2302 1978 2364 είς

400 2399 552 2453 τοῦτο
576 2399 782 2463 κόπους
813 2399 1231 2470 ὑπομείναντες,
1268 2399 1408 2455 ἀλλά
1439 2399 1536 2452 καὶ
1572 2395 1787 2468 καρπὸν
1831 2393 1979 2459 ἀξιον

410 2491 622 2558 ἄγοντες
649 2490 752 2560 τῆς
790 2491 1110 2560 μετανοίας,
1173 2489 1252 2562 τῷ
1278 2489 1358 2560 σῷ
1419 2489 1612 2562 κράτει
1654 2488 1748 2540 καὶ
1798 2483 1978 2558 Ἰησοῦ

403 2583 628 2656 Χριστοῦ
649 2584 1192 2654 εύπροσενέγκαντες
1219 2584 1310 2637 τὸν
1331 2581 1518 2636 δοῦλόν
1540 2598 1635 2636 σου
1655 2580 1860 2644 τοῦτον,
1888 2578 1980 2632 τὸν

399 2675 903 2748 συμπαρεστηκὸτα
938 2675 1036 2728 σὺν
1055 2676 1186 2746 ἡμῖν
1220 2674 1454 2730 ἐνώπιόν
1483 2691 1576 2728 σου
1601 2691 1616 2704 ο
1649 2675 1746 2728 καὶ
1777 2673 1867 2736 δὸς
1885 2671 1980 2724 αὺ-

391 2769 506 2832 τοτς
540 2769 597 2822 ἑν
617 2768 815 2841 εἰρήνῃ
847 2768 1205 2840 πορευθῆναι,
1243 2767 1388 2825 κατά
1413 2767 1476 2822 τὸ
1516 2767 1607 2821 σὺν
1659 2765 1978 2837 εὐάρεστον,

387 2861 471 2914 ὅτι
501 2861 659 2928 ἅγιος
683 2858 734 2916 εί
761 2862 842 2927 είς
871 2863 1001 2926 τοὺς
1025 2859 1233 2925 αίῶνας
1262 2861 1374 2914 τῶν
1405 2859 1640 2916 αίώνων.
1673 2861 1781 2914 Καὶ
1842 2858 1980 2912 πάν-

382 2970 498 3008 των
541 2955 716 3026 Ἀμὴν
740 2953 1166 3026 ἀποκριθέντων,
1202 2953 1594 3024 ἀσπασάμενος
1623 2951 1714 3006 τόν
1737 2967 1795 3004 τε
1825 2951 1977 3020 Μάρ-

386 3065 487 3101 τιον
514 3047 610 3101 καὶ
637 3046 968 3120 Σεραπίωνα
1000 3046 1094 3100 καὶ
1123 3046 1376 3100 Λεόντιον
1405 3043 1482 3116 τῷ
1517 3042 1655 3115 ἁγίῳ
1705 3043 1977 3114 φιλήματι

385 3136 684 3195 ἀπόλυσιν.

365 3315 1008 3389 ’Πι⁹.Εῐταὸῐ⁹ρηγόριος
1070 3317 1387 3390 είσδραμὼν
1439 3318 1745 3389 ἐκράτησεν
1795 3315 1978 3370 αὐτῶν

383 3407 521 3471 τοὺς
549 3407 714 3472 πόδας
743 3407 946 3462 κλαίων
974 3406 1070 3462 καὶ
1099 3407 1276 3477 λέγων
1301 3425 1314 3438 ·
1363 3407 1655 3480 Ἐλεήσατε
1693 3407 1838 3475 κάμὲ
1884 3406 1978 3459 τὸν

381 3498 719 3570 ἁμαρτωλὸν
748 3500 842 3554 καὶ
871 3499 1146 3554 ταπεινόν.
1183 3499 1250 3554 Τί
1305 3501 1559 3573 ﬁatﬁat»;
1621 3500 1777 3554 αὐτοὶ
1814 3499 1976 3568 γεγό-

374 3607 523 3644 νατε
563 3591 703 3662 μετά
729 3591 865 3646 Θεὸν
895 3591 1146 3662 πρόξενοι
1187 3592 1290 3662 τῆς
1341 3582 1490 3664 ’ἐμῆς
1525 3593 1804 3664 σωτηρίας
1841 3609 1854 3622 ·
1909 3591 1976 3646 δι’

389 3684 555 3752 ὖμῶν
577 3683 864 3756 ἐδιδάχθην
887 3684 957 3740 τά
987 3675 1237 3756 σύμϐολα
1269 3683 1366 3756 τῆς
1423 3685 1638 3756 ἀγαθῆς
1675 3684 1973 3752 πολιτείας,

387 3781 448 3831 εί
478 3777 572 3831 καὶ
601 3777 703 3830 οὐκ
741 3776 913 3848 ίσχύω
951 3777 1187 3848 φυλάξαι
1217 3793 1230 3808 ⁸
1279 3777 1437 3832 αὐτοὶ
1467 3777 1559 3830 τὸν
1611 3776 1746 3848 ἐμὸν
1809 3777 1968 3848 ἒπλη·

391 3869 608 3942 ρώσατε
637 3869 823 3934 πόθον,
867 3870 962 3924 atati.
989 3869 1336 3940 πλανόμενοι
1347 3869 1601 3942 εὑρόντες
1631 3869 1977 3926 ἁνεστώσατε

387 3961 508 4016 ἀπὸ
541 3959 735 4016 πολλοῦ
767 3961 1039 4027 κλύδωνος
1067 3963 1148 4026 είς
1181 3962 1376 4034 λιμένα
1393 3959 1590 4018 εὖδιον.
1623 3962 1688 4016 Τί
1719 3964 1973 4033 mitam;

373 4053 517 4117 -πῶς
544 4053 698 4124 ὑμῶν
729 4054 1007 4126 χωρισθῶ,
1040 4055 1250 4124 Πᾶτρες
1272 4053 1367 4108 καὶ
1414 4053 1674 4123 ἀδελφοί;
1740 4054 1844 4109 ποῦ
1910 4071 1976 4126 με

387 4137 761 4215 πιραὲίθεσθε
795 4147 950 4218 ὑμῶν
988 4147 1378 4218 πορευομένων
1400 4189 1414 4210 ,
1436 4146 1618 4218 κύριοί
1673 4165 1812 4217 μους
1847 4144 1979 4202 Εἶτα

393 4238 542 4306 μετά
569 4237 742 4294 ταῦτα
770 4238 918 4306 λέγει
949 4238 1100 4310 αύτῷ
1139 4241 1167 4293 ό
1195 4239 1371 4302 MM;
1401 4257 1415 4271 ο
1449 4240 1542 4311 Μὴ
1568 4240 1741 4303 οὕτως
1779 4241 1979 4296 ἀπολοο

391 4330 592 4398 φύρου,
619 4332 846 4387 τέκνον·
901 4331 1328 4403 παρατιθέμεθά
1379 4349 1440 4386 σε
1502 4333 1582 4397 είς
1642 4332 1736 4388 τὸν
1771 4333 1978 4406 Κύριον

405 4423 614 4492 Ἰησοῦν
639 4423 873 4495 Χριστὸν
903 4424 996 4478 τὸν
1033 4423 1159 4479 Tib-1
1191 4423 1286 4479 τοῦ
1325 4423 1462 4480 Θεοῦ
1491 4426 1586 4480 τοῦ
1641 4425 1872 4492 ζῶντος,
1916 4427 1976 4482 ὃν

389 4515 592 4586 ᾑρήσω
621 4517 684 4568 ὲκ
717 4514 968 4570 παιδόθεν
1007 4533 1125 4580 σου,
1177 4517 1269 4570 τὸν
1307 4517 1622 4572 καλέσαντά
1675 4535 1734 4572 σε
1787 4519 1980 4586 κλήσει

393 4606 553 4677 ἁγία.
581 4606 656 4668 ὡς
694 4607 824 4662 ποτὲ
847 4607 939 4662 τὸν
970 4609 1259 4680 προφήτην
1290 4609 1547 4682 Σαμουὴλ
1578 4609 1673 4663 ἐπὶ
1701 4609 1798 4664 τοῦ
1835 4611 1981 4678 Ἠλὶ,

394 4697 498 4753 καὶ
527 4698 865 4769 συνάριθμον,
888 4698 1082 4770 ἔχοντα
1119 4700 1214 4754 τοῦ
1245 4700 1412 4771 χοροῦ
1441 4700 1554 4756 τῶν
1610 4699 1789 4770 ἁγίων
1849 4719 1988 4773 προ·

395 4789 608 4858 φητῶν,
641 4788 829 4843 λοιπὸν
879 4789 935 4843 δὲ
1004 4790 1102 4844 καὶ
1162 4792 1242 4854 είς
1289 4792 1382 4846 τὸν
1442 4791 1623 4846 κοινὸν
1682 4793 1842 4865 ἡμῶν
1893 4795 1988 4848 καὶ

398 4881 771 4952 πνευματικὸν
799 4883 957 4954 ἡμῶν
983 4883 1204 4954 Πατέρα
1231 4885 1325 4941 τὸν
1374 4885 1532 4953 ἅγιον
1571 4885 1866 4958 οΜακὰριον
1896 4886 1987 4942 τὸν

396 4975 850 5046 ἀρχιεπίσκοπον.
881 4977 973 5031 τὸν
1005 4977 1199 5048 ἔχοντα
1223 4964 1499 5050 διοικῆσαι
1526 4977 1596 5032 τά
1619 4979 1763 5033 κατά
1799 4980 1858 5033 σὲ
1886 4980 1986 5052 οἵῳ

400 5064 594 5137 βούλῃ,
617 5064 802 5138 τρόπῳ
829 5065 1042 5138 ἀγαθῷ.
1061 5068 1170 5120 Καὶ
1185 5067 1469 5138 κρατήσας
1487 5067 1652 5122 αὐτὸν
1669 5069 1772 5140 τῆς
1801 5070 1988 5141 χειρὸς

399 5153 626 5225 ἔρριψεν
652 5155 812 5210 αὐτὸν
840 5156 868 5209 ύ
897 5156 1074 5220 ἀῆὗᾶς
1103 5159 1184 5220 είς
1202 5160 1328 5222 τοὺς
1352 5157 1522 5222 πόδας
1542 5157 1634 5212 τοῦ
1658 5158 1822 5228 ἁγίου
1870 5161 1989 5214 Μα-

401 5248 601 5318 καρίου
629 5248 836 5318 λέγων’
869 5251 1054 5322 Πάτερ
1075 5248 1399 5327 τιμιῴτατε,
1433 5252 1527 5305 καὶ
1555 5245 1712 5317 οὗτος
1740 5252 1836 5307 σὺν
1859 5254 1990 5324 ἡμῖν

405 5341 476 5392 ἐκ
525 5339 620 5408 τῆς
676 5341 915 5411 ποίμνης
958 5341 1056 5410 τῆς
1088 5339 1388 5412 καθολικῆς
1431 5341 1758 5413 Ἐκκλησίας
1799 5343 1948 5396 ἐστίν
1973 5356 1986 5372 ⁸

412 5429 595 5498 μέλλει
625 5429 734 5500 γὰρ
759 5431 853 5483 καὶ
886 5425 1049 5493 αὐτὸς
1079 5429 1204 5494 τοὺς
1233 5430 1427 5496 οἴακας
1448 5431 1702 5502 δέκεσθαι
1731 5433 1833 5504 τῆς
1866 5435 1990 5488 Ἐκ-

409 5520 660 5590 κλησίας,
686 5521 776 5576 καὶ
797 5522 878 5592 τῷ
907 5515 1156 5594 πηδαλίῳ
1187 5522 1285 5594 τῆς
1305 5522 1652 5588 διδασκαλίας
1685 5541 1991 5595 πνευματι-

410 5609 496 5682 κῷ
528 5613 796 5687 κυϐερνᾷν
845 5613 1016 5688 αὐτην
1061 5614 1364 5686 ἀλώὸητον.
1409 5615 1550 5670 Ἀλλ’
1577 5615 1762 5682 αὐτὸς,
1808 5617 1991 5690 Πάτερ

411 5707 592 5779 ἡμῶν,
623 5709 716 5762 καὶ
745 5709 945 5764 τούτου-
968 5709 1256 5782 φρὸντισον
1287 5711 1386 5783 τῆς
1417 5710 1596 5782 ψυχῆς
1631 5709 1726 5765 τοῦ
1755 5710 1989 5776 κάλλους

413 5799 580 5854 αὐτοῦ
606 5801 702 5872 τὴν
725 5803 1058 5876 εὐπρέπειαν
1084 5804 1169 5858 ἀεὶ
1199 5803 1463 5877 λαμπρὰν
1490 5805 1766 5875 διαμεῖναι
1789 5804 1884 5858 τοῦ
1912 5804 1988 5876 μὴ

418 5891 755 5964 σπιλωθῆναι
783 5895 952 5966 αὐτὴν
993 5895 1071 5968 τῷ
1117 5895 1291 5966 σπίλῳ
1319 5897 1414 5967 τῆς
1447 5898 1648 5968 νεαρᾶς
1676 5898 1741 5951 αὖ
1777 5895 1838 5950 οῦ
1868 5898 1988 5968 ἡὶιο

2068 652 2162 708 bat
2189 663 2394 715 autem,
2424 668 2630 720 eosque
2672 650 2984 706 identidem.
3025 653 3276 720 rogabat.
3332 656 3394 702 ut
3458 661 3652 717 preces

2068 759 2282 814 semper
2307 759 2408 814 pro
2457 759 2516 798 se
2547 744 2858 804 funderent,
2891 758 3000 812 quo
3068 741 3411 812 paenitentia:
3472 739 3655 793 curri-

2069 837 2252 890 culum
2282 843 2427 889 recte
2469 833 2692 900 faceret,
2725 849 2790 890 ac
2820 835 3018 906 dignus
3065 834 3379 898 haberetur,
3437 830 3531 900 qtti
3585 830 3640 883 in

2068 926 2356 980 tremendo
2389 926 2605 981 Domini
2653 924 2782 981 Jesu
2805 926 3008 982 ChriSti
3049 925 3139 980 die
3198 940 3296 995 par
3347 939 3471 978 cum
3519 921 3654 991 ipsis

2071 1018 2355 1088 prtemium
2394 1018 2644 1073 referret.
2681 1016 2751 1072 Ut
2807 1005 2939 1072 vero
2980 1017 3182 1079 illuxit,
3239 1015 3652 1071 sanctissimum

2071 1110 2544 1181 archiepiscopum
2577 1110 2744 1166 simul
2775 1109 3072 1165 adierunt:
3105 1108 3291 1178 ibique
3320 1108 3492 1162 abbas
3515 1105 3656 1159 Mar-

2071 1217 2190 1268 cus,
2223 1217 2349 1258 cum
2380 1203 2448 1258 ad
2481 1203 2648 1281 pedes
2685 1203 2807 1272 ejus
2835 1202 3167 1273 procidisset
3199 1241 3215 1264 ,
3253 1199 3419 1261 Bene,
3452 1197 3654 1266 inquit.

2071 1308 2296 1364 precare
2338 1294 2518 1358 nobis,
2551 1293 2714 1349 Pater
2751 1303 2962 1352 sancte.
3017 1301 3072 1346 et
3133 1291 3197 1346 ad
3257 1289 3654 1345 monasterium

2071 1395 2341 1451 nostrum,
2365 1386 2512 1458 quod
2541 1387 2636 1441 tibi
2669 1401 2884 1455 semper
2900 1385 3178 1440 addictum
3217 1383 3342 1448 erit,
3374 1397 3477 1437 nos
3506 1381 3658 1436 abire

2073 1476 2418 1548 permitte.At
2435 1489 2657 1533 sanctus
2673 1457 3277 1546 archiepisc0pus,eum
3307 1488 3526 1528 manum
3551 1471 3660 1526 sin-

2075 1569 2214 1639 gulis
2251 1569 2620 1640 imposuisset,
2663 1569 2892 1624 sublatis
2935 1567 2988 1622 in
3033 1567 3233 1622 et'elum
3261 1565 3457 1628 oculis,
3481 1564 3656 1618 dixit:

2077 1655 2368 1730 Deus.qut‘
2392 1663 2594 1718 emtum
2624 1661 2798 1717 fecisti
2835 1671 2888 1717 et
2921 1669 3217 1726 terram,et
3260 1674 3434 1722 mare,
3456 1666 3511 1713 et
3537 1672 3661 1727 qua:

2073 1753 2132 1807 in
2161 1753 2244 1808 his
2271 1761 2399 1808 sunt
2415 1754 2618 1818 omnia,
2642 1753 2736 1823 qui
2755 1753 3012 1808 universa
3032 1753 3199 1816 nosti,
3221 1752 3544 1822 priusquam
3566 1764 3660 1804 es-

2077 1855 2220 1910 sent,
2252 1855 2306 1900 tu
2328 1846 2471 1902 idem
2502 1855 2557 1901 et
2571 1861 2762 1902 servos
2789 1837 2957 1900 hosce
2975 1854 3100 1900 tuos
3131 1843 3434 1900 incolumes
3459 1855 3614 1896 serva
3641 1856 3658 1894 :

2080 1939 2278 2008 quippe
2301 1938 2393 2008 qui
2424 1940 2598 1994 sancti
2631 1938 2872 1993 nominis
2902 1938 2980 1992 tui
3031 1952 3200 1992 causa
3253 1935 3362 1990 huc
3414 1933 3659 2002 advene-

2080 2041 2208 2087 runt
2245 2032 2310 2086 ad
2335 2040 2525 2086 sancta
2550 2032 2665 2086 haec
2695 2031 2814 2085 loca
2839 2029 3126 2085 invisentla
3145 2037 3310 2097 atque
3341 2025 3662 2096 amplexan-

2079 2126 2168 2192 da,
2206 2125 2261 2180 in
2299 2124 2502 2194 quibus
2535 2123 2651 2194 ipse
2673 2123 2944 2179 salutares
2997 2120 3279 2177 cruciatus
3339 2132 3441 2188 pro
3487 2116 3651 2171 nobis

2069 2219 2326 2274 ‘tolerasti
2361 2237 2373 2272 :
2409 2232 2582 2288 neque
2608 2217 2788 2279 solum
2815 2216 2884 2270 ob
2917 2215 2968 2270 id
3002 2215 3222 2268 labores
3241 2210 3482 2283 perpessi
3510 2219 3661 2269 sunt.

2081 2314 2178 2370 sed
2213 2311 2539 2382 praeclarum
2594 2324 2819 2380 quoque
2847 2309 3066 2380 pietatis
3105 2323 3220 2362 sua:
3257 2305 3496 2362 fructum
3558 2304 3663 2358 ob-

2084 2403 2350 2466 tulerunt,
2381 2417 2600 2458 servum
2635 2401 2782 2456 hunc
2809 2408 2983 2466 tuum,
3035 2399 3129 2469 qui
3164 2397 3451 2452 nobiscum
3516 2404 3662 2451 ast-vt

2082 2509 2271 2550 coram
2297 2505 2374 2558 te,
2403 2493 2528 2559 tibi,
2557 2491 2742 2552 Pater.
2769 2501 2817 2546 et
2849 2478 2990 2544 Filio
3024 2498 3120 2544 tuo
3142 2487 3270 2544 Jesu
3288 2487 3508 2542 Christo
3531 2500 3666 2540 eon-

2083 2597 2366 2644 secrantes
2396 2604 2411 2642 :
2441 2586 2529 2642 his
2563 2587 2652 2652 da,
2685 2595 2744 2640 ttt
2773 2587 2826 2639 in
2849 2599 2982 2656 pace
3005 2582 3448 2654 proﬁciscantur,
3479 2594 3665 2648 quem-

2083 2679 2378 2735 admodum
2422 2677 2515 2732 tibi
2554 2686 2837 2748 acceptum
2870 2683 2974 2742 est,
3012 2675 3105 2745 qui
3146 2681 3370 2728 sanctus
3394 2685 3454 2726 es
3479 2671 3533 2724 in
3560 2684 3666 2725 ste-

2081 2771 2205 2828 cula
2259 2769 2615 2827 saeculorum.
2673 2768 2924 2837 Cumque
2981 2779 3176 2822 omnes
3229 2759 3662 2832 respondissent,

2082 2865 2277 2929 Amen,
2313 2861 2558 2917 Marcum
2589 2869 2645 2915 et
2673 2857 3030 2931 Serapionem
3069 2866 3121 2912 et
3148 2855 3440 2910 Leontium
3467 2861 3662 2907 sancte

2082 2955 2428 3013 deosculatus
2454 2954 2682 3009 dimisit.

2046 3288 2051 3295 ’
2155 3303 2346 3360 Χιτιιι.
2390 3303 2456 3358 At
2484 3297 2938 3372 rcro'Gregm-ius
2989 3312 3311 3358 accnrrens,
3341 3293 3662 3350 abeuntium

2085 3401 2250 3470 pedes
2281 3409 2485 3461 tenere,
2529 3411 2736 3465 eosque
2771 3393 2907 3450 tiens
2947 3393 3002 3448 in
3028 3393 3176 3447 hunc
3211 3389 3432 3444 modum
3468 3385 3662 3441 all‘ari:

2083 3491 2304 3548 Nihilne
2359 3488 2604 3546 hominis
2631 3486 2847 3542 scelesti
2883 3484 3194 3556 abjectiqne
3227 3497 3329 3538 vos
3397 3477 3669 3534 miseret?

2084 3584 2225 3652 Quid
2253 3583 2365 3655 jam
2390 3580 2592 3637 faciam
2623 3581 2648 3634 ?
2677 3580 2786 3635 Vos
2820 3579 2952 3633 mihi
2979 3585 3103 3649 post
3131 3575 3297 3633 Deum
3314 3571 3510 3629 salutis
3533 3583 3670 3623 mete

2085 3685 2338 3732 auctores
2377 3673 2598 3730 fui~tisz
2631 3688 2662 3728 a
2691 3671 2852 3729 vobis
2879 3669 3158 3740 religiosae
3205 3667 3334 3721 vita:
3387 3662 3664 3726 instituta,

2084 3784 2400 3840 quanquam
2443 3782 2663 3823 servare
2697 3765 2906 3831 nescio,
2935 3764 3166 3823 edoctus
3199 3774 3322 3817 sum
3353 3777 3370 3816 :
3421 3772 3526 3812 vos
3571 3755 3670 3811 de-

2086 3863 2348 3919 siderium
2385 3875 2564 3918 meum
2600 3858 2940 3930 eaplevistis,
2969 3863 3025 3911 et
3065 3868 3230 3925 quem
3260 3857 3538 3906 errantem
3582 3847 3668 3903 in-

2085 3956 2378 4021 venerantis,
2410 3953 2626 4026 magnis
2651 3969 2682 4008 e
2725 3950 2984 4006 ﬂuetibus
3019 3945 3378 4017 tranquillum
3443 3941 3498 3998 in
3536 3957 3669 4012 por-

2087 4055 2200 4102 tum
2240 4044 2576 4115 conjecistis.
2609 4041 2750 4110 Quid
2781 4039 3017 4096 faciam?
3041 4037 3320 4110 quomodo
3353 4049 3386 4090 a
3423 4034 3600 4098 vobis,
3635 4046 3669 4086 ο

2085 4137 2274 4193 Patres
2305 4133 2636 4205 fratresque,
2667 4131 2929 4187 dividar?
2979 4130 3094 4195 ubi,
3129 4127 3286 4184 vobis
3317 4123 3668 4187 abeuntibus,

2087 4229 2293 4286 domini
2330 4228 2459 4293 mei,
2493 4243 2580 4283 me
2607 4224 2956 4295 relinquitis?
2996 4223 3124 4280 Post
3140 4236 3263 4292 qum
3297 4219 3469 4276 abbas
3495 4218 3672 4272 inter-

2086 4322 2335 4394 pellans:
2381 4319 2626 4384 Plorare,
2660 4319 2859 4389 inquit,
2890 4317 3102 4379 desine,
3141 4314 3241 4380 lili,
3279 4312 3512 4366 Domino
3536 4308 3666 4365 Jestt

2087 4415 2308 4471 Christo
2357 4411 2497 4467 Filio
2556 4413 2648 4466 Dei
2689 4409 2921 4465 viventis
2987 4418 3038 4464 te
3096 4423 3200 4464 nos
3247 4403 3670 4466 committimus,

2087 4521 2246 4578 quem
2274 4524 2303 4562 a
2327 4505 2558 4577 pueritia
2582 4505 2693 4575 jam
2729 4513 2842 4559 tum
2869 4503 3208 4574 prmoptasti,
3259 4515 3384 4555 cum
3419 4509 3474 4554 te
3506 4511 3672 4552 voea-

2092 4604 2239 4657 tione
2269 4606 2480 4668 sancta,
2515 4607 2572 4652 ut
2595 4598 2725 4653 olim
2757 4599 2862 4652 sub
2920 4596 3037 4652 lleli
3080 4593 3392 4650 Samttelem
3433 4591 3671 4662 prophe-

2090 4705 2223 4760 tam,
2254 4691 2489 4754 roeasit,
2535 4690 2685 4745 etin
2737 4698 3055 4745 sanctorum
3109 4689 3504 4758 prophetarum
3567 4697 3675 4736 nu-

2091 4800 2244 4842 mero
2281 4783 2516 4838 habuit:
2567 4788 2682 4834 tum
2747 4777 3030 4834 communi
3090 4785 3284 4832 nostro
3346 4771 3558 4842 parenti
3619 4778 3675 4826 et

2091 4879 2354 4933 virtutum
2387 4858 2629 4929 omnium
2677 4872 2942 4944 magistro
2975 4877 3169 4925 sancto
3225 4865 3671 4936 archiepiscopo,

2090 4971 2183 5042 qui
2223 4984 2310 5025 res
2349 4977 2470 5023 tuas
2505 4979 2572 5032 eo
2605 4963 2838 5020 consilio
2863 4973 3029 5034 atque
3058 4961 3224 5016 modo
3253 4957 3490 5022 curabit,
3560 4972 3674 5026 quo

2091 5079 2189 5120 sua
2222 5071 2398 5118 curat.
2428 5059 2815 5128 Preltensaque
2854 5071 3020 5110 manu
3048 5054 3194 5122 ejus,
3228 5051 3296 5106 ad
3365 5050 3538 5106 sancti
3571 5048 3674 5104 viri

2091 5153 2256 5225 pedes
2280 5153 2449 5206 abbas
2470 5149 2754 5220 pertraxit,
2777 5154 2832 5202 et
2856 5189 2872 5210 ,
2903 5144 2950 5201 Ο
2973 5144 3157 5209 Pater,
3191 5141 3393 5212 inquit,
3409 5138 3675 5195 charissi-

2095 5264 2198 5314 me,
2239 5243 2428 5319 [xxxv]
2461 5243 2552 5298 hic
2575 5243 2766 5308 etiam,
2793 5252 2852 5296 ut
2871 5255 2992 5302 nos,
3020 5239 3086 5294 tle
3102 5235 3392 5292 catholica:
3419 5232 3678 5290 Ecclesiae

2091 5355 2255 5414 grege
2299 5347 2385 5395 est
2417 5357 2430 5393 :
2462 5337 2556 5408 qui
2597 5335 2765 5390 etiam
2803 5331 3102 5405 aliquando
3147 5327 3524 5402 gubernacula
3569 5325 3676 5381 Ec-

2093 5435 2274 5490 clesiae
2305 5431 2579 5493 tractabit,
2629 5436 2686 5484 et
2731 5425 2999 5482 doctrina!
3029 5434 3292 5496 tanquam
3340 5421 3556 5478 clavum
3598 5429 3679 5476 te-

2094 5543 2250 5590 nens,
2281 5533 2454 5581 tutam
2488 5533 2542 5578 et
2570 5521 2766 5576 fraude
2793 5521 3095 5576 immunem
3137 5533 3260 5574 eam
3314 5513 3672 5571 administra-

2093 5621 2192 5676 bit.
2225 5618 2295 5674 At
2334 5626 2388 5672 ttt
2420 5617 2558 5687 ipse,
2593 5633 2626 5669 ι)
2655 5615 2820 5670 Pater
2855 5611 3192 5676 communis,
3246 5621 3434 5666 curam
3481 5605 3671 5662 adole-

2092 5711 2267 5770 scenti
2300 5710 2516 5772 adhibe,
2567 5706 2752 5779 utqui
2811 5721 2956 5761 nunc
3006 5713 3091 5761 est
3117 5703 3285 5759 animi
3313 5701 3436 5773 ejus
3464 5698 3677 5757 candor

2096 5820 2159 5859 ac
2213 5803 2440 5876 paritas,
2493 5802 2624 5856 nihil
2657 5813 2902 5870 unquam
2953 5798 3020 5852 dc
3055 5797 3347 5868 splendore
3399 5790 3668 5856 remittat,

2099 5909 2192 5954 aut
2211 5899 2373 5954 ullam
2399 5913 2461 5952 ex
2493 5893 2720 5967 juvenili
2748 5893 2905 5947 attatr
2929 5891 3202 5946 maculam
3229 5886 3534 5958 suscipiat;
3561 5885 3678 5943 tuis
