4026 6382
503 404 608 468 ιω

1481 401 1541 463 s.
1593 357 1972 463 ensoonn
2017 403 2526 465 AGRIGENTINI
2589 406 2778 472 VITA.
3629 362 3714 488 δὲ(

503 520 657 572 illum
709 515 994 588 praeceptis
1054 529 1242 585 regere
1283 513 1394 586 (86)
1451 515 1746 585 magnique
1781 515 1952 569 animi
1997 514 2067 568 tui

2177 518 2320 580 κέας,
2357 518 2472 570 ἀλλ’
2501 517 2882 590 ὑποστηρίζων
2909 517 3003 571 καὶ
3033 519 3254 589 στὺφων
3280 519 3442 577 αὐτὸν
3468 527 3580 592 ταῖς
3601 531 3724 586 διδα.

503 610 704 662 virtute
733 607 1058 662 confirmare
1093 621 1160 660 ne
1187 604 1430 660 desinas;
1470 605 1603 672 Quae
1648 615 1938 675 postquam
1975 606 2075 660 ab-

505 703 601 756 bas
629 700 720 754 diu
759 699 1100 768 multumque
1132 706 1326 752 sancto
1375 698 1794 768 archiepiscopo
1829 698 2069 753 inculca-

503 801 607 856 rat,
643 807 769 847 eum
797 799 852 846 et
881 791 1020 861 ipse,
1055 800 1110 844 et
1135 792 1228 861 qui
1277 791 1532 845 asmbant
1571 806 1638 845 ex
1670 790 1819 845 omni
1858 789 2073 853 ordine,

499 897 688 938 omnes
725 882 958 937 ubertim
1001 882 1215 943 ﬂerent,
1249 883 1332 938 sic
1379 881 1626 937 Marcum
1681 882 1934 937 abbatem
1993 881 2076 935 af-

499 971 646 1028 fatus
671 981 756 1028 est
799 982 1024 1029 sanctus
1069 973 1514 1043 archiepiscopus
1563 991 1577 1027 :
1617 971 1774 1028 Nosti
1849 981 1904 1030 tu
1939 989 2078 1044 quo-

496 1081 626 1134 que,
656 1065 840 1130 Pater,
859 1082 981 1136 qua
1004 1066 1157 1136 pueri
1187 1065 1348 1134 hujus
1367 1065 1638 1121 institutio
1667 1063 1855 1132 fuerit,
1887 1075 1944 1120 et
1966 1080 2073 1135 qua

499 1158 708 1212 ratione
740 1158 935 1228 primis
967 1159 1036 1213 ab
1069 1158 1229 1215 annis
1265 1158 1374 1214 Deo
1405 1176 1464 1214 se
1494 1159 1794 1218 devoverit.
1824 1159 1919 1229 qui
1945 1174 2070 1214 eum

497 1248 566 1300 ab
590 1257 744 1302 utero
773 1249 968 1304 matris
998 1249 1104 1304 sibi
1155 1248 1349 1304 ascivit
1383 1269 1396 1304 :
1427 1250 1569 1304 nosti
1617 1249 1788 1303 animi
1821 1238 1988 1304 robur
2009 1263 2074 1305 ac

501 1339 702 1392 mentis
731 1339 1114 1404 stabilitatem,
1145 1355 1311 1409 quam
1354 1340 1522 1394 timor
1541 1339 1637 1395 Dei
1671 1340 1916 1410 undique
1951 1348 2073 1395 tue-

497 1440 588 1483 tur
621 1449 633 1484 :
669 1429 812 1484 nosti
844 1438 1049 1499 quanto
1084 1445 1143 1485 se
1175 1424 1360 1485 studio
1387 1429 1454 1485 ad
1487 1431 1744 1486 virtutem
1785 1441 2070 1496 exerceat,

495 1538 658 1592 quem
692 1523 760 1578 ad
793 1523 1087 1592 septimum
1132 1538 1306 1593 usque
1331 1523 1474 1579 diem
1517 1522 1727 1593 jejunia
1749 1525 2075 1580 continuare

501 1615 632 1680 scis,
659 1615 959 1685 plurimum
988 1624 1169 1671 autem
1201 1630 1382 1686 operae
1408 1617 1461 1672 in
1491 1617 1805 1674 divinarum
1839 1618 2072 1673 Littera-

499 1720 620 1758 rum
655 1705 1010 1761 meditatione
1057 1719 1278 1775 ponere,
1317 1707 1372 1760 in
1422 1706 1656 1763 lectione
1700 1721 1811 1762 non
1851 1707 2075 1763 assidue

497 1800 698 1865 solum,
732 1797 828 1854 sed
867 1781 1032 1854 etiam
1059 1807 1318 1854 accurate
1361 1799 1594 1864 versari,
1633 1807 1839 1870 etquae
1874 1799 2072 1857 insunt

497 1891 720 1946 oracula
749 1893 827 1947 ita
862 1892 1167 1963 intelligere
1197 1901 1361 1962 atque
1382 1891 1760 1962 interpretari,
1795 1901 1854 1947 ut
1879 1893 2071 1949 mode-

493 1985 653 2038 stiam
675 1998 893 2053 semper
913 1998 1024 2053 pra-
1050 1999 1110 2038 se
1141 1981 1304 2049 ferat,
1332 1999 1433 2038 nee
1457 1983 1524 2038 de
1552 1999 1630 2051 se,
1664 1983 1771 2038 nisi
1805 1983 2066 2049 demisse,

492 2078 710 2132 sentiat.
736 2074 875 2131 Tum
899 2077 1052 2144 pueri
1081 2092 1246 2131 manu
1271 2078 1563 2147 prehensa,
1589 2091 1765 2147 eoque
1793 2077 2066 2144 excitato,

493 2163 613 2228 Sta,
648 2165 844 2236 inquit,
878 2164 976 2240 fili,
1006 2181 1071 2221 ac
1099 2165 1144 2221 si
1189 2166 1390 2236 placet,
1428 2166 1612 2221 sedem
1661 2167 1748 2222 hic
1797 2169 1893 2221 tibi
1925 2167 2069 2238 apud

493 2271 598 2311 nus
627 2257 765 2324 elige
799 2275 814 2312 :
852 2257 1060 2326 quippe
1085 2255 1354 2312 Dominus
1385 2265 1577 2313 noster
1601 2256 1760 2314 Jesus
1809 2259 2070 2316 Christus

494 2361 582 2400 res
607 2354 840 2412 vestras,
874 2331 929 2398 ut
957 2345 1062 2399 sibi
1093 2345 1247 2412 libet,
1289 2347 1586 2403 ordinabit.
1620 2348 1715 2402 Sin
1765 2349 1917 2404 abire
1943 2367 2068 2406 eum

489 2434 754 2491 fratribus
782 2436 976 2503 mavis,
1004 2453 1168 2507 perge
1200 2438 1300 2499 ire,
1331 2446 1386 2494 et
1431 2455 1536 2510 pax
1605 2456 1705 2496 vos
1753 2442 2066 2498 comitetur.

490 2527 594 2584 Cui
643 2526 984 2598 Gregorius:
1016 2527 1134 2584 Non
1178 2529 1423 2599 quidem,
1493 2529 1720 2587 domine
1765 2533 1863 2598 mi,
1919 2534 2067 2598 hinc,

491 2621 674 2692 quoad
728 2621 986 2686 vixerim,
1029 2621 1136 2675 ulla
1187 2622 1321 2676 mihi
1361 2621 1595 2676 abeundi
1647 2623 1900 2680 voluntas
1948 2635 2066 2693 est;

493 2723 552 2768 at
591 2713 660 2769 de
693 2715 887 2768 horum
924 2714 1182 2785 precibus
1213 2713 1406 2769 laboro
1438 2733 1451 2770 :
1481 2724 1536 2770 et
1576 2732 1727 2786 spem
1762 2726 1943 2772 tamen
1971 2719 2069 2773 lia-

487 2803 618 2873 beo,
655 2807 772 2862 fore
799 2807 1099 2878 aliquando
1134 2806 1188 2872 in
1221 2805 1325 2862 hac
1355 2807 1488 2872 vita,
1529 2817 1590 2862 ut
1619 2823 1736 2875 eos,
1788 2809 1834 2865 si
1885 2809 2072 2864 Domi-

488 2915 597 2954 nus
640 2907 872 2962 annuat,
927 2897 1186 2954 revisam.
1241 2895 1370 2953 Ilaac
1422 2907 1603 2953 autem
1657 2914 1782 2954 cum
1844 2901 2067 2966 diceret,

487 2990 681 3048 flentes
713 2989 972 3045 monachi
1011 2990 1261 3046 osculum
1321 2989 1504 3045 illi‘in
1555 2991 1758 3046 collum
1805 2993 2070 3048 invaden-

489 3091 575 3137 tes
608 3080 831 3147 dedere,
875 3092 931 3136 et
963 3083 1174 3136 caneris
1209 3082 1468 3137 omnibus
1497 3083 1774 3150 salutatis,
1803 3099 1834 3139 e
1878 3095 2068 3140 sancta

2181 607 2554 695 excitati-aii;
2582 609 2681 678 σῆς
2715 609 3093 695 μεγαλοψύχου
3137 613 3429 684 καρτερίας
3477 618 3550 689 μὴ
3571 621 3724 676 inet-

2177 708 2304 765 πῃς,
2333 693 2520 749 Ταῦτα
2547 695 2602 748 δὲ
2627 696 2876 764 λέγοντος
2904 697 2998 751 τοῦ
3026 693 3174 753 ἅϐϐᾶ
3197 702 3292 756 ἐπὶ
3317 702 3566 770 πλείστας
3593 709 3723 782 ὥρας

2141 819 2146 823 ς
2177 785 2254 856 τῷ
2281 785 2422 858 ἁγίῳ
2453 787 2729 862 Μακαρίῳ
2751 791 2829 858 τῷ
2853 792 3294 863 ἀρχιεπισκόπῳ,
3331 797 3425 850 καὶ
3457 801 3618 856 πολλὰ
3643 806 3726 859 δά.

2177 897 2320 950 κρυα
2345 882 2630 952 ἐκχέοντος
2656 884 2822 938 αὑτοῦ
2851 903 2909 939 τε
2939 887 3032 940 καὶ
3067 887 3176 942 τῶν
3209 894 3619 960 παρεστηκότων
3643 902 3729 952 αὐ-

2175 970 2253 1040 τῷ
2289 971 2478 1040 ἱερέων
2502 989 2561 1026 τε
2598 974 2694 1027 καὶ
2721 973 2926 1028 λαῐκῶν
2953 977 3053 1029 καὶ
3079 977 3282 1042 παντὸς
3305 979 3398 1032 τοῦ
3431 980 3573 1045 λαοῦ,
3597 985 3726 1055 λέγει

2174 1061 2204 1114 ὁ
2231 1063 2388 1132 ἅγιος
2410 1064 2698 1135 Μακάριος
2735 1067 2874 1138 πρὸς
2898 1069 2990 1121 τὸν
3012 1068 3188 1124 ἁὸὅᾶν
3214 1071 3440 1142 Μάρκον
3463 1090 3478 1104 ⁸
3497 1076 3727 1133 Ἐπίστα-
3827 1127 3842 1134 -

2177 1171 2268 1208 σαι
2303 1157 2398 1208 καὶ
2424 1157 2608 1224 αὐτὸς,
2636 1158 2839 1229 Πάτερ,
2871 1161 2970 1230 τὴν
2993 1160 3089 1228 τοῦ
3119 1163 3406 1234 παιδαρίου
3436 1166 3616 1222 τούτου
3647 1188 3730 1225 πο-

2175 1246 2376 1300 λιτείαν
2403 1264 2464 1300 τε
2499 1249 2596 1302 καὶ
2621 1251 2991 1324 ἀναστροφὴν,
3020 1254 3089 1325 ἢν
3121 1254 3386 1325 κέκτηται
3416 1259 3477 1310 ὲκ
3502 1261 3730 1318 παιόόθεν

2174 1337 2342 1393 αὐτοῦ
2398 1341 2536 1411 πρὸς
2587 1341 2680 1396 τὸν
2719 1343 2851 1397 Θεὸν
2879 1345 2971 1398 τὸν
3012 1346 3352 1416 ἀφορίσαντα
3388 1350 3546 1404 αὑτὸν
3575 1355 3731 1426 ἑαυτῷ

2175 1430 2258 1484 ἔτι
2283 1434 2346 1486 ὲκ
2371 1433 2577 1496 κοιλίας
2605 1434 2812 1505 μητρὸς
2838 1434 3026 1499 αὐτοῦ,
3057 1436 3122 1490 τό
3159 1454 3218 1490 τε
3257 1439 3470 1508 ἑδραῖον
3497 1444 3588 1495 καὶ
3609 1446 3730 1512 ἀμε-

2173 1522 2462 1593 τακίνητον
2489 1523 2583 1577 τοῦ
2612 1523 2734 1588 νοῦς
2763 1525 2951 1591 αὑτοῦ,
2987 1527 3051 1579 τὸ
3079 1527 3196 1592 πῶς
3223 1530 3368 1582 ἐστιν
3399 1547 3734 1606 περιτετειχιο

2176 1617 2378 1684 σμένον
2429 1615 2510 1686 τῷ
2543 1617 2704 1688 φόϐῳ,
2737 1618 2831 1672 τοῦ
2873 1618 3032 1680 Θεοῦ,
3075 1621 3290 1692 πρῶτον
3337 1623 3436 1691 μὲν
3469 1627 3546 1686 εις
3577 1625 3732 1696 ἄκραν

2173 1708 2406 1777 ἄσκησιν
2441 1709 2633 1762 ἑαυτὸν
2661 1709 2874 1774 ἐκδοὺς,
2911 1711 2991 1766 ὅτι
3023 1711 3318 1784 ὀλόκληρον
3362 1713 3462 1784 τὴν
3485 1715 3732 1786 ὲὸδομάδα

2173 1799 2444 1870 νηστεύει,
2471 1803 2532 1856 ὲν
2555 1800 2614 1854 δὲ
2645 1803 2710 1872 τῇ
2746 1803 2948 1876 μελέτῃ
2979 1802 3089 1858 τῶν
3125 1804 3285 1858 θείων
3313 1804 3544 1875 Γραφῶν
3565 1809 3734 1878 σχολὰ-

2171 1891 2282 1956 ζων
2313 1894 2374 1946 οὐ
2409 1893 2664 1960 παύεται,
2701 1893 3048 1964 διερχόμενος
3093 1894 3191 1958 τὰς
3225 1894 3446 1965 βίϐλους
3487 1897 3733 1952 ἀσολοικί-

2172 2001 2334 2048 στως,
2370 1984 2466 2038 καὶ
2497 1983 2570 2037 τὰ
2591 1985 2650 2036 ὲν
2671 1983 2858 2047 αὐτοῖς
2889 1985 3030 2063 ῥητὰ
3059 1984 3197 2040 νοῶν
3231 2001 3290 2039 τε
3321 1987 3415 2038 καὶ
3437 1986 3732 2056 ἑρμηνεύων

2172 2075 2314 2148 μετὰ
2364 2076 2542 2145 πάσης
2592 2074 2917 2144 κατηφείας,
2965 2074 3220 2148 ταπεινὸν
3280 2078 3614 2146 κεκτημένος
3659 2081 3733 2132 ἀεὶ

2170 2146 2445 2241 ιρρόνημα.
2488 2163 2624 2223 Εἷτα
2667 2172 2949 2239 κρατήσας
2980 2146 3286 2228 τὸν-παξῗα,
3336 2168 3546 2239 ἔγειρεν
3591 2170 3732 2223 αὐτὸν

2168 2259 2378 2328 λέγων,
2429 2255 2684 2322 Ἀνάστα,
2715 2259 2926 2326 τέκνον,
2965 2262 3062 2314 καὶ
3095 2261 3188 2314 ἐάν
3222 2277 3303 2313 σοι
3349 2261 3578 2330 ἀρέσκῃ,
3615 2261 3732 2314 καθ-

2170 2351 2294 2414 έζου
2324 2351 2441 2421 μεθ’
2471 2351 2628 2421 ἡμῶν
2659 2351 2895 2421 ἐνταῦθα
2923 2369 2936 2382 °
2965 2350 3062 2406 xui
3087 2351 3116 2404 ὁ
3141 2349 3346 2422 Κύριος
3372 2350 3526 2423 ήμῶν
3548 2352 3732 2424 Ἰησοῦς

2169 2441 2403 2511 Χριστὸς
2447 2442 2800 2512 οἰκονομῆσαι
2839 2441 2952 2511 ἔχει
2985 2441 3055 2495 τὰ
3087 2441 3210 2496 καθ’
3237 2441 3406 2512 ὑμᾶς,
3452 2443 3527 2505 ὡς
3567 2442 3730 2513 βούλεο

2168 2549 2292 2585 ται·
2323 2535 2374 2586 εἰ
2411 2533 2467 2585 δὲ
2517 2532 2614 2587 καὶ
2656 2531 2832 2598 θέλεις
2867 2533 3124 2588 ἀπελθεῖν
3155 2535 3297 2603 μετὰ
3332 2533 3442 2586 τῶν
3487 2535 3728 2602 ἀδελφῶν,

2169 2622 2402 2695 πορεύου
2437 2626 2495 2676 ὲν
2525 2626 2722 2697 εἰρήνῃ
2769 2626 2865 2678 σὺν
2900 2627 3107 2690 αὐτοῖς.
3151 2625 3292 2686 ’0,δὲ
3324 2625 3618 2698 Γρηγόριος
3645 2626 3728 2678 ἁπ-

2170 2717 2363 2789 εκρίθη
2423 2717 2592 2788 αὐτῷ,
2650 2719 2806 2790 Οὐχὶ,
2865 2718 3032 2789 κύριέ.
3079 2737 3204 2790 μου,
3264 2719 3358 2774 τοῦ
3423 2719 3724 2791 πορευθῆναι

2169 2809 2320 2864 ἐνθεν
2355 2809 2416 2862 οὐ
2448 2809 2712 2880 βούλομαι
2749 2813 2848 2874 τὰς
2875 2811 3091 2881 ἡμέρας
3131 2811 3231 2880 τῆς
3255 2809 3406 2878 ζωῆς
3451 2829 3550 2882 μου
3573 2827 3586 2841 ·
3617 2811 3730 2880 πλὴν

2169 2903 2336 2974 εὐχὴν
2366 2903 2544 2958 αὐτῶν
2577 2904 2836 2973 αἰτοῦμαι
2860 2919 2874 2932 ⁸
2903 2906 2998 2956 καὶ
3028 2903 3233 2968 ἐλπίζω
3265 2903 3431 2958 πάλιν
3464 2907 3521 2956 ὲν
3547 2906 3610 2974 τῇ
3635 2902 3729 2972 ζωῇ

2169 2994 2340 3065 ταύτῃ
2365 2994 2884 3071 θεωρῆσαιλαὺτοὺς,
2913 2995 3008 3048 ἐὰν
3036 2997 3064 3049 ὁ
3090 2996 3296 3066 Κύριος
3325 2994 3546 3066 κελεύῃ.
3571 2992 3734 3048 Ταῦτα

2169 3083 2226 3137 δὲ
2267 3083 2431 3136 αὐτοῦ
2469 3083 2736 3143 εἰπόντος,
2783 3085 3140 3148 ἐπιπεσόντες
3205 3083 3296 3138 ἐπὶ
3345 3084 3440 3138 τὸν
3491 3079 3734 3153 τράχηλον

489 3173 626 3228 urbe
649 3173 900 3228 exierunt
921 3188 1032 3228 xvu
1073 3172 1194 3230 Kal.
1237 3173 1407 3229 Maias
1450 3174 1588 3244 (87),
1635 3175 1729 3243 qui
1766 3176 1884 3230 dies
1913 3177 2066 3230 tertia

2173 3175 2338 3230 αὑτοῦ
2363 3177 2414 3229 οί
2445 3177 2667 3247 μοναχοὶ
2698 3177 2997 3240 κλαίοντες.
3035 3177 3414 3246 κατεφίλησε-,ιν
3437 3177 3594 3231 αὐτόν
3615 3193 3626 3206 ·
3656 3177 3733 3228 καὶ

489 3265 592 3319 fuit
620 3272 746 3336 post
783 3265 1123 3320 Dominieum
1171 3263 1426 3320 Pasehati
1478 3267 1818 3336 proximum.
1865 3265 2071 3338 Grego-

491 3359 613 3412 rius
635 3372 766 3413 vero
783 3358 1178 3430 Hierosolymis
1197 3341 1429 3424 ‘mansit,
1457 3359 1510 3413 in
1535 3359 1711 3416 sacris
1743 3375 2070 3416 monumen-

487 3451 561 3506 tis
596 3451 918 3518 lustrandis,
947 3465 1012 3507 ac
1038 3451 1394 3508 monasteriis
1451 3461 1884 3522 sanctorumque
1924 3454 2072 3509 viro-

491 3557 636 3607 rum,
673 3543 770 3614 qui
817 3543 929 3598 illic
972 3550 1124 3610 sunt,
1175 3543 1508 3600 stationibus
1564 3544 1866 3600 invisendis
1903 3560 2072 3602 oecu-

488 3645 673 3704 patus.

557 3919 696 3975 XIX.
722 3921 931 3977 Interea
963 3920 1218 3976 monachi
1243 3919 1637 3994 Hierosolymis
1659 3919 1914 3992 profecti,
1944 3919 2063 3975 Trio

486 4014 654 4084 polim
677 4011 938 4068 Kalendis
957 4009 1138 4068 Juniis
1157 4019 1471 4066 tenuerunt.
1507 4013 1702 4067 Divino
1730 4020 1912 4066 autem
1941 4027 2070 4067 con-

486 4104 614 4158 silio
648 4101 852 4158 factum
876 4111 981 4166 est,
1012 4111 1072 4156 ut
1095 4101 1296 4156 ibidem
1323 4098 1926 4174 Panormiianihxxvt]
1949 4101 2068 4171 epi-

486 4198 640 4266 scopi
673 4211 866 4250 navem
899 4195 1208 4250 invenirent
1238 4194 1440 4264 negotii
1483 4195 1676 4249 nescio
1707 4194 1870 4263 cujus
1892 4209 2061 4252 causa

488 4287 800 4358 appulsam,
827 4301 950 4356 qua:
985 4287 1038 4341 in
1067 4285 1314 4341 Siciliam
1362 4285 1774 4356 quamprimum
1815 4285 2060 4340 reditura

471 4389 626 4437 .erat.
662 4381 849 4451 Itaque
883 4379 1224 4434 naviculario
1269 4385 1522 4443 exorato,
1554 4379 1610 4432 in
1671 4393 1868 4432 navem
1897 4392 2066 4432 cons-

485 4477 807 4539 eenderunt,
837 4477 1058 4547 Deoque
1088 4475 1308 4532 favente
1337 4473 1579 4530 Siciliam
1633 4475 1873 4544 primum
1931 4475 2060 4529 atti-

484 4579 683 4641 gerunt
703 4587 814 4626 xvii
839 4569 961 4626 Kal.
994 4569 1168 4626 Julius
1199 4585 1371 4642 prope
1404 4568 1734 4624 Plinthiadis
1765 4567 1878 4640 (88)
1905 4582 2055 4634 oras,

555 4771 670 4840 (86)
711 4768 767 4824 In
815 4769 936 4824 cod.
976 4769 998 4822 1
1059 4770 1326 4840 scriptum
1379 4776 1521 4840 erat
1553 4769 1647 4821 καὶ
1674 4768 1861 4840 vilem
1897 4769 2061 4840 αὑτὶν

484 4837 604 4906 ταῖς
632 4837 1029 4903 διδασκαλίαις.
1055 4841 1126 4910 At
1151 4837 1354 4910 placuit
1382 4837 1577 4908 magis,
1609 4837 1765 4910 quod
1789 4839 1842 4892 in
1873 4839 1996 4892 eod.
2027 4841 2062 4891 2

487 4913 762 4983 legebatur
797 4912 1036 4983 στύφων.
1085 4908 1218 4964 Nam
1253 4910 1408 4978 νήφω
1457 4909 1778 4983 estsobrius
1823 4925 1961 4983 sum,
2009 4919 2062 4962 et

483 4979 674 5036 curam
711 4983 893 5051 potius
931 4981 1154 5042 indicat,
1185 4995 1349 5050 quam
1379 4979 1502 5047 quis
1536 4979 1602 5034 de
1633 4980 1796 5034 rebus
1825 4981 1942 5034 suis
1967 4995 2061 5051 ge-

487 5055 575 5117 rit,
607 5069 714 5106 non
751 5055 875 5106 item
907 5067 1072 5120 quam
1105 5054 1172 5104 de
1203 5053 1421 5104 alienis.

437 5167 442 5172 .
555 5124 669 5193 (87)
712 5121 810 5176 llic
863 5119 938 5193 sei
973 5121 1236 5176 Leontius
1269 5121 1450 5193 minus
1499 5129 1816 5174 accuratum
1857 5119 2058 5189 prodit,

488 5195 590 5249 nisi
624 5191 750 5262 quis
799 5192 980 5262 omnia
1031 5195 1221 5245 menda
1275 5191 1328 5244 in
1377 5193 1588 5246 scribas
1621 5206 1872 5262 regerere
1910 5193 2059 5244 velit.

482 5263 622 5335 ﬁam
645 5259 794 5335 anno
833 5261 956 5327 579,
993 5277 1104 5335 quo
1131 5263 1341 5317 scilicet
1373 5269 1482 5335 tres
1514 5261 1774 5314 monachi
1807 5259 2064 5335 Hieroso-

487 5331 648 5404 lymis
701 5329 1026 5398 discessere,
1079 5333 1288 5388 Pascha
1326 5334 1660 5404 celebratum
1700 5341 1786 5386 est
1843 5346 1896 5404 ιν
1921 5329 2059 5404 Non.

485 5402 722 5474 Apriles,
771 5406 885 5456 sive
914 5405 1004 5460 die
1035 5409 1236 5458 inensis
1283 5403 1427 5474 illius
1469 5404 1735 5474 secundo,
1770 5409 1830 5454 ut
1853 5402 2066 5474 habent

485 5470 917 5541 accuratissime
969 5474 1348 5528 Mam-morum
1385 5471 1608 5526 Tabulae
1639 5470 2060 5541 chronologieae.

483 5540 807 5600 liominicus
842 5545 1007 5614 igitur
1035 5545 1152 5598 dies
1184 5545 1236 5597 in
1289 5544 1441 5597 Albis
1467 5542 1763 5614 depositis,
1800 5551 1857 5595 ut
1885 5539 2062 5614 Latini

486 5619 807 5684 loquuntur.
829 5611 946 5670 sive
961 5617 1097 5682 ἁγία
1135 5616 1230 5667 νέα
1271 5611 1552 5684 Κυριακὴ,
1581 5611 1686 5666 fuit
1713 5613 1836 5684 dies
1859 5613 2064 5684 mensis

489 5681 691 5754 Aprilis
743 5701 934 5750 nouus,
987 5681 1153 5754 atque
1209 5681 1660 5753 adeo'prnximus
1713 5681 2064 5754 profectionis

488 5751 604 5809 dies
627 5754 881 5809 decimus.
914 5751 1094 5822 Quare
1119 5755 1170 5807 in
1196 5751 1400 5809 Graecis
1429 5751 1719 5807 delendum
1752 5755 1913 5806 πέντε
1947 5751 2059 5812 καὶ,

451 5828 459 5837 “
489 5836 539 5880 ct
592 5825 938 5879 scribendum
981 5841 1031 5879 iv
1067 5823 1191 5879 Idus
1222 5825 1446 5894 Apriles.
1479 5822 1550 5877 De
1577 5824 1662 5878 die
1698 5822 1846 5877 Novo
1880 5823 2063 5878 Domi-

2175 3267 2568 3338 συνταξάμενοι
2616 3258 2780 3322 πᾶσιν
2831 3268 3056 3338 ἐξῆλθον
3109 3269 3158 3321 ei
3206 3272 3359 3340 τρεῖς
3393 3270 3614 3338 μοναχοὶ
3643 3267 3730 3320 dat

2171 3359 2272 3430 τῆς
2301 3361 2462 3430 ἁγίας
2500 3361 2710 3424 πόλεως
2751 3361 2912 3414 πέντε
2959 3361 3054 3416 καὶ
3095 3361 3296 3434 δεκάτῃ
3327 3360 3424 3415 τοῦ
3450 3359 3732 3432 ’Δπριλλίου

2174 3451 2364 3522 μηνὸς,
2413 3453 2478 3522 τῇ
2511 3451 2742 3524 δευτέρᾳ
2796 3455 2901 3524 τῆς
2940 3453 3103 3521 ἁγίας
3148 3453 3276 3516 νέας
3337 3454 3623 3525 Κυριακῆς
3655 3449 3736 3504 τοῦ

2183 3541 2536 3614 Ἀντίπασχα.
2581 3543 2638 3596 '0
2667 3543 2724 3596 δὲ
2742 3545 3059 3614 -Γρηγόριος
3091 3545 3308 3614 ἔμεινεν
3363 3547 3422 3599 ὲν
3465 3540 3736 3613 Ἰεροσολύ-

2174 3650 2317 3704 μοις,
2347 3633 2695 3704 διερχόμενος
2733 3637 2861 3700 τοὺς
2907 3636 3096 3705 ἁγίους
3138 3639 3360 3702 τόπους,
3395 3638 3466 3692 τά
3498 3653 3557 3689 τε
3595 3651 3737 3706 μονα·

2172 3728 2370 3796 στήρια
2393 3726 2489 3779 καὶ
2513 3727 2581 3780 τὰ
2609 3727 2795 3781 κελλία
2825 3729 2930 3782 τῶν
2953 3729 3124 3798 ἁγίων
3150 3729 3363 3800 ἀνδρῶν
3385 3729 3492 3783 τῶν
3512 3728 3669 3782 ὄντων
3687 3727 3737 3777 ὲν

2170 3819 2284 3878 τοῖς
2311 3817 2514 3870 ἐκεῖσε.
2767 3872 2804 3911 ⁸

2245 3925 2342 3982 ΙΘ⁹.
2387 3925 2726 3991 Ἐξελθόντες
2754 3929 2813 3981 δὲ
2845 3930 2894 3981 oi
2927 3931 3154 3999 μοναχολ⁵
3183 3929 3292 3984 ἀπὸ
3333 3929 3732 4003 Ἱεροσολύμων,
3773 3915 3777 3920 ’

2170 4018 2472 4072 κατέλαϐον
2495 4020 2554 4071 ἐν
2575 4019 2834 4089 Τριπόλει
2862 4025 2930 4092 τῇ
2963 4021 3154 4096 πρώτῃ
3180 4023 3274 4077 τοῦ
3305 4024 3528 4078 Ἰουνίου
3561 4022 3732 4092 μηνός.

2170 4111 2306 4163 Κατ’
2344 4111 2660 4182 οἰκονομίαν
2692 4111 2748 4164 δὲ
2795 4111 2932 4166 Θεοῦ
2973 4109 3131 4185 εὗρον
3178 4116 3362 4170 ἐκεῖσε
3404 4117 3610 4185 σκάφος
3652 4111 3734 4166 τοῦ

2170 4201 2472 4256 ἐπισκόπου
2525 4202 2624 4270 τῆς
2673 4204 3033 4274 Πανορμίτων
3085 4207 3294 4270 πόλεως
3355 4209 3456 4278 τῆς
3503 4205 3734 4267 Σικελίας

2168 4291 2293 4362 ἔχον
2323 4295 2710 4364 πραγματείαν
2742 4295 2866 4348 τινά
2886 4311 2898 4326 ο
2925 4296 3020 4349 καὶ
3051 4297 3306 4364 εὑρόντες
3340 4299 3474 4351 αὐτὸ
3507 4299 3554 4350 οἱ
3585 4310 3734 4366 μονα-

2169 4386 2254 4454 χοὶ
2299 4385 2518 4456 ἕτοιμον
2563 4389 2643 4449 εἰς
2692 4385 2753 4439 τὺ
2790 4389 3185 4458 περιπατῆσαι,
3228 4391 3610 4460 παρεκάλεσαν
3655 4386 3737 4440 τὸν

2167 4477 2496 4550 ναύκληρον,
2549 4480 2644 4532 καὶ
2685 4479 2934 4550 εἰσῆλθον
2963 4483 3020 4534 ὲν
3053 4480 3127 4550 τῷ
3165 4481 3358 4552 πλείῳ,
3395 4484 3489 4536 καὶ
3531 4481 3616 4544 διὰ
3650 4476 3733 4530 τοῦ

2163 4569 2300 4624 Θεοῦ
2338 4573 2406 4641 τῇ
2439 4571 2604 4624 πέντε
2644 4572 2740 4625 καὶ
2769 4572 2967 4644 δεκάτῃ
3009 4572 3106 4626 τοῦ
3147 4573 3370 4638 Ἰουνίρυ
3403 4573 3576 4645 μηνὸς
3617 4585 3736 4624 κατα

2165 4768 2287 4820 nieo
2349 4769 2492 4837 vide,
2537 4769 2582 4822 si
2639 4777 2812 4832 vacat,
2847 4769 3150 4822 orationem
3194 4769 3265 4822 45
3309 4769 3362 4824 S.
3403 4769 3564 4837 Greg.
3617 4765 3733 4819 Nam.

2235 4837 2347 4907 (88)
2391 4836 2718 4892 Pliuthiadis
2756 4843 3019 4893 mendose
3055 4855 3152 4908 pro
3198 4836 3532 4902 Pltiutiadis,
3567 4841 3638 4891 uti
3664 4849 3734 4889 ter

2163 4909 2397 4978 appellat
2449 4909 2719 4964 Diodorus
2767 4911 2884 4976 (lib.
2935 4923 3046 4962 xxii
3103 4908 3279 4968 Eccl..
3324 4926 3379 4964 η.
3431 4910 3466 4962 2
3495 4920 3548 4961 et
3579 4909 3644 4970 ὅ,
3691 4916 3736 4978 et

2164 4977 2257 5032 lib.
2285 4995 2434 5038 xxiv.
2481 4997 2537 5032 ιι.
2575 4981 2660 5050 l)‘;
2684 4992 2802 5033 erat
2835 4989 3040 5040 autem,
3063 4991 3118 5033 ut
3143 4979 3409 5050 Polybius
3436 4981 3509 5032 ait
3539 4980 3652 5050 (lib.
3676 4977 3735 5050 tl.

2163 5051 2528 5120 πολισμάτιον
2557 5049 2832 5116 ἀλίμενον,
2863 5050 3058 5113 σάλους
3090 5050 3135 5102 δ’
3177 5047 3298 5120 ἔχον
3329 5049 3425 5102 καὶ
3460 5047 3735 5120 spumis;

2165 5117 2479 5188 oppidulum
2533 5120 2862 5174 maritimum
2903 5121 3036 5172 vada
3088 5130 3138 5174 et
3191 5117 3734 5188 crepirlines’lmbens.

2213 5207 2370 5261 omen
2391 5191 2464 5244 illi
2485 5206 2515 5244 a
2536 5191 2790 5244 Pbintbia
2816 5199 3047 5261 tyranno
3064 5192 3334 5260 Agrigenti
3360 5191 3537 5259 (Diod.
3560 5189 3592 5240 l.
3616 5200 3736 5261 sint,

2166 5259 2310 5326 Ecl.,
2354 5276 2419 5334 ιι.
2459 5261 2597 5334 5),_a
2648 5276 2758 5334 quo
2829 5257 3132 5334 condimur
3169 5257 3270 5334 est.
3309 5257 3576 5334 ueterum
3632 5257 3740 5334 ejus

2167 5323 2368 5385 nomen
2407 5323 2550 5385 haud
2583 5323 2794 5400 primus
2829 5329 3162 5385 deformavit
3206 5331 3509 5385 Leontius:
3547 5330 3599 5380 in
3647 5323 3734 5379 lli-

2166 5402 2662 5472 nerariodmonim'
2694 5403 2838 5470 leges
2871 5419 2885 5454 :
2919 5400 3056 5456 Item
3088 5404 3152 5454 ab
3207 5402 3499 5472 Agrigento
3523 5413 3613 5465 per
3637 5411 3731 5448 ma-

2167 5473 2352 5524 ritima
2382 5470 2499 5525 loca
2530 5469 2828 5541 Syracusas
2869 5487 2926 5526 ιι.
2958 5488 3004 5525 ι’.
3026 5469 3587 5534 οκλιγιιζυεεάαιίιιιη
3615 5481 3666 5521 ιι.
3692 5479 3736 5518 r.

2167 5557 2333 5616 avni,
2366 5541 2558 5596 Pliutis
2585 5558 2646 5616 μ.
2690 5558 2739 5596 P.
2779 5559 2830 5596 ν.
2996 5613 3055 5616 L
3118 5614 3125 5616 _
3207 5613 3214 5616 _
3694 5605 3704 5616 ,

2239 5612 2532 5666 Enimvero
2583 5614 2635 5666 in
2665 5628 2732 5668 eo
2767 5621 2942 5668 tractu
2990 5613 3304 5668 Phaloriam
3339 5625 3558 5680 quoque
3591 5612 3736 5676 oppi-

2167 5682 2298 5735 dum
2333 5683 2523 5756 l'uit__de
2549 5697 2660 5756 quo
2680 5684 2818 5756 item
2849 5687 2964 5756 agit
3001 5684 3272 5756 Diodorus
3301 5681 3470 5756 (Bibl:
3506 5683 3598 5733 lib.
3632 5693 3733 5756 sum

2170 5769 2291 5818 cap.
2354 5752 2502 5821 HS).
2558 5750 2610 5806 id
2673 5750 2909 5810 fortasse
2946 5753 3158 5809 Leontii
3214 5750 3372 5810 tetate-
3429 5750 3738 5804 Passerem

2168 5833 2430 5893 corrupte
2458 5823 2677 5878 nomine
2713 5824 3018 5880 dicebatur.
