4026 6414
367 461 474 522 581

1479 463 1855 526 GREGORH
1887 466 2400 532 AGRIGENTINI
2451 471 2645 531 V'I'I'A-

3560 483 3662 544 68.2

373 567 617 631 ήντησαν
650 569 710 622 ὲν
740 566 964 638 Σικελίᾳ
993 569 1106 631 τοῖς
1139 567 1364 639 μέρεσιν
1399 570 1500 638 τῆς
1537 570 1878 636 Πλινθιάδος,
1915 573 1969 626 ὲν

2075 575 2218 642 loco,
2253 593 2416 648 quem
2443 577 2818 633 l‘assarariam
2875 579 3149 650 appellant
3185 601 3197 636 :
3229 593 3393 656 atque
3425 585 3537 644 illic
3564 609 3665 648 na-

366 663 524 728 τόπῳ
561 657 1294 731 λεγομένῳᾘασσαραρίας,
1335 660 1558 714 κάκεῖσε
1604 661 1862 733 ἐποίησεν
1905 661 1966 716 τὸ

375 752 585 819 σκάφος
613 749 831 822 ἡμέρας
863 751 1074 820 ὀλίγας.
1098 749 1271 831 Πάλιν
1298 753 1601 824 γενομένης
1633 755 1830 826 ὁρμῆς,
1857 755 1966 808 ἀπ-

369 840 658 911 σκίνησαν,
685 843 783 896 καὶ
805 838 967 915 ἦλθον
996 844 1054 896 ὲν
1076 845 1190 906 τοῖς
1219 837 1448 914 μέρεσιν
1495 843 1874 917 Ἀκραγάντου
1905 848 1965 901 ἐν

345 931 350 935 ’
372 931 453 1002 τῷ
477 931 710 1004 ποταμῷ
733 933 816 996 εις
835 931 898 984 τὺ
919 931 1049 1004 περὶ
1065 931 1221 986 πόλιν
1239 933 1300 986 τὺ
1322 932 1617 1004 λεγόμενον
1646 935 1964 1008 Ἐμπόριον.

368 1025 486 1079 Καὶ
515 1023 827 1088 ὶξελθόντες
858 1025 906 1076 οι
942 1023 1169 1094 μοναχοὶ
1211 1025 1277 1077 ἐκ
1308 1023 1404 1079 τοῦ
1446 1026 1692 1096 σκάφους
1720 1025 1966 1097 ἀπῆλθον

365 1118 434 1170 ἐν
457 1116 536 1187 τῷ
573 1115 924 1188 μοναστηρίῳ
961 1116 1043 1187 τῷ
1083 1116 1200 1170 ὅντι
1228 1119 1431 1182 ἐκεῖσε,
1465 1118 1563 1172 καὶ
1593 1118 1927 1190 κρούσαντες
1946 1134 1962 1148 ·

365 1211 403 1262 ὁ
430 1207 677 1282 θυρωρὸς
704 1208 761 1262 δὲ
788 1209 1086 1280 ὲσαφήνισε
1123 1207 1202 1280 τῷ
1231 1209 1523 1282 ἡγουμένῳ
1549 1209 1727 1279 λέγων
1744 1226 1760 1241 ⁸
1782 1212 1968 1268 Μονα-

366 1299 460 1373 χοε
488 1317 633 1366 τινες
665 1299 860 1371 ἄνδρες
884 1301 1242 1371 πνευματικοί
1266 1303 1404 1355 εἰσιν
1431 1300 1557 1368 ἔξω,
1581 1301 1675 1356 καὶ
1702 1301 1924 1371 λέγουσι
1948 1320 1962 1334 ο

367 1395 668 1464 Συντυχεῑν
705 1392 935 1464 θέλομεν
986 1393 1066 1464 τῷ
1111 1393 1423 1465 ἡγουμένῳ.
1467 1395 1524 1448 '0
1558 1393 1616 1448 δὲ
1661 1394 1968 1465 ἡγούμενος

365 1486 637 1552 ἀκούσας,
675 1484 958 1540 κατελθὼν
1009 1489 1345 1559 συνήντησεν
1389 1488 1577 1552 αὐτοῖς
1617 1489 1677 1542 ιν
1709 1489 1776 1560 τῇ
1823 1488 1964 1560 αὐλῇ

362 1581 467 1636 τοῦ
523 1580 930 1653 μοναστηρίου·
982 1580 1080 1634 καὶ
1123 1581 1450 1652 ποιήσαντες
1493 1580 1749 1654 ἀλλήλοις
1799 1581 1969 1652 μετά-

361 1691 546 1740 νοιαν,
574 1675 871 1746 εισήγαγεν
895 1673 1095 1738 αὐτοὺς
1125 1677 1185 1728 ἐν
1223 1676 1291 1746 τῇ
1333 1673 1632 1745 ἐκκλησίᾳ.
1665 1673 1776 1728 Καὶ
1808 1673 1968 1740 εὐξά-

363 1787 552 1840 μενοι,
580 1768 971 1843 ὲκαθήσθησαν
1002 1771 1030 1830 ὅ
1056 1787 1115 1823 τε
1145 1769 1322 1834 ἀὸϐᾶς
1351 1771 1447 1824 καὶ
1477 1773 1506 1825 6
1539 1769 1844 1844 ἡγούμενος
1872 1753 1966 1824 τοῦ

365 1861 768 1934 μοναστηρὶου,
819 1863 868 1916 οἱ
905 1861 962 1916 δὲ
1018 1861 1114 1916 δύο
1165 1865 1610 1934 παριστήκεισαν
1639 1863 1811 1935 αὐτῷ.
1855 1863 1968 1917 Καὶ

353 1942 571 2024 ’λέγειό
594 1953 771 2016 ἀδεᾶς
796 1951 874 2024 τῷ
906 1952 1211 2030 Ιήγουμένῳ
1235 1967 1250 1982 ⁸
1285 1953 1409 2019 Πῶς
1447 1954 1612 2027 ἔχεις,
1649 1953 1779 2028 κύρι
1819 1953 1965 2009 ἀόὁᾶ

365 2047 596 2114 "auls;
629 2046 698 2100 Ὃ
722 2045 781 2100 δὲ
803 2045 1042 2110 ἀναστὰς
1065 2045 1160 2100 καὶ
1185 2048 1244 2100 ἐν
1266 2047 1531 2102 ἐκστάσει·
1549 2046 1842 2118 γενόμενος
1869 2048 1964 2101 ἐπὶ

368 2141 438 2212 τῇ
471 2137 667 2209 κλήσει
698 2135 792 2190 τοῦ
826 2136 1092 2208 ὀνόματος
1134 2135 1323 2200 αὐτοῦ,
1359 2136 1508 2206 λέγει
1540 2137 1722 2207 αὐτῷ’
1766 2135 1963 2202 Καλῶς

363 2231 463 2285 δ.ὰ
493 2229 589 2285 τοῦ
619 2227 778 2295 Θεοῦ,
807 2228 1013 2300 Πάτερ,
1049 2230 1148 2283 καὶ⁹
1183 2228 1272 2283 διὰ
1295 2230 1404 2284 τῶν
1433 2231 1609 2302 εὐχῶν
1651 2248 1766 2284 σου.
1799 2231 1964 2300 Λέγει

367 2321 530 2394 αὖτῷ
569 2321 732 2376 πάλιν
774 2321 804 2374 6
844 2320 1052 2385 ἀσσᾶς·
1087 2320 1212 2384 Πῶς
1261 2321 1373 2394 ἔχει
1413 2323 1442 2377 6
1483 2321 1777 2387 ὁσιώτατος
1806 2321 1965 2395 κύρις

379 2413 667 2484 ιιοταμῑων
689 2413 719 2465 6
738 2411 1037 2475 ἐπίσκοπος
1055 2414 1082 2466 6
1109 2413 1286 2478 κοινὸς
1315 2414 1472 2486 ήμῶν
1495 2416 1716 2486 Πατήρ;
1745 2415 1854 2470 Καὶ
1879 2415 1967 2469 λέ-

386 2523 478 2574 γει
508 2504 676 2575 αὐτῷ’
716 2503 916 2568 Καλῶς
945 2503 1030 2558 διὰ
1069 2507 1168 2576 τῆς
1206 2505 1300 2558 τοῦ
1330 2505 1567 2578 Χριστοῦ
1602 2506 1964 2577 ἀντιλήψεως,

384 2601 484 2655 καὶ
525 2600 589 2655 δι’
609 2599 783 2672 εὐχῶν
832 2617 948 2663 σου,
981 2601 1164 2675 Πάτερ
1193 2601 1512 2673 τιμιώτατε.
1556 2605 1718 2674 Λέγει
1751 2603 1902 2674 αὐτῷ
1938 2605 1968 2658 6

373 2691 556 2759 ἐϐσᾶς
577 2709 591 2722 ·
617 2691 1002 2763 Εὐλογημένος
1033 2693 1062 2745 6
1093 2693 1382 2764 ἄνθρωτως
1409 2696 1618 2760 ἐκεῖνος
1647 2694 1726 2766 τῷ
1753 2695 1964 2767 Κυρίῳ.

370 2784 862 2856 [ιροσελθόντεςίδὲ
907 2786 957 2838 οἱ
987 2785 1208 2855 ἀδελφοὶ
1234 2785 1328 2840 τοῦ
1363 2787 1756 2860 μοναστηρεου,
1787 2787 1969 2858 ἠσπά-

366 2893 546 2930 σαντο
579 2879 798 2942 αὐτοὺς,
832 2879 925 2931 καὶ
957 2876 1299 2950 ζητήσαντες
1339 2879 1578 2945 κελλίον,
1621 2881 1822 2936 ἔδωκεν
1868 2881 1970 2936 αὐ-

367 2971 486 3034 τοῖς
539 2971 568 3023 ό
617 2970 922 3040 ἡγούμενος
966 2969 1060 3025 τοῦ
1095 2971 1484 3042 μοναστηρίου,
1525 2972 1620 3027 καὶ
1653 2973 1968 3047 παρέθηκεν

364 3061 559 3126 αὐτοῖς
601 3060 884 3132 τράπεζαν
931 3062 1028 3116 καὶ
1053 3064 1220 3135 ἄρτον
1240 3079 1255 3093 ⁸
1299 3065 1395 3118 καὶ
1425 3063 1650 3136 ἔφαγον,
1682 3067 1779 3120 καὶ
1809 3067 1965 3121 ἔπιον

360 3152 547 3225 ὓδωρ,
594 3153 780 3218 καθώς
829 3155 977 3208 ἐστιν
1019 3155 1205 3217 αὐτοῖς
1251 3155 1394 3222 ἔθος.
1429 3159 1541 3212 Καὶ
1581 3159 1969 3232 εὐφράνθησαν

360 3245 521 3300 πάνυ
549 3247 598 3298 οἱ
628 3243 850 3312 ἀδελφοὶ
880 3242 997 3306 ἅμα
1020 3243 1098 3316 τῷ
1123 3245 1414 3318 ἡγουμένῳ
1441 3246 1732 3312 ἀκούοντες
1759 3247 1852 3302 τὸν
1879 3248 1968 3302 λό-

353 3357 473 3406 γον
505 3337 600 3393 τοῦ
627 3307 842 3409 ἀνδρός.
893 3333 1025 3391 Εἶτα
1055 3307 1398 3392 ἀπέστειλεν.
1429 3340 1458 3394 6
1487 3307 1788 3412 ἡγούμενος
1829 3341 1965 3413 πρὸς
1993 3307 2039 3370 C

355 3433 470 3488 τὸν
497 3429 800 3484 ὁσιώτατον
826 3429 1146 3495 ἐπίσκοπον,
1178 3429 1357 3500 λέγων
1387 3431 1538 3502 αὐτῷ
1565 3433 1658 3486 καὶ
1683 3433 1970 3504 διηγούμεο

365 3540 468 3588 νος
496 3521 564 3576 τὰ
601 3520 742 3576 κατὰ
773 3521 902 3586 τοὺς
943 3521 1230 3593 μοναχοὺς,
1269 3521 1364 3576 καὶ
1404 3523 1463 3576 τὸ
1497 3522 1616 3588 πῶς
1648 3523 1969 3594 παραδόξως

363 3615 637 3671 ἐκάλεσεν
665 3613 834 3669 αὐτοῦ
859 3615 920 3669 τὸ
943 3615 1134 3686 ὕνομα.
1169 3616 1400 3671 ’Δῦπνοι
1429 3616 1486 3670 δὲ
1515 3616 1829 3671 διετέλεσαν
1861 3617 1971 3672 ἀπὸ

366 3707 622 3778 ἑσπέρας
648 3705 754 3768 ἕως
779 3705 980 3778 ὄρθρου
1029 3705 1326 3778 ψάλλοντες
1353 3706 1448 3760 καὶ
1477 3706 1965 3776 ἀναγινώσκοντες.

380 3793 658 3864 Ἀκούσας
687 3797 745 3852 δὲ
771 3799 800 3852 6
827 3797 1126 3862 ὁσιώτατος
1151 3797 1470 3864 ἐπίσκοπος,
1498 3800 1644 3852 πάνυ
1671 3799 1867 3872 ἐχάρη,
1891 3799 1971 3852 λέ-

368 3905 528 3958 γων’
579 3889 888 3959 Εὐλογητὸς
940 3889 970 3942 6
1018 3887 1174 3952 Θεὸς,
1219 3888 1302 3942 ὅτι
1338 3876 1681 3961 ἀκηκόαμεν
1710 3888 1969 3968 τοιαύτην

370 3979 593 4053 ἀγαθὴν
621 3980 908 4050 ἀγγελίαν.
1151 3983 1158 3993 “

448 4117 538 4172 κ’.
563 4117 874 4187 Γενομένης
902 4116 959 4170 δὲ
982 4115 1222 4188 ⁴ήμέρας,
1251 4115 1575 4172 ἀπέστειλεν
1618 4116 1648 4170 6
1673 4115 1970 4184 ἐπίσκοπος

373 4210 470 4264 τὸν
507 4206 886 4280 ἁρχιδιὰκονον
927 4208 1178 4262 Δωνάτον
1217 4208 1276 4261 ὲν
1315 4205 1397 4277 τῷ
1437 4207 1738 4280 Ἐμποριῳ,
1789 4210 1971 4265 καλῶν
2013 4251 2019 4256 .

375 4301 508 4364 τοὺς
537 4299 808 4371 μοναχοὺς
838 4299 1085 4354 ἀνελθεῖν
1111 4301 1170 4354 ἐν
1205 4299 1280 4371 τῷ
1305 4299 1639 4372 ἑπισκοπίῳ.
1683 4302 1742 4357 '0
1773 4303 1830 4356 δὲ
1871 4302 1971 4356 ἁδ-

375 4393 486 4454 65,;
508 4392 625 4462 ἅμα
651 4390 762 4444 τῶν
793 4392 891 4446 σὺν
911 4391 1063 4463 αὐτῷ
1091 4391 1169 4462 τῷ
1186 4391 1332 4464 λόγῳ
1351 4391 1446 4447 τοῦ
1467 4393 1850 4465 ἀρχιδιακόνου
1877 4395 1974 4447 ἀν·

375 4484 544 4557 ἦλθεν
574 4487 633 4538 ὲν
665 4483 745 4556 τῷ
780 4485 1110 4556 ὲπισκοπίῳ.
1139 4485 1482 4558 Συνήντησεν
1509 4486 1565 4542 δὲ
1587 4487 1773 4551 αὐτοῖς
1800 4489 1829 4540 6
1852 4487 1973 4542 ἐπί-

377 4595 586 4644 σκοπος
607 4595 620 4610 ο
653 4580 749 4633 καὶ
779 4579 1037 4643 πεσόντες
1075 4578 1170 4632 επὶ
1213 4579 1506 4650 πρόσωπον
1554 4580 1971 4651 προσεκύνησαν

2068 665 2150 724 vis
2183 668 2306 726 dies
2337 670 2552 740 aliquot
2585 671 2850 726 substitit.
2881 671 3002 728 Mox
3043 675 3239 732 itinere
3295 689 3528 748 repetito
3548 687 3665 741 sol-

2065 772 2292 824 verunt,
2326 773 2491 832 atque
2539 761 2894 833 Agrigentum
2951 780 3258 835 accessere,
3304 771 3528 828 Ιιυνιυιη
3585 777 3666 830 in-

2067 853 2265 924 gressi,
2319 855 2416 936 qui
2473 855 2804 908 suburbinm
2869 857 3137 926 interluit,
3201 863 3290 917 cui
3342 862 3663 937 Emporium

2066 958 2268 1000 nomen
2295 955 2398 1000 est.
2435 943 2535 1000 Hic
2567 961 2704 1000 nave
2734 947 2946 1014 relicta,
2977 950 3045 1006 ad
3074 957 3494 1020 monasterium.
3516 961 3666 1030 quod

2067 1035 2180 1092 illic
2201 1047 2308 1104 est,
2341 1053 2402 1092 se
2451 1037 2806 1094 contulerunt
2861 1040 2972 1110 (89)
3003 1059 3186 1114 :quos
3214 1049 3417 1103 ostium
3443 1053 3668 1121 pulsari-

2075 1138 2157 1184 tes
2191 1138 2249 1184 ut
2283 1129 2422 1184 vidit
2465 1129 2692 1200 janitor,
2733 1134 2918 1187 retulit
2975 1137 3041 1189 ad
3103 1138 3418 1208 pra'feetum
3477 1160 3667 1200 mona-

2065 1222 2202 1276 chos
2228 1221 2519 1279 advenisse
2544 1221 3002 1294 quosdam,virbs
3020 1232 3382 1295 venerabiles,
3403 1237 3496 1305 qui
3520 1237 3668 1292 dice-

2065 1312 2208 1377 rent,
2241 1326 2300 1365 se
2339 1327 2464 1367 cum
2494 1312 2754 1383 praefecto
2791 1316 3032 1388 colloqui
3087 1321 3244 1374 velle.
3292 1323 3386 1378 llle
3419 1325 3664 1380 admoni-

2069 1414 2178 1470 tus,
2201 1405 2254 1459 in
2296 1407 2478 1460 aulam
2507 1410 2837 1464 monasterii
2875 1411 3093 1466 obviam
3133 1413 3242 1469 illis
3271 1415 3587 1488 descendit,
3610 1430 3665 1476 ct

2067 1497 2244 1552 salute
2273 1497 2509 1552 invicem
2537 1498 2706 1566 dicta,
2741 1501 2793 1555 in
2825 1503 3088 1574 templum
3118 1505 3366 1561 deduxit.
3402 1508 3665 1564 Precibus

2067 1587 2290 1642 demum
2332 1591 2594 1658 peractis,
2633 1592 2803 1648 abbas
2835 1593 2998 1649 simul
3052 1607 3106 1652 et
3145 1597 3436 1667 prtefectus
3471 1617 3668 1656 conse-

2068 1678 2289 1744 derunt,
2333 1681 2444 1735 duo
2483 1683 2679 1752 reliqui
2714 1684 2782 1738 ad
2821 1685 2988 1755 hujus
3036 1688 3208 1742 latera
3267 1693 3517 1747 astili-re.
3575 1691 3667 1748 Sic

2067 1784 2200 1825 vero
2242 1769 2412 1826 abbas
2456 1771 2774 1841 pra~feetum
2821 1776 3144 1844 appellans,
3209 1776 3536 1844 Quomodo,
3578 1779 3665 1835 in-

2069 1860 2210 1930 quit,
2245 1869 2297 1915 te
2337 1859 2529 1924 habes,
2565 1861 2787 1918 domine
2818 1865 2958 1918 abba
2990 1863 3197 1920 Paule?
3224 1865 3319 1920 ille
3345 1881 3662 1936 assurgens,

1997 1949 2037 2006 Β
2067 1966 2168 2007 nec
2193 1966 2384 2022 parum
2413 1952 2480 2007 de
2503 1953 2742 2008 nominis
2762 1955 2847 2008 sui
2885 1954 3254 2024 appellatione
3275 1954 3619 2026 stupefactus
3646 1997 3662 2021 ,

2067 2043 2230 2108 Bene,
2265 2044 2566 2114 respondit,
2617 2043 2800 2111 Pater,
2838 2047 2929 2101 Dei
2988 2047 3272 2113 beneﬁcio,
3305 2059 3360 2104 et
3413 2049 3520 2105 tuis
3576 2065 3666 2106 me

2052 2135 2325 2207 precibus
2338 2135 2746 2205 adjuvantibus.
2774 2135 2874 2191 Cui
2897 2152 3118 2192 rursum
3141 2138 3314 2196 abbas
3340 2158 3352 2192 :
3379 2140 3666 2206 Quomodo

2069 2227 2234 2292 valet,
2279 2227 2477 2296 inquit,
2531 2228 2918 2283 sanctissimus
2950 2228 3211 2284 dominus
3261 2247 3326 2284 ac
3369 2232 3531 2286 Pater
3573 2231 3666 2287 ille

2068 2327 2256 2374 noster
2287 2318 2602 2372 communis
2629 2318 2882 2372 Potamio
2913 2319 3249 2389 episcopus?
3279 2320 3530 2392 Cumque
3561 2323 3666 2379 iste

2069 2422 2217 2466 recte
2246 2411 2374 2464 item
2407 2409 2588 2464 valere
2627 2410 3029 2480 respondisset,
3055 2409 3263 2469 Christi
3295 2414 3503 2470 scilicet
3533 2430 3664 2487 pro-

2071 2503 2331 2566 videntia,
2391 2509 2446 2556 et
2493 2502 2942 2558 obsecrationum
3001 2504 3122 2573 ejus
3170 2520 3374 2570 causa,
3432 2507 3666 2577 subjecit

2069 2596 2244 2652 abbas
2277 2611 2291 2648 :
2328 2595 2421 2650 Nae
2452 2595 2531 2650 vir
2565 2595 2656 2651 ﬂe
2691 2594 2930 2652 Domino
2963 2608 3229 2668 acceptus
3258 2611 3365 2654 cst.
3389 2599 3513 2656 Jam
3543 2610 3596 2656 et
3631 2617 3663 2658 α

2070 2688 2335 2744 fratribus
2391 2689 2716 2760 monasterii
2782 2686 3185 2744 conﬂuentibus
3251 2691 3494 2759 salutati,
3535 2707 3663 2746 cum

2069 2761 2410 2846 cubiculum,
2441 2793 2551 2851 quo
2584 2779 2973 2845 concederent,
3020 2781 3412 2851 postulassent,
3447 2797 3477 2837 a
3521 2799 3662 2852 prte-

2069 2873 2463 2930 l'eeto’dedumi
2495 2880 2650 2939 sunt,
2675 2872 2770 2943 qui
2795 2881 2850 2927 et
2881 2889 3127 2928 mensam
3154 2874 3264 2928 illis
3299 2877 3577 2945 apposuit,
3605 2877 3662 2932 in

2069 2979 2180 3036 qua
2216 2979 2410 3034 panem
2465 2963 2846 3028 comederunt,
2889 2972 2943 3017 et
2974 2979 3173 3034 aquam
3221 2965 3428 3032 bibere,
3464 2976 3526 3022 ut
3555 2967 3664 3023 loci

2069 3053 2417 3112 consuetudo
2452 3052 2684 3110 ferebat.
2718 3053 3028 3110 Plurimum
3079 3064 3260 3111 autem
3301 3057 3500 3114 fratres
3533 3076 3663 3116 cum

2072 3147 2330 3220 praefecto
2369 3159 2679 3202 sermonem
2735 3145 2974 3218 hospitis
3025 3147 3315 3204 audientes
3371 3149 3662 3208 cxhilarati

2073 3251 2221 3298 sunt.
2279 3242 2352 3296 At
2399 3238 2695 3310 praefectus
2759 3240 2826 3295 ad
2884 3241 3296 3296 sanctissimum
3340 3243 3664 3315 episcopum

2071 3334 2303 3392 subinde
2335 3333 2507 3398 misit,
2531 3333 2624 3404 qui
2651 3333 2719 3388 de
2766 3333 3162 3388 monachorum
3196 3335 3432 3392 adventu
3461 3339 3668 3393 certio-

2073 3441 2186 3480 rem
2227 3425 2432 3481 l’aceret
2477 3435 2534 3480 et
2579 3426 2648 3479 de
2681 3425 3055 3496 inexspectata
3091 3427 3330 3483 nominis
3363 3429 3448 3482 sui
3481 3431 3666 3502 appel-

2071 3518 2275 3573 latione
2298 3519 2551 3574 edoceret
2597 3515 2730 3589 (90).
2763 3517 2870 3587 Ipsi
2901 3533 3030 3573 vero
3066 3519 3230 3575 simul
3266 3534 3295 3574 a
3331 3536 3559 3591 vespera
3593 3523 3664 3578 ad

2071 3609 2398 3666 matutinum
2432 3609 2659 3678 psalmis
2690 3617 2740 3662 et
2775 3610 2990 3664 lectioni
3027 3611 3219 3666 intenti
3255 3613 3661 3684 vigilavernnt:

2071 3715 2184 3772 quo
2223 3710 2468 3772 tempore
2513 3701 2902 3758 sanctissimus
2943 3703 3237 3774 episcopus
3265 3707 3474 3762 nuntiis
3502 3720 3658 3763 acce-

2073 3797 2181 3868 ptis
2207 3798 2560 3853 vehementer
2578 3797 2803 3870 gavisus
2824 3809 2926 3864 est,
2960 3815 3023 3855 ac
3056 3798 3166 3855 Deo
3187 3801 3390 3872 gratias
3421 3803 3551 3872 egit.

2147 4101 2385 4201 [xxxvii]
2416 4125 2536 4182 XX.
2580 4124 2830 4196 Jamque,
2865 4135 2921 4180 nt
2963 4127 3159 4196 illuxit,
3195 4128 3440 4188 Donatus
3475 4133 3660 4192 archi-

2074 4221 2344 4277 diaconus
2362 4223 2520 4292 jussu
2551 4221 2793 4292 episcopi
2821 4219 3152 4292 inEmporio
3175 4223 3384 4294 aderat,
3415 4227 3510 4298 qui
3536 4244 3658 4285 mo-

2077 4311 2284 4367 naehos
2311 4311 2380 4366 ad
2407 4313 2553 4366 mdes
2581 4311 2926 4381 pontificales
2953 4311 3210 4368 invitaret
3239 4329 3254 4368 :
3291 4331 3458 4386 quem
3489 4319 3660 4378 abbas

2075 4416 2204 4458 cum
2226 4401 2393 4456 sr-ciis
2417 4400 2564 4455 dicto
2585 4399 2817 4454 audiens
2841 4414 2907 4455 eo
2933 4409 3155 4457 secutus
3180 4413 3282 4458 est.
3319 4403 3446 4460 Viso
3474 4419 3658 4465 autem

2075 4492 2353 4562 episcopo,
2389 4491 2483 4560 qui
2513 4489 2727 4545 obviam
2776 4489 2911 4560 ipsis
2957 4491 3308 4562 procedebat,
3358 4485 3546 4553 coram
3593 4516 3663 4557 eo

2077 4583 2497 4653 procumbentes
2529 4597 2595 4636 ac
2620 4592 2942 4637 venerantes
2975 4623 2991 4648 ,
3027 4583 3192 4650 Bene,
3223 4587 3501 4658 inquiunt.
3534 4607 3661 4662 pre-

375 4669 560 4752 αὐτῷ,
594 4672 906 4740 Εὐλόγησον
935 4672 1106 4742 ἡμᾶς,
1132 4671 1406 4740 λέγοντες,
1440 4673 1623 4747 Πάτερ
1647 4673 1969 4743 τιμιώτατε.

2078 4691 2203 4730 care
2247 4676 2430 4738 nobis,
2473 4673 2632 4730 Pater
2683 4674 3158 4730 reverendissime.
3199 4677 3269 4732 At
3315 4681 3608 4753 episcopus
3643 4703 3655 4738 :

386 4764 448 4817 '0
471 4764 530 4818 δὲ
555 4764 855 4827 ἐπίσκοπος
878 4780 894 4793 ⁶
915 4763 1105 4827 Αὐτὸς,
1136 4764 1341 4836 Πάτερ,
1376 4767 1520 4836 ἡμᾶς
1551 4765 1866 4838 εὐλόγησον.
1913 4765 1972 4821 Ὀ

371 4855 434 4908 δὲ
464 4853 642 4916 ἁεϐᾶς
671 4853 822 4922 λέγει
844 4869 858 4884 ·
885 4854 1156 4919 Δέσποτα,
1182 4854 1242 4908 τὺ
1265 4853 1491 4908 ἔλαττον
1523 4855 1628 4909 ὑπὸ
1661 4855 1756 4910 τοῦ
1789 4855 1974 4926 κρείτ-

374 4961 536 5006 τονος
558 4942 890 5012 εὐλογεῖται.
937 4943 1201 4997 Ἐπιπολὺ
1236 4942 1295 4997 δε
1325 4943 1772 5014 ἀναγκαζόμενος
1801 4945 1830 4996 6
1852 4943 1970 4996 ἐπί·

300 5023 308 5029 ’
377 5053 587 5099 exarto;
615 5036 768 5105 παρὰ
791 5034 885 5089 τοῦ
920 5033 1086 5098 ἀδσᾶ,
1114 5030 1269 5089 εἶπεν
1293 5052 1307 5068 ο
1357 5033 1417 5090 '0
1444 5035 1648 5106 Κύριος
1681 5035 1840 5108 ήμῶν
1873 5034 1973 5106 ἰη-

307 5117 314 5122 ’
378 5126 512 5191 σοῦς
537 5127 796 5199 Χριστὸς,
827 5127 857 5180 6
882 5123 1142 5198 ’ἀληθινός
1169 5127 1301 5191 Θεὸς
1331 5128 1489 5199 ἡμῶν
1515 5125 1628 5200 δώῃ
1655 5129 1788 5198 ἡμῖν
1815 5127 1970 5199 ἐλεη-

309 5205 316 5214 .
379 5221 548 5291 θῆναι
577 5221 643 5274 δι’
672 5220 848 5292 εὐχῶν
878 5222 1034 5292 ὑμῶν
1070 5221 1258 5290 ἁγίων.
1293 5222 1405 5276 Καὶ
1437 5221 1498 5274 τὸ
1533 5221 1709 5293 ’Λμὴν
1739 5223 1974 5292 ἀποκρι-

317 5299 324 5306 ’
380 5313 610 5378 θέντων,
663 5311 1006 5376 ἀσπάζονται
1057 5311 1323 5384 ἀλλήλους
1365 5312 1444 5384 τῷ
1486 5313 1629 5384 ἁγίῳ
1677 5313 1969 5385 φιλήματι.

383 5406 495 5458 Καὶ
529 5403 846 5468 ἀνελθόντες
887 5406 946 5459 ἐν
976 5404 1054 5476 τῷ
1086 5403 1220 5476 οἴκῳ
1266 5406 1545 5476 ὲκάθησαν
1579 5406 1608 5459 ὅ
1639 5421 1698 5458 τε
1745 5405 1969 5458 ὲπὶσκο·

383 5516 483 5564 ποῖ
516 5499 610 5554 καὶ
649 5500 992 5571 οἰὶμοναχοὶ,
1021 5501 1114 5553 καὶ
1157 5500 1310 5568 λέγει
1350 5501 1377 5552 6
1411 5501 1709 5562 ἐπίσκοπος
1731 5513 1744 5528 °
1801 5497 1974 5552 Πόθεν

455 5722 570 5793 (89)
611 5721 685 5778 De
739 5726 1072 5780 monasterio
1109 5725 1213 5780 isto
1247 5723 1384 5779 infra
1418 5725 1581 5778 (tiam
1639 5725 1722 5780 bis
1769 5727 1972 5778 mentio

385 5794 440 5868 lit
471 5797 554 5868 (ιι.
587 5794 660 5849 48
687 5795 894 5868 εξιγθο).
927 5796 1072 5868 Idem
1110 5805 1290 5849 autem
1335 5796 1505 5849 fuisse
1545 5795 1592 5850 vi
1618 5802 1776 5858 fetnr,
1809 5808 1974 5868 atque

387 5865 545 5939 illud,
575 5866 723 5939 quod
753 5867 1247 5939 Pirrnsinﬁicilia
1280 5883 1435 5920 sar-ra
1465 5869 1531 5939 a-l
1559 5882 1765 5921 annum
1799 5865 1973 5939 usque

388 5934 525 6000 μηδ
551 5937 775 5994 stetisse
803 5937 988 5992 scribit
1022 5936 1165 6009 (\Nol.
1199 5938 1326 6008 ελεγ.
1361 5954 1413 5992 n.
1470 5938 1552 6007 tO,
1581 5947 1617 5992 t.
1655 5939 1692 6002 Ι,
1730 5954 1781 6008 p.
1808 5934 1970 6012 752,;

1338 6153 1390 6178 δ

2077 4769 2193 4824 lmo
2221 4778 2276 4824 tu
2311 4769 2492 4834 nobis,
2538 4767 2717 4835 Pater,
2753 4767 2890 4823 bene
2917 4785 3158 4835 precare.
3193 4771 3442 4842 Cumque
3487 4775 3660 4833 abbas

2075 4873 2301 4932 negaret
2333 4859 2416 4912 fas
2437 4875 2580 4926 esse,
2608 4859 2753 4929 quod
2785 4859 3010 4928 majoris
3037 4859 3092 4915 in
3115 4861 3381 4915 minorem
3404 4863 3498 4932 jus
3526 4865 3658 4921 illud

2078 4953 2361 5023 proprium
2397 4951 3093 5020 haberetur,repugnante
3126 4952 3218 5005 diu
3270 4955 3489 5021 abbate,
3541 4961 3657 5028 epi-

2077 5061 2276 5115 seopus
2307 5043 2388 5098 ait
2423 5061 2437 5098 :
2489 5041 2754 5097 Dominus
2805 5051 2988 5096 noster
3035 5041 3196 5098 Jcsus
3231 5043 3483 5101 Christus
3516 5046 3661 5104 Dens

2026 5163 2030 5168 -
2077 5153 2239 5191 verus
2291 5135 2539 5190 omnium
2582 5142 2864 5197 nostrum,
2909 5137 3116 5190 sanctis
3159 5135 3416 5202 precibus
3465 5143 3660 5194 vestris

2079 5230 2348 5298 placatus,
2387 5227 2775 5282 misericordiae
2818 5242 2920 5281 nos
2960 5242 3073 5282 suae
3109 5227 3405 5300 participes
3454 5231 3657 5302 faciat;

2076 5333 2128 5378 rt
2160 5323 2333 5380 Amen
2367 5321 2600 5385 reddito,
2637 5330 2827 5376 sancto
2854 5335 2914 5376 se
2949 5320 3181 5375 invicem
3224 5323 3415 5376 osrnlo
3456 5325 3663 5380 salu'a-

2079 5427 2226 5479 runt,
2264 5424 2432 5486 atque
2475 5416 2528 5469 in
2572 5417 2793 5471 dormant
2837 5415 3130 5486 progressi,
3170 5430 3362 5472 omnes
3399 5423 3660 5476 consedi--

2079 5525 2227 5569 runt.
2261 5513 2398 5569 Tum
2432 5515 2583 5586 prior
2612 5515 2902 5584 cpiscopus
2928 5555 2941 5581 ,
2988 5513 3158 5578 Unde,
3190 5513 3386 5586 inquit,
3426 5517 3660 5586 piissimi

2077 5733 2258 5807 locum
2308 5734 2512 5807 ipsum
2535 5730 2735 5787 Strabo
2772 5733 2886 5802 (lib.
2917 5748 3026 5807 _\'|,7
3049 5749 3099 5803 ρ.
3132 5733 3258 5805 266)
3307 5735 3657 5807 Ἐμπορεῖον,

2080 5803 2404 5858 Ptvlrtna'us
2459 5805 2575 5872 (lib.
2627 5819 2711 5867 Ill,
2747 5820 2865 5872 cap.
2904 5805 2957 5870 4)
2993 5803 3288 5877 Ἐμπόριον
3344 5803 3585 5877 appellat
3641 5803 3653 5864 ἐ

2080 5879 2260 5928 lorum
2315 5891 2671 5944 ilt‘liipt“t]ilti
2704 5891 2909 5928 merces
2941 5876 3180 5942 undique
3235 5876 3652 5936 imetnibzntnr.

2149 5947 2265 6018 (90)
2297 5945 2353 6000 In
2385 5961 2452 6000 co
2473 5949 2508 6000 Ι.
2557 5949 2606 6014 1,
2640 5947 2893 6000 ἐκάλεσεν
2925 5945 3083 6000 αὐτὸν
3115 5948 3170 6013 ἐξ
3194 5947 3477 6018 ὀνόματος.
