4026 6388
486 399 592 464 583

1447 380 1918 444 S.GREGORII
1979 373 2495 440 AGRIGENTINI
2553 371 2747 436 νΙΤΑ.

3639 373 3734 437 5θᾶ

487 521 538 560 et
582 520 612 558 a
651 501 762 558 Deo
791 497 1022 573 protecti
1055 495 1192 570 (9i),
1239 493 1352 550 huc
1381 491 1452 547 ad
1491 492 1928 550 mediocritatem
1983 504 2086 546 nov

2205 487 2571 560 παραγέγονεν
2601 470 2740 556 πρὸς
2762 482 2860 554 τὴν
2885 481 3164 553 ἡμετέραν
3197 481 3520 554 μετριότητα
3544 481 3576 554 ἠ
3605 486 3739 558 ὐμῶν

487 606 658 652 stram
707 589 1048 648 advenistis?
1093 586 1354 644 Cui-cum
1395 579 1717 657 peregrinos
1752 597 1811 640 se
1839 596 1983 647 esse,
2019 595 2085 636 ac

487 689 718 744 Romam
755 683 994 740 Domino
1039 687 1318 736 annuente
1357 687 1546 750 petere
1597 692 1656 732 se
1684 676 1823 731 velle
1853 688 2085 746 respon-

487 785 719 845 dissent,
759 776 1000 848 subjecit
1033 775 1332 846 cpiscopus
1365 788 1380 827 :
1411 771 1486 826 De
1511 769 1691 835 nobis,
1727 768 1909 834 Pater,
1940 764 2084 837 quod

487 889 554 928 ex
595 869 816 925 Domini
852 868 1138 922 voluntate
1183 873 1290 929 est,
1344 863 1476 930 ﬁat;
1532 850 1896 931 institutoque
1945 857 2088 913 inter

407 969 412 973 ‘
485 980 584 1020 eos
627 977 884 1018 sermoae
909 961 976 1015 de
1005 959 1074 1013 iis
1104 973 1227 1027 quae
1253 956 1492 1011 maxime
1523 954 1590 1010 ad
1637 954 1944 1008 animorum
1971 950 2082 1007 uli-

483 1057 694 1110 litatem
727 1053 1026 1124 pertinent,
1057 1063 1355 1120 parumper
1394 1045 1564 1103 simul
1615 1042 1893 1098 immorati
1935 1049 2084 1097 sunt.

488 1147 612 1202 Mox
649 1146 946 1214 episcopus
975 1143 1206 1202 dimisso
1246 1148 1414 1204 metu,
1465 1139 1519 1192 in
1557 1137 1817 1206 templum
1849 1135 2090 1204 perrexit

489 1239 806 1292 divinorum
873 1233 1264 1302 mysteriorum
1313 1243 1482 1283 causa
1523 1226 1690 1282 :dies
1737 1225 1885 1279 enim
1925 1223 2088 1279 anni-

491 1329 768 1384 versarios
795 1339 913 1381 erat
937 1325 1419 1385 sanetissimorum
1451 1321 1826 1391 apostolorum
1855 1316 2000 1373 Petri
2034 1324 2089 1370 et

489 1420 646 1476 Pauli
694 1439 709 1475 :
763 1435 928 1490 quem
975 1417 1152 1472 secuti
1209 1413 1499 1479 monachi,
1545 1426 1706 1467 sacro
1751 1410 1999 1472 adfuere,
2034 1418 2090 1464 et

495 1523 816 1568 sanctorum
853 1510 1244 1580 mysteriorum
1279 1507 1578 1576 participes
1610 1502 1736 1559 facti
1771 1513 1918 1558 sunt.
1953 1501 2088 1556 Eos-

495 1611 619 1661 dem
647 1603 880 1661 subinde
901 1605 1194 1672 episcopus
1217 1613 1422 1654 mensa:
1443 1611 1554 1652 sua:
1574 1594 1862 1651 considere
1879 1593 2046 1664 jussit
2071 1610 2084 1646 :

495 1708 612 1752 tum
643 1694 958 1751 cubiculum
973 1667 1060 1747 ’iis
1083 1691 1272 1746 datum
1299 1689 1484 1760 quieto
1508 1682 1562 1741 in
1593 1687 1718 1741 loco
1743 1700 1913 1756 prope
1942 1684 2090 1740 aedes

2188 580 2520 652 θεοτήρητος
2543 577 2828 647 θεοφιλίας
2872 575 2931 630 '0
2960 575 3018 629 δὲ
3053 575 3189 646 πρὸς
3217 575 3376 630 αὐτόν
3400 593 3414 608 ο
3450 575 3593 631 Ξένοι
3627 599 3743 652 τυγ-

2189 673 2450 742 χάνομεν,
2484 671 2668 741 Πάτερ
2697 667 2992 738 ἁγιώτατε,
3021 668 3117 721 καὶ
3151 667 3245 720 ὲπὶ
3279 666 3373 738 τήν
3411 667 3618 744 Ῥώμην
3642 672 3740 728 δια.

2191 765 2431 834 περάσαι
2471 761 2799 834 βουλόμεθα.
2855 761 2952 814 ἐὰν
3011 763 3040 814 6
3095 759 3298 831 Κύριος
3345 760 3586 816 κελεύει.’
3615 764 3666 817 '0
3701 766 3747 819 δὲ

2190 857 2492 918 ἐπίσκοπος
2520 855 2670 924 λέγει
2713 853 2896 924 αὐτῷ’
2925 851 3178 906 Γενέσθω
3225 853 3286 906 τὸ
3329 852 3535 922 θέλημα
3569 857 3748 914 Κυρίου

2191 952 2271 1014 εἰς
2299 949 2470 1020 ἡμᾶς,
2505 949 2712 1016 Πάτερ.
2755 946 2966 1017 Ὀλίγον
2996 946 3054 999 δὲ
3091 947 3432 1013 καθήσαντες
3458 949 3551 999 καὶ
3582 965 3750 1002 συντυο

2191 1041 2378 1112 χόντες
2425 1040 2562 1110 πρὸς
2605 1038 2872 1112 ἀλλήλους
2925 1037 2992 1090 τά
3020 1037 3366 1091 συντείνοντα
3405 1037 3482 1098 είς
3515 1037 3756 1104 ὠφέλειαν

2190 1134 2368 1206 ψυχῆς
2392 1149 2406 1163 ο
2443 1130 2846 1200 συνταξάμενος
2879 1131 2908 1184 6
2937 1129 3240 1190 ἐπίσκοπος
3269 1130 3379 1187 τοῖς
3400 1127 3640 1198 ἀδελφοῖς
3665 1132 3760 1184 εἰς.

2191 1225 2355 1297 ἦλθεν
2384 1227 2443 1279 ἐν
2473 1227 2537 1296 τῇ
2573 1223 2842 1296 ἐκκλησίᾳ
2881 1220 2976 1275 τοῦ
3005 1219 3336 1276 ἀποτελέσαι
3362 1223 3462 1288 τὴν
3504 1219 3647 1274 Θείαν
3679 1226 3760 1277 καὶ

2196 1317 2348 1390 ἱερὰν
2387 1316 2816 1387 μυσταγωγίαν·
2860 1311 2928 1386 ἦν
2975 1315 3086 1385 γὰρ
3115 1311 3301 1383 ἡμέρα
3345 1312 3454 1364 τῶν
3489 1312 3650 1390 ἁγίων
3684 1319 3762 1367 καὶ

2193 1387 2573 1478 πανευφήμων
2619 1405 2934 1460 ἀποστόλων
2981 1405 3194 1476 Πέτρου
3247 1404 3342 1456 καὶ
3394 1387 3623 1456 Παῦλον.
3669 1407 3762 1458 Καὶ

2195 1499 2598 1572 μεταλαϐόντες
2631 1498 2740 1552 τῶν
2769 1498 3058 1570 ἁχράντων
3107 1495 3202 1549 καὶ
3246 1493 3528 1558 ζωοποιιῖω
3578 1514 3764 1567 μυστη-

2195 1594 2348 1666 ρίων,
2380 1593 2586 1662 ἔφαγον
2614 1593 2778 1662 ἄρτον
2817 1589 2878 1644 ἐν
2916 1592 2983 1662 τῇ
3014 1587 3266 1660 τραπέζῃ
3316 1586 3414 1640 τοῦ
3459 1590 3763 1643 ὲπ.σκόπου.

2197 1686 2440 1741 Ἔδωκεν
2487 1685 2544 1740 δὲ
2583 1685 2768 1748 αὐτοῖς
2810 1683 3024 1737 κελλίον
3051 1683 3108 1734 ἐν
3135 1681 3289 1752 τόπῳ
3333 1681 3520 1752 ἡσύχῳ
3565 1681 3766 1752 πλησίον

492 1787 858 1859 pontiliCales.
900 1785 1029 1838 Inde
1070 1783 1174 1837 sub
1219 1795 1480 1836 auroram
1540 1795 1668 1835 cum
1715 1777 1772 1832 in
1824 1778 2087 1848 templum

2205 1775 2288 1829 τοῦ
2317 1773 2668 1828 ἐπισκοπίου.
2703 1770 2836 1826 Εἶτα
2867 1775 2962 1827 ἐπί
2986 1771 3085 1844 τὴν
3111 1769 3304 1842 αὔριον
3337 1769 3587 1840 εἰσῆλθον
3611 1773 3656 1824 oi
3685 1789 3768 1841 μο-

495 1881 806 1946 rediissent,
842 1886 896 1932 et
927 1877 1228 1931 matutinas
1260 1875 1334 1929 ibi
1365 1887 1561 1944 preces
1595 1871 1988 1938 absolvissent,
2024 1869 2091 1924 ad

2205 1868 2350 1938 ναχοὶ
2377 1869 2434 1927 ἐν
2475 1870 2543 1940 τῇ
2587 1867 2877 1937 ἐκκλησίᾳ,
2900 1867 2994 1920 καὶ
3023 1864 3411 1936 πληρωθέντος
3444 1864 3539 1917 τοῦ
3569 1865 3766 1936 ὄρθρου,

490 1975 636 2030 aedes
666 1969 908 2042 episcopi
967 1969 1196 2032 reversi,
1243 1968 1455 2022 honore
1504 1966 1585 2021 illi
1637 1973 1950 2020 reverenter
1995 1963 2094 2018 ha-

495 2066 632 2132 bito,
661 2065 1013 2120 considentes
1057 2076 1184 2116 cum
1217 2049 1286 2114 eo
1322 2059 1562 2130 colloqui
1589 2068 1897 2128 coeperunt.
1931 2055 2096 2112 Forte

496 2167 678 2212 autem
713 2155 970 2226 contigit,
1003 2163 1064 2208 ut
1095 2151 1350 2224 Gregorii
1379 2158 1636 2222 parentes
1670 2150 1726 2204 in
1777 2149 1968 2204 urbem
2001 2164 2097 2205 ve-

495 2255 696 2314 nirent,
733 2263 922 2304 secum
963 2263 1088 2318 qua
1127 2261 1265 2316 opus
1297 2253 1456 2302 erant
1486 2242 1748 2309 ferentes,
1787 2257 1898 2313 quo
1937 2241 2096 2297 anui-

497 2344 797 2400 versariam
825 2341 949 2412 ejus
973 2341 1302 2396 memoriam
1325 2337 1674 2392 celebrarent
1699 2353 1712 2390 :
1734 2339 1926 2391 eodem
1948 2333 2096 2389 enim

497 2437 584 2490 die
629 2433 930 2504 Gregorius
979 2431 1109 2486 inde
1154 2436 1484 2494 secesserat,
1521 2425 1574 2482 id
1609 2435 1694 2481 est
1747 2424 1926 2495 pridie
1973 2421 2095 2478 Kal.

494 2528 692 2588 Julias.
723 2509 974 2600 Cumque
1012 2526 1188 2583 oculis
1227 2539 1424 2581 eorum
1474 2523 1913 2610 o’bversarentur
1942 2520 2098 2592 pueri

495 2620 735 2690 aequales
760 2621 883 2691 ejus
911 2620 1193 2691 quondam
1223 2627 1278 2674 et
1301 2617 1461 2684 socii,
1487 2631 1630 2687 quos
1648 2615 1762 2686 jam
1792 2613 2100 2672 adolevisse

497 2709 776 2777 videbant,
826 2719 1005 2765 mater
1061 2708 1184 2780 ejus
1223 2709 1333 2762 alta
1374 2721 1510 2762 voce
1558 2708 1780 2777 plorare
1827 2704 1996 2776 coepit
2035 2718 2101 2760 ac

498 2805 683 2859 dicere
712 2821 726 2858 :
758 2801 898 2867 Heu,
937 2802 1014 2857 tili
1053 2803 1128 2856 mi
1163 2800 1518 2868 suavissime,
1547 2801 1774 2871 paulum
1799 2788 1902 2870 ego
1926 2807 2102 2855 mater

499 2907 596 2952 tua
621 2897 788 2962 dicta,
817 2906 873 2952 et
905 2904 959 2952 te
986 2895 1102 2950 tilio
1135 2895 1316 2950 laetata
1351 2909 1472 2950 sum
1499 2893 1514 2948 ί
1545 2893 1660 2964 jam
1693 2901 1746 2949 te
1776 2893 1976 2948 misera
2003 2906 2102 2948 ea-

504 3005 618 3049 reo.
655 2988 794 3056 Heu,
833 2989 927 3056 till,
961 2971 1107 3060 quis.
1133 2996 1186 3043 te
1219 2995 1454 3042 venatus
1497 2985 1620 3042 est?
1649 2987 1817 3058 lupus
1863 2984 2102 3042 fortasse

503 3082 706 3153 aliquis
725 3097 904 3136 meum
931 3081 1036 3136 sibi
1061 3094 1266 3150 agnum
1291 3078 1546 3150 arripuit.
1566 3077 1770 3150 Ecquis
1795 3090 1925 3135 vero
1947 3077 2103 3134 locus

2196 1959 2450 2030 εἰσῆλθον
2476 1961 2534 2013 ἐν
2558 1959 2636 2031 τῷ
2665 1957 2976 2029 ἐπισκοπεῳ
2998 1974 3012 1988 ο
3044 1958 3140 2012 καὶ
3164 1959 3498 2030 ποιήσαντες
3529 1956 3670 2030 αὐτῷ
3691 1960 3768 2028 τὴν

2199 2053 2516 2126 πρέπουσαν
2539 2050 2866 2122 ⁴μετάνοιαν,
2893 2049 3173 2121 ἐκάθησαν
3223 2050 3322 2102 καὶ
3349 2047 3589 2120 ήρξαντο
3614 2050 3772 2103 λαλεῖν

2196 2147 2376 2218 λόγον.
2430 2145 2590 2200 Κατὰ
2632 2143 2940 2216 συγκυρίαν
2976 2143 3032 2196 δὲ
3065 2143 3371 2196 κατέλαϐον
3414 2143 3466 2195 ci
3495 2146 3661 2210 γονεῖ,
3692 2145 3772 2197 τοῦ

2198 2241 2508 2312 Γρηγορίου
2565 2227 2649 2303 είς
2700 2238 2802 2312 τὴν
2860 2236 3016 2290 πόλιν
3071 2235 3336 2308 φέροντες
3389 2235 3460 2288 τά
3519 2237 3648 2307 πρὸς
3693 2239 3774 2306 τὴν

2199 2333 2413 2404 χρείαν,
2466 2331 2556 2386 ἵνα
2604 2311 2966 2384 ἐκτελέσωσιν
3011 2327 3179 2383 αὐτοῦ
3231 2331 3302 2381 τά
3348 2329 3694 2400 μνημόσυνα·
3729 2332 3774 2382 ἐν

2198 2425 2376 2498 ταύτῃ
2401 2425 2510 2500 γὰρ
2534 2425 2602 2496 τῇ
2629 2423 2816 2495 ήμέρᾳ
2843 2417 2911 2494 ἦν
2944 2421 3316 2493 ὑποχωρήσας
3352 2423 3380 2474 6
3413 2421 3700 2492 l‘pm'épto;
3725 2424 3774 2472 ἐκ

2199 2518 2311 2573 τῶν
2335 2519 2515 2572 ἐκεῖσε
2539 2519 2606 2588 τῇ
2635 2515 2896 2588 τριακάδι
2921 2512 3017 2569 τοῦ
3055 2514 3278 2568 Ἰουνίου
3315 2515 3510 2583 μηνός.
3539 2515 3646 2566 Καὶ
3669 2515 3774 2567 ἰδόν-

2202 2627 2294 2676 τες
2355 2609 2481 2672 τοὺς
2531 2607 2728 2672 παῖδας
2776 2607 2904 2670 τοὺς
2949 2604 3232 2678 ὁμιλίκους
3273 2605 3560 2669 εἰσιόντας
3601 2605 3773 2669 καὶέξ-

2203 2700 2559 2774 ερχομένους,
2591 2699 2687 2754 καὶ
2713 2697 2944 2770 πλήρεις
2972 2697 3193 2768 ἡλικίας
3220 2699 3584 2778 γενομένους.
3612 2697 3765 2768 ήρξατο

2203 2794 2239 2866 ἡ
2271 2793 2454 2864 μήτηρ
2483 2788 2650 2845 αὐτοῦ
2672 2787 2948 2852 ὀλολύζειν
2973 2788 3032 2842 ἐν
3060 2787 3234 2859 ἰσχύει
3253 2787 3356 2841 καὶ
3380 2787 3566 2858 λέγειν
3586 2803 3600 2818 ο
3625 2787 3770 2856 Οῖμοι,

2203 2885 2394 2939 τέκνον
2445 2883 2580 2956 ἐμὸν
2630 2881 2995 2954 γλυκύτατον,
3044 2881 3196 2952 πρὸς,
3237 2880 3433 2950 ὀλίγον
3488 2897 3585 2934 σου
3630 2881 3779 2952 μήτηρ

2205 2975 2447 3047 ἐκλήθην
2502 2975 2599 3030 καὶ
2644 2975 2854 3046 ἐχάρην
2912 2973 2994 3037 είς
3039 2972 3133 3038 σὲ,
3157 2969 3254 3026 καὶ
3287 2973 3376 3036 είς
3417 2971 3482 3025 τὸ
3527 2972 3682 3043 τάχος
3707 2986 3782 3024 σου

2207 3067 2535 3140 ἐχωρίσθην.
2567 3066 2756 3139 Οίμοι,
2789 3067 3004 3134 τέκνον,
3042 3065 3127 3130 τίς
3175 3083 3236 3120 σε
3282 3065 3636 3139 ἑθήρευσεν;
3670 3065 3790 3136 ’Δρα

506 3175 802 3264 unigenam
833 3171 976 3229 ceiat
1008 3172 1229 3228 meum?
1257 3171 1526 3243 siquidem
1559 3170 1742 3242 praeda
1778 3171 1992 3240 uspiam
2023 3169 2100 3224 fa-

2207 3162 2264 3216 δὲ
2319 3163 2474 3226 ποῖος
2518 3159 2684 3224 λύκος
2731 3159 2794 3212 τὸ
2841 3158 2976 3228 ἐμὸν
3018 3158 3362 3230 ἀφήρπασεν
3411 3157 3628 3230 ἄρνιον;
3657 3159 3789 3219 Ποίος

507 3263 628 3324 ctus
653 3279 756 3324 est.
799 3269 867 3322 At
903 3264 1052 3322 feras
1081 3265 1199 3321 haec
1249 3265 1402 3336 regio
1436 3280 1548 3321 non
1583 3265 1766 3320 habet.
1798 3263 1942 3318 Num
1977 3278 2104 3320 eum

511 3363 751 3418 fortasse
791 3361 896 3416 sub
936 3372 1152 3415 nectent
1193 3359 1321 3430 quis
1364 3360 1582 3414 necavit
1623 3368 1679 3414 ct
1711 3359 1764 3413 in
1794 3373 1945 3414 mare
1977 3372 2108 3428 pro-

503 3455 639 3526 jecit
660 3453 685 3508 2
707 3453 841 3523 quid
873 3453 1056 3507 dicam
1086 3456 1306 3521 nescio;
1333 3467 1398 3506 ac
1423 3451 1470 3508 si
1497 3466 1606 3523 qua
1641 3452 1748 3506 alia
1769 3459 1944 3506 morte
1974 3450 2108 3506 sub-

509 3548 774 3613 latusjlle
797 3556 902 3610 est,
937 3541 1082 3601 Deus
1109 3560 1254 3600 unus
1285 3545 1460 3628 novit.

583 3701 728 3757 χχι.
761 3699 890 3758 Haec
933 3710 991 3757 et
1022 3700 1229 3756 similia
1282 3715 1408 3758 cum
1457 3700 1854 3756 lamentaretur
1887 3699 2107 3766 mulier,

511 3794 682 3859 cives,
718 3794 814 3864 qui
853 3801 1256 3862 convenerant,
1295 3793 1470 3865 ipsam
1503 3794 1762 3866 lacrymis
1804 3807 2108 3864 proseque-

511 3889 731 3942 bantur.
761 3885 833 3942 Ut
870 3903 1002 3943 vero
1045 3896 1257 3943 tantum
1305 3889 1579 3958 ploratum
1631 3887 1894 3962 [xxxvm]
1937 3889 2111 3945 abbas

512 3981 742 4045 audivit,
781 3979 1102 4048 episcopum
1145 3979 1526 4050 interrogavit,
1562 3995 1830 4052 quorsum
1872 3981 2112 4038 turbatio

515 4073 608 4127 illa
630 4072 950 4144 pertineret,
981 4087 1148 4143 quam
1195 4073 1251 4128 in
1287 4075 1424 4133 urbe
1453 4090 1577 4130 esse
1611 4074 1858 4130 audiret?
1896 4075 1969 4130 At
1995 4075 2114 4147 epi-

513 4179 740 4234 scopus,
793 4167 887 4234 qui
935 4163 1185 4234 Gregorii
1223 4179 1480 4237 parentes
1517 4167 1806 4226 advenisse
1858 4180 2110 4238 noverat,

515 4270 733 4325 eosque
765 4271 888 4310 esse
932 4257 1026 4326 qui
1057 4257 1270 4325 ﬂerent,
1305 4259 1565 4332 lacrymis
1592 4261 1802 4318 obortis
1828 4261 2112 4334 ingemuit,

517 4360 682 4418 atque
703 4388 720 4410 ,
757 4347 922 4414 Audi,
953 4349 1154 4419 inquit,
1183 4349 1346 4412 Pater
1379 4369 1393 4406 :
1423 4368 1691 4424 exponam
1721 4357 1866 4417 enim
1890 4357 1986 4411 tibi
2017 4357 2116 4410 tri-

2176 3255 2264 3309 ,δὲ
2317 3255 2482 3318 τόπος
2534 3255 2610 3308 τὸ.
2645 3253 2914 3325 μονογενῆ
2963 3269 3065 3324 μου
3107 3251 3412 3324 ἀπέκρυψε
3470 3251 3696 3318 τέκνον;
3742 3249 3796 3302 Et

2209 3361 2298 3400 πω
2355 3345 2698 3418 θηριάλωτον
2751 3342 2886 3398 αὐτὸ
2941 3343 3166 3414 γέγονεο
3203 3343 3328 3397 ἀλλ’
3377 3345 3408 3398 6
3451 3343 3617 3408 τόπος
3653 3341 3795 3414 θηρία

2209 3441 2310 3494 οὐκ
2335 3421 2470 3510 ἔχει.
2506 3440 2656 3510 ’Δρα
2691 3455 2756 3506 γε
2799 3438 2874 3509 μή
2906 3453 2991 3502 τις
3024 3436 3190 3490 αὐτὸν
3219 3437 3278 3489 ἐν
3310 3438 3478 3491 νυκτὶ⁸
3502 3434 3794 3499 ἀπέπνιξεν,

2210 3533 2309 3586 καὶ
2365 3533 2446 3594 εἰς
2505 3530 2790 3586 Θάλασσαν
2845 3529 3110 3602 ἐρριψεν;
3162 3531 3266 3584 οὐκ
3333 3528 3460 3586 οἶδα
3525 3533 3694 3585 εἰπεῖν
3735 3527 3798 3598 μὴ

2211 3625 2308 3678 καὶ
2346 3622 2524 3686 ἄλλως
2549 3640 2667 3688 πως
2691 3622 3017 3694 ἀπεκτάνθη
3036 3665 3052 3691 ,
3083 3625 3112 3676 6
3135 3623 3270 3690 Θεὸς
3305 3627 3476 3696 μόνος
3512 3625 3800 3678 ἐπίσταται.

2287 3715 2418 3770 ΚΑ¹⁸
2481 3716 2670 3772 Ταῦτα
2716 3715 2813 3769 καὶ
2865 3714 2936 3768 τὰ
2979 3716 3208 3770 τοιαῦτα
3262 3716 3730 3789 ἀπολοφυρομένη
3775 3715 3803 3778 ἡ

2213 3810 2373 3881 γυνή,
2403 3808 2669 3880 συνῆλθον
2695 3809 2748 3861 οἱ
2772 3807 2874 3878 τῆς
2905 3808 3136 3875 πόλεως,
3167 3809 3264 3862 καὶ
3293 3811 3634 3866 συνέκλαιον
3661 3810 3804 3878 αὐτῇ.

2228 3901 2494 3964 Ἀκούσας
2544 3900 2602 3954 δὲ
2655 3901 2684 3954 6
2725 3900 2901 3965 άδόἄς
2941 3901 3033 3954 τὸν
3075 3901 3246 3957 πολὺν
3287 3903 3527 3973 θρῆνον,
3561 3903 3706 3970 λέγει
3741 3897 3806 3968 τῷ

2215 3994 2541 4066 ἐπισκόπῳ·
2571 3994 2808 4065 ¹⁹Λραγε,
2841 3994 3046 4066 Πάτερ,
3069 3995 3152 4058 τίς
3191 3997 3350 4050 ἐστιν
3403 3999 3433 4051 6
3468 3997 3717 4074 θόρυὸος,
3760 3994 3809 4048 ὃν

2215 4087 2404 4144 ἀκούω
2433 4089 2494 4142 ἐν
2513 4090 2582 4158 τῇ
2608 4087 2806 4157 “ditat;
2839 4087 3006 4152 Γνοὺς
3035 4087 3092 4142 δὲ
3117 4090 3146 4142 6
3175 4089 3514 4155 ἐπίσκοπος,
3544 4091 3627 4145 ὅτι
3659 4091 3706 4142 oi
3731 4104 3809 4154 γο-

2217 4179 2668 4245 νεῖςκατέλαῦον
2717 4180 2814 4234 τοῦ
2858 4181 3192 4252 Γρηγορίου,
3243 4184 3341 4236 καὶ
3377 4183 3544 4237 αὐτοί
3593 4185 3728 4236 εἰσιν
3770 4179 3812 4232 oi

2218 4274 2570 4347 θρηνοῦντες,
2612 4273 2880 4341 στενάξας
2917 4277 2983 4330 ἐκ
3014 4273 3236 4346 βάθους,
3267 4273 3392 4330 εἶτα
3419 4277 3522 4330 καὶ
3552 4273 3812 4348 δακρύσας

2218 4367 2356 4438 ἐφη·
2387 4365 2680 4434 Ἄκουσον,
2715 4366 2924 4436 Πάτερ,
2958 4366 3056 4420 καὶ
3082 4367 3433 4441 διηγήσομαί
3471 4385 3560 4423 σοι
3599 4371 3663 4420 τὸ
3691 4383 3792 4435 συμ

519 4439 748 4495 stissimi
800 4451 1034 4496 eventus
1082 4443 1392 4505 historiam,
1440 4447 1534 4515 qui
1573 4457 1702 4501 ante
1747 4463 1924 4504 armos
1971 4448 2100 4505 dum

2221 4457 2324 4511 σὰν
2351 4455 2526 4512 δεινὸν
2553 4458 2612 4511 ἐν
2637 4459 2706 4530 τῇ
2735 4458 2892 4511 πόλει
2919 4457 3100 4532 ταύτῃ
3127 4439 3243 4531 πρὸν
3261 4439 3380 4514 τῶν
3421 4459 3524 4513 δύο
3568 4457 3809 4512 ἐνιαυτιίι

519 4532 626 4586 hac
655 4533 772 4602 ipsa
815 4531 871 4586 in
906 4533 1040 4587 urbe
1072 4534 1294 4592 accidit.
1336 4533 1429 4590 Vir
1474 4546 1592 4591 erat
1621 4537 1859 4608 quodam
1901 4540 1964 4594 in
1989 4541 2100 4596 vice

2211 4549 2321 4603 τῶν
2352 4549 2740 4620 παρελθόντων
2759 4549 2989 4604 τούτων.
3013 4531 3128 4604 Ἦν
3153 4567 3240 4614 τις
3261 4554 3413 4624 ἀνὴρ
3440 4555 3503 4606 ἐν
3533 4552 3700 4624 κώμῃ
3727 4549 3819 4603 τινὶ

518 4641 690 4698 prope
725 4627 868 4680 hanc
898 4627 1117 4695 urbem,
1150 4627 1246 4697 qui
1281 4643 1509 4683 uxorem
1539 4632 1774 4685 duxerat
1802 4633 1948 4702 piam
1982 4633 2100 4688 Dei-

2211 4642 2446 4715 πλησίον
2473 4645 2574 4714 τῆς
2606 4642 2848 4698 ἐνταῦθα
2879 4643 3110 4708 πόλεως,
3147 4644 3289 4715 ἒχων
3331 4648 3590 4712 γυναῖκα
3629 4643 3819 4714 σεμνὴν

519 4737 628 4792 que
682 4730 1020 4775 metuentem
1074 4738 1088 4775 :
1139 4730 1404 4792 erantque
1463 4725 1627 4779 ambo
1680 4725 1837 4781 valde
1887 4725 2100 4796 divites,

2212 4738 2309 4791 καὶ
2357 4735 2707 4808 φοϐουμένην
2751 4735 2843 4790 τὸν
2872 4735 3028 4802 Θεδν,
3055 4736 3409 4809 ὑπάρχοντες
3441 4739 3546 4792 καὶ
3581 4739 3643 4792 ἐν
3675 4737 3824 4790 εὐπο-

520 4830 752 4885 qua-que
781 4831 812 4868 a
843 4813 952 4868 Deo
981 4825 1326 4884 acceperant,
1358 4816 1444 4886 pie
1479 4817 1954 4885 administrabant,
1985 4835 2100 4890 ege-

2214 4830 2309 4902 ρίᾳ
2339 4828 2534 4900 πολλῇ,
2569 4825 2808 4892 εύσεὸῶς
2844 4829 3180 4894 διοικοῦντες
3231 4829 3300 4884 τά
3347 4832 3518 4902 παρὰ
3558 4829 3655 4885 τοῦ
3697 4826 3821 4882 Θεοῦ

523 4921 648 4968 nos,
685 4905 902 4968 Viduas,
937 4904 1176 4974 pupillos
1210 4904 1370 4960 bonis
1403 4907 1610 4963 alentes
1659 4911 1794 4973 suis,
1833 4918 2018 4979 atque,
2057 4918 2114 4964 ut

521 5000 681 5069 plane
711 4998 917 5064 dicam,
967 4997 1172 5052 nemini
1213 4997 1406 5054 deesse
1449 5002 1738 5071 patientes,
1785 5018 1908 5072 qua:
1971 5017 2108 5074 opus

522 5101 726 5158 essent,
772 5101 828 5145 et
872 5101 1190 5147 sanctorum
1234 5093 1656 5150 necessitatibus
1693 5095 1894 5166 cupide
1923 5096 2110 5165 opitu-

485 5253 490 5257 η
525 5185 720 5239 tantes.
776 5181 920 5237 Puer
950 5198 1081 5237 vero
1135 5183 1222 5240 his
1251 5185 1412 5241 datus
1445 5196 1552 5249 est,
1582 5202 1744 5256 quem
1805 5202 1908 5258 ego
1946 5188 2112 5243 miser

523 5277 712 5330 divino
737 5276 1074 5347 salutat-ique
1105 5277 1436 5348 baptismate
1469 5289 1720 5336 renatum
1762 5281 2000 5352 suscepi.
2030 5281 2112 5338 Eo

526 5368 674 5423 aucti
707 5377 981 5439 parentes,
1017 5369 1208 5432 liberis
1245 5385 1472 5442 operam
1500 5371 1637 5427 dare
1667 5371 1976 5440 desierunt;
2019 5379 2110 5427 ut-

527 5477 638 5534 que
683 5475 820 5534 puer
871 5475 1069 5516 annum
1111 5463 1290 5534 attigit
1319 5474 1596 5532 octavum,
1630 5465 1740 5520 huc
1783 5465 1986 5522 abillis
2017 5467 2112 5523 de~

529 5555 730 5610 doctus
782 5561 887 5619 est,
938 5565 988 5608 et
1028 5569 1057 5608 a
1099 5570 1185 5608 me
1219 5556 1272 5609 in
1312 5556 1658 5633 disciplinam
1713 5558 1966 5614 traditus.
2007 5559 2109 5616 Coi

529 5646 782 5702 Christus
819 5646 955 5701 adeo
991 5647 1256 5718 propitius
1295 5648 1416 5718 fuit,
1467 5661 1526 5705 ut
1573 5651 1748 5720 prima
1803 5653 2107 5708 litterarum

528 5740 797 5796 elementa
831 5740 973 5796 intra
1009 5741 1289 5796 biennium
1320 5743 1565 5814 apprime
1601 5755 1872 5814 nosceret,
1919 5763 2108 5804 usum-

602 5852 715 5924 (δι)
743 5852 801 5908 in
829 5855 950 5909 eod.
983 5855 1038 5923 2,
1070 5855 1400 5928 θεοτήρητος
1435 5856 1610 5930 φιλία.

2209 4920 2476 4991 δεδομένα
2525 4921 2734 4986 αὐτοῖς,
2758 4921 3111 4991 διανέμοντες
3167 4927 3442 4994 πτωχοῖς,
3490 4924 3700 4996 χήραις
3741 4920 3826 4975 καὶ

2208 5017 2470 5087 ὀρφανοῖς
2495 5014 3032 5086 άντιλαμόανόμενοι
3054 5033 3067 5048 ·
3099 5015 3198 5070 καὶ
3226 5016 3431 5082 ἁπλῶς
3456 5021 3667 5080 εἰπεῖν,
3702 5015 3826 5068 πᾶσι

2209 5109 2324 5170 τοῖς
2367 5105 2648 5178 δεομένοις
2701 5106 3078 5178 ἐπαρκοῦντες
3133 5109 3206 5162 τὰ
3263 5107 3414 5180 πρὸς
3468 5110 3576 5180 τὴν
3623 5108 3828 5179 χρείαν,

2211 5199 2616 5264 σπουδάζοντες
2653 5200 2752 5254 καὶ
2777 5202 2904 5265 ταῖς
2926 5201 3036 5254 τῶν
3061 5201 3234 5270 ἁγίων
3261 5201 3496 5273 χρείαις
3529 5189 3826 5255 κοινωνεῖν.

2225 5291 2412 5362 Ἐδόθη
2437 5291 2496 5344 δέ
2529 5293 2714 5356 αὐτοῖς
2737 5291 2932 5347 τέκνον
2963 5333 2978 5360 ,
3009 5286 3222 5359 οὗτινος
3263 5293 3384 5362 ἐγὼ
3436 5296 3468 5348 6
3503 5288 3831 5366 άμαρτωλδς

2213 5384 2474 5454 ἁνάδοχος
2505 5385 2712 5454 γέγονα
2747 5383 2818 5440 ἐκ
2850 5387 2944 5440 τοῦ
2987 5387 3137 5441 θείου
3170 5389 3264 5440 καὶ
3295 5388 3708 5460 σωτηριώδους
3747 5385 3836 5456 βα⁹

2215 5475 2546 5546 πτίσματος.
2583 5475 2852 5548 Ἀπέσχον
2903 5479 2963 5532 δὲ
3010 5478 3256 5551 ἀλλήλων
3300 5480 3364 5532 οἱ
3417 5483 3610 5549 γονεῖς
3655 5479 3749 5550 ἀφ’
3779 5467 3836 5530 οὗ

2213 5567 2403 5620 ἔτεκον
2425 5569 2609 5624 αὑτὸν.
2639 5569 2944 5642 Γενομένου
2978 5571 3036 5624 δὲ
3065 5572 3232 5625 αὑτοῦ
3261 5572 3608 5640 ὀκταετοῦς,
3631 5573 3836 5642 ἢγαγον

2214 5660 2379 5715 αὑτὸν
2427 5663 2685 5732 ἐνταῦθα,
2733 5665 2830 5718 καὶ
2876 5665 2946 5718 δι’
2979 5665 3118 5738 ἐμοῦ
3153 5665 3444 5740 παρεδόθη
3479 5669 3568 5733 είς
3600 5668 3666 5723 τὸ
3695 5665 3838 5720 διδα-

2217 5753 2492 5811 σκαλεῖον.
2539 5759 2650 5812 Καὶ
2691 5758 2888 5812 ἔλαϐεν
2927 5761 3091 5834 χάριν
3131 5761 3281 5835 παρὰ
3316 5761 3583 5834 Χριστοῦ
3619 5762 3684 5818 τὸ
3711 5777 3838 5818 παι·
