4026 6394
403 321 517 384 ’587

1421 319 1480 380 S.
1511 319 1896 382 GREGORII
1935 320 2452 384 AGRIGENTINI
2495 322 2695 401 V'ITA.

3586 330 3693 398 583

412 445 511 501 per
550 442 795 500 praesens
823 434 928 493 est,
960 433 1014 483 et
1046 441 1236 499 preces
1266 441 1367 496 pro
1428 428 1584 483 vobis
1640 427 1843 484 fundit.
1899 428 1999 483 Cui

2106 428 2138 498 ἢ
2188 429 2363 495 οὕτως
2393 429 2652 504 ἀσέμνως
2687 431 2910 486 πενθεῖν
2951 432 3044 488 ἐπὶ
3071 433 3146 508 τῷ
3192 436 3368 510 τέκνῳ
3403 439 3579 510 ὑμῶν,
3614 445 3691 510 τῷ

393 523 644 578 -Charito
683 541 696 577 :
728 522 895 586 Audi,
924 521 1125 591 inquit,
1171 519 1352 586 Pater,
1385 535 1475 576 res
1531 522 1760 575 omnino
1801 522 1874 576 ila
1943 536 2004 576 se

399 617 620 682 habet;
651 615 920 686 scriptum
954 613 1157 684 quippe
1197 623 1284 668 est
1314 613 1370 666 in
1396 611 1710 669 Proverbiis
1737 629 1754 666 :
1779 631 1798 665 ι
1827 611 2002 668 Infer-

415 723 518 764 nus
543 715 598 764 et
635 705 868 778 perditio
895 720 1082 760 coram
1115 705 1391 761 Domino:
1426 713 1635 774 quanto
1673 705 1846 777 magis
1877 720 2002 760 cor-

411 799 480 854 da
511 799 799 856 hominum
839 798 998 872 (94)?
1029 818 1048 852 ι
1079 813 1273 870 quare,
1317 797 1542 856 domine
1588 798 1663 853 mi
1703 807 1760 854 et
1815 797 2000 864 Pater,

412 893 560 948 ﬁlius
588 907 810 963 quoque
859 900 1076 958 noster,
1106 891 1192 947 vel
1237 891 1283 946 si
1316 907 1519 963 corpus
1555 891 1674 962 ejus
1706 907 1871 950 manu
1899 889 2002 946 ho-

411 985 577 1043 minis
613 994 870 1042 enectum
904 983 1094 1049 fuerit,
1130 983 1318 1040 anima
1354 996 1504 1042 certe
1552 985 1708 1050 vivit,
1735 995 1791 1040 et
1823 983 1878 1038 in
1903 982 1999 1039 Dei

409 1091 610 1132 manus
647 1077 946 1148 pervenit:
987 1091 1114 1132 nam
1165 1076 1432 1140 innocens
1497 1077 1655 1147 plane
1694 1075 2002 1132 exstinctus

403 1180 509 1228 est.
543 1167 690 1227 Uxor
723 1177 908 1225 autem
947 1168 1265 1226 Cbaritonis
1294 1170 1378 1226 ori
1414 1170 1631 1225 abbatis
1673 1170 1880 1225 intenta
1915 1185 2006 1224 ex-

408 1263 704 1335 spectabat
745 1263 882 1335 (95),
913 1263 1046 1333 quid
1077 1263 1145 1318 ad
1186 1263 1302 1318 haec
1341 1263 1590 1318 dicturus
1619 1269 1785 1316 esset.
1805 1259 1876 1314 At
1901 1259 2001 1314 ab-

409 1357 508 1414 bas
533 1356 818 1412 Charitoni
850 1356 1189 1426 respondens
1215 1373 1230 1412 :
1260 1355 1426 1420 Audi,
1466 1355 1624 1420 dixit,
1643 1353 1869 1409 Charito
1891 1351 2003 1408 fra-

409 1458 512 1515 ter,
545 1463 614 1505 ac
641 1447 808 1505 [idem
845 1448 985 1503 habe
1043 1447 1178 1502 mihi
1213 1464 1226 1501 :
1296 1462 1405 1504 non
1459 1445 1506 1502 si
1545 1445 1689 1500 (ilius
1730 1453 1858 1500 tuus
1907 1457 1996 1498 ca-

2104 519 2242 591 πρὸς
2271 519 2332 574 τὸ
2355 522 2535 593 παρὸν
2562 523 2690 592 ὑμῖν
2722 523 2798 596 μὴ
2828 525 3158 598 φαινομένῳ,
3210 529 3296 582 ἀεὶ
3324 529 3381 584 δὲ
3437 530 3515 603 τῷ
3575 531 3694 609 Θεῷ

2105 610 2328 684 φανερῷ
2355 611 2494 678 ὄντι,
2532 613 2628 668 καὶ
2671 614 2801 686 περὶ
2837 616 2992 690 ὑμῶν
3023 623 3468 696 προσευχομένῳ.
3536 627 3694 680 Ἀποα

2102 700 2314 774 κριθεὶς
2342 701 2401 755 δὲ
2431 703 2459 755 6
2482 703 2740 776 Χαρίτων
2767 705 2920 775 λέγει
2950 707 3130 781 αὐτῷ·
3165 712 3457 782 Ἀκουσον,
3487 717 3694 789 Πάτερ,

2103 796 2214 848 πᾶν
2245 793 2519 859 τοσούτως
2545 797 2660 867 ἔχει
2689 814 2705 829 ο
2738 797 3054 871 γέγραπται
3084 803 3194 874 γὰρ
3225 804 3284 857 ἐν
3317 809 3439 872 ταίς
3490 811 3694 882 Παροι-

2106 888 2283 959 μίαις,
2327 906 2346 940 ι
2383 888 2554 961 ’ᾼδης
2587 889 2682 944 καὶ
2703 890 2955 947 ἀπώλεια
2983 896 3194 968 φανερά
3249 899 3402 970 παρὰ
3457 903 3690 974 Κυρίου,

2105 978 2221 1044 πῶς
2256 978 2380 1050 οὐχὶ
2410 979 2507 1034 καὶ
2537 980 2595 1035 αί
2624 981 2848 1052 καρδίαι
2876 983 2986 1037 τῶν
3024 983 3332 1058 ἀνθρώπων
3358 1007 3372 1054 ;
3409 1011 3428 1043 ι
3447 991 3690 1057 πάντως,
3728 1040 3734 1045 .

2103 1068 2262 1142 κύριέ
2295 1087 2396 1142 μου
2431 1070 2526 1124 καλ⁵
2555 1070 2761 1142 Πάτερ,
2793 1073 2889 1127 καὶ
2931 1071 2996 1128 τὸ
3040 1076 3231 1130 τέκνον
3281 1063 3459 1151 ἡμῶν,
3503 1084 3551 1136 εί
3597 1085 3698 1138 καὶ

2103 1160 2436 1228 πεφόνευται
2470 1159 2581 1216 ἀπὸ
2614 1161 2798 1234 χειρὸς
2832 1163 3126 1237 ἀνθρώπου
3168 1171 3230 1222 τὸ
3279 1169 3441 1242 σῶμα
3499 1173 3695 1238 αὑτοῦ,

2103 1249 2220 1304 ἀλλ’
2251 1247 2349 1305 οῦν
2374 1253 2408 1322 ἡ
2436 1251 2583 1324 ψυχὴ
2611 1253 2778 1308 αὑτοῦ
2802 1256 2882 1319 είς
2909 1258 3096 1329 χεῖρας
3118 1258 3254 1312 Θεοῦ
3283 1262 3646 1333 παραδέδοται
3673 1285 3694 1297 ·

2105 1342 2350 1409 ἀναίτιος
2377 1348 2488 1418 γὰρ
2509 1345 2808 1401 ἀπέθανεν,
2850 1347 2916 1402 Ἥ
2935 1349 2992 1404 δὲ
3014 1351 3154 1422 γυνὴ
3185 1353 3352 1407 αὑτοῦ
3383 1355 3696 1427 ἀπέϐλεψεν

2098 1434 2180 1508 τῷ
2213 1437 2444 1509 στόματι
2471 1438 2566 1492 τοῦ
2600 1439 2768 1505 ἀόϐᾶ,
2815 1439 2902 1494 ’τὸ
2933 1442 2986 1495 τί
3013 1442 3122 1515 ἄρα
3159 1445 3561 1520 ἀπολογήσεται
3589 1469 3695 1504 πε-

407 1543 708 1599 lamitatem
738 1542 980 1614 aliquam
1018 1541 1298 1602 subiisset,
1337 1538 1423 1594 vel
1465 1547 1525 1592 ut
1564 1548 1619 1592 tu
1650 1545 1832 1608 putas,
1894 1551 1996 1592 nec

2101 1529 2160 1606 ρὶ
2179 1530 2394 1585 τούτου.
2413 1533 2763 1605 Ἀποκριθεὶς
2791 1534 2850 1588 δὲ
2879 1533 3055 1600 ἀϐϐἄς
3083 1537 3234 1608 λέγει
3261 1541 3340 1612 τῷ
3363 1542 3643 1615 Χαρίτωνι
3669 1563 3686 1576 ·

410 1647 594 1692 tamen
632 1633 838 1692 factum
868 1642 972 1699 est,
1005 1635 1076 1689 ab
1133 1633 1319 1702 aliquo
1368 1631 1590 1686 occisus
1640 1640 1805 1697 esset,
1857 1645 1998 1686 mm-

407 1744 589 1784 rorem
619 1729 744 1784 ideo
771 1738 824 1782 ct
859 1727 1134 1798 laerymas
1163 1727 1307 1780 Deus
1337 1725 1638 1795 negligeret
1674 1723 1862 1794 hujus,
1897 1722 1996 1793 qui

404 1831 460 1878 et
498 1823 578 1877 illi
607 1831 665 1878 et
688 1820 848 1876 nobis
879 1818 1197 1875 communis
1222 1827 1307 1872 est
1331 1817 1535 1871 animis
1587 1816 1850 1872 curandis
1891 1815 1996 1870 Pa-

406 1921 488 1968 ter
521 1929 537 1979 ;
575 1910 674 1967 sed
705 1923 834 1964 eum
899 1906 1128 1963 omnino
1158 1907 1224 1963 de
1252 1907 1410 1979 pueri
1457 1905 1627 1962 rebus
1664 1905 1994 1961 edocuisset.

403 2005 612 2078 Itaque,
648 2004 988 2067 mihicrede,
1019 2001 1242 2058 animus
1271 2001 1418 2057 illius
1455 2003 1599 2059 bona
1649 2001 1706 2056 in
1759 1999 2001 2078 statione

406 2073 686 2154 versatur.
727 2093 832 2152 Cui
853 2093 1086 2152 Charito
1120 2110 1136 2149 :
1172 2092 1347 2161 Bona,
1399 2093 1602 2164 inquit,
1651 2103 1818 2163 atque
1856 2073 2004 2148 utilis

396 2189 715 2248 cohortatio
768 2197 864 2245 tua
897 2195 1007 2256 est,
1036 2186 1246 2255 Pater;
1275 2197 1332 2242 at
1354 2179 1622 2244 Dominus
1660 2181 1836 2252 novit,
1881 2199 2006 2256 qua:

403 2285 501 2340 lilii
531 2282 709 2340 nostri
734 2280 979 2338 conditio
1005 2281 1099 2348 sit,
1127 2289 1182 2336 et
1217 2279 1332 2351 ipse
1383 2279 1562 2334 nostri
1634 2276 2004 2338 miserebitur,

398 2390 505 2432 nec
535 2375 721 2431 minus
741 2373 908 2430 animi
941 2372 1106 2440 illius,
1124 2371 1584 2444 quemadmodum
1612 2370 1866 2426 voluntas
1885 2367 2024 2438 ejus‘

398 2468 532 2538 fert,
573 2482 767 2524 curam
801 2473 975 2539 geret.

2105 1623 2396 1690 Ἀκουσον,
2427 1623 2628 1694 ἀδελφὲ
2657 1626 2934 1696 Χαρίτων,
2964 1627 3190 1685 πίστευέ
3225 1649 3340 1704 μοι,
3389 1634 3475 1688 ὄτι
3508 1637 3558 1690 εί
3592 1637 3694 1690 ἐπὶ

2102 1716 2260 1788 κακῷ
2287 1717 2554 1785 ἐξέδωκεν
2599 1719 2794 1776 ἑαυτὸν
2819 1720 2880 1774 τὸ
2924 1721 3118 1778 τέκνον
3159 1741 3253 1779 σου
3289 1726 3322 1797 ἢ
3372 1726 3448 1792 ὡς
3474 1729 3539 1791 σὺ
3599 1744 3692 1783 νο-

2103 1807 2305 1882 μίζεις,
2335 1810 2708 1879 πεφονεῦσθαι
2739 1813 2904 1867 αὐτὸν
2929 1815 3034 1868 ὑπό
3067 1833 3236 1882 τινος,
3260 1817 3288 1871 ὃ
3319 1819 3379 1872 οὔ
3437 1819 3688 1890 γέγονεν,

2102 1905 2206 1958 οὐκ
2235 1903 2302 1960 ἂν
2336 1905 2566 1976 παρίδεν
2588 1907 2616 1960 6
2643 1905 2779 1970 Θεὸς
2811 1907 2938 1973 τοὺς
2969 1909 3176 1975 κόπους
3219 1912 3316 1968 καὶ
3346 1913 3414 1966 τὰ
3473 1913 3690 1988 δάκρυα

2100 1996 2198 2052 τοῦ
2228 1997 2605 2069 πνευματικοῦ
2639 1999 2806 2054 αὑτοῦ
2840 2016 2902 2054 τε
2934 2003 3029 2057 καὶ
3067 2003 3220 2076 ἡμῶν
3250 2006 3434 2062 κοινοῦ
3470 2009 3687 2082 Πατρὺς

2100 2088 2291 2144 τούτου
2317 2104 2332 2118 ⁸
2367 2088 2504 2144 ἀλλά
2517 2089 2734 2155 πάντως
2766 2093 3080 2165 φανερῶσαι
3116 2095 3266 2168 αὑτῴ
3293 2093 3440 2169 εἶχεν
3469 2098 3538 2154 τὰ
3565 2101 3690 2154 κατ’

2101 2181 2284 2238 αὐτόν.
2326 2180 2490 2236 Ἀλλά
2516 2180 2742 2254 πίσθητί
2783 2201 2894 2253 μοι,
2922 2183 3005 2237 ὅτι
3031 2185 3090 2238 ἐν
3128 2185 3354 2254 ἀγαθοῖς
3405 2187 3690 2254 αὐλίζεται

2104 2277 2138 2346 ὴ
2189 2275 2337 2348 ψυχὴ
2377 2275 2566 2330 αὐτοῦ.
2609 2275 2959 2348 Ἀποκριθεὶς
2990 2277 3048 2332 δὲ
3073 2279 3102 2331 6
3129 2280 3384 2351 Χαρίτων
3416 2281 3565 2351 λέγει
3609 2283 3692 2354 τῷ

2103 2367 2250 2441 ἀϐὅᾷ
2265 2384 2282 2400 ⁸
2299 2367 2505 2439 Ἀγαθὴ
2523 2369 2618 2422 κα)⁸
2645 2368 2922 2441 ὠφέλιμος
2951 2373 2986 2442 ἡ
3005 2370 3075 2444 σὴ
3101 2373 3450 2444 παραίνεσις,
3467 2376 3656 2448 Πάτερ
3676 2394 3691 2407 ·

2110 2461 2256 2532 πλὴν
2284 2461 2428 2531 ἔγνω
2457 2461 2666 2534 Κύριος
2694 2461 2762 2516 τά
2795 2463 2936 2517 κατά
2961 2464 3026 2518 τὸ
3073 2465 3266 2520 τέκνον
3324 2467 3486 2538 ἡμῶν
3517 2485 3533 2501 °
3597 2470 3696 2524 καὶ

2089 2559 2240 2629 ἡμᾶς
2270 2559 2484 2630 ἐλεήσει
2513 2572 2529 2590 ο
2582 2557 2750 2614 αὐτοῦ
2820 2558 2899 2624 δέ,
2931 2558 3009 2624 ὡς
3064 2559 3336 2632 βούλεται,
3391 2563 3490 2636 τὴν
3514 2563 3696 2636 ψυχὴν

2109 2653 2398 2726 διοικήσει.

473 2734 662 2794 XXlll.
696 2735 832 2794 Post
856 2735 975 2794 htec
1013 2737 1185 2794 abbas
1219 2735 1545 2810 episcopum
1576 2749 1755 2811 rogat,
1796 2752 1858 2799 ut
1899 2760 1986 2800 at-

2164 2751 2294 2808 KI".
2316 2745 2454 2806 Εἶτα
2482 2750 2658 2806 ταῦτα
2685 2751 2951 2807 εἰπόντων
2980 2753 3162 2809 αὐτῶν
3177 2753 3325 2825 λέγει
3363 2757 3586 2830 ὁεάϐὄᾶς
3615 2757 3694 2832 τῷ

401 2832 791 2890 ebidiaconum
821 2832 1044 2904 prodire
1076 2833 1134 2888 in
1161 2833 1403 2889 medium
1455 2835 1690 2905 jubeat;
1731 2845 1902 2907 utque
1952 2839 2001 2894 is

403 2929 459 2983 in
490 2927 734 2984 medium
793 2925 1086 2997 processit,
1117 2923 1200 2982 sic
1227 2939 1354 2980 eum
1383 2923 1582 2981 affatur
1618 2925 1762 3000 :[u]
1795 2929 1888 2986 Dic
1920 2938 1998 2996 tu,

402 3019 592 3082 homo,
628 3030 803 3088 quare
840 3030 964 3086 quae
1002 3015 1146 3072 Deus
1176 3017 1234 3070 in
1273 3031 1448 3086 puero
1490 3019 1753 3088 praeclara
1807 3029 2002 3078 osten-

403 3109 582 3174 derat,
622 3109 884 3180 episcopo
924 3121 1032 3160 non
1060 3105 1352 3163 declarasti
1376 3107 1400 3160 ?
1427 3122 1528 3162 cur
1577 3105 1772 3164 abiens
1815 3107 2000 3164 fodisti

405 3201 462 3254 in
499 3209 667 3267 terra,
702 3207 758 3252 et
784 3196 995 3254 domini
1025 3196 1108 3252 tui
1143 3204 1431 3266 argentum
1464 3205 1524 3252 ut
1565 3212 1762 3253 servus
1792 3198 1881 3254 ille
1903 3214 2000 3255 ne-

403 3308 592 3366 quam,
622 3291 912 3352 oceultasti
938 3291 960 3346 2
991 3290 1246 3347 malnsne
1303 3290 1524 3347 animus
1570 3291 1686 3348 hate
1718 3301 1846 3348 tuus
1873 3308 2001 3364 per-

403 3387 591 3452 vertit,
627 3403 694 3440 an
733 3385 916 3456 potius
946 3385 1093 3441 hanc
1151 3385 1246 3440 tibi
1295 3391 1546 3440 mentem
1608 3385 1860 3444 diabolus
1898 3385 2000 3442 do-

405 3479 523 3534 lose
547 3475 761 3548 injecit,
797 3475 1106 3548 suasitque,
1146 3484 1206 3530 ut
1245 3471 1342 3530 Dei
1371 3475 1576 3531 donum
1594 3476 2001 3534 abscondercs?

404 3585 764 3641 nunquamne
800 3583 929 3625 vero
956 3562 1185 3640 legeras,
1216 3568 1518 3642 gloriosum
1547 3585 1668 3626 esse
1705 3569 1804 3626 Dei
1867 3586 2000 3642 ope-

405 3681 466 3719 ra
496 3657 899 3736 promulgare?
928 3675 995 3717 ac
1023 3659 1160 3718 tales
1193 3661 1311 3733 ipse
1325 3650 1395 3717 'et
1425 3669 1608 3718 tantas
1633 3662 1843 3720 inlerre
1873 3679 1997 3719 mo-

405 3747 596 3813 lestias
623 3754 853 3826 potuisti
885 3753 1240 3812 sanctissimo
1297 3755 1578 3826 episeopo,
1639 3755 2000 3829 ejusdemque

361 3856 572 3900 'causa
604 3843 810 3916 populo
862 3843 1120 3898 universo
1174 3851 1230 3899 et
1279 3842 1366 3900 his
1422 3845 1578 3916 pueri
1633 3847 1998 3916 parentibus?

401 3934 541 3991 Nam
569 3935 616 3992 si
645 3935 742 3990 eos
771 3934 1040 3991 certiores
1070 3935 1139 3990 de
1155 3934 1224 3990 iis
1255 3935 1642 4008 fecisses,quae
1674 3938 1818 3994 Dens
1844 3939 1997 4010 pueri

403 4041 572 4083 causa
596 4025 836 4082 illustria
861 4025 1450 4100 patrasset,'profecto.
1469 4029 1641 4099 gavisi
1669 4040 1854 4084 essent
1874 4045 1997 4086 om-

402 4111 524 4196 nes,
559 4135 750 4194 neque
799 4120 857 4176 in
907 4129 1123 4176 tantum
1182 4135 1476 4177 mcerorem
1533 4121 1602 4177 ad
1668 4121 1774 4178 hoc
1820 4137 1996 4192 usque

2101 4111 2214 4205 τοῖρ
2250 4111 2348 4212 τὴν
2371 4141 2530 4206 δόξαν
2551 4141 2644 4196 τοῦ
2669 4142 2830 4210 Θεοῦ,

403 4225 621 4288 tempus
639 4213 1041 4286 pervenissent.
1062 4213 1178 4286 Age
1192 4214 1382 4287 igitur,
1405 4203 1828 4287 homo,’singula
1851 4214 1997 4272 edis-

410 4320 558 4364 sere.

472 4483 666 4542 XXIV.
714 4482 817 4542 Hic
849 4500 982 4544 vero
1011 4487 1215 4558 pallere
1253 4488 1702 4555 archidiaconus,
1754 4504 1820 4546 ac
1867 4491 2000 4546 totis

403 4579 642 4636 artubus
677 4579 1108 4637 eontremiseere
1138 4594 1154 4632 :
1189 4586 1308 4634 tum
1336 4594 1525 4634 coram
1579 4594 1648 4636 eo
1701 4581 1754 4635 in
1789 4590 1996 4637 terram

403 4673 719 4746 prolapsus,
755 4674 976 4746 plorare
1008 4672 1246 4746 graViter
1292 4688 1358 4728 ac
1401 4673 1584 4730 dicere
1619 4690 1633 4728 :
1693 4668 1836 4730 Proh
1874 4689 1994 4742 vos,
2073 4679 2078 4685 ’

405 4767 538 4833 mei,
565 4765 760 4823 Patres
793 4763 994 4832 sancti,
1021 4765 1284 4822 misereat
1309 4762 1604 4836 iﬁagitium
1629 4781 1658 4821 a
1677 4782 1762 4822 me
1789 4766 1998 4822 admis-

403 4873 526 4914 sum
555 4867 641 4915 est
667 4873 858 4916 coram
882 4856 996 4914 Deo
1031 4865 1087 4914 et
1107 4873 1293 4913 coram
1329 4859 1534 4930 populo
1566 4859 1673 4914 hoc
1711 4861 1994 4928 universo,

404 4952 648 5008 maxime
683 4966 815 5007 vero
859 4949 1128 5008 adversus
1166 4951 1580 5008 sanctissimum
1643 4953 1992 5025 episcopum,

402 5041 573 5114 quem
600 5041 958 5122 communem
991 5050 1278 5114 parentem
1307 5027 1575 5102 habemus
1611 5063 1625 5100 :
1667 5061 1762 5116 per
1811 5046 1994 5118 ipsum

406 5151 504 5192 vos
559 5136 730 5192 Deum
760 5149 880 5200 oro,
909 5137 1128 5193 veniam
1167 5137 1309 5192 date.
1373 5137 1476 5193 Cui
1518 5137 1689 5195 abbas
1727 5157 1744 5194 ε
1797 5139 1994 5210 Surge,

407 5227 607 5298 inquit,
635 5235 690 5284 et
735 5242 801 5284 ea
835 5243 960 5298 quae
986 5228 1054 5284 de
1086 5243 1262 5303 puero
1288 5229 1494 5285 videris
1519 5242 1685 5300 atque
1728 5231 1996 5300 audieris,

407 5319 570 5376 nobis
591 5333 812 5374 enarra.
840 5317 986 5394 Ergo
1016 5319 1466 5389 archidiaconus,
1491 5335 1616 5377 cum
1653 5337 1684 5377 a
1716 5321 1836 5379 solo
1873 5338 1998 5378 sur-

407 5410 662 5476 rexisset,
687 5411 767 5466 sic
797 5411 978 5468 dicere
1011 5412 1249 5468 instituit
1273 5427 1289 5467 :
1311 5411 1510 5469 Audite
1530 5427 1640 5480 me,
1673 5413 1863 5471 Patres
1881 5413 1994 5470 fra-

409 5508 632 5572 tresque
657 5515 894 5558 omnes:
923 5501 1274 5573 quiescebam
1335 5513 1496 5560 nocte
1529 5503 1771 5576 quadam
1811 5505 1867 5562 in
1903 5521 1993 5562 sa-

2103 2843 2388 2914 ἐπισκὸπῳ
2418 2858 2432 2872 °
2465 2844 2677 2912 ’Δγαγε
2705 2845 2786 2908 είς
2813 2844 2980 2915 μέσον
3007 2845 3098 2898 τὸν
3125 2847 3527 2920 ἀρχιδιάκονον.
3556 2847 3693 2906 Εἶτα

2100 2938 2181 3001 είς
2210 2935 2376 3007 μέσον
2407 2935 2536 2996 στὰς
2570 2938 2599 2989 6
2630 2936 3031 3008 ἀρχιδιάκονος,
3066 2939 3220 3009 λέγει
3249 2941 3402 3012 αῦτῷ
3431 2943 3459 2994 6
3481 2941 3683 3006 ἀὸϐᾶς·

2097 3027 2242 3098 Λέγε
2268 3028 2358 3095 σὺ,
2409 3027 2687 3100 ἄνθρωπε,
2719 3029 2866 3094 τίνος
2899 3029 3091 3085 ἕνεκεν
3157 3033 3260 3086 οὐκ
3318 3032 3689 3104 ἀπεκάλυψας

2099 3121 2169 3175 τὰ
2203 3121 2468 3191 μεγαλεῖα
2499 3119 2594 3173 τοῦ
2631 3119 2768 3174 Θεοῦ
2793 3121 2865 3175 τά
2899 3123 3174 3192 γενόμενα
3225 3125 3308 3188 εἰς
3357 3125 3459 3179 τὸν
3509 3127 3689 3197 ,παῖδα

2099 3213 2176 3284 τῷ
2224 3212 2512 3282 ἐπισκὸπῳ
2540 3228 2556 3279 ;
2586 3211 2700 3266 ἀλλ’
2734 3212 2986 3268 ἀπελθὼν
3018 3213 3235 3287 ὣρυξας
3263 3217 3322 3271 ὲν
3347 3219 3413 3289 τῇ
3447 3199 3540 3290 γῇ,
3591 3219 3688 3274 καὶ

2099 3305 2346 3377 ἔκρυψας
2375 3305 2434 3360 τὸ
2465 3304 2732 3377 ἀργύριον
2761 3305 2856 3360 τοῦ
2884 3309 3076 3380 κυρίου
3109 3325 3226 3375 σου,
3277 3309 3464 3380 καθὼς
3515 3315 3612 3367 καὶ
3658 3315 3688 3369 6

2098 3400 2336 3474 πονηρὸς
2360 3399 2546 3464 δοῦλος
2576 3400 2791 3463 ἐκεῖνος
2825 3419 2841 3470 ;
2876 3403 2904 3455 6
2935 3400 3062 3466 νοῦς
3093 3420 3188 3456 σου
3216 3406 3245 3459 6
3269 3405 3445 3470 δόλιος
3511 3406 3687 3462 ταῦτα

2099 3493 2484 3564 ἐτρωπὴσατο,
2507 3493 2715 3564 μᾶλλον
2742 3493 2800 3546 δὲ
2829 3495 2859 3546 ὁ
2915 3493 3210 3566 ἐνσπείρας
3230 3497 3289 3550 ἐν
3321 3498 3406 3551 σοὶ
3465 3499 3689 3554 κακότεο

2097 3603 2226 3657 χνος
2254 3585 2500 3649 διάϐολος
2531 3585 2718 3640 τοῦτον
2741 3585 2834 3639 τὸν
2860 3585 3146 3656 λογισμὸν,
3172 3589 3687 3664 παραλογισάμενος

2098 3677 2320 3754 τὴνδτοῦ
2355 3677 2494 3732 Θεοῦ
2530 3679 2694 3751 χάριν
2737 3677 3158 3748 καλύπτεσθαις
3206 3682 3238 3754 ἢ
3295 3685 3398 3740 οὐκ
3443 3687 3688 3758 ἀνέγνως

2099 3773 2234 3824 ποτέ
2260 3769 2331 3824 τὰ
2352 3771 2446 3826 τοῦ
2476 3771 2615 3828 Θεοῦ
2644 3765 2785 3843 ἔργα
2836 3774 3240 3847 ἀνακηρύττειν
3273 3777 3484 3845 ἔνδοξον
3514 3796 3528 3845 ;
3593 3766 3690 3835 καὶ

2097 3861 2364 3928 τοσαύτας
2403 3864 2499 3918 καὶ
2539 3863 2794 3927 τοιαύτας
2843 3864 3054 3938 θλίψεις
3079 3869 3363 3941 ἐπήγαγες
3397 3873 3476 3944 τῷ
3528 3875 3690 3928 ὁσιω-

2097 3955 2250 4029 τάτῳ
2277 3957 2588 4028 ὲπισκόπῳ,
2621 3959 2717 4012 καὶ
2747 3958 2815 4012 δι’
2847 3960 3015 4014 αὑτοῦ
3065 3963 3233 4017 παντὶ
3297 3964 3376 4035 τῷ
3423 3965 3538 4037 λαῷ
3592 3969 3690 4022 καὶ

2099 4051 2214 4112 τοῖς
2245 4049 2497 4118 γονεῦσιν
2517 4049 2612 4103 τοῦ
2635 4051 2852 4106 παιδίου
2877 4068 2892 4118 ;
2918 4053 3126 4118 Ὄντως
3145 4056 3194 4108 εἰ
3215 4057 3572 4128 ἐφανέρωσας
3586 4060 3698 4114 αὺ--

2873 4145 3052 4218 ἥνπερ
3081 4147 3340 4220 ἐποίησεν
3405 4150 3548 4221 μετά
3593 4153 3689 4205 τοῦ

2065 4312 2073 4320 _
2101 4233 2416 4304 παιδαρίου,
2458 4235 2738 4308 ἐχάρησαν
2771 4236 2840 4290 ἂν
2865 4238 3090 4306 πάντες,
3132 4242 3227 4296 καὶ
3259 4243 3362 4296 οὐκ
3385 4245 3468 4309 είς
3491 4247 3691 4301 τοσαύ-

2100 4339 2201 4392 την
2232 4325 2586 4396 κατήντησαν
2617 4325 2858 4399 ἀθυμίαν
2891 4329 2999 4394 ἕως
3036 4331 3132 4386 τοῦ
3165 4331 3446 4391 νῦν.⁹Εῑπέ
3477 4336 3572 4392 οὖν
3596 4339 3690 4392 ἐπὶ

2102 4416 2342 4482 πάντων,
2371 4417 2649 4490 ἄνθρωπε.
2708 4466 2716 4471 .

2169 4505 2298 4560 KA'.
2357 4505 2418 4561 '0
2469 4509 2526 4562 δὲ
2550 4509 2929 4581 ἀρχιδιάκονος
2975 4513 3178 4586 ἤρξατο
3203 4515 3548 4573 ἀλλοιοῦσθαι
3612 4519 3691 4590 τῷ

2101 4597 2384 4670 προσώπῳ
2413 4600 2508 4652 καὶ
2533 4602 2779 4673 τρέμειν,
2814 4605 2912 4658 καὶ
2955 4608 3027 4662 τὰ
3051 4607 3259 4676 γόνατα
3300 4611 3470 4666 αὑτοῦ
3533 4612 3692 4667 τοῦτο

2102 4687 2244 4759 πρὸς
2270 4688 2435 4743 τοῦτο
2467 4693 2866 4764 συνεκρούοντο
2891 4711 2904 4726 ι
2934 4699 3031 4752 καὶ
3059 4699 3246 4753 πεσὼν
3271 4697 3370 4755 ἐπὶ
3395 4702 3690 4774 πρόσωπον

2099 4779 2264 4871 αὑτοῦ
2311 4781 2450 4853 μετά
2473 4783 2758 4858 κλαυθμοῦ
2785 4790 2987 4861 πικροῦ
3012 4790 3201 4871 ἔλεγεν
3221 4809 3234 4823 ·
3282 4793 3581 4867 Ἐλεήσατέ
3597 4816 3687 4869 με,

2099 4870 2316 4942 Πάτρες
2348 4872 2514 4942 ἀγιοι,
2530 4875 2780 4948 ἥμαρτον
2806 4879 3037 4935 ἐνώπιον
3052 4870 3144 4938 τοῦ
3159 4883 3430 4951 Θεοῦ,καὶ
3457 4887 3688 4944 ἐνώπιον

2099 4963 2304 5028 παντὸς
2358 4967 2454 5020 τοῦ
2485 4967 2619 5024 λαοῦ
2651 4970 3184 5047 τούτου,ἐξαιρέτως
3205 4977 3262 5031 δὲ
3285 4979 3368 5042 είς
3391 4979 3483 5034 τὸν
3509 4981 3688 5035 κοινὸν

2099 5055 2260 5128 ἡμῶν
2289 5059 2512 5132 Πατέρα
2540 5061 2634 5116 τὸν
2661 5064 2960 5122 ὁσιώτατον
3003 5069 3306 5124 ἐπίσκοπον
3331 5087 3346 5103 ·
3394 5073 3688 5145 συγχωρή-

2101 5148 2232 5202 σατέ
2269 5167 2362 5222 μοι
2389 5151 2456 5206 δι’
2491 5154 2656 5210 αὑτὸν
2685 5157 2842 5213 Θεὸν.
2861 5159 3026 5229 Λέγει
3053 5163 3208 5236 αὐτῷ
3233 5167 3263 5220 6
3291 5165 3468 5230 ἁὸϐἄς
3493 5183 3508 5196 ·
3546 5169 3689 5224 Ἀνα-

2100 5239 2234 5334 στάς
2272 5239 2536 5334 διήγησαι
2569 5247 2703 5318 ἡμῖν
2733 5249 2771 5304 ἃ
2799 5245 2940 5316 εἶδες
2971 5255 3070 5308 καὶ
3105 5257 3356 5328 ἀκήκοας
3407 5263 3538 5334 περὶ
3591 5263 3685 5318 τοῦ

2101 5331 2417 5404 παιδαρίου.
2484 5336 2752 5404 Ἀναστὰς
2801 5340 2860 5396 δέ
2919 5343 2950 5396 ὁ
3006 5345 3388 5418 ἀρῃδιάκονος
3431 5331 3540 5406 ἀπὸ
3594 5353 3682 5408 τοῦ

2100 5419 2354 5490 ἐδάφους,
2385 5425 2594 5496 ἤρξατο
2623 5428 2806 5500 λέγειν
2833 5447 2847 5460 °
2879 5434 3038 5490 Ἀκοὺ
3051 5439 3177 5492 δατέ
3209 5442 3568 5516 μου,Πάτρες
3597 5445 3686 5500 καὶ

2101 5527 2308 5580 παντες
2357 5517 2602 5590 ἀδελφοί.
2637 5523 3002 5597 Κοιμωμένου
3057 5547 3161 5602 μου
3194 5535 3254 5587 ἐν
3282 5535 3386 5608 μιᾷ
3440 5535 3595 5591 νυκτὶ
3619 5539 3673 5592 ἐν

386 5738 394 5752 .
617 5687 778 5776 Prov.
795 5706 915 5776 “xv,
943 5689 1042 5776 12.⁹
1053 5689 1140 5776 At
1161 5689 1316 5776 .LXX
1341 5679 1545 5776 habent
1572 5695 1727 5770 παρά
1747 5695 1825 5769 τῷ
1869 5697 1999 5772 Κυρι

2117 5703 2330 5776 Symm.
2353 5705 2612 5770 ἐνώπιονῖ
2642 5713 2850 5774 Theod.
2891 5717 3154 5775 ἐναντίον.

479 5760 596 5833 {95)
620 5760 755 5820 Cod.
795 5761 852 5830 2,
887 5761 1247 5834 περιέϐλεψεν
1270 5764 1522 5838 στόματι.
1594 5795 1598 5799 -
