4026 6382
323 419 422 484 589

1303 403 1364 464 S.
1411 399 1792 465 GREGORII
1846 397 2359 462 AGRIGENTINI
2398 398 2594 464 VITA.

3473 401 3578 465 590

326 530 402 602 τῷ
447 524 644 596 κιλλίῳ
672 521 768 580 τοῦ
809 521 1265 602 σκευοφυλακίου,
1296 523 1400 578 ,καὶ
1444 521 1583 591 ὲμοῦ
1635 521 1902 598 ἀφυπνὼ-

2024 517 2166 573 :ra:-ii
2207 515 2366 582 cella,
2397 519 2623 586 jamque
2655 514 3122 582 ebdormivvram,
3177 529 3303 574 cum
3368 515 3580 573 terribi-

332 637 536 682 σαντος,
567 616 837 689 κέκληκεν
871 633 954 680 τις
973 613 1205 688 φοϐερὸς
1231 615 1324 670 τὸν
1361 615 1550 672 παῖδα.
1597 617 1656 669 Ὀ
1689 615 1749 668 δὲ
1777 612 1912 668 ἀνα-

333 715 456 776 στὰς
505 711 635 780 ἔστη
678 708 991 782 ἔμπροσθέν
1024 726 1150 781 μου,
1178 707 1274 762 καὶ
1296 703 1451 760 εἶπέν
1507 725 1596 779 μοι
1631 723 1646 736 ο
1705 706 1772 760 Τί
1815 707 1906 760 κέ-

330 801 528 875 κ).ηκᾶς
559 817 650 872 με,
677 799 834 866 κύριε
859 817 878 864 ;
907 800 1014 852 Καὶ
1044 792 1198 853 εἷπον
1231 797 1399 868 αὐτῷ·
1434 797 1513 851 Οὐ
1542 796 1792 866 κέκληκᾶ
1823 813 1906 860 σε,

330 896 535 957 τέκνον,
569 891 700 960 ἐγώ.
729 888 864 948 Εἶτα
894 891 1058 946 πάλιν
1085 889 1202 962 μετ’
1261 889 1442 960 ὀλίγον
1505 888 1712 960 ἐπέστη
1759 887 1914 957 αύτῷ

331 987 574 1055 δεύτερον
593 986 748 1056 φωνῇ
765 983 963 1054 λέγων’
991 985 1029 1038 Γ
1035 983 1280 1055 ρηγὸριεο
1303 983 1399 1040 καὶ
1417 977 1577 1038 πάλιν
1597 981 1910 1052 προσελθὼν

335 1074 474 1132 εἶπέν
507 1092 622 1146 μοι·
653 1075 782 1129 Ἰδοὺ
809 1075 943 1144 ἐγὼ,
977 1073 1156 1146 κύριε,
1189 1073 1242 1127 τί
1267 1071 1542 1144 κέκληκάς
1574 1090 1674 1144 με;
1703 1075 1811 1126 Καὶ
1830 1067 1910 1124 εἴ-

338 1187 424 1224 πον
453 1166 607 1238 αὐτῷ
637 1183 650 1196 °
687 1167 762 1222 Οὐ
793 1165 1042 1236 κέκληκά
1083 1184 1141 1222 σε
1163 1206 1180 1231 ,
1208 1165 1422 1222 τέκνον.
1459 1163 1676 1232 Ἔγνων
1720 1163 1800 1226 δὲ.
1827 1163 1912 1218 ὅτι

333 1257 612 1316 ὀπτασίαν.
651 1257 820 1328 ἐώρα,
849 1257 946 1311 καὶ
978 1249 1139 1310 εἷπον
1193 1254 1343 1326 αὒτῷ
1371 1271 1384 1285 ⁸
1467 1255 1604 1310 Ἐὰν
1648 1253 1808 1308 καλεῖ
1848 1270 1910 1306 σε

333 1349 491 1415 ἅπαξ,
532 1350 745 1413 τέκνον,
771 1348 1102 1420 ἁποκρίΟητι
1124 1347 1294 1418 αὐτῷ·
1333 1347 1465 1402 Ἰδοὺ
1499 1344 1630 1414 ἐγὼ,
1662 1345 1715 1398 τί
1743 1361 1908 1415 προσο

332 1443 544 1508 τάττεις
577 1443 653 1513 τῷ
709 1440 787 1511 σῷ
826 1441 1054 1516 οἰκέτῃς
1089 1438 1220 1494 Εἶτα
1267 1439 1431 1492 πάλιν
1463 1440 1527 1492 ὲκ
1564 1437 1746 1508 τρίτου
1795 1453 1912 1504 φω-

331 1537 494 1609 νήσας
528 1534 689 1590 αὐτὸν
720 1537 748 1587 ὁ
773 1531 954 1588 καλῶν
983 1532 1149 1589 αὐτόν
1177 1547 1192 1562 ⁸
1225 1535 1254 1587 ὁ
1273 1531 1334 1586 δέ
1361 1545 1374 1560 ’
1407 1531 1471 1588 Τί
1501 1530 1673 1590 ἐστιν,
1728 1527 1912 1599 κύριε,

331 1626 382 1678 τί
411 1623 772 1696 προστάττεις
799 1621 880 1692 τῷ
910 1621 992 1692 σῷ
1017 1621 1208 1693 οἰκέτῃ
1233 1637 1247 1687 ς
1268 1621 1376 1676 Καὶ
1403 1619 1711 1684 διετάξατο,
1729 1616 1914 1681 καθὼς

333 1720 540 1790 ἤκουσα
589 1718 653 1770 ὲκ
683 1717 912 1787 μέρους,
943 1715 1025 1770 ὃτι
1065 1713 1474 1786 Πορεύθητιείς
1527 1713 1619 1766 τὸν
1666 1710 1914 1779 αἰγιαλὸν

335 1809 424 1864 καὶ
469 1809 727 1880 εὑρήσεις
756 1807 936 1862 ἐκεῖσε
983 1807 1109 1872 τοὺς
1165 1803 1392 1878 ἔχοντάς
1443 1822 1502 1862 σε
1555 1803 1912 1876 διαπερᾶσαι.

2009 616 2078 672 Iis
2129 612 2314 670 nescio
2381 609 2506 679 quis
2537 623 2764 678 puerum
2799 608 3034 662 vocavit.
3086 607 3182 663 ille
3233 623 3360 664 vero
3403 624 3590 664 assur-

2009 716 2144 776 gens
2183 709 2236 756 et
2271 716 2356 757 me
2385 716 2572 758 coram
2610 716 2910 756 accurrens
2943 718 2957 754 :
2998 699 3298 768 Quorsum,
3330 701 3432 767 ait,
3474 717 3584 767 me,

2009 795 2254 864 domine,
2288 794 2539 852 vocasti?
2569 793 2669 848 Cui
2709 807 2845 863 ego:
2877 791 2996 848 Non
3025 794 3304 863 equidem.
3336 792 3586 863 inquam,

2011 897 2063 948 te
2096 887 2310 953 vocavi,
2344 887 2440 943 liii.
2489 885 2658 942 Paulo
2695 893 2822 956 post
2863 884 3004 942 idem
3058 884 3108 939 ei
3133 900 3354 940 rursum
3415 883 3592 940 astitit

2009 999 2146 1044 voce
2183 984 2516 1046 inclamans,
2555 979 2784 1046 Gregori
2819 993 2833 1032 :
2873 989 2927 1034 ct
2951 979 3041 1032 ille
3071 978 3266 1032 iterum
3301 975 3367 1033 ad
3391 992 3478 1030 me
3500 991 3591 1030 ac-

2011 1077 2212 1134 cedens
2243 1093 2258 1130 :
2307 1074 2447 1130 Ecce
2473 1089 2607 1144 ego,
2641 1071 2840 1142 inquit,
2878 1071 3133 1134 domine,
3183 1083 3448 1138 quorsum
3504 1083 3592 1123 me

2011 1168 2270 1224 vocasti?
2316 1167 2418 1224 Cui
2474 1162 2618 1238 ego:
2659 1161 2880 1220 Minime
2941 1173 2992 1220 te
3048 1161 3261 1226 vocavi,
3319 1161 3414 1216 tili.
3487 1157 3592 1215 Sed

2013 1276 2139 1318 cum
2172 1259 2563 1332 per-cepissem,
2598 1259 2780 1313 visum
2806 1256 2856 1312 ei
2897 1255 3169 1319 oblatum,
3195 1251 3410 1322 adieci:
3445 1251 3504 1307 Si
3539 1261 3595 1306 te

2015 1349 2184 1404 semel
2223 1349 2549 1411 etiamnum,
2582 1347 2678 1410 ﬁli,
2707 1347 2944 1410 vocarit,
3006 1343 3224 1400 vocanti
3265 1341 3538 1412 responde
3572 1359 3586 1396 :

2013 1439 2153 1496 Ecce
2185 1454 2308 1510 ego,
2351 1438 2480 1510 quid
2517 1437 2724 1494 tantulo
2747 1436 3061 1510 praescribis
3091 1434 3228 1492 tuo?
3279 1433 3425 1504 Ergo
3469 1448 3594 1488 cum

2013 1547 2140 1585 eum
2173 1533 2334 1587 tertio
2362 1532 2452 1588 ille
2479 1531 2626 1586 idem
2701 1538 2978 1594 vocasset,
3035 1526 3271 1598 subjecit
3323 1525 3596 1600 protinus,

2026 1609 2170 1691 Quid
2204 1633 2306 1685 est,
2340 1619 2581 1688 domine,
2609 1623 2752 1694 quod
2783 1623 2989 1676 famulo
3013 1618 3324 1692 praescribis
3345 1618 3474 1674 tuo?
3498 1618 3600 1674 At—

2015 1732 2126 1788 que
2162 1715 2274 1782 ille,
2303 1725 2579 1793 quatenus
2607 1716 2799 1772 audire
2825 1713 3002 1779 licuit,
3045 1713 3196 1770 abire
3233 1727 3362 1770 eum
3413 1711 3480 1766 ad
3510 1709 3602 1762 lLt-

2018 1795 2106 1865 tus
2136 1809 2323 1880 jussit,
2357 1809 2546 1880 ibique
2580 1809 2933 1866 inventurum
2967 1807 3065 1874 ait,
3097 1807 3191 1880 qui
3229 1803 3601 1860 transmittere

334 1900 515 1956 Ταῦτα
542 1900 754 1971 ἥκουσα
785 1898 938 1970 παρὰ
967 1898 1062 1954 τοῦ
1088 1897 1324 1969 φοϐεροῦ
1355 1895 1449 1952 τοῦ
1495 1895 1792 1960 καλοῦντος
1819 1895 1915 1948 αῦ-

2024 1911 2266 1976 possent.
2301 1901 2428 1958 llaec
2447 1878 2549 1972 ego
2585 1917 2648 1956 ex
2693 1900 2952 1958 terribilis
3001 1878 3148 1955 illius
3187 1912 3322 1954 voce
3365 1895 3597 1952 audivi:

337 1995 423 2048 τόν
445 2009 458 2022 ⁸
509 1991 648 2046 ἀλλὰ
677 1991 940 2061 φοϐηθεὶς
971 1991 1072 2047 οὐκ
1095 1990 1410 2062 ἀπήγγειλά
1439 2007 1546 2043 τινι
1587 1989 1648 2044 τὸ
1690 1990 1914 2066 ῥραμα,

344 2087 416 2156 μή
453 2103 580 2138 ποτε
614 2085 674 2138 οὐ
711 2083 786 2154 μὴ
817 2083 1102 2138 πιστεύσει
1139 2082 1230 2155 μοί
1258 2101 1364 2149 τις,
1393 2081 1509 2139 ἀλλ’
1539 2081 1794 2142 εἴπωσιν,
1833 2080 1914 2134 ὅτι

345 2175 449 2245 ἐγὼ
481 2173 703 2244 αὐτὺνῆ
759 2175 1038 2245 πέπρακα,
1095 2173 1129 2245 ἢ
1179 2173 1465 2243 ἐφόνευσα.
1510 2171 1674 2240 Λέγει
1709 2170 1862 2241 αὐτῷ
1887 2167 1916 2224 ὁ

347 2265 510 2328 ἀεϐᾶς
533 2282 548 2298 ⁸
591 2265 649 2322 ’0
677 2263 812 2328 Θεὸς
841 2263 1187 2336 συγχωρήσει
1213 2279 1297 2316 σοι
1325 2263 1394 2316 δι’
1413 2261 1588 2332 εὐχῶν
1612 2261 1706 2316 τοῦ
1733 2259 1916 2317 κοινοῦ

356 2357 500 2428 ἡμῶν
524 2357 756 2428 Πατρός.
1097 2337 1108 2344 ᾖ

430 2431 550 2524 ne,
585 2443 714 2500 Εἶτα
746 2446 950 2518 ἤρξατο
1003 2447 1030 2498 ὁ
1085 2446 1262 2512 esse;
1326 2445 1555 2514 λέγειν·
1596 2445 1916 2510 Ἀκούσατε,

363 2539 568 2607 ἀδελφοὶ
600 2538 688 2591 καὶ
712 2538 946 2608 Πάτρες,
979 2539 1076 2592 καὶ
1107 2539 1258 2592 πᾶσα
1285 2539 1320 2608 ἡ
1359 2538 1679 2608 Ἐκκλησία,
1715 2537 1776 2590 τὸ
1809 2554 1913 2591 rra-

359 2627 566 2698 ράδοξον
597 2627 783 2699 θαῦμα
812 2627 870 2680 τὸ
908 2627 1203 2697 γενόμενον
1235 2630 1292 2680 ὲν
1322 2629 1444 2690 ταῖς
1499 2626 1735 2698 ἡμέραις
1785 2627 1919 2679 ταύ-

351 2734 482 2780 ταις.
557 2716 900 2788 Ἦκούσαμεν
989 2719 1047 2772 ὲν
1103 2719 1216 2780 τοῖς
1273 2714 1597 2780 Βασιλείοις,
1656 2715 1738 2768 ὅτι
1802 2733 1919 2768 κοι-

353 2809 600 2882 μωμένου
627 2808 722 2864 τοῦ
745 2809 1037 2880 παιδαρίου
1063 2806 1320 2880 Σαμουὴλ
1351 2807 1446 2866 τοῦ
1471 2809 1752 2880 προφήτου
1785 2805 1918 2860 ποτὲ

349 2901 654 2972 ἔμπροσθεν
697 2899 791 2955 τοῦ
833 2899 954 2954 Ἠλὶ
1010 2900 1103 2952 τοῦ
1167 2899 1380 2970 ἱερέως,
1433 2898 1700 2970 κέκληκεν
1758 2897 1920 2950 αὐτὸν

346 2993 572 3064 ἄγγελος
611 2993 820 3064 Κυρίου
849 2992 1049 3062 λέγων’
1086 3010 1105 3044 ι
1126 2990 1402 3062 Σαμουὴλ,
1431 2991 1687 3063 Σαμουὴλ
1706 3010 1720 3024 ο
1753 3011 1772 3043 t
1797 2991 1920 3046 τού-

343 3077 434 3139 του
453 3085 514 3140 δὲ
549 3089 614 3139 ὲκ
643 3086 830 3156 τρίτου
853 3086 1076 3153 γέγονεν
1110 3087 1142 3154 ἡ
1181 3083 1331 3154 φωνὴ
1369 3084 1506 3154 πρὸς
1528 3083 1589 3138 τὸ
1613 3083 1918 3156 παιδάριον,

2019 1993 2118 2051 sed
2156 2003 2301 2065 metu
2334 2003 2621 2064 correptus
2647 1993 2828 2047 visum
2865 1989 3073 2045 nemini
3127 1987 3394 2052 iudicavi,
3431 1987 3603 2042 nemi-

2022 2100 2147 2140 nem
2173 2093 2331 2140 ratus
2356 2085 2517 2140 tidem
2557 2083 2691 2138 mihi
2728 2081 3068 2146 habiturum,
3101 2095 3166 2135 ac
3199 2079 3443 2136 dicturos
3499 2093 3600 2148 po-

2022 2178 2153 2243 tius,
2185 2192 2415 2246 puerum
2441 2192 2472 2231 a
2510 2191 2596 2230 me
2629 2175 2713 2228 vel
2754 2173 3032 2228 venditum
3063 2171 3146 2228 vel
3177 2179 3426 2228 necatum
3455 2185 3598 2226 esse.

2017 2267 2214 2336 Porro,
2260 2269 2449 2334 abbas,
2485 2268 2604 2333 tibi,
2635 2267 2836 2337 inquit,
2891 2265 3036 2324 Deus
3089 2272 3302 2336 parcat,
3343 2263 3602 2337 precibus

2019 2362 2335 2418 communis
2370 2361 2546 2436 patris
2575 2361 2755 2430 nostri
2806 2359 3076 2432 placatus.

2091 2451 2259 2508 XXV.
2307 2451 2449 2508 Tum
2485 2469 2800 2510 sermonem
2851 2453 3190 2508 instituens:
3223 2449 3449 2516 Audite,
3505 2452 3600 2512 ait.

2024 2540 2226 2596 fratres
2270 2550 2567 2612 patresque
2593 2550 2648 2596 et
2709 2542 2891 2598 euntis
2960 2539 3228 2603 Ecclesia.
3294 2538 3611 2612 prodigium

2023 2635 2348 2690 admirabile
2374 2635 2522 2708 quod
2575 2635 2776 2691 diebus
2806 2633 2892 2688 bis
2939 2633 3145 2688 nostris
3189 2633 3444 2702 contigit.
3494 2635 3602 2688 Ac-

2021 2725 2272 2794 cepimus
2317 2739 2349 2778 e
2401 2722 2557 2778 libris
2614 2722 2823 2794 Regum
2861 2722 2928 2788 ¹³,
2996 2736 3228 2792 puerum
3285 2719 3598 2780 Samuelem

2021 2816 2368 2888 prophetam,
2420 2830 2547 2870 cum
2622 2831 2736 2871 non
2797 2814 2987 2886 procul
3047 2828 3079 2870 a
3130 2815 3418 2873 sacerdote
3483 2811 3602 2870 Heli

2021 2909 2308 2976 dormiret,
2373 2911 2441 2968 ab
2496 2909 2690 2976 angelo
2753 2907 2973 2963 Domini
3039 2893 3368 2966 nominatim
3442 2922 3604 2963 voca-

2024 3008 2142 3058 tum
2167 3015 2334 3056 esse:
2400 3017 2419 3050 ι
2457 2997 2701 3065 Samuel,
2771 2997 3018 3065 Samuel,
3057 3019 3076 3052 ι
3141 3013 3374 3070 eamque
3440 2997 3584 3074 [tu]

2023 3111 2213 3155 vocem
2259 3105 2338 3150 ter
2377 3109 2410 3152 a
2438 3093 2903 3162 pucroauditam,
2940 3093 3119 3163 ipsum
3151 3093 3220 3149 ad
3251 3092 3370 3148 lleli
3413 3108 3607 3150 accur-

343 3176 436 3230 καὶ
474 3177 777 3248 ἀνέτρεχεν
825 3175 961 3246 πρὸς
1006 3174 1098 3227 τὸν
1123 3171 1282 3242 “illi,
1316 3177 1410 3228 καὶ
1442 3176 1698 3246 ἐποίησεν
1738 3175 1922 3238 καθὼς

2026 3189 2200 3252 risse,
2251 3202 2374 3258 quae
2423 3185 2513 3240 hic
2566 3185 2962 3254 martdaverat,
3019 3185 3306 3256 implesse,
3353 3201 3420 3244 ac
3473 3201 3604 3256 pro-

251 3281 266 3296 ·
339 3269 656 3324 διετάσσετο
691 3268 878 3340 αὐτῷ’
914 3269 1010 3322 καὶ
1043 3269 1122 3332 εἰς
1169 3269 1456 3338 προφήτην
1495 3269 1672 3338 μέγαν
1729 3267 1917 3322 ἀναδέ-

339 3354 555 3416 δεικται
578 3360 810 3415 ἐνώπιον
837 3360 930 3414 τοῦ
960 3359 1113 3414 Θεοῦ.
1143 3360 1329 3422 Οὕτως
1370 3361 1460 3412 καὶ
1501 3354 1655 3422 οὗτος
1683 3362 1710 3415 ὁ
1748 3360 1926 3431 μακὰ-

339 3472 454 3528 ριος
489 3454 795 3526 ἐφάμιλλος
825 3453 1018 3508 τούτου
1033 3454 1306 3531 τγέγονεν,
1335 3453 1440 3507 κᾶν
1470 3447 1624 3517 οὗτος
1663 3456 1691 3507 ὁ
1724 3453 1924 3508 θεασά-

341 3565 497 3620 μενος
551 3550 651 3619 τὴν
675 3549 831 3615 δόξαν
871 3547 962 3600 τοῦ
1002 3547 1159 3612 Θεοῦ,
1200 3547 1452 3618 ἐνόμισεν
1491 3547 1774 3618 κρύπτειν,
1808 3547 1925 3602 ἀλλ’

335 3641 434 3710 οὐχ
468 3641 502 3710 ή
545 3638 639 3692 τοῦ
662 3637 798 3691 Θεοῦ
837 3637 1221 3708 φιλανθρωπία
1266 3639 1396 3708 ἡμῖν
1437 3639 1549 3700 τοῖς
1578 3637 1820 3702 ἀναξίοις
1860 3639 1928 3692 τὰ

337 3731 478 3784 κατὰ
509 3729 609 3782 τῦν
643 3728 807 3781 παῖδα.
836 3727 1122 3798 ἐδήλωσεν,
1156 3726 1242 3779 ἵνα
1276 3727 1345 3780 τὰ
1378 3726 1514 3797 ἔργα
1541 3727 1704 3780 αὑτοῦ
1740 3728 1836 3780 καὶ
1859 3727 1926 3781 τὰ

335 3823 630 3892 θαυμάσια
655 3819 819 3874 αὐτοῦ
847 3819 1235 3892 φανερωθῶσιν
1254 3817 1332 3890 τῷ
1355 3819 1528 3890 Πατρὶ
1559 3821 1714 3889 ἡμῶν
1743 3819 1822 3888 τῷ
1842 3821 1929 3874 ἀεὶ

337 3901 773 3984 προσευχομένῳ
810 3913 938 3982 περὶ
961 3907 1152 3965 αὐτοῦ.
1186 3910 1478 3976 Ἀκουσον,
1504 3910 1685 3981 Πάτερ
1729 3909 1922 3981 τιμιώο

334 4022 486 4072 τατε,
534 4005 629 4058 καὶ
669 4004 867 4064 πάντες
903 4001 1024 4055 ὶαοὶ
1067 4001 1253 4072 μικροί
1299 4019 1358 4055 τε
1404 4003 1501 4056 καὶ
1553 4002 1800 4071 μεγάλοι,
1834 4003 1929 4056 ἄν·

334 4097 462 4168 δρες
483 4113 556 4150 τε
589 4097 683 4149 καὶ
714 4097 994 4163 γυναῖκες,
1027 4091 1258 4165 φοϐερὸν
1285 4093 1379 4146 καὶ
1408 4092 1714 4164 παράδοξον
1745 4094 1930 4163 θαῦμα

337 4191 465 4261 ὑμῖν
500 4190 870 4260 διηγήσομαι.
901 4187 1112 4240 Ὄντων
1140 4181 1296 4256 ἡμῶν
1323 4186 1379 4238 ὲν
1409 4189 1474 4256 τῇ
1521 4185 1728 4258 Ῥώμῃ,
1753 4189 1932 4258 ἀπήλ-

335 4281 511 4353 ϋαμεν
557 4278 958 4351 προσεύξασθαι
992 4279 1050 4330 ἐν
1082 4277 1158 4348 τῷ
1189 4277 1484 4348 πανσέπτῳ
1513 4277 1628 4349 ναῷ
1657 4277 1748 4332 τοῦ
1776 4279 1931 4348 ἁγίου

335 4375 437 4429 καὶ
467 4370 780 4443 κορυφαίου
812 4369 920 4423 τῶν
947 4369 1264 4422 ἀποστόλων
1301 4369 1514 4440 Πέτρου
1535 4383 1551 4403 ⁶
1577 4368 1770 4440 ἔλαχεν
1801 4373 1932 4442 ἡμῖν

339 4469 531 4537 μεῖναι
575 4467 631 4518 ὲν
661 4464 812 4533 τόπῳ
843 4464 947 4516 τινὶ
977 4463 1058 4526 εἰς
1091 4460 1321 4533 ἀδελφὺν
1359 4461 1592 4532 μοναχόν
1643 4477 1765 4516 τινα
1791 4481 1804 4494 ·
1837 4465 1933 4518 καὶ

2025 3281 2244 3352 phetam
2306 3294 2565 3350 magnum
2619 3293 2806 3335 coram
2866 3277 2980 3334 Deo
3034 3277 3406 3336 renuntiatum
3462 3294 3604 3334 esse.

2027 3369 2321 3424 Enimvero
2366 3383 2478 3422 non
2518 3367 2680 3424 aliter
2725 3368 2919 3424 beatus
2965 3368 3056 3424 hic
3101 3369 3421 3426 adolescens
3465 3369 3608 3424 illius

2026 3458 2313 3513 annulator
2359 3456 2493 3524 fuit;
2535 3473 2850 3528 quanquam
2903 3459 3020 3528 ipse
3069 3458 3300 3533 gloriam
3338 3459 3436 3516 Dci
3478 3475 3610 3516 con-

2029 3549 2359 3618 templatus,
2407 3549 2848 3604 abscondutdam
2907 3550 3152 3620 putavit,
3205 3566 3308 3608 nec
3357 3552 3470 3616 nisi
3510 3543 3608 3609 Dei

2031 3639 2342 3697 immanitas
2374 3641 2533 3695 nobis
2568 3641 2650 3694 vel
2681 3641 2922 3709 indignis
2955 3657 3078 3712 qua:
3113 3643 3179 3698 ad
3222 3659 3450 3713 puerum
3482 3660 3608 3716 pcr-

2029 3729 2203 3783 tinent
2236 3729 2628 3792 Inanifcstavit,
2656 3740 2712 3784 ut
2741 3745 2910 3798 opera
2947 3729 3069 3800 ejus
3109 3740 3163 3784 et
3200 3731 3448 3804 prodigia
3481 3743 3608 3790 nota

2030 3821 2222 3874 tierent
2253 3822 2398 3876 Patri
2433 3832 2642 3886 nostro,
2673 3823 2764 3890 qui
2796 3822 3036 3878 assiduis
3062 3837 3186 3878 eum
3216 3811 3472 3896 precibus
3499 3824 3612 3884 Deo

2028 3913 2450 3968 commendavit.
2511 3913 2686 3978 Audi,
2721 3913 2883 3968 Pater
2933 3917 3276 3984 venerande,
3323 3932 3532 3986 vosque
3581 3933 3614 3971 e

2031 4005 2232 4078 pepqu
2269 4021 2486 4070 omnes,
2529 4007 2677 4075 parti
2707 4014 2758 4059 et
2795 4007 3052 4078 grandes,
3100 4008 3201 4062 viri
3236 4017 3290 4063 et
3329 4008 3610 4074 mulieres,

2031 4095 2618 4162 audite:stupvndum
2667 4095 2822 4151 vobis
2865 4113 2928 4152 ac
2976 4099 3254 4168 singulare
3304 4100 3613 4170 prodigium

2031 4203 2324 4262 exponam.
2373 4187 2511 4241 Cum
2563 4186 2752 4244 [tenue
2802 4203 2902 4244 nos
2957 4206 3326 4258 versaremur,
3377 4202 3432 4248 et
3483 4194 3617 4249 ado-

2031 4278 2192 4331 randi
2234 4293 2401 4332 causa
2444 4279 2498 4334 in
2549 4281 2923 4335 venerandum
2975 4283 3148 4339 sancti
3189 4285 3454 4356 principis
3485 4301 3618 4360 apo-

2032 4372 2300 4426 stolorum
2337 4372 2482 4426 Petri
2511 4373 2776 4444 templum
2808 4374 3156 4431 venissemus
3176 4417 3192 4443 ,
3224 4373 3364 4432 forte
3393 4379 3627 4441 accidit,-

2035 4473 2096 4522 ut
2127 4466 2424 4522 monachus
2452 4467 2672 4536 quidam
2705 4483 2736 4522 e
2769 4467 3031 4544 fratribus
3068 4467 3308 4540 hospitio
3339 4483 3440 4523 nos
3470 4467 3617 4523 acci-

335 4561 392 4611 év
433 4555 633 4628 ἐκείνῃ
675 4557 742 4624 τῇ
791 4555 950 4608 νυκτὶ
1002 4543 1282 4624 ἔφάνησάν
1335 4572 1428 4626 μοι
1471 4555 1662 4628 ἄνδρες
1705 4557 1922 4628 φοϐεροῖ

2036 4569 2209 4628 pcret.
2238 4558 2392 4628 Apud
2425 4560 2572 4614 hunc
2602 4559 2779 4628 prima
2819 4561 2935 4628 ipsa
2960 4543 3130 4615 nocte
3159 4559 3262 4615 viri
3286 4559 3397 4614 duo
3429 4559 3618 4615 formi-

333 4650 433 4705 δύο
471 4652 541 4702 ὲν
568 4648 805 4720 ὁράματι
833 4646 1082 4714 λέγοντες
1107 4661 1120 4676 ·
1165 4645 1353 4702 Ἀϐὄᾶ.
1373 4646 1515 4717 Ἐγὼ
1536 4647 1594 4700 δὲ
1627 4649 1930 4719 ἀπεκρίθην

340 4739 492 4810 μετὰ.
525 4737 698 4807 φόϐου
730 4753 744 4767 ·
782 4736 846 4788 Τί
913 4738 1086 4799 ἐστιν,
1135 4733 1313 4806 κύριοί
1347 4751 1484 4804 μου;
1519 4735 1581 4788 Οί
1621 4733 1678 4788 δὲ
1727 4729 1881 4788 εἷπον
1911 4750 1925 4761 ’

351 4831 601 4901 Ἀνάστα
630 4817 838 4899 ταχέως
871 4825 1012 4902 μετὰ
1045 4825 1154 4880 τῶν
1184 4828 1280 4882 σὺν
1303 4827 1386 4879 σοὶ
1411 4825 1503 4880 δύο
1538 4827 1808 4897 μοναχῶν,
1837 4826 1933 4883 καὶ

341 4919 742 4976 ἀποπλεύσατε
779 4921 860 4980 si;
891 4919 992 4986 τὴν
1032 4916 1321 4988 Ἀφρικὴν,
1363 4917 1457 4972 καὶ
1489 4917 1832 4992 ,εἰσελθόντες
1874 4921 1933 4972 ὲν

341 5012 688 5084 Καρθαγὲνῃ
730 5013 796 5083 τῇ
853 5011 1029 5075 πόλει,
1063 5011 1160 5063 καὶ
1211 5008 1489 5080 ζητήσατε
1533 5009 1715 5062 ἐκεῖσε
1757 5011 1817 5062 ὲν
1854 5008 1932 5080 τῷ

339 5111 482 5180 οῐκῳ
516 5106 664 5170 τινος
713 5103 1024 5177 ναυκλήρου
1071 5103 1298 5174 ὀνόματι
1349 5091 1566 5174 Οὗάρου
1611 5102 1734 5156 τινὰ
1783 5101 1932 5167 ξένον

341 5199 660 5271 Γρηγόριον
698 5195 1014 5266 λεγόμενον,
1049 5193 1273 5250 Σικελὸν
1319 5195 1384 5247 ἐκ
1427 5193 1526 5266 τῆς
1576 5191 1934 5265 Ἀκραγαντί-

343 5309 460 5347 νων
500 5287 832 5360 Ἒκκλησίας
851 5301 865 5316 ·
897 5285 1115 5358 εὖχεται
1153 5285 1262 5358 γὰρ
1291 5285 1370 5356 τῷ
1395 5283 1518 5355 Θεῷ
1551 5286 1646 5338 καὶ
1674 5282 1936 5355 ἐπιθυμεῖ

345 5383 486 5438 ἰδεῖν
516 5379 620 5452 τὴν
655 5378 818 5448 ἁγίαν
850 5376 1009 5432 Σιών.
1039 5377 1388 5444 Σπεύσαντες
1415 5371 1508 5430 οὖν
1531 5374 1806 5432 ἁπέλθατε
1836 5375 1934 5430 καὶ

341 5472 664 5530 ϐιασώσατε
699 5467 866 5526 αὑτὸν
901 5469 1008 5534 ἕως
1053 5468 1448 5542 Ἱεροσολύμων
1479 5466 1616 5538 πρὸς
1680 5467 1772 5522 τδν
1809 5467 1933 5539 tui-

345 5581 566 5621 σκοπον
599 5563 888 5635 Μακάρων
904 5577 918 5592 ·
946 5560 1336 5633 ὲνιτειλάμεθα
1377 5561 1435 5614 δὲ
1485 5559 1584 5614 καὶ
1621 5558 1771 5630 αὐτῷ
1809 5561 1937 5630 περὶ

341 5659 448 5714 τοῦ
476 5657 692 5730 ἀνδρὸς,
729 5655 819 5710 ῐνα
847 5653 1226 5727 προσλάσηται
1272 5652 1438 5708 αὐτόν
1457 5667 1472 5682 °
1511 5652 1599 5705 ἐπ’
1639 5649 1789 5722 αὐτῷ
1827 5651 1938 5722 γὰρ

339 5748 743 5807 ἀναπέπαυται
777 5745 841 5800 τὸ
883 5744 1104 5818 πνεῦμα
1139 5743 1320 5820 ἡμῶν,
1365 5741 1557 5816 ὥσπερ
1600 5741 1696 5797 καὶ
1751 5739 1936 5796 Ἠλιοῦ

426 5857 472 5889 ’³
509 5851 527 5908 ι
558 5854 680 5924 ειυς.
711 5869 796 5920 ιιι,
827 5853 850 5908 ι
883 5869 1038 5922 seqq.

2032 4649 2246 4704 dabiles
2293 4649 2454 4705 nobis
2491 4665 2588 4720 per
2627 4653 2804 4709 visum
2852 4667 2912 4708 se
2955 4643 3298 4717 obtulerunt,
3330 4663 3406 4717 et,
3437 4651 3615 4711 Abba.

2034 4742 2341 4796 clamarent
2362 4759 2376 4794 :
2401 4742 2604 4810 quibus
2625 4758 2726 4813 ego
2750 4743 3144 4799 tremebundus
3167 4744 3422 4814 respondi
3441 4761 3454 4796 :
3473 4743 3616 4810 Quid

2032 4839 2136 4895 est,
2165 4825 2374 4883 domini
2406 4830 2552 4885 mei?
2581 4829 2656 4885 illi
2691 4847 2858 4887 vero:
2892 4833 3089 4904 Surge,
3111 4833 3390 4904 inquiunt,
3421 4850 3616 4904 quau;-

2036 4920 2275 4988 primum
2307 4937 2432 4976 cum
2469 4922 2686 4980 duobus
2706 4925 2880 4989 hisce,
2907 4927 3002 4996 qui
3034 4934 3216 4980 tecum
3241 4935 3393 4992 sunt,
3423 4941 3618 4980 mona-

2035 5011 2174 5079 cbis,
2212 5025 2376 5084 atque
2410 5014 2464 5068 in
2502 5015 2746 5072 Africam
2788 5018 3077 5088 navigate;
3124 5034 3359 5088 cumque
3389 5017 3618 5074 Cartha-

2035 5105 2214 5175 ginem
2247 5107 2562 5177 tenueritis,
2594 5111 2824 5180 quaerite
2866 5110 2980 5166 illic
3005 5111 3149 5182 apud
3191 5111 3614 5174 navicularium,

2035 5197 2125 5254 cui
2147 5214 2350 5254 nomen
2385 5197 2530 5256 Varo
2557 5212 2666 5268 est,
2703 5199 2972 5274 hospitem
3007 5203 3334 5274 Gregorium
3361 5203 3614 5267 nomine,

2039 5287 2284 5346 Siculum
2326 5307 2394 5348 ex
2425 5291 2668 5350 Ecclesia
2695 5295 3048 5368 Agrigentina
3079 5315 3092 5352 :
3120 5298 3227 5353 hoc
3267 5299 3412 5354 enim
3444 5314 3473 5354 a
3506 5295 3617 5354 Deo

2034 5383 2192 5454 petit,
2224 5385 2334 5440 hoc
2360 5386 2528 5455 cupit,
2580 5397 2642 5442 ut
2671 5397 2917 5444 sanctam
2953 5389 3174 5446 Sionem
3215 5389 3407 5446 videre
3437 5391 3617 5448 liceat.

2035 5474 2224 5546 Itaque
2257 5487 2528 5534 maturate
2563 5479 2688 5548 iter,
2720 5495 2961 5554 cumque
2990 5482 3322 5540 incolumem
3360 5481 3621 5538 Hieroso-

2036 5568 2184 5638 lyma
2223 5568 2292 5624 ad
2335 5569 2656 5640 episcopum
2682 5571 2975 5639 deducite;
3025 5587 3155 5628 nam
3185 5581 3242 5628 et
3285 5575 3363 5628 illi
3399 5573 3468 5629 de
3499 5573 3621 5629 viro

2037 5657 2146 5713 hoc
2190 5659 2454 5714 mandata
2502 5661 2778 5732 dedimus,
2820 5673 2882 5719 ut
2932 5679 3060 5720 eum
3116 5665 3341 5737 recipiat
3376 5663 3620 5736 :quipps

2039 5745 2270 5831 Spiritus
2305 5750 2360 5808 in
2401 5767 2468 5809 eo
2516 5763 2707 5812 noster
2752 5759 3052 5830 requievit,
3097 5774 3210 5816 non
3257 5758 3418 5815 aliter
3451 5772 3620 5828 quam
