4026 6380
481 328 583 394 591

1474 331 1539 392 S.
1579 327 1961 392 GREGORII
2015 326 2525 390 AGRIGENTINI
2578 328 2779 392 VITA.

3617 340 3712 408 592

479 445 618 504 Elite
645 441 776 502 olim
802 441 858 499 in
889 441 1106 499 Elisaso.
1135 439 1314 511 Atque
1336 438 1431 495 ubi
1466 440 1582 496 haec
1601 440 1812 506 dixere,
1841 438 2062 510 penitus

2174 439 2257 492 ίπὶ
2299 432 2578 495 Ἓλισσέου
2621 441 2772 496 ποτέ.
2817 441 2928 496 Καὶ
2969 441 3146 499 ταῦτα
3187 444 3430 514 εἰπόντες
3460 452 3708 525 ponti”.

483 547 848 596 evanuerunt.
882 533 997 605 Ego
1029 547 1158 589 vero
1195 532 1389 588 eadem
1438 531 1576 587 hora
1629 529 2066 602 expergefactus,

483 633 550 686 ad
574 631 798 686 ﬂuvium
815 627 1090 694 descendi,
1115 625 1306 698 ibique
1325 624 1516 681 divino
1531 623 1768 681 consilio
1789 623 2067 696 navigium

485 721 668 778 inveni
701 718 1031 776 solventium
1055 719 1110 773 in
1132 715 1404 784 Africam,
1434 715 1583 788 quod
1603 715 1734 771 dato
1763 713 1930 770 naulo
1958 728 2068 770 una

483 827 610 868 cum
666 810 938 866 fratribus
985 809 1150 874 hisce.
1174 808 1397 865 duobus
1429 807 1729 865 conscendi
1778 821 1908 872 :ac,
1958 805 2069 861 Deo

484 901 729 972 auspice,
760 901 906 955 intra
943 897 1220 955 decimum
1251 899 1398 955 diem
1439 898 1829 969 Carthaginem
1852 895 2070 968 trajeci-

485 1007 628 1058 mus,
659 992 1085 1062 invenimusque
1111 1005 1344 1062 puerum
1374 989 1432 1046 in
1471 989 1664 1047 Sancti
1689 987 1895 1045 Juliani
1931 997 2068 1044 tem-

483 1085 576 1156 plo
639 1083 865 1140 lectioni
915 1083 1188 1138 intentum
1229 1099 1248 1136 :
1278 1095 1443 1153 quem
1479 1090 1607 1152 post
1659 1088 1850 1136 mutua
1893 1079 2068 1135 ofllcia

487 1175 758 1232 volentem
801 1173 1184 1246 Hierosolyma
1231 1173 1526 1230 nobiseum
1557 1170 1942 1243 perduximus,
1987 1179 2070 1226 at-

484 1283 595 1339 que
623 1268 734 1323 illic
760 1267 850 1322 die
874 1274 1089 1332 sancto,
1119 1265 1215 1337 qui
1246 1263 1568 1320 Dominicus
1593 1263 1781 1320 Novus
1806 1274 1910 1330 est,
1941 1278 2070 1319 san-

487 1369 576 1416 cto
589 1357 1008 1430 archiepiscopo
1025 1355 1531 1428 Hierosolymorum
1553 1354 1904 1421 tradidimus,
1923 1355 2067 1424 apud

487 1467 650 1524 quem
693 1451 862 1506 vitam
916 1449 1152 1506 instituit
1198 1448 1338 1504 adeo
1382 1454 1656 1503 moratam
1706 1457 1764 1502 et
1802 1446 2066 1501 virtutum

489 1545 730 1616 plenam,
783 1551 846 1598 ut
885 1545 1201 1614 quicunque
1245 1541 1361 1596 illic
1405 1547 1556 1609 sunt,
1601 1553 1835 1611 puerum
1878 1553 2070 1600 omnes

490 1637 857 1694 admirentur.

561 1725 752 1783 XXVI.
793 1725 921 1782 Haec
962 1723 1268 1781 monachus
1313 1723 1589 1795 exposuit,
1624 1723 1825 1794 hisque
1865 1721 2069 1778 auditis

2165 533 2281 594 νετς
2326 533 2598 601 ἐγένοντο.
2642 535 2990 600 Διυπνισθεὶς
3032 535 3092 592 δέ
3137 537 3274 612 αὐτῇ
3297 542 3361 612 τῇ
3387 541 3524 615 ὥρᾳ,
3561 545 3712 619 ἀπῆλ-

2169 619 2260 674 θον
2290 619 2384 676 ἐπὶ
2413 622 2504 677 τὸν
2531 626 2778 696 ποταμόν
2800 643 2814 657 ⁸
2850 626 2972 681 κατ’
2997 627 3308 700 οἰκονομίαν
3327 626 3388 684 δέ
3415 632 3546 686 Θεοῦ
3567 631 3710 707 εὖρον

2169 711 2362 768 πλοῖον
2413 713 2746 787 βουλόμενον
2784 717 3129 774 ἀποπλεῦσαι
3185 722 3277 776 ἐπὶ
3307 722 3583 796 ’Δφρικὴν,
3631 732 3718 784 καὶ

2166 802 2294 867 δοὺς
2334 803 2427 858 τὸν
2465 805 2662 863 ναῦλον
2693 809 2726 878 ἠ
2736 807 2853 880 μῶν
2883 809 3136 880 εἰσῆλθον
3183 813 3322 884 μετὰ
3367 813 3460 868 δύο
3492 815 3716 888 ἀδελφῶν

2167 891 2403 947 τούτων’
2434 895 2532 950 καὶ
2564 899 2860 968 προστάξει
2887 899 3028 954 Θεοῦ
3072 900 3162 956 διὰ
3225 901 3355 958 δέκα
3398 905 3614 978 ἡμερῶν
3648 910 3718 963 δι-

2167 985 2531 1058 επεράσαμεν
2564 987 2625 1043 ἐν
2667 990 3018 1064 Καρθαγένῃ,
3065 994 3163 1048 καὶ
3183 993 3417 1066 εὕρομεν
3451 997 3543 1053 τὸν
3570 1002 3723 1056 παῖδα

2167 1077 2230 1129 ἐν
2274 1076 2353 1149 τῷ
2392 1078 2680 1152 μαρτυρίῳ
2720 1080 2818 1136 τοῦ
2875 1082 3064 1154 ’Λγίου
3121 1085 3413 1142 Ἰουλιανοῦ
3471 1090 3722 1163 ἀναγινώ-

2171 1184 2370 1224 σκοντα
2395 1185 2411 1201 °
2463 1171 2561 1226 καὶ
2622 1175 3001 1248 ἀσπασάμενοι
3065 1177 3249 1249 αὐτὸν,
3313 1183 3570 1256 συνανέϐη
3617 1187 3724 1254 μεθ’

2167 1260 2328 1332 ἡμῶν
2359 1264 2440 1327 εις
2479 1264 2859 1338 Ἱεροσόλυμα,
2897 1270 3122 1324 κάκεῖσε
3164 1271 3330 1328 αὐτὸν
3363 1275 3622 1345 εἰάσαμεν
3665 1282 3721 1348 τῇ

2167 1352 2303 1424 ἁγίᾳ
2353 1353 2608 1428 Κυριακῇ
2645 1359 2712 1430 τῇ
2754 1358 2870 1431 Νέᾳ
2909 1360 3050 1430 μετὰ
3095 1360 3192 1416 τοῦ
3242 1363 3402 1432 άγίου
3458 1365 3723 1436 Μακαρίου

2167 1443 2263 1498 τοῦ
2297 1445 2732 1517 άρχιεπισκὸπου
2777 1450 3190 1524 Ἰεροσολύμων,
3247 1455 3364 1524 βίον
3407 1459 3724 1528 κεκτημένον

2169 1533 2466 1608 εὔσχημον,
2496 1539 2592 1594 καὶ
2614 1541 2889 1596 πολιτείαν
2911 1544 3184 1616 ἐνάρετον,
3205 1545 3348 1600 ὥστε
3373 1546 3726 1618 Θαυμάζεσθαι

2168 1633 2260 1684 τον
2290 1630 2456 1685 παῖδα
2485 1633 2639 1705 παρὰ
2671 1635 2890 1690 πάντων
2926 1635 3038 1690 τῶν
3075 1636 3248 1692 ὅντων
3287 1638 3388 1691 σὺν
3411 1642 3522 1702 τοῖς
3539 1641 3722 1696 ἐκεῖσε.

2240 1722 2386 1790 ΚΦ.
2424 1723 2611 1778 Ταῦτα
2625 1725 2928 1798 διηγήσατο
2956 1729 2984 1782 ὁ
3015 1729 3278 1798 μοναχόςο
3303 1729 3397 1783 καὶ
3421 1729 3726 1795 ἀκούσαντες

491 1818 745 1875 universa
761 1818 1003 1872 virorum
1031 1831 1097 1872 ac
1121 1814 1415 1871 mulierum
1444 1813 1739 1870 multitudo
1761 1814 1904 1870 elata
1932 1827 2070 1868 voce

2174 1812 2316 1868 άπαν
2341 1814 2403 1868 τὸ
2435 1815 2639 1887 πλῆθος
2669 1817 2766 1871 τοῦ
2799 1817 2930 1872 λαοῦ
2974 1819 3183 1892 ἀνδρῶν
3220 1837 3280 1873 τε
3319 1821 3416 1874 καὶ
3454 1825 3726 1892 γυναικῶν,

490 1921 538 1967 et
574 1910 830 1966 manibus
858 1912 924 1965 ad
955 1909 1162 1965 etclam
1183 1907 1442 1978 expansis
1464 1907 1737 1961 clamabat
1765 1923 1778 1959 :
1812 1905 2066 1971 Domine,

489 2005 1197 2074 misererezmagnamque
1242 2001 1612 2070 Iacrymarum
1665 1999 1775 2054 vim
1822 1997 2068 2054 ell'unde-

491 2095 606 2150 bat.
643 2093 869 2149 Charite
907 2102 1090 2148 autem
1129 2101 1184 2147 et
1229 2106 1371 2146 uxor
1401 2089 1523 2160 ejus
1566 2090 1719 2146 humi
1754 2089 1952 2159 abiecti
2006 2103 2070 2143 ac

490 2201 666 2259 prone
695 2185 851 2241 vultu
877 2193 1139 2256 tanquam
1169 2183 1372 2239 mortui
1397 2182 1684 2252 jacebant;
1717 2197 1856 2251 quos
1877 2197 2070 2236 mona-

491 2279 632 2336 chus
668 2276 934 2334 accedens
965 2274 1142 2330 tenuit
1179 2285 1346 2346 atque
1377 2275 1680 2330 excitavit:
1715 2273 1959 2345 Surgite,
1988 2273 2070 2328 in-

493 2368 712 2440 quiens,
745 2367 846 2422 filii
885 2365 1014 2430 mei,
1045 2375 1099 2420 et
1121 2365 1232 2422 Deo
1259 2365 1450 2431 laudes
1480 2365 1712 2432 reddite,
1744 2365 1837 2436 qui
1873 2379 1972 2420 vos
2004 2365 2071 2419 de

495 2461 593 2516 filii
636 2457 806 2516 vestri
832 2457 944 2513 vita
987 2456 1253 2514 certiores
1289 2455 1437 2521 fecit,
1472 2457 1569 2512 tali
1599 2458 1898 2527 praesertim
1937 2455 2070 2520 vita,

493 2567 618 2624 qua:
645 2549 866 2607 virtutis
903 2557 960 2606 et
991 2549 1215 2622 pietatis
1243 2547 1589 2620 professione
1627 2538 2069 2604 commendatur.

495 2644 762 2709 Subinde,
796 2657 922 2699 cum
958 2657 1055 2698 eos
1079 2642 1370 2714 episcopus
1397 2641 1624 2698 salutari
1648 2643 1806 2712 signo
1841 2642 2072 2696 lustras-

494 2747 595 2806 set,
631 2735 1022 2802 consederunt,
1059 2749 1286 2806 magnas
1314 2733 1425 2791 Deo
1451 2733 1638 2789 Iaudes
1671 2731 1832 2806 [mi]
1863 2744 1916 2788 et
1944 2747 2072 2804 gra-

493 2828 602 2886 tias
629 2827 922 2884 reddentes
968 2827 1280 2883 communis
1307 2825 1556 2881 omnium
1603 2825 1800 2880 salutis
1835 2824 2067 2890 auctori,

494 2921 590 2990 qui
633 2930 950 2976 sanctorum
991 2920 1240 2975 virorum
1287 2918 1622 2984 ministerio,
1657 2932 1797 2988 quos
1841 2917 2072 2988 singulis

497 3014 750 3071 aetatibus
786 3011 894 3070 sibi
924 3019 1180 3082 acceptos
1211 3011 1425 3078 habuit,
1461 3025 1550 3066 res
1577 3010 1716 3066 adeo
1745 3009 1987 3080 insignes
2009 3023 2074 3065 ac

499 3106 784 3161 mirandas
815 3103 1169 3176 prodidisset.
1217 3101 1390 3157 Mater
1429 3101 1562 3158 v'ero
1593 3101 1844 3174 Gregorii
1895 3102 2072 3158 ahba-

497 3208 608 3254 tem
658 3197 984 3268 alloquens:
1011 3193 1247 3262 Charus,
1279 3193 1377 3260 ait,
1423 3193 1613 3264 utique
1645 3191 1760 3248 Deo
1804 3209 1882 3260 es,
1917 3192 2077 3249 Pater

497 3299 712 3355 sancte,
738 3288 830 3345 cui
854 3287 1092 3344 revelata
1123 3287 1380 3358 mysteria
1413 3294 1542 3341 sunt
1561 3300 1684 3356 qua:
1714 3301 1814 3341 nos
1845 3286 2079 3341 miseros

497 3383 851 3440 solarentur:
877 3379 1084 3434 vivitne
1124 3393 1258 3453 vero
1293 3378 1438 3435 Illius
1479 3391 1656 3444 meus,
1692 3378 1948 3434 domine?
1977 3377 2078 3433 Hie

497 3486 682 3532 autem
727 3493 743 3530 :
783 3473 899 3540 Nae,
939 3473 1138 3544 inquit,
1173 3487 1272 3543 per
1319 3469 1491 3525 Deum
1521 3469 1654 3524 vivit
1695 3479 1752 3525 et
1793 3471 1982 3526 valet:
2015 3485 2080 3527 ac

497 3566 652 3623 vultu
695 3565 916 3638 quidem
949 3571 1230 3636 parentem
1276 3561 1450 3632 ipsius
1481 3560 1766 3615 dominum
1816 3558 2076 3616 Charite-

500 3675 626 3717 nem
675 3661 854 3715 virum
893 3667 1047 3713 tuum
1087 3655 1252 3728 plane
1283 3652 1472 3709 refert.
1509 3651 1646 3708 Nam
1683 3663 1738 3709 et
1769 3653 1886 3723 ipse
1915 3652 2078 3710 rufus

499 3762 604 3821 est,
629 3753 1002 3825 pulchrosque
1027 3749 1194 3804 habet
1220 3747 1436 3814 oculos,
1465 3745 1758 3818 pulchrum
1789 3761 1874 3812 os,
1898 3746 2078 3817 justas

499 3862 682 3912 nares,
715 3845 938 3917 elegans
979 3840 1360 3914 supercilium,
1393 3839 1538 3894 labia
1581 3839 1889 3894 minuscula
1916 3856 1929 3892 :
1959 3838 2080 3893 vul-

500 3948 590 3996 tus
630 3937 850 4008 quidem
891 3935 1013 4006 ejus
1050 3947 1270 4003 semper
1302 3931 1600 3996 demissus,
1637 3937 1695 3984 at
1739 3939 1977 3984 mentem
2025 3937 2080 3984 et

498 4027 888 4104 Cogitationem
933 4027 1003 4083 ad
1049 4025 1219 4080 Deum
1269 4021 1436 4080 refert
1467 4039 1480 4076 :
1514 4023 1568 4076 in
1605 4021 1913 4092 psalmodia
1947 4035 2080 4076 vero

499 4122 688 4179 suavis
737 4117 1033 4174 admodum
1085 4129 1282 4172 omnes
1333 4113 1508 4169 allicit
1530 4113 1642 4184 (96)
1673 4130 1688 4169 :
1717 4114 1858 4167 idem
1905 4113 2078 4168 acutis

500 4215 728 4270 auribus
759 4225 920 4268 sacra
953 4209 1107 4265 audit
1145 4208 1407 4274 oracula;
1445 4209 1492 4262 si
1524 4206 1672 4277 quod
1702 4206 1926 4260 verbum
1953 4220 2078 4276 pro-

503 4304 788 4362 ferendum
827 4303 923 4368 sit,
949 4302 1130 4358 lentus
1159 4309 1246 4356 est
1267 4297 1379 4370 (97)
1415 4317 1429 4354 :
1463 4313 1492 4353 a
1523 4298 1668 4369 turpi
1692 4297 1808 4354 risu
1851 4297 2079 4352 omnino

501 4398 762 4465 abstinet,
797 4409 1018 4466 semper
1051 4407 1181 4450 vero
1209 4391 1413 4462 optima
1450 4406 1680 4462 qumque
1713 4400 1767 4446 et
1796 4391 2079 4444 immorta-

2169 1899 2314 1976 ἦραν
2339 1907 2419 1970 εἰς
2453 1906 2587 1978 ὕψος
2613 1909 2712 1980 τὴν
2759 1909 2942 1982 φωνὴν
2963 1901 3164 1975 αὐτῶν,
3189 1913 3284 1966 καὶ
3313 1912 3414 1976 τὰς
3454 1918 3633 1984 χεῖρας
3661 1919 3728 1977 είς

2169 1997 2262 2051 τὸν
2276 1999 2507 2070 οὐρανὸν
2529 2001 2930 2068 ἐκπετάσαντες
2945 2002 3174 2074 ἔκραζον
3197 2002 3486 2077 τδ,Κύριε,
3507 2007 3729 2078 ἐλέησον.

2175 2090 2318 2160 μετὰ
2353 2092 2603 2163 δακρύων
2633 2094 2869 2150 πολλῶν.
2919 2095 2977 2150 '0
3009 2096 3067 2149 δέ
3109 2095 3367 2168 Χαρίτων
3414 2099 3508 2151 καὶ
3539 2101 3570 2170 ἡ

2172 2182 2340 2237 αὐτοῦ
2391 2183 2652 2249 πεσόντες
2698 2186 2875 2258 χαμαὶ
2929 2187 3024 2241 ἐπὶ
3074 2189 3374 2258 πρόσωπον
3421 2189 3624 2246 ἔκειντο
3666 2192 3728 2257 ὠς

2171 2276 2379 2346 νεκροί.
2413 2277 2736 2352 Προσελοὼν
2773 2279 2834 2333 δέ
2879 2283 2908 2334 ὁ
2951 2281 3190 2351 μοναχδς
3221 2283 3530 2354 ἐκράτησεν
3558 2287 3728 2349 αὐτοὺς

2173 2368 2269 2421 καὶ
2323 2369 2603 2441 διήγειρεν
2656 2370 2865 2440 λέγων·
2902 2371 3234 2444 Ἀνάστητε,
3256 2375 3452 2428 τεκνία
3495 2392 3615 2446 μου,
3652 2381 3731 2430 καὶ

2171 2461 2292 2514 δότε
2325 2461 2484 2528 δόξαν
2515 2462 2593 2532 τῷ
2621 2463 2742 2535 Θεῷ
2766 2462 2844 2535 τῷ
2883 2464 3296 2534 ἀποκαλύψαντι
3332 2466 3459 2536 ὑμῖν
3481 2467 3577 2538 τὴν
3607 2467 3729 2540 ζωὴν

2172 2555 2266 2608 τοῦ
2303 2555 2494 2609 τέκνου
2541 2556 2724 2628 ὑμῶν’
2760 2555 2963 2627 μᾶλλον
2995 2556 3052 2610 δέ
3088 2557 3184 2610 καὶ
3223 2557 3327 2630 τὴν
3366 2559 3618 2631 ἐνάρετον
3653 2563 3727 2614 καὶ

2177 2647 2382 2718 σεμνὴν
2440 2646 2606 2702 αὑτοῦ
2658 2648 2955 2704 πολιτείαν.
3007 2645 3143 2702 Εἶτα
3205 2651 3609 2720 σφραγίσαντος
3654 2653 3720 2706 τοῦ

2175 2739 2474 2795 ἐπισκόπου
2505 2739 2882 2812 ἐκαθέσθησαν
2905 2741 3219 2808 δοξάζοντες
3248 2745 3346 2798 καὶ
3373 2745 3721 2818 εὐχαριστοῦν-

2174 2847 2267 2894 τες
2295 2830 2372 2902 τῷ
2404 2832 2615 2903 Σωτῆρι
2646 2832 2757 2886 τῶν
2779 2832 2914 2887 ὅλων
2939 2832 3059 2904 Θεῴ
3085 2833 3144 2888 ἐν
3175 2836 3364 2899 πᾶσιν,
3389 2837 3466 2906 τῷ
3484 2837 3729 2891 ἀποκαλύ-

2174 2919 2337 2990 ψαντι
2374 2920 2586 2990 μεγάλα
2629 2923 2726 2976 καὶ
2775 2921 3055 2994 θαυμάσια
3089 2922 3180 2976 διὰ
3227 2923 3340 2977 τῶν
3376 2924 3548 2992 άγίων
3588 2921 3728 2978 αὑτοῦ

2175 3019 2285 3073 τῶν
2317 3019 2440 3074 καθ’
2467 3019 2705 3092 ἑκάστην
2754 3020 2950 3089 γενεὰν
3004 3019 3100 3072 καὶ
3141 3017 3340 3087 γενεὰν
3391 3017 3730 3093 εύαρεστηκό-

2177 3127 2287 3164 των
2316 3109 2488 3180 αὐτῷ.
2539 3112 2648 3164 Καὶ
2677 3110 2827 3178 λέγει
2867 3111 2900 3182 ὴ
2955 3112 3140 3181 μήτηρ
3168 3109 3264 3164 τοῦ
3319 3111 3622 3184 Γρηγορίου
3667 3110 3732 3180 τῷ

2189 3199 2393 3272 Ἀϐὃᾷο
2428 3199 2806 3271 Εὐλογημένος
2863 3196 2913 3254 εἰ
2951 3202 3015 3253 ἐκ
3050 3199 3144 3254 τοῦ
3192 3200 3354 3266 Θεοῦ,
3397 3203 3578 3273 Πάτερ
3615 3201 3731 3265 ὃσιε,

2173 3281 2219 3356 ᾧ
2254 3287 2724 3360 άπεκαλύφθησαν
2781 3291 3057 3362 μυστήρια
3090 3289 3179 3344 διὰ
3207 3289 3308 3361 τὴν
3341 3291 3499 3363 ήμῶν
3531 3291 3734 3344 ἐλεεινό-

2174 3397 2336 3452 τητα.
2380 3378 2536 3446 Εἶτα,
2568 3379 2752 3454 κύριε,
2796 3379 2862 3454 ζῇ
2917 3381 2978 3435 τὸ
3006 3383 3198 3436 τέκνον
3226 3401 3328 3454 μου
3354 3401 3370 3452 ;
3409 3383 3470 3438 '0
3496 3382 3552 3438 δέ
3572 3423 3589 3450 ,
3620 3382 3743 3446 Ναὶ,

2177 3473 2366 3544 φησὶν.
2407 3472 2496 3526 διὰ
2532 3473 2628 3527 τοῦ
2677 3473 2836 3540 Θεοῦ,
2873 3472 2938 3546 ζῇ
2972 3469 3068 3529 καὶ
3101 3475 3371 3544 ὑγιαίνει·
3401 3476 3734 3547 ἀφωμοιωται

2177 3564 2286 3636 γὰρ
2331 3565 2494 3630 αὐτὸς
2525 3564 2602 3636 τῷ
2652 3564 2766 3632 ίδίῳ
2806 3567 2976 3637 πατρὶ
3026 3564 3106 3636 τῷ
3153 3565 3307 3638 κύρῳ
3361 3563 3628 3638 Χαρίτωνι
3669 3565 3735 3634 τῷ

2175 3657 2332 3728 ἀνδρί
2378 3673 2470 3710 σου
2498 3672 2514 3687 ο
2561 3657 2710 3711 ἐστιν
2757 3656 2868 3728 γὰρ
2917 3658 3174 3728 κάκεῖνος
3211 3657 3566 3730 πυρροκίζων
3613 3656 3734 3728 μετὰ

2177 3748 2409 3810 κάλλους
2449 3730 2796 3818 ὀφθαλμῶν(
2843 3746 3138 3820 εὔστομος,
3179 3745 3416 3819 εὔρινος,
3463 3748 3734 3818 κολόφρυς,

2180 3839 2714 3912 μικρόχειλος,κάτῳ
2734 3839 2906 3896 νεύων
2933 3841 3040 3907 ἀεὶ,
3076 3841 3186 3896 ἄνω
3201 3841 3258 3894 δέ
3289 3841 3420 3906 τοὺς
3447 3839 3736 3911 ὀφθαλμοὺς

2176 3935 2278 4006 τῆς
2309 3936 2539 4007 καρδίας
2570 3934 2704 4006 πρὸς
2743 3934 2834 3988 τὸν
2857 3933 2990 3988 Θεὸν
3011 3935 3172 4005 ἔχων,
3205 3935 3339 4004 ἡδὺς
3368 3934 3427 3988 δέ
3461 3935 3556 3989 καὶ
3579 3933 3736 4006 χαλὼ-

2181 4044 2344 4098 μενος
2388 4031 2445 4080 ὲν
2490 4029 2558 4098 τῇ
2609 4025 2905 4100 ψαλμῳδίᾳ
2950 4027 3180 4099 σφόδρα,
3213 4025 3398 4093 ὀξείας
3441 4027 3540 4091 τὰς
3584 4027 3738 4089 ἀκοὰς

2178 4121 2319 4190 ἔχων
2363 4121 2422 4173 ἐν
2461 4119 2540 4191 τῷ
2573 4122 2794 4175 ἀκούειν
2825 4121 2895 4174 τά
2927 4119 3102 4191 σεμνά
3142 4119 3322 4188 λόγια,
3353 4120 3553 4193 βραδὺς
3584 4120 3662 4182 είς
3685 4117 3740 4170 τὸ

2177 4215 2412 4288 λαλῆσαι
2461 4217 2571 4271 πᾶν
2629 4216 2798 4287 ῥῆμα,
2845 4215 3082 4285 γέλωτος
3138 4215 3372 4287 αἰσχροῦ
3419 4215 3738 4286 ἀπεχόμενος

2181 4307 2485 4370 παντελῶς,
2517 4306 2588 4360 τά
2621 4304 2746 4372 λίαν
2776 4305 2958 4375 ἀγαθὰ
2990 4307 3085 4359 καὶ
3107 4304 3366 4377 ἄφθαρτα
3398 4305 3484 4359 ἀεὶ
3517 4306 3606 4358 ἐπὶ
3633 4301 3740 4356 στόο

2181 4415 2354 4470 ματος
2383 4397 2555 4468 ἐχων-
2589 4398 2670 4461 el;
2692 4397 2870 4468 ἄκραν
2899 4397 3135 4470 ἄσκησιν
3164 4398 3356 4453 ἐαυτὸν
3379 4397 3588 4465 ἐκδοὺς,
3623 4395 3740 4449 ὐπο-

501 4493 572 4548 lia
607 4492 664 4546 in
701 4505 800 4546 ore
844 4486 1014 4543 h’abct
1043 4507 1056 4541 :
1091 4485 1336 4540 animum
1367 4498 1584 4540 summo
1625 4483 1808 4540 studio
1833 4490 2073 4549 exercet,

2183 4493 2352 4564 μονήν
2375 4508 2437 4545 τε
2471 4490 2810 4562 κεκτημένος
2843 4490 3070 4568 πολλήν.

502 4582 762 4654 patientia
795 4579 965 4652 pollet
989 4577 1282 4649 singulari.

570 4671 784 4729 XXVII.
830 4671 955 4728 Haec
989 4670 1208 4742 aliaque
1236 4670 1406 4725 multa
1441 4685 1564 4725 cum
1593 4669 1946 4740 exposuisset
1978 4668 2078 4723 ab-

497 4771 620 4835 bas,
650 4777 762 4824 tota
805 4765 1064 4822 convenit
1103 4765 1322 4826 civitas.
1358 4773 1420 4819 ut
1451 4761 1562 4818 Deo
1607 4763 1798 4818 laudes
1832 4762 2081 4816 redderet

498 4863 570 4917 ob
611 4876 672 4916 ea
719 4860 930 4923 omnia,
965 4871 1088 4928 quae
1141 4857 1211 4912 ab
1254 4855 1347 4912 illo
1393 4856 1676 4920 audierat;
1719 4854 1905 4924 itaque
1933 4853 2077 4931 diem

500 4968 733 5024 exegere
777 4951 976 5007 laetitia:
1003 4950 1248 5021 plenum,
1289 4957 1344 5004 ct
1374 4947 1503 5019 quia
1547 4946 1867 5018 Gregorium
1899 4947 2081 5001 vivere

500 5057 895 5122 cognoverant,
927 5053 982 5102 et
1005 5046 1135 5116 quia
1163 5055 1418 5116 parentes
1441 5042 1561 5114 ejus
1590 5044 1744 5114 gravi
1771 5057 2080 5114 magnaque

498 5156 630 5198 cura
675 5141 940 5197 liberatos
985 5137 1386 5209 intelligebant.
1433 5136 1560 5191 Mox
1619 5150 1772 5200 vero,
1823 5145 1882 5190 ιιι
1920 5137 2080 5207 quies

497 5240 792 5288 consecuta
819 5241 928 5298 est,
959 5238 1016 5287 et
1060 5243 1220 5288 sacra
1257 5229 1520 5304 mysteria
1562 5237 1781 5298 peracta
1817 5237 1966 5296 sunt,
1997 5228 2078 5284 ci-

570 5410 682 5484 (96)
723 5411 1000 5482 Scriptum
1045 5411 1102 5484 in
1137 5421 1372 5482 utroque
1401 5408 1889 5484 cod._tta)._o'ttsvo;,
1932 5408 2077 5480 quod

499 5480 901 5556 undesittaut
943 5483 1077 5554 quid
1123 5480 1592 5556 significet,_mihi
1629 5482 1790 5556 plane
1833 5481 2077 5552 ignotum

497 5563 602 5626 est.
637 5551 1060 5626 Mendqmv'ero
1095 5551 1219 5610 esse
1252 5569 1283 5608 a
1333 5553 1520 5626 scriba
1565 5551 1806 5626 arbitror
1835 5551 1935 5620 pro
1977 5567 2080 5621 χα-

497 5623 742 5696 λώμενον
773 5622 1040 5695 εχαλάω,
1073 5626 1223 5690 laxo,
1253 5622 1399 5696 quod
1439 5633 1494 5678 et
1525 5623 1865 5696 ad_anintun_r
1900 5630 2081 5696 trans-

498 5687 692 5760 fertur,
727 5703 788 5750 ut
831 5687 904 5750 sit
939 5687 1556 5762 recreare,'ca:hilarare.
1591 5687 1770 5762 Χαλᾷν
1802 5690 1863 5744 τὸ
1895 5691 2079 5762 μέτωο

499 5781 623 5829 πον,
654 5759 921 5836 explicare
944 5767 1175 5836 frontem
1189 5759 1344 5822 dixit
1373 5759 1772 5835 Aristophanes
1818 5761 1872 5817 in
1897 5759 2074 5831 'Vesp.

2251 4673 2380 4728 KZ'.
2405 4670 2594 4727 Ταῦτα
2615 4671 2674 4726 δέ
2701 4672 2796 4724 καὶ
2823 4669 2961 4726 ἄλλα
2981 4669 3154 4726 πολλὰ
3180 4670 3592 4742 ἐξηγησάμενος
3617 4671 3644 4722 ὁ
3663 4665 3742 4720 i6-

2183 4765 2312 4831 σᾶς,
2345 4764 2590 4836 συνήχθη
2619 4765 2771 4818 πᾶσα
2801 4765 2835 4836 ὴ
2865 4763 3020 4828 πόλις
3051 4763 3370 4830 δοξάζοντες
3389 4763 3480 4817 τὸν
3504 4761 3633 4815 Θεὸν
3659 4757 3742 4812 ἐπὶ

2182 4858 2350 4912 πᾶσιν
2377 4852 2460 4920 οἷς
2487 4858 2731 4928 ἠκουσαν
2760 4858 2890 4928 παρ’
2918 4855 3083 4909 αὐτοῦ
3124 4855 3288 4909 άὸσᾶ.
3332 4855 3578 4924 Ἐγένετο
3614 4849 3742 4922 χαρᾶι

2183 4947 2398 5020 μεγάλη
2435 4949 2494 5001 ἐν
2523 4949 2589 5019 τῇ
2625 4949 2778 5002 πόλει
2805 4950 2864 5002 ἐν
2895 4950 2960 5018 τῇ
2993 4947 3177 5020 ἡμέρᾳ
3221 4946 3407 5018 ἐκείνῃ
3457 4945 3546 5000 διά
3571 4963 3627 4998 τε
3659 4945 3738 4995 τὶν

2181 5040 2222 5093 Γ
2225 5039 2484 5111 ρηγόριον
2513 5037 2870 5103 ἀκούσαντες,
2911 5037 2996 5091 ὅτι
3038 5037 3131 5110 ζῇ,
3179 5035 3340 5091 πάλιν
3371 5037 3430 5090 δέ
3475 5038 3557 5092 ὅτι
3588 5032 3740 5088 κσιοί

2180 5134 2360 5202 γονεῖς
2383 5129 2550 5186 αὑτοῦ
2583 5131 2980 5203 ἀπηλλάγησαν
3013 5131 3122 5186 ἀπὸ
3145 5131 3345 5202 πολλῆς
3385 5131 3483 5186 καὶ
3515 5128 3741 5200 μεγάλης

2183 5224 2438 5296 θλίψεως.
2488 5220 2624 5279 Εῐτα
2673 5225 2976 5296 γενομένης
3011 5224 3269 5296 ἡσυχίας,
3307 5222 3401 5277 καὶ
3447 5222 3545 5292 τὴν
3593 5219 3741 5288 ἁγίαν

2181 5406 2334 5474 inde,
2359 5405 2618 5476 χαλαρός,
2639 5405 2792 5470 lenis,
2825 5404 2968 5476 apud
3001 5402 3250 5476 Suidam.
3301 5393 3572 5455 Caeterum
3613 5393 3740 5450 infra

2179 5474 2436 5534 etiam—ii.
2469 5474 2560 5540 5f,
2589 5474 3008 5545 scriptum‘erat
3039 5474 3364 5545 καλὸμενον.

2253 5546 2365 5620 (97)
2405 5536 2556 5620 ερειέ
2585 5546 2622 5600 2
2667 5536 3000 5620 rbem:
3047 5543 3110 5620 i=6
3153 5536 3388 5620 λὲιλῆσέι
3439 5536 3739 5620 “alii?”

2181 5607 2408 5688 φαύλου.
2453 5615 2556 5671 Vix
2602 5607 3002 5688 repitdiatidum
3050 5614 3196 5670 istud
3242 5607 3446 5688 φαῦλον
3495 5607 3736 5664 videtur:

2181 5684 2383 5744 melius
2409 5689 2554 5741 enim
2595 5684 2986 5756 respondeant,
3017 5699 3139 5757 quae
3169 5684 3332 5756 paulo
3357 5691 3480 5752 post
3515 5691 3738 5749 sequuti.

2183 5769 2294 5828 tur,
2331 5757 2403 5812 τὰ
2422 5757 2546 5812 λίαν
2569 5757 2768 5826 ἀγαθά,
2811 5765 2917 5813 etc.
3373 5779 3382 5790 ε
