4026 6374
325 338 444 415 0’3

1335 341 1396 402 S.
1432 337 1816 414 GREGORII
1856 335 2364 399 AGRIGENTINI
2401 338 2606 400 VITA.

3511 341 3616 408 614

335 447 668 523 σιγκλητος.
705 445 1114 520 ’Δσπασὰμενοί
1143 465 1203 502 τε
1251 449 1416 503 αὐτὸν
1459 449 1662 512 πάντες
1693 449 1744 500 οἱ
1782 447 1921 516 ἅγιοι

2034 443 2184 498 illam
2220 440 2357 517 [Liv]
2388 446 2661 516 synodum
2698 455 3092 515 convenerant,
3140 459 3435 520 postquam
3470 452 3620 508 salu-

333 542 555 613 Πάτρες
576 543 630 596 οι
653 543 712 596 ἐν
730 541 916 613 ἐκείνῃ
949 541 1300 607 συνελθόντες
1324 545 1394 614 τῇ
1420 541 1554 612 ἁγία
1586 541 1809 612 συνόδῳ,
1831 541 1928 594 καὶ

335 635 711 706 ἐπευξάμενοι
755 634 936 707 αὐτῷ,
969 636 1047 700 ὡς
1089 636 1544 710 προειρήκαμεν,
1585 633 1926 704 ὑπέστρεψεν

323 728 575 792 ἕκαστος
621 730 703 792 είς
747 729 878 793 τοὺς
922 728 1088 794 ἰδίους
1134 730 1336 794 τόπους
1381 727 1663 799 χαίροντες
1707 725 1802 779 καὶ
1845 727 1928 778 ai-

333 819 561 884 νοῦντες
615 819 708 873 τὸν
764 819 898 874 Θεὸν
943 819 1034 873 τὸν
1087 819 1362 890 μηδέποτε
1425 815 1752 888 παρορῶντα
1799 815 1927 878 τοὺς

333 913 674 982 ἀγαπῶντας
719 912 904 978 αὐτὸν,
951 914 1048 967 καὶ
1091 911 1456 984 διατηροῦντα
1494 907 1781 982 ἁλώϐητον
1825 909 1926 978 τήν

333 1005 636 1074 καθολικὴν
677 1005 1028 1074 Ἐκκλησίαν.

408 1097 538 1153 AZ'.
580 1094 834 1164 Ἐγένετο
854 1094 912 1148 δὲ
939 1094 1080 1165 μετὰ
1099 1095 1159 1148 τὸ
1181 1095 1393 1158 πάντας
1423 1093 1779 1164 ἀναχωρῆσαι
1800 1091 1926 1154 τούς

333 1187 594 1258 Πατέρας
639 1189 706 1242 ἐκ
745 1187 848 1258 τῆς
887 1187 1558 1252 Κωνσταντινουπόλεως,
1591 1188 1648 1239 ἐν
1686 1187 1787 1256 μιᾷ
1816 1184 1926 1238 τῶν

333 1280 568 1350 ἡμερῶν
603 1279 1126 1351 προσκαλεσάμενος
1155 1282 1184 1335 6
1211 1279 1602 1342 εὐσεϐέστατος
1633 1279 1664 1348 ἡ
1675 1277 1793 1346 μῶν
1827 1275 1924 1346 βα-

332 1373 528 1436 σιλεὺς
553 1373 644 1426 τὸν
673 1373 1136 1445 ἀρχιεπίσκοπον,
1176 1372 1326 1442 λέγει
1355 1369 1536 1442 αὐτῷ’
1567 1369 1784 1441 Πάτερ,
1826 1369 1924 1422 πό-

332 1465 436 1520 θεν
458 1465 842 1534 παραγέγονεν
875 1467 904 1518 ὁ
933 1465 1076 1538 ἀνὴρ
1110 1465 1246 1536 πρὸς
1281 1465 1427 1536 ἡμᾶς
1455 1457 1612 1526 οὗτος
1653 1465 1682 1516 6
1717 1463 1856 1528 νέος,
1897 1462 1935 1514 ὁ

329 1556 564 1631 τοιαύτῃ
604 1557 792 1628 χάριτι
835 1557 1434 1628 κατακεκοσμημένοςς
1473 1557 1532 1610 Ὀ
1565 1556 1624 1612 δὲ
1675 1554 1924 1625 ἀρχιεπί-

331 1665 548 1712 σκοπος
604 1647 792 1701 πεσὼν
847 1649 942 1702 ἐπὶ
993 1647 1288 1718 πρόσωπον
1338 1648 1529 1713 αὐτοῦ,
1580 1647 1657 1718 τῷ
1715 1645 1927 1718 βασιλεῖ

329 1739 782 1811 προσεκύνησεν,
831 1741 928 1794 καὶ
971 1735 1127 1794 εἶπεν
1147 1755 1160 1770 ·
1197 1741 1647 1811 Εὐχαριστοῦμεν
1675 1739 1752 1812 τῷ
1782 1736 1920 1806 Θεῷ,

2030 543 2136 591 tem
2187 537 2240 592 ei
2282 537 2562 604 dixerunt,
2607 547 2794 611 atque,
2840 551 2899 595 ut
2927 539 3204 610 diximus,
3241 544 3379 598 bene
3411 548 3620 615 precati

2029 639 2178 696 sunt,
2225 629 2291 710 ad
2357 631 2517 688 sedes
2552 633 2809 703 quisque
2861 648 2994 690 suas
3016 633 3122 689 laeti
3165 636 3402 700 rediere,
3433 637 3619 692 multis

2027 721 2140 776 Deo
2165 723 2423 778 laudibus
2464 722 2710 792 redditis,
2752 725 2845 795 qui
2895 739 3014 792 eos,
3055 742 3088 782 a
3133 728 3335 796 quibus
3381 739 3620 795 amatur,

2028 830 2314 886 nunquam
2341 815 2587 888 negligit,
2619 824 2684 898 et.
2701 817 3028 874 catholicam
3056 819 3357 884 Ecclesiam
3393 821 3618 879 illa’satu

2029 921 2230 970 servat.

2097 1093 2366 1150 XXXVII.
2412 1097 2602 1152 Patres
2629 1095 2744 1166 jam
2775 1111 2968 1152 omnes
2999 1097 3475 1168 Constantinopoli
3503 1099 3618 1154 dis-

2029 1195 2335 1253 cesserant,
2381 1203 2506 1244 cum
2539 1189 2916 1260 pientissimus
2959 1189 3255 1260 imperator
3275 1199 3462 1246 noster
3481 1205 3618 1260 quo-

2028 1275 2154 1329 dam
2187 1277 2275 1332 die
2294 1279 2773 1351 archiepiscopum
2795 1279 3106 1346 arcessivit,
3127 1279 3612 1353 interrogavitque.

2029 1369 2173 1424 unde
2208 1369 2526 1426 advenisset
2559 1373 2642 1426 vir
2694 1373 2784 1427 ille
2827 1371 3074 1428 ﬂorentis
3103 1374 3300 1436 aetatis.
3351 1375 3438 1428 cui
3470 1383 3616 1429 tanta

2027 1459 2294 1517 divinitus
2333 1463 2505 1532 gratia
2539 1463 2664 1518 data
2689 1464 2878 1520 esset?
2917 1463 3017 1519 Cui
3053 1461 3498 1534 archiepiscopus
3525 1480 3620 1520 co-

2027 1568 2146 1608 ram
2178 1568 2243 1607 eo
2268 1554 2635 1623 procumbens
2651 1566 2774 1626 post
2803 1556 3180 1612 adorationem
3201 1556 3438 1627 subjecit
3469 1575 3486 1612 :
3511 1555 3622 1610 Ma-

2030 1661 2187 1714 gnas,
2224 1646 2564 1714 pientissime
2609 1649 2936 1718 imperator,
2984 1647 3096 1703 Deo
3127 1649 3334 1721 gratias
3368 1651 3616 1720 agimus.

2039 1737 2184 1805 quod
2219 1737 2356 1792 ﬁdes
2406 1747 2497 1794 tua
2547 1747 2602 1793 et
2632 1739 2836 1794 illibata
2873 1740 3089 1810 religio,
3136 1756 3242 1810 qua
3279 1739 3448 1797 Deum
3479 1743 3620 1798 assi—

323 1796 701 1883 εύσεϐέστατε
736 1796 1087 1900 αὐτοκράτορ
1107 1869 1124 1894 ,
1147 1829 1230 1882 ὅτι
1251 1796 1308 1899 ή“
1319 1796 1502 1892 πίστις
1523 1796 1618 1882 καὶ
1648 1828 1683 1898 ή
1705 1796 1921 1896 καθαρὰ

2031 1827 2138 1882 due
2171 1829 2332 1891 colis,
2365 1837 2532 1900 atque
2567 1830 2702 1900 ipsa:
2738 1847 2927 1900 preces
2975 1843 3080 1887 ture
3124 1848 3220 1902 per
3260 1833 3406 1888 hunc
3439 1835 3618 1890 virum

327 1938 436 1974 σου
470 1919 722 1991 λατρεία,
759 1919 828 1992 ἢν
876 1921 1142 1988 κέκτησαι
1175 1903 1408 1974 πάντοτε
1443 1919 1579 1990 πρὸς
1623 1917 1722 1970 τὸν
1767 1915 1922 1982 Θεὸν,

327 2015 434 2069 καὶ
455 2014 593 2084 μόνη
617 2014 652 2084 ή
681 2013 770 2066 διὰ
793 2011 887 2065 σοῦ
913 2005 1371 2085 εὐχῆὲνέφραξεν
1398 2011 1469 2064 τὰ
1495 2011 1604 2064 τῶν
1627 2006 1924 2079 αἱρετικῶν

330 2105 591 2174 στόματα
617 2101 707 2155 διὰ
731 2101 830 2156 τοῦ
865 2101 1160 2175 ἀνθρώπου
1191 2101 1405 2156 τούτου.
1436 2095 1626 2166 Οὗτος,
1662 2101 1922 2165 δέσποτα,

329 2197 495 2262 ξένος
523 2197 692 2259 ἐστὶν,
742 2195 840 2248 καὶ
867 2195 932 2249 ὲκ
957 2197 1058 2266 τῆς
1085 2195 1246 2264 ἁγίας
1272 2194 1481 2256 πόλεως
1521 2191 1756 2247 ἐνταῦθα
1795 2209 1927 2245 κατ-

330 2291 601 2361 ήντησεν.
631 2287 787 2341 Μετὰ
813 2281 908 2340 οὖν
934 2287 1153 2358 ἡμέρας
1176 2287 1366 2354 ὀλίγας
1389 2285 1680 2338 ἐκέλευσεν
1708 2287 1736 2336 6
1767 2283 1924 2355 βασι-

336 2382 479 2446 λεὺς
509 2381 600 2436 τον
635 2379 936 2450 Γρηγὸριον
985 2381 1042 2433 ἐν
1085 2379 1166 2448 τῷ
1200 2379 1452 2449 παλατίῳ
1487 2379 1922 2450 παραγενέσθαι.

345 2475 469 2528 Καὶ
508 2472 756 2527 εἰσελθὼν
787 2474 930 2544 πρὸς
961 2472 1052 2527 τὸν
1097 2473 1490 2527 εὐσεϐέστατον
1521 2472 1752 2542 βασιλέα
1790 2471 1922 2542 ἔστη

343 2565 657 2638 ἔμπροσθεν
680 2565 868 2633 αὐτοῦ,
899 2565 994 2619 καὶ
1027 2564 1178 2634 λέγει
1206 2564 1358 2636 αὐτῷ
1381 2565 1410 2619 6
1437 2563 1694 2636 βασιλεύς
1713 2581 1727 2596 ο
1751 2563 1924 2618 Πόθεν

335 2657 724 2728 παραγέγονας
751 2696 768 2722 ,
811 2657 910 2712 καὶ
938 2657 1005 2711 ὲκ
1037 2657 1198 2720 ποίας
1231 2656 1440 2718 πόλεως
1465 2697 1480 2721 ,
1515 2657 1610 2710 καὶ
1651 2659 1715 2710 ἐκ
1766 2656 1922 2710 ποίου

329 2746 472 2799 λαοῦ
509 2743 594 2814 εἷς
627 2747 688 2802 '0
715 2747 772 2800 δὲ
801 2747 950 2818 λέγει
970 2788 986 2814 ,
1035 2747 1410 2802 Εὐσεϐέστατε
1441 2748 1818 2820 αὐτοκράτορ,
1860 2749 1924 2801 ὲκ

326 2839 580 2894 Σικελῶν
609 2841 883 2912 ἐπαρχίας
924 2841 1026 2912 τῆς
1054 2839 1163 2895 τῶν
1205 2839 1652 2910 Ἀκραγαντίνων
1694 2839 1924 2912 Ἐκκλη-

328 2934 459 2998 σίας
489 2935 728 3004 ὑπάρχει
753 2935 782 2988 6
811 2932 1002 2998 δοῦλός
1027 2950 1148 2998 σου,
1177 2933 1272 2987 καὶ
1308 2933 1602 3004 διεπέρασε
1636 2933 1717 2997 είς
1760 2933 1924 3005 Ἱερο⁸

326 3025 574 3097 σύλυμα,
606 3025 870 3094 κάκεῖθεν
894 3023 1130 3097 ὡρμήθη
1158 3024 1296 3096 πρὸς
1319 3025 1422 3096 τὴν
1445 3025 1540 3078 τοῦ
1565 3023 1658 3078 σοῦ
1683 3025 1923 3095 κράτους

323 3117 618 3190 περιφανῆ
649 3117 828 3172 πόλιν.
873 3117 930 3170 '0
959 3117 1016 3170 δὲ
1065 3114 1324 3188 βασιλεὺς
1357 3115 1506 3184 λέγει
1537 3115 1684 3187 αὐτῷ
1703 3133 1718 3148 ο
1756 3116 1922 3170 Εὐλο-
1948 3148 1992 3207 C

322 3211 581 3280 γημένος
609 3211 675 3263 σὺ
694 3250 710 3276 ,
755 3208 1012 3280 ἄνθρωπε
1037 3208 1134 3262 τοῦ
1163 3208 1322 3274 Θεοῦ,
1360 3209 1456 3264 καὶ
1483 3207 1849 3281 εὐλογημένος
1887 3209 1920 3262 6

320 3303 537 3374 τρόπος
579 3319 696 3367 σου,
746 3303 842 3356 καὶ
879 3301 1222 3372 εὐλογημένη
1267 3304 1301 3370 ή
1352 3301 1490 3372 πρὸς
1521 3303 1677 3373 ἡμᾶς
1712 3301 1919 3364 εἴσοδος

320 3395 433 3462 τῆς
476 3394 783 3466 παρουσίας
837 3409 969 3448 σου·
1007 3395 1090 3448 ὅτι
1138 3392 1312 3457 οὕτως
1360 3392 1738 3447 ἀποκαλύπτει
1793 3391 1920 3446 καθ’

322 3485 578 3560 ἑκάστην
609 3486 806 3557 γενεὰν
839 3487 933 3540 καὶ
957 3485 1154 3556 γενεὰν
1189 3469 1472 3557 μυστήρια
1497 3487 1612 3548 τοῖς
1645 3485 1916 3556 φοϐουμέ-

2029 1935 2124 1974 orn
2155 1919 2542 1976 haereticorum
2575 1923 2998 1978 obstruxerunt.
3041 1922 3212 1978 Porro
3246 1924 3328 1978 \ir
3369 1925 3478 1989 hic,
3525 1925 3621 1978 du.-

2029 2010 2200 2077 mine,
2233 2011 2435 2080 hospes
2465 2021 2568 2076 est,
2601 2021 2766 2082 atque
2797 2014 2906 2068 huc
2938 2030 3002 2072 ex
3028 2022 3216 2071 sancta
3249 2016 3467 2072 civitate
3494 2031 3620 2086 per-

2027 2101 2194 2156 venit.
2227 2099 2520 2160 Enimvero
2541 2109 2666 2172 post
2691 2103 2902 2172 aliquot
2937 2103 3054 2160 dies
3082 2103 3409 2176 Gregorium
3446 2105 3501 2160 in
3532 2121 3620 2159 re-

2027 2192 2172 2261 giam
2205 2193 2612 2264 ire‘imperator
2640 2195 2820 2266 jubet,
2868 2206 2923 2253 et
2977 2211 3162 2252 coram
3195 2197 3496 2252 admissum
3538 2198 3620 2254 sic

2027 2284 2226 2339 affatur
2265 2307 2278 2340 :
2313 2285 2598 2341 Undenam
2642 2287 2936 2352 advenisti,
2977 2299 3032 2344 et
3066 2305 3171 2358 qua
3203 2307 3267 2344 ex
3318 2292 3452 2345 urbe
3479 2308 3620 2361 quo-

2027 2392 2094 2432 ve
2128 2392 2160 2432 e
2203 2378 2410 2448 populo
2436 2394 2494 2434 es
2521 2379 2544 2432 ?
2576 2379 2677 2434 Cui
2727 2380 2816 2435 ille
2847 2396 2861 2433 :
2899 2379 2977 2434 Ex
3014 2383 3294 2451 provincia
3340 2382 3528 2438 Sicilia
3565 2397 3620 2440 et

2026 2486 2092 2525 ex
2130 2470 2373 2527 Ecclesia
2408 2473 2768 2545 Agrigentina
2799 2483 2882 2530 est
2908 2491 3105 2532 servus
3139 2487 3290 2540 tuus,
3317 2493 3353 2544 ο
3380 2478 3617 2548 pientis-

2027 2564 2172 2620 sime
2214 2565 2536 2636 imperator,
2573 2567 2668 2638 qui
2716 2566 3000 2638 profectus
3049 2567 3449 2641 Hierosolyma,
3491 2570 3619 2626 inde

2027 2657 2096 2714 ad
2123 2657 2608 2728 praeclarissimam
2641 2659 2857 2729 imperii
2903 2659 2978 2714 tui
3011 2661 3203 2714 urbem
3249 2660 3468 2716 delatus
3509 2671 3610 2718 est.

2029 2749 2338 2820 Imperator
2387 2765 2518 2806 vero
2555 2769 2569 2804 :
2603 2749 2768 2814 Bene,
2820 2750 3019 2820 inquit,
3085 2751 3180 2807 tibi
3233 2753 3454 2818 sit,-vir
3503 2751 3616 2808 Deo

2026 2837 2219 2906 cbare,
2255 2840 2398 2896 bene
2424 2841 2676 2897 moribus
2711 2841 2844 2909 tuis,
2874 2841 3014 2897 bene
3063 2842 3196 2898 item
3228 2843 3489 2898 adventui
3519 2854 3615 2900 tuo

2024 2940 2192 3004 atque
2219 2933 2526 3004 praesentiae
2564 2951 2579 2990 :
2615 2935 3060 3006 quandoquidem
3097 2935 3176 2992 sic
3205 2935 3351 2992 Deus
3381 2937 3616 3009 singulis

2025 3025 2283 3082 aetatibus
2315 3027 2584 3098 mysteria
2612 3042 2715 3084 sua
2745 3027 2814 3082 iis
2845 3029 3071 3095 revelat,
3125 3029 3220 3100 qui
3257 3044 3384 3085 eum
3423 3030 3616 3086 timent

2024 3125 2078 3172 et
2102 3119 2371 3174 voluntati
2395 3121 2516 3190 ejus
2538 3121 2933 3191 obsequuntur
2961 3142 2976 3178 :
3011 3122 3132 3178 laus
3163 3137 3291 3178 vero
3319 3132 3490 3193 atque
3509 3123 3614 3179 ho-

2025 3225 2130 3265 nor
2157 3219 2353 3267 sancto
2391 3213 2602 3268 nomini
2629 3214 2750 3284 ejus
2783 3215 3080 3278 tribuatur,
3111 3215 3206 3284 qui
3233 3208 3428 3272 diebus
3463 3216 3614 3272 hisce

2027 3302 2188 3358 talem
2227 3313 2454 3376 tamque
2509 3306 2614 3362 sibi
2657 3300 2944 3376 acceptum
2985 3307 3370 3364 adminisuum
3427 3319 3610 3364 ostcno

2025 3392 2126 3458 dit,
2165 3410 2194 3449 a
2229 3410 2340 3464 quo
2375 3397 2551 3452 sancti
2577 3397 2818 3470 Spiritus
2837 3399 3089 3468 praesenti
3121 3415 3224 3470 ope
3253 3398 3478 3457 fraudes
3507 3401 3617 3458 bte-

2029 3489 2325 3544 rctieorum
2359 3490 2624 3562 malaeque
2665 3500 2812 3548 artes
2849 3491 3079 3546 sublatae
3107 3500 3261 3547 sunt.

322 3600 448 3648 νοις
483 3581 794 3648 ceromata!
816 3579 1064 3635 ποιοῦσιν
1083 3579 1145 3633 τὺ
1172 3579 1389 3652 θέλημα
1444 3577 1640 3633 αὐτοῦ.
1703 3577 1854 3648 Πλὴν
1895 3574 2072 3645 ἀἶνος
2118 3581 2215 3636 καὶ
2261 3582 2394 3647 δόξα
2432 3581 2511 3652 τῷ
2555 3583 2698 3653 ἁγίῳ
2767 3583 2938 3638 αὐτοῦ
2997 3583 3226 3654 ὀνόματι
3269 3583 3350 3654 τῷ
3397 3587 3456 3638 ὲν
3490 3587 3611 3648 ταῖς

321 3678 576 3750 ἡμέραις
626 3675 856 3738 ταύταις
925 3673 1272 3741 ἁναδείξαντι
1339 3672 1584 3728 τοιοῦτον
1653 3671 1848 3736 σκεῦος
1891 3673 2220 3748 εὐχάριστον
2259 3675 2353 3728 τὸν
2403 3673 2703 3730 καθελόντα
2751 3675 2864 3729 τῶν
2907 3675 3202 3748 αἱρετικῶν
3245 3677 3611 3750 κακοτέχνους

220 3813 230 3819 -
329 3775 586 3846 μηχανὰς
611 3773 699 3827 διὰ
722 3771 824 3842 τῆς
857 3769 951 3826 τοῦ
981 3771 1136 3840 ἁγίου
1167 3770 1486 3841 Πνεύματος
1515 3768 1815 3841 μεσιτείας.

410 3869 540 3922 AH’.
589 3866 778 3920 Ταῦτα
827 3865 924 3918 καὶ
969 3866 1038 3919 τὰ
1103 3863 1334 3918 τοιαῦτα
1387 3862 1775 3934 διαλεγόμενος
1830 3862 1925 3916 ἐπὶ

316 3932 597 4024 ’πλείστας
628 3957 780 4030 ὥρας
817 3959 846 4010 6
873 3955 1266 4018 εὐσεῦέστατος
1300 3932 1562 4026 βασιλεὺς
1605 3955 1924 4008 Ἰουστινια-

325 4051 427 4114 νδς
465 4050 545 4121 τῷ
597 4049 857 4122 μακαρίῳ
906 4047 1230 4120 Γρηγορίῳ,
1282 4045 1530 4118 ἔχαιρεν·
1571 4045 1600 4098 6
1635 4045 1693 4099 δὲ
1739 4044 1922 4100 πεσὼν

325 4143 432 4196 ἐπὶ
457 4143 754 4212 πρόσωπον
780 4140 950 4195 αὐτοῦ
977 4139 1392 4212 προσεκύνησεν
1427 4138 1505 4209 τῷ
1543 4137 1759 4208 βασιλεῖ
1799 4137 1920 4208 τρία

2103 3861 2396 3918 XXXVllI.
2435 3863 2564 3920 Haec
2592 3873 2649 3919 et
2678 3863 2883 3919 similia
2909 3865 2977 3918 ad
3009 3862 3218 3919 multas
3265 3863 3434 3918 horas
3464 3864 3616 3934 pien-

2029 3955 2282 4012 tissimus
2309 3957 2610 4028 imperator
2636 3957 2748 4029 (28)
2790 3971 2915 4012 cum
2949 3957 3112 4012 beato
3143 3954 3407 4027 Gregorio
3433 3956 3614 4012 liben-

2030 4049 2246 4104 tissime
2305 4049 2637 4120 loquebatur
2682 4068 2696 4104 :
2741 4065 2868 4107 cum
2928 4050 3018 4106 hic
3067 4049 3290 4104 demum
3322 4063 3506 4103 coram
3546 4063 3615 4104 eo

2027 4141 2344 4211 procidens,
2387 4141 2772 4212 imperatorem
2807 4151 2890 4197 ter
2941 4155 3120 4212 usque
3168 4141 3237 4195 ad
3270 4141 3451 4196 solum
3484 4141 3588 4195 ado

323 4253 427 4290 τον
457 4233 551 4288 ἐπὶ
574 4235 674 4305 τὴν
699 4235 837 4306 γῆνο
865 4232 962 4287 καὶ
991 4231 1378 4298 ἐξαπέστειλεν
1411 4229 1574 4285 αὐτὸν
1607 4232 1636 4284 6
1662 4229 1921 4300 βασιλεὺς

2031 4231 2190 4297 ravit,
2223 4247 2290 4288 ac
2347 4232 2618 4290 dimissus
2665 4235 2732 4288 ad
2783 4233 3264 4302 archiepiscopum
3311 4231 3497 4286 rediit.
3540 4233 3620 4284 Ac

322 4331 418 4394 εἰς
457 4331 549 4384 τὸν
589 4327 1042 4400 ἁρχιεπίσκοπον.
1096 4325 1208 4380 Καὶ
1263 4325 1500 4394 ποιήσας
1545 4323 1665 4377 ἐκεῖ
1706 4321 1920 4394 ἡμέρας

2031 4323 2144 4380 dies
2173 4325 2320 4395 apud
2348 4341 2474 4381 eum
2513 4327 2729 4398 aliquot
2773 4334 3178 4394 commoratus,
3221 4341 3320 4396 per
3353 4325 3621 4382 domesti-

319 4424 560 4494 ὀλίγας,
589 4423 872 4490 ἀνήγαγεν
901 4417 982 4490 τῷ
1025 4417 1405 4487 εὐσεϐεστηὰτῳ
1439 4415 1654 4486 βασιλεῖ
1698 4417 1726 4469 6
1775 4415 1919 4487 Γρη-

2031 4430 2149 4471 eum
2177 4417 2473 4503 quemdam
2491 4419 2844 4489 imperatoris
2871 4417 3215 4474 Marcianum
3257 4417 3372 4491 (29)
3395 4418 3622 4474 nomine

323 4621 442 4660 non
488 4613 576 4659 est
630 4603 1128 4668 dissimulandum,
1169 4603 1222 4658 in
1291 4598 1565 4672 plerisque
1602 4597 1923 4672 Menplogiis
1959 4600 1998 4654 ι)
2029 4595 2596 4672 Leontius_nusquam
2623 4583 3620 4672 monotheletar‘um_hteresim'jdesi-

324 4677 598 4746 scriptum
647 4688 806 4746 esse,
863 4667 1186 4746 Gregorium
1234 4667 1338 4728 sub
1358 4667 1675 4746 iJust'iniano
1713 4667 1922 4723 Rhino-

325 4741 508 4802 tmeto
537 4744 838 4798 ﬂoruisset
873 4741 1212 4799 nec'horum
1250 4741 1622 4797 testimonium
1665 4749 1922 4808 tanquam

326 4816 877 4884 recentiorisaetatis
910 4815 1070 4882 plane
1115 4814 1506 4884 repudiandum
1547 4810 1716 4884 videri
1757 4825 1919 4884 acum

325 4889 384 4942 id
433 4887 611 4960 ipsum
672 4883 752 4960 i_u_
781 4877 1054 4960 Basiiiano
1097 4877 1372 4960 legamus,
1424 4883 1568 4960 quod
1614 4879 1822 4960 saeculo

324 4951 643 5012 confectum
677 4955 848 5010 fuisse
896 4958 1122 5011 scimus.
1151 4951 1356 5014 .Verum
1393 4951 1455 5008 et,
1495 4951 1628 5006 illud
1664 4951 1916 5005 animad-

327 5028 654 5102 vertendum
695 5035 804 5093 est,
833 5027 1164 5102 breviarium
1193 5027 1318 5080 vita:
1343 5023 1676 5102 Basili-anum
1702 5035 1779 5102 ἐκ
1814 5020 1918 5102 Ιλθτ

325 5091 857 5168 outioexpressum
885 5096 1226 5168 essetcujus
1275 5094 1520 5164 exempla
1566 5091 1917 5168 jamdiu,_ut

321 5161 668 5232 monuimus,
687 5161 1202 5238 interpolata’Seréii
1219 5182 1282 5238 ac
1297 5161 1616 5238 caeterprum
1637 5161 1924 5238 Mouothe-

323 5231 1162 5313 letarumnomiua_rel'erebattﬁ
1193 5237 1283 5313 qui
1317 5232 1800 5313 su_bConstaut_iuo
1822 5231 1926 5313 Po:

322 5309 893 5384 gonato__in_concilio
927 5303 1542 5384 Constantinopolitano
1593 5321 1650 5359 lt!
1679 5303 1926 5384 damnati

323 5373 500 5434 sunt:
535 5379 736 5434 ibidem
761 5394 888 5434 vero
921 5379 1180 5434 traditum
1211 5373 1406 5444 misse,
1439 5385 1640 5431 sectam
1677 5373 1823 5427 illam
1846 5373 1924 5444 _in

325 5453 449 5522 ipsa
483 5449 695 5526 synodo
739 5448 1072 5526 a__Gregor_i_o
1115 5459 1307 5504 nostro
1361 5442 1736 5526 st_ren_uees_se
1769 5442 1926 5526 refu-

325 5513 528 5576 tatam:
561 5517 728 5589 Igitur
761 5513 1048 5590 Menoiogii
1083 5530 1294 5584 auctor,
1323 5519 1414 5589 qui
1445 5520 1612 5573 sciret
1661 5513 1926 5590 Justinia-

326 5607 464 5666 num
483 5585 1172 5666 Blliitotmetumfequalem
1191 5585 1380 5666 eorum
1401 5599 1706 5656 temporum
1729 5585 1918 5666 fuisse,

325 5675 385 5718 et
415 5655 789 5716 Iustinianum
813 5661 867 5715 in
901 5655 1131 5716 Leontio
1159 5661 1402 5730 legisset,
1439 5655 1586 5714 recte
1615 5673 1720 5710 non
1746 5655 1915 5709 alium

324 5747 459 5802 esse,
480 5731 768 5802 judicavit,
797 5747 960 5802 quam
990 5732 1424 5796 Rhinotmctum,
1463 5731 1696 5796 aliisque
1726 5741 1916 5780 ansam

327 5801 585 5880 prabuit,
619 5811 678 5860 ut
710 5801 855 5860 idem
895 5802 1094 5859 litteris
1139 5803 1526 5874 cunsignarent
1557 5815 1568 5850 :
1601 5811 1914 5870 quanquam

2034 4679 2248 4740 gnarat.
2281 4668 2550 4740 Caeterum
2579 4681 2680 4740 nec
2713 4669 2848 4740 bene
2875 4668 3075 4740 Lancia
3117 4668 3374 4740 (Diss.n.
3409 4668 3500 4740 98)
3521 4669 3621 4724 .Iu-

2033 4739 2334 4810 stiuianum
2375 4739 2519 4794 hunc
2553 4739 2622 4810 ab
2653 4738 2788 4807 ipsis
2811 4738 3027 4793 concilii
3054 4738 3392 4808 temporibus
3421 4738 3617 4810 Augu-

2031 4818 2175 4863 stum
2210 4808 2376 4863 facit:
2399 4825 2562 4879 quem
2581 4809 2990 4879 Constantinus
3023 4816 3180 4879 pater
3209 4819 3299 4862 aut
3333 4808 3618 4878 nunquam

2029 4885 2124 4950 aut
2159 4879 2339 4950 serius
2374 4876 2694 4950 Augustum
2728 4876 3042 4949 appellavit.
3090 4876 3228 4950 Eum
3264 4881 3409 4932 enim
3440 4876 3582 4950 nequ
3607 4902 3620 4915 -

2028 4949 2242 5020 Agatho
2273 4949 2334 5004 P.
2369 4947 2440 5007 Μ.
2473 4947 2528 5004 in
2557 4949 2756 5020 litteris
2774 4947 2890 5004 suis
2911 4963 3153 5017 unquam
3176 4949 3301 5014 rict,
3329 4947 3620 5018 nequePa—

2024 5019 2136 5074 tres
2171 5020 2390 5075 concilii
2432 5020 2486 5074 in
2537 5019 2768 5075 Actione
2811 5021 2916 5074 ulla
2955 5029 3048 5074 aut
3105 5021 3156 5072 in
3191 5020 3617 5088 prosphoneticn

2031 5090 2226 5144 ultimo
2275 5100 2713 5145 commemorant
2749 5109 2764 5146 :
2795 5106 2919 5146 cum
2979 5090 3144 5144 iidem
3202 5089 3424 5145 fratrem
3475 5089 3618 5147 Con-

2033 5161 2258 5216 stantini
2292 5159 2429 5230 Aug.
2461 5175 2677 5229 semper
2710 5161 3080 5217 meminerint.

2124 5231 2216 5294 ⁴28)
2245 5231 2382 5286 Cod.
2417 5231 2469 5294 1,
2513 5231 2854 5294 ’1ουστιανός.

2125 5299 2216 5371 9,9)
2267 5301 2947 5371 Marciauutnquemdam
2987 5309 3258 5356 memorat
3293 5299 3614 5360 Simocatta.

2031 5369 2207 5444 (Hist.
2240 5372 2338 5444 lib.
2373 5387 2456 5436 ιη,
2491 5385 2542 5444 ch.
2583 5369 2694 5438 10),
2737 5388 2898 5444 quem
2941 5372 3606 5444 στρατηγὺνίειρμευαιλὲν

2030 5443 2108 5514 τῷ
2136 5442 2427 5514 καταλόγοδ
2463 5442 2574 5497 τῶν
2597 5441 2903 5513 πατρικίων
2934 5441 3084 5506 ὄντα,
3119 5441 3488 5514 περίόλέπτον
3515 5442 3614 5498 ἅν-

2027 5495 2152 5582 δρα,
2181 5515 2230 5566 id
2254 5495 2368 5576 est;
2389 5495 2590 5567 huc...
2649 5495 2786 5566 mle".
2835 5495 3091 5581 pain-ao;
3139 5495 3409 5576 nam...
3446 5495 3614 5568 ora...

2027 5581 2384 5653 spectabilem.
2419 5585 2594 5655 Atque
2619 5583 2782 5655 hunc
2833 5584 2938 5638 sub
2971 5585 3232 5640 extremis
3279 5583 3482 5639 .Iustiui
3515 5581 3616 5639 ,Ιυ-

2029 5652 2202 5709 nioris
2236 5652 2576 5723 temporibus
2616 5653 2669 5707 in
2707 5652 2985 5710 Orientem
3036 5669 3162 5711 cum
3204 5655 3444 5711 exercitu
3477 5656 3616 5709 mis-

2027 5737 2146 5780 Stlttt
2183 5725 2400 5790 scribit,
2423 5741 2522 5780 nec
2551 5724 2728 5779 multo
2758 5732 2903 5796 post,
2927 5734 3152 5796 propter
3177 5724 3298 5794 ejus
3335 5727 3617 5796 temeritn.

2027 5803 2160 5865 tem,
2205 5797 2460 5856 abdicare
2489 5809 2550 5852 se
2582 5796 2790 5854 honore
2811 5794 3052 5868 jussum.
3083 5794 3160 5852 Ea
3185 5805 3314 5853 uota
3363 5795 3615 5867 juvenem
