4026 6382
487 371 612 439 ’619

1496 381 1560 438 s.
1613 376 1997 438 GREGORII
2046 375 2562 438 AGRIGENTINI
2601 377 2801 438 VlTA.
2846 327 2853 336 ’

3664 383 3758 448 ϐΞῡ

503 493 804 568 postuletis
836 508 1001 566 quem
1017 492 1212 558 vultis,
1243 503 1297 550 et
1331 493 1623 555 unanimes
1654 495 1760 550 hoc
1776 497 1946 550 etiam
1975 509 2097 565 spe-

2202 495 2358 564 κοινῇ
2408 493 2604 566 γνώμῃ
2662 511 2681 546 ι
2713 495 2810 548 καὶ
2859 495 3170 567 μαρτυρίαν
3209 493 3442 567 ἀγαθὴν,
3480 515 3500 552 ο
3546 501 3679 557 κατὰ
3707 504 3761 560 τὺ

505 587 692 644 ctetis.
729 605 749 641 ι
794 583 864 642 Ut
894 587 1094 642 habeat
1123 586 1330 642 bonum
1365 585 1752 642 testimonium
1785 586 1921 660 (55),
1964 606 1984 639 ι
2024 585 2099 641 si-

505 688 601 736 cut
639 679 905 749 scriptum
928 687 1040 734 est.
1085 680 1153 734 At
1185 679 1271 734 .illi
1325 690 1512 751 spreto
1544 679 1802 750 pontifice
1833 679 2096 746 maximo,

507 769 748 841 majores
774 769 964 825 turbas
995 770 1168 824 multa
1196 770 1559 826 obtrectando
1593 771 1928 826 excitabant.

576 859 690 918 XL.
735 861 802 920 Ut
828 878 960 919 vero
994 863 1239 934 pontifex
1282 865 1565 920 maximus
1597 864 1969 935 impudentem
2001 878 2097 918 eo-

507 972 630 1015 rum
661 957 988 1014 seditionem
1019 957 1180 1021 vidit,
1211 957 1293 1012 ira
1321 957 1585 1012 incensus
1610 973 1641 1012 e
1664 963 1966 1026 conspectu
1991 970 2096 1010 suo

507 1062 702 1105 omnes
729 1048 857 1119 ejici
882 1047 1068 1116 iussit,
1100 1063 1164 1102 ac
1186 1048 1416 1119 rogandi
1447 1062 1610 1102 causa
1642 1047 1709 1101 ad
1741 1062 1800 1102 se
1827 1047 1879 1100 in
1910 1055 2092 1115 poste-

497 1157 630 1196 »rum
669 1141 854 1198 redire
893 1141 1089 1196 vetuit.
1134 1139 1280 1196 Idem
1329 1140 1492 1195 tertio
1546 1148 1672 1210 post
1719 1140 1807 1195 die
1858 1139 2094 1209 Euplum

506 1234 962 1291 archidiaconum
994 1243 1049 1290 et
1080 1232 1436 1288 Charitouem
1463 1247 1528 1287 ac
1550 1242 1781 1287 caeteros
1810 1247 1841 1286 e
1869 1233 2020 1286 clero
2044 1240 2096 1286 et

499 1327 737 1398 populo,
770 1327 866 1398 qui
902 1342 1026 1404 cum
1069 1326 1154 1382 his
1185 1327 1520 1391 sentiebant,
1559 1327 1904 1392 convocavit,
1939 1335 1994 1381 et
2015 1326 2095 1381 sic

503 1430 595 1476 est
623 1419 826 1476 aﬂatus
861 1437 874 1474 :
911 1413 1100 1486 Vobis,
1156 1417 1380 1477 fratres.
1433 1417 1562 1488 quid
1607 1417 1825 1474 videtur
1869 1417 1938 1472 de
1984 1418 2092 1484 his,

507 1527 652 1582 quos
677 1512 928 1570 seditiosi
961 1511 1038 1566 illi
1071 1524 1124 1566 et
1151 1511 1454 1566 turbulenti
1486 1511 1743 1566 homines
1768 1510 2096 1580 elegerunt?

510 1606 723 1662 similes
751 1603 942 1662 eurum
979 1602 1228 1676 profecto
1259 1612 1411 1670 sunt,
1448 1603 1618 1674 inepti
1655 1612 1816 1673 atque
1841 1602 2087 1658 inutiles.

509 1698 946 1755 Archidiaconus
970 1712 1098 1752 vero
1120 1706 1174 1752 et
1201 1695 1431 1750 Chal-ito
1459 1694 1870 1766 responderunt
1897 1713 1912 1748 :
1943 1698 2094 1764 Opus

511 1791 640 1857 hoc,
671 1790 903 1846 Domine
935 1787 1046 1846 Deo
1081 1789 1432 1850 cltarissime,
1481 1787 1629 1858 quod
1658 1785 1772 1856 jam
1805 1786 2051 1841 diximus
2077 1826 2092 1853 ,

512 1899 622 1942 non
677 1885 747 1940 ab
805 1883 1032 1938 homine
1081 1896 1259 1952 neque
1306 1896 1404 1952 per
1455 1880 1760 1947 hominem,
1807 1880 1901 1934 sed
1960 1877 2094 1935 Jesu

510 1976 718 2034 Christi
769 1976 974 2032 indicio
1026 1984 1083 2030 et
1131 1973 1535 2044 signiﬁcatione
1566 1972 1950 2042 complendum
1983 1981 2092 2028 est.

507 2070 700 2141 Itaque
731 2066 878 2124 Deus
907 2067 1048 2138 ipse,
1083 2068 1180 2138 qui
1219 2082 1415 2138 puram
1453 2066 1796 2137 religionem,
1827 2066 1921 2137 qui
1951 2066 2095 2121 assi-

507 2164 648 2220 duas
686 2177 876 2234 preces
903 2169 1028 2217 tuas
1059 2160 1226 2225 videt,
1262 2157 1396 2230 quid
1427 2158 1528 2214 tibi
1555 2158 1624 2214 de
1655 2159 1818 2214 nobis
1843 2168 2095 2214 statuen-

507 2255 642 2312 dum
673 2255 766 2320 sit,
805 2253 1234 2309 demonstrabit.
1263 2250 1616 2322 Responsum
1644 2250 1887 2322 pontilex
1918 2252 2097 2306 maxi-

509 2361 636 2404 mus
657 2344 1090 2403 commendavit.
1121 2345 1192 2400 At
1218 2359 1344 2400 cum
1371 2344 1443 2420 o_b
1471 2343 1614 2399 hanc
1639 2359 1752 2398 rem
1779 2352 2091 2416 angeretur,

507 2456 622 2498 non
675 2439 854 2506 multo
902 2447 1028 2510 post
1075 2437 1313 2509 quadam
1351 2446 1512 2493 nocte
1560 2437 1739 2492 cernit
1786 2436 1840 2491 iu
1889 2436 2096 2491 somnis

510 2537 661 2592 viros
689 2535 856 2591 binos
889 2534 1268 2605 apostolorum
1307 2529 1518 2596 habitu,
1551 2530 1644 2600 qui
1676 2529 1759 2585 sic
1799 2544 1925 2584 eum
1958 2528 2098 2583 allo-

509 2636 814 2702 querentur
846 2646 860 2683 :
890 2626 1004 2682 Cur
1045 2624 1236 2681 dolore
1285 2623 1545 2688 aliiccris,
1589 2621 1738 2692 quod
1782 2621 1850 2676 de
1895 2619 2098 2676 Sicilia!

509 2723 773 2794 episcopo
801 2719 972 2776 Siculi
1001 2719 1081 2773 illi
1115 2717 1370 2772 homines
1397 2714 1746 2772 dissideant?
1779 2714 1925 2770 Sane
1955 2730 2096 2785 quos

511 2815 549 2870 ii
588 2813 957 2876 deduxerunt,
997 2809 1206 2881 indigni
1239 2810 1400 2880 plane
1432 2820 1582 2874 sunt,
1637 2809 1730 2878 qui
1782 2809 2095 2863 initientur.

509 2907 582 2962 At
605 2915 690 2962 est
721 2905 810 2962 hic
835 2904 891 2959 in
920 2903 1060 2960 urbe
1084 2903 1285 2974 hospes
1313 2903 1395 2956 vir
1432 2901 1661 2972 quidam
1693 2901 1841 2972 pius,
1875 2900 1964 2956 cui
1996 2917 2097 2956 no-

511 3013 638 3055 men
678 2996 1005 3069 Gregorius,
1035 2995 1195 3066 isque
1236 2994 1290 3049 in
1333 2992 1676 3049 monasterio
1719 2992 1904 3048 Sancti
1939 2991 2098 3048 Saba:

511 3091 858 3162 hospitatur;
914 3088 1009 3160 qui
1045 3087 1137 3143 ubi
1180 3086 1410 3151 audivit,
1464 3087 1614 3144 viros
1667 3087 1790 3142 illos
1853 3087 1960 3140 huc
1997 3083 2097 3140 ad-

2199 587 2608 659 γεγριμμένον.
2644 587 2710 640 Οί
2755 587 2812 642 δὲ
2857 589 2960 642 οὐκ
3015 587 3302 645 ἐϐούλοντο
3353 593 3648 648 ἐπακοῦσαι
3691 598 3763 670 τῷ

2200 680 2381 752 πάπᾳ,
2415 679 2550 734 ἀλλὰ
2583 681 2784 753 μᾶλλον
2829 682 3190 752 ἐθορυϐοῦντο
3223 685 3316 738 ἐπὶ
3362 685 3533 741 πολλὰ
3569 687 3762 759 διελέγ-

2199 789 2411 843 χοντες.

2269 864 2364 920 Μ’.
2418 863 2566 920 Ἰδὼν
2595 866 2652 920 δὲ
2685 866 2713 919 6
2765 865 2953 930 πάπας
2983 865 3080 938 τὴν
3128 867 3321 939 ἀναιδῆ
3365 869 3542 922 αὐτῶν
3569 870 3764 940 στάσιν,

2197 957 2474 1030 ὀργισθεὶς
2503 959 2788 1012 ἐκέλευσεν
2821 958 3021 1022 αὐτοὺς
3071 958 3428 1031 ἐκδιωχθῆναι
3461 962 3566 1014 ἀπὸ
3612 981 3764 1033 προσ-

2197 1051 2348 1106 ώπου
2381 1049 2570 1116 αὐτοῦ,
2596 1052 2692 1104 καὶ
2725 1051 2920 1122 μηκέτι
2950 1051 3150 1116 αὐτοὺς
3183 1051 3437 1124 ἔρχεσθαι
3461 1056 3537 1118 εἰς
3574 1056 3762 1128 ἐρώτη-

2200 1160 2283 1196 σιν
2303 1161 2318 1174 ·
2351 1144 2446 1198 καὶ
2482 1141 2604 1214 μεθ’
2636 1143 2848 1214 ἡμέρας
2879 1144 3027 1214 τρεῖς
3075 1144 3580 1214 προσκαλεσάμενος
3611 1149 3638 1199 6
3674 1148 3766 1201 πά-

2198 1253 2307 1300 πας
2332 1234 2424 1289 τὸν
2452 1235 2833 1307 ἀρχιδιάιιονον
2864 1231 3076 1290 Εῦπλον
3106 1238 3202 1291 καὶ
3234 1237 3327 1293 τὸν
3361 1239 3643 1308 Χαρίτωνα
3683 1242 3765 1294 καὶ

2197 1331 2324 1396 τοῦς
2368 1332 2496 1402 περὶ¹
2549 1331 2750 1394 αὐτοὺς
2786 1329 3082 1402 κληρίκούς
3121 1347 3184 1383 τε
3229 1332 3322 1385 καὶ
3365 1331 3602 1398 λαῖκοῦς,
3634 1333 3764 1407 λέγει

2197 1426 2382 1488 αὐτοῖς
2403 1441 2418 1456 ο
2459 1424 2640 1495 Ὑμῖν,
2673 1423 2910 1494 ἀδελφοὶ,
2949 1424 3002 1476 τί
3027 1423 3177 1480 δοκεῖ
3206 1422 3334 1494 περὶ
3365 1419 3440 1478 ὥν
3464 1422 3766 1492 ἐπελέξαντο

2195 1508 2345 1570 οῦτοι
2412 1516 2462 1568 oi
2523 1513 2844 1586 στασιάρχοι
2902 1512 3001 1566 καὶ
3074 1512 3413 1583 ταραχώδεις
3467 1512 3764 1584 ἀνθρώποις

2196 1601 2427 1673 Πάντως
2448 1609 2622 1681 ὅμοιοι
2651 1609 2834 1662 αὐτῶν
2855 1610 3198 1681 ὑπάρχουσιν
3227 1608 3424 1676 ἀφυείς
3444 1609 3538 1662 καὶ
3569 1609 3762 1678 ἀνωφεο

2194 1701 2332 1766 λείς.
2369 1702 2430 1754 '0
2463 1701 2520 1756 δέ
2550 1701 2954 1776 ἀρχιδιάκονος,
2977 1702 3073 1756 καὶ
3096 1703 3124 1755 ὁ
3151 1702 3406 1775 Χαρίτων
3434 1700 3568 1773 ἔφη’
3596 1703 3762 1756 Θεοτί-

2203 1811 2341 1865 μητε
2374 1793 2635 1858 δέσποτα,
2669 1793 2745 1856 ώς
2770 1794 2865 1848 καὶ
2896 1794 3239 1866 προὲφημεν,
3275 1795 3378 1848 οὐκ
3409 1792 3468 1858 ἐξ
3495 1793 3762 1866 ἀνθρώπου

2199 1886 2294 1939 καὶ
2337 1885 2459 1939 οὐδὲ
2495 1884 2563 1940 δι’
2610 1883 2921 1955 ἀνθρώπου,
2964 1886 3102 1940 ἀλλὰ
3140 1885 3210 1940 δι’
3243 1884 3635 1954 ἀποκαλύψεως
3675 1887 3760 1958 Ἰη-

2198 1976 2294 2032 σοῦ
2339 1977 2581 2050 Χριστοῦ
2613 1978 2674 2031 τὸ
2704 1979 2865 2050 ἔργον
2895 1978 3078 2048 μέλλει
3120 1977 3483 2049 πληροῦσθαι.
3520 1979 3656 2048 Πλὴν
3687 1979 3761 2034 διὰ

2195 2071 2297 2140 τῆς
2325 2070 2572 2140 καθαρᾶς
2606 2087 2700 2126 σου
2733 2071 3012 2149 λατρείας,
3043 2070 3139 2124 καὶ
3170 2070 3269 2139 τῆς
3301 2069 3442 2140 πρὸς
3469 2070 3598 2124 Θεὸν
3629 2073 3762 2126 ἀνεν-

2195 2161 2350 2216 δῦτου
2397 2179 2490 2215 σου
2528 2164 2862 2234 προσευχῆς,
2909 2147 3262 2234 ἀποκαλύψαι
3313 2180 3394 2217 σοι
3433 2164 3546 2235 ἔχει
3594 2166 3760 2230 ὁΘετς

2196 2255 2258 2309 τὸ
2292 2257 2342 2309 τί
2373 2255 2456 2310 δεῖ
2505 2256 2762 2324 γενέσθαι
2791 2259 2870 2320 εἰς
2902 2258 3072 2328 ἡμᾶς.
3115 2257 3223 2311 Καὶ
3256 2257 3549 2310 ἐπαίνεσεν
3585 2258 3758 2322 αὐτοὺς

2196 2350 2226 2402 6
2266 2348 2454 2412 πάπας
2496 2349 2589 2401 ἐπὶ
2636 2352 2704 2420 τῇ
2744 2349 2970 2421 τοιαύτῃ
3017 2349 3198 2402 αὐτῶν
3240 2349 3555 2420 ἀποκρίσει.
3594 2351 3758 2414 ὀντος

2196 2439 2252 2493 δὲ
2280 2439 2372 2493 τοῦ
2407 2441 2564 2495 trita
2591 2441 2648 2494 ἐν
2677 2441 2822 2515 λύπῃ
2851 2442 2981 2513 περὶ
3024 2441 3118 2495 τοῦ
3147 2441 3394 2496 τοιούτου
3438 2444 3757 2513 πράγματος,

2200 2533 2320 2606 μεθ’
2351 2535 2565 2608 ἡμέρας
2592 2534 2746 2600 τινὰς
2786 2538 2844 2590 ἐν
2877 2538 2975 2608 μιᾷ
3002 2537 3159 2589 νυκτὶ
3188 2537 3291 2608 ὁρᾷ
3320 2538 3444 2590 κατ’
3468 2537 3598 2608 ὅναρ
3625 2540 3653 2591 6
3678 2538 3759 2591 πά·

2199 2645 2308 2691 πας
2340 2627 2490 2692 τινὰς
2531 2627 2730 2698 ἄνδρας
2770 2627 2864 2682 δύο
2909 2628 2966 2682 ἐν
3011 2629 3250 2698 σχήματι
3309 2629 3649 2699 ἀποστολικῷ
3687 2627 3756 2681 λέ-

2199 2736 2397 2790 γοντας
2425 2719 2575 2792 αὐτῷ
2594 2736 2609 2752 ο
2649 2720 2714 2773 Τί
2749 2737 2834 2774 σοι
2862 2719 3082 2788 ἐγένετο
3105 2719 3250 2791 λύπη
3279 2723 3412 2792 περὶ
3439 2719 3548 2774 τῶν
3574 2720 3757 2790 ἀνδρῶν

2199 2810 2308 2866 τῶν
2356 2811 2759 2876 στασιαζόντων
2809 2811 2939 2882 περὶ
2989 2810 3084 2864 τοῦ
3139 2812 3450 2866 ἐπισκόπου
3500 2811 3757 2876 Σικελίας;

2199 2897 2360 2959 Οὗτοι
2387 2902 2444 2956 δὲ
2475 2903 2526 2955 οί
2561 2902 2692 2972 παρ’
2717 2901 2894 2956 αὐτῶν
2929 2903 3354 2972 προσαγόμενοι,
3384 2903 3591 2968 ἀνάξι’,ι
3612 2903 3756 2971 ὑπάρ-

2198 3015 2354 3069 χουσι
2384 2995 2480 3050 τοῦ
2508 2996 2933 3067 ἐγχειρήματος.
2971 2996 3128 3049 Ἔστι
3152 2996 3207 3050 δὲ
3240 2997 3298 3050 ἐν
3328 3000 3402 3067 τῇ
3436 2997 3587 3050 πόλει
3612 2994 3754 3065 ταύτῃ

2198 3091 2337 3163 ἀνήρ
2369 3105 2453 3154 τις
2493 3087 2642 3156 ξένος
2675 3086 2912 3159 εὐλαϐὴς
2961 3087 3262 3160 Γρηγόριος
3293 3088 3606 3159 λεγόμενος,
3635 3088 3754 3148 ὅστις

508 3183 772 3249 venisse,
823 3195 858 3240 ο
903 3179 1240 3236 monasterio
1300 3179 1534 3251 aufugit,
1577 3178 1634 3233 in
1681 3193 1792 3250 quo
1855 3187 1996 3245 erat,
2043 3187 2096 3234 et

2201 3181 2470 3248 ξενίζεται
2529 3183 2588 3235 ἐν
2650 3180 2728 3252 τῷ
2801 3181 3150 3252 μοναστηρίῳ
3209 3179 3303 3234 τοῦ
3381 3181 3565 3250 ’Δγίου
3617 3179 3755 3232 Σάϐα.

509 3276 570 3334 in
613 3275 727 3347 (36)
764 3271 1103 3331 monasterio
1153 3270 1331 3345 [ινιιι]
1372 3270 1552 3328 sancti
1599 3270 1816 3328 Erasmi
1869 3271 1982 3342 (57)
2037 3285 2098 3326 se

511 3367 742 3425 abdidit.
772 3367 911 3423 lliuc
937 3365 1108 3436 igitur
1135 3365 1290 3420 mitte
1317 3365 1409 3438 qui
1435 3365 1715 3420 hominem
1751 3365 1817 3421 ad
1846 3375 1898 3421 te
1926 3365 2096 3422 dedu-

510 3469 661 3527 cant,
692 3468 859 3532 atque
889 3459 1038 3516 hunc
1062 3473 1189 3514 cum
1225 3457 1523 3530 episcopis,
1569 3460 1664 3530 qui
1695 3459 1839 3530 apud
1869 3468 1920 3514 te
1945 3467 2096 3524 sunt,

475 3545 479 3549 ’
511 3560 900 3610 consecratqu
931 3553 986 3607 in
1019 3551 1270 3607 Siciliam
1304 3566 1428 3607 cum
1456 3550 1769 3608 orthodoxo
1800 3552 1920 3623 ejus
1945 3554 2101 3609 urbis

509 3645 714 3717 populo
744 3642 1017 3716 prollcisci
1047 3643 1202 3715 iube.
1225 3642 1287 3698 ln
1319 3657 1386 3699 eo
1407 3642 1555 3699 enim
1593 3651 1822 3700 sanctus
1846 3642 1940 3698 Dei
1973 3643 2096 3714 Spi-

511 3737 650 3792 ritus
704 3735 1000 3807 requievit,
1044 3745 1214 3807 atque
1265 3735 1316 3792 is
1373 3744 1480 3800 est,
1529 3751 1693 3808 quem
1746 3736 2096 3807 potissimum

508 3826 708 3883 civitas
737 3826 829 3882 illa
861 3825 1116 3898 requirit.
1157 3826 1286 3884 Haec
1331 3841 1458 3882 cum
1500 3826 1794 3892 dixissent,
1836 3819 2098 3894 hominis,

509 3933 675 3989 quem
724 3917 1115 3974 intermedium
1167 3918 1554 3987 adduxerant,
1612 3917 1946 3975 lineamenta
1996 3920 2098 3990 ipsi

510 4009 871 4082 habitumque
901 4012 1299 4078 ostenderunt,
1346 4025 1449 4069 uec
1495 4011 1656 4084 plura
1713 4011 1980 4068 addentes
2029 4028 2096 4070 ex

509 4101 688 4159 oculis
723 4103 845 4176 ejus
870 4115 1242 4160 evanuerunt.

584 4368 724 4426 XLI.
747 4368 1002 4426 Pontifex
1032 4372 1308 4428 maximus
1333 4372 1780 4444 expergefactus,
1799 4388 1926 4429 cum
1953 4383 2101 4432 totus

511 4471 795 4528 tremeret,
832 4463 1077 4520 Marcum
1115 4465 1392 4534 abbatem,
1444 4467 1541 4538 qui
1585 4475 1701 4524 tum
1742 4467 1887 4524 forte
1919 4468 1973 4524 in
2007 4487 2102 4524 ur-

511 4557 640 4611 bem
679 4565 924 4621 venerat,
972 4572 1038 4614 ac
1063 4558 1335 4628 primores
1364 4559 1630 4617 Ecclesia:
1661 4561 1728 4618 ad
1759 4578 1820 4618 se
1857 4564 2093 4631 vocavit,

511 4655 568 4702 et
591 4663 717 4718 qua
746 4647 849 4704 sibi
885 4649 939 4706 in
971 4650 1187 4706 somnis
1218 4651 1337 4705 visa
1365 4661 1576 4718 essent,
1628 4662 1685 4708 et
1729 4663 1998 4724 quantum
2028 4667 2097 4709 ex

510 4740 889 4811 apostolorum
944 4752 1170 4813 aspectu
1215 4743 1614 4812 cohorruisset,
1657 4745 1762 4800 illis
1818 4747 2098 4815 exposuit.

511 4831 614 4888 Cui
645 4830 868 4891 Marcus
899 4834 1118 4893 abbas:
1154 4833 1352 4905 Deum,
1402 4837 1608 4909 inquit,
1652 4837 1910 4894 laudibus
1955 4839 2098 4894 cele-

512 4922 760 4992 bremus,
792 4923 955 4982 Pater
983 4927 1320 4996 venerande,
1349 4929 1447 5000 qui
1476 4944 1672 5000 preces
1695 4937 1828 4986 tuas
1859 4944 1970 4985 rion
2001 4945 2101 4986 ne-

587 5102 1072 5180 (55)]ςὶξίιηηιιι,
1123 5107 1180 5164 7.
1227 5107 1355 5178 ipsa
1405 5119 1590 5165 autem
1633 5111 1802 5165 verba
1853 5109 2100 5180 Apostoli

514 5174 800 5256 διξιιιίρεξ
821 5174 880 5229 δέ
915 5176 1080 5231 αὐτὸν
1121 5181 1218 5232 καὶ
1250 5174 1560 5256 μαρτυρίαν
1597 5179 1770 5249 καλὴν
1817 5174 1966 5253 ἐχειν
1993 5181 2104 5233 ἀπὸ

513 5244 625 5299 τῶν
665 5243 886 5311 ἔξωθεν.

587 5314 728 5389 (56)*
747 5313 1028 5388 Scriptum
1065 5319 1288 5389 quidem
1323 5319 1377 5374 in
1414 5320 1542 5377 cod.
1583 5321 1609 5376 1
1643 5327 1787 5386 erat,
1817 5319 1912 5374 τοῦ
1941 5320 2102 5389 ἁγίου

527 5382 756 5470 Ἑρμοῦ,
789 5382 892 5470 pro
937 5382 1212 5470 Ἐρόισμου
1239 5407 1252 5421 ·
1289 5391 1384 5470 sed
1417 5391 1636 5470 scribat,
1672 5382 1894 5470 op_i_r_l_or,
1925 5382 2102 5462 impe-

516 5461 672 5534 ritia,
710 5461 805 5526 qui
834 5472 958 5534 _non
987 5461 1400 5534 animadvertit,
1440 5461 2104 5534 syllabam;illiccontrae

517 5525 705 5606 ctione
730 5525 1021 5606 emissam,
1043 5547 1177 5606 qum
1215 5525 1521 5606 lereapice
1553 5533 1824 5606 inscripto
1865 5532 2097 5606 indicari

516 5595 659 5675 solet
689 5595 1002 5675 hoc_modo_
1043 5595 1268 5672 Ἑρμοῦ.
1308 5595 1497 5675 Neque
1546 5605 1694 5658 cuitu
1731 5595 1990 5674 ignmum
2045 5605 2099 5658 in

517 5665 658 5741 urbe
689 5663 750 5741 ξ.
792 5665 1006 5741 Erasmi
1042 5663 1468 5741 monasterium,
1501 5675 1664 5741 cujus
1701 5663 1809 5728 noun
1844 5675 2010 5728 semel
2034 5676 2099 5730 in

517 5735 663 5814 libro
700 5735 1015 5814 Pontilicali
1050 5744 1259 5797 mentio
1289 5743 1368 5798 lit.
1405 5735 1464 5799 In
1505 5735 1781 5800 Adcodato
1821 5745 1912 5814 qui
1966 5760 2102 5813 poll-

519 5807 786 5862 tillcatum
809 5811 1016 5881 maxim
1037 5828 1114 5866 .‘m
1147 5814 1290 5880 cepit
1317 5815 1588 5870 amio6‘25
1612 5807 1884 5881 legimus:
1919 5807 2022 5868 Si'l
2052 5828 2101 5870 et

517 5880 907 5940 narrauerim»
943 5880 1127 5937 Sancti
1175 5881 1392 5939 Ernsmi
1429 5886 1588 5940 silum
1629 5880 1682 5939 in
1723 5884 1889 5940 Caelio
1928 5901 2101 5942 nmme

2213 3272 2476 3338 Ἀκούσας
2500 3273 2556 3327 δὲ
2589 3274 2717 3343 περὶ
2756 3271 2867 3325 τῶν
2912 3272 3124 3344 ἀνδρῶν
3157 3273 3406 3338 ἐκείνων,
3439 3274 3517 3326 ὅτι
3558 3270 3755 3324 ἐνταῦθα

2199 3359 2588 3430 παρεγένοντο,
2637 3359 2852 3432 ἀπέδρα
2880 3363 2946 3414 ἐκ
2977 3360 3074 3414 τοῦ
3107 3362 3500 3434 μοναστηρίου,
3540 3363 3594 3415 ἐν
3681 3355 3754 3430 ἦν,

2201 3453 2295 3507 καὶ
2324 3452 2631 3522 κέκρυπται
2675 3454 2736 3506 ἐν
2772 3450 2850 3523 τῷ
2887 3453 3236 3524 μοναστηρίῳ
3274 3453 3374 3507 τοῦ
3411 3455 3586 3522 Ἀγίου
3625 3451 3755 3523 Ἐρά-

2199 3529 2363 3616 σμου.
2411 3544 2761 3609 Ἀποστεᾶας
2788 3540 2884 3599 οῦν
2916 3544 3286 3616 μετακαλέσαι
3331 3547 3424 3600 τὸν
3470 3545 3650 3616 ἄνδρα,
3677 3544 3754 3598 καὶ

2199 3635 2391 3690 τοῦτον
2421 3640 2810 3708 χειροτονήσας
2851 3635 2962 3690 τῶν
2999 3635 3098 3690 σὺν
3143 3639 3228 3690 σοὶ
3275 3639 3603 3698 ἐπισκόπων.
3643 3637 3754 3691 ἀπό·

2201 3729 2412 3783 στειλον
2453 3729 2629 3784 αὑτὸν
2658 3732 2717 3784 ἐν
2766 3730 2984 3801 Σικελίᾳ
3031 3730 3170 3802 μετὰ
3213 3730 3309 3784 τοῦ
3361 3731 3630 3804 ὀρθοδὸξου
3672 3730 3751 3799 τῆς

2201 3823 2410 3887 πόλεως
2453 3823 2668 3894 ἐκείνης
2711 3821 2862 3878 λαοῦ.
2910 3824 2998 3877 Ἐν
3049 3823 3200 3895 αὐτῷ
3247 3825 3360 3894 γὰρ
3408 3824 3754 3880 ἀναπέπαυται

2199 3915 2262 3969 τὸ
2295 3913 2519 3986 Πνεῦμα
2567 3915 2629 3968 τὸ
2678 3915 2834 3984 ἃγιον
2878 3917 2975 3970 τοῦ
3025 3915 3196 3970 Θεοῦ’
3231 3919 3327 3971 καὶ
3355 3917 3530 3971 δέεται
3564 3915 3752 3975 ὀτὸπος

2200 4006 2408 4068 ἐκεῖνος
2456 4003 2646 4061 αὑτοῦ.
2699 4000 2833 4058 Εἶτα
2879 4004 2954 4069 ὡς
3007 4005 3179 4060 ταῦτα
3228 4006 3447 4076 ελεγον,
3499 4001 3753 4067 ὑπέδειξαν

2201 4097 2349 4170 αὐτῷ
2378 4098 2472 4151 καὶ⁵
2505 4098 2598 4150 τὸν
2645 4097 2976 4168 χαρακτῆρα
3017 4097 3111 4150 τοῦ
3143 4097 3338 4170 ἀνδρὸς
3369 4099 3446 4162 εἰς
3491 4099 3642 4169 μέσον
3669 4095 3750 4147 αὐ·

2200 4188 2310 4243 τῶν
2368 4188 2700 4258 φερόμενον·
2759 4187 2933 4242 ταῦτα
2981 4187 3165 4244 αὐτῶν
3220 4189 3505 4254 εἰπόντων,
3558 4186 3752 4256 ἁςανεῖς

2201 4281 2453 4350 ἐγένοντο
2482 4282 2530 4334 oi
2564 4279 2758 4352 ἄνδρες
2789 4279 2898 4334 ἀπὸ
2927 4279 3223 4352 προσώπου
3251 4280 3441 4335 αὐτοῦ.

2273 4375 2410 4430 MA'.
2451 4373 2794 4438 Διυπνισθεὶς
2829 4371 2888 4426 δέ
2927 4375 2956 4426 6
2988 4373 3176 4437 πάπας
3207 4375 3300 4427 καὶ
3334 4374 3588 4445 ἔντρομος
3620 4368 3750 4440 γενό-

2206 4481 2392 4538 μενος,
2426 4463 2946 4536 προσκαλεσάμενος
2969 4463 3062 4516 τὸν
3095 4463 3270 4518 ἀϐσᾶν
3303 4438 3640 4536 Μάρκονηῆν
3661 4459 3751 4530 γὰρ

2204 4557 2345 4611 κατά
2377 4555 2682 4626 συγκυρίαν
2728 4553 2990 4608 εἰσελθὼν
3036 4556 3132 4610 καὶ
3177 4555 3340 4620 αὐτὸς
3387 4557 3448 4608 ἐν
3493 4556 3556 4624 τῇ
3579 4549 3748 4616 πόλει).

2202 4649 2296 4704 καὶ
2328 4649 2454 4711 τοὺς
2483 4647 2732 4718 πρώτους
2765 4648 2865 4718 τῆς
2907 4647 3255 4718 Ἐκκλησίας,
3280 4648 3569 4720 διηγήσατο
3593 4645 3750 4702 αὐτοῖς

2201 4739 2273 4794 τὰ
2315 4739 2408 4793 τοῦ
2437 4740 2716 4810 ὁράματος
2763 4737 2861 4792 καὶ⁵
2909 4739 3001 4794 τὸν
3061 4736 3230 4809 φόϐον
3273 4741 3371 4810 τῆς
3421 4731 3751 4800 ἀποστολικῆς

2202 4831 2492 4894 ὀπτασίας,
2529 4833 2623 4886 καὶ
2647 4831 2795 4902 λέγει
2821 4830 2970 4903 αὐτῷ
2993 4831 3023 4886 6
3051 4832 3224 4898 ἁϐδᾶς
3254 4817 3478 4904 Μάρκος
3497 4848 3512 4863 ⁶
3546 4829 3750 4894 Εὐλογη-

2205 4926 2299 4989 τὸς
2336 4925 2364 4978 6
2393 4924 2551 4991 Θεὸς,
2581 4923 2766 4996 Πάτερ
2797 4923 2972 4996 τίμια,
3001 4924 3060 4988 ὃς
3085 4925 3148 4978 οὐ
3175 4923 3370 4996 πὰριδε
3410 4923 3508 4994 τὴν
3548 4932 3748 4991 προσευ·

2199 5107 2256 5162 in
2282 5121 2384 5173 quo
2415 5104 2636 5158 crevisse
2667 5106 2808 5158 visus
2840 5111 2918 5158 est
2955 5102 3242 5173 pmdiclus
3275 5103 3352 5173 uir
3392 5097 3746 5158 sanctissimus,

2201 5171 2384 5230 multis
2418 5177 2566 5248 novis
2594 5175 2839 5246 wdiﬁciis
2873 5171 3258 5244 augmemavil.
3289 5171 3444 5227 Nunc
3471 5185 3610 5248 vero,
3642 5181 3745 5248 cuiu

2198 5259 2256 5318 et
2314 5246 2575 5315 templum
2626 5239 3128 5318 ct'ntonasteriunt
3183 5253 3427 5318 vegtstas
3481 5239 3746 5318 deleveril.

2200 5317 2390 5370 Graeca
2423 5308 2680 5383 stupui-est
2710 5315 3016 5384 inscriptio,
3058 5329 3223 5384 quam
3253 5313 3534 5368 Fabrettus
3556 5308 3744 5384 quidem

2200 5403 2265 5442 es
2308 5389 2426 5458 ipso
2458 5377 2638 5454 lapide
2678 5377 2928 5458 nlaueam
2959 5377 3141 5458 edidit
3176 5384 3416 5458 (p.757,
3458 5397 3510 5434 n.
3548 5377 3748 5458 029)..”

2200 5473 2266 5511 ex
2321 5454 2512 5512 Codice
2570 5457 2895 5509 monasterii
2953 5454 3309 5511 Sublacensis
3360 5454 3744 5521 intcgramqjaul

2201 5527 2470 5584 habemus
2507 5527 2560 5579 iu
2595 5524 2878 5580 Auecdotis
2907 5525 3186 5580 li'lerurii:
3219 5529 3283 5594 (t.
3319 5523 3406 5582 IV.
3439 5518 3494 5590 p:
3518 5518 3632 5588 545)
3657 5528 3744 5570 non

2199 5599 2322 5652 sine
2365 5596 2682 5666 interpretis
2715 5597 2928 5666 antiqui
2956 5593 3152 5650 Latina
3179 5593 3536 5650 translatione
3562 5607 3574 5642 :
3601 5600 3746 5666 quau:

2199 5683 2366 5739 quam
2401 5658 2701 5739 utrumque
2731 5658 3045 5738 exemplum
3087 5666 3199 5722 alio
3225 5676 3348 5739 eget
3376 5666 3671 5734 interprete,
3701 5658 3748 5706 ιι

2202 5738 2438 5807 intelligi
2481 5739 2677 5806 possit.

2276 5805 2491 5877 (δη-ιιι
2522 5809 2646 5862 cod.
2685 5810 2730 5874 Ι,
2771 5809 2864 5864 τοῦ
2895 5808 3054 5878 ἁγίου
3097 5805 3320 5880 Ἑρμοῦ.
