4026 6434
437 350 541 420 εει
1447 347 1508 410 s.
1533 344 1916 406 enseonn
1949 343 2459 406 AGRIGENTINI
2505 347 2708 408 VlTA.
3603 346 3712 410 622

387 537 392 541 ‘
431 464 541 541 χήν
574 476 669 516 σου
701 459 795 514 καὶ
815 459 877 512 τὸ
905 457 1055 523 ἔλεος
1077 457 1244 513 αὐτοῦ
1268 457 1378 514 ἀπὸ
1405 457 1522 523 σοῦ,
1549 457 1666 512 ἀλλ’
1700 455 2025 526 ἀπεκάλυψέ

2152 457 2322 527 ιΙοκὶι,
2379 473 2482 513 nec
2536 457 2932 515 misericordiae
2984 473 3100 514 suae
3153 466 3434 530 expertem
3493 467 3546 516 te
3591 475 3715 520 esse

435 538 523 608 σοι
554 552 590 608 ἃ
619 552 872 622 ποιήσεις
912 549 1003 604 διὰ
1030 549 1141 606 τῶν
1188 549 1361 618 ἁγίων
1387 547 1552 602 αὑτοῦ
1583 550 1643 603 ἐν
1677 548 1756 619 τῷ
1787 549 2026 620 ποιμνίῳ

2152 565 2330 606 κιεευε
2373 560 2496 618 est;
2531 549 2643 604 imo
2666 550 2764 606 tibi
2806 549 3109 607 declaravit
3155 566 3252 622 per
3290 561 3518 610 sanctos
3556 566 3714 617 suos,

437 660 558 698 σου.
591 641 702 696 Kal
734 640 1066 704 ἀποστείλας
1111 640 1248 710 αὐτῇ
1291 641 1360 708 τῇ
1412 637 1535 711 ὥρᾳ
1579 639 1672 692 τὸν
1707 655 2029 710 πρωτοπρε-

438 734 702 806 σεύτερον
739 733 839 802 τῆς
880 731 1206 802 Ἑκκλησίας
1251 731 1350 784 καὶ
1399 734 1527 795 τοὺς
1569 730 1665 784 δύο
1700 730 2030 794 ἐπισκόπους

433 825 568 889 τοὺς
595 823 962 888 κατελθόντας
991 825 1056 878 ἐκ
1093 825 1193 896 τῆς
1229 823 1450 878 συνόδου
1483 823 1542 876 ἐν
1573 822 1652 894 τῷ
1683 823 2032 894 μοναστηρίῳ

437 918 537 974 τοῦ
579 917 760 986 Ἀγίου
813 917 1001 984 Σὰὃα,
1045 918 1141 971 καὶ
1177 917 1257 990 μὴ
1289 916 1541 988 εὑρόντες
1572 916 1664 970 τὸν
1707 915 2030 996 Γρηγόριον,

440 1011 800 1082 ἐπερώτησαν
845 1009 937 1062 τὸν
969 1011 1298 1081 ἡγούμενον,
1343 1009 1404 1062 τὸ
1441 1010 1494 1062 τί
1527 1007 1752 1076 γέγονεν
1781 1009 1810 1062 6
1838 1007 1978 1080 ἀνὴρ
2005 1011 2034 1062 6

439 1101 522 1155 ὣν
545 1101 803 1155 ἐνταῦθα.
836 1104 901 1154 Ὀ
934 1100 990 1155 δὲ
1023 1101 1232 1170 ἔλεγεν,
1261 1101 1344 1154 ὅτι
1367 1098 1476 1172 πρὸ
1501 1098 1596 1153 δύο
1623 1099 1845 1172 ἡμερῶν
1874 1099 2034 1171 ἐξῆλ-

441 1195 540 1249 θεν
565 1195 629 1247 ἐκ
655 1193 750 1246 τοῦ
785 1191 1174 1264 μοναστηρίου,
1206 1177 1606 1262 καὶέπορεύθη
1655 1190 1713 1242 ἐν
1747 1190 1825 1260 τῷ
1869 1207 2037 1262 μονα-

445 1286 655 1358 στηρίῳ
703 1283 798 1338 τοῦ
844 1283 1030 1352 ’Δγίου
1083 1283 1383 1355 Ἐράσμου.
1433 1282 1546 1337 Καὶ
1593 1282 1817 1354 ἐξῆλθον
1863 1283 2038 1336 όπίσω

441 1377 638 1442 αὑτοῦ,
670 1376 767 1430 καὶ
794 1369 953 1446 εὖρον
982 1375 1072 1429 τὸν
1109 1362 1379 1446 μακάριον
1408 1374 1448 1428 Γ
1452 1374 1710 1446 ρηγόριον
1739 1377 1797 1428 ἐν
1835 1373 1914 1445 τῷ
1943 1391 2039 1444 μο·

443 1468 726 1540 ναστηρίῳ
759 1467 855 1520 τοῦ
899 1467 1084 1534 ’Δγίου
1139 1467 1416 1538 Ἑράσμου
1448 1465 1714 1537 μέλλοντα
1740 1464 1904 1520 αὐτὸν
1947 1462 2036 1530 ἐξ·

445 1559 731 1632 ἔρχεσθαι.
779 1557 890 1612 Καὶ
935 1557 1060 1612 ἰδὼν
1103 1557 1302 1620 αὐτοὺς
1347 1557 1458 1611 ἀπὸ
1501 1544 1776 1628 μακρόθεν
1825 1556 2040 1624 ἐπέγνω

444 1652 578 1715 τοὺς
607 1649 968 1712 ἐπισκόπους,
991 1649 1084 1703 καὶ
1116 1647 1428 1721 είσδραμὼν
1454 1641 1663 1719 ἐκρύϐη
1689 1648 1746 1700 ἐν
1767 1646 1848 1718 τῷ
1879 1647 2041 1718 κήπῳ

449 1743 618 1815 μέσον
669 1739 776 1794 τῶν
832 1738 1033 1808 φυτῶν.
1080 1739 1190 1793 Καὶ
1234 1737 1570 1802 εἰσελθόντες
1607 1739 1656 1791 οι
1706 1736 1901 1808 ἄνδρες
1945 1737 2044 1790 ἐπ-

2133 656 2256 711 quae
2306 640 2360 695 in
2411 656 2574 712 grege
2620 649 2715 696 tuo
2753 655 2786 696 a
2839 649 2891 697 te
2928 641 3048 696 fieri
3099 649 3400 712 oporteret.
3445 643 3544 699 ille
3583 657 3718 701 vero

2134 731 2322 786 statim
2369 732 2918 802 protopresbyterum
2946 731 3210 790 Ecclesia:
3243 749 3309 790 ac
3333 735 3476 792 duos
3501 735 3720 807 episco-

2137 838 2256 893 pns,
2291 822 2444 892 quia
2474 823 2687 892 synodo
2725 833 3012 888 venerant,
3054 825 3124 880 ad
3156 823 3345 882 Sancti
3391 825 3551 883 Saba
3597 841 3721 883 mo-

2136 913 2447 973 nasterium
2481 913 2654 968 misit.
2688 912 2793 981 Qui
2821 928 2948 969 cum
2976 915 3052 970 ibi
3075 915 3398 986 Gregorium
3432 932 3540 972 non
3563 916 3721 974 inve-

2139 1007 2372 1072 nissent,
2405 1021 2436 1060 a
2460 1005 2720 1076 prafecto
2748 1006 3010 1062 sciscitati
3043 1016 3192 1072 sunt,
3219 1007 3482 1078 quidnam
3513 1009 3719 1066 factum

2137 1106 2286 1153 esset
2315 1097 2385 1152 de
2413 1097 2662 1158 homine,
2696 1097 2794 1168 qui
2823 1097 2938 1153 illic
2962 1099 3122 1153 erat?
3167 1099 3504 1170 Auditoqne,
3555 1101 3723 1156 biduo
3767 1081 3786 1136 ῖ

2139 1195 2266 1240 ante
2303 1203 2333 1240 e
2369 1185 2710 1242 monasterio
2737 1187 2833 1241 illo
2867 1186 3093 1252 exiisse,
3125 1199 3180 1244 et
3225 1187 3278 1243 in
3327 1191 3721 1247 monasterium

2141 1279 2332 1336 Sancti
2370 1279 2586 1334 Erasmi
2637 1280 2953 1351 migrasse,
3005 1279 3184 1350 ipsum
3243 1283 3451 1347 secuti,
3501 1285 3722 1340 beatum

2139 1372 2466 1444 Gregorium
2513 1373 2567 1428 in
2601 1373 2943 1428 monasterio
2985 1371 3172 1429 Sancti
3225 1373 3439 1431 Erasmi
3498 1375 3726 1432 invene-

2141 1472 2270 1517 runt
2299 1463 2412 1534 jam
2451 1462 2602 1518 abire
2632 1472 2919 1534 parantem
2955 1482 2968 1518 :
3004 1463 3100 1534 qui
3135 1471 3194 1520 ut
3217 1479 3315 1520 eos
3342 1466 3543 1536 procul
3565 1467 3721 1533 vidit,

2141 1563 2197 1611 et
2223 1555 2516 1626 episcopos
2546 1555 2793 1626 agnovit,
2846 1555 2901 1610 in
2952 1555 3174 1611 hortum
3225 1555 3442 1628 aufugit
3472 1565 3528 1614 et
3581 1557 3727 1614 inter

2143 1647 2371 1702 arbores
2406 1648 2587 1703 latuit.
2630 1648 2703 1702 At
2748 1647 2829 1703 illi
2871 1647 3108 1719 ingressi
3156 1648 3480 1720 praefectum
3531 1659 3730 1721 urgent

2143 1746 2470 1808 rogantque,
2528 1737 2756 1794 ubinam
2791 1739 2878 1794 vir
2935 1739 3029 1795 ille
3077 1739 3186 1805 sit,
3237 1755 3405 1810 quem
3451 1742 3726 1812 hospitem

447 1832 678 1903 έσχοντο
695 1830 788 1884 τὸν
819 1829 1124 1902 ἡγούμενον
1153 1831 1210 1882 ἐν
1243 1827 1416 1900 ίσχύει
1449 1827 1702 1896 λέγοντες
1725 1845 1739 1860 ·
1773 1829 1839 1882 Τί
1879 1828 2042 1897 γέγο-

2152 1829 2400 1885 habebat.
2426 1828 2730 1888 Praafectus
2753 1831 3018 1888 haesitans
3049 1831 3258 1888 hortari
3285 1849 3403 1902 eos,
3437 1842 3496 1888 ut
3520 1834 3730 1904 paulis-

445 1941 542 1978 νεν
581 1926 611 1978 6
653 1924 795 1995 ἀνὴρ
829 1925 858 1977 6
882 1921 960 1976 ὣν
1006 1920 1195 1977 ἐνθάδε
1223 1921 1406 1988 ξένος;
1445 1921 1504 1976 Ὀ
1552 1921 1608 1975 δὲ
1659 1923 1719 1975 ἐν
1763 1920 2047 1993 όιμηχανίιῖ⁸

445 2017 782 2089 γενόμενος,
837 2015 1141 2087 παρεκάλει
1208 2015 1391 2078 αὐτοῖς
1449 2012 1649 2084 μικρὸν
1707 2013 2043 2083 ἀνασχέσθαι

446 2109 624 2180 αὐτῷ,
671 2109 820 2172 ὅπως
872 2107 1120 2178 ζητήσας
1167 2105 1382 2177 εὖρειεν
1435 2105 1622 2170 αὐτὸν,
1670 2104 1765 2160 καὶ
1816 2103 2045 2176 παραδῷ

448 2184 639 2264 αὐτοῖς
667 2197 852 2252 αὐτόν.
883 2194 1180 2250 Κατελθὼν
1208 2195 1264 2249 δὲ
1291 2197 1319 2250 6
1343 2193 1650 2266 ἡγούμενος
1691 2195 1748 2248 ἐν
1773 2193 1852 2266 τῷ
1884 2195 2046 2266 κήπῳ

452 2287 616 2363 εἷρεν
658 2289 821 2345 αὐτὸν
865 2287 1249 2360 κεκρυμμένον
1289 2286 1453 2356 μέσον
1487 2284 1601 2339 τῶν
1643 2284 1914 2356 λαχάνων,
1950 2283 2047 2338 καὶ

454 2381 851 2453 ἀγανακτήσας
879 2379 1028 2451 αὐτῷ
1056 2382 1084 2434 6
1111 2377 1414 2449 ἡγούμενος
1442 2376 1593 2446 λέγει
1617 2392 1634 2407 ο
1664 2371 1736 2430 Ὦ
1765 2375 2043 2446 ἄνθρωπε,

466 2476 630 2529 πόθεν
658 2469 815 2545 ἦλθες
845 2465 972 2538 ὧδε,
1013 2469 1298 2540 ἄνθρωπος
1330 2465 1406 2522 ὢν
1435 2469 1540 2522 ὑπὸ
1569 2467 1915 2538 ἐγκλήματος
1953 2465 2047 2519 καὶ

467 2565 795 2637 ζητούμενος
827 2563 932 2618 ὑπὸ
960 2561 1218 2616 τοιούτοιν
1243 2561 1592 2634 προσώπων;
1636 2557 1884 2616 Ἀνελθε,
1913 2557 2048 2612 ἀπο-

459 2657 718 2729 λογήθητι
745 2657 876 2726 περὶ
901 2655 1011 2710 τῶν
1043 2653 1404 2727 ἐγκλημάτων
1437 2669 1552 2706 σου.
1615 2651 1674 2705 '0
1717 2649 1773 2704 δὲ
1813 2651 1916 2704 οὐκ
1945 2650 2049 2704 ἁπ-

457 2747 658 2822 εκρίθη
695 2747 848 2820 αὐτῷ
882 2747 1018 2819 πρὸς
1049 2743 1225 2800 ταῦτα
1258 2743 1380 2798 οὐδὲ
1415 2743 1589 2814 ῥῆμα.
1641 2739 1904 2794 Ἀνελθὼν
1935 2739 1994 2794 δέ
2021 2741 2050 2794 6

453 2841 762 2914 Γρηγόριος
806 2843 864 2895 ἐν
905 2843 974 2912 τῇ
1020 2839 1186 2911 αὐλῇ,
1235 2831 1396 2910 εὗρεν
1426 2839 1551 2901 τοὺς
1581 2835 1796 2907 ’ἄνδρας
1827 2834 2046 2898 καθεζοι

459 2929 679 3003 μένους.
710 2931 824 2985 Καὶ
858 2929 1058 2992 ἰδόντες
1083 2927 1245 2982 αὐτὸν
1271 2929 1320 2981 οι
1341 2925 1652 2993 ἐπίσκοποι,
1687 2923 1780 2978 καὶ
1801 2923 2052 2992 ἐπιγνόν-

453 3039 587 3090 τες,
637 3021 1028 3094 εἰσδραμόντες
1069 3017 1302 3092 ἔρριψαν
1344 3017 1576 3082 ἑαυτοὺς
1622 3015 1922 3088 ἀμφότεροι
1969 3017 2052 3080 εἱς

455 3117 592 3178 τοὺς
623 3115 793 3177 πόδας
827 3111 996 3168 αὑτοῦ
1015 3128 1030 3142 ·
1053 3112 1274 3184 ήδεισαν
1303 3109 1408 3183 γὰρ
1429 3109 1488 3164 τὸ
1515 3109 1634 3174 πῶς
1661 3109 2052 3180 προπκυνεῖτο

456 3207 491 3262 6
539 3176 842 3278 έρηγόριος
873 3206 982 3260 ύπδ
1011 3176 1122 3263 των
1171 3176 1402 3275 Πατρῶν
1449 3201 1670 3257 πάντων
1707 3176 1824 3256 τῶν
1871 3201 1930 3254 ἐν
1975 3200 2044 3272 τῇ
2076 3176 2120 3236 c

460 3311 532 3348 συ
545 3294 672 3366 δόδῳ
701 3294 875 3348 όντων
903 3294 962 3347 ἐν
991 3291 1582 3358 Κωνσταντινουπόλει,
1609 3290 1812 3360 ὁμοίως
1849 3287 1908 3346 δὲ
1950 3290 2048 3344 καὶ

456 3383 562 3442 τοῦ
589 3383 984 3440 εὐσεϐεστάτου
1013 3382 1279 3455 βασιλέως
1305 3383 1508 3456 πολλὴν
1538 3381 1688 3454 αὐτῷ
1722 3383 2047 3454 ποιουμένου

457 3475 655 3547 τιμήν.
691 3471 882 3527 Πεσὼν
917 3473 976 3527 δέ
1005 3472 1098 3526 καὶ
1129 3473 1290 3535 αὐτὸς
1318 3471 1412 3524 ἐπὶ
1439 3471 1730 3544 πρόσωπον
1753 3471 1934 3526 αὐτῶν
1961 3469 2050 3524 λέ-

459 3583 556 3638 γει
604 3567 828 3630 αὐτοῖς’
877 3565 1281 3636 Συγχωρήσατὲ
1326 3581 1440 3635 μοι,
1487 3564 1634 3632 ἅγιοι
1669 3564 1917 3636 Πάτρες,
1968 3563 2052 3618 ὅτι

463 3658 608 3730 ἀνὴρ
637 3657 959 3730 ἁμαρτωλός
996 3659 1112 3728 εἰμι
1132 3671 1146 3686 ⁸
1179 3655 1234 3710 τί
1271 3653 1577 3710 ἐσκύπτετε
1607 3655 1745 3724 πρὸς
1785 3654 1885 3725 τὴν
1911 3655 2051 3726 ἡμε-

462 3752 635 3823 τέραν
673 3750 1040 3822 μετριότητας
1092 3749 1157 3803 Οἱ
1207 3747 1264 3800 δὲ
1304 3746 1637 3810 ἀναστάντες
1681 3744 2053 3816 κατεφίλησαν

465 3844 772 3916 ἀμφότεροι
819 3843 911 3896 τὸν
957 3841 1278 3914 Γρηγόριον,
1313 3838 1408 3893 καὶ
1457 3838 1709 3908 λέγουσιν
1751 3835 1938 3906 αὐτῷ·
1997 3835 2055 3890 '0

467 3937 651 4000 κοινὸς
689 3935 848 4006 ήμῶν
881 3934 1070 4006 Πατὴρ
1097 3935 1126 3986 6
1157 3923 1454 4005 ἀρχιτερόεὲ
1461 3947 1574 4004 ρος,
1602 3931 1630 3984 ὁ
1651 3929 1742 3983 τὸν
1768 3927 2056 3983 ἀποστολι-

2144 1937 2243 1994 per
2275 1923 2604 1989 sustineant,
2637 1924 2769 1978 dum
2802 1923 3078 1995 inquirat;
3126 1939 3188 1980 se
3211 1925 3392 1991 illum,
3427 1925 3516 1980 ubi
3557 1927 3728 1983 inve-

2145 2013 2310 2081 nerit,
2347 2013 2484 2084 ipsis
2511 2015 2872 2070 traditurum.
2905 2013 3044 2070 Tum
3079 2015 3135 2070 in
3171 2013 3390 2072 hortum
3422 2016 3726 2082 descendit,

2145 2116 2311 2178 atque
2347 2107 2420 2162 ibi
2446 2122 2572 2164 eum
2601 2107 2747 2164 inter
2773 2109 2925 2164 olera
2951 2108 3214 2164 latentem
3252 2108 3503 2164 invenit:
3545 2110 3732 2180 itaque

2146 2198 2256 2253 vim
2289 2198 2500 2254 homini
2561 2199 2852 2267 adhibens,
2887 2199 3066 2266 Unde,
3100 2201 3302 2272 inquit,
3353 2203 3462 2258 huc
3503 2204 3728 2265 venisti,

2146 2306 2272 2346 eum
2315 2291 2420 2346 sub
2452 2291 2644 2362 judice
2682 2293 2784 2360 sis,
2835 2301 2988 2348 acte
3027 2292 3131 2348 viri
3181 2293 3320 2350 tales
3364 2295 3733 2364 perquirant?

2147 2381 2314 2437 Abito
2343 2381 2494 2448 hinc,
2529 2391 2584 2438 et
2616 2391 2808 2438 contra
2835 2393 3190 2439 accusatores
3221 2391 3347 2440 tuos
3393 2394 3446 2439 te
3471 2383 3728 2440 defende.

2147 2473 2446 2544 Gregorius
2474 2488 2608 2528 vero
2629 2474 2696 2529 ad
2732 2473 2850 2530 haec
2881 2489 2954 2530 ne
2979 2473 3212 2530 verbum
3242 2475 3468 2544 quidem
3497 2491 3733 2552 respon-

2149 2565 2269 2644 dit.'
2295 2563 2399 2620 Ubi
2428 2565 2648 2621 demum
2684 2565 2743 2621 in
2769 2566 2954 2622 aulam
2987 2567 3256 2634 ascendit,
3305 2567 3457 2624 viros
3497 2569 3610 2624 illic
3646 2583 3735 2625 se-

2147 2658 2340 2715 dentes
2401 2657 2644 2730 reperit;
2704 2673 2866 2728 quem
2931 2667 2994 2714 ut
3043 2659 3230 2716 videre
3276 2660 3520 2730 episcopi
3569 2669 3734 2732 atque

2149 2763 2446 2820 agnovere,
2467 2757 2828 2806 accurrentes
2855 2749 3042 2816 ambo,
3084 2749 3152 2805 ad
3187 2751 3350 2822 pedes
3377 2749 3497 2819 ejus
3522 2767 3581 2808 se
3601 2767 3733 2823 pro-

2147 2839 2444 2894 volverunt
2472 2855 2488 2892 :
2516 2837 2720 2908 quippe
2762 2837 3017 2893 viderant
3059 2837 3563 2909 Constantinopoli,
3603 2856 3730 2896 cum

2149 2929 2398 3003 synodus
2423 2943 2490 2986 eo
2517 2937 2704 2984 coacta
2729 2937 2898 2996 esset,
2921 2937 3131 3000 quanto
3153 2943 3280 2985 eum
3311 2929 3522 2986 honore
3542 2930 3734 2988 Patres

2149 3036 2344 3079 omnes
2379 3020 2806 3085 venerabantur,
2859 3030 2911 3077 et
2963 3019 3158 3092 quanti
3208 3022 3354 3077 idem
3401 3036 3432 3076 a
3479 3023 3732 3094 piissimo

2150 3113 2316 3168 etiam
2354 3113 2689 3182 imperatore
2722 3112 2910 3169 fiebat.
2941 3110 3120 3168 Porro
3165 3111 3469 3183 Gregorius
3511 3129 3735 3186 quoque

2153 3220 2338 3261 coram
2372 3203 2480 3260 illis
2503 3204 2822 3274 procidens,
2881 3201 3178 3276 Ignoscite,
3205 3203 3407 3276 inquit,
3439 3205 3599 3272 mihi,
3626 3204 3734 3260 Pa-

2153 3303 2268 3352 tres
2319 3295 2527 3364 sancti;
2562 3295 2742 3352 malus
2789 3295 2954 3366 plane
2995 3305 3052 3351 et
3103 3295 3372 3352 scelestus
3420 3310 3521 3368 ego
3569 3311 3731 3353 sum:

2155 3385 2285 3456 quid
2314 3395 2424 3440 tam
2455 3386 2640 3458 exigui
2671 3385 2912 3442 hominis
2943 3400 3114 3443 causa
3149 3401 3248 3442 vos
3295 3387 3624 3445 demittitis?
3650 3387 3736 3444 Illi

2157 3473 2301 3550 [ιιι]
2350 3485 2533 3533 autem
2587 3493 2714 3534 cum
2763 3479 3157 3546 surrexissent,
3206 3477 3535 3550 Gregorium
3571 3465 3738 3538 ambo

2157 3566 2416 3632 osculati,
2443 3557 2563 3624 haec
2593 3567 2855 3624 addidere
2889 3589 2904 3626 :
2939 3569 3266 3626 Communis
3293 3569 3455 3627 Pater
3488 3586 3556 3628 ac
3579 3573 3737 3642 prin-

2159 3675 2290 3730 eeps
2320 3661 2498 3717 nostri
2531 3660 2768 3727 ordinis,
2819 3661 2916 3732 qui
2957 3661 3266 3734 apostolico
3306 3663 3361 3717 in
3409 3653 3612 3720 throno
3646 3679 3740 3720 se-

2161 3750 2270 3818 det,
2299 3767 2402 3808 nos
2449 3751 2689 3808 famulos
2715 3752 2836 3822 ejus
2870 3753 3212 3810 domesticos
3243 3765 3296 3810 te
3324 3763 3582 3814 vocatum
3628 3756 3738 3812 mi-

2160 3843 2256 3906 sit,
2291 3849 2349 3896 ut
2377 3858 2504 3898 eum
2553 3842 2708 3898 adire
2751 3843 2910 3900 velis.
2947 3843 3112 3900 Paret
3158 3843 3481 3915 Gregorius,
3529 3859 3740 3916 eosque

2164 3931 2434 4002 sequitur.

467 4031 568 4086 κον
593 4028 732 4100 ἔχων
763 4027 973 4101 θρόνον,
1008 4026 1076 4080 δι’
1110 4024 1270 4096 ήμῶν
1295 4025 1404 4078 τῶν
1459 4021 1677 4078 οἰκείων
1713 4020 1920 4076 δούλων
1958 4020 2121 4074 αύτοῦ
2161 4025 2466 4094 προσκαλεί
2495 4043 2554 4079 σε
2603 4023 2698 4080 τοῦ
2733 4023 3142 4099 παραγενέσθαι
3174 4027 3312 4100 πρὸς
3355 4027 3538 4084 αὐτόν.
3599 4029 3658 4085 '0
3680 4030 3742 4084 δὲ

468 4131 604 4186 ante
635 4120 752 4190 μετ’
779 4118 982 4172 αὐτῶν.

545 4210 678 4266 MB’.
734 4209 984 4279 Ἐγένετο
1031 4208 1089 4263 δὲ
1131 4207 1339 4263 τούτων
1371 4201 1775 4279 πορευομένων,
1817 4205 1845 4258 6
1885 4203 2057 4268 ἀεὸἄς

471 4302 700 4374 Μάρκος
732 4301 1032 4373 διηγήσατο
1059 4301 1139 4372 τῷ
1169 4301 1328 4372 πὰπᾳ
1362 4299 1430 4353 τὰ
1457 4298 1598 4353 κατά
1625 4299 1716 4351 τὸν
1757 4295 2060 4369 Γρηγόριον

2255 4196 2418 4253 XLII.
2452 4199 2523 4254 At
2547 4199 2677 4256 dum
2708 4200 2766 4256 bi
2794 4200 3066 4270 redibant,
3113 4203 3331 4260 Marcus
3369 4205 3539 4262 abbas
3565 4207 3748 4276 ponti-

2166 4287 2256 4344 ﬁci
2305 4286 2547 4342 maximo
2572 4296 2745 4344 totam
2791 4289 3044 4362 Gregorii
3075 4292 3242 4348 vitam
3272 4294 3528 4364 exposuit
3557 4299 3576 4348 τ
3604 4310 3746 4366 quo-

469 4395 674 4456 πάντα,
707 4393 802 4445 καὶ
825 4391 924 4463 τὴν
969 4393 1032 4446 ἐκ
1063 4389 1315 4445 παιδόθεν
1357 4387 1704 4462 ἀναστροφὴν
1735 4387 1922 4452 αὐτοῦ,
1966 4387 2051 4442 καΊ

2167 4379 2333 4436 modo
2379 4394 2410 4434 a
2456 4380 2692 4450 pueritia
2750 4381 2861 4438 Deo
2921 4397 2982 4438 se
3039 4383 3300 4451 dieasset,
3359 4393 3571 4455 quanta
3623 4385 3747 4457 ejus

470 4487 536 4540 τὸ
565 4485 736 4555 πρᾶον
760 4483 855 4538 καὶ
885 4483 1110 4556 ἡσύχιον
1141 4481 1328 4548 αὐτοῦ,
1377 4479 1470 4536 καὶ
1501 4481 1562 4536 τὸ
1602 4479 1717 4544 πῶς
1744 4479 1813 4534 δι’
1843 4481 2058 4534 ἀποκα-

472 4577 690 4648 λύψεως
721 4575 856 4630 Θεοῦ
887 4576 1212 4648 διεπέρασεν
1237 4574 1400 4628 αὐτὸν
1431 4575 1512 4637 εἰς
1552 4571 1920 4643 Ἱεροσόλυμα.
1950 4572 2061 4626 Καὶ

475 4670 647 4724 πάλιν
681 4670 710 4722 6
741 4669 930 4732 πάπας
961 4667 1262 4739 διηγήσατο
1293 4664 1373 4737 τῷ
1414 4663 1560 4736 ἁϐϐᾷ
1589 4664 1804 4734 Μάρκῳ
1825 4662 1894 4716 τὰ
1916 4679 2062 4734 πρα-

473 4759 677 4832 χθέντα
713 4759 843 4831 παρ’
887 4757 1054 4812 αὐτοῦ
1086 4758 1145 4811 ἐν
1185 4758 1253 4828 τῇ
1291 4754 1494 4825 συνόδῳ
1525 4755 1585 4807 ἐν
1615 4755 2062 4808 Κωνσταντινου-

477 4851 656 4913 πόλει,
695 4851 756 4904 τὸ
806 4849 926 4914 πῶς
977 4847 1276 4920 ἐνέφραξεν
1317 4845 1387 4900 τὰ
1420 4845 1668 4916 στόματα
1707 4843 1816 4896 τῶν
1857 4843 2062 4914 αἱρετι-

475 4941 618 4997 κῶν.
648 4942 764 4997 Καὶ
791 4942 868 5006 ὡς
905 4941 966 4995 τὸ
995 4938 1200 5012 μεταξὺ
1235 4934 1534 4992 κατέλαϐον
1563 4935 1613 4989 οἱ
1641 4934 1928 4988 ἐπίσκοποι
1968 4933 2065 4986 καὶ

480 5033 584 5090 σὺν
630 5033 814 5095 αὐτοῖς
861 5033 890 5086 6
920 5029 1244 5102 Γρηγόριος,
1289 5027 1387 5083 καὶ
1436 5024 1694 5080 εἰσελθὼν
1739 5023 1936 5077 ἔπεσεν
1983 5023 2066 5087 εἰς

476 5126 608 5188 τοὺς
637 5111 932 5188 πόδαςτοῢ
980 5121 1162 5188 πάπα,
1185 5119 1282 5175 καὶ
1329 5119 1478 5188 λέγει
1521 5116 1704 5188 αὐτῷ’
1743 5115 1937 5179 Καλῶς
1963 5110 2062 5187 ἦλ-

480 5217 599 5282 θες,
632 5215 821 5268 τέκνον
847 5213 1116 5285 Γρηγόριε
1139 5229 1154 5242 ·
1183 5211 1478 5282 εὐλογητὸς
1507 5211 1535 5264 6
1561 5207 1695 5272 Θεὸς
1739 5209 1768 5262 6
1791 5207 2065 5278 πληροφο-

484 5308 659 5378 ρήσας
696 5306 844 5376 ἡμᾶς
889 5305 970 5370 εἰς
1015 5303 1096 5368 σὲ,
1149 5301 1374 5357 τέκνονο
1429 5299 1683 5372 καθάπερ
1726 5298 2064 5370 ἠκούσαμεν,

480 5394 658 5458 οὕτως
691 5394 788 5449 καὶ
818 5393 1020 5464 ἴδομεν.
1049 5391 1161 5446 Καὶ
1200 5389 1444 5455 ἀναστὰς
1471 5389 1760 5461 ἠσπάσατο
1799 5385 1962 5442 αύτδν
1987 5384 2068 5458 τῷ

478 5483 626 5556 ἁγίῳ
667 5485 957 5556 φιλήματι,
1007 5484 1102 5538 καὶ
1149 5481 1434 5537 ἐκέλευσεν
1483 5480 1648 5534 αύτδν
1695 5477 2065 5549 καθεσθῆναιο

481 5580 580 5632 καὶ
609 5577 1077 5652 περιϐλεψάμενος
1102 5577 1131 5630 6
1163 5576 1350 5638 πάπας
1379 5574 1594 5643 ἐπέγνω
1618 5573 1710 5626 τὸν
1744 5575 2069 5646 χαρακτῆρα

482 5670 652 5727 αὐτοῦ
696 5672 788 5727 τὸν
836 5670 1226 5743 ύποδειχθέντα
1269 5667 1418 5740 αὐτῷ
1447 5667 1598 5739 παρὰ
1641 5665 1754 5720 τῶν
1792 5666 2068 5736 φανέντων

479 5761 633 5836 αὐτῷ
659 5765 851 5836 ἁγίων.
883 5762 1097 5836 Μικρὸν
1137 5761 1195 5818 δὲ
1235 5758 1538 5824 ἀνανεύσας
1563 5760 1592 5812 6
1621 5758 1921 5830 Γρηγόριος
1959 5755 2067 5828 ὁρᾷ

2167 4472 2538 4528 mansuetudo
2570 4489 2636 4528 ac
2654 4473 2850 4532 lenitas
2873 4485 3020 4532 esset
3051 4493 3066 4531 :
3092 4487 3153 4532 ut
3183 4477 3300 4548 ipse
3331 4493 3456 4532 eum
3482 4477 3750 4534 divinitus

2163 4563 2486 4620 admonitus
2515 4563 2899 4638 Hierosolyma
2944 4567 3287 4624 deduxisset.
3320 4567 3527 4624 Contra
3563 4568 3767 4625 Marco‘

2163 4657 2348 4712 abbati
2375 4671 2440 4712 ea
2469 4658 2712 4730 pontifex
2738 4659 3015 4715 maximus
3036 4661 3303 4728 narravit,
3328 4677 3454 4730 quae
3475 4662 3750 4716 Constan-

2165 4747 2396 4818 tinopoli
2432 4747 2488 4802 in
2520 4749 2730 4830 synodo
2757 4765 2856 4820 per
2883 4765 3008 4805 eum
3037 4750 3280 4823 perfecta
3317 4752 3556 4815 fuerant,
3581 4762 3751 4822 utque

2163 4839 2286 4909 ejus
2310 4853 2477 4910 opera
2503 4839 2741 4895 haeretici
2765 4840 2990 4894 coerciti
3021 4855 3090 4896 ae
3113 4840 3274 4896 silere
3299 4841 3502 4896 coacti.
3534 4839 3750 4897 Interea
3851 4855 3858 4876 ε

2163 4931 2432 5001 episcopi,
2479 4939 2536 4986 et
2587 4945 2715 4986 eum
2747 4930 2832 4988 his
2863 4929 3182 5002 Gregorius,
3237 4931 3535 4989 advenere.
3587 4930 3749 4988 Hune

2166 5037 2318 5089 vero,
2347 5023 2442 5080 ubi
2474 5023 2762 5095 ingressus
2791 5025 2859 5080 ad
2889 5025 3056 5095 pedes
3084 5025 3340 5096 procidit,
3387 5025 3470 5082 sic
3500 5023 3748 5096 pontifex

2165 5117 2442 5174 maximus
2489 5117 2762 5174 allocutus
2810 5127 2942 5174 est:
2975 5116 3247 5190 Tempore
3297 5118 3464 5184 ades,
3521 5117 3748 5189 Gregori

2167 5208 2243 5263 {ili
2275 5227 2289 5263 :
2321 5207 2431 5264 Deo
2479 5208 2603 5265 laus
2645 5209 2942 5277 tribuatur,
2975 5210 3072 5282 qui
3107 5219 3158 5265 te
3189 5209 3370 5277 nobis,
3423 5208 3524 5274 fili,
3579 5207 3752 5278 probe

2167 5299 2450 5371 cognitum
2486 5315 2610 5356 esse
2634 5300 2809 5356 voluit
2837 5319 2854 5358 :
2883 5317 3019 5357 sane
3042 5315 3385 5372 quaecunque
3410 5301 3479 5356 de
3507 5308 3562 5356 te
3588 5299 3750 5356 audi-

2169 5392 2372 5458 vimus,
2409 5407 2476 5447 ea
2513 5400 2568 5446 et
2597 5392 2861 5448 vidimus.
2911 5391 3054 5448 Tum
3101 5407 3338 5465 surgens
3381 5399 3576 5448 sancto
3621 5405 3752 5447 eum

2168 5483 2366 5540 osculo
2396 5483 2682 5548 salutavit,
2735 5491 2791 5538 et
2831 5484 3025 5541 sedere
3065 5485 3269 5556 jussit;
3303 5493 3474 5556 utque
3500 5482 3753 5539 eumdem

2170 5574 2580 5646 contemplatus
2623 5582 2729 5640 est,
2762 5575 2886 5647 ejus
2925 5575 3259 5632 lineamenta
3295 5575 3544 5647 agnovit,
3588 5587 3754 5644 quem

2170 5663 2252 5720 illi
2281 5663 2643 5722 ostenderant
2676 5666 2854 5723 sancti
2879 5665 3004 5733 viri,
3029 5681 3173 5738 quos
3196 5667 3252 5722 in
3280 5665 3493 5724 somnis
3520 5663 3753 5720 viderat.

2175 5755 2478 5838 Gregorius
2514 5773 2650 5838 vero
2701 5775 2827 5818 cum
2873 5761 3159 5834 paululum
3217 5759 3569 5832 respexisset,
3607 5755 3756 5812 videt
