4026 6382
416 353 530 420 62‘)

1413 349 1474 409 S.
1507 345 1889 409 GREGORII
1935 344 2447 408 AGRIGENTINI
2476 343 2676 409 VITA.

3568 317 3674 416 est

421 481 496 524 ex
520 465 757 522 adverso
787 469 1037 521 sanetum
1075 459 1343 529 Marcum,
1376 461 1445 517 ad
1486 477 1652 533 quem
1701 474 2002 534 assurgens

2110 461 2193 515 τὸν
2223 461 2379 532 ἅγιον
2411 459 2640 532 Μάρκον
2662 459 2894 516 ἐνώπιον
2922 461 3113 530 αὐτοῦ,
3136 461 3232 519 καὶ
3263 463 3565 530 ἐξαναστὰς
3587 484 3675 523 τα-

425 555 576 615 illico
605 555 871 620 accurrit,
895 562 952 608 et
977 551 1047 608 ad
1081 552 1249 623 pedes
1287 555 1408 624 ejus
1435 556 1777 626 provolutus,
1809 552 2001 609 multis

423 664 554 704 cum
583 647 843 716 lacrymis
879 645 957 700 ait
985 663 1000 700 :
1025 643 1277 716 Magnam
1307 654 1400 700 tua
1429 660 1594 702 causa
1633 646 1744 702 Deo
1769 646 1998 716 gratiam

427 740 712 805 habemus,
736 737 896 792 Pater
911 733 1254 802 venerande;
1279 744 1337 790 tu
1358 735 1558 806 quippe
1580 736 1776 792 salutis
1796 744 2001 790 nostra:

425 840 620 886 auctor
645 828 798 886 fuisti
832 845 847 885 :
881 839 934 884 te
966 830 1108 884 duce
1136 827 1322 884 datum
1354 840 1456 896 est,
1487 840 1546 886 ut
1578 831 1867 902 sapientiae
1895 829 2001 886 iter

427 933 696 978 tenerem.
727 919 868 977 Vere
894 920 1276 991 praenuntiasti
1309 921 1426 978 fore
1464 931 1526 977 ut
1562 931 1615 978 te
1659 923 1714 977 in
1745 921 1848 978 hac
1890 921 2000 976 vita

421 1029 527 1086 pro
559 1029 683 1071 meo
725 1015 1000 1072 desiderio
1043 1027 1362 1084 cernerem;
1411 1030 1512 1072 nec
1543 1013 1807 1078 fefellisti,
1841 1011 2003 1068 Pater

425 1115 632 1172 sancte.

497 1196 684 1255 XLlll.
726 1199 880 1256 Talia
907 1200 1232 1274 Gregorium
1267 1217 1392 1257 cum
1426 1201 1622 1257 abbate
1662 1216 2004 1258 commemo-

427 1297 644 1347 rantem
683 1305 938 1348 sermone
965 1295 1260 1349 admodum
1301 1294 1482 1364 longo,
1513 1293 1862 1349 mirabantur
1885 1308 2004 1348 om-

429 1398 551 1452 nes,
585 1399 649 1440 ac
679 1385 847 1440 simul
879 1401 1001 1441 cum
1051 1386 1186 1457 ipsis
1227 1385 1450 1442 ﬂebant.
1487 1385 1730 1442 Subinde
1759 1384 2005 1456 pontifex

429 1477 710 1534 maximus
739 1478 994 1536 secedere
1024 1488 1274 1544 caeteros,
1299 1487 1463 1549 atque
1486 1495 1654 1534 unum
1683 1479 2004 1550 Gregorium

429 1582 558 1623 cum
594 1565 780 1624 Marco
807 1569 1004 1626 abbate
1041 1586 1105 1626 ac
1133 1571 1348 1628 duobus
1387 1571 1662 1642 episcOpis
1694 1570 2006 1627 nonnullis-

423 1661 540 1728 ‘que
567 1659 692 1713 aliis
741 1674 964 1715 manere
1005 1659 1172 1730 jussit
1201 1681 1214 1716 :
1241 1671 1406 1733 atque
1434 1661 1502 1717 ad
1530 1678 1654 1717 eum
1686 1676 2006 1728 conversus,

431 1749 683 1820 Gregori,
715 1751 912 1821 inquit,
944 1753 1040 1818 fili,
1074 1753 1336 1810 Dominus
1359 1763 1546 1810 noster
1567 1753 1726 1810 Jesus
1752 1753 2008 1811 Christus

429 1841 642 1898 sanctis
669 1843 932 1912 apostolis
961 1843 1084 1914 eius
1133 1846 1201 1901 ad
1249 1860 1352 1902 nos
1383 1845 1672 1912 demissis,
1718 1848 2004 1918 praesidere
2039 1821 2081 1876 Β

429 1943 486 1990 te
525 1933 832 2007 designavit
873 1945 1100 2003 sanctze,
1149 1939 1457 2004 catholicze,
1506 1953 1716 2010 magna:
1749 1937 2008 1994 ECclesia:

428 2025 938 2098 Agrigentinorum,
987 2037 1050 2086 ut
1097 2031 1360 2101 populum
1397 2031 1552 2086 illum
1599 2041 1786 2102 pastor
1826 2046 2002 2102 regas.

414 2115 646 2188 Quippe
669 2125 721 2173 te
757 2118 1106 2188 potissimum
1137 2119 1291 2176 locus
1337 2120 1428 2174 ille
1470 2121 1724 2191 requirit,
1759 2137 1869 2191 quo
1915 2131 2007 2176 tua

415 2222 602 2279 opera
629 2225 752 2280 qua:
779 2222 1079 2282 supersunt
1117 2214 1304 2284 populi
1339 2213 1486 2269 illius
1513 2215 1758 2284 reliquiae
1785 2228 2010 2269 conser-

420 2309 653 2356 uentur.
679 2301 779 2358 Cui
804 2301 1106 2374 Gregorius
1133 2319 1456 2376 responsum
1485 2305 1634 2361 dedit
1659 2307 2004 2378 hujusmodi:

420 2389 482 2448 v0
530 2391 778 2460 domine,
829 2395 986 2460 mihi,
1018 2411 1229 2466 quaeso,
1263 2397 1482 2464 ignosce
1513 2415 1524 2452 :
1565 2412 1740 2468 neque
1769 2399 1914 2452 enim
1963 2398 2009 2452 is

415 2499 560 2544 sum
599 2497 724 2555 ego,
775 2485 870 2556 qui
917 2497 1026 2540 tam
1075 2487 1358 2543 tremendo
1403 2487 1712 2544 ministerio
1745 2503 1844 2558 par
1886 2503 2011 2544 esse

415 2576 665 2646 “possim.
697 2576 849 2632 Cum
883 2593 1009 2632 eum
1061 2579 1420 2636 nihilominus
1448 2579 1688 2650 pontifex
1734 2580 2008 2636 maximus

414 2664 772 2737 'bortaretur,
807 2684 878 2724 ne
903 2669 1073 2725 Deum
1104 2671 1210 2727 sibi
1235 2670 1555 2727 adfuturum
1587 2673 1884 2740 dubitaret,
1923 2682 2010 2726 ut-

433 2773 544 2829 que
574 2759 914 2816 meminisset
945 2775 1164 2832 gravem
1216 2763 1282 2818 iis
1332 2779 1551 2834 pmnam
1599 2780 1707 2819 non
1745 2751 2008 2829 defuisse,

421 2849 530 2920 ‘qui
555 2861 990 2921 repugnassent;
1021 2855 1300 2924 temporis.
1327 2855 1431 2910 sibi
1477 2855 1682 2924 aliquid
1712 2854 1829 2909 dari
1872 2853 2010 2910 Gre-

418 2943 626 3014 gorius
645 2943 824 3012 petiit,
849 2955 1140 3014 antequam
1169 2946 1498 3000 sententiam
1531 2946 1605 3000 illi
1635 2962 1790 3002 suam
1823 2961 2010 3001 rursus

433 3033 694 3104 aperiret.
741 3032 880 3087 Tum
915 3035 1164 3090 abbatem
1213 3044 1437 3090 secutus
1487 3035 1542 3090 in
1587 3035 1837 3092 cellulam
1887 3035 2010 3105 ejus

433 3125 728 3191 concessit,
777 3124 892 3198 [ιιι]
939 3135 1103 3196 atque
1141 3127 1226 3181 ibi
1269 3137 1485 3182 noctem
1515 3136 1683 3182 totam
1727 3129 2009 3182 insomnes

421 3219 598 3274 'ambo
645 3227 968 3290 exegerunt.
1015 3217 1241 3274 Volebat
1294 3229 1474 3274 autem
1531 3220 1826 3289 Gregorius
1887 3221 2012 3276 inde

431 3307 701 3378 aufugere
745 3309 798 3362 in
853 3307 1170 3380 lliSpaniam
1217 3308 1354 3380 (58).
1411 3308 1680 3364 Caeterum
1728 3311 2014 3382 ignorabat

435 3402 602 3458 etiam
654 3409 770 3458 tum
823 3413 1102 3474 parentem
1145 3417 1366 3474 quoque
1412 3403 1588 3473 ipsius
1633 3403 1832 3458 ibidem
1888 3421 2012 3461 esse

434 3494 812 3566 cuin'reliquo
855 3494 1080 3566 populo.
1111 3495 1219 3551 'Cui
1275 3493 1446 3551 abbas
1475 3513 1489 3550 :
1515 3493 1764 3564 Nostine,
1814 3498 2010 3569 inquit,

423 3585 536 3650 illi,
579 3585 864 3641 dominum
909 3586 1261 3643 Charitonem
1305 3597 1513 3658 patrem
1563 3597 1716 3644 tuum
1749 3591 1855 3646 huc
1886 3607 2012 3646 cum

423 3677 652 3731 caeteris
680 3676 1003 3732 orthodoxis
1031 3675 1244 3732 civibus
1267 3676 1576 3744 advenisse,
1603 3689 1658 3734 et
1683 3679 1828 3749 apud
1857 3695 2011 3734 eom-

429 3780 661 3822 munem
707 3778 989 3838 parentem
1042 3778 1292 3823 nostrum
1344 3769 1658 3840 pontificem
1711 3771 2010 3826 maximum

423 3868 637 3927 magna
680 3873 809 3913 esse
855 3858 911 3914 in
955 3858 1170 3930 gratia?
1203 3858 1329 3916 Haec
1371 3871 1429 3916 ut
1475 3861 1648 3916 audiit
1686 3859 2009 3935 Gregorius,

435 3949 672 4005 indoluit
708 3949 1032 4020 plurimum,
1074 3961 1128 4006 et
1158 3951 1343 4024 fugam
1375 3953 1444 4008 ab
1469 3953 1604 4009 urbe
1637 3955 1812 4024 magis
1842 3957 2014 4011 medi-

437 4041 679 4097 tabatur.
731 4042 803 4098 At
842 4042 1010 4098 abbas
1044 4044 1399 4115 interpellans
1433 4063 1446 4100 :
1475 4045 1644 4111 Cave,
1682 4047 1879 4119 inquit,
1915 4049 2011 4114 fdi,

435 4148 508 4189 ne
559 4133 653 4188 Dei
706 4136 842 4190 iram
897 4129 1212 4193 accendas:
1247 4139 1389 4194 nosti
1427 4139 1697 4210 profecto,
1738 4141 1868 4212 quid
1917 4142 2014 4197 tibi

435 4223 566 4278 olim
595 4226 913 4296 praeceperit
932 4213 1126 4284 beatus
1151 4227 1242 4282 ille
1269 4243 1457 4296 senex,
1484 4230 1627 4300 apud
1651 4246 1813 4302 quem
1839 4246 2013 4288 annos

434 4327 676 4387 quatuor
702 4329 956 4375 versatus
984 4334 1044 4376 es
1076 4339 1089 4376 :
1125 4321 1277 4392 atqui
1323 4322 1438 4391 ipse
1474 4323 1664 4389 etiam,
1716 4333 1775 4378 ut
1817 4335 2015 4380 caetera

433 4408 503 4464 de
541 4419 616 4477 te,
673 4410 750 4464 ita
797 4413 899 4466 hoc
937 4427 1157 4484 quoque
1203 4411 1317 4468 Deo
1353 4425 1700 4471 monstrante
1736 4419 2011 4487 cognovit,

2103 551 2244 622 χέως
2285 551 2520 623 ἔδραμεν
2564 553 2660 606 καὶ
2698 550 2922 624 ἔρριψεν
2967 553 3159 608 ἑαυτὸν
3201 555 3295 608 ἐπὶ
3339 556 3466 620 τοὺς
3512 558 3675 622 πόδας

2105 640 2268 696 αὐτοῦ
2315 642 2518 698 κλαίων
2565 644 2659 698 καὶ
2699 643 2909 712 λέγων’
2955 644 3400 719 Εὐχαριστοῦμεν
3447 646 3527 718 τῷ
3561 647 3679 720 Θεῷ

2104 735 2192 789 διὰ
2227 735 2344 800 σοῦ,
2395 737 2578 808 Πάτερ
2625 735 2942 808 τιμιώτατε,
2993 737 3073 792 ὅτι
3104 737 3170 792 σὺ
3199 739 3388 808 ὲγένου
3423 740 3679 812 πρόξενος

2105 827 2204 896 τῆς
2233 829 2509 898 σωτηρίας
2539 827 2696 898 ἡμῶν
2717 843 2730 858 ⁸
2761 828 2850 883 διὰ
2883 827 2976 882 σοῦ
3008 828 3320 902 ἠξιώθημεν
3357 831 3680 886 καταλαϐεῖν

2107 919 2291 973 πᾶσαν
2320 919 2440 975 ὁδὸν
2473 920 2808 992 ἐπιστήμης.
2867 919 3109 992 Ἀληθῶς
3136 921 3166 975 ὃ
3194 923 3506 992 ἐπηγγείλω
3525 923 3582 976 ὲν
3615 927 3681 994 τῇ

2109 1011 2222 1082 ζωῇ
2255 1011 2430 1084 ταύτῃ
2475 1001 2784 1082 ὲωραθῆναί
2832 1013 2894 1066 σέ
2938 1031 3029 1084 μοι
3058 1015 3150 1067 τὸν
3189 1013 3542 1087 ποθούμενον,
3591 1018 3684 1070 καὶ

2108 1103 2316 1174 ἀψευδῆ
2349 1103 2411 1157 τὸ
2447 1102 2612 1173 ῥηθὲν
2638 1102 2742 1156 ὑπὸ
2791 1101 2908 1171 σοῦ,
2939 1105 3119 1175 Πάτερ
3149 1102 3280 1159 ὃσιε.

2182 1193 2316 1249 Ml".
2361 1195 2548 1249 Ταῦτα
2590 1197 2682 1248 ἐπὶ
2727 1195 2990 1258 πλείστας
3033 1195 3184 1267 ὥρας
3231 1196 3611 1267 διαλεγόμενος
3657 1196 3685 1246 6

2107 1286 2410 1358 Γρηγόριος
2437 1285 2512 1356 τῷ
2545 1288 2708 1358 ἀσϐᾷ,
2743 1286 3054 1358 ἐθαύμαζον
3081 1288 3280 1352 πάντες
3325 1293 3418 1342 καὶ
3466 1288 3684 1344 συνεδα-

2113 1394 2282 1448 κρυον
2321 1378 2524 1442 αὐτοῖς.
2563 1379 2721 1433 Μετὰ
2765 1377 2821 1432 δὲ
2859 1379 3057 1445 ταῦτα,
3088 1379 3374 1435 ἐκέλευσεν
3415 1382 3622 1444 πάντας
3657 1385 3686 1436 ὁ

2113 1469 2300 1534 πάπας
2327 1470 2703 1538 ἐξαποστεῖλαι
2731 1473 2839 1524 ἀπο
2863 1473 3154 1542 προσώπου
3180 1473 3364 1540 αὐτοῦ,
3400 1476 3492 1528 καὶ
3525 1476 3684 1546 μόνον

2110 1561 2204 1615 τὸν
2246 1561 2550 1634 Γρηγόριον
2586 1565 2678 1616 καὶ
2718 1563 2810 1616 τὸν
2843 1563 3020 1617 ἀϐὄᾶν
3064 1565 3291 1635 Μάρκον
3317 1567 3414 1620 καὶ
3439 1567 3562 1630 τοὺς
3593 1565 3685 1620 δύο

2113 1655 2447 1720 ἐπισκόπους
2493 1656 2589 1710 καὶ
2613 1657 2833 1728 ἐτέρους
2861 1655 3078 1726 ὀλίγους
3107 1659 3298 1729 στῆναι
3339 1661 3436 1713 σὺν
3468 1659 3648 1724 αὐτοῖς
3669 1675 3684 1692 ·

2115 1747 2210 1800 καὶ
2244 1745 2762 1818 προσκαλεσάμενος
2803 1749 2833 1801 6
2873 1749 3063 1813 πὰπας
3089 1750 3182 1804 τὸν
3215 1750 3516 1822 Γρηγόριον
3540 1750 3689 1817 λέγει

2110 1837 2292 1908 αὐτῷ’
2341 1837 2543 1892 Τέκνον
2590 1839 2897 1911 Γρηγὸριε,
2944 1842 2976 1894 6
3019 1832 3225 1912 Κῦριος
3267 1841 3424 1912 ἡμῶν
3486 1840 3690 1911 Ἰησοῦς

2109 1929 2345 2002 Χριστὸς
2395 1930 2800 2001 προσκέκληται
2857 1949 2916 1986 σε
2972 1934 3050 1996 είς
3105 1933 3404 2004 ἡγούμενον
3454 1934 3541 1986 δια
3592 1933 3692 2004 τῆς

2109 2021 2415 2093 παρουσίας
2445 2021 2558 2076 τῶν
2587 2022 2757 2090 ἁγίων
2786 2023 2956 2078 αὐτοῦ
2995 2025 3308 2078 ἀποστόλων
3349 2027 3428 2088 είς
3455 2027 3554 2096 τὴν
3581 2026 3693 2079 τῶν

2123 2113 2564 2184 Ἀκραγαντίνων
2609 2114 2772 2184 ἁγίαν
2820 2114 3112 2186 καθολικὴν
3155 2117 3401 2188 μεγάλην
3462 2116 3694 2187 Ἐκκλη-

2112 2206 2255 2272 σίαν,
2282 2207 2375 2259 τοῦ
2401 2209 2666 2278 ποιμᾶναι
2697 2207 2790 2260 τὸν
2815 2207 2944 2262 λαὸν
2971 2209 3201 2263 ἐκεῖνον.
3233 2209 3423 2262 Δέεταί
3449 2225 3542 2263 σου
3583 2211 3694 2280 γὰρ

2108 2299 2138 2352 6
2163 2299 2326 2363 τόπος
2362 2299 2588 2364 ἐκεῖνος,
2619 2300 2704 2354 ἵνα
2735 2299 2822 2354 διὰ
2866 2299 2960 2354 σοῦ
2994 2301 3140 2373 σωθῇ
3179 2301 3240 2354 τὸ
3272 2281 3694 2372 ὲγκαιάλειμᾴα

2109 2389 2205 2445 τοῦ
2233 2390 2363 2444 λαοῦ
2401 2392 2634 2446 ἐκείνου.
2681 2391 2740 2444 Ὀ
2774 2391 2832 2444 δὲ
2870 2392 3190 2462 ἀποκριθεὶς
3233 2392 3372 2464 ἔφη·
3421 2393 3693 2460 Δέσποτα,

2112 2483 2468 2554 συγχιῦρησόν
2515 2500 2642 2554 μοι·
2693 2485 2754 2558 033
2799 2485 2908 2555 γάρ
2941 2485 3055 2554 εἰμι
3103 2485 3252 2550 ἄξιος
3286 2487 3530 2540 τοιούτου
3566 2504 3697 2557 φρι-

2112 2576 2242 2630 κτοῦ
2287 2579 2714 2648 ἐγχειρήματος.
2757 2577 2816 2630 '0
2849 2579 2907 2632 δὲ
2963 2581 3154 2642 παπας
3197 2581 3335 2648 πρὸς
3382 2579 3547 2632 αὑτὸν
3589 2582 3698 2633 ἀπο

2112 2669 2366 2740 εκρίνατο
2386 2685 2400 2700 ο
2431 2669 2544 2740 Μὴ,
2571 2669 2785 2734 τέκνον,
2818 2669 3085 2740 φοῦήθητι
3113 2671 3201 2724 τὸν
3236 2671 3389 2736 Θεὸν,
3423 2672 3698 2742 μνήσθητι

2111 2761 2258 2823 ὅπως
2307 2761 2356 2812 οἱ
2402 2759 2470 2813 δι’
2527 2759 2836 2827 ἀντιλογίαν
2885 2761 3186 2830 ὑπέμειναν
3241 2762 3434 2832 ποινὴν
3487 2761 3692 2832 δεινήν.

2111 2843 2258 2924 ’Ἔφη
2294 2853 2350 2906 δὲ
2397 2851 2560 2906 πάλιν
2617 2852 2644 2904 ὁ
2697 2853 3028 2923 Γρηγὸριος·
3092 2851 3346 2922 Ἔπίσχες
3373 2852 3554 2921 ὀλίγον
3602 2851 3694 2906 τοῦ

2104 2935 2296 2999 ’δούλου
2334 2963 2450 3011 σου,
2506 2943 2603 2998 καὶ
2643 2943 2806 2996 πάλιν
2843 2943 3220 3014 ἀπολογοῦμαι
3271 2944 3404 3014 πρὸς
3442 2947 3541 3014 τὴν
3594 2947 3693 3014 σὴν

2111 3039 2424 3110 τιμιότητα.
2465 3036 2806 3109 Παραλαϐὼν
2841 3037 2896 3090 δὲ
2939 3037 3102 3091 αὑτδν
3153 3039 3181 3090 6
3220 3037 3415 3104 6665;,
3458 3039 3692 3093 ἄπεισαν

2037 3157 2078 3215 C
2113 3132 2171 3184 ὲν
2216 3129 2293 3199 τῷ
2328 3129 2524 3201 κελλεῳ
2561 3127 2749 3194 αὑτοῦ,
2806 3130 2898 3182 καὶ
2949 3128 3079 3198 ὅλην
3126 3129 3225 3200 τὴν
3272 3127 3446 3183 νύκτα
3495 3131 3693 3184 ἄϋπνοι

2112 3221 2440 3276 διετέλεσαν.
2487 3220 2821 3290 Βουλόμενος
2849 3225 2876 3274 6
2910 3219 3208 3292 Γρηγόριος
3254 3221 3556 3292 ἀποὸράςαι
3586 3225 3692 3278 ἀπὸ

2111 3313 2222 3367 τῶν
2249 3315 2430 3367 ἐκεῖσε
2477 3313 2570 3368 ἐπὶ
2601 3314 2701 3384 τὴν
2752 3314 3024 3377 Σπανίαν,
3059 3315 3158 3366 οὐκ
3190 3314 3308 3384 ᾔδει
3341 3314 3400 3366 δὲ
3427 3318 3453 3368 ὀ
3481 3315 3688 3386 Γρηγό-

2117 3423 2252 3478 ριος,
2281 3407 2365 3460 ὅτι
2389 3409 2481 3461 καὶ
2505 3409 2533 3460 6
2570 3411 2752 3477 πατὴρ
2777 3405 2942 3460 αὐτοῦ
2973 3407 3088 3458 ἐκεῖ
3125 3401 3192 3478 ἦν
3226 3405 3362 3476 μετά
3387 3404 3483 3458 τοῦ
3505 3406 3691 3460 λοιποῦ

2112 3494 2266 3550 λαοῦ.
2299 3496 2410 3549 Καὶ
2440 3495 2586 3564 λέγει
2638 3495 2788 3565 αὐτῷ
2830 3495 2858 3547 6
2887 3493 3062 3559 ἀϐϐᾶς
3083 3511 3097 3525 ο
3145 3491 3327 3562 Οἶδας,
3361 3495 3569 3558 τέκνον,
3610 3497 3691 3549 ὅτι

2114 3588 2208 3664 καὶ
2241 3588 2268 3641 6
2306 3586 2466 3660 κὺρις
2502 3587 2756 3659 Χαρίτων
2796 3587 2825 3640 6
2857 3589 3043 3657 πατὴρ
3080 3603 3174 3638 σου
3219 3581 3322 3640 ὦδε
3356 3589 3691 3657 παρεγένετο

2115 3678 2254 3750 μετὰ
2284 3678 2393 3732 τῶν
2442 3678 2738 3751 ὀρθοδόξων
2772 3673 2998 3745 λοιπῶν,
3049 3677 3205 3748 φίλος
3251 3677 3326 3733 ὢν
3367 3679 3460 3733 τοῦ
3513 3679 3690 3734 κοινοῦ

2112 3771 2270 3842 ἡμῶν
2299 3771 2510 3842 Harpe;
2539 3769 2635 3824 τοῦ
2677 3770 2866 3837 narra;
2899 3769 3166 3832 Ἀκούσας
3193 3771 3248 3824 δὲ
3277 3771 3420 3824 πάνυ
3446 3769 3690 3845 ἐλυπήθη

2111 3865 2140 3916 6
2190 3863 2228 3915 Γ
2233 3863 2510 3934 ρηγὸριος,
2559 3863 2655 3916 καὶ
2705 3862 2886 3933 ἐζήτει
2935 3861 3239 3933 ἀποδράσαι
3287 3848 3385 3933 ’ἑῆς
3452 3863 3689 3934 Ῥώμης.

2115 3956 2224 4011 Καὶ
2254 3955 2402 4025 λέγει
2429 3953 2578 4026 αὐτῷ
2604 3957 2632 4008 6
2662 3955 2837 4020 ἁϐϐᾶς
2871 3956 3133 4028 Μάρκοςέ
3172 3947 3394 4024 Τέκνον,
3433 3958 3508 4029 μὴ
3548 3974 3706 4030 παρυ

2112 4047 2346 4119 οργίζων
2374 4045 2719 4119 παροργίσῃς
2758 4045 2852 4100 τὸν
2891 4046 3024 4100 Θεὸν
3048 4061 3062 4072 ·
3092 4043 3242 4112 οἶδας
3275 4049 3380 4121 γὰρ
3420 4048 3479 4102 τὸ
3513 4051 3565 4102 τί
3609 4065 3690 4102 σοι

2113 4136 2415 4190 ἐνετείλατο
2443 4138 2470 4188 6
2500 4135 2770 4206 μακάριος
2801 4135 2976 4208 γέρων
2997 4138 3229 4202 ἐκεῖνος,
3254 4140 3311 4190 ἐν
3337 4131 3380 4206 ᾧ
3412 4139 3538 4202 τοὺς
3567 4137 3692 4190 τέσ-

2114 4246 2288 4300 σαρας
2317 4229 2650 4300 παρέμεινες
2679 4229 2908 4300 χρόνους
2929 4244 2958 4296 '_
2992 4229 3086 4282 καλ⁵
3117 4229 3279 4292 αὐτὸς
3317 4229 3384 4282 δι’
3415 4229 3693 4284 ἀποκαλύο

2111 4317 2259 4386 diem;
2289 4317 2441 4379 θείας
2468 4317 2850 4388 ἐπιστάμενος,
2885 4315 2979 4368 καὶ
3009 4314 3076 4368 τὰ
3115 4318 3256 4370 κατά
3289 4317 3346 4370 σὲ
3383 4317 3690 4386 γινώσκων,

2115 4408 2232 4472 πῶς
2254 4407 2552 4479 τολμήσας,
2589 4407 2878 4476 ὲπαγὰγῃς
2903 4407 3080 4477 ἐαυτῷ
3107 4410 3351 4478 κατάραν
3382 4411 3503 4463 ἀντὶ
3544 4410 3696 4463 εὐλο-

435 4501 483 4556 si
525 4501 659 4572 quid
689 4512 876 4559 contra
912 4520 1082 4560 ausus
1115 4521 1288 4573 esses,
1324 4508 1422 4562 tibi
1457 4523 1554 4578 pro
1597 4509 1781 4565 divino
1829 4511 2010 4566 favore

2115 4502 2240 4570 γίας
2269 4502 2333 4554 ἐκ
2361 4500 2454 4554 τοῦ
2485 4498 2642 4554 Θεοῦ.
2689 4501 2746 4552 Ὀ
2777 4500 2831 4554 δὲ
2863 4503 2924 4554 ἐκ
2955 4502 3075 4555 τότε
3108 4500 3397 4572 ἡσύχασεν.
3431 4503 3542 4555 Καὶ
3574 4502 3691 4572 μετ’

433 4598 572 4651 iram
605 4605 658 4652 et
691 4597 917 4652 exitium
958 4597 1410 4670 imminere'(39).
1455 4601 1535 4654 Ad
1571 4601 1686 4656 haec
1715 4617 1843 4656 vero
1877 4603 2012 4659 Cre-

433 4687 623 4758 gorius
653 4688 947 4758 acquievit.
983 4685 1093 4741 Nec
1124 4687 1297 4741 multo
1319 4699 1440 4758 post
1464 4692 1703 4759 pontifex
1738 4693 2010 4749 maximus

433 4779 658 4834 Siculos
699 4794 890 4835 omnes
925 4779 979 4832 in
1027 4780 1250 4834 domum
1287 4783 1652 4850 pontiﬁcalem
1682 4794 1904 4840 coactos
1931 4785 2014 4840 sic

432 4881 517 4927 est
550 4872 817 4926 allocutus
863 4889 876 4926 :
918 4871 1124 4940 Ecquid
1158 4871 1378 4926 demum
1425 4873 1492 4928 de
1525 4876 1801 4930 communi
1837 4878 2011 4934 salute

431 4973 614 5018 vestra
671 4963 1061 5018 deliberasﬁs?
1101 4964 1190 5017 cui
1221 4961 1427 5034 Euplus
1480 4965 1902 5022 archidiaconus
1957 4977 2011 5024 et

431 5056 656 5110 Charite
716 5057 819 5110 hoc
889 5069 1210 5124 responsum
1265 5055 1462 5111 dedere
1502 5075 1516 5111 :
1561 5056 1733 5112 Nobis
1789 5060 2011 5128 quidem

435 5148 571 5201 nihil
623 5159 725 5209 est,
774 5147 920 5216 quod
953 5159 1298 5216 opponamus
1333 5148 1484 5218 (40);
1539 5148 1644 5204 hoc
1682 5153 1856 5218 solum
1913 5151 2012 5205 ad-

435 5239 639 5302 dimus,
684 5239 828 5308 quod
881 5238 976 5292 tibi
1029 5237 1175 5294 Deus
1221 5238 1555 5306 ostenderit,
1616 5240 1666 5295 id
1725 5241 1792 5295 de
1852 5241 2014 5298 nobis

437 5331 680 5386 statuito.

506 5419 696 5476 XLIV.
728 5421 865 5478 Cum
912 5431 1097 5478 autem
1150 5420 1397 5494 pontifex
1449 5421 1718 5477 maximus
1761 5437 1790 5478 a
1831 5421 2014 5480 Marco

505 5621 618 5690 ('58)
660 5619 848 5690 Graece
899 5618 989 5672 alii
1042 5633 1266 5690 quoque
1315 5618 1558 5690 Σπανίαν
1605 5617 1900 5690 scripsere,
1959 5627 2020 5672 ut

435 5687 637 5750 Paulus
667 5691 732 5745 ad
771 5688 930 5743 Rom.
959 5703 1047 5750 xv,
1073 5689 1144 5741 28
1173 5708 1186 5741 :
1229 5689 1629 5754 ’Λπελεύσομαι
1655 5687 1906 5755 δι”ὑμῶν
1939 5689 2018 5750 εἰς

431 5768 533 5836 τὴν
561 5761 835 5817 Σπανίαν.
879 5759 1203 5828 Stephanus
1245 5759 1313 5817 de
1359 5756 1492 5813 Urb.
1537 5758 1645 5810 Καὶ
1688 5757 2020 5828 συνωνύμως

2118 4593 2304 4662 ὀλίγας
2332 4595 2542 4664 ἡμέρας
2580 4593 2864 4646 ἐκέλευσεν
2894 4593 2921 4644 ὁ
2963 4593 3148 4656 adhuc;
3197 4594 3402 4657 πάντας
3435 4596 3561 4656 τοὺς
3607 4595 3696 4646 Σι-

2118 4685 2309 4750 κελοὺς
2338 4684 2571 4756 ἀχθῆναι
2617 4686 2674 4738 ἐν
2721 4683 2799 4754 τῷ
2843 4684 3180 4755 ἐπισκοπείῳ
3211 4685 3346 4753 πρὸς
3382 4683 3567 4748 αὑτὸν,
3599 4684 3692 4736 καὶ

2117 4777 2267 4844 λέγει
2308 4777 2524 4840 αὐτοῖς·
2571 4775 2636 4828 Τί
2665 4774 2970 4845 ὲσκὲιξν-ασθε
3015 4776 3144 4846 περὶ
3171 4776 3269 4846 τῆς
3309 4777 3492 4846 κοινῆς
3539 4777 3691 4847 ὑμεῖν

2121 4870 2428 4941 σωτηρίας;
2469 4867 2884 4939 Ἀποκριθέντες
2913 4867 2971 4920 δὲ
3003 4868 3031 4920 6
3065 4867 3272 4930 Εὗττλος
3317 4869 3690 4939 ἀρχιδιάκονος

2117 4961 2214 5014 καὶ
2243 4959 2494 5031 Χαρίτων
2526 4958 2776 5026 λέγουσιν
2806 4957 2883 5027 τῷ
2912 4957 3070 5028 πάπα
3089 4973 3104 4988 ο
3157 4959 3354 5028 Ἡμεῖς
3401 4958 3452 5012 τί
3499 4959 3696 5012 ἀπολο-

2118 5046 2392 5116 γήσασθαι
2412 5046 2511 5100 οὐκ
2541 5047 2756 5116 ἔχομεν,
2787 5047 2862 5119 μὴ
2883 5047 2982 5101 ὅσα
3008 5046 3348 5118 ἀποκαλύψει
3377 5065 3460 5102 σοι
3490 5052 3516 5104 6
3538 5049 3690 5116 Θεὸς,

2119 5135 2276 5191 τοῦτο
2307 5135 2533 5207 ποίησον
2564 5138 2642 5201 εἰς
2681 5137 2849 5208 ἡμᾶς.

2193 5420 2326 5477 MA'.
2372 5422 2554 5491 ’Ἔγνω
2581 5420 2638 5475 δὲ
2664 5423 2692 5475 6
2719 5423 2906 5486 πάπας
2929 5422 3018 5477 διὰ
3045 5421 3139 5476 τοῦ
3169 5388 3314 5478 ἀϐϐἂί
3340 5423 3590 5496 Μάρκου,
3617 5427 3700 5498 ὅτι

2138 5617 2456 5694 Ἰῖςῃρία--ἔτι
2485 5619 2585 5694 καὶ
2609 5619 2830 5694 -Σποινία
2862 5619 3130 5694 καλεζται.
3164 5618 3253 5694 (V.
3306 5621 3585 5694 Ἰϐηρίαι.)

2346 5687 2480 5760 Cod.
2513 5686 2573 5754 ‘2,
2605 5690 2823 5755 ἐπάξοις
2861 5690 3040 5760 ἐαυτῷ
3063 5671 3326 5760 κατάραν.

2202 5757 2312 5829 (40)
2355 5757 2488 5814 Cod.
2521 5759 2577 5827 2,
2615 5760 2842 5830 ’Έτερὸν
2875 5776 2926 5812 τι
2957 5757 3415 5832 ἀπολογήσασθαι.
