4026 6374
385 417 496 486 627

1388 417 1447 478 S.
1476 417 1857 498 GREGORII
1899 416 2414 482 AGRIGENTINI
2452 420 2651 482 VITA.

3533 426 3650 491 628

385 551 520 594 vero
551 534 724 592 abbas
757 551 771 589 :
808 531 952 596 Dixi,
991 532 1188 602 inquit,
1225 531 1344 596 tibi,
1395 530 1586 600 frater,
1618 535 1664 590 si
1703 534 1835 604 quid
1877 534 1964 589 in-

2072 533 2375 606 Γρηγόριος
2393 535 2585 606 ἠνίχθο
2595 534 2715 606 (sic)
2739 537 2882 591 πάνυ
2905 537 3100 608 ἡδέως,
3124 537 3340 592 ἀκούων
3364 541 3512 610 παρὰ
3547 543 3647 599 τοῦ

387 627 658 686 currisset
681 625 808 682 mali
843 625 987 679 illius
1014 634 1164 690 tuus,
1204 637 1314 678 non
1341 621 1466 680 ideo
1490 623 1662 679 Deum
1697 623 1968 694 lacrymas

386 731 512 778 tuas
542 721 944 790 neglecturum.
984 715 1209 784 Verum,
1255 729 1316 774 ut
1346 719 1708 788 praauuntiavi
1749 718 1868 782 tibi,
1909 717 1966 772 in

385 814 490 870 bac
537 811 648 866 vita
695 821 752 866 ut
803 811 976 866 tilium
1036 818 1188 864 tuum
1247 809 1452 875 videas,
1500 825 1824 868 concessum
1859 819 1966 864 est.

387 905 564 962 Simul
617 905 812 960 beatus
841 902 1140 974 Gregorius
1170 902 1466 974 episcopus
1489 917 1616 962 eum
1649 901 1966 972 appellans:

383 995 527 1051 Num
563 1008 848 1066 praeterea,
880 993 1082 1064 inquit,
1133 993 1357 1050 domine
1400 991 1496 1057 mi,
1524 993 1710 1062 pueri,
1738 1007 1900 1062 quem
1935 1006 1964 1046 a

387 1095 439 1140 te
468 1085 736 1142 amissum
781 1083 942 1145 dicis,
982 1091 1162 1144 mater
1192 1082 1361 1136 vivit?
1403 1080 1505 1138 Cui
1548 1081 1774 1136 Charite
1804 1099 1817 1135 :
1850 1080 1965 1148 Nm,

384 1178 629 1246 domine,
661 1175 756 1232 Dei
785 1189 1015 1231 munere
1044 1174 1200 1241 vivit,
1243 1183 1298 1230 at
1322 1176 1393 1236 ob
1421 1173 1594 1232 tilium
1623 1173 1968 1232 vehementer

385 1269 626 1342 angitur.
664 1267 906 1324 Rursum
940 1267 1031 1322 ille
1065 1284 1080 1322 :
1109 1265 1410 1332 Quantum,
1460 1266 1558 1332 ait,
1592 1265 1838 1336 elapsum
1887 1274 1970 1322 est

387 1362 674 1433 temporis,
725 1375 792 1418 ex
843 1375 954 1430 quo
985 1357 1296 1416 amisistis?
1340 1356 1439 1421 llic
1467 1374 1601 1414 vero
1631 1377 1646 1414 :
1681 1357 1836 1418 Tres.
1879 1357 1966 1412 in-

386 1454 528 1526 quit.
553 1462 610 1510 et
639 1454 827 1508 decem
855 1465 1033 1506 annos
1061 1464 1128 1505 co
1148 1449 1262 1520 jam
1291 1463 1566 1504 caremus.
1593 1447 1774 1503 Solari
1802 1449 1970 1519 igitur

385 1561 512 1604 eum
544 1547 741 1602 beatus
766 1543 1062 1613 Gregorius
1091 1541 1257 1612 cmpit
1297 1556 1463 1612 quam
1505 1539 1810 1612 aptissimis
1843 1555 1966 1596 ver-

386 1639 496 1705 bis,
545 1647 600 1694 et
653 1637 955 1692 sententias
1003 1634 1268 1705 quasdam
1309 1633 1512 1689 addere
1545 1632 1965 1690 subobscuras:

385 1729 607 1796 deinde,
665 1743 734 1785 ne
762 1727 980 1798 longior
1005 1729 1132 1788 sim.
1166 1740 1472 1796 exsurgens
1499 1725 1568 1780 ad
1601 1724 1774 1794 patris
1802 1724 1968 1797 pedes

385 1835 448 1878 se
479 1821 702 1893 abjerit,
735 1835 800 1874 ac
825 1819 1011 1876 multis
1039 1834 1162 1874 cum
1196 1817 1458 1889 lacrymis
1486 1825 1540 1872 et
1562 1815 1692 1873 ﬂetu
1723 1817 1965 1886 ingenti,

2069 625 2280 693 πατρὸς
2326 624 2518 678 αὑτοῦ.
2567 627 2732 694 Λέγει
2781 626 2932 697 αὐτῷ
2963 627 3140 691 esse;
3175 629 3443 701 Μάρκοςο
3484 629 3652 686 Εἷπόν

2069 731 2174 780 σοι,
2219 715 2440 784 ἀδελφὲ,
2477 717 2583 780 ὅτι,
2625 719 2678 771 εί
2721 718 2814 770 ἐπὶ
2844 717 3015 772 κακὸν
3056 718 3318 784 ἐξέδωκεν
3361 722 3556 775 ἑαυτὸν
3583 722 3652 776 τὸ

2065 807 2258 862 τέκνον
2291 824 2412 876 σου,
2455 809 2556 863 σύκ
2590 809 2657 864 ἂν
2686 812 2714 864 ό
2744 809 2880 874 Θεὸς
2913 811 3144 884 παρίδεν
3174 828 3269 866 σου
3301 811 3372 866 τὰ
3415 813 3630 886 δάκρυα

2070 897 2218 970 Πλὴν
2241 899 2316 963 ὡς
2341 900 2762 972 ἐπηγγειλάμην
2789 919 2892 963 σοι,
2929 903 2989 957 ἐν
3015 905 3082 974 τῇ
3107 903 3220 975 ζωῇ
3248 904 3419 976 ταύτῃ
3451 905 3656 961 εἰδέναι

2066 987 2215 1059 ἔχεις
2243 989 2306 1047 τὸ
2333 989 2526 1046 τέκνον
2556 1007 2674 1044 σου.
2710 989 2875 1058 Λέγει
2902 990 3052 1062 αὐτῷ
3077 993 3106 1046 ὁ
3137 992 3410 1066 μακάριος
3444 995 3651 1066 Γρητῷ

2067 1098 2188 1152 ριος
2228 1084 2258 1136 ὁ
2293 1083 2598 1146 ἐπίσκοπος
2620 1082 2748 1136 τάδε
2776 1099 2790 1113 ⁸
2825 1082 2969 1154 Κύρι
2999 1083 3154 1154 ἐμοῦ,
3185 1084 3252 1156 ζῇ
3276 1087 3310 1157 ή
3346 1087 3532 1159 μήτηρ
3557 1087 3655 1140 τοῦ

2065 1173 2282 1240 παιδὸς,
2317 1169 2381 1231 οὗ
2411 1173 2612 1243 λέγεις,
2639 1175 2722 1230 ὅτι
2758 1174 3203 1248 ἀπολὼλίεκῖαςς
3234 1178 3403 1246 Δὲγει
3453 1179 3600 1250 αὐτῷ
3623 1182 3655 1233 6

2066 1265 2358 1337 Χαρίτωνο
2398 1267 2530 1333 Ναὶ,
2563 1267 2832 1334 δέσποτα,
2866 1267 2933 1340 ζῇ
2959 1268 3049 1322 διὰ
3068 1267 3164 1322 τοῦ
3193 1268 3355 1334 Θεοῦ,
3377 1269 3472 1324 καὶ
3509 1273 3653 1326 πάνυ

2067 1355 2322 1412 λυπεῖται
2352 1357 2495 1428 ὑπὲρ
2519 1357 2704 1412 αὐτόν.
2731 1356 2898 1426 Δόγει
2920 1355 3093 1429 αὐτῷ·
3117 1357 3294 1412 Πόσον
3319 1357 3513 1428 χρόνον
3536 1357 3654 1429 ἔχει

2067 1447 2162 1516 ἀφ’
2194 1442 2256 1503 οὗ
2286 1447 2604 1515 ἀπόλωλεν;
2633 1448 2798 1516 Λέγει
2845 1449 3020 1522 αὐτῷ’
3057 1449 3222 1520 Τρεῖς
3268 1449 3366 1504 καὶ
3388 1449 3655 1520 δεκαετὴς

2067 1538 2261 1609 χρόνος
2307 1540 2616 1623 ὲστὶν,ριφ’
2659 1534 2722 1596 οὗ
2769 1539 3072 1596 ἀπόλωλεν.
3109 1541 3356 1614 Ἤρξατο
3378 1537 3471 1595 οὖν
3501 1539 3657 1610 αὐτῷ

2068 1633 2360 1701 παραινεῖν
2401 1632 2433 1688 6
2491 1633 2764 1705 μακάριος
2812 1633 3116 1704 Γρηγόριος
3167 1633 3422 1702 μεγάλως
3485 1634 3657 1688 αὐτὸν

2069 1722 2568 1794 παραμυθούμενος
2597 1724 2666 1778 δι’
2708 1723 3112 1795 αἰνιγματικῶν
3155 1725 3464 1794 δογμάτων.
3494 1721 3657 1790 Εἶτα,

2069 1817 2159 1872 ἵνα
2189 1815 2474 1887 συντόμως
2505 1817 2668 1884 είπω,
2696 1818 2938 1878 ἀναστὰς
2963 1819 2993 1872 ὁ
3029 1818 3302 1888 μακάριος
3327 1817 3661 1889 Γρηγόριος,

384 1877 639 1984 Ignosce,
679 1912 878 1986 inquit,
913 1909 1074 1975 mihi,
1106 1919 1284 1980 pater,
1317 1877 1558 1980 quasque
1583 1909 1637 1963 in
1667 1919 1718 1964 te
1741 1909 1965 1975 admisi,

2072 1908 2298 1982 ἔρριψεν
2347 1877 2541 1965 ἑαυτὸν
2585 1877 2666 1976 είς
2711 1913 2841 1976 τοὺς
2874 1877 3046 1974 πόδας
3097 1877 3199 1966 τού
3243 1877 3658 1984 «largae-iouis

384 2003 626 2063 remitte.
667 2003 744 2059 Ex
782 2003 886 2058 hoc
937 2001 1085 2056 enim
1121 2001 1208 2056 die
1237 2001 1306 2057 de
1337 2001 1554 2056 misello
1586 2000 1698 2055 tilio
1727 2009 1822 2056 tuo
1847 2001 1969 2060 sine

383 2111 518 2156 cora
557 2103 610 2151 te
634 2109 756 2151 esse
789 2093 957 2150 volo:
988 2109 1091 2166 ego
1118 2093 1209 2148 ille
1231 2107 1374 2148 sum.
1425 2090 1565 2148 Tum
1607 2108 1840 2164 surgens
1866 2107 1968 2164 pa-v

383 2187 604 2244 trissui
625 2187 827 2242 collum
849 2185 1180 2270 complexus
1201 2183 1452 2250 inhaesit;
1479 2191 1533 2239 et
1559 2184 1757 2240 ﬂevere
1782 2183 1966 2250 ambo,

385 2289 655 2350 quantum
693 2278 928 2348 quisque
967 2291 1064 2348 per
1094 2276 1240 2332 vires
1269 2277 1468 2346 potuit.
1527 2274 1630 2332 Ubi
1675 2291 1804 2332 vero
1853 2291 1971 2332 mo-

388 2374 520 2428 dum
545 2372 780 2442 aliquem
806 2369 1028 2430 iletibus
1047 2384 1306 2440 posuere,
1323 2367 1496 2424 abbas
1517 2367 1733 2424 Marcus
1756 2375 1972 2424 utrum-

389 2479 497 2538 que
549 2461 712 2538 [uti]
747 2461 1030 2532 alloquens
1058 2479 1074 2516 :
1104 2459 1404 2532 Lacrymis,
1436 2460 1534 2526 ait,
1570 2473 1624 2517 et
1670 2461 1972 2532 gemitibus

384 2557 619 2628 parcite,
665 2571 731 2614 ac
779 2555 998 2610 laudem
1052 2554 1236 2623 potius
1274 2553 1389 2610 Deo
1420 2553 1584 2610 ambo
1611 2555 1842 2620 reddite,
1873 2555 1970 2625 qui

384 2665 486 2708 vos
535 2648 698 2703 bodie
726 2662 837 2702 uno
864 2647 918 2702 in
942 2645 1062 2701 loco
1095 2645 1402 2717 conjunxit.
1435 2629 1793 2716 Subjecitque
1815 2645 1968 2702 Cha-

384 2741 534 2798 rito:
567 2739 785 2798 Gratias
827 2753 963 2810 ago,
1017 2735 1215 2804 Pater,
1267 2736 1545 2796 Servatori
1596 2747 1790 2794 nostro
1833 2736 1967 2794 «Iesu

385 2834 608 2894 Christo
633 2846 735 2901 per
778 2839 876 2897 te;
927 2830 1038 2885 tuis
1077 2843 1206 2883 cum
1249 2829 1504 2900 precibus
1537 2827 1840 2899 perfectura
1869 2831 1968 2899 sit,

386 2925 537 2995 quod
583 2922 746 3001 nobis
791 2921 1124 2993 prtedixeras
1161 2937 1177 2974 :
1227 2934 1294 2980 ac
1331 2920 1566 2976 subinde
1613 2923 1968 2979 considentes

389 3028 566 3084 usque
584 3012 656 3069 ad
683 3025 941 3070 auroram
966 3011 1036 3068 de
1057 3010 1374 3069 coelestibus
1401 3011 1574 3069 animi
1603 3013 1768 3070 bonis
1791 3012 1970 3070 disse-

387 3111 642 3162 ruerunt.

455 3279 648 3340 XLVI.
689 3279 764 3340 Ut
795 3294 926 3337 vero
955 3278 1158 3346 itluxit,
1203 3293 1416 3344 omnes,
1458 3279 1552 3350 qui
1592 3279 1661 3334 ad
1699 3278 1968 3352 Agrigen-
1995 3235 2042 3296 θ

386 3376 562 3434 tinam
588 3373 894 3434 Ecclesiam
921 3372 1286 3443 pertinebant,
1317 3372 1630 3442 pontilicem
1664 3373 1967 3428 maximum

387 3447 646 3525 adierunt
687 3464 1041 3535 veneratique
1086 3471 1242 3529 sunt;
1275 3478 1417 3534 quos
1459 3463 1552 3518 ille
1589 3463 1671 3520 sic
1695 3472 1780 3520 est
1827 3465 1967 3520 allo-

388 3568 594 3617 cutus:
625 3556 768 3613 Ecce
795 3556 862 3612 de
888 3556 1048 3611 vobis
1075 3555 1220 3622 quod
1265 3571 1331 3611 ex
1369 3554 1461 3610 Dei
1492 3556 1775 3611 voluntate
1811 3564 1930 3612 erat
1951 3595 1966 3620 ,

385 3648 692 3722 perfectum
732 3657 836 3710 est,
864 3645 1326 3718 Quemadmodum
1356 3641 1457 3717 ip'si
1489 3660 1559 3700 ex
1583 3647 1848 3719 mysterio
1873 3648 1968 3704 illo

387 3739 655 3812 singulari
686 3736 1048 3808 cognovistis,
1091 3736 1238 3806 quod
1265 3735 1461 3793 diebus
1499 3737 1655 3794 hisce
1691 3738 1746 3793 in
1793 3741 1970 3797 oculis

391 3836 584 3890 vestris
611 3829 950 3892 enituitJIic
973 3831 1159 3898 utique
1185 3830 1270 3884 vir
1298 3829 1412 3886 Deo
1437 3831 1732 3886 admodum
1763 3833 1968 3894 charos

386 3936 472 3984 cst
500 3945 514 3982 :
546 3933 786 3984 vestrum
811 3923 933 3994 iam
977 3931 1086 3988 est,
1139 3920 1359 3984 fratres,
1404 3930 1466 3977 ut
1511 3921 1589 3976 illi
1631 3922 1967 3993 Optimorum

387 4018 746 4076 consiliorum
775 4014 986 4073 auctori
1017 4022 1276 4084 tanquam
1301 4013 1440 4084 patri
1473 4022 1786 4070 reverenter
1806 4025 1968 4086 atque

385 4119 636 4167 amanter
668 4106 906 4180 parcatis
941 4121 956 4158 :
992 4106 1098 4161 ltoc
1143 4105 1307 4174 igitur
1339 4103 1568 4160 omnino
1607 4113 1879 4176 prmstate,
1911 4117 1969 4166 ut

386 4201 537 4256 dicto
565 4198 686 4268 eius
717 4209 936 4266 semper
976 4193 1263 4248 audientes
1306 4193 1449 4248 sitis.
1480 4193 1728 4266 Cumque
1763 4193 1841 4248 illi
1866 4195 1970 4250 hoc

387 4306 584 4349 omnes
625 4289 962 4358 recepissent
1015 4286 1130 4358 (44)
1193 4300 1252 4340 se
1304 4285 1530 4342 omnino
1584 4285 1965 4356 praestituros,

388 4383 636 4458 pontifex
673 4381 950 4446 maximus
980 4393 1106 4436 cum
1137 4377 1282 4434 binis
1305 4377 1602 4448 episcopis,
1637 4378 1730 4449 qui
1756 4379 1969 4450 synodo

387 4477 774 4540 interfuerant,
809 4474 990 4530 fausta
1029 4471 1138 4530 illis
1170 4477 1464 4542 precatus,
1511 4469 1728 4525 beatum
1761 4470 1968 4542 Grego-

2069 2001 2276 2056 κλαίων
2307 2003 2367 2056 ἐν
2406 2002 2581 2074 ἰσχύει
2609 2005 2705 2059 καὶ
2732 2004 2910 2073 λέγων
2929 2019 2944 2035 ³
2975 2001 3344 2074 Συγχὼρησόν
3386 2020 3502 2074 μοι,
3546 2004 3660 2058 πά-

2067 2112 2190 2166 τερ,
2218 2093 2298 2168 τῷ
2325 2096 2676 2168 ἡμαρτηκότι
2719 2099 2800 2160 εἰς
2834 2096 2893 2150 σε
2913 2111 2928 2126 ⁸
2964 2095 3227 2168 βούλομαι
3270 2097 3382 2166 γὰρ
3413 2097 3524 2150 ἀπὸ
3552 2097 3663 2165 τῆς

2069 2187 2288 2259 ἡμέρας
2310 2186 2519 2260 ταύτης
2550 2188 2858 2259 ἀμέριμνόν
2899 2204 2960 2241 σε
2989 2183 3132 2242 εἶναι
3169 2189 3301 2259 περὶ
3326 2186 3422 2242 τοῦ
3459 2187 3663 2242 τέκνου

2071 2295 2166 2334 σου
2204 2279 2300 2334 τοῦ
2343 2279 2582 2334 ἐλεεινοῦ
2600 2296 2616 2310 ·
2647 2278 2759 2347 ἑγὼ
2785 2279 2897 2352 γάρ
2921 2281 3059 2350 είμι.
3089 2280 3204 2334 Καὶ
3233 2281 3478 2343 ἀναστὰς
3498 2282 3664 2352 ἐκρε-

2072 2371 2258 2444 μάσθη
2304 2373 2433 2444 περὶ
2481 2372 2574 2426 τὸν
2605 2372 2879 2445 τράχηλον
2918 2371 3015 2426 τοῦ
3052 2371 3260 2443 πατρὸς
3304 2369 3473 2426 αὐτοῦ
3497 2411 3516 2438 ,
3559 2371 3666 2428 καὶ

2069 2462 2344 2518 ἔκλαυσαν
2390 2463 2696 2535 ἀμφότεροι
2720 2503 2736 2526 ,
2768 2463 3002 2527 Ξκαστος
3049 2463 3156 2526 ἓως
3201 2463 3306 2516 οὐκ
3345 2457 3416 2532 ἦν
3469 2462 3664 2526 αὐτοῖς

2073 2554 2249 2626 ἰσχύς.
2293 2554 2508 2626 Μικρὸν
2537 2554 2613 2608 .as
2658 2553 3024 2625 ἀνασχόμενοι
3067 2553 3164 2612 τοῦ
3213 2553 3451 2617 κλαίειν.
3505 2553 3666 2623 λέγει

2068 2649 2256 2712 αὐτοῖς
2303 2648 2333 2703 θ
2375 2647 2554 2712 esse;
2601 2647 2862 2718 Μάρκοςο
2892 2647 3185 2702 Παύσασθε
3219 2647 3314 2701 τοῦ
3339 2645 3664 2717 ὀδύρεσθαι,

2068 2739 2190 2796 δότε
2232 2737 2392 2804 δόξαν
2437 2737 2742 2809 ἀμφότεροι
2785 2737 2866 2808 τῷ
2904 2737 3027 2808 Θεῷ
3069 2739 3152 2808 τῷ
3197 2737 3465 2793 ἐνώσαντι
3511 2739 3668 2810 ὑμᾶς

2072 2836 2314 2904 σήμερον
2354 2829 2450 2884 επὶ
2487 2829 2566 2902 τῷ
2597 2828 2768 2900 αὐτῷ.
2811 2830 2923 2886 Καὶ
2966 2825 3122 2884 εἶπεν
3159 2833 3190 2884 ὁ
3231 2829 3523 2902 Χαρίτων
3555 2832 3668 2886 Εὕα

2069 2921 2318 2994 χαριστῶ
2361 2921 2439 2992 τῷ
2471 2921 2686 2994 Σωτῆρι
2735 2921 2895 2994 ἡμῶν
2933 2922 3110 2996 Ἰησοῦ
3155 2923 3380 2996 Χριστῷ
3416 2925 3508 2980 διὰ
3536 2925 3659 2990 σοῦ,

2071 3017 2275 3086 Πάτερ,
2302 3016 2384 3069 ὅτι
2401 3013 2431 3068 ὃ
2457 3015 2774 3084 ἑπηγγείλω
2801 3016 2956 3086 ἡμῖν,
2983 3016 3051 3070 δι’
3080 3017 3248 3087 εὐχῆς
3272 3034 3372 3071 σου
3399 3017 3662 3090 exinpro-

2072 3124 2190 3170 σας.
2221 3107 2334 3166 Καὶ
2361 3105 2535 3162 ταῦτα.
2578 3107 2845 3161 εἰπόντων
2873 3107 3080 3169 αὐτῶν,
3114 3101 3500 3179 ἐκαθέσθησαν
3539 3111 3660 3166 δια-

2071 3195 2361 3266 λεγόμενοι
2389 3196 2460 3251 τὰ
2491 3195 2620 3268 περὶ
2649 3196 2926 3268 σωτηρίας
2955 3197 3136 3268 ψυχῆς
3163 3199 3269 3263 ἓως
3299 3198 3522 3272 ὄρθρου.

2147 3290 2301 3357 Μζῖθ.
2341 3277 2564 3358 [Τρωΐας
2601 3289 2659 3342 δὲ
2693 3289 2994 3361 γενομένης
3016 3329 3032 3353 ,
3079 3289 3390 3362 προσῆλθον
3421 3293 3663 3358 ἅπαντες

2074 3381 2128 3436 αἱ
2163 3381 2263 3452 τῆς
2289 3380 2544 3444 Σικελίας
2594 3381 2696 3452 τῆς
2735 3381 3177 3456 Ἀκραγαντίνων
3216 3382 3548 3454 Ἐκκλησίας
3580 3385 3664 3449 είς

2073 3472 2170 3528 τὸν
2197 3473 2407 3538 πάπαν,
2449 3471 2544 3528 καὶ
2582 3471 3004 3542 προσεκύνησαν
3033 3472 3184 3544 αὑτῷ
3204 3490 3218 3504 ³
3247 3475 3342 3528 καὶ
3374 3475 3524 3544 λέγει
3561 3477 3662 3529 αὖ-

2075 3566 2222 3627 τοῖς·
2287 3561 2424 3617 Ἰδοὺ
2475 3563 2537 3616 τὸ
2585 3563 2801 3634 θέλημα
2855 3563 2950 3618 τοῦ
2999 3563 3137 3618 Θεοῦ
3179 3565 3540 3636 πεπλήρωται
3579 3569 3664 3632 είς

2077 3655 2242 3726 ὑμᾶς,
2269 3654 2344 3719 ὡς
2370 3655 2527 3708 αὐτοὶ
2568 3655 2728 3726 ὑμεῖς
2754 3653 3057 3710 ἐθεάσασθε
3103 3655 3164 3709 τὸ
3207 3657 3514 3728 παράδοξον
3555 3676 3662 3730 μυ-

2078 3747 2304 3820 στήριον
2335 3747 2398 3802 τὺ
2419 3747 2810 3814 ἀποκαλυφθὲν
2839 3748 2900 3799 εν
2922 3747 3228 3819 ὀφθαλμοῖς
3257 3750 3412 3820 ὑμῶν
3447 3752 3507 3804 ἐν
3539 3754 3663 3817 ταῖς

2077 3839 2316 3912 ἡμέραις
2357 3841 2607 3901 ταύταις.
2669 3839 2802 3892 Ἰδοὺ
2844 3830 3003 3901 οὗτος
3046 3840 3077 3892 ὁ
3125 3841 3266 3911 ἀνὴρ
3315 3843 3459 3895 πάνυ
3513 3843 3663 3896 ἐστὶν

2075 3929 2330 4000 ἀρέσκων
2363 3931 2440 4001 τῷ
2474 3927 2594 4000 Θεῷ
2615 3945 2630 3960 ·
2667 3930 2762 3984 καὶ
2797 3929 2959 3998 ὑμεῖς
2979 3969 2994 3995 ,
3039 3929 3282 4000 ἀδελφοὶ,
3333 3931 3660 3986 δουλεύσατε

2077 4021 2227 4092 αὐτῷ
2273 4023 2334 4076 ἐν
2379 4023 2532 4092 φόϐῳ
2576 4023 2668 4077 καὶ
2698 4020 2850 4092 πόθῳ
2890 4019 2968 4084 ὡς
3012 4022 3184 4092 πατρὶ
3234 4022 3659 4093 συμϐουλεύοντι

2021 4161 2026 4166 .
2077 4115 2208 4185 ὑμῖν
2247 4114 2444 4187 ἀγαθά.
2491 4112 2722 4169 Γένεσθε
2766 4109 2862 4168 οὖν
2906 4114 2965 4166 ὲν
3009 4113 3160 4185 πάσῃ
3205 4115 3423 4186 ὑπακοῇ
3467 4116 3653 4170 αὑτοῦ.

2076 4209 2304 4264 Πάντων
2363 4202 2458 4261 οὗν
2533 4207 3000 4278 ὑπισχνουμένων,
3043 4206 3194 4276 αὐτῷ
3250 4207 3429 4260 πάντα
3483 4207 3661 4262 ταῦτα

2077 4299 2253 4352 ποιεῖν
2280 4299 2341 4351 ἐν
2363 4297 2604 4368 ὑπακοῇ,
2633 4301 2730 4351 καὶ
2758 4299 2936 4352 ταῦτα
2980 4297 3151 4352 είπὼν
3181 4299 3366 4361 αὐτοῖς
3389 4301 3418 4352 ὁ
3445 4300 3662 4363 πάππε,

2076 4391 2174 4445 καὶ
2224 4389 2597 4460 ἐπευξάμενος
2623 4391 2808 4454 αὐτοῖς
2848 4391 2964 4462 ἅμα
3005 4390 3115 4444 τῶν
3145 4390 3244 4460 τῆς
3277 4390 3498 4444 συνόδου
3538 4393 3659 4446 Em.

2077 4481 2324 4546 σκόπων,
2381 4483 2699 4552 παρέδωκεν
2743 4482 2838 4536 τὸν
2884 4483 3156 4553 μακάριον
3207 4481 3511 4554 Γρηγὸριον
3545 4485 3655 4544 τοῖς

386 4572 533 4627 rium
578 4570 664 4625 his
697 4567 879 4626 verbis
910 4565 1134 4621 tradidit
1163 4583 1176 4618 :
1212 4582 1237 4616 ι
1270 4562 1542 4620 Dominus
1578 4570 1764 4618 noster
1805 4561 1968 4620 Iesus

2073 4571 2224 4635 λαοῖς
2247 4570 2422 4639 λέγων
2443 4587 2457 4600 ·
2486 4589 2505 4624 ι
2528 4571 2586 4625 ’0
2619 4570 2824 4642 Κύριος
2851 4571 3010 4642 ἡμῶν
3045 4571 3252 4641 Ἰησοῦς
3283 4572 3524 4642 Χριστὸς
3544 4571 3654 4642 δῴη

387 4663 649 4720 Christus
694 4661 801 4716 hoc
840 4657 998 4713 vobis
1037 4655 1340 4726 indulgeat,
1391 4663 1454 4710 ut
1498 4655 1641 4710 idem
1685 4657 1969 4712 unanimes

2075 4663 2205 4734 ὑμῖν
2236 4663 2397 4732 χάριν
2441 4663 2503 4716 sb
2547 4664 2686 4718 αὐτὸ
2732 4665 2950 4734 φρονεῖν
2992 4665 3052 4717 ἐν
3096 4662 3348 4734 ἀλλήλοις
3376 4665 3459 4726 είς
3498 4663 3657 4728 δόξαν

389 4756 642 4813 sentiatis
677 4753 746 4809 ad
779 4745 1008 4824 gloriam
1037 4747 1132 4803 Dei
1168 4746 1350 4803 Patris
1376 4763 1504 4802 cum
1541 4759 1732 4804 sancto
1764 4747 1973 4818 Spiritu

386 4847 444 4903 in
482 4845 684 4904 saecula
711 4842 1062 4900 saeculorum.
1109 4840 1307 4896 Amen.
1346 4857 1368 4890 ι
1409 4835 1476 4892 Ει
1505 4837 1678 4894 Amen
1714 4839 1974 4894 omnibus

387 4939 742 5000 iterantibus,
776 4951 872 4991 eos
903 4934 964 4988 in
993 4945 1128 5004 pace
1161 4930 1400 4997 dimisit,
1434 4944 1544 4985 uno
1573 4945 1638 4984 ex
1677 4931 1972 5000 episcopis,

387 5033 479 5089 cui
509 5045 710 5089 nomen
740 5027 918 5094 Felix,
955 5024 1244 5094 adjuncto,
1274 5021 1370 5092 qui
1413 5035 1536 5083 cum
1564 5021 1620 5074 in
1649 5021 1846 5083 throno
1868 5037 1970 5078 suo

387 5125 702 5182 collocaret.
737 5117 1024 5175 Cltaritoni
1049 5130 1180 5170 vero
1203 5111 1470 5182 subjecit:
1487 5109 1628 5166 Ecce
1655 5111 1798 5169 lilius
1821 5121 1970 5178 tuus.

388 5219 446 5272 in
472 5231 584 5285 quo
613 5222 876 5271 senectus
910 5219 1002 5265 tua
1043 5207 1352 5278 requiescet
1389 5223 1403 5260 :
1435 5205 1528 5260 sed
1566 5205 1682 5260 haec
1711 5219 1822 5272 quo
1844 5221 1969 5276 per-

389 5311 646 5374 tincrent,
690 5305 762 5370 ii,
804 5291 900 5375 qui
943 5298 1228 5357 Charitoni
1289 5297 1566 5364 astabant,
1621 5311 1729 5351 non
1775 5313 1966 5369 pereo.

387 5380 608 5472 perunt.

456 5488 669 5545 XLVII.
703 5485 824 5542 Jam
860 5500 990 5541 vero
1033 5483 1312 5556 navigium
1365 5478 1622 5551 ingrcssi,
1649 5476 1822 5533 Roma
1851 5477 1966 5534 sol-

382 5585 584 5641 verunt
611 5597 723 5637 xm
753 5579 878 5635 Kal.
916 5577 1288 5649 Septembres,
1317 5590 1383 5631 ac
1411 5575 1466 5629 in
1499 5572 1744 5628 Siciliam
1777 5587 1967 5642 pervc-

383 5691 519 5734 nere
548 5687 600 5732 tv
632 5673 762 5730 Idus
787 5671 1162 5742 Septembres,
1184 5667 1328 5741 apud
1354 5665 1588 5722 Pauorm
1600 5679 1690 5720 um
1711 5662 1966 5734 expositi.

455 5853 570 5928 (Η)
609 5853 744 5911 Cod.
780 5853 837 5921 2,
866 5823 1258 5922 ύποσχομένων
1289 5846 1441 5919 αὐτῷ
1469 5845 1671 5901 πάντα.

2069 4751 2204 4807 Θεοῦ
2253 4753 2471 4823 Πατρδς
2505 4755 2602 4809 σὺν
2649 4755 2790 4826 ἁγίῳ
2841 4754 3121 4824 Πνεύματι
3163 4755 3243 4818 είς
3279 4755 3408 4818 τοὺς
3453 4755 3654 4818 αἰῶνας

2069 4843 2180 4899 τῶν
2211 4843 2446 4900 αἰώνων.
2489 4845 2685 4916 ’Δμήν.
2721 4864 2740 4897 ι
2805 4847 2917 4900 Καὶ
2955 4846 3175 4901 πάντων
3203 4845 3265 4898 τὺ
3308 4845 3482 4918 Ἀμὴν
3521 4847 3656 4900 ἁπο-

2070 4935 2392 5006 κριθέντων,
2423 4935 2744 4991 ἀπέστειλεν
2773 4937 2973 5002 αὐτοὺς
2997 4939 3056 4990 ὲν
3077 4939 3292 5010 εἰρήνῃ.
3317 4937 3440 5000 δοὺς
3470 4938 3654 5000 αὐτοῖς

2072 5023 2170 5078 ἕνα
2206 5023 2318 5078 τῶν
2360 5024 2679 5079 ἐπισκόπων
2726 5025 2971 5096 τοῦνομα
3017 5024 3230 5096 Φήλικα
3263 5025 3358 5082 ἐπὶ
3398 5027 3465 5095 τῇ
3516 5025 3653 5076 ἀπο-

2073 5117 2413 5172 καταστάσει.
2446 5114 2635 5171 αὐτοῦ.
2671 5111 2807 5169 Εἶτα
2857 5116 3004 5183 λέγει
3042 5114 3122 5186 τῷ
3163 5113 3475 5184 Χαρίτωνι·
3525 5113 3652 5166 Ἰδοὺ

2072 5205 2101 5258 ὁ
2133 5207 2249 5270 υἱός
2277 5223 2396 5270 σου,
2425 5205 2484 5268 ὃς
2510 5206 2818 5264 ἀναπαύσει
2849 5207 2910 5260 τδ
2937 5205 3119 5277 γῆράς
3141 5201 3278 5260 ’σουα
3307 5203 3480 5260 ταῦτα
3507 5205 3562 5257 δὲ
3592 5201 3652 5256 οὗ

2075 5297 2317 5368 συνῆκαν
2345 5299 2398 5352 οἱ
2430 5299 2556 5368 περὶ
2589 5299 2680 5352 τὸν
2707 5299 3025 5371 Χαρίτωνα,
3063 5298 3122 5354 τὸ
3147 5298 3199 5350 τί
3225 5298 3410 5362 αὐτοῖς
3445 5298 3656 5368 εἰρήκει

2073 5391 2102 5442 ὁ
2132 5389 2342 5453 πάπας.
2658 5435 2676 5444 -
2791 5438 2799 5446 .

2140 5479 2276 5534 MZ'.
2323 5481 2432 5536 Καὶ
2461 5481 2802 5547 εἰσελθόντες
2829 5485 2886 5536 ὲν
2912 5481 2990 5553 τῷ
3027 5481 3196 5553 πλοίῳ
3222 5482 3568 5554 ἀπεκίνησαν
3591 5484 3653 5534 ἐκ

2071 5572 2170 5643 τῆς
2205 5570 2424 5643 Ῥώμης
2449 5577 2514 5645 τῇ
2549 5573 2607 5642 ἒξ
2643 5574 2740 5628 καὶ
2767 5574 2968 5646 δεκάτῃ
2997 5575 3091 5628 τοῦ
3119 5573 3434 5643 Αὐγούστου
3458 5574 3649 5645 μηνός.

2075 5663 2394 5720 Κατέλαϐον
2429 5665 2487 5722 δὲ
2517 5667 2615 5740 τὴν
2655 5667 2912 5724 Σικελίαν
2941 5669 3008 5740 τῇ
3035 5665 3242 5739 δεκάτῃ
3279 5664 3372 5720 τοῦ
3399 5665 3650 5736 Σεπτεμ-
