4026 6394
324 396 432 458 (ἱῧῖ

1307 400 1368 460 S.
1409 400 1790 462 GREGORII
1832 401 2349 464 AGRIGENTINI
2397 406 2595 468 VJTA.

3483 405 3594 471 6ζᾶ

326 502 467 574 μετὰ
496 499 605 557 τῶν
636 499 976 556 δεσποτικῶν
1014 503 1235 565 πλοίων,
1269 504 1379 569 ἵνα,
1415 505 1490 570 ὡς
1515 506 1709 575 καιρός
1735 507 1905 571 ἐστιν,

2020 508 2414 573 transmitte,‘ut
2431 509 2561 566 dum
2584 519 2799 583 tempus
2812 512 3103 583 propitium
3119 521 3223 579 est,
3242 527 3306 568 eo
3321 514 3456 571 Salvi
3478 533 3600 587 per-

321 593 720 663 διασωθῶμεν·
773 585 1037 650 ἀδύνατον
1081 598 1190 667 γάρ
1224 599 1371 651 ἐστιν
1420 599 1555 669 ἡμῖν
1584 599 1778 668 στῆναι
1818 600 1909 653 sv-

319 688 519 755 ταῦθα,
538 688 646 753 ἕως
663 681 727 742 οὗ
757 689 817 742 τὸ
838 690 1287 761 χρεωστούμενον
1311 691 1394 754 είς
1419 691 1571 762 ἡμᾶς
1599 691 1705 761 πλη
1716 689 1907 760 ρῶται.

280 824 298 861 9
331 780 398 837 ,η
425 780 486 835 δέ
520 780 661 852 γυνὴ
692 781 793 835 τοῦ
840 781 1073 836 Σαϐίνου
1107 781 1225 853 ἃμα
1260 782 1362 852 τῆς
1390 782 1562 854 αὐτῆς
1610 782 1907 853 θυγατρίῳ,

288 871 418 926 εκαὶ
444 871 597 926 ἄλλοι
633 871 844 938 πολλοὶ,
873 874 971 926 καὶ
997 875 1027 926 6
1059 873 1191 926 ποτὲ
1211 872 1414 937 ἄλαλος
1442 873 1538 927 καὶ
1562 873 1751 943 κωφὸς
1784 873 1909 927 ἔπι-

318 980 461 1017 πτον
505 965 658 1033 παρὰ
686 965 815 1029 τοὺς
844 965 1012 1029 πόδας
1051 963 1147 1018 τοῦ
1184 966 1460 1035 μακαρίου
1492 965 1775 1029 κλαίοντες
1815 965 1912 1020 καὶ

315 1056 613 1125 λέγοντες·
649 1056 909 1128 Ἐλέησον
950 1058 1122 1127 ἡμᾶς,
1162 1055 1318 1110 δοῦλε
1361 1058 1455 1111 τοῦ
1489 1056 1648 1124 θεοῦ,
1693 1058 1788 1112 καὶ
1835 1058 1910 1129 μὴ

319 1150 753 1220 μνησικακήσῃς
779 1150 862 1211 si;
895 1149 1066 1219 ἡμᾶς,
1104 1147 1243 1219 μηδὲ
1282 1150 1528 1221 μνησθῇς
1553 1148 1664 1203 τῶν
1699 1147 1907 1211 κακῶν,

313 1239 401 1300 ὡς
423 1237 670 1308 ἔπραξαν
701 1238 783 1300 είς
812 1238 874 1291 σὲ
908 1238 973 1291 oi‘
993 1239 1200 1309 ἀνίεροι
1229 1231 1399 1294 οὗτοι.
1431 1240 1745 1309 Στραφεῖσα
1780 1238 1837 1292 δὲ
1875 1239 1909 1309 ή

314 1332 465 1403 γυνὴ
494 1331 593 1384 τοῦ
618 1328 855 1384 Σαϐίνου
896 1330 1049 1398 λέγει
1082 1331 1232 1402 αύτῷ
1253 1349 1267 1364 ο
1285 1332 1525 1385 Ἀπόστα
1546 1334 1611 1385 ἐκ
1639 1331 1734 1385 τοῦ
1755 1333 1910 1386 οτκου

320 1441 432 1494 μου
462 1424 573 1477 ἀπὸ
596 1423 698 1494 τῆς
719 1424 965 1494 σήμερον
993 1423 1231 1495 ἡμέρας,
1261 1423 1349 1477 ἵνα
1377 1424 1429 1476 τί
1468 1423 1783 1478 ἐϐουλεύσω
1815 1441 1912 1477 πο-

316 1516 493 1589 νηρὸν
535 1517 683 1570 κατὰ
709 1516 802 1569 τοῦ
838 1515 1051 1570 δικαίου
1082 1515 1296 1582 τούτου,
1353 1517 1448 1571 τοῦ
1487 1518 1785 1589 ίασαμένου
1821 1518 1913 1572 διὰ

322 1610 504 1680 μόνης
546 1609 862 1679 προσευχῆς
909 1607 1077 1663 αὐτοῦ
1118 1607 1352 1663 ἐνώπιον
1386 1609 1592 1675 παντὸς
1635 1609 1730 1663 τοῦ
1777 1609 1911 1664 λαοῦ

317 1702 516 1755 τούτου
545 1701 609 1754 τδ
648 1699 940 1774 θυγάτριον
982 1700 1184 1773 ’ήμῶν;
1227 1702 1466 1756 ’Δπόστα
1518 1704 1615 1756 ἀπ’
1659 1701 1830 1773 ἐμοῦ,
1876 1702 1910 1771 ἢ

321 1795 574 1865 ἐμαυτὴν
619 1793 1045 1865 διαχειρίζομαι.
1093 1795 1398 1848 Συνέπεσεν
1428 1795 1547 1848 δὲ“ὁ
1576 1796 1804 1860 Σαϐῖνος
1833 1793 1914 1865 τῷ

323 1884 610 1958 προσώπῳ
628 1926 643 1952 ,
678 1886 775 1940 καὶ
807 1885 1026 1956 ἔμεινεν
1054 1885 1132 1949 ὡς
1157 1884 1305 1950 λίθος
1333 1885 1568 1956 ἄφωνος.
1602 1884 1769 1941 Εἶπεν
1800 1887 1857 1941 δὲ
1883 1887 1913 1941 6

323 1982 484 2048 ᾶγιος
502 1978 805 2053 Γρηγόριος
818 1977 897 2049 τῷ
919 1978 1136 2051 ἐξάρχῳ
1155 1995 1168 2009 ’
1187 1977 1409 2050 Ἐπειδὴ
1429 1980 1613 2046 αὐτὸς,
1630 1979 1728 2034 ἄνθ
1737 1997 1909 2052 ρωπε,

328 2072 561 2143 μηδενός
585 2088 645 2124 σε
670 2072 1123 2142 καταστήσαντος
1149 2072 1347 2143 κριτὴν
1375 2071 1469 2125 καὶ
1501 2071 1766 2143 δικαστὴν
1789 2071 1912 2126 κατ’

326 2164 448 2235 ἐμὲ,
494 2149 789 2234 ἐπιτρέψαι
836 2162 1096 2216 ἀπελθεῖν
1151 2180 1218 2232 με
1269 2164 1327 2216 ἐν
1378 2165 1444 2235 τῇ
1499 2163 1757 2234 φυλακῇ,
1816 2166 1913 2219 καὶ

328 2255 734 2326 ἁσφαλισθῆναί
773 2271 841 2325 με
874 2255 934 2308 ἐν
962 2255 1042 2326 τῷ
1084 2255 1248 2327 ξύλῳ,
1295 2255 1400 2320 ἓως
1444 2251 1507 2309 οὗ
1540 2255 1813 2326 σ’κέψησαι
1846 2257 1915 2310 τὰ

335 2349 463 2418 περὶ
502 2345 657 2418 ἐμοῦ,
708 2344 896 2409 καθὼς
933 2345 1153 2399 ἐποίουν
1195 2347 1244 2399 0i
1275 2346 1373 2398 ἀπ’
1413 2346 1589 2417 ἀρχῆς
1629 2346 1909 2417 τύραννοι.

340 2440 474 2493 Τότε
518 2440 664 2507 λέγει
710 2436 863 2508 αὐτῷ
923 2438 954 2490 6
1002 2437 1264 2510 ἔξαρχος·
1319 2439 1435 2492 Ούκ
1480 2438 1591 2508 ἐγὼ
1628 2439 1913 2509 ἐπιτρέπω

341 2529 732 2601 ὰσφαλισθῆναί
767 2546 857 2581 σε·
890 2528 1009 2582 ἀλλ’
1038 2532 1088 2583 οί
1116 2529 1502 2595 διαϐάλλοντές
1537 2548 1618 2597 σε,
1656 2533 1811 2586 αὐτοί
1852 2550 1914 2586 σε

334 2622 747 2691 ἀσφαλίζονται.
787 2621 1078 2693 Ἐκίνησεν
1108 2620 1166 2675 δὲ
1195 2624 1225 2675 6
1257 2622 1532 2694 μακάριος
1566 2624 1662 2693 ἀφ’
1690 2625 1912 2689 ἑαυτοῦ,

331 2714 429 2767 καὶ
455 2713 584 2768 ante
615 2716 673 2767 ἐν
698 2716 764 2784 τῇ
793 2712 1044 2785 φυλακῇ’
1074 2714 1258 2767 πᾶσαν
1285 2712 1343 2767 δὲ
1381 2713 1480 2786 τὴν
1512 2714 1685 2769 νύκτα
1708 2715 1915 2780 ἄῦπνος

326 2805 557 2862 διετέλει
597 2809 625 2859 ὁ
665 2805 940 2877 μακάριος
969 2805 1088 2876 ἅμα
1134 2803 1231 2860 τοῦ
1260 2806 1643 2877 ἀρχιδιακόνου
1674 2808 1769 2862 καὶ
1804 2807 1917 2862 τῶν

325 2898 535 2952 λοιπῶν
564 2898 834 2951 διακόνων
861 2896 1164 2969 Ἐράσμου,
1191 2898 1524 2970 Φιλαδέλφου
1558 2900 1656 2953 καὶ
1687 2901 1914 2954 Πλατω-

323 2970 480 3045 νικοῦ
527 2989 863 3061 ψάλλοντες,
912 2989 1009 3044 καὶ
1050 2989 1444 3058 ἀναγινώσκων
1486 2990 1648 3056 αὐτὸς
1668 3031 1684 3055 ,
1732 2990 1916 3064 φέρων

320 3086 454 3141 ἄνευ
490 3085 710 3156 βίϐλουο
742 3084 844 3138 οὐκ
869 3083 1060 3138 εἴασαν
1088 3083 1198 3156 γὰρ
1236 3082 1401 3137 αὐτὸν
1445 3083 1677 3139 ἐκϐάλοι
1723 3086 1787 3139 ἐκ
1820 3083 1913 3138 τοῦ

318 3178 654 3232 ἐπισκοπίου
683 3176 857 3232 οὐδέν.

2011 600 2320 656 veniamus.
2352 599 2541 672 Neque
2577 603 2724 657 enim
2752 604 2867 658 lieri
2902 612 3100 675 potest,
3136 613 3195 660 ut
3221 604 3308 661 hic
3344 622 3446 663 nos
3475 617 3600 664 tan-

2012 690 2106 746 diu
2131 691 2514 761 immoremur,
2543 694 2673 750 dum
2699 698 2978 768 negotium
3004 697 3108 752 hoc
3137 707 3388 754 nostrum
3417 709 3600 757 trans—

2013 789 2196 836 actum
2229 785 2321 839 sit.
2355 782 2504 840 Uxor
2540 801 2671 840 vero
2722 785 2906 842 Sabini
2943 803 3068 843 cum
3099 789 3263 843 liliola
3294 807 3393 847 sua
3416 802 3470 848 et
3506 796 3601 849 alii

2019 872 2195 935 multi,
2231 872 2285 927 iu
2318 873 2511 944 primis
2562 875 2671 942 ille,
2706 879 2798 947 qui
2848 888 3035 934 mutus
3065 878 3242 935 fuerat
3275 890 3330 936 et
3372 885 3596 946 surdus.

2013 965 2080 1019 ad
2108 966 2253 1021 beati
2290 968 2392 1021 viri
2425 966 2591 1038 pedes
2619 971 2977 1039 procidebaut
3006 972 3221 1040 ﬂentes,
3248 990 3485 1049 eumque
3520 979 3602 1033 sic

2015 1058 2442 1129 alloquebantur
2485 1060 2792 1118 :Misereat
2830 1075 2883 1119 te
2927 1066 3124 1129 nostri,
3160 1065 3255 1122 Dei
3304 1084 3483 1134 serve,
3531 1085 3603 1123 ne

2015 1148 2114 1203 tibi
2142 1148 2365 1220 injuria:
2414 1159 2616 1207 nostra:
2645 1154 2832 1209 animo
2880 1154 3266 1225 obversentur,
3308 1176 3443 1217 neve
3480 1176 3602 1216 ma-

2014 1240 2193 1295 lorum
2220 1243 2566 1309 memineris,
2590 1261 2714 1315 qum
2738 1246 2835 1301 tibi
2864 1248 3117 1319 sacrilegi
3152 1252 3239 1306 isti
3274 1252 3599 1310 intulerunt.

2014 1331 2137 1388 Mox
2173 1333 2440 1390 Sabinum
2474 1338 2672 1393 intuita
2704 1354 2883 1394 uxor:
2914 1337 3111 1405 Domo,
3140 1343 3335 1414 inquit,
3379 1361 3500 1401 mea
3531 1348 3602 1401 ab

2018 1425 2121 1479 hoc
2153 1424 2245 1481 die
2269 1428 2509 1484 extorris
2537 1438 2658 1484 esto
2691 1449 2706 1485 :
2735 1430 2865 1501 quid
2885 1440 2945 1485 tu
2974 1434 3273 1501 pessimum
3303 1436 3442 1491 inire
3468 1453 3605 1491 con—

2014 1513 2200 1570 silium
2233 1532 2403 1572 ausus
2451 1533 2512 1572 cs
2554 1519 2819 1574 alversus
2866 1521 3012 1577 hunc
3061 1522 3300 1591 justum,
3334 1526 3428 1594 qui
3461 1524 3605 1579 lilio-

2018 1604 2127 1661 lam
2179 1614 2426 1661 nostram
2478 1609 2605 1663 unis
2660 1611 2917 1678 precibus
2961 1627 3147 1668 coram
3198 1615 3348 1668 omni
3403 1616 3604 1685 popqu

2022 1697 2329 1753 valetudini
2373 1700 2652 1754 restituit?
2679 1700 2911 1757 Discede
2958 1720 2989 1758 a
3040 1718 3150 1771 me,
3181 1714 3276 1760 aut
3321 1722 3422 1776 ego
3464 1708 3602 1761 mihi

2017 1802 2219 1846 manus
2253 1791 2453 1847 infero.
2484 1791 2780 1848 Enimvero
2806 1794 3047 1852 Sabinus
3077 1799 3229 1853 vultu
3256 1799 3516 1866 eonridit,
3549 1810 3605 1854 et

2017 1884 2136 1943 saxi
2166 1884 2346 1940 instar
2384 1885 2695 1953 obmutuit;
2727 1895 2783 1941 et
2807 1897 3035 1943 sanctus
3063 1887 3367 1961 Gregorius
3403 1894 3484 1947 sic
3521 1895 3603 1948 le-

2015 1984 2203 2047 gatum
2235 1976 2439 2032 all'atur
2471 1996 2483 2031 :
2510 1976 2782 2044 Quoniam
2807 1987 2879 2045 te,
2908 1979 3097 2047 homo,
3130 1982 3392 2038 arbitrum
3416 2000 3603 2040 causa:

2016 2082 2149 2122 mea
2174 2065 2488 2137 judicemre
2528 2082 2691 2123 nemo
2740 2068 3055 2136 constituit,
3082 2070 3214 2141 jube
3246 2086 3333 2126 me
3375 2072 3504 2148 hinc
3545 2074 3602 2130 in

2016 2158 2322 2213 custodiam
2381 2157 2599 2222 redire,
2659 2155 2876 2230 [ωιτη]
2925 2174 3209 2230 nervoque
3256 2162 3600 2235 constringi,

2013 2250 2192 2305 donec
2220 2251 2289 2306 de
2332 2264 2500 2307 causa
2546 2264 2899 2322 cognoscas:
2928 2251 3025 2321 qui
3061 2252 3193 2307 olim
3237 2262 3601 2325 tyrannorum

2018 2357 2141 2399 mos
2183 2342 2286 2399 fuit
2310 2343 2451 2415 (65).
2490 2344 2594 2400 Cui
2646 2345 2860 2415 legatus
2892 2363 2905 2399 :
2936 2342 3055 2399 Non
3086 2360 3207 2415 ego,
3240 2347 3439 2418 inquit,
3474 2363 3602 2403 eon-

2016 2431 2211 2501 stringi
2254 2441 2309 2487 te
2334 2433 2540 2504 jubeo;
2596 2436 2690 2490 sed
2722 2436 2818 2504 qui
2868 2444 2920 2491 te
2966 2436 3357 2507 criminantur,
3397 2438 3498 2510 ipsi
3550 2450 3603 2496 te

2015 2524 2455 2580 custodiendum“
2478 2534 2696 2581 curant.
2729 2528 2813 2582 Ab
2850 2541 2916 2583 eo
2963 2527 3130 2593 igitur
3159 2531 3441 2600 digressus
3468 2533 3600 2588 bea-

2016 2623 2103 2669 tus
2132 2615 2219 2669 vir
2255 2616 2307 2671 in
2342 2631 2620 2673 carcerem
2664 2618 2822 2687 abiit,
2857 2628 3024 2691 atque
3064 2621 3139 2676 ibi
3173 2630 3339 2678 totam
3374 2634 3595 2681 noctem

2017 2707 2262 2764 traduxit
2318 2709 2590 2766 insomnis
2635 2726 2760 2767 cum
2815 2712 3207 2770 archidiacono
3255 2723 3311 2770 et
3367 2717 3597 2789 reliquis

2019 2798 2273 2856 diaconis
2310 2798 2564 2869 Erasmo,
2608 2800 2970 2875 Philadelpho
3020 2813 3076 2860 et
3118 2804 3424 2873 Platonico,
3478 2810 3603 2878 qui-

2018 2891 2250 2946 buscum
2280 2892 2525 2963 psalmos
2565 2894 2787 2962 cet-init,
2831 2905 2929 2952 aut
2977 2896 3233 2952 lectionis
3266 2897 3389 2953 loco
3428 2900 3598 2955 multa

2018 2985 2339 3040 memoriter
2369 2986 2750 3055 pronuntiavit
2783 2988 2907 3044 sine
2935 2989 3096 3046 libro.
3131 2988 3318 3061 Neque
3354 2991 3500 3047 enim
3533 3008 3601 3047 ex

2016 3076 2229 3133 aedibus
2263 3077 2445 3133 eﬂ‘erri
2484 3078 2556 3133 ab
2584 3094 2651 3136 eo
2680 3080 2984 3152 quidquam
3022 3082 3172 3153 passi
3201 3091 3351 3138 sunt.

395 3220 675 3320 ἓ
686 3220 970 3321 υδζτιίᾶίτα
1003 3266 1394 3337 μετεστείλατο
1433 3268 1463 3321 6
1508 3265 1664 3335 ἆγιος
1705 3266 1915 3338 Γρηγό-

2054 3293 2059 3297 -
2093 3252 2230 3318 ιΧ.,
2254 3252 2519 3325 Legatum
2551 3255 2750 3310 deinde
2801 3257 3091 3314 arcessivit
3136 3274 3360 3317 sanctus
3394 3261 3604 3330 Grego-

320 3375 447 3428 ριος
476 3357 566 3410 τὸν
598 3355 834 3427 ἔξαρχον
870 3356 930 3409 ἐν
958 3357 1024 3427 τῇ
1060 3354 1301 3427 φυλακῇ,
1327 3355 1422 3410 καὶ
1450 3353 1601 3424 λέγει
1627 3353 1780 3425 αὐτῷ
1798 3369 1813 3383 ο
1851 3356 1919 3408 Ὅ

321 3448 570 3520 βουλήσῃ
607 3449 690 3511 εἰς
717 3447 868 3518 ἡμᾶς
901 3446 1130 3517 ποιῆσαι
1151 3486 1168 3513 ,
1198 3445 1258 3500 ἐν
1289 3445 1449 3517 τάχει
1475 3445 1722 3517 ποίησον.
1767 3445 1827 3499 '0
1862 3445 1922 3499 δὲ

324 3541 560 3613 ἔξαρχος
605 3538 757 3607 λέγει
804 3538 994 3610 αύτῷο
1031 3536 1177 3608 Ἐγὼ
1237 3537 1498 3611 βούλομαί
1546 3555 1608 3592 σε
1652 3538 1771 3610 ἅμα
1809 3537 1921 3592 τῶν

330 3634 444 3688 σῶν
484 3632 814 3705 κατηγόρων
855 3631 1180 3685 ἀποστεῖλαι
1212 3632 1272 3684 ἐν
1306 3629 1496 3702 Ῥώμῃ
1529 3629 1668 3701 πρὸς
1701 3629 1795 3684 τὸν
1823 3629 1923 3683 κύ-

332 3727 452 3799 ριόν
505 3742 609 3797 μου
659 3724 755 3778 τὸν
800 3725 991 3780 πὰπαν
1018 3763 1034 3786 ,
1074 3723 1177 3799 κτὸν
1217 3722 1585 3778 ἀποστολικδν
1652 3721 1921 3793 ἐπέχοντα

326 3817 548 3888 θρόνον.
586 3817 647 3871 '0
689 3817 747 3870 δὲ
797 3816 934 3887 πρὸς
986 3815 1151 3871 αὐτὸν
1202 3815 1571 3888 απεκρίνατο·
1614 3813 1723 3867 Ναὶ
1762 3812 1921 3883 κάγὼ

324 3909 495 3966 τοῦτο
521 3909 662 3965 αίτῶ
691 3910 943 3981 ποιῆσαι,
970 3908 1067 3964 καὶ
1099 3907 1423 3963 ἀποστεῖλαί
1452 3924 1520 3980 με
1550 3906 1706 3961 ἔνθεν
1734 3908 1793 3962 ἐν
1816 3907 1920 3961 τά·

325 4021 440 4076 χει.
494 4002 807 4074 Γενομένης
855 4000 914 4055 δὲ
961 3999 1249 4071 ἑσπέρας,
1293 3999 1674 4073 παρεκάλεσεν
1702 4002 1733 4054 ὁ
1765 3999 1921 4069 ἅγιος

323 4096 640 4168 Γρηγόριος
686 4094 780 4148 τὸν
823 4093 1077 4163 ἔξαρχον,
1127 4095 1185 4147 ἐν
1231 4092 1342 4164 ὅσῳ
1392 4093 1421 4145 6
1462 4091 1590 4157 λαὸς
1635 4091 1921 4174 ἠρέμησεν

325 4189 536 4258 ὀλίγον,
567 4185 802 4241 ἐκϐάλαι
847 4186 1014 4239 αὐτὸν
1060 4184 1151 4239 διὰ
1189 4183 1293 4256 τῆς
1326 4184 1564 4254 πλαγίας
1608 4182 1787 4254 πύλης
1820 4185 1920 4254 τῆς

328 4280 649 4353 βλεπούσης
678 4279 772 4333 ἐπὶ
801 4279 902 4349 τὴν
932 4276 1228 4342 θάλασσαν,
1265 4276 1362 4330 καὶ
1390 4275 1726 4346 παραδοῦναι
1755 4273 1921 4329 αὐτὸν

326 4377 410 4438 είς
439 4372 510 4427 τὰ
551 4371 714 4425 πλοῖα
756 4371 852 4425 τοῦ
884 4370 1066 4424 πάπα.
1104 4367 1372 4440 Ἔμελλον
1395 4367 1505 4439 γὰρ
1539 4367 1823 4421 ἀποκινεῖν
1859 4366 1920 4418 ἐν
1954 4368 1957 4371 λ

325 4468 469 4536 αὐτῇ
500 4466 568 4537 τῇ
600 4463 760 4518 νυκτὶ
797 4464 864 4516 ἐκ
899 4461 995 4515 τοῦ
1030 4459 1301 4532 ποταμοῦ.
1337 4458 1639 4529 Ἐξήγαγέν
1665 4475 1725 4511 τε
1753 4457 1917 4512 αὐτὸν

2024 3348 2140 3403 rius
2169 3347 2237 3403 ad
2280 3363 2582 3415 carcerem,
2612 3349 2956 3421 rogavitque,
2988 3360 3052 3407 ut
3079 3353 3239 3422 quod
3259 3355 3325 3409 de
3366 3354 3491 3425 ipso
3522 3355 3606 3409 l'a-

2021 3438 2274 3494 ciendum
2304 3437 2408 3495 sibi
2442 3440 2748 3506 statuisset,
2784 3441 3193 3512 quamprimum
3225 3442 3451 3500 faceret.
3494 3445 3607 3514 Ego

2022 3545 2173 3595 vero,
2201 3531 2381 3602 inquit
2407 3532 2521 3598 ille,
2548 3533 2912 3589 deliberatum
2938 3535 3138 3601 habeo,
3165 3535 3394 3591 Ronmm
3422 3546 3471 3592 ιι·
3490 3537 3606 3609 (66)

2021 3637 2146 3679 cum
2189 3624 2608 3680 accusatoribus
2635 3626 2745 3680 tuis
2776 3624 2844 3680 ad
2877 3625 3164 3682 dominum
3212 3645 3393 3683 meum
3426 3632 3606 3700 ponti-

2021 3714 2179 3771 licem
2230 3715 2535 3771 maximum
2591 3718 2774 3772 throni
2821 3719 3114 3788 apostolici
3152 3720 3422 3776 hairedem
3478 3722 3610 3775 mit-

2021 3818 2158 3863 tere.
2186 3806 2287 3863 Cui
2323 3819 2552 3865 sanctus
2580 3809 2664 3864 vir
2694 3811 2980 3880 respondit
3008 3829 3021 3865 :
3054 3809 3110 3866 Id
3144 3810 3320 3881 ipsum
3355 3812 3611 3883 profecto

2022 3912 2083 3956 ut
2118 3900 2292 3957 facias
2327 3911 2478 3972 peto,
2522 3916 2717 3973 meque
2746 3902 2877 3958 hinc
2914 3903 3026 3959 cito
3057 3904 3327 3960 dimittas.
3366 3906 3483 3961 Sub
3515 3922 3608 3961 ve-

2022 4009 2240 4065 speram
2273 4008 2406 4050 vero
2437 3993 2676 4065 legatum
2728 3995 2979 4052 hortatus
2999 4004 3109 4061 est,
3155 3996 3606 4068 quandoquidem

2022 4089 2260 4158 populus
2291 4087 2577 4156 paululum
2613 4088 3027 4158 conquieverat,
3062 4098 3120 4144 ut
3146 4104 3273 4144 eum
3306 4107 3402 4160 per
3434 4093 3606 4160 posti—

2020 4196 2146 4237 cum
2177 4180 2476 4241 emitteret.
2508 4179 2654 4249 quod
2686 4194 2839 4234 mare
2868 4180 3217 4249 respiciebat,
3248 4189 3303 4234 et
3332 4183 3607 4251 pontilicis

2023 4272 2250 4327 maximi
2293 4271 2533 4328 navibus
2569 4271 2899 4342 imponeret.
2940 4271 3080 4327 Nam
3113 4288 3178 4331 ea
3219 4273 3337 4344 ipsa
3371 4285 3531 4330 nocte
3573 4291 3607 4329 a

2021 4361 2247 4420 ﬂumine
2276 4364 2494 4420 solvere
2520 4363 2817 4420 debebant.
2847 4364 3052 4420 Eduxit
3080 4374 3268 4421 autem
3306 4383 3431 4422 eum
3460 4368 3609 4437 lega—

2024 4464 2112 4512 tus
2145 4471 2270 4512 eum
2313 4456 2740 4512 accusatoribus
2782 4456 2908 4526 ejus
2935 4455 3145 4512 Sabino
3168 4469 3223 4513 et
3246 4457 3610 4513 Crescentino

321 4561 355 4611 6
383 4558 618 4628 ἔξαρχος
652 4558 751 4610 σὺν
799 4554 910 4608 τῶν
955 4552 1288 4625 κατηγόρων
1332 4551 1501 4606 αὐτοῦ
1544 4550 1775 4605 Σαϐίνου
1820 4549 1916 4604 καὶ

2021 4566 2088 4607 ac
2130 4550 2319 4606 decem
2365 4551 2491 4606 aliis
2525 4569 2540 4603 :
2570 4550 2664 4620 qui
2712 4552 2781 4604 ad
2834 4551 2993 4606 littus
3033 4550 3463 4613 descenderunt,
3514 4553 3608 4605 ubi

324 4650 764 4723 Κρησκεντίνου,
790 4648 884 4701 καὶ
913 4647 1120 4718 ἑτέρων
1154 4646 1289 4700 δέκα
1318 4647 1417 4700 σὺν
1443 4644 1613 4715 αὐτῷ.
1639 4645 1753 4698 Καὶ
1781 4661 1915 4698 κατ-

323 4741 491 4814 ῆλθον
533 4741 615 4803 εἰς
658 4739 752 4791 τὸν
780 4734 1052 4805 αἰγιαλὸν,
1085 4734 1218 4789 ἔνθα
1254 4733 1326 4788 τὰ
1360 4732 1524 4788 πλοῖα
1550 4728 1693 4803 ἦσαν
1725 4731 1916 4804 βουλό.

400 4935 515 5007 (65)
558 4933 777 4988 Dictum
810 4931 919 5007 h_0c
951 4929 1090 5007 satis
1119 4928 1433 5007 aculeatum
1475 4930 1673 5007 est,‘ut
1698 4922 1917 5007 Leo_ntii

326 4996 514 5074 potius
540 5045 554 5069 ,
610 5019 778 5074 quam
820 5000 1069 5071 Gregorii
1110 4998 1343 5074 nomine
1390 4996 1664 5065 prolatum
1705 4996 1916 5074 malim.

324 5067 518 5146 Neque
541 5067 680 5128 vero
710 5074 919 5148 legatus
938 5067 1285 5148 reprcbendi
1319 5076 1554 5148 poterat,
1594 5067 1742 5137 quod
1779 5067 1918 5148 alie—

329 5137 516 5203 nis'se
562 5137 796 5216 negotiis
837 5137 1198 5216 immisceret.
1240 5137 1367 5193 Haec
1413 5137 1560 5216 enim
1591 5138 1920 5216 anpontilire

327 5216 573 5272 maximo
630 5205 887 5268 mandata
954 5211 1184 5264 habebat
1240 5219 1359 5273 :gut
1410 5205 1674 5278 Gregorii
1724 5205 1918 5278 Magni

326 5286 575 5357 epistolae
620 5291 915 5357 testantur.
963 5280 1238 5357 Rei-genti.
1282 5279 1482 5357 inquit.
1517 5275 1612 5357 [ibi
1662 5276 1731 5357 ad
1779 5275 1923 5357 Sici—

327 5347 462 5412 liam
494 5353 831 5427 Capitulare,
865 5352 1004 5421 quod
1028 5347 1173 5427 dedi,
1207 5349 1420 5427 assidue
1451 5347 1785 5427 relegandam
1813 5356 1917 5413 est,

328 5439 388 5484 ut
433 5419 586 5482 cura'
614 5419 1009 5479 maxima’esse
1045 5419 1110 5475 de
1159 5422 1417 5489 episcopis
1465 5419 1652 5489 debeat
1701 5419 1819 5489 (lib.
1863 5433 1917 5480 ι,

328 5501 491 5571 epist.
527 5496 641 5571 ’(56)Γ
672 5495 886 5571 Rursus
917 5511 930 5545 :
967 5492 1044 5545 De
1074 5488 1242 5571 lapsis
1274 5488 1643 5571 sacerdotibus
1684 5488 1763 5571 vel
1789 5503 1921 5559 quo-

330 5560 457 5624 libet
486 5583 551 5621 ea:
587 5560 725 5621 clero
769 5564 1043 5618 observare
1078 5560 1420 5626 tervolumns,
1468 5568 1526 5612 ut
1556 5562 1610 5612 in
1654 5560 1805 5612 rebus
1834 5575 1922 5611 eo-

332 5657 451 5693 rum
469 5638 621 5692 nulla
641 5636 1096 5691 contamina‘tione
1114 5632 1387 5685 miscearis
1409 5631 1526 5694 (lib.
1552 5646 1589 5693 l,
1613 5632 1779 5696 epist.
1804 5628 1918 5699 46).

332 5711 389 5765 In
423 5711 528 5763 alia
562 5725 577 5762 :
611 5706 880 5763 Praeterea
915 5705 1013 5757 hoc
1039 5703 1134 5757 tibi
1158 5702 1519 5770 indagandum
1546 5701 1800 5754 mandare
1831 5717 1923 5752 cu—

333 5781 587 5845 ravimus,
642 5777 825 5842 veteri,
864 5790 981 5846 qua:
1021 5775 1142 5844 jam
1189 5770 1923 5846 inoleverat,_consnetudine

331 5841 647 5922 postposita,
670 5859 729 5904 ut
751 5849 795 5902 si
815 5841 932 5918 quia:
963 5841 1202 5900 ciritat‘es
1224 5845 1277 5897 in
1292 5842 1565 5912 provincia
1601 5841 1804 5896 Sicilire
1824 5855 1921 5909 pro

2018 4657 2188 4697 naves
2215 4649 2396 4705 erant,
2427 4640 2839 4712 quamprimum
2877 4642 2996 4696 vela
3028 4640 3276 4697 facturae.
3304 4642 3373 4696 At
3398 4641 3609 4712 Grego-

2019 4732 2160 4786 rium
2192 4742 2449 4802 parentes
2474 4731 2598 4800 ejus
2620 4732 2995 4802 sequebantur
3026 4731 3334 4800 plorantes;
3367 4746 3605 4799 quorum
3642 4732 3655 4744 ‘

2018 4930 2245 5001 peccatis
2276 4946 2370 5000 per
2414 4928 2751 5001 sacerdotum
2780 4927 2967 5001 lapsus
2994 4944 3026 4981 a
3053 4927 3320 5001 pastorali
3352 4929 3607 4998 regimine

2020 4998 2208 5058 uacare
2235 4998 2549 5064 nascuntur,
2583 5000 2650 5053 de
2675 5000 2815 5052 clero
2838 4998 3203 5051 Ecclesiarum
3231 4999 3491 5067 ipsarum,
3528 5001 3606 5053 vel

2020 5090 2085 5129 ex
2124 5072 2488 5132 monasteriis,
2527 5071 2573 5124 si
2597 5070 2699 5139 qui
2723 5069 2895 5140 digni,
2917 5068 2987 5121 ad
3017 5069 3401 5140 sacerdotalem
3430 5071 3609 5123 locum

2020 5143 2507 5222 possuntinveniri,
2534 5138 2822 5222 perspicias
2862 5138 2982 5207 (lib.
3015 5143 3253 5222 thepist.
3294 5139 3403 5222 18).

2093 5214 2204 5285 (66)
2242 5210 2383 5266 Num
2416 5208 2627 5285 litteras
2656 5208 2852 5285 P_etms
2878 5225 2909 5285 a
2942 5208 3193 5285 pontiﬁce.
3230 5208 3469 5285 riiaaimo
3490 5210 3605 5280 jam

2021 5280 2369 5354 accepisset,
2424 5282 2628 5351 quibus
2679 5280 3005 5354 Gregorium
3058 5280 3478 5354 Agrigentinum
3541 5295 3609 5336 ac

2022 5351 2171 5411 duos
2217 5354 2357 5411 alios
2410 5353 2700 5423 episcopos
2729 5352 2975 5423 Romam
3033 5352 3246 5423 mittere
3288 5351 3605 5423 jubebatur,

2022 5426 2294 5481 aliirmare
2323 5421 2670 5492 non—audeo.
2711 5422 2994 5492 Angusdm
3020 5422 3167 5477 enim
3215 5421 3479 5492 temporis
3506 5437 3609 5477 ex-

2023 5497 2246 5552 cludere
2274 5493 2551 5548 videntur.
2590 5490 2695 5546 Sed
2729 5490 3028 5558 Gregorius
3062 5492 3290 5560 Magnus
3321 5490 3470 5547 Iulio
3513 5501 3612 5546 aut

2022 5569 2272 5637 Augusto
2294 5563 2560 5637 εικῆ-591
2598 5564 2680 5617 sic
2698 5562 2795 5637 -_ad
2831 5562 3216 5637 eum_scripsit
3245 5579 3257 5616 :
3291 5560 3609 5637 Greggrium

2023 5630 2143 5691 vere
2172 5634 2579 5707 {igrigentimtm
2608 5642 2657 5687 et
2694 5631 2938 5707 Leonem
2956 5630 3307 5707 Catanensem
3335 5646 3381 5688 et
3399 5630 3609 5707 ’κίσται-

2026 5724 2133 5762 rem
2168 5703 2616 5760 Panormitanum
2657 5719 2751 5772 per
2795 5704 2974 5757 omnia
3013 5719 3106 5757 nos
3134 5704 3373 5758 volumus
3403 5703 3473 5758 ad
3513 5716 3609 5758 ιιιοι

2024 5788 2145 5832 ante
2174 5777 2396 5833 hiemem
2418 5775 2685 5846 proﬁcisci
2715 5774 2834 5846 (lib.
2863 5790 2905 5844 ι,
2934 5774 3094 5845 epist.
3126 5773 3237 5847 72).
