4026 6378
488 359 598 424 655

1489 365 1551 425 S.
1592 365 1973 427 GREGORII
2008 366 2520 430 AGRlGENTINI
2558 368 2756 430 VITA.

3638 376 3737 442 656

492 471 610 540 ipse
633 468 715 523 ad-
743 468 908 540 pedes
948 470 1257 541 procidens,
1288 471 1580 529 obsecrare
1612 476 1695 531 sic
1732 477 1900 547 coepit
1931 494 1944 531 :
1972 476 2060 541 Ne,

2177 493 2312 546 μενα
2339 479 2693 548 ἀποκινῆσαι.
2723 477 3035 533 Ἠκολούθει
3066 479 3121 534 δὲ
3147 478 3297 551 αὐτῷ
3320 483 3347 535 ὁ
3376 483 3558 554 πατὴρ
3580 486 3739 540 αὐτοῦ

484 575 694 631 quaeso,
725 577 838 615 mea
870 577 1059 628 causa,
1087 562 1297 617 domini
1334 564 1462 631 mei,
1493 566 1573 620 sic
1600 568 1852 637 lugentis.
1871 568 2056 639 Neque

486 654 635 708 etum
662 653 924 709 Dominus
947 670 1100 709 meus
1118 653 1280 711 Jesus
1301 656 1559 713 Christus
1584 659 1956 731 nequidquam
1980 674 2070 715 me

485 742 541 795 in
588 744 1046 799 calumniaturqu
1080 761 1330 802 meorum
1369 764 1566 806 manus
1599 750 1828 807 dedidit.
1866 750 2066 807 Verum

484 850 696 903 preces,
748 852 844 891 vos
897 853 1018 904 oro,
1053 854 1153 909 pro
1201 856 1290 895 me
1320 842 1557 898 scelesto
1589 843 1813 900 homine
1852 846 2066 912 iterate,

481 942 592 994 quo
618 926 760 984 Dens
788 929 921 983 mihi
948 932 1180 987 crimina
1234 949 1357 1003 qua:
1382 935 1576 991 admisi
1608 937 1777 992 multa
1803 938 2065 993 remittat.

485 1018 608 1073 llaec
636 1035 700 1074 eo
728 1021 963 1086 dicente,
1018 1024 1229 1095 legatus
1261 1043 1432 1081 unttm
1473 1042 1504 1082 e
1538 1030 1895 1087 naviculariis
1934 1030 2071 1085 Pro-

483 1111 702 1181 copium
737 1114 1069 1183 appellatum
1107 1118 1326 1182 accivit,
1358 1120 1520 1189 eique
1547 1121 1865 1191 episcopum
1902 1124 2070 1178 tradi-

481 1206 598 1271 dit;
632 1208 917 1275 eidemque
949 1209 1268 1269 relationem
1303 1210 1472 1276 dedit,
1515 1228 1683 1282 quam
1715 1213 1832 1282 ipse
1872 1216 2067 1269 adver-

480 1312 576 1349 sus
604 1305 855 1352 sanctum
901 1298 1078 1353 virum
1114 1300 1183 1354 ad
1221 1302 1536 1369 pontiﬁcem
1583 1304 1885 1358 maximum
1929 1306 2066 1360 scri-

462 1397 687 1454 .psct'al,
725 1390 898 1457 signis
937 1389 1115 1458 ipsius
1140 1391 1301 1460 legati
1332 1401 1388 1446 et
1426 1394 1804 1462 improborum
1845 1410 2071 1451 accusa-

483 1490 660 1531 turum
687 1480 1056 1549 obsignatam.
1083 1480 1368 1538 Neminem
1401 1500 1529 1539 vero
1560 1486 1726 1539 alium
1756 1503 1880 1541 cum
1908 1488 2068 1542 beato

486 1570 604 1623 viro
636 1572 907 1640 proﬁcisci
941 1574 1088 1642 passi
1121 1584 1272 1638 sunt,
1309 1591 1475 1643 quam
1511 1576 1858 1632 Platonicum
1897 1595 2065 1634 unum

479 1675 509 1714 e
544 1662 786 1717 diaconis
816 1664 954 1732 ejus.
992 1664 1090 1719 llic
1126 1666 1364 1734 legatum
1402 1676 1458 1721 ct
1493 1670 1799 1739 sacrilegos
1832 1669 2067 1759 [Lxxvn]

482 1754 608 1809 illos
655 1771 878 1809 monere
926 1767 1151 1813 sanctus
1195 1756 1494 1828 Gregorius
1537 1775 1646 1817 non
1690 1762 2058 1832 praetermisit,

2172 570 2266 623 καὶ
2297 571 2330 641 ή
2365 569 2548 642 μήτηρ
2594 570 2762 624 αὐτοῦ
2811 572 3117 635 κλαίοντες.
3162 572 3220 625 ’0
3259 573 3315 624 δὲ
3364 573 3551 629 πεσὼν
3596 580 3740 649 παρὰ

2169 660 2297 724 τοὺς
2332 660 2500 724 πόδας
2546 660 2894 732 ἀμφοτέρων,
2927 663 3234 732 παρεκάλει
3275 664 3460 726 αὐτοῖς
3485 680 3501 695 ·
3534 665 3625 736 Μὴ
3654 668 3741 721 οὗ·

2169 769 2278 816 τως
2326 753 2545 807 κλαίετε
2585 753 2673 806 ἐπ’
2708 754 2870 824 ἐμοὶ,
2918 751 3098 825 κύριοί
3147 770 3283 823 μου·
3331 756 3359 808 ό
3402 753 3514 826 γὰρ
3544 756 3740 826 Κύριός

2174 860 2277 913 μου
2325 843 2537 914 Ἰησοῦς
2591 843 2829 915 Χριστὸς
2876 846 2936 898 οὐ
3006 846 3082 916 μή
3145 861 3212 914 με
3266 846 3611 917 ἐγκαταλίπῃ
3666 850 3743 913 είς

2170 937 2362 1006 χεῖρας
2393 936 2503 990 τῶν
2536 934 3022 1006 συκοφαντούντων
3059 936 3381 1007 με’δωρεάν.
3424 937 3571 1007 Πλὴν
3594 936 3744 1009 εὔχεο

2172 1028 2267 1081 σθε
2302 1029 2443 1099 ὑπὲρ
2477 1029 2639 1099 ἐμοῦ,
2668 1027 2994 1099 παρακαλῶ,
3025 1028 3122 1082 τοῦ
3163 1029 3514 1102 ἁμαρτωλοῢ,
3545 1031 3691 1093 ὅπως
3713 1033 3742 1084 ό

2170 1119 2304 1183 Θεὸς
2341 1122 2674 1192 συγχωρήσῃ
2709 1138 2799 1192 μοι
2829 1120 2898 1174 τὰ
2934 1121 3108 1175 πολλά
3142 1139 3245 1192 μου
3278 1123 3447 1176 κακά.
3481 1119 3666 1176 Ταῦτσί
3686 1116 3742 1177 δὲ

2170 1209 2423 1277 λέγοντος
2467 1211 2635 1264 αὑτοῦ
2662 1252 2677 1276 ,
2712 1212 2970 1282 φωνήσας
3011 1212 3041 1263 ό
3083 1212 3314 1282 ἔξαρχος
3346 1213 3445 1265 ενα
3472 1212 3582 1266 τῶν
3618 1231 3743 1268 ναυ-

2169 1301 2389 1372 κλήρων
2430 1301 2540 1356 τῶν
2571 1302 2775 1356 πλοίων
2821 1302 3135 1374 Προκόπιον
3163 1303 3485 1374 λεγόμενον,
3520 1306 3742 1375 παραδί·

2167 1394 2330 1448 δωσιν
2364 1394 2515 1465 αὐτῷ
2559 1395 2653 1450 τὸν
2701 1395 3024 1461 ἐπίσκοπον,
3077 1395 3173 1449 καὶ
3216 1394 3438 1449 δίδωσιν
3477 1395 3626 1466 αὐτῷ
3654 1400 3744 1451 καὶ

2168 1486 2271 1555 τὴν
2316 1488 2449 1555 παρ’
2480 1485 2648 1540 αὑτοῦ
2699 1489 3009 1556 γραφεῖσαν
3037 1486 3321 1561 ἀναφορὰν
3351 1485 3492 1556 πρὸς
3523 1485 3615 1540 τδν
3644 1488 3743 1543 πά-

2168 1590 2277 1626 παν
2304 1578 2447 1628 κατὰ
2471 1574 2567 1627 τοῦ
2595 1575 2752 1642 ἁγίου
2783 1573 3017 1644 ἔχουσαν
3040 1573 3344 1645 σφραγίδας
3376 1575 3542 1631 αὑτοῦ
3574 1593 3633 1629 τε
3652 1578 3740 1631 τοῦ

2168 1660 2400 1732 ἐξάρχου
2422 1663 2519 1716 καὶ
2542 1663 2653 1716 τῶν
2678 1665 3016 1735 παρανόμων
3044 1664 3394 1737 κατηγόρων.
3423 1665 3539 1719 Οὐκ
3565 1668 3742 1721 εῖασαν

2168 1752 2226 1807 δὲ
2257 1754 2532 1809 συνελθεῖν
2561 1754 2641 1827 τῷ
2674 1756 2963 1828 μακαρίῳ,
3007 1755 3055 1810 ει
3085 1756 3163 1827 μὴ
3188 1759 3350 1828 μόνον
3374 1758 3474 1811 ἕνα
3496 1758 3605 1811 τῶν
3630 1758 3741 1813 δια-

479 1846 729 1901 viderent
762 1846 890 1917 ipsi,
933 1848 1022 1903 cui
1069 1827 1373 1906 Ecclesium
1426 1851 1518 1908 Dei
1570 1827 2059 1911 administrandam

2174 1847 2348 1902 κόνων
2387 1827 2755 1904 Πλατωνικόν.
2806 1827 2972 1918 Λέγει
3001 1850 3059 1903 δὲ
3093 1851 3123 1902 ό
3149 1849 3306 1918 ἅγιος
3335 1850 3638 1922 Γρηγόριος
3670 1851 3744 1921 τῷ

479 1939 885 1995 «οιιιιιιῑιιονοηι
939 1959 953 1995 :
994 1956 1064 1997 ne
1119 1942 1269 1997 illam
1325 1953 1586 2015 tanquam
1620 1947 1765 2017 .apri
1807 1946 2068 2004 devasta-

444 2028 447 2033 ’
477 2043 602 2086 rent
634 2048 648 2085 :
680 2046 779 2088 eos
814 2032 883 2087 de
914 2033 1036 2088 hoc
1077 2035 1128 2088 in
1158 2033 1355 2104 jodicii
1385 2035 1476 2092 die
1506 2039 1777 2094 rationem
1814 2038 1925 2094 Deo
1955 2040 2074 2095 red-

477 2121 710 2176 dituros.
737 2119 837 2177 Cui
870 2123 1084 2194 legatus
1116 2142 1131 2179 :
1158 2123 1510 2195 Curatoretn,
1544 2128 1743 2198 inquit,
1776 2143 1877 2186 nos
1904 2128 2069 2184 rebus

477 2216 739 2270 omnibus
769 2215 1204 2288 designavimus,
1232 2222 1326 2289 qui
1360 2220 1449 2289 pie
1474 2220 1691 2292 singula
1716 2221 2070 2278 administra-

479 2307 560 2363 bit
592 2307 703 2379 ((37)
736 2328 749 2363 :
781 2310 913 2378 quin
950 2319 1044 2365 tuo
1089 2311 1212 2366 loco
1241 2310 1354 2381 jam
1386 2313 1621 2383 populus
1646 2314 1856 2369 creavit
1888 2315 2065 2369 virum

479 2399 640 2467 plane
670 2400 918 2471 dignum,
954 2403 1050 2472 qui
1099 2402 1153 2456 in
1184 2418 1251 2458 ea
1290 2404 1422 2459 sede
1450 2406 1839 2462 constituatur.
1888 2406 2068 2476 Atque

482 2493 597 2547 lucc
626 2493 757 2547 dum
787 2493 858 2547 ab
887 2494 972 2548 bis
1002 2494 1339 2560 dicerentur,
1372 2497 1593 2552 advenit
1621 2498 2061 2563 archidiaconus,

478 2598 544 2639 ac
573 2583 737 2637 simul
767 2583 986 2639 diaconi
1018 2585 1127 2639 duo
1153 2584 1418 2641 Erasmus
1443 2594 1495 2642 et
1529 2587 1937 2659 Philadelphus,
1969 2589 2064 2660 qui

476 2674 720 2745 legatum
753 2684 808 2730 et
840 2675 1140 2747 sacrilegos
1181 2677 1305 2731 illos
1340 2676 1610 2737 Sabinum
1652 2688 1711 2734 et
1754 2680 2065 2736 Crescenti-

478 2782 609 2820 num
641 2766 929 2837 rogabant,
965 2777 1024 2822 ut
1051 2767 1156 2822 sibi
1188 2784 1314 2821 cum
1357 2767 1519 2824 Patre
1551 2784 1618 2825 ac
1652 2771 1916 2841 magistro
1959 2785 2065 2826 suo

475 2855 713 2912 abeundi
744 2866 992 2927 potestas
1021 2858 1192 2911 ﬁeret.
1219 2856 1430 2924 Quibus
1454 2859 1529 2913 illi
1558 2874 1627 2915 ne
1653 2875 1816 2915 aures
1838 2860 2061 2931 quidem

478 2948 847 3015 pra-buerunt.
895 2947 1084 3019 Itaque
1122 2964 1153 3004 a
1202 2951 1390 3007 littore
1442 2960 1655 3008 tantum
1698 2952 2057 3009 clamabant:

476 3037 613 3094 Tuis
647 3056 749 3095 nos
781 3041 1037 3110 precibus
1070 3041 1291 3112 adjuva,
1328 3044 1490 3098 Pater
1539 3052 1763 3110 sancte;
1797 3044 1888 3100 ille
1929 3060 2060 3101 vero

2171 1938 2391 2010 ὲξάρχῳ
2419 1940 2517 1993 καὶ
2546 1942 2660 2004 τοῖς
2684 1940 2926 2012 ἀνιέροις
2955 1940 3189 2005 ἐκείνοις
3210 1957 3224 1971 ·
3257 1942 3741 2015 Βλέπετε,ᾱνθρω-

2170 2041 2288 2092 ποι,
2320 2026 2383 2079 τὸ
2413 2026 2531 2090 πῶς
2569 2026 2829 2097 βούλεσθε
2853 2028 3079 2082 διοικεῖν
3107 2029 3208 2101 τὴν
3234 2029 3330 2083 τοῦ
3366 2030 3506 2084 Θεοῦ
3533 2033 3743 2103 Ἐκκλη-

2171 2115 2347 2169 σίαν·.
2365 2117 2441 2189 μὴ
2478 2118 2966 2190 καταλυμαίνησθε
2994 2120 3167 2191 αὐτὴν
3198 2120 3275 2185 ὡς
3318 2124 3503 2192 μονιοὶ
3531 2122 3734 2194 ἀγριδιο

2168 2210 2264 2263 καὶ
2296 2210 2521 2279 μέλλετε
2549 2210 2627 2282 τῷ
2652 2210 2773 2281 Θεῷ
2802 2213 2861 2263 ἐν
2884 2212 3070 2284 ήμέρᾳ
3116 2214 3356 2284 κρίσεως
3394 2216 3528 2286 περὶ
3557 2217 3739 2271 τούτου

2166 2301 2265 2373 τὴν
2293 2301 2451 2372 δίκην
2477 2302 2926 2374 εἰσπράττεσθαι.
2953 2303 3011 2357 '0
3037 2305 3095 2362 δὲ
3130 2305 3360 2377 ἔξαρχος
3394 2307 3545 2377 λέγει
3577 2310 3733 2381 αὑτῷο

2178 2392 2370 2464 Ἡμεῖς
2405 2392 2604 2465 ἔχομεν
2632 2394 2978 2465 καταστῆσαι
3008 2397 3295 2467 οἰκονόμον
3335 2400 3422 2463 είς
3450 2401 3629 2455 πάντα
3653 2402 3737 2456 τὸν

2165 2485 2361 2556 ἔχοντα
2399 2486 2676 2556 διοικῆσαι
2709 2488 2777 2541 τὰ
2804 2486 2927 2541 κατ’
2958 2489 3135 2559 αὐτὴν
3165 2489 3414 2555 εὐσεϐῶς
3433 2507 3447 2522 ·
3496 2493 3590 2547 καὶ
3626 2495 3735 2549 ἀντὶ

2166 2576 2263 2630 σοῦ
2290 2571 2437 2632 οὗτοι
2481 2579 2529 2630 oi
2570 2579 2689 2631 λαοὶ
2716 2578 3059 2647 ἐψηφίσαντο
3090 2578 3279 2649 ἄνδρα.
3302 2580 3460 2646 ἀξιον
3485 2582 3578 2636 τὸν
3599 2582 3733 2653 ὀφεί-

2163 2670 2329 2724 λοντα
2366 2670 2705 2741 καθεσθῆναι
2733 2671 2829 2725 ἐπὶ
2860 2671 2957 2725 τοῦ
2988 2670 3201 2742 θρόνου.
3223 2673 3336 2727 Καὶ
3372 2673 3549 2729 ταῦτα
3570 2676 3725 2730 αὐτῶν

2165 2761 2458 2827 είπόντων,
2491 2760 2799 2832 προσῆλθεν
2832 2764 2861 2815 ό
2884 2761 3266 2834 ἀρχιδιάκωνος
3295 2765 3397 2818 καὶ
3423 2767 3473 2819 oi
3504 2767 3598 2820 δύο
3631 2765 3731 2821 διά-

2163 2870 2311 2907 κονοι
2345 2855 2630 2924 Ἐρασμος
2662 2854 2756 2907 καὶ
2798 2853 3128 2922 Φιλάδελφος
3166 2855 3620 2929 παρακαλοῦντες
3649 2856 3729 2910 τὸν
3759 2896 3763 2900 -

2162 2943 2393 3016 ἔξαρχον
2425 2944 2520 2998 καὶ
2538 2944 2663 3008 τοὺς
2691 2945 2941 3017 ἀνιέρους
2973 2944 3198 2999 Σαϐῖνον
3223 2946 3316 2998 καὶ
3340 2947 3732 3018 Κρησκεντίνον

2160 3035 2411 3105 λέγοντες
2431 3053 2445 3067 ·
2486 3036 2714 3090 Ἐάσατε
2747 3039 2896 3108 ήμᾶς
2950 3037 3207 3092 ἀπελθεῖν
3233 3038 3373 3108 μετὰ
3408 3039 3506 3093 τοῦ
3536 3040 3730 3111 [ἰατρὸς

474 3132 616 3187 bene
660 3132 728 3187 iis
761 3143 1038 3200 precatus,
1071 3141 1124 3188 et
1155 3134 1385 3188 salutari
1414 3149 1510 3189 eos
1541 3136 1700 3204 signo
1731 3149 1763 3190 ο
1810 3136 1935 3191 navi
1969 3137 2056 3191 di-

2162 3128 2320 3201 ήμῶν
2346 3130 2441 3183 καὶ
2460 3128 2806 3183 διδασκάλου.
2847 3131 2910 3184 Oi
2944 3130 3000 3183 ἑὲ
3023 3132 3144 3184 οὐδὲ
3169 3129 3412 3186 ἀκοῦσαι
3436 3134 3614 3187 αὐτῶν
3633 3133 3730 3187 οὐδ’

477 3225 745 3280 mittens:
774 3225 1012 3297 Pergite,
1057 3226 1255 3298 inquit,
1300 3227 1355 3283 in
1384 3242 1518 3299 pace
1547 3244 1563 3282 :
1589 3227 1844 3285 Christus
1887 3229 2056 3297 enim,

468 3316 574 3373 .lilii
607 3317 735 3384 inci,
775 3332 875 3373 vos
916 3319 1189 3384 tuebitur,
1214 3320 1523 3389 cbarosque
1552 3321 1793 3376 habebit.
1830 3320 1903 3378 lis
1931 3334 2065 3377 vero

476 3410 653 3466 Amen
676 3410 1136 3481 respondentibus
1161 3426 1327 3466 naves
1347 3412 1460 3481 jam
1484 3413 1875 3480 discesserant,
1899 3422 2061 3470 nocte

469 3501 584 3570 jam
636 3500 913 3555 inclinata.
958 3499 1224 3572 Sacrilegi
1270 3516 1403 3557 vero
1450 3501 1529 3557 illi
1577 3514 1830 3559 sanctum
1878 3503 2060 3557 virum

474 3606 601 3649 cum
640 3590 820 3661 legato
857 3591 1200 3656 deridebant,
1234 3592 1329 3661 qui
1362 3592 1659 3662 perniciem
1694 3607 1851 3651 suam
1885 3593 2055 3650 miser

475 3698 585 3738 nan
624 3682 871 3747 deﬁeret,
917 3692 972 3739 et
1017 3683 1088 3737 de
1136 3682 1205 3738 iis
1239 3682 1534 3749 laboraret,
1581 3699 1707 3755 qua:
1769 3700 2052 3755 nunquam

471 3776 705 3845 posthac
735 3775 955 3830 visurus
984 3784 1153 3830 esset.

2159 3224 2295 3287 ὅλως
2323 3224 2636 3294 ἠνέσχοντο.
2669 3222 2850 3276 Μόνον
2876 3222 2985 3277 ἀπὸ
3012 3222 3111 3294 τῆς
3141 3223 3244 3292 γῆς
3276 3223 3539 3295 ἔκραζον,
3561 3225 3729 3293 λέγον-

2160 3332 2286 3379 τες·
2324 3311 2492 3381 mea.
2523 3316 2665 3386 ὑπὲρ
2700 3315 2883 3386 ἡμῶν,
2930 3316 3115 3387 Πάτερ
3149 3315 3298 3385 ἅγιε.
3326 3318 3392 3372 Ὀ
3421 3320 3480 3373 δὲ
3519 3318 3732 3384 ἐπευξά-

2164 3426 2325 3481 μενος
2371 3409 2556 3472 αὐτοῖς
2598 3409 2694 3462 καὶ
2741 3408 3203 3479 κατασφραγίσας
3251 3411 3459 3476 αὐτοὺς
3504 3412 3610 3466 ἀπὸ
3644 3410 3730 3465 τοῦ

2160 3502 2378 3567 πλοίου,
2424 3501 2720 3562 ἀπέλυσεν,
2756 3500 2932 3570 λέγων
2963 3516 2976 3530 ⁸
3012 3502 3320 3575 Πορεύεσθε
3351 3508 3417 3559 ὲν
3449 3508 3636 3578 εἰρήνῃ
3659 3522 3671 3536 ’
3702 3507 3728 3558 ό

2159 3593 2397 3665 Χριστὸς
2431 3593 2542 3664 γὰρ
2574 3594 2719 3664 ὑμᾶς
2761 3593 3088 3663 διατηρήσει
3112 3635 3128 3660 ,
3157 3594 3328 3651 τέκνα
3364 3615 3494 3667 μου,
3533 3599 3613 3661 εἰς
3638 3596 3731 3666 τήν

2160 3685 2384 3755 ἀγάπην
2415 3684 2604 3739 αὐτοῦ.
2629 3685 2750 3739 Τῶν
2783 3684 2928 3738 sub
2966 3684 3138 3757 ’Δμὴν
3169 3687 3606 3759 ἀποκριθέντων,
3633 3690 3731 3743 ἀπ-

2162 3775 2425 3847 εκίνησαν
2454 3774 2659 3839 εὐθέως
2696 3775 2767 3827 τὰ
2794 3773 2992 3840 πλοῖα,
3026 3774 3271 3848 ἑσπέρας
3295 3776 3470 3848 οὔσης
3502 3776 3725 3848 βαθείας.

473 3870 535 3921 υἱ
567 3867 624 3921 δὲ
658 3867 867 3939 ἀνίεροι
914 3868 1120 3921 ἐκεῖνοι
1160 3868 1475 3939 κατεγέλων
1538 3867 1705 3924 αὐτοῦ
1767 3868 1886 3940 ἅμα
1948 3869 2030 3939 τῷ
2094 3867 2333 3940 ὲξάρχῳ,
2378 3856 2672 3937 λέγοντεςο
2713 3854 2775 3922 Ὀ
2820 3867 3008 3934 ἄθλιος
3048 3870 3112 3924 οὐ
3164 3869 3356 3941 θρηνεῖ
3393 3871 3493 3942 τὴν
3547 3869 3728 3924 ἑαυτοῦ

469 3959 768 4026 ἀπώλειαν,
812 3958 950 4013 ἀλλά
975 3959 1082 4013 τῶν
1113 3958 1266 4014 ἐνθεν
1298 3960 1577 4033 φροντίζει
1620 3959 1657 4015 ἀ
1695 3961 1757 4019 οὐ
1801 3961 1880 4033 μή
1911 3977 2043 4015 ποτε
2082 3960 2370 4029 θεάσηται.

541 4049 678 4106 LXI.
717 4049 868 4104 Nihil
906 4050 1117 4113 interea
1161 4052 1370 4107 urbana
1402 4053 1565 4122 plebs
1598 4061 1871 4117 senserat,
1915 4051 2054 4107 nihil

2226 4049 2350 4103 ΞΝ.
2392 4050 2507 4104 Οὐκ
2543 4048 2662 4120 ⁴ᾔδει
2687 4047 2745 4102 δὲ
2773 4049 2837 4102 τὸ
2862 4047 3069 4120 πλῆθος
3098 4047 3192 4103 τοῦ
3220 4047 3353 4104 λαοῦ
3387 4052 3487 4127 τῆς
3511 4051 3725 4116 πόλεως,

470 4145 675 4203 tribuni
713 4154 811 4201 aut
846 4144 1137 4202 archontes
1162 4145 1232 4201 de
1258 4145 1403 4202 beati
1431 4146 1536 4200 viri
1573 4145 1820 4202 discessu
1849 4153 1906 4201 et
1951 4160 2052 4199 na-

2162 4140 2280 4194 οὗτε
2310 4142 2361 4193 oi
2391 4138 2669 4211 τριϐοὖνοι
2700 4137 2793 4192 καὶ
2818 4140 2869 4192 οί
2907 4140 3168 4212 ἄρχοντες
3195 4139 3259 4194 τὸ
3300 4140 3421 4206 πῶς
3462 4141 3673 4211 ἐξῆλθεν
3699 4142 3726 4194 ό

470 4237 744 4306 vigatione
782 4246 1082 4293 noverant.
1132 4236 1360 4294 Diaconi
1414 4247 1598 4296 autem
1649 4239 1725 4294 ad
1770 4253 2051 4297 carcerem

2162 4231 2455 4303 μακάριος,
2485 4230 2583 4284 καὶ
2607 4228 2862 4299 εἰσῆλθεν
2894 4232 2954 4285 ἐν
2978 4230 3055 4301 τῷ
3079 4231 3276 4302 πλοίῳ.
3316 4233 3383 4286 Οἱ
3413 4234 3473 4287 δὲ
3500 4233 3726 4288 διάκονοι

472 4328 703 4395 rediere,
747 4336 910 4398 atque
962 4329 1076 4385 illic
1121 4338 1340 4386 noctem
1385 4338 1714 4401 exegerunt.
1765 4329 1879 4385 Sub
1925 4329 2052 4398 galli

2162 4318 2404 4390 ἀπῆλθον
2447 4321 2507 4371 ἐν
2552 4322 2618 4390 τῇ
2663 4318 2913 4391 φυλακῇ,
2961 4321 3185 4375 κάκεῖσε
3216 4318 3443 4393 ἔμειναν
3480 4326 3543 4395 τῇ
3582 4323 3725 4377 νυκτὶ

471 4426 693 4476 cantum
734 4419 917 4474 omnis
945 4421 1011 4475 ad
1041 4436 1318 4479 carcerem
1364 4422 1661 4477 multitudo
1690 4421 1967 4487 convenit,
2000 4433 2055 4476 et

2162 4408 2365 4480 ἐκείνῃ.
2414 4408 2550 4479 Περὶ
2591 4407 2648 4461 δὲ
2692 4408 3170 4479 ἀλεκτοροφωνίαν
3216 4413 3462 4484 συνήχθη
3492 4413 3635 4467 ἅπαν
3668 4412 3726 4465 τὸ

470 4523 597 4564 cum
633 4522 696 4564 ea
728 4508 935 4563 tribuni
974 4518 1139 4581 atque
1174 4510 1470 4567 archontes
1503 4525 1518 4564 :
1547 4512 1640 4581 qui
1674 4526 1800 4567 cum
1832 4510 2052 4566 beatum

2162 4500 2365 4570 πλῆθος
2406 4499 2503 4553 τοῦ
2540 4498 2671 4553 λαοῦ
2703 4501 2763 4555 ὲν
2799 4502 2867 4573 τῇ
2905 4500 3121 4574 φυλακῇ
3153 4501 3269 4575 ἅμα
3299 4503 3414 4557 τῶν
3441 4504 3725 4575 τριδούνων

471 4600 648 4656 Virum
692 4614 799 4655 non
846 4600 1208 4667 invenissent,
1259 4602 1587 4658 tumultuari
1623 4614 1933 4675 coeperunt,
1974 4604 2055 4659 la-

436 4692 779 4763 cmcntisque
816 4700 873 4748 et
902 4692 1241 4749 clamoribus
1275 4694 1461 4750 ell‘erri
1487 4704 1680 4751 contra
1728 4696 2051 4767 sacrilegam

468 4782 752 4837 hominum
776 4782 1269 4852 conspirationem,
1292 4797 1356 4837 ac
1378 4792 1570 4837 contra
1594 4784 1828 4852 legatum
1850 4782 2051 4852 ipsum,

467 4872 598 4944 quid
636 4873 704 4929 de
732 4872 959 4928 domino
1009 4887 1133 4938 suo,
1175 4871 1309 4943 quid
1354 4873 1422 4930 de
1459 4874 1668 4943 optimo
1714 4881 1937 4942 pastore
1974 4872 2055 4927 1⁵η-

466 4975 615 5022 ctum
671 4975 855 5032 esset,
908 4981 1039 5020 num
1096 4960 1656 5035 ipsorum'manibus
1715 4964 2050 5030 interiisset,

466 5066 796 5124 quaerentes.
823 5056 1144 5124 Quibusille
1176 5058 1554 5127 respondens:
1584 5054 1700 5111 Non
1722 5058 1817 5121 ita,
1854 5057 2050 5127 inquit,

469 5147 687 5215 fratres,
722 5164 829 5203 non
866 5148 918 5202 id
950 5146 1155 5204 factum
1191 5159 1295 5217 est,
1332 5150 1478 5220 quod
1509 5164 1606 5205 vos
1637 5150 1705 5204 de
1750 5164 1817 5204 eo
1847 5150 2052 5219 cegita-

467 5240 540 5296 tis
572 5259 585 5295 :
620 5238 894 5312 scd'ﬁ'pse,
933 5254 992 5296 ut
1031 5257 1062 5296 a
1111 5257 1197 5297 me
1227 5244 1558 5310 postularat,
1606 5252 1804 5312 sponte
1842 5257 1941 5296 sua
1983 5242 2053 5296 ad

541 5436 651 5561 (6'2
691 5436 1014 5493 Curatorem
1055 5441 1222 5504 hunc,
1254 5441 1572 5510 quicunque
1618 5439 1801 5502 fuerit,
1829 5438 1920 5492 (litt
1965 5453 2053 5493 so-

541 5523 583 5561 m
650 5508 794 5561 elata
833 5510 1119 5561 curatione
1158 5512 1308 5561 l'unui
1354 5527 1462 5561 non
1502 5521 1587 5561 est
1615 5526 1812 5561 missus
1842 5509 2048 5561 Greco-

467 5508 583 5581 lum
612 5508 794 5581 delata
833 5510 1119 5581 curatione
1158 5508 1308 5581 l'ungi
1354 5508 1587 5566 nonest
1615 5526 1812 5580 passus
1842 5509 2048 5580 Grego-

467 5580 585 5633 rius
635 5577 887 5650 Magnus.
924 5577 1353 5650 Nam_episcopo
1403 5577 1670 5637 Triocala:
1724 5577 2050 5633 uisitationis

466 5648 988 5721 curanrcbtnntisit.
1028 5648 1261 5721 VDeSnnt
1289 5648 1519 5721 quidem
1569 5653 1799 5716 litterae,
1850 5651 2050 5721 quibus

470 5719 769 5791 Ecclesium
807 5720 954 5791 illam
986 5720 1139 5774 obire
1165 5719 1413 5789 jusserit,
1439 5719 1903 5791 quemadmodum
1928 5722 2048 5775 alia:

468 5791 630 5843 etiam
664 5789 1079 5859 desiderantur,
1108 5805 1246 5860 quas
1277 5808 1306 5846 a
1340 5789 1607 5863 Gregorio
1653 5793 1891 5861 scriptas
1913 5806 2046 5857 esse

2155 4591 2253 4646 καὶ
2282 4590 2394 4644 τῶν
2426 4590 2729 4662 ἀρχόντων,
2760 4593 2857 4646 καὶ
2890 4592 2968 4663 μὴ
3011 4592 3265 4664 εὑρόντες
3311 4595 3404 4649 τὸν
3440 4595 3721 4666 μακάριον,

2153 4685 2394 4758 ήρξαντο
2420 4684 2797 4758 ταράσσεσθαι
2825 4687 2919 4739 καὶ
2944 4684 3222 4751 ὀλολύζειν
3244 4687 3339 4741 καὶ
3366 4685 3722 4759 κατακράζειν

2153 4778 2301 4833 κατά
2339 4776 2436 4831 τοῦ
2464 4779 2684 4848 ἀνιέρου
2719 4778 3002 4847 συνεδρίου
3033 4777 3247 4831 ἐκείνου
3269 4795 3282 4810 ·
3328 4777 3515 4832 λοιπὸν
3545 4776 3601 4829 δὲ
3633 4774 3720 4828 καὶ

2154 4871 2295 4924 κατὰ
2343 4869 2440 4924 τοῦ
2484 4869 2741 4940 ἐξάρχου.
2798 4867 3086 4937 λέγοντες’
3135 4859 3203 4921 Τί
3256 4869 3588 4937 πεποιήκατε
3636 4862 3718 4915 τὸν

2154 4962 2345 5034 κύριον
2394 4958 2577 5031 ήμῶν,
2599 4959 2692 5011 τὸν
2721 4957 2884 5012 καλὸν
2912 4958 3123 5028 νομέα;
3155 4957 3265 5029 ἄρα
3296 4958 3616 5028 πεφόνευται
3637 4950 3735 5020 ὑφ’Δ

2153 5051 2342 5123 ὑμῶνς
2387 5052 2445 5104 ’0
2477 5050 2536 5103 δὲ
2566 5050 2751 5114 αὐτοῖς
2774 5049 3117 5120 ἀπεκρίνατο
3137 5065 3152 5081 ·
3186 5050 3323 5119 οὐχὶ
3341 5088 3358 5115 ,
3386 5046 3622 5117 ἀδελφοὶ,
3648 5044 3717 5115 μὴ

2152 5145 2386 5215 γένοιτο,
2438 5142 2514 5206 ὡς
2560 5144 2720 5213 ὑμεῖς
2782 5140 3113 5211 ἐνθυμεῖσθε
3168 5140 3328 5195 τοῦτο
3374 5138 3620 5211 γενέσθαι
3665 5136 3717 5187 ἐν

2155 5234 2307 5305 αὐτῷ
2327 5252 2341 5266 ο
2375 5235 2494 5289 ἀλλ’
2526 5235 2690 5298 αὐτὸς
2741 5234 2975 5305 αἰτήσας
3010 5233 3160 5305 ἡμᾶς
3179 5276 3194 5302 ,
3226 5234 3530 5307 ἀνέδραμεν
3555 5225 3716 5299 οἰκεία

2153 5436 2507 5512 manifestum
2537 5447 2650 5512 est,
2676 5442 2821 5511 quod
2854 5441 2966 5512 jam
2997 5438 3409 5512 Papebrocbius
3443 5438 3520 5509 (in
3552 5432 3710 5512 Catal.

2152 5506 2315 5584 Pont.
2357 5510 2426 5563 ad
2469 5508 2564 5566 Gr.
2606 5504 2708 5582 LL)"
2761 5504 3044 5584 adnotavit
3079 5504 3101 5565 Ξ
3135 5509 3227 5584 sed
3284 5504 3479 5584 tamen;
3504 5522 3579 5562 eae
3620 5504 3715 5584 hoc

2153 5579 2333 5655 ipsum
2387 5576 2696 5655 testantur,
2721 5597 2858 5650 quas
2906 5583 3110 5655 eidenL
3136 5582 3392 5655 episcopo
3440 5576 3715 5655 Grex???“

2154 5644 2347 5715 misit,
2414 5660 2473 5705 ut
2523 5667 2589 5706 ex
2642 5644 3016 5723 Agrigentinte
3070 5644 3342 5723 Ecclesia:-
3380 5644 3712 5723 proventibus

2152 5731 2684 5793 quartamwpartcm
2737 5721 2801 5776 in
2839 5723 3164 5793 uisitationis
3198 5721 3534 5793 stipendium
3584 5727 3707 5768 ssn-

2153 5789 2346 5862 gnaret
2396 5789 2514 5864 (lib.
2560 5809 2615 5859 v,
2666 5793 2828 5863 epist.
2864 5792 2955 5867 19.)
2991 5811 3005 5849 :
3036 5808 3158 5858 qua:
3191 5789 3335 5849 intra
3363 5789 3702 5857 proferentur.
