4102 6382
506 330 611 394 663

1493 355 1553 414 S.
1595 355 1970 418 GREGORII
2009 363 2518 429 AGRIGENTINI
2558 371 2756 436 VITA.

3648 380 3746 447 66‘

505 443 736 500 tundere
761 454 815 499 et
841 447 1080 506 clamare
1105 453 1273 524 cmpit
1307 473 1318 509 :
1353 455 1468 512 Heu
1503 475 1590 514 tne
1615 461 1911 519 miserum!
1943 469 2053 538 qui:

505 531 1004 553 μηημμηρ,
1233 543 1336 553 -..
1443 546 1456 553 -

2178 471 2265 536 δὸς
2285 473 2443 541 δόξαν
2469 475 2546 545 τῷ
2573 475 2693 548 Θεῷ
2717 475 2795 547 τῷ
2818 477 3248 552 ἐπισκεψαμένῳ
3281 499 3364 542 σε.
3407 443 3673 553 Ἀναστὰς
3685 443 3742 546 δὲ

501 531 571 586 de
611 532 722 589 lilio
753 550 875 591 meo
901 536 1104 594 factum
1137 543 1258 598 est?
1296 543 1537 602 Omnino
1568 564 1695 605 eum
1731 531 2072 616 daemon-vel

499 621 557 676 in
601 639 844 696 praeceps
900 631 986 684 vel
1034 633 1090 686 in
1124 647 1324 705 aquam
1377 649 1562 694 actum
1613 646 1860 699 enecavit
1894 664 1908 702 :
1943 651 2071 720 quid

502 717 800 782 putandum
857 720 952 787 sit,
995 725 1202 780 nescio.
1238 725 1363 783 llaec
1408 730 1540 785 dum
1581 733 1789 790 diceret
1833 717 2070 798 carceris

497 817 708 873 custos,
751 811 928 867 oculis
983 807 1324 876 circumlatis
1372 821 1520 879 fores
1566 828 1803 885 carceri-5
1851 841 2072 901 apertas

494 896 664 965 videt,
701 916 1070 974 magnamque
1109 908 1164 962 in
1199 925 1266 965 eo
1297 912 1474 968 lucem
1521 916 1808 987 splendere
1839 941 1852 976 :
1884 896 2070 995 itaque

493 987 784 1048 lamentari
813 1010 1058 1063 rursum,
1111 1017 1176 1056 ac
1207 1017 1268 1059 se
1299 1005 1562 1061 miserum
1606 1009 1794 1068 dicere
1819 1028 2071 1083 pteuam-

486 1098 600 1152 que
635 1094 900 1145 metuere.
953 1089 1088 1146 Nam
1123 1109 1232 1163 quo
1280 1111 1367 1150 me
1403 1107 1586 1168 pacto,
1637 1102 1838 1169 aiebat,
1881 1106 2070 1163 defen-

489 1175 640 1240 dam,
671 1176 792 1246 ejus
829 1179 1068 1237 hominis
1097 1200 1290 1251 causa,
1321 1203 1480 1258 quem
1505 1190 1617 1247 illic
1642 1193 1934 1250 habebam.
1959 1197 2066 1253 Sed

488 1280 616 1322 cum
649 1282 710 1324 se
759 1269 1100 1342 inclinasset,
1147 1286 1398 1333 sanctum
1429 1280 1604 1336 virum
1647 1293 1884 1340 stantem
1933 1289 2068 1344 vidit

487 1368 544 1413 et
573 1361 818 1430 psalmos
857 1351 1169 1433 canentem,
1214 1385 1453 1442 cumque
1491 1389 1558 1429 eo
1599 1375 1770 1431 lilium
1808 1395 1970 1434 suum
2011 1389 2065 1436 et

482 1447 830 1508 Platonicum
874 1471 1051 1511 :nam
1101 1466 1154 1512 ct
1195 1475 1331 1529 puer
1381 1463 1473 1517 ille
1519 1464 1727 1522 litteras
1773 1469 2062 1536 didicerat.

483 1541 593 1598 nisi
623 1545 768 1614 quod
807 1562 984 1604 annos
1017 1565 1112 1604 sex
1157 1549 1210 1605 in
1243 1553 1511 1611 daemonis
1553 1559 1833 1630 mancipio
1865 1560 2060 1618 fuerat.

480 1630 658 1688 Porro
695 1639 938 1692 carceris
985 1649 1170 1697 custos
1219 1641 1391 1698 lilium
1429 1645 1662 1704 intuitus
1714 1653 1961 1720 agnovit,
1996 1669 2063 1710 ac

479 1723 682 1794 raptim
727 1726 780 1780 iu
815 1743 1091 1786 carcerem
1122 1733 1422 1804 ingressus,
1455 1737 1520 1793 ad
1557 1739 1726 1809 pedes
1755 1742 1898 1797 beati
1931 1742 2062 1800 Gre-

2177 564 2205 615 6
2237 565 2424 636 πατὴρ
2463 566 2556 620 τοῦ
2583 567 2869 622 νεανίσκου
2897 609 2913 634 ,
2957 571 3199 640 ζητήσας
3230 574 3394 627 αὐτὸν
3429 575 3525 629 καὶ
3552 577 3627 647 μὴ
3655 585 3742 634 εὑ·-

2179 651 2309 722 ρὼν,
2342 655 2544 726 ἦρξατο
2569 657 2632 720 τὸ
2664 659 2956 730 πρόσωπον
2983 661 3148 715 αὑτοῦ
3175 662 3402 719 τύπτειν
3427 667 3526 720 καὶ
3549 668 3742 738 λέγειν·

2174 745 2334 812 υίμοι
2359 745 2438 816 τῷ
2463 747 2631 818 ἀθλίῳ
2649 789 2664 814 ,
2696 751 2749 802 τί
2788 751 3013 818 γέγονεν
3039 751 3100 804 τὸ
3123 753 3310 817 τέκνον
3353 773 3461 826 μου
3482 775 3498 824 ;
3517 757 3749 826 ’πάντως

2173 837 2202 888 6
2229 836 2440 908 δαίμων
2465 839 2626 892 αὐτὸν
2655 841 2951 908 ἀπέπνιξεν
2985 842 3018 914 ἦ
3047 844 3106 896 ἐν
3141 846 3375 916 κρημνῷ
3410 847 3446 916 ἢ
3482 849 3542 901 ἐν
3573 848 3747 916 ὕδατι,

2171 925 2233 979 τὸ
2262 927 2315 980 τί
2351 927 2674 996 λογίσασθαι
2705 932 2806 984 οὐκ
2844 929 2981 988 οἶδα.
3035 928 3172 986 Εἶτα
3201 935 3276 998 ὡς
3316 936 3496 991 ταῦτα
3539 937 3743 1007 ἔλεγεν,

2170 1017 2644 1089 περιϐλεψάμενος
2666 1023 2694 1075 6
2725 1021 3073 1093 δεσμοφύλαξ
3100 1023 3298 1096 θεωρεῖ
3323 1027 3426 1090 τὰς
3453 1028 3626 1098 θύρας
3649 1029 3744 1100 τῆς

2171 1109 2420 1180 φυλακῆς
2453 1111 2807 1182 ἀνεῳγμένας
2830 1154 2846 1178 ,
2893 1114 2990 1170 καὶ
3017 1114 3134 1183 φῶς
3165 1115 3307 1186 μέγα
3341 1119 3404 1171 ἐν
3435 1118 3514 1187 τῷ
3538 1119 3744 1190 δεσμω-

2168 1199 2366 1271 τηρίῳ,
2413 1200 2510 1254 καὶ
2541 1202 2742 1273 ἤρξατο
2792 1205 3053 1274 κράζειν·
3105 1205 3242 1262 Οὐαί
3289 1223 3382 1278 μοι
3427 1207 3509 1276 τῷ
3555 1207 3739 1280 ἀθλίῳ,

2167 1289 2302 1362 τιμὴ
2355 1291 2452 1344 σὺν
2491 1291 2649 1362 ἐμοί’
2696 1292 2881 1366 πῶςῆ
2933 1295 2985 1346 τί
3029 1295 3626 1368 ἀπολογήσομαιπερὶ
3651 1296 3740 1350 τοῦ

2167 1380 2456 1452 ἀνθρώπου
2482 1381 2672 1437 τούτου
2695 1384 2788 1438 τοῦ
2830 1385 2981 1450 ὄντος
3010 1387 3234 1455 ἐνθάδε;
3274 1389 3382 1442 Καὶ
3408 1388 3740 1460 παρακύψας

2168 1470 2276 1524 ῐδεν
2307 1471 2400 1524 τὸν
2429 1470 2587 1541 ἅγιον
2615 1475 2886 1546 στήκοντα
2911 1477 3008 1531 καὶ
3033 1477 3326 1548 ψάλλοντα,
3363 1479 3463 1532 καὶ
3495 1480 3590 1534 τὸν
3631 1480 3740 1534 υίδν

2165 1559 2334 1615 αὐτοῦ
2365 1563 2462 1616 σὺν
2489 1565 2637 1636 αὐτῷ
2661 1566 2757 1620 καὶ
2785 1567 2878 1621 τὸν
2907 1557 3277 1631 Πλατωνικόν.
3303 1566 3416 1624 Ἦν
3449 1570 3560 1641 γὰρ
3591 1572 3684 1623 καὶ
3712 1572 3740 1623 6

2164 1653 2278 1716 υίὸς
2294 1653 2458 1706 αὑτοῦ
2477 1655 2933 1726 πεπαιδευμένοςο
2951 1657 3014 1724 ἐξ
3029 1659 3139 1730 γὰρ
3160 1660 3390 1730 χρόνους
3408 1655 3558 1730 εἶχεν
3581 1659 3738 1712 ἐλαυ-

2164 1742 2390 1813 νόμενος
2421 1745 2526 1798 ὑπὸ
2555 1745 2648 1798 τοῦ
2691 1746 2963 1818 δαίμονος.
2994 1749 3349 1820 Σκεψάμενος
3393 1751 3453 1804 δέ
3487 1753 3517 1804 6
3544 1751 3739 1822 δεσμο-

479 1817 621 1886 goril
649 1819 908 1888 procidit,
955 1823 1036 1878 sic
1071 1839 1198 1879 eum
1232 1828 1424 1884 multis
1455 1845 1579 1884 cum
1605 1831 1866 1904 lacrymis
1914 1835 2053 1890 allo-

2164 1833 2365 1902 φύλαξ,
2397 1835 2491 1888 καὶ
2519 1817 2798 1906 γνωρίσας
2825 1839 2917 1891 τὸν
2955 1841 3066 1894 υἱὸν
3094 1817 3284 1908 αὑτοῦ,
3325 1843 3614 1914 δρομαίως
3639 1817 3741 1895 sla-

475 1923 650 1978 quens
688 1928 702 1964 :
731 1907 984 1968 Misereat
1013 1923 1064 1970 te
1095 1917 1226 1987 mei,
1255 1933 1288 1972 ο
1321 1916 1418 1975 Dei
1445 1936 1622 1988 serve,
1663 1932 1720 1979 et
1750 1940 1873 1994 quae
1914 1927 1970 1982 in
2002 1934 2056 1982 te

475 1999 696 2067 admisi,
727 2004 943 2060 remitte
977 2007 1134 2073 mihi,
1163 2010 1366 2080 quippe
1405 2014 1499 2082 qui
1544 2016 1800 2072 manibus
1839 2019 1976 2095 meis
2004 2027 2056 2074 te

473 2085 714 2154 vinculis
745 2099 1048 2172 astringere
1089 2117 1259 2159 ausus
1290 2105 1418 2160 sim.
1456 2105 1595 2162 Vere
1625 2107 1794 2174 enim,
1831 2089 2054 2166 domine

470 2186 571 2251 mi,
618 2197 676 2242 tu
722 2187 819 2244 Dei
867 2181 1014 2247 totus
1057 2207 1140 2246 es.
1193 2179 1370 2265 Atque
1407 2197 1477 2250 ab
1513 2211 1580 2252 eo
1609 2197 1699 2253 die
1734 2198 1896 2254 beato
1933 2201 2054 2256 viro

472 2277 792 2336 ministrare
819 2283 1003 2351 coepit,
1045 2283 1204 2354 eique
1235 2285 1471 2341 interdiu
1517 2298 1794 2360 noctuque
1816 2291 2050 2346 astabat.

2161 1922 2334 1977 ελθὼν
2364 1926 2423 1977 ἐν
2451 1923 2766 1999 τῇφυλακῇ
2793 1970 2806 1995 ,
2853 1929 3050 1985 ἔπεσεν
3079 1934 3229 2005 παρὰ
3268 1935 3402 1999 τοὺς
3445 1935 3613 1998 πόδας
3647 1932 3737 1988 τοῦ

2160 2015 2436 2086 μακαρίου
2469 2017 2776 2088 Γρηγορίου
2795 2039 2824 2084 ,·
2841 2021 3045 2076 κλαίων
3096 2026 3189 2078 καὶ
3223 2023 3441 2094 λέγων’
3489 2025 3738 2097 Ἐλέησόν

2159 2121 2264 2176 με,·
2286 2105 2438 2160 δοῦλε
2469 2111 2564 2162 τοῦ
2590 2109 2748 2174 Θεοῦ,
2795 2111 2888 2165 καὶ
2929 2113 3286 2186 συγχώρησόν
3319 2133 3416 2187 μοι
3461 2115 3498 2170 ἃ
3529 2113 3737 2188 ἔπραξα

2155 2203 2238 2266 είς
2268 2203 2327 2256 σέ
2345 2217 2360 2231 '
2385 2203 2482 2258 καὶ
2505 2203 2774 2260 ἐπέϐαλον
2803 2208 2894 2261 ἐπὶ
2923 2209 3052 2272 τοὺς
3085 2210 3318 2282 δεσμούς
3365 2229 3464 2264 σου
3505 2211 3602 2274 τὰς
3629 2213 3736 2282 χεῖ-

2157 2293 2259 2364 ράς
2292 2309 2416 2364 μου.
2459 2295 2706 2367 Ἀληθῶς
2732 2297 2866 2367 γάρ,
2894 2299 3054 2370 κύριέ
3088 2317 3213 2370 μου,
3240 2301 3334 2356 τοῦ
3369 2300 3507 2354 Θεοῦ
3531 2301 3732 2373 ἄνθρω-

467 2387 574 2436 πος
598 2367 668 2426 εἴ.
704 2375 818 2428 Καὶ
841 2376 950 2429 άπὸ
989 2377 1090 2448 τῆς
1115 2377 1332 2450 ἡμέρας
1371 2381 1621 2452 ἐκείνης,
1646 2384 1742 2470 καλ
1784 2386 1872 2464 ἐπ’
1920 2388 2103 2442 ἐκεῖνα
2150 2384 2220 2459 ἦν
2276 2389 2638 2464 ἐξυπηρετῶν
2687 2393 2716 2445 6
2765 2367 3112 2464 Geapocp‘ti).a-E
3161 2393 3241 2466 τῷ
3291 2397 3594 2468 μακαρίῳ,
3634 2367 3734 2452 ’καὶ

466 2473 844 2541 παραστήκων
873 2471 1024 2542 αὐτῷ
1047 2475 1266 2546 ἡμέρας
1293 2477 1386 2530 καὶ
1409 2479 1624 2544 νυκτός.
1899 2554 1906 2561 _

538 2555 700 2614 LXV.
737 2558 908 2620 Multo
955 2574 1078 2632 post
1121 2567 1368 2636 tempore
1416 2568 1581 2623 vidua
1637 2555 1926 2640 quaedam,
1979 2574 2049 2628 ad

463 2665 631 2716 quam
681 2653 1056 2724 prodigiorum
1106 2653 1254 2711 fama
1303 2670 1648 2728 pervenerat,
1701 2654 1770 2717 ad
1827 2663 2050 2719 beatum

461 2741 642 2794 virum
687 2742 742 2796 in
776 2758 1052 2800 carcerem
1083 2749 1254 2813 venit,
1299 2765 1537 2821 cumque
1573 2751 1710 2809 ﬂens
1746 2769 1940 2826 rogare
1968 2757 2049 2810 sic

461 2832 664 2901 coepit:
696 2831 950 2890 Filiolam
979 2836 1246 2905 habeo,'o
1275 2840 1370 2897 Dei
1399 2856 1578 2908 serve,
1607 2845 1924 2924 uni‘genam,
1951 2849 2046 2902 sed

461 2938 590 2993 qua
621 2923 848 2982 incurva
876 2939 981 2994 est,
1010 2946 1112 2987 nec
1134 2933 1332 2988 caelum
1363 2934 1646 3004 suspicere
1682 2923 1910 2992 omnino
1942 2953 2044 3008 po-

461 3024 594 3071 test.
631 3015 733 3072 Cui
765 3029 992 3077 sanctus
1024 3023 1124 3090 vir,
1173 3023 1310 3089 lloc,
1375 3043 1410 3081 ο
1453 3029 1672 3096 mulier,
1704 3030 1920 3101 inquit,
1948 3031 2046 3088 Dei

2218 2569 2338 2627 EE’.
2363 2572 2520 2626 Μετὰ
2556 2572 2614 2627 δέ
2655 2575 2824 2630 πολὺν
2865 2577 3054 2648 χρόνον
3083 2575 3322 2640 ἀκούσας
3363 2593 3457 2640 τις
3493 2576 3636 2647 χήρα
3669 2573 3734 2629 τὰ

2151 2665 2378 2733 σημεῖα,
2411 2663 2447 2718 ἃ
2480 2665 2654 2719 ἐποίει
2701 2669 2731 2720 6
2776 2668 3071 2740 μακάριος,
3104 2669 3199 2722 καὶ
3242 2668 3538 2740 δραμοῦσα
3579 2670 3635 2721 ἐν
3669 2668 3730 2738 τῇ

2151 2752 2390 2826 φυλακῇ,
2433 2756 2734 2825 παρεκάλει
2768 2757 2860 2810 τὸν
2903 2759 3172 2832 μακάριον
3207 2759 3484 2813 κλαίουσα
3528 2758 3624 2812 καὶ
3651 2758 3731 2811 λέ-

2148 2859 2354 2916 γουσα·
2387 2843 2554 2900 Δοῦλε
2579 2844 2672 2900 τοῦ
2701 2844 2858 2913 Θεοῦ,
2891 2848 3185 2921 θυγάτριόν
3232 2865 3323 2918 μοι
3359 2849 3606 2919 ὑπάρχει
3637 2864 3728 2918 μο-

2148 2937 2386 3004 νογενὲς,
2426 2939 2520 2992 καὶ
2560 2938 2708 2992 ἐστιν
2754 2939 3146 3008 συγκύπτουσα
3183 2940 3290 3004 ἀεὶ,
3345 2940 3448 2994 καὶ
3498 2941 3573 3011 μὴ
3603 2931 3729 2993 ἅναξ

2147 3027 2382 3082 νεύουσα
2408 3028 2468 3083 τὸ
2501 3029 2740 3086 σύνολον.
2785 3030 2846 3086 Ὁ
2873 3031 2931 3085 δέ
2966 3032 3120 3100 ἆγιος
3149 3031 3296 3098 λέγει
3327 3031 3476 3102 αὐτῇ
3499 3047 3512 3062 ·
3548 3028 3726 3092 Τοῦτο,

463 3107 638 3164 solius
663 3124 800 3180 opus
827 3121 932 3178 est,
971 3115 1067 3184 qui
1097 3115 1264 3172 verbo
1295 3118 1525 3173 salutem
1575 3121 1708 3176 dare
1750 3131 1949 3191 potest,
1989 3131 2048 3177 ut

2154 3118 2330 3188 γύναι,
2377 3119 2474 3173 τοῦ
2519 3120 2655 3174 Θεοῦ
2701 3124 2864 3192 μόνου
2903 3122 3063 3193 ἔργον
3111 3122 3282 3186 ἐστὶν,
3327 3122 3416 3194 τῷ
3451 3122 3726 3192 δυναμένῳ

462 3209 520 3253 et
551 3199 684 3256 olim
715 3201 994 3260 incurvam
1022 3207 1306 3262 mulierem
1329 3211 1523 3266 erexit.
1547 3211 1644 3266 Illa
1664 3227 1798 3268 vero
1820 3214 2043 3270 domum

460 3289 730 3358 profecta,
765 3291 1039 3351 liliam.ad
1080 3299 1244 3367 pedes
1279 3302 1454 3356 sancti
1499 3301 1750 3374 Gregorii
1797 3295 2048 3374 adduxit,

462 3381 536 3466 ab
571 3397 749 3454 eoque
795 3389 1100 3455 contendit,
1144 3399 1202 3444 ut
1231 3390 1424 3462 preces
1467 3409 1568 3463 pro
1615 3395 1730 3466 ipsa
1766 3396 2042 3456 funderet.

461 3472 729 3538 Quicum
791 3494 972 3548 genua
1023 3480 1287 3546 ﬂexisset,
1328 3484 1500 3540 Deum
1553 3489 1871 3558 supplicans
1927 3490 2044 3545 ait:

463 3563 698 3623 Domine
725 3567 870 3626 Deus
891 3573 1263 3644 omnipotens,
1295 3560 1404 3646 qui.
1429 3579 1582 3634 solus
1629 3590 1855 3638 sanctus
1885 3591 2048 3652 atque

459 3661 1036 3732 incomprehensibilis
1079 3682 1156 3731 es,
1201 3664 1346 3724 unus
1373 3670 1775 3743 'prodigiorum
1819 3690 2070 3744 magum.

463 3767 588 3808 rum
619 3753 870 3821 ell'eetor,
905 3758 1049 3812 servi
1096 3760 1172 3813 tui
1225 3760 1435 3831 respice
1472 3778 1682 3832 preces,
1715 3773 1770 3820 et
1809 3765 2046 3835 puellam

463 3843 610 3901 hanc
647 3845 909 3903 invisibili
935 3847 1025 3902 illa
1051 3850 1290 3906 dexterae
1319 3862 1424 3907 tuae
1469 3856 1712 3924 potentia
1746 3857 2047 3913 valetudini

461 3933 730 3995 restitue:
775 3948 836 3993 ut
883 3941 1236 3998 manifestum
1279 3945 1351 3999 sit
1413 3955 1468 4000 te
1505 3963 1677 4002 unum
1723 3964 1844 4005 esse
1874 3951 2048 4006 Deum

461 4041 672 4094 verum,
727 4029 1176 4095 misericordem,
1223 4033 1543 4102 placabilem
1589 4035 1658 4089 iis
1707 4036 1802 4104 qui
1875 4045 1928 4092 te
1975 4051 2044 4091 ex

462 4117 947 4183 animoinvoeant,
977 4129 1228 4177 sanctum
1252 4123 1490 4194 denique
1519 4125 1574 4178 in
1607 4126 1826 4182 saecula.
1851 4125 2046 4184 Amen.

461 4210 640 4281 Atque
692 4211 782 4268 his
811 4214 1058 4282 prolatis,
1097 4231 1356 4286 surgens,
1386 4221 1563 4288 puella
1619 4222 1846 4277 salutari
1892 4225 2050 4294 signo

460 4301 717 4370 lustrata,
734 4314 790 4358 et
818 4302 1024 4362 Christi
1048 4309 1164 4362 veri
1201 4309 1291 4364 Dei
1321 4312 1491 4366 nostri
1511 4313 1735 4368 nomine
1760 4313 2046 4369 invocato:

461 4395 686 4460 Insiste,
743 4397 943 4465 inquit,
999 4400 1228 4468 pedibus
1281 4403 1428 4458 tuis:
1473 4421 1542 4460 ea
1601 4421 1734 4462 vero
1775 4407 2050 4478 extemplo

461 4487 640 4542 erexit
687 4502 812 4544 sese
847 4505 912 4544 ac
953 4491 1122 4557 stetit,
1167 4494 1400 4550 sanitate
1435 4506 1674 4567 recepta.
1723 4497 1873 4566 Quas
1915 4513 2048 4554 vero

462 4588 641 4636 mater
657 4581 778 4652 ejus
797 4581 908 4636 Deo
921 4583 1115 4640 laudes
1136 4599 1244 4640 non
1273 4587 1506 4644 reddidit
1523 4571 1552 4644 ἶν’
1569 4588 1702 4656 Qua:
1734 4600 1790 4646 et
1819 4589 2046 4646 domum

461 4687 586 4727 cum
605 4671 718 4731 lilia
749 4691 990 4742 reversa,
1023 4693 1120 4747 per
1149 4679 1338 4734 urbem
1361 4681 1676 4738 universam
1699 4683 1788 4738 Dei
1804 4683 2048 4754 prodigia

461 4764 697 4839 [Lxxxu]
729 4783 828 4838 per
868 4767 1088 4826 beatum
1114 4769 1438 4843 Gregorium
1469 4783 1683 4843 patrata
1730 4775 2044 4832 celebravit.

461 4851 710 4930 Cumque
737 4876 860 4916 eam
894 4863 1058 4917 vicini
1087 4863 1508 4936 interrogarent,
1553 4866 1679 4936 quis
1726 4866 1892 4922 [Iliam
1925 4866 2046 4938 ejus

463 4962 735 5016 sanasset,
777 4951 992 5024 Hospes
1018 4955 1270 5024 quidam,
1319 4957 1708 5027 respondebat,
1752 4959 2044 5030 episcopus

463 5041 706 5108 Siculus,
741 5058 906 5114 quem
933 5045 1124 5100 dicunt
1148 5045 1252 5100 sub
1283 5045 1468 5116 judice
1490 5061 1634 5113 esse,
1665 5063 1844 5118 eoque
1863 5049 2044 5104 uomi-

461 5147 534 5187 ne
559 5135 766 5190 carceri
797 5136 1050 5192 addictus
1079 5145 1187 5191 est.

531 5373 719 5431 LXVI.
757 5374 876 5429 Alia
905 5377 1188 5432 enimvero
1219 5378 1271 5432 id
1307 5395 1480 5448 genus
1509 5381 1680 5434 multa
1715 5395 1938 5441 sanctus
1961 5387 2044 5440 vir

461 5468 516 5521 in
575 5482 800 5524 carcere
853 5469 999 5535 fecit,
1050 5473 1458 5544 multorumque
1531 5478 1755 5532 morbos
1805 5481 2043 5534 curavit.

459 5559 647 5617 Serius
678 5571 862 5617 autem
887 5564 1002 5620 sive
1029 5575 1152 5634 post
1192 5583 1396 5622 annum
1435 5569 1548 5642 (75)
1582 5571 1822 5640 poutilei
1860 5573 2040 5627 maxi-

527 5706 641 5782 (75)
671 5705 786 5762 Non
813 5707 1010 5782 otique
1037 5707 1596 5782 Gregorius_Magmts
1650 5727 1871 5768 causam
1921 5713 2039 5782 epi-

465 5779 616 5848 scopi
651 5777 828 5832 nostri
852 5777 1163 5847 neglexerat
1190 5788 1284 5834 aut
1309 5777 1508 5835 oblitus
1541 5781 1756 5838 fuerat:
1804 5783 1895 5839 sed
1945 5777 2038 5838 ac-

2151 3206 2324 3262 σῶσαι
2345 3209 2510 3281 λόγῳ,
2535 3211 2611 3276 ὡς
2641 3213 2734 3266 καί
2764 3230 2892 3266 ποτε
2915 3213 3012 3281 τὴν
3043 3213 3470 3282 συγκύπτουσαν
3497 3213 3726 3284 ἀνόρθω-

2151 3314 2242 3353 σεν
2268 3302 2526 3370 γυναῖκα.
2572 3300 2910 3356 Ἀπελθοῦσα
2939 3303 2994 3357 δέ
3021 3305 3054 3375 ἡ
3079 3305 3238 3374 γυνὴ,
3267 3305 3485 3376 ἢγαγεν
3509 3303 3607 3373 τὴν
3639 3301 3726 3356 θυι

2149 3393 2356 3462 γατέρα
2381 3392 2551 3463 αὐτῆς
2575 3393 2728 3464 παρὰ
2749 3394 2876 3458 τοὺς
2903 3395 3069 3458 πόδας
3095 3394 3190 3448 τοῦ
3215 3395 3370 3464 άγὲου
3403 3389 3722 3466 Γρηγορίουο

2149 3481 2245 3534 καὶ
2277 3481 2578 3552 παρεκάλει
2603 3485 2784 3548 αὐτὸν,
2823 3485 2972 3548 ὅπως
3015 3485 3310 3557 ἐπεύξηται
3345 3486 3527 3557 αὐτῇ.
3569 3485 3626 3538 '0
3673 3482 3724 3536 δὲ

2149 3573 2336 3636 κλίνας
2375 3569 2468 3626 τα
2487 3571 2692 3642 γόνατα
2731 3575 2920 3642 αὑτοῦ,
2949 3575 3193 3630 ἱκέτευεν
3223 3575 3311 3630 τὸν
3335 3575 3500 3642 Θεὸν,
3529 3575 3722 3644 λέγων·

2147 3659 2323 3732 Κύριε
2360 3664 2390 3716 6
2418 3662 2550 3727 Θεὸς
2583 3665 3004 3736 παντοκράτωρ,
3030 3666 3060 3718 6
3094 3666 3254 3736 μόνος
3282 3665 3446 3734 ἆγιος
3478 3667 3572 3720 καὶ
3598 3667 3728 3720 ἅκα-

2147 3751 2446 3824 τάληπτος,
2477 3755 2506 3807 ό
2533 3755 2704 3808 ποιῶν
2737 3754 3023 3826 θαυμάσια
3051 3755 3284 3826 μεγάλα,
3314 3755 3613 3826 ἐπίϐλεψον
3638 3753 3726 3807 ἐπὶ

2147 3845 2246 3916 τὴν
2285 3847 2596 3918 προσευχὴν
2634 3846 2726 3900 τοῦ
2755 3845 2942 3902 δούλου
2977 3865 3096 3913 σου,
3123 3848 3216 3901 καὶ
3249 3847 3405 3901 ἴασαι
3437 3847 3538 3920 τὴν
3566 3846 3723 3900 παῖδα

2149 3935 2354 4006 ταύτην
2392 3940 2460 4008 τῇ
2489 3937 2717 4007 δυνάμει
2747 3955 2841 3990 σου
2889 3940 2955 4009 τῇ
2988 3938 3206 4009 ἀοράτῳ
3249 3939 3345 3992 καὶ
3381 3936 3719 4008 πνευματικῇ

2149 4031 2333 4103 δεξιᾷ,
2367 4033 2454 4086 ἵνα
2477 4032 2687 4104 δειχθῇ,
2725 4034 2806 4086 δτι
2851 4031 2916 4086 σὺ
2953 4033 3112 4104 μόνος
3147 4033 3283 4098 Θεὸς
3319 4033 3594 4104 ἀληθινὸς,
3633 4029 3718 4084 εὕ-

2152 4123 2466 4194 σπλαγχνος
2487 4127 2582 4178 καὶ
2608 4126 2833 4195 εὑήκοος
2855 4127 2966 4188 τοῖς
2989 4124 3440 4196 ἐπικαλουμένοις
3464 4143 3522 4178 σε
3552 4126 3609 4176 ἐν
3629 4122 3718 4192 ὅλῃ

2150 4215 2372 4286 καρδία,
2413 4215 2495 4268 ὅτι
2525 4215 2680 4285 ἆγιος
2711 4198 2761 4268 έι
2789 4217 2869 4280 εἰς
2898 4217 3024 4280 τοὺς
3049 4215 3275 4280 αἰῶνας.
3316 4217 3512 4288 Ἀμήν.
3545 4215 3722 4267 Ταῦτα

2149 4307 2210 4360 δὲ
2243 4305 2410 4360 αὑτοῦ
2440 4307 2709 4370 εἰπόντος,
2750 4308 2988 4370 ἀναστὰς
3017 4309 3114 4361 καὶ
3143 4309 3594 4379 κατασφραγίσας
3629 4305 3722 4358 αὐ·

2150 4395 2250 4468 τὴν
2301 4397 2392 4450 ἐπὶ
2447 4395 2526 4466 τῷ
2567 4395 2796 4466 ὀνόματι
2846 4395 3084 4466 Χριστοῦ
3141 4397 3234 4452 τοῦ
3281 4396 3539 4469 ἀληθινοῦ
3591 4393 3719 4449 Θεοῦ

2078 4467 2124 4524 Ῑ)
2153 4467 2332 4557 ἡμῶν,
2375 4485 2631 4549 Ἀνάστα,
2666 4484 2837 4554 λέγει,
2871 4485 2963 4538 ἐπὶ
2990 4485 3119 4547 τοὺς
3144 4483 3310 4548 πόδας
3341 4467 3468 4538 σουο
3495 4485 3529 4554 ἠ
3557 4481 3615 4534 δὲ
3635 4480 3722 4533 si:-

2151 4579 2290 4640 θέως
2324 4577 2418 4630 καὶ
2445 4577 2790 4648 παραχρῆμα
2830 4573 3112 4646 άνορθώθη
3147 4576 3242 4628 καὶ
3273 4575 3402 4646 ἔστη
3441 4575 3616 4644 ὑγιής.
3659 4567 3719 4624 Ἡ

2149 4669 2206 4722 δέ
2260 4669 2444 4740 μήτηρ
2501 4671 2670 4740 αὐτῆς
2711 4669 2964 4735 ἐδόξασεν
2995 4669 3089 4750 τδν
3139 4669 3292 4734 Θεὸν,
3343 4670 3440 4722 καὶ
3485 4664 3718 4736 ἀπῆλθεν

2153 4760 2291 4830 μετὰ
2315 4761 2413 4828 τῆς
2439 4759 2708 4832 θυγατρὸς
2733 4759 2904 4830 αὐτῆς
2927 4761 3007 4824 εἰς
3027 4759 3118 4812 τὸν
3139 4756 3288 4812 οἷκον
3321 4753 3510 4828 αὐτῆς,
3537 4757 3719 4824 διαφη-

2153 4849 2387 4920 μίζουσα
2431 4851 2490 4902 ἐν
2518 4851 2620 4922 ὅλῃ
2650 4851 2716 4920 τῇ
2765 4849 2952 4921 Ῥώμῃ
2985 4849 3054 4904 τὰ
3091 4849 3353 4922 μεγαλεῖα
3381 4849 3474 4902 τοῦ
3507 4842 3656 4906 Θεοῦ,
3685 4841 3720 4896 ἃ

2149 4942 2406 5010 ἐποίησεν
2445 4943 2564 5012 μετ’
2595 4943 2766 5012 αὐτῆς
2813 4941 2902 4995 διὰ
2945 4941 3042 4994 τοῦ
3090 4941 3367 5012 μακαρίου
3399 4936 3714 5012 Γρηγορίου.

2153 5033 2378 5102 Ἔλεγον
2407 5029 2502 5087 οῦν
2525 5033 2672 5104 αὐτῇ
2714 5035 2764 5088 οἱ
2798 5033 3038 5087 σύνοικοι
3069 5033 3262 5102 αὑτῆς,
3298 5031 3395 5095 Τίς
3436 5033 3620 5086 ἰάσατο
3661 5020 3719 5076 τὸ

2149 5123 2442 5192 θυγάτριόν
2471 5139 2595 5188 σου;
2639 5122 2706 5177 Ἦ
2737 5123 2794 5176 δὲ
2823 5123 3010 5192 ἔλεγεν
3089 5123 3251 5187 Ξένος
3299 5140 3383 5188 τις
3431 5121 3716 5176 ἐπίσκοπος

2147 5213 2390 5277 Σικελός,
2419 5214 2479 5267 ὃν
2513 5215 2734 5283 λέγουσι
2767 5217 3104 5288 κατάκριτον
3126 5211 3290 5281 εἶναι,
3320 5215 3415 5268 καὶ
3446 5212 3534 5266 διά
3567 5207 3714 5264 τοῦτο

2147 5305 2530 5374 ἐγκέκλεισται
2552 5308 2610 5358 ἐν
2637 5309 2702 5378 τῇ
2729 5307 2968 5379 φυλακῇ.

2217 5398 2354 5466 τεςο.
2382 5397 2569 5452 Ταῦτα
2597 5400 2656 5452 δὲ
2687 5401 2780 5454 καὶ
2807 5400 2942 5454 ἄλλα
2993 5401 3169 5456 ἐποίει
3215 5401 3384 5455 πολλὰ
3420 5401 3448 5454 6
3479 5397 3626 5466 άγιος
3658 5392 3712 5444 ἓν

2145 5493 2213 5561 τῇ
2247 5489 2485 5561 φυλακῇς
2519 5491 2611 5545 καὶ
2652 5491 2882 5556 πολλοὺς
2906 5493 3302 5564 ἐθεράπευσεν.
3338 5492 3490 5548 Μετὰ
3515 5489 3569 5542 δέ
3593 5481 3712 5579 χρόῖ

2147 5598 2236 5634 νον
2276 5581 2443 5634 πολὺν
2473 5583 2641 5651 ἦγουν
2673 5584 2920 5638 ἐνιαυτὸν
2946 5584 3043 5636 ἕνα
3077 5584 3320 5656 ἐμνήσθη
3359 5585 3387 5636 6
3413 5583 3594 5638 πάπας
3623 5588 3708 5625 του

2147 5723 2434 5790 cusato_res
2459 5713 2665 5784 potius,
2698 5730 2819 5772 cum
2835 5713 2954 5790 sibi
2991 5723 3316 5790 metuerent.
3345 5729 3456 5790 rem
3479 5706 3707 5790 quotidi?

2145 5775 2551 5841 diﬂ‘erehant'ac
2583 5775 3078 5855 procrastiuabanl.
3099 5783 3346 5842 Declarat
3376 5775 3704 5868 hocepistola
