4102 6378
565 372 661 438 671

1546 378 1589 439 S
1671 378 2051 441 GREGORII
2082 377 2599 439 AGRIGENTtNI
2634 377 2832 440 VITA.

3711 384 3807 447 672

562 502 689 553 qua
729 502 818 543 res
862 488 985 542 illos
1015 487 1080 541 ad
1124 486 1315 543 laudes
1366 484 1478 541 Deo
1528 489 1834 546 reddendas
1862 490 2133 547 excitavit.

2247 490 2385 562 πρὸς
2444 488 2678 552 αὐτούς·
2750 489 2953 556 Ἀφετε
3011 486 3425 542 ἀναπαύσασθαι
3481 487 3572 542 τὸν
3634 489 3808 560 κύριον

453 619 462 628 .
574 579 673 634 lies
704 590 885 634 autem
920 588 1144 634 sanctus
1178 578 1478 649 Gregorius
1517 582 1822 648 admonuit,
1860 595 1921 638 ut
1950 584 2140 637 herum

564 685 725 726 suum
781 670 1063 738 quiescere
1108 671 1355 733 sinerent
1391 691 1408 727 :
1453 672 1570 743 ipse
1613 682 1827 729 noctem
1877 674 2140 744 reliquam

564 763 831 816 insomnis
853 762 1115 832 transegit
1145 761 1255 817 Deo
1287 764 1634 833 supplicans,
1666 775 1724 823 ut
1756 781 1963 836 agrum
1993 767 2143 821 saui-

565 855 661 909 tati
692 856 1024 917 restitueret,
1055 866 1220 925 atque
1248 858 1304 910 in
1337 857 1422 911 his
1451 857 1708 926 precibus
1744 872 1921 927 usque
1949 858 2018 912 ad
2044 873 2142 913 au-

563 962 742 1001 roram
792 948 1181 1018 perseveravit.
1235 946 1480 1004 Subinde
1530 950 1799 1004 matutina
1843 950 2141 1020 psalmodia

563 1041 840 1101 inchoata,
890 1041 994 1095 sub
1039 1040 1201 1094 linem
1237 1041 1959 1112 quinquagesimi'psalmi,
2008 1042 2138 1097 dum

563 1142 791 1187 sanctus
830 1133 913 1184 vir
967 1132 1094 1186 thus
1128 1130 1243 1203 (82)
1278 1132 1522 1187 adoleret
1555 1132 1694 1201 (85),
1734 1132 1939 1187 exsiliit
1984 1148 2015 1187 e
2062 1133 2139 1187 leo

563 1233 652 1278 (ιιι)
675 1224 1004 1287 Marcianus,
1029 1238 1094 1278 ae
1119 1225 1335 1278 beatum
1356 1224 1533 1277 virum
1554 1224 1959 1294 contemplatus
1978 1239 2143 1294 agno-

563 1315 640 1368 vit
675 1332 688 1365 :
722 1316 908 1383 itaque
963 1329 1263 1370 accurrens
1295 1328 1360 1368 ae
1418 1314 1584 1385 pedes
1626 1316 1745 1384 ejus
1797 1315 2138 1384 complexus,

564 1405 813 1459 osculum
843 1404 929 1459 his
957 1404 1126 1468 dedit,
1160 1405 1449 1476 ipsumque
1472 1405 1711 1461 adorans
1731 1405 1808 1460 ait
1838 1421 1853 1458 :
1888 1405 2005 1476 Ago
2025 1404 2141 1460 Deo

564 1497 769 1565 gratias
795 1509 891 1565 per
919 1505 990 1560 te,
1018 1494 1179 1552 Pater
1204 1506 1413 1562 sancte,
1440 1496 1533 1566 qui
1566 1497 1676 1551 tuis
1702 1495 1959 1565 precibus
2005 1510 2141 1551 exo-

563 1597 718 1644 ratus
772 1601 859 1641 me
888 1586 1203 1641 valetudine
1234 1590 1442 1641 donare
1485 1585 1746 1657 dignatus
1787 1596 1897 1643 est.
1939 1585 2141 1641 Mansit

565 1687 695 1726 vero
723 1672 865 1741 apud
891 1687 1016 1727 eum
1049 1671 1360 1727 Marcianus
1376 1687 1502 1727 cum
1521 1674 1708 1742 pueris
1732 1675 1873 1739 suis,
1899 1689 1966 1731 ac
1991 1674 2141 1745 psal-

563 1780 682 1820 mos
709 1764 871 1819 simul
903 1765 1173 1828 cecinere,
1209 1772 1266 1819 et
1285 1764 1568 1820 Servatori
1596 1765 1847 1820 omnium
1874 1765 1985 1821 Deo
2015 1766 2135 1820 lau-

560 1856 658 1911 des
685 1856 1014 1910 tribuerunt.
1046 1852 1293 1927 [ιιιινι]
1328 1854 1425 1910 liis
1465 1856 1704 1926 peractis
1738 1872 1867 1912 eum
1896 1857 2138 1913 assedis-

2244 581 2421 650 ὑμῶν.
2460 581 2650 633 Πᾶσαν
2684 577 2744 632 δὲ
2771 577 2871 648 τὴν
2901 577 3072 633 νύκτα
3095 579 3296 641 ᾶῦπνος
3320 578 3551 632 διετέλει
3581 593 3806 649 προσευ-

2242 672 2475 744 χόμενος
2522 670 2602 741 τῷ
2631 670 2774 739 Θεῷ,
2801 670 2952 733 ὅπως
3003 669 3166 723 αὐτὸν
3198 670 3447 739 ’ἰάσηται
3474 686 3487 698 ·
3540 669 3712 726 ταῦτα
3753 672 3807 727 δὲ

2243 764 2499 833 εποίησεν
2527 763 2634 825 ἓως
2660 761 2888 831 ὄρθρου.
2918 761 3243 831 Ἀρξάμενοι
3268 761 3326 813 δὲ
3349 761 3447 815 τοῦ
3474 761 3698 815 ἑωθινοῦ
3722 763 3809 833 δρα

2241 853 2401 924 θρου,
2432 854 2529 907 καὶ
2556 855 2637 916 είς
2658 854 2720 907 τὸ
2747 853 2903 915 τέλος
2922 853 3017 905 τοῦ
3039 852 3427 923 πεντηκοστοῦ,
3460 852 3808 919 θυμιάζοντος

2241 946 2338 1000 τοῦ
2375 946 2557 1015 ἁγίου,
2591 945 2947 1016 ἀπεπήδησεν
2990 945 3100 998 ἀπὸ
3140 946 3240 1015 τῆς
3277 945 3486 1013 κλίνης,
3520 945 3618 998 καὶ
3646 963 3805 999 κατα-

2242 1039 2442 1110 νοήσας
2484 1038 2576 1092 τὸν
2627 1037 2898 1107 μακάριον
2941 1039 2972 1091 6
3005 1037 3321 1105 Μαρκιανὸς
3354 1036 3573 1105 ἐπέγνω
3614 1037 3805 1089 αὐτόν·

2243 1131 2339 1185 καὶ
2367 1129 2593 1202 δραμὼν
2617 1129 2924 1200 ὶκρὰτησεν
2949 1127 3114 1182 αὐτοῦ
3141 1129 3268 1192 τοὺς
3301 1128 3492 1192 πόδας,
3519 1127 3613 1180 καὶ
3643 1145 3805 1197 προσσ-

2242 1223 2507 1291 εκύνησεν
2547 1221 2697 1290 αὑτῷ
2737 1220 3052 1288 καταφιλῶν
3088 1220 3285 1283 αὐτοὺς
3328 1220 3424 1273 καὶ
3465 1219 3642 1288 λέγων
3664 1237 3678 1250 θ
3718 1220 3809 1271 Εὐ-

2242 1313 2485 1387 χαριστῶ
2513 1313 2590 1384 τῷ
2615 1310 2736 1382 Θεῷ
2759 1312 2847 1365 διὰ
2874 1310 2991 1376 σοῦ,
3029 1311 3212 1381 Πάτερ
3244 1311 3388 1379 ἅγιε,
3412 1312 3442 1363 6
3471 1310 3804 1377 καταξιώσας

2244 1422 2315 1476 με
2339 1405 2428 1459 διὰ
2456 1406 2568 1457 τῶν
2598 1404 2775 1476 εὐχῶν
2806 1420 2903 1456 σου
2934 1405 3117 1474 τυχεῖν
3149 1402 3387 1473 ῥώσεως.
3421 1404 3594 1473 Ἐστη
3628 1402 3685 1454 δὲ
3716 1404 3805 1456 σῦν

2239 1496 2394 1567 αύτῷ
2416 1498 2447 1550 6
2474 1496 2795 1568 Μαρκιανὸς
2824 1496 2942 1566 ἃμα
2977 1494 3087 1549 τῶν
3121 1495 3423 1565 παιδαρίων
3449 1493 3640 1563 αύτοῦ,
3677 1493 3803 1563 ψάλ-

2238 1590 2425 1653 λοντες
2453 1590 2570 1660 ἅμα
2597 1591 2694 1645 καὶ
2725 1587 3178 1659 εὐχαριστοῦντες
3200 1584 3280 1655 τῶ
3304 1586 3525 1656 Σωτῆρι
3552 1583 3659 1638 τῶν
3678 1586 3805 1639 ὅλων

2239 1679 2383 1750 Θεῷ.
2437 1679 2744 1749 Γενομένης
2788 1678 2847 1731 δὲ
2891 1676 3207 1741 ἀπολύσεως
3252 1675 3654 1743 ἐκαθέσθησαν.
3705 1676 3805 1729 Kal

2240 1767 2552 1839 ιθαύμασεν
2597 1768 2627 1820 6
2664 1766 3001 1837 Μαρκιανὸς,
3040 1769 3099 1820 ὲν
3131 1766 3269 1836 ποίῳ
3294 1766 3448 1836 τόπῳ
3479 1764 3706 1836 σκοτινῷ
3741 1762 3801 1837 ἦν

2239 1859 2629 1928 κεκλεισμένος
2679 1858 2710 1910 6
2759 1858 2935 1927 ἆγιος.
2964 1851 3098 1909 Εῐτα
3125 1855 3273 1925 λέγει
3323 1855 3405 1925 τῷ
3435 1856 3732 1926 Μαρκιανῷ
3774 1858 3800 1910 6

561 1955 702 2012 sent,
725 1956 779 2002 et
804 1948 1115 2003 Marcianus
1144 1949 1460 2013 miraretur,
1487 1950 1633 2019 quod
1662 1958 1886 2006 sanctus
1915 1951 1999 2005 vir
2024 1960 2133 2007 tam

2238 1949 2425 2016 ἆγιος’
2457 1948 2582 2010 Πῶς
2599 1946 2766 2018 ἔχεις,
2794 1945 2923 2016 κύρι
2945 1940 3251 2019 Μαρκιανὲ,
3277 1944 3435 1997 δοῦλε
3464 1946 3697 2016 Χριστοῦ
3721 1963 3734 2011 ;
3774 1949 3800 1999 6

560 2038 854 2094 tenebroso
895 2039 950 2093 in
1001 2038 1122 2094 loco
1175 2038 1474 2095 conclusus
1508 2038 1727 2108 fuisset,
1766 2057 1958 2111 rogare
2007 2057 2133 2098 eum

2234 2038 2301 2092 6t‘
2342 2039 2491 2109 ἡμᾶς
2545 2039 2799 2092 τοσοῦτον
2844 2037 3021 2109 μῆκος
3076 2037 3199 2091 ὁδοῦ
3254 2036 3517 2121 διανύσας
3560 2037 3673 2109 ἅμα
3704 2037 3800 2091 τῶν

560 2127 856 2198 Gregorius
882 2129 962 2183 sic
987 2128 1154 2198 cepit
1184 2145 1201 2183 :
1250 2127 1542 2194 Quomodo
1581 2140 1635 2187 te
1684 2132 1875 2199 babes,
1907 2132 2133 2188 Domine

2236 2129 2560 2197 ἁγιωτάτων
2610 2128 2928 2182 επισκόπων
2964 2127 3072 2181 τῶν
3124 2128 3221 2182 σὺν
3270 2130 3354 2181 σοὶ
3400 2128 3494 2181 διὰ
3539 2127 3637 2192 τὰς
3675 2128 3797 2199 ἐμὰς

557 2218 834 2276 Marciane
862 2220 1064 2276 Christi
1091 2222 1288 2277 serve?
1335 2223 1431 2293 qui
1478 2234 1663 2281 nostra
1708 2241 1873 2281 causa
1922 2235 2133 2283 tantum

2237 2219 2516 2289 ἁμαρτίας
2564 2219 2949 2282 κοπιάσαντες.
3005 2217 3169 2286 Λέγει
3222 2218 3372 2288 αὑτῷ
3403 2220 3432 2272 6
3462 2218 3821 2289 Μαρκιανός’·

560 2313 772 2368 itineris
809 2313 1129 2383 susceperis
1177 2328 1302 2369 cum
1356 2316 1720 2375 sanctissimis
1753 2318 2024 2389 episcopis
2060 2320 2133 2377 ob

2234 2309 2432 2375 Καλῶς
2476 2310 2585 2365 ἀπὸ
2621 2309 2717 2363 τοῦ
2754 2308 2870 2374 νῦν,
2902 2310 3039 2379 ἅγιε,
3065 2309 3159 2363 τοῦ
3190 2310 3348 2373 Θεοῦ,
3385 2310 3481 2364 διὰ
3508 2310 3613 2364 τῶν
3641 2310 3794 2381 εὐχῶν

556 2405 790 2459 erimina
820 2420 940 2460 mea
977 2416 1158 2461 tecum
1192 2404 1590 2465 laborantibus.
1611 2408 1714 2465 Cui
1736 2410 1827 2465 ille
1857 2428 1870 2464 :
1903 2396 2069 2478 Bene,
2098 2427 2133 2468 ο
2234 2418 2352 2456 00°-

559 2497 668 2550 Ι)ρο
698 2497 880 2559 eharc,
917 2511 985 2550 ex
1017 2495 1122 2550 hac
1145 2496 1280 2552 hora
1312 2513 1408 2567 per
1437 2506 1562 2554 tuas
1586 2515 1794 2569 preces.
1866 2542 1875 2547 -

629 2582 816 2640 LXIX.
857 2586 928 2640 At
960 2601 1099 2640 vero
1116 2584 1358 2643 Orientis
1386 2587 1650 2658 episcopi,
1694 2589 1789 2658 qui
1830 2605 1953 2645 cum
1990 2590 2133 2647 Mar-

552 2678 716 2731 eiauo
753 2677 1038 2743 venerant,
1080 2678 1248 2734 simul
1279 2688 1444 2749 atque
1489 2680 1803 2750 experrecti
1836 2681 2006 2747 luere,
2033 2683 2134 2739 do-

554 2784 731 2834 mum,
772 2769 827 2824 in
877 2785 987 2840 qua
1029 2770 1348 2840 spatbarius
1398 2771 1783 2837 decumbebat,
1828 2774 2127 2831 adierunt:

553 2876 664 2929 quo
694 2875 805 2916 non
834 2861 1081 2926 invento,
1113 2860 1310 2918 faciem
1342 2862 1444 2919 sibi
1476 2864 1707 2919 tundere
1734 2874 2049 2934 coeperunt,
2078 2876 2133 2923 et

2234 2874 2343 2937 τὸν,
2373 2874 2612 2944 ἦρξαντο
2638 2871 2865 2925 τύπτειν
2885 2871 2956 2924 τὰ
2984 2871 3256 2940 πρόσωπα
3285 2869 3504 2925 ἑαυτῶν
3534 2869 3787 2938 λέγοντες·

554 2948 669 3004 ileu
697 2950 958 3015 clamare,
984 2951 1118 3020 quid
1144 2951 1347 3007 factum
1373 2960 1460 3007 est
1480 2951 1572 3022 qui
1590 2952 1874 3008 nobiseum
1908 2953 2015 3008 huc
2043 2969 2133 3009 ve-

2234 2964 2299 3017 Tl
2325 2963 2552 3032 γέγονεν
2584 2963 2737 3033 ἡμῖν,
2767 2961 2872 3015 ποῦ
2902 2963 2931 3015 6
2961 2962 3061 3014 σὺν
3088 2962 3224 3031 ἡμῖν
3259 2957 3577 3025 κατελθών;
3605 2956 3657 3011 τί
3678 2956 3801 3011 ano.

552 3041 672 3095 nit?
700 3041 875 3107 Quam
900 3043 1315 3099 excusationem
1335 3042 1562 3099 domino
1596 3052 1787 3103 nostro
1816 3045 2131 3115 imperatori

2234 3054 2581 3128 λογησόμεθα
2599 3054 2680 3125 τῷ
2706 3053 2882 3124 κυρίῳ
2912 3051 3072 3123 ἡμῶν
3092 3051 3171 3123 τῷ
3193 3051 3412 3122 βασιλεῖ
3444 3049 3575 3121 περὶ
3604 3043 3692 3102 τοῦ
3707 3048 3764 3100 ἀν
3779 3070 3796 3084 ο

551 3131 864 3198 aﬂ‘eremus,
888 3132 983 3202 qui
1007 3132 1186 3188 virum
1213 3133 1361 3189 hunc
1387 3135 1549 3191 unice
1587 3136 1846 3192 amabat?
1874 3138 2011 3192 Ecce
2033 3153 2131 3193 ve-

2234 3148 2360 3219 δρὸς
2386 3147 2483 3201 τοῦ
2521 3146 2675 3210 ὄντος
2722 3143 2890 3201 αὑτοῦ
2922 3143 3242 3213 ἀγαπητοῦς
3276 3143 3392 3197 Kal
3439 3143 3550 3197 ἰδοὺ
3594 3134 3670 3202 εἷς
3689 3149 3783 3189 των

554 3239 617 3277 ro
644 3237 931 3281 servorum
974 3240 1119 3280 unus
1142 3240 1173 3279 e
1206 3240 1429 3281 carcere
1463 3226 1737 3290 veniebat,
1771 3228 1865 3297 qui
1909 3228 1991 3284 sic
2019 3229 2133 3299 epi-

2238 3237 2544 3309 παιδαρίων
2566 3235 2905 3307 παρεγένετο
2933 3236 3000 3288 ὲκ
3032 3234 3132 3304 τῆς
3163 3234 3435 3304 φυλακῆς,
3466 3233 3562 3287 καὶ
3580 3233 3794 3297 empto

552 3330 752 3385 scopos
782 3315 977 3372 allatus
1001 3326 1084 3372 est
1111 3335 1126 3371 :
1154 3315 1230 3374 Ne
1258 3333 1358 3374 vos
1392 3318 1617 3374 mmrori
1650 3319 1886 3388 dedatis,
1920 3321 2133 3378 domini

2237 3325 2353 3391 θεὶς
2391 3325 2543 3395 λέγει
2588 3327 2703 3388 τοῖς
2756 3322 3079 3386 ἐπισκόποις
3103 3338 3120 3354 ο
3152 3322 3247 3393 Μὴ
3292 3321 3597 3394 λυπηθῆτε,
3635 3311 3793 3385 κύριοί

554 3407 699 3474 mei;
733 3406 900 3467 herus
945 3408 1149 3478 quippe
1197 3423 1375 3474 meus,
1414 3409 1602 3465 divino
1634 3425 1864 3467 munere
1889 3426 1988 3482 per
2011 3412 2133 3482 pias

2239 3433 2369 3486 μου,
2394 3416 2478 3470 δτι
2524 3415 2614 3469 διὰ
2658 3414 2753 3471 τοῦ
2779 3413 2915 3471 Θεοῦ
2940 3413 2991 3467 ’ὁ
3031 3411 3220 3484 κύριός
3251 3429 3352 3483 μου
3390 3412 3485 3467 διὰ
3511 3410 3617 3464 τῶν
3643 3405 3793 3475 ἁγίων

555 3513 749 3567 preces
780 3500 959 3555 sancti
992 3500 1143 3556 illius
1170 3500 1410 3571 episcOpi
1452 3500 1688 3573 hospitis
1737 3502 1828 3558 hic
1867 3502 1922 3557 in
1951 3512 2133 3559 custo-

2236 3506 2413 3577 εὐχῶν
2445 3500 2539 3560 τοῦ
2567 3507 2727 3576 ἁγίου
2754 3506 3056 3559 ἐπισκόπου
3080 3504 3297 3558 ἐκείνου
3332 3501 3434 3557 τοῦ
3466 3502 3615 3564 ὄντος
3648 3500 3703 3551 ἐν
3732 3498 3792 3566 τῇ

548 3592 701 3647 diam
728 3592 937 3657 traditi,
969 3592 1130 3663 cujus
1160 3608 1386 3651 causam
1426 3608 1524 3649 vos
1559 3594 1667 3649 huc
1701 3594 2008 3664 judicatum
2040 3610 2133 3652 ve-

2236 3598 2449 3669 φυλακῇ
2488 3597 2583 3651 τοῦ
2627 3597 2804 3665 ξένου,
2848 3596 2917 3650 δι’
2953 3596 3013 3650 δν
3048 3594 3419 3669 παρεγένεσθε
3460 3591 3683 3648 ἐνταῦθα
3710 3588 3792 3642 τοῦ

2302 2601 2423 2657 ΞΘ.
2459 2601 2816 2663 ’Δναστάντες
2838 2594 2933 2655 οὖν
2968 2600 3018 2652 οί
3042 2598 3144 2669 τῆς
3172 2599 3469 2671 ’Δνατολῆς
3501 2599 3780 2663 ἐπίσκοπα,

2230 2695 2281 2748 οί
2314 2693 2746 2765 παραγενόμενοι
2790 2692 2930 2764 μετὰ
2972 2691 3067 2746 τοῦ
3095 2692 3444 2762 Μαρκιανοῦ,
3480 2685 3716 2763 ἀπῆλθον
3739 2692 3782 2743 ἐν

2229 2784 2311 2856 τῷ
2329 2786 2484 2856 οίκῳ,
2519 2787 2577 2839 ιν
2601 2778 2646 2852 ᾧ
2671 2781 2739 2854 ἦν
2771 2786 2801 2838 6
2823 2783 3130 2854 σπαθάριος
3151 2799 3167 2815 ’
3198 2785 3295 2839 καὶ
3328 2785 3409 2857 μὴ
3440 2784 3688 2855 εὑρόντες
3712 2782 3791 2837 αὐ-

552 3683 738 3751 nistis,
760 3684 1052 3740 sanitatem
1075 3685 1303 3755 recepit,
1319 3693 1377 3740 et
1404 3700 1526 3740 cum
1552 3686 1674 3754 ipso
1705 3686 1762 3741 in
1781 3702 2006 3751 carcere
2025 3697 2133 3753 est,

549 3791 656 3831 nec
690 3776 761 3832 ab
789 3791 856 3830 eo
880 3776 1094 3847 sejungi
1134 3778 1268 3832 vult.
1315 3775 1413 3834 llis
1453 3778 1676 3842 auditis,
1719 3790 1775 3833 et
1797 3779 1989 3849 gratiis
2022 3778 2135 3836 Deo

552 3864 695 3921 actis
735 3865 987 3921 celeriter
1034 3880 1269 3936 puerum
1359 3877 1665 3937 sequuntur
1703 3869 1943 3939 episcopi
1972 3877 2136 3938 atque

552 3956 620 4010 ad
646 3971 927 4012 carcerem
963 3958 1209 4014 veniunt.
1242 3958 1316 4016 Ut
1340 3961 1533 4030 pedem
1579 3960 1833 4027 intulere,
1871 3973 2124 4025 sanetum

550 4047 881 4121 Gregorium
937 4049 1248 4117 inveniunt,
1282 4062 1336 4108 et
1386 4069 1511 4108 cum
1550 4055 1732 4124 pueris
1773 4054 2131 4122 Marcianum,

550 4140 646 4209 qui
665 4141 831 4195 modo
858 4140 1099 4197 animam
1123 4143 1340 4211 agebat,
1382 4145 1737 4200 incolumem.
1763 4145 2133 4217 Contemplati

550 4245 682 4285 vero
701 4229 1050 4302 Gregorium,
1081 4243 1444 4304 agnoverunt,
1491 4244 1545 4290 et
1570 4235 1639 4291 ad
1670 4236 1835 4305 pedes
1867 4236 1989 4307 ejus
2020 4246 2134 4294 stac

550 4320 648 4376 tim
678 4321 975 4391 provoluti,
1007 4322 1089 4378 sic
1127 4339 1253 4379 eum
1280 4326 1726 4394 compellarunt:
1762 4325 1899 4383 Vere
1939 4338 1994 4382 tu
2028 4327 2133 4383 Do-

551 4412 702 4466 mino
719 4420 980 4483 acceptus
996 4429 1077 4478 es,
1097 4416 1539 4485 quandoquidem
1569 4417 1781 4471 Domini
1806 4420 1979 4474 nostri
1999 4418 2129 4476 Jesu

2236 3689 2423 3761 κρίναι
2451 3688 2637 3753 αὑτὸν,
2668 3687 2828 3759 ὑγιὴς
2855 3688 3103 3759 γέγονεν,
3146 3687 3242 3741 καὶ
3269 3686 3366 3739 σὺν
3391 3683 3544 3754 αὐτῷ
3572 3683 3712 3753 μένει
3743 3681 3793 3730 ὲν

2233 3783 2300 3852 τῇ
2334 3780 2574 3851 φυλακῇ,
2603 3780 2785 3834 καὶού
2817 3778 3066 3850 βούλεται
3094 3779 3251 3833 ἐάσαι
3298 3778 3482 3833 αὐτόν.
3532 3773 3708 3828 Ταῦτα
3743 3769 3796 3822 δὲ

2234 3872 2569 3936 ἀκούσαντες
2597 3874 2648 3927 οί
2679 3871 2969 3927 ἐπίσκοποι
2995 3869 3395 3941 εὐχαρίστησαν
3427 3868 3507 3939 τῷ
3539 3864 3651 3935 Θεῷ
3672 3879 3687 3895 θ
3710 3860 3794 3915 καὶ

2235 3964 2623 4036 διαδραμόντες
2669 3964 2766 4018 σὺν
2794 3962 2875 4032 τῷ
2909 3963 3202 4036 παιδαρίῳ,
3233 3957 3395 4033 ἦλθον
3428 3961 3533 4024 ἕως
3575 3958 3670 4027 τῆς
3706 3970 3794 4021 φυ-

2233 4057 2408 4125 λακῆς
2434 4073 2447 4087 ·
2507 4057 2607 4108 ικαὶ
2659 4054 2994 4118 εἰσελθόντες
3037 4055 3095 4106 ὲν
3135 4055 3203 4123 τῇ
3252 4052 3466 4123 φυλακῇ
3512 4044 3663 4120 εὗρον
3713 4044 3793 4096 τὸν

2236 4147 2391 4216 ἅγιον
2426 4145 2726 4218 Γρηγόριον
2758 4145 2854 4199 καὶ
2884 4144 2978 4198 τὸν
3005 4143 3323 4214 Μαρκιανδν
3348 4143 3447 4196 σὺν
3479 4142 3585 4195 τῶν
3612 4136 3792 4191 παιδα-

2235 4238 2365 4308 ρίων
2414 4236 2601 4301 αὐτοῦ,
2640 4237 2735 4291 καὶ
2768 4236 2860 4290 τὸν
2905 4235 3037 4288 ποτὲ
3082 4232 3530 4303 δαιμονιζόμενον
3570 4226 3791 4283 ίαθέντα.

2232 4331 2345 4385 Καὶ
2373 4330 2569 4393 ἰδόντες
2597 4330 2914 4405 ἐπέγνωσαν
2943 4327 3127 4393 αὐτὸν,
3166 4326 3261 4379 καὶ
3284 4324 3586 4395 δραμόντες
3612 4319 3792 4405 ἔπεσον

2232 4423 2383 4493 παρὰ
2410 4422 2534 4485 τοὺς
2563 4421 2732 4485 πόδας
2768 4403 2957 4484 αὐτοῦ,
2992 4417 3244 4486 λέγοντες
3274 4414 3457 4485 αὐτῷ’
3500 4403 3791 4478 Εὐλογημέ-

548 4501 753 4560 Christi
778 4504 949 4575 gratia
968 4513 1022 4559 et
1035 4507 1210 4562 sancti
1235 4505 1473 4576 Spiritus
1491 4523 1612 4576 ope,
1633 4507 1964 4565 insanabiles
1982 4526 2128 4565 mor-

2234 4530 2320 4577 νος
2345 4507 2397 4566 εἳ
2432 4513 2497 4566 σὺ
2522 4512 2598 4583 τῷ
2632 4510 2843 4582 Κυρίῳ,
2874 4511 2956 4563 ὅτι
2987 4510 3076 4563 διὰ
3104 4510 3202 4579 τῆς
3229 4507 3450 4579 χάριτος
3481 4503 3573 4559 τοῦ
3600 4496 3789 4568 Κυρίου

550 4592 652 4649 bos
668 4608 864 4649 curare
879 4604 1053 4664 potes.
1077 4595 1290 4663 Quibus
1322 4597 1442 4652 ille:
1471 4595 1690 4654 Salvete
1713 4606 1768 4653 et
1785 4612 1904 4663 vos,
1925 4599 2124 4669 inquit,

552 4685 788 4740 Domino
819 4692 1085 4757 propltlo,
1116 4702 1332 4755 omnes,
1369 4702 1404 4742 ο
1436 4688 1743 4755 catholicae,
1777 4704 1943 4761 quam
1981 4691 2126 4746 Deus

549 4794 714 4834 uuam
736 4787 907 4849 amat,
934 4779 1193 4835 Ecclesia:
1235 4780 1508 4836 columnas
1535 4789 1701 4851 atque
1735 4782 1918 4836 bases.
1945 4779 2127 4849 Quor-

548 4886 671 4926 sum
691 4879 904 4927 tantum
924 4870 1296 4927 molestiarum
1334 4879 1521 4925 nostra
1569 4886 1735 4925 causa
1764 4873 2127 4942 suscepistis?

547 4959 719 5018 Nobis
743 4961 989 5032 quidem,
1024 4975 1058 5016 ο
1087 4961 1318 5028 domini,
1352 4962 1489 5016 satis
1521 4971 1641 5016 erat
1680 4961 1949 5030 judicium
1982 4963 2125 5033 ejus,

617 5117 1242 5196 (82)“Praztersacriiieii
1261 5129 1499 5196 tempus,
1516 5120 1704 5196 thuris
1723 5120 1971 5196 adoleudi
1998 5137 2128 5176 con-

446 5248 453 5257 .
550 5191 892 5262 suetudinem
926 5191 1245 5262 obtinuisse
1292 5192 1461 5262 etiam,
1499 5191 1630 5244 dum
1677 5192 1977 5260 psalmodia
2011 5209 2129 5262 per-

543 5271 824 5332 ageretur,
844 5261 1051 5316 indicat
1066 5276 1283 5330 quoque
1297 5260 1536 5332 Cyrillus
1558 5260 2041 5332 Scythopolitanus
2071 5267 2127 5319 in

553 5329 674 5387 Vita
728 5329 887 5386 Saba!
937 5336 1018 5397 (η.
1046 5329 1137 5393 45,
1184 5329 1547 5401 Αρυιζϐοιει.
1583 5329 1779 5400 ι.“111)ἐ
1817 5335 1923 5385 Καὶ
1966 5336 2126 5401 γνοὺς

550 5404 714 5474 πόθεν
762 5405 791 5456 6
837 5401 938 5474 τῆς
973 5400 1294 5474 ψαλμῳδίαλς
1318 5398 1481 5474 ἦχος,
1503 5398 1778 5467 ὲξυπγίξει
1805 5401 1896 5453 τὸν
1939 5398 2129 5456 κανον-

549 5473 760 5543 ἀρχην,
804 5472 899 5543 καί
965 5475 1109 5543 ποιεῖ
1153 5472 1314 5543 αὑτὸν
1344 5472 1630 5540 ἠκροῦσαιο
1677 5474 1769 5525 καὶ
1810 5474 2127 5543 ,ἀπέρχεται

553 5540 692 5609 μετᾶ
732 5540 1174 5612 θυμιάματος’....
1231 5542 1297 5596 Et
1353 5544 1647 5612 intelligens
1709 5542 1847 5596 unde
1900 5540 2131 5596 oriretur

550 5612 864 5679 psalmodiw
895 5627 1074 5676 sonus,
1106 5615 1491 5667 canonarchant
1519 5613 1894 5683 expergefacit,
1924 5629 1987 5666 ac
2009 5614 2130 5682 pul-

551 5698 671 5735 sare
692 5683 885 5750 jubet;
925 5691 1034 5735 tum
1067 5685 1179 5736 abit
1224 5700 1344 5736 cum
1378 5684 1689 5751 sulﬁmento.
1722 5683 1864 5748 Quin
1897 5695 1951 5736 ct
1982 5683 2127 5737 Lati-

556 5764 749 5810 nonttn
780 5755 917 5811 ritus
951 5754 1039 5812 hic
1068 5756 1520 5823 fuit,ipuuiqunm
1558 5755 1732 5811 rarius
1785 5769 1948 5822 quam
1982 5760 2124 5823 apud

2228 4599 2387 4670 ἡμῶν
2430 4599 2608 4667 Ἰησοῦ
2661 4596 2899 4669 Χριστοῦ
2953 4600 3047 4651 καὶ⁹
3085 4599 3153 4668 τῇ
3204 4595 3493 4665 συνεργείᾳ
3524 4589 3614 4646 τοῦ
3646 4586 3787 4655 ἁγίου

2227 4690 2546 4760 Πνεύματος
2597 4689 2923 4759 θεραπεύειν
2952 4688 3252 4758 δυνάμενος
3294 4685 3444 4756 πάθη
3491 4682 3696 4738 ἀνίατα.
3738 4675 3789 4725 '0

2226 4783 2284 4836 δὲ
2328 4783 2464 4854 πρὸς
2502 4783 2701 4847 αὐτοὺς
2744 4782 3084 4853 ἀπεκρίνατο
3107 4797 3121 4810 ·
3152 4781 3393 4851 Χαίρετε
3434 4777 3527 4831 καὶ
3559 4773 3706 4842 ὑμεῖς
3735 4768 3786 4819 ὲν

2229 4879 2421 4948 Κυρίῳ
2449 4877 2651 4940 πάντες
2675 4877 2725 4930 οἱ
2749 4876 2931 4930 στύλοι
2958 4876 3054 4930 καὶ
3085 4874 3367 4946 ἑδραίωμα
3389 4876 3486 4944 τῆς
3513 4860 3785 4929 καθολικῆς

2228 4970 2325 5025 καὶ
2348 4970 2517 5041 μόνης
2546 4969 2641 5021 τοῦ
2675 4967 2809 5022 Θεοῦ
2846 4966 3192 5037 Ἐκκλησίας.
3226 4964 3292 5041 Τί
3325 4962 3630 5031 ,ὲσκύλθητε
3662 4950 3783 5023 πρὸς

2229 5126 2454 5181 Gimeos
2476 5136 2791 5190 usurpatus.
2819 5121 2981 5177 Liber
3002 5116 3354 5194 Pontiti‘calis
3371 5120 3421 5172 in
3450 5101 3779 5194 Stepljalgi!

2229 5177 2468 5319 (11.6640),
2496 5177 2634 5249 haec
2679 5177 2880 5248 habet:
2919 5194 3054 5248 Cum
3097 5193 3153 5244 in
3198 5191 3421 5246 basilica
3469 5177 3603 5241 benti
3650 5177 3778 5257 Petri

2229 5275 2415 5319 anosto
2441 5281 2588 5319 orum
2617 5265 2890 5319 oriucim’s.
2921 5264 3011 5316 ubi
3041 5278 3193 5316 sacro
3222 5263 3331 5319 ipse
3359 5271 3568 5319 corpore
3596 5261 3777 5319 requies

2228 5261 2588 5336 apostolorum
2616 5264 3011 5336 principis,u6i
3041 5278 3193 5336 sacro
3222 5263 3331 5336 ipse
3359 5271 3568 5336 corpore
3596 5261 3784 5336 τεηνξεο,

2228 5321 2354 5397 scit.
2383 5321 2626 5390 cerneret.
2665 5321 2936 5387 nocturnis
2969 5321 3337 5405 ίιιιιιίίίιιικίινὶπ
3374 5326 3528 5384 semel
3570 5321 3783 5405 lltymflf:

2229 5384 2388 5459 matis
2440 5406 2709 5459 incensum
2770 5405 2971 5472 o/fern‘,
3019 5402 3385 5476 instituituul
3416 5415 3523 5476 Ρεν,
3562 5384 3780 5476 δί’ΞΨίιξῖξ

2229 5477 2475 5530 lectiones
2505 5486 2554 5528 et
2591 5461 2923 5541 responsoria
2960 5461 3268 5526 adolentur.
3291 5461 3458 5544 [ferro
3494 5461 3775 5544 Stephanus

2232 5522 2939 5614 gaianas“;manus.
2962 5522 3107 5612 seu;
3122 5522 3277 5595 anno
3292 5522 3510 5606 ass,“
3540 5522 3667 5589 riius
3698 5522 3776 5576 ille

2229 5617 2437 5685 jamdiu
2468 5616 2814 5683 aliquatenus
2841 5614 2899 5685 in
2925 5629 3029 5667 usu
3061 5624 3199 5685 erat:

2305 5686 2416 5756 (85)
2447 5682 2581 5740 (ἰού.
2616 5684 2667 5749 1,
2696 5684 3068 5755 θαυμάζοντος
3101 5682 3393 5804 milvino.
