4102 6376
443 309 551 371 679

1436 301 1498 360 S.
1529 298 1908 360 GBEGORII
1941 296 2455 360 AGRIGENTINI
2521 296 2720 360 VITA.

3617 300 3725 367 οδε)

446 416 784 482 criminatio,
808 427 973 485 quam
1009 419 1201 467 contra
1242 407 1565 478 episcopum
1597 416 1841 462 vestrum
1879 403 2038 464 alier-

2158 408 2292 459 :i'vov
2313 405 2408 460 καὶ
2439 405 2567 467 τοὺς
2595 402 2726 475 περὶ
2755 402 2975 468 αὐτοὺς,
3007 401 3155 471 λέγει
3183 401 3212 455 ὁ
3237 403 3331 456 τὸν
3361 404 3726 462 ἀποστολικὸν

448 509 571 567 tis?
613 508 717 564 Cui
772 503 1019 573 sacrilegi
1074 502 1150 556 illi
1195 497 1655 572 responderunt:
1709 497 1888 561 Hunc.
1935 497 2038 552 do-

448 604 622 668 mine,
672 613 797 654 cunt
848 596 1028 667 puella
1078 594 1535 648 concumbentem
1566 589 1904 646 invenimus.
1945 586 2040 642 Ille

450 709 672 752 rursum
715 710 729 746 :
766 689 944 744 Vosne
995 688 1174 758 ipsum
1231 685 1464 748 vidistis,
1516 697 1585 738 an
1646 681 1824 752 puella
1881 680 2040 736 vobis

452 781 759 840 nuntiavit?
812 779 878 834 lli
909 793 1040 834 vero
1073 777 1284 846 majore
1335 773 1674 845 impudentia
1708 773 2042 846 responden-

452 886 537 929 tes
569 894 582 928 :
615 870 734 943 [xc]
763 868 1026 940 lngressi,
1050 865 1330 936 inquiunt,
1357 863 1602 928 domine,
1632 871 1692 918 ut
1713 869 2040 920 consuetum

451 963 530 1020 illi
569 964 834 1019 honorem
890 959 1242 1024 haberemus,
1275 957 1455 1027 ipsum
1489 964 1546 1034 et
1579 955 1816 1025 puellam
1857 955 1914 1010 in
1949 969 2043 1009 eo-

451 1059 582 1113 dem‘
610 1055 868 1111 cubiculo
900 1052 1244 1108 dormientes
1275 1049 1390 1120 (91)
1427 1047 1775 1115 invenimus;
1807 1061 2044 1117 cumque

452 1150 690 1220 puellam
727 1143 1309 1216 apprehendissemus,
1345 1141 1458 1194 haec
1482 1155 1672 1194 verum
1709 1137 1870 1193 nobis
1895 1137 2042 1194 fassa

453 1251 558 1304 cst,
611 1255 676 1293 ac
725 1238 874 1291 vetiti
925 1234 1255 1290 concubitus
1308 1231 1516 1286 crimen
1562 1229 1911 1286 confessione
1944 1245 2043 1288 sua

456 1346 642 1384 coram
676 1330 856 1398 legato
887 1335 980 1380 tuo
1008 1333 1064 1380 et
1097 1321 1368 1392 frequenti
1406 1319 1610 1391 populo
1652 1317 2042 1377 conﬁrmavit:

455 1422 758 1488 eademque
799 1417 872 1471 ob
907 1415 1213 1470 admissqu
1249 1411 1432 1467 scelus
1464 1414 1533 1464 ab
1580 1424 1647 1464 eo
1675 1409 1766 1463 die
1808 1409 1874 1462 ad
1908 1409 2048 1462 hanc

459 1513 604 1568 diem
628 1512 681 1564 iu
704 1509 969 1564 damonis
996 1505 1272 1576 mancipio
1295 1514 1399 1560 est.
1426 1502 1565 1558 Tum
1591 1500 1835 1572 episcopi
1856 1500 2048 1556 Orien-

460 1607 532 1662 tis
560 1607 710 1676 ipsos
739 1603 1107 1672 interpellant,
1146 1608 1200 1654 et
1235 1599 1434 1653 Protus
1469 1600 1792 1668 Ancyranus
1824 1595 1936 1664 (9'2)
1969 1595 2048 1649 sic

458 1700 760 1766 interrogat
788 1715 802 1750 :
845 1697 889 1748 υ
918 1691 1134 1748 scelesti
1183 1689 1403 1760 Dcoquc
1429 1687 1582 1742 exosi
1613 1684 1768 1740 Judae
1807 1685 2050 1739 imitato-

2139 495 2356 567 ἐπέχων
2391 495 2610 566 θρόνον*
2659 495 2759 558 Τίς
2789 495 2824 564 ή
2857 495 3183 565 κατηγορία,
3232 495 3300 566 ἧν
3327 499 3534 550 ποιεῖτε
3578 501 3725 554 κατὰ

2137 589 2234 642 τοῦ
2287 589 2590 642 ἐπισκόπου
2632 587 2823 658 ὑμῶν;
2862 588 2926 641 Oi
2969 587 3028 640 δὲ
3067 587 3276 657 ἀνίεροι
3315 589 3722 662 ἀπεκρίθησαν,

2139 681 2394 752 λέγοντες
2415 699 2428 714 ⁸
2466 683 2734 745 Δέσποτα,
2765 680 3001 751 εὕρομεν
3031 681 3196 734 αὑτὸν
3245 684 3383 752 μετά
3413 683 3515 754 τῆς
3553 685 3727 755 κόρης

2143 774 2555 844 συγγινόμενον.
2579 773 2743 838 Λέγει
2766 772 2954 836 αὐτοῖς
2973 789 2989 804 ·
3036 772 3228 841 ’Υμετς
3261 775 3422 827 αὐτὸν
3461 773 3653 840 εἴδετε,
3685 776 3724 846 ἦ

2140 866 2174 934 ἡ
2219 864 2356 934 κόρη
2379 865 2511 934 ὑμῖν
2539 863 2835 934 ὲλάλησενς
2866 865 2931 916 Oi
2962 864 3020 918 δὲ
3048 865 3213 918 πάλιν
3240 866 3730 936 ἀναισχυντοῦντες

2142 951 2296 1008 εἶπον
2321 971 2336 984 ·
2386 953 2766 1026 Είσήλθομεν,
2825 955 3082 1020 δέσποτα,
3148 957 3292 1011 κατά
3351 957 3454 1028 τήν
3517 957 3728 1029 συνήθη

2142 1045 2518 1117 προσκύνησιν
2553 1047 2690 1118 πρὸς
2721 1045 2905 1111 αὑτὸν,
2933 1049 3028 1102 καὶ
3071 1047 3306 1119 εὕρομεν
3336 1049 3496 1102 αὑτὸν
3532 1049 3630 1102 σὺν
3656 1050 3728 1121 τῇ

2145 1139 2284 1210 κόρῃ
2309 1139 2698 1210 κοιμωμένους
2725 1141 2782 1192 ὲν
2806 1139 2886 1210 τῷ
2911 1139 3132 1193 κοιτῶνι
3166 1138 3335 1194 αὐτοῦ
3354 1157 3368 1170 ·
3395 1139 3491 1192 καὶ
3517 1141 3732 1212 κρατή-

2145 1246 2343 1294 σαντες
2369 1231 2540 1300 αὐτὴν
2569 1230 2907 1301 όμολόγησεν
2940 1232 3074 1301 ήμτν
3103 1232 3166 1284 τὸ
3191 1231 3412 1302 ἀληθὲς,
3449 1233 3733 1302 ποιήσασα

2147 1306 2549 1391 συγκατάθεσιν
2573 1324 2673 1392 τῆς
2703 1323 3026 1394 παρανόμου
3055 1323 3236 1376 αὐτῶν
3265 1323 3484 1393 μίξεως,
3511 1323 3606 1375 ὲπὶ
3623 1323 3733 1378 ’τοῦ

2143 1413 2382 1486 ἐξάρχου
2411 1415 2506 1468 καὶ
2537 1414 2684 1468 λαῶν
2719 1413 2930 1468 πολλῶν
2957 1433 2972 1446 θ
3013 1417 3110 1468 καὶ
3143 1414 3232 1467 διὰ
3273 1416 3374 1488 τὴν
3412 1413 3735 1484 παράνομον

2147 1507 2316 1576 αὐτῆς
2349 1506 2548 1576 πρᾶξιν
2570 1507 2636 1559 ὲκ
2663 1505 2784 1558 τότε
2811 1506 2906 1560 καὶ
2927 1505 3022 1558 νῦν
3051 1505 3157 1558 ὑπὸ
3187 1505 3441 1576 δαίμονος
3473 1503 3736 1576 ἐκυριεύ-

2151 1599 2240 1668 θη.
2287 1599 2558 1668 Λέγουσιν
2610 1597 2796 1660 αὐτοῖς
2845 1597 2894 1650 οἱ
2937 1597 3036 1664 τῆς
3079 1595 3372 1666 Ἀνατολῆς
3417 1597 3734 1660 ἐπίσκοποι,

2155 1691 2379 1760 Πρῶτος
2401 1692 2432 1744 ό
2458 1691 2560 1761 τῆς
2589 1689 2864 1760 Ἀγκύρας
2885 1707 2900 1723 ο
2931 1687 3246 1759 Παράνομοι
3275 1687 3370 1742 καὶ
3399 1687 3738 1758 θεοκατάρα·

459 1807 572 1853 res,
608 1790 733 1844 idne
795 1787 1003 1841 crimen
1057 1783 1263 1838 malitia
1297 1789 1480 1836 vestra
1525 1777 1812 1841 conﬁnxit,
1844 1791 1916 1832 an
1947 1775 2047 1830 viri

2158 1800 2254 1848 τοι,
2285 1785 2335 1836 oi
2378 1781 2671 1836 Ἰουδαϊκὸν
2704 1780 2919 1850 ἔχοντες
2950 1779 3204 1851 φρόνημα
3229 1795 3244 1809 '
3294 1781 3330 1850 ή
3370 1778 3525 1850 ὑμῶν
3553 1795 3738 1849 παραυ

463 1881 630 1949 bujus
677 1877 812 1950 justi
870 1878 1048 1946 pietas
1085 1872 1346 1928 admisit?
1396 1871 1602 1926 Contra
1634 1867 1886 1938 sacrilegi
1926 1867 2044 1923 illi:

459 1970 719 2036 Omnino,
751 1969 1024 2038 inquittnt,
1057 1965 1318 2036 puellam,
1345 1977 1380 2017 o
1413 1960 1644 2028 domini,
1695 1959 1750 2014 in
1807 1958 2049 2014 medium

463 2063 762 2135 prodttcite,
794 2070 1071 2129 utcunque
1117 2072 1180 2111 ea
1229 2057 1376 2111 labet
1409 2069 1473 2110 ac
1525 2068 1750 2123 apumas
1793 2057 1940 2122 agat,
1989 2059 2050 2106 ut

463 2155 622 2212 vobis
657 2151 973 2208 videntibus
1024 2149 1190 2204 istum
1225 2154 1512 2218 coarguat.
1543 2144 1726 2200 Missis
1762 2143 1930 2213 igitur
1956 2143 2052 2213 qui

462 2247 700 2320 puellam
732 2243 1091 2308 adducerent,
1120 2255 1305 2296 coram
1341 2249 1531 2294 sancta
1556 2237 1764 2308 synodo
1787 2236 2052 2306 producta

463 2351 569 2407 est,
599 2338 816 2394 duobus
848 2336 914 2390 de
948 2349 1112 2405 grege
1140 2333 1605 2388 calumniatorum
1642 2345 1762 2384 eam
1791 2343 2054 2384 coercen-

465 2431 614 2488 tibus
643 2449 656 2486 :
690 2444 811 2500 quae
832 2428 982 2484 stetit
1011 2433 1226 2480 mutato
1253 2425 1426 2492 vultu,
1453 2439 1555 2492 nec
1583 2423 1678 2478 ubi
1709 2429 1856 2478 esset
1882 2435 2052 2491 agno-

465 2524 564 2578 vit.
602 2521 708 2576 Sed
743 2517 984 2590 pontifex
1021 2517 1294 2572 maximus
1331 2513 1752 2571 accusatoribus
1787 2513 1865 2568 ait
1896 2531 1910 2568 :
1943 2509 2056 2566 Ve-

465 2629 590 2670 rum
624 2627 724 2668 vos
771 2611 953 2676 edite;
988 2623 1114 2662 nam
1167 2607 1295 2662 huic
1348 2622 1459 2662 non
1508 2605 1810 2674 credimus,
1855 2618 1958 2660 nec
1987 2601 2056 2658 de

465 2705 803 2776 dapnoniaco
838 2717 902 2758 ac
943 2701 1156 2755 furioso
1183 2698 1448 2768 judicium
1499 2699 1576 2752 fit.
1634 2696 1856 2752 Addunt
1881 2693 2056 2750 sacri-

465 2799 570 2870 legi
605 2797 680 2852 illi
723 2813 739 2854 :
772 2795 954 2865 Ipsum
993 2793 1160 2848 etiam
1197 2791 1447 2846 criminis
1495 2799 1772 2844 auctorem
1821 2787 2056 2841 interro.

467 2900 612 2964 gate,
651 2886 930 2958 quomodo
974 2899 1032 2939 se
1068 2881 1342 2937 defendat.
1390 2879 1690 2950 Gregorius
1725 2890 1854 2932 vero
1881 2873 2057 2930 oculis

468 2981 828 3044 circumlatis,
869 2976 944 3030 ita
996 2989 1092 3030 eos
1125 2973 1322 3028 affatus
1347 2983 1470 3028 est:
1506 2991 1525 3024 ι
1561 2971 1862 3041 Surgentes
1889 2975 2058 3024 testes

469 3072 669 3143 iniqui,
695 3085 817 3140 qua:
843 3067 1166 3135 ignorabam
1216 3062 1629 3132 interrogabant
1651 3078 1762 3126 me,
1795 3061 2060 3117 retribue-

470 3165 605 3222 bant
631 3161 930 3218 mihi'mala
961 3175 1060 3230 pro
1106 3157 1265 3213 bonis
1295 3156 1438 3227 (95)..
1465 3175 1484 3208 ι
1523 3156 1718 3208 Verum
1755 3152 1918 3216 Deus,
1946 3153 2060 3208 fra-

471 3267 608 3320 tres,
643 3254 749 3310 boe
785 3254 942 3307 \obis
989 3250 1205 3306 fat-inus
1248 3250 1510 3303 remittat.
1549 3245 1676 3300 llam
1720 3260 1787 3300 eo
1827 3245 2064 3318 dicente,

473 3347 674 3421 mulier
706 3357 970 3414 spumans
1017 3355 1082 3396 ac
1129 3341 1266 3394 ﬂens
1310 3347 1437 3421 ante
1479 3337 1620 3394 beati
1667 3335 1770 3389 viri
1803 3336 1966 3404 pedes
2007 3335 2064 3391 in

473 3415 645 3494 altum
673 3452 704 3490 a
733 3435 980 3490 daemone
1013 3431 1226 3488 sublata
1253 3439 1356 3484 est.
1375 3415 1482 3483 °|lle
1505 3443 1633 3483 vero
1658 3429 1837 3484 oculis
1865 3430 1930 3484 ad
1955 3441 2067 3484 coa-

477 3535 590 3585 lum
621 3527 839 3591 erectis,
878 3525 1076 3580 tacitus
1099 3523 1166 3576 ad
1199 3522 1390 3576 horam
1425 3520 1772 3590 supplicavit,
1809 3520 2066 3576 omnibus

477 3616 651 3672 aciem
685 3615 738 3669 in
773 3629 897 3669 eum
954 3609 1364 3666 intendentibus
1409 3626 1425 3664 :
1477 3609 1836 3680 absolutaque
1873 3626 2066 3682 preca-

477 3711 626 3765 tione
649 3709 928 3764 silentium
959 3703 1218 3774 abrupit:
1254 3702 1310 3757 Et
1355 3703 1408 3756 in
1442 3703 1688 3769 nomine,
1721 3705 1922 3774 inquit,
1958 3707 2066 3760 Do-

478 3800 613 3856 mini
665 3797 758 3852 Dci
795 3795 1106 3852 Servatoris
1138 3792 1312 3848 nostri
1361 3790 1491 3848 Jesu
1521 3791 1747 3859 Christi,
1790 3805 1844 3848 et
1881 3809 2070 3850 coram

479 3892 688 3948 sanctis
717 3888 1081 3956 maximisque
1110 3885 1371 3955 apostolis
1409 3893 1574 3956 atque
1607 3885 1679 3940 ob
1713 3901 1904 3956 preces
1933 3901 2070 3948 sau-

479 3982 860 4052 ctorum,-qui
915 3981 1005 4034 hic
1050 3978 1272 4042 adsunt,
1325 3976 1572 4042 Patrum,
1623 3976 1733 4044 exi,
1789 3976 2072 4032 immunde

481 4079 726 4150 spiritus,
758 4090 790 4130 e
819 4075 1080 4145 ﬁgmento
1115 4069 1232 4137 Dei,
1261 4081 1321 4124 ut
1347 4069 1464 4124 haec
1493 4067 1692 4150 mentis
1719 4083 1852 4124 sana
1878 4083 2068 4126 verum

482 4149 552 4225 de
585 4183 673 4223 me
695 4166 1010 4236 eloquatur.
1567 4149 1572 4153 ’

2151 1876 2314 1946 νομία
2347 1873 2508 1928 τοῦτο
2527 1873 2809 1943 εποίησεν,
2842 1871 2876 1942 ἢ
2900 1875 2935 1942 ή
2968 1871 3059 1926 τοῦ
3088 1871 3298 1926 δικαίου
3319 1871 3516 1942 ἀνδρὸς
3540 1871 3736 1925 τούτου

2151 1966 2436 2034 εὐσέϐειας
2470 1963 2736 2033 Λέγουσιν
2759 1963 2946 2028 αὐτοῖς
2978 1963 3028 2016 oi
3061 1965 3266 2034 ἀνίεροι
3289 1980 3305 1996 ο
3327 1963 3505 2028 Ὀλως
3537 1964 3738 2035 φέρετε

2152 2057 2321 2128 αὐτὴν
2347 2057 2427 2121 είς
2460 2056 2652 2127 μέσον,
2689 2055 2978 2120 δεσπόται,
3005 2054 3122 2120 πῶς
3153 2057 3346 2109 πίπτει
3371 2057 3465 2110 καὶ
3491 2058 3735 2127 ἀφρίζει,

2154 2150 2244 2204 ῐνα
2291 2149 2438 2220 ἴδητε
2485 2150 2634 2212 ὅπως
2678 2147 2843 2202 αὐτὸν
2891 2147 3111 2218 ἐλέγξῃ.
3175 2147 3622 2214 ’Λποστείλαντες
3678 2150 3738 2205 δὲ

2153 2239 2361 2310 ἧγαγον
2389 2237 2492 2309 τὴν
2521 2239 2693 2310 κόρην
2719 2236 2956 2291 ἐνώπιον
2988 2236 3088 2306 τῆς
3128 2238 3293 2308 ἁγίας
3321 2240 3570 2304 συνόδου,
3598 2257 3738 2310 κρα-

2153 2329 2424 2398 τουμένην
2475 2329 2580 2381 ὑπὸ
2604 2328 2698 2382 δύο
2741 2330 2808 2382 ὲκ
2850 2328 2947 2382 τοῦ
2989 2329 3232 2402 πονηροῦ
3282 2329 3566 2401 συνεδρίου
3591 2345 3606 2360 ·
3645 2331 3737 2385 καὶ

2154 2424 2356 2496 ἐστάθη
2382 2423 2734 2496 ἀλλοιωμένῳ
2754 2423 2835 2495 τῷ
2860 2425 3162 2497 προσώπῳ,
3197 2425 3272 2497 μὴ
3302 2425 3509 2494 γνοῦσα
3541 2427 3610 2479 τὸ
3633 2426 3735 2480 ποῦ

2155 2516 2407 2588 είστήκῃ.
2447 2517 2612 2584 Λέγει
2635 2516 2818 2580 αὐτοῖς
2848 2517 2878 2570 ό
2905 2518 3095 2580 πάπας
3115 2533 3130 2548 ο
3163 2517 3371 2571 Εἴπατε
3405 2517 3468 2570 τὸ
3496 2518 3698 2588 ἀληθές
3717 2531 3734 2548 ⁶

2154 2607 2361 2678 ταύτης
2409 2607 2518 2680 γὰρ
2562 2609 2726 2678 ἡμεῖς
2769 2609 2831 2662 οὐ
2883 2609 3214 2680 πιστεύομεν
3239 2625 3252 2639 ·
3293 2609 3730 2680 δαιμονιζόμενος

2156 2701 2265 2772 γὰρ
2312 2701 2408 2756 καὶ
2453 2703 2780 2771 μαινόμενος
2839 2701 2940 2753 οὐκ
2989 2699 3362 2772 ἀνακρίνεται.
3400 2703 3671 2769 Λέγουσιν
3689 2701 3739 2755 oi

2157 2793 2394 2864 ἀνίεροι·
2433 2793 2780 2864 Ἐρωτήσατε
2819 2793 2915 2846 καὶ
2945 2793 3036 2845 τὸν
3061 2793 3124 2846 τδ
3153 2793 3389 2866 πονηρὸν
3412 2794 3737 2864 ποιήσαντα,

2157 2887 2305 2950 ὅπως
2351 2885 2484 2958 εἴπῃ
2529 2885 2600 2938 τὰ
2648 2883 2770 2938 κατ’
2795 2884 3000 2952 αὕτόν;
3053 2886 3111 2938 Ὁ
3155 2885 3213 2939 δὲ
3270 2885 3740 2958 περιϐλεψάμενος

2157 2977 2306 3046 λέγει
2326 2978 2514 3040 αὐτοῖς
2537 2993 2552 3008 ο
2593 2995 2612 3028 ι
2651 2977 3016 3042 ’Δναστάντες
3048 2993 3141 3047 μοι
3172 2978 3450 3048 μάρτυρες
3481 2980 3676 3042 ἄδικοι,
3705 2978 3741 3034 ἃ

2161 3069 2262 3122 οὐκ
2284 3069 2606 3138 ἐγίνωσκον,
2649 3067 2878 3140 ἠρώτων
2919 3085 3009 3140 με,
3051 3069 3475 3123 ἀνταπεδίδοσάν
3512 3087 3605 3141 μοι
3647 3087 3743 3125 πο-

2163 3160 2306 3232 νηρά
2356 3161 2478 3215 ἀντὶ
2528 3160 2770 3230 ἀγαθῶν.
2807 3179 2825 3212 ι
2863 3160 3032 3233 Πλὴν,
3073 3161 3316 3232 ἀδελφοὶ,
3365 3163 3394 3215 ὁ
3435 3161 3568 3228 Θεὸς
3615 3162 3744 3234 ὑμῖν

2167 3255 2496 3325 συγχωρήσῃ
2524 3253 2586 3307 τὸ
2612 3254 2798 3326 δρᾶμα
2833 3253 3018 3308 τοῦτο.
3050 3253 3238 3308 Ταῦτα
3281 3253 3339 3307 δὲ
3368 3255 3534 3308 αὐτοῦ
3563 3255 3744 3309 εἰπόν-

2165 3362 2270 3408 τος.
2311 3345 2550 3416 ὲπεδάρη
2597 3346 2703 3400 ὑπὸ
2747 3345 2842 3400 τοῦ
2879 3346 3133 3416 δαίμονος
3180 3348 3215 3418 ή
3252 3347 3390 3418 γυνὴ
3440 3345 3745 3418 ἀφρίζουσα

2165 3439 2262 3490 καὶ
2292 3437 2556 3490 κλαίουσα
2589 3437 2740 3506 παρά
2768 3439 2900 3502 τοὺς
2935 3437 3105 3501 πόδας
3149 3437 3245 3491 τοῦ
3279 3439 3576 3510 μακαρίου.
3613 3438 3746 3491 Τότε

2165 3530 2196 3583 ό
2241 3529 2514 3600 μακάριος
2554 3529 2650 3583 καὶ
2689 3531 2846 3597 ἅγιος
2877 3528 2971 3582 τοῦ
2997 3527 3136 3582 Θεοῦ
3161 3530 3289 3592 τοὺς
3307 3529 3622 3600 ὀφθαλμοὺς
3668 3531 3746 3591 είς

2165 3621 2259 3674 τὸν
2288 3620 2519 3691 οὐρανὸν
2549 3620 2785 3690 ἐπάρας,
2813 3621 2872 3671 ὲν
2898 3618 3078 3690 ἑαυτῷ
3107 3618 3450 3689 προσεύξατο
3479 3619 3572 3672 ὲπὶ
3601 3615 3748 3688 ὤραν

2171 3713 2324 3783 μίαν,
2355 3712 2574 3768 πάντων
2599 3711 2764 3766 αὐτὸν
2798 3710 3186 3776 ἀτενιζόντων·
3222 3712 3316 3764 καὶ
3354 3710 3654 3782 πληρώσας
3691 3713 3750 3764 ὲν

2167 3802 2368 3874 ἑαυτῷ,
2397 3803 2586 3871 λέγει’
2626 3802 2752 3856 Ἐπὶ
2779 3801 2861 3872 τῷ
2882 3802 3108 3870 ὀνόματι
3137 3801 3230 3854 τοῦ
3257 3801 3464 3873 Κυρίου
3494 3802 3590 3856 καὶ
3615 3802 3748 3855 Θεοῦ

2168 3897 2266 3952 καὶ
2309 3895 2564 3966 Σωτῆρος
2611 3895 2772 3966 ήμῶν
2810 3895 2988 3966 Ἰησοῦ
3039 3892 3306 3966 Χριστοῦ,
3349 3896 3444 3948 καὶ
3492 3897 3557 3967 τῇ
3614 3912 3752 3968 παρ-

2167 3989 2327 4058 ουσίᾳ
2373 3987 2480 4042 τῶν
2535 3987 2708 4055 ἁγίων
2764 3987 2860 4042 καὶ
2917 3987 3234 4058 κορυφαίων
3281 3987 3618 4053 ἀποστόλων,
3661 3989 3753 4042 καὶ

2168 4082 2262 4137 διὰ
2301 4081 2412 4135 τῶν
2464 4079 2644 4150 εὐχῶν
2695 4079 2807 4132 τῶν
2852 4079 3179 4146 ἀγίωντῶν
3227 4081 3454 4152 Πάτρων
3507 4081 3750 4145 πάντων,

2169 4175 2376 4245 δαίμων
2430 4174 2736 4241 ἀκάθαρτε,
2786 4171 2972 4238 ἔξελθε
3019 4172 3129 4226 ἀπὺ
3173 4171 3268 4225 τοῦ
3299 4173 3617 4243 πλάσματος
3657 4173 3754 4227 τοῦ

2169 4271 2330 4334 Θεοῦ,
2385 4271 2475 4324 "sva
2526 4269 2884 4340 σωφρονοῦσα
2935 4269 3235 4340 φθέγξηται
3283 4269 3346 4322 τὸ
3385 4269 3581 4340 ἀληθὲς
3628 4269 3754 4339 περὶ

2171 4362 2330 4432 ἐμοῦ.

557 4433 788 4492 LXXIV.
826 4433 976 4488 Illico
1026 4440 1207 4485 autem
1253 4429 1477 4498 Spiritus
1517 4442 1638 4482 cam
1683 4426 1825 4481 male
1861 4439 2058 4481 vexans

2205 4426 2217 4432 '
2244 4455 2364 4508 ΟΧ.
2395 4453 2616 4518 Εὐθέως
2651 4453 2707 4508 δὲ
2751 4456 2847 4508 καὶ
2881 4453 3228 4525 παραχρῆμα
3263 4452 3548 4524 σπαράξαν
3586 4453 3757 4526 αὐτὴν

486 4529 732 4600 reliquit,
783 4525 1064 4596 iacuitque
1115 4521 1290 4590 puella
1350 4531 1610 4588 tanquam
1665 4527 1904 4572 mortua.
1964 4514 2069 4569 Sed

485 4640 605 4680 cam
644 4620 942 4691 Gregorius
980 4632 1141 4669 manu
1179 4614 1520 4683 apprehensa
1551 4610 1843 4675 excitarit;
1886 4609 2072 4678 itaque

487 4729 674 4770 coram
721 4710 979 4767 omnibus
1021 4706 1289 4762 constitit.
1337 4704 1516 4774 Ipsam
1563 4703 1729 4772 igitur
1767 4701 2071 4769 interroga-

487 4816 636 4872 runt,
669 4821 780 4876 quo
823 4801 1045 4857 nomine
1091 4798 1490 4870 appellaretur;
1539 4809 1662 4864 qum
1703 4793 1827 4846 ait:
1869 4789 2072 4844 Evodia

487 4914 673 4954 vocor.
703 4893 840 4948 Tum
869 4891 1259 4962 cbartopltylax
1293 4907 1304 4943 :
1339 4883 1505 4951 Num,
1545 4883 1744 4954 inquit,
1779 4898 1813 4937 ο
1850 4881 2067 4946 mulier,

559 5035 667 5106 (9i)
697 5033 830 5106 Cod.
859 5033 917 5106 ἓ,
943 5031 1038 5083 καὶ
1077 5029 1312 5100 εὕρομεν
1334 5024 1504 5093 αὐτὴν
1537 5017 1888 5091 κοιμωμένην
1912 5019 1970 5072 ὲν
1993 5017 2072 5090 τῷ

487 5102 708 5162 κοιτῶνι
735 5102 920 5157 αὐτοῦ.
1170 5168 1185 5170 _
1525 5163 1537 5170 _
1861 5157 1878 5170 _
1939 5158 1974 5170 _,

563 5157 673 5244 θέλε)
700 5157 1369 5244 γΙΙιιιιοίΡιτοιυιῐι-ῐινιιεινὲ
1409 5163 1538 5218 alibi
1581 5175 1817 5242 quaeras.
1861 5157 2072 5214 Indices

487 5235 764 5301 llarduiui
802 5243 1010 5296 nullum
1056 5241 1274 5310 habent
1333 5235 1558 5310 Protum
1607 5235 1947 5310 episcopum,
1975 5245 2073 5310 Ite—

486 5299 618 5370 dum
651 5317 1022 5384 Ancyrautttn.
1052 5309 1226 5384 Locus
1256 5299 1703 5384 tantenultuiccst
1737 5300 1881 5384 apud
1907 5299 2074 5384 Quie:

489 5369 622 5439 num
661 5369 890 5453 (Oi-idem.
933 5380 1154 5453 Cln'._t.
1206 5377 1248 5453 l.
1296 5375 1508 5453 p4.._168_)
1543 5373 1684 5453 inter
1732 5369 2075 5453 Paulumhet

487 5437 770 5509 Platonem
811 5468 824 5506 :
861 5437 985 5506 nam
1041 5451 1129 5504 ille
1164 5449 1267 5503 sub
1299 5437 1534 5501 'Tiberio
1573 5441 1938 5496 Constantino
1973 5437 2072 5492 llo~

489 5526 620 5584 ruit.
651 5524 739 5578 ltic
760 5523 862 5575 sub
891 5519 1256 5576 Constantino
1285 5517 1560 5582 Pogonato
1587 5529 1599 5564 :
1627 5522 1686 5584 u_t
1706 5512 1846 5584 inter
1865 5520 2074 5563 utrum-

488 5581 742 5664 que-bini
787 5594 990 5664 saltem
1020 5589 1261 5664 episcopi
1298 5581 1902 5664 Ancyraluegcelesiae
1933 5595 2074 5648 pra:-

491 5651 662 5718 fuisse
695 5662 920 5733 putandi
950 5651 1078 5716 sint.
1108 5651 1356 5733 Mortuus
1377 5651 1521 5709 enim
1551 5661 1633 5708 est
1653 5651 2074 5733 'l‘iberius‘anuo

491 5733 618 5800 586,
669 5719 958 5803 imperium
1003 5732 1145 5801 cepit
1190 5730 1504 5799 Pogonatus
1538 5737 1680 5777 anno
1715 5721 1847 5785 668;
1894 5719 2074 5774 Plato.

2173 4545 2235 4600 τὸ
2267 4546 2485 4615 πνεῦμα
2527 4544 2754 4614 ἐξῆλθεν
2787 4545 2883 4598 ἀπ’
2913 4545 3124 4616 αὐτῆς·
3175 4545 3390 4616 ἔμεινεν
3434 4545 3491 4598 δὲ
3532 4546 3565 4616 ἡ
3619 4546 3755 4616 κόρη

2109 4674 2117 4684 .
2174 4635 2359 4707 ἐκείνη
2394 4638 2468 4700 ὡς
2504 4637 2697 4708 νεκρά.
2737 4638 2847 4690 Καὶ
2897 4639 3178 4710 κρατήσας
3211 4637 3380 4708 αὐτὴν
3421 4638 3519 4706 τῆς
3553 4638 3753 4709 χειρὸς,

2175 4729 2398 4799 ἥγειρεν
2458 4728 2654 4800 αὐτὴν,
2712 4729 2807 4782 καὶ
2859 4729 3116 4782 σταθεῖσα
3166 4733 3198 4800 ἡ
3259 4729 3394 4800 κόρη
3445 4730 3754 4801 ἔμπροσθεν

2176 4821 2418 4882 πάντων,
2463 4821 2756 4890 ἠρώτησαν
2809 4820 2998 4892 αὐτὴν,
3034 4823 3086 4875 τί
3129 4822 3190 4875 τὸ
3217 4823 3388 4892 ὄνομα
3434 4839 3562 4890 suo;
3609 4823 3672 4877 Ἦ
3700 4825 3755 4878 δὲ

2175 4911 2302 4982 ἔφη,
2337 4912 2548 4965 Εὐωδία
2582 4911 2876 4984 καλοῦμαι.
2922 4915 3088 4982 Λέγει
3133 4914 3270 4984 αὐτῇ
3311 4916 3339 4967 ὁ
3386 4915 3752 4985 χαρτοφύλαξ,

2175 5064 2300 5132 item
2324 5057 2531 5132 “tamen
2567 5049 2767 5132 fuisse,
2817 5053 2908 5132 qui
2967 5053 3095 5110 huic
3132 5055 3346 5132 synodo
3380 5054 3642 5114 Romana:
3673 5059 3756 5112 in-

2175 5121 2670 5194 terfuit,_nonniltil
2725 5121 3003 5194 haesitans,
3054 5121 3312 5194 Opinatus
3357 5137 3437 5181 est
3488 5129 3754 5194 Quieuus,

2177 5190 2499 5259 Gregorium
2534 5200 2778 5246 nostrum
2823 5190 3312 5251 Monotltel'etarum
3367 5190 3530 5252 aetate
3559 5190 3758 5258 vixisse

2179 5270 2353 5322 ratus,
2389 5275 2553 5328 quem
2588 5267 2730 5330 apud
2767 5259 2989 5318 Surium
3028 5264 3260 5320 iudicari
3293 5269 3519 5322 viderat.

2245 5331 2359 5399 (95)
2396 5330 2598 5406 Psalm.
2635 5347 2820 5406 xxstv,
2871 5333 3082 5406 11,12.
3115 5337 3217 5391 Sed
3269 5338 3410 5406 apud
3442 5339 3580 5394 LXX
3621 5343 3756 5396 scri-

2177 5409 2328 5469 ptum
2357 5409 2462 5478 est,
2507 5401 2868 5478 Ἀναστάντες
2907 5404 3194 5478 μαρτυρες
3210 5401 3407 5478 ἄδικοι,
3441 5408 3477 5462 ἃ
3508 5412 3608 5464 οὐκ
3645 5412 3758 5478 ἐγί-

2176 5487 2402 5552 νωσκον,
2423 5471 2747 5552 4ἐξιτηροξιτων
2792 5490 2859 5540 με
2886 5471 2917 5502 ’⁷
2939 5471 3360 5552 ἀνταπεδίδοσαν
3396 5471 3487 5548 μοι
3548 5471 3760 5551 πονηρὰ

2177 5542 2300 5594 ἀντὶ
2351 5541 2573 5594 καλῶν(
2607 5543 2876 5597 Czuterum
2938 5547 2992 5598 in
3061 5546 3181 5600 Aldi
3219 5541 3410 5603 codice
3463 5566 3569 5605 non
3610 5541 3762 5607 deos!

2180 5625 2293 5693 μοι,
2318 5620 2372 5693 ct
2399 5612 3409 5693 iuAplexatulrinoexemplarilegitur
3437 5619 3666 5693 ήρώτων
3706 5632 3762 5679 et

2178 5680 2302 5734 ἀντὶ
2325 5680 2568 5748 ἀγαθῶν,
2599 5695 2659 5739 ut
2689 5681 2948 5741 Leontius
2977 5680 3160 5743 noster
3192 5680 3374 5744 habet.
