4102 6426
384 445 495 517 681

1388 442 1453 502 S.
1489 438 1868 503 GREGORII
1907 433 2422 498 AGRIGENTINI
2446 433 2645 496 VITA.

3559 426 3667 492 682

382 558 542 632 ’Λρά
564 575 649 630 γε,
668 558 852 629 γύναι,
870 556 1166 611 ἐπίστασαι
1193 553 1282 607 τὸν
1313 552 1618 606 ἐπίσκοπον
1640 552 1740 622 τῆς
1769 547 1977 612 πόλεώς

2103 545 2238 600 urbis
2289 553 2396 599 tute
2451 543 2772 614 episcopum
2808 540 2995 597 nosti?
3039 538 3138 595 Cui
3186 538 3341 593 illa':
3389 536 3663 605 Profecto,

383 671 532 721 σου;
569 654 732 722 Λέγει
764 649 916 723 αὐτῷ
955 651 990 722 ή
1025 650 1166 720 κόρη
1192 664 1205 678 ο
1245 644 1379 710 Ναὶ,
1408 644 1668 709 δέσποτα,
1695 644 1790 698 καὶ
1832 643 1974 697 πάνυ

379 746 558 803 αὑτὸν
586 744 887 815 ἐπίσταμαι
914 759 928 774 ’
958 740 1226 804 πολλάκις
1251 739 1360 808 γὰρ
1389 736 1664 809 ἐθεώρουν
1697 737 1861 791 αὐτὸν
1895 736 1977 789 δι-

379 840 691 913 ερχόμενον
719 837 816 890 καὶ
841 835 1310 907 ἐπισκεπτόμενον
1332 831 1542 893 πάντας
1566 828 1694 892 τοὺς
1727 827 1979 898 πτωχοὺς

378 934 495 1004 τῆς
519 929 751 993 πόλεως,
782 928 879 982 καὶ
913 928 1036 990 ταῖς
1062 926 1263 997 χήραις
1297 923 1393 977 καὶ
1419 921 1679 993 ὀρφανοῖς
1720 918 1980 991 παρέχων

379 1024 465 1079 τά
499 1023 636 1093 πρὸς
679 1019 779 1093 τὴν
822 1020 1038 1093 χρείαν.
1069 1017 1246 1088 Κάγὼ
1273 1016 1414 1087 αὑτὴ
1462 1017 1497 1086 ἠ
1536 1012 1699 1068 ἀθλία
1747 1012 1980 1067 πάντοτε

380 1114 528 1186 παρ’
560 1110 729 1168 αὑτοῦ
775 1112 1044 1184 ἐδεχόμην
1070 1108 1442 1181 ἐλεημοσύνην
1486 1105 1638 1179 παρὰ
1680 1102 1779 1158 τοῦ
1818 1119 1981 1157 τετα-

377 1224 430 1276 γ
440 1206 602 1278 μένου
636 1204 719 1269 εἰς
745 1204 807 1259 τὸ
832 1204 1124 1259 διακονεῖν.
1148 1202 1416 1270 Λέγουσιν
1442 1198 1581 1269 αὐτῇ
1607 1195 1775 1251 πάλιν
1819 1194 1947 1249 τάδε
1967 1208 1983 1226 ο

385 1300 503 1363 Σὺ,
537 1297 721 1367 γύναι,
767 1296 942 1366 ἔγνως
980 1295 1073 1349 τὸν
1107 1294 1277 1363 ἄνδρα
1312 1289 1614 1361 ἐπιμίξεως
1660 1287 1984 1358 σωματικῆς

378 1392 693 1460 γενόμενον
726 1387 870 1459 μετὰ
901 1388 1032 1453 σοῦ;
1075 1386 1142 1440 Ἦ
1164 1385 1223 1439 δὲ
1251 1381 1555 1448 στενάξασα
1579 1380 1645 1434 ἐκ
1666 1379 1866 1449 βάθους
1890 1376 1985 1433 καὶ

380 1484 741 1560 δακρύσασα,
770 1483 953 1554 ἄρασα
997 1481 1096 1552 τήν
1142 1477 1328 1550 φωνὴν
1377 1477 1460 1540 εἰς
1494 1475 1647 1546 ὕψος,
1690 1469 1877 1527 εἶπενο
1907 1474 1983 1545 Ζῇ

380 1579 608 1650 Κύριος
653 1576 765 1631 τῶν
803 1575 1111 1645 δυνάμεων,
1139 1574 1240 1627 οὐκ
1286 1568 1405 1625 οἶδα
1432 1569 1526 1623 τὸν
1554 1568 1840 1639 ἄνθρωπον
1864 1565 1989 1620 τοῦ-

382 1689 518 1739 τον,
552 1672 637 1735 τίς
665 1670 837 1732 ἐστιν,
866 1666 1051 1730 καθὼς
1071 1665 1224 1718 αὐτοὶ
1260 1664 1523 1735 εἰρήκατε
1547 1661 1840 1730 γενόμενον
1869 1659 1987 1729 μετ’

387 1764 540 1837 ἐμοῦ
568 1782 583 1797 ·
613 1762 749 1818 ἀλλὰ
780 1760 1008 1824 Σαϐῖνος
1043 1759 1137 1813 καὶ
1162 1757 1567 1829 Κρησκεντῖνος
1603 1745 1749 1808 οὗτοι
1774 1755 1822 1807 οἱ
1847 1768 1989 1823 παρ-

386 1857 699 1937 εστηκότες
758 1853 1072 1927 ἔμπροσθεν
1127 1850 1307 1922 ὑμῶν,
1353 1848 1509 1903 αὐτοί
1555 1864 1623 1918 με
1669 1847 1991 1948 ἠνάγκασαν
2022 1890 2066 1948 Β

391 1948 787 2019 κατηγορῆσαι
818 1945 911 2000 τὸν
949 1944 1158 1999 δίκαιον
1197 1942 1387 1996 τοῦτον
1407 1956 1422 1971 ⁸
1452 1941 1709 2012 χρήματα
1753 1940 1864 2011 γάρ
1896 1956 1989 2010 μοι

392 2038 773 2095 κατεδά).οντο
799 2033 984 2100 ἱκανά,
1011 2033 1123 2099 ἵνα,
1148 2032 1224 2096 ὡς
1256 2027 1430 2097 εἷπον,
1460 2029 1772 2100 κατελέγξω
1803 2028 1989 2095 αὐτὸν,

394 2126 611 2189 ἀδίκως
649 2123 1112 2193 παρανομήσασα,
1138 2120 1485 2191 ἁπατηθεῖσα
1527 2119 1632 2173 ὑπὸ
1664 2119 1775 2172 τῶν
1812 2135 1994 2190 παρα-

398 2213 592 2284 νόμων
631 2210 844 2281 ἀνδρῶν
872 2210 1101 2265 τούτων.
1151 2209 1549 2265 Ἀνταποδώσει
1572 2211 1759 2271 αὐτοῖς
1787 2209 1994 2280 Κύριος

400 2307 436 2359 6
464 2305 599 2368 Θεὸς
631 2304 729 2374 τὴν
751 2302 1029 2375 ἁμαρτίαν
1055 2304 1155 2374 τῆς
1180 2302 1322 2374 ἐμῆς
1347 2303 1557 2374 ψυχῆς⁹
1591 2305 1671 2366 εἰς
1700 2301 1810 2372 γάρ
1841 2302 1993 2372 διετῆ

409 2397 603 2468 χρόνον
634 2397 726 2449 καὶ
760 2394 938 2465 μῆνας
967 2394 1026 2461 ἐξ
1057 2394 1428 2466 ἐδασανίσθην
1453 2394 1558 2447 ὑπὸ
1586 2393 1682 2447 τοῦ
1715 2393 1993 2464 δαίμονος.

418 2488 604 2543 Ταῦτα
625 2486 680 2541 δέ
709 2484 940 2543 εἰποῦσα
966 2485 1225 2540 σταθεῖσα
1254 2486 1352 2540 καὶ
1383 2484 1833 2557 περιδλεψαμένη
1855 2485 1993 2539 πάν-

417 2595 521 2641 τας
564 2578 681 2641 τοὺς
709 2576 1069 2642 ἐπισκόπους,
1104 2576 1199 2630 καὶ
1227 2578 1357 2648 ομετ⁹
1386 2576 1570 2645 ὀλίγον
1611 2576 1999 2647 κατανοήσασα

407 2672 508 2725 τὸν
539 2671 691 2738 ἅγιον
721 2669 1048 2740 Γρηγόριον,
1087 2668 1304 2736 ἐπέγνω
1337 2667 1503 2722 αὐτόν
1524 2683 1537 2697 ·
1577 2668 1672 2721 καὶ
1712 2666 2000 2738 δραμοῦσα

405 2759 569 2832 παρὰ
597 2760 722 2823 τοὺς
750 2758 918 2822 πόδας
953 2756 1146 2822 αὐτοῦ,
1184 2745 1449 2812 κλαίουσα
1479 2756 1664 2826 ἔλεγεν
1694 2758 1751 2810 ἐν
1785 2756 1961 2838 leniet.
1983 2772 1997 2787 ·

420 2850 680 2919 Ἐλέησόν
728 2867 820 2921 με,
849 2849 1008 2904 δοῦλε
1042 2848 1136 2902 τοῦ
1165 2848 1324 2915 Θεοῦ,
1372 2850 1468 2903 καὶ
1504 2849 1863 2921 συγχώρησόν
1908 2866 2001 2918 μοι

404 2943 482 3013 τῇ
507 2940 832 3012 ταπεινῇχτδ
866 2941 1187 3010 παράνομον
1217 2940 1312 2993 καὶ
1345 2939 1616 3011 ,ἀθέμιτον
1648 2941 1998 3010 συμϐούλιον,

402 3034 437 3086 ὃ
464 3034 701 3104 ἐποίησα
729 3035 810 3097 εἰς
842 3033 923 3087 σέ.
954 3034 1031 3104 Ζῇ
1064 3033 1269 3102 Κύριος
1297 3033 1325 3085 6
1350 3031 1484 3096 Θεός
1515 3049 1640 3104 μου,
1669 3035 1732 3087 ού
1760 3034 1836 3105 μὴ
1868 3035 2005 3089 ἀνα-

404 3124 531 3180 στῶ
563 3126 627 3178 ἐκ
659 3124 768 3178 τῶν
796 3123 976 3178 ποδῶν
1004 3139 1120 3189 σου,
1150 3124 1257 3186 ἕως
1283 3117 1346 3179 οῦ
1386 3125 1486 3196 τὴν
1517 3124 1870 3196 συγχώρησίν
1912 3143 2003 3199 μοι

2080 638 2323 701 domine,
2362 635 2531 706 probe
2562 634 2717 689 illum
2754 632 2889 707 {xci}
2923 633 3048 687 novi
3084 651 3097 686 :
3130 645 3273 702 saepe
3303 631 3450 686 enim
3485 631 3665 700 ipsum

2079 728 2350 794 videbam,
2388 741 2515 784 cum
2561 727 2751 782 urbem
2791 724 2988 790 obiret,
3043 733 3097 779 et
3130 739 3323 780 omnes
3351 722 3505 776 ttrbis
3541 737 3670 793 ege-

2082 836 2186 879 nos
2224 821 2505 886 inviseret,
2538 834 2604 875 ac
2629 819 2808 875 viduis
2837 818 3169 890 pupillisque
3217 817 3486 888 quidquid
3529 830 3670 886 Opus

2082 922 2229 971 esset
2261 912 2672 983 suppeditaret;
2722 910 2857 980 quin
2910 918 2965 965 et
2999 924 3099 980 ego
3148 910 3350 964 misera
3384 923 3478 979 per
3505 922 3669 962 cura-

2088 1017 2259 1061 torem
2284 1005 2407 1076 ejus
2435 1003 2631 1074 stipem
2663 1004 2733 1060 ab
2761 1017 2830 1058 eo
2859 1002 3104 1075 quotidie
3132 1002 3338 1072 accepi.
3377 1001 3510 1054 Eam
3543 1014 3672 1054 vero

2084 1112 2307 1153 rursum
2362 1097 2700 1168 interrogant
2754 1114 2768 1153 :
2815 1096 2886 1150 Αι
2914 1096 3060 1150 enim
3101 1101 3182 1160 tu,
3218 1094 3439 1157 mulier,
3494 1092 3672 1146 virum

2087 1188 2237 1244 hunc
2273 1198 2571 1258 congressu
2623 1186 2871 1259 corporis
2905 1200 3014 1241 una
3059 1193 3242 1241 tecum
3276 1183 3449 1240 fuisse
3490 1182 3675 1238 nosti?

2087 1280 2190 1337 Hic
2212 1280 2305 1335 illa
2333 1280 2402 1335 ab
2427 1279 2541 1335 imo
2564 1287 2787 1349 pectore
2825 1277 3111 1346 suspirans
3151 1291 3215 1331 ac
3250 1276 3559 1346 lacrymans
3587 1274 3677 1328 in-

2089 1373 2237 1445 genti
2262 1387 2396 1429 voce
2426 1371 2683 1428 clamavit
2714 1388 2729 1426 :
2768 1369 2915 1426 Vivit
2937 1370 3215 1426 Dominus
3249 1368 3536 1433 virtutum,
3574 1367 3676 1421 ho-

2090 1465 2293 1520 minem
2322 1478 2423 1536 ego
2457 1463 2625 1527 hunc,
2652 1463 2778 1535 quis
2816 1464 2905 1530 sit,
2940 1469 3212 1533 quatenus
3251 1474 3466 1515 mecum
3509 1459 3681 1516 fuisse

2090 1566 2190 1605 vos
2215 1550 2456 1616 dixistis,
2493 1566 2604 1606 non
2630 1551 2772 1615 vidi;
2803 1565 2994 1606 verum
3049 1548 3286 1605 Sabinus
3315 1558 3369 1604 et
3413 1548 3681 1605 Crescen-

2092 1642 2278 1710 tinus,
2322 1643 2417 1714 qui
2449 1652 2581 1700 ante
2607 1659 2707 1700 vos
2740 1654 2952 1710 astant,
2989 1645 3065 1699 illi
3104 1645 3209 1715 ipsi
3238 1660 3328 1701 me
3375 1652 3437 1700 ut
3468 1643 3680 1715 justum

2096 1736 2244 1792 hunc
2276 1752 2594 1793 accusarem
2638 1738 2941 1808 adegerunt
2973 1754 2989 1792 :
3030 1739 3320 1807 pecuniam
3359 1738 3504 1794 enim
3546 1739 3682 1793 milii

2096 1829 2232 1885 satis
2258 1830 2519 1899 grandem
2555 1829 2776 1895 dedere,
2810 1844 2943 1901 quo,
2984 1839 3042 1884 ut
3067 1830 3202 1894 dixi,
3237 1846 3360 1886 eum
3389 1831 3686 1901 redargue-

2096 1934 2213 1974 rem
2248 1919 2384 1990 (94),
2434 1919 2698 1988 iniustum
2740 1934 2873 1976 ausa
2912 1917 3145 1983 facinus,
3185 1928 3245 1974 ut
3277 1904 3365 1975 me
3397 1920 3684 1974 hominum

2097 2010 2327 2066 istorum
2357 2010 2620 2081 iniquitas
2644 2011 2698 2064 in
2733 2010 2981 2066 fraudem
3011 2011 3204 2067 illexit.
3235 2011 3305 2066 At
3338 2011 3546 2067 crimen
3580 2012 3684 2067 hoc

2099 2117 2280 2158 meum
2334 2101 2602 2158 Dominus
2658 2102 2803 2159 Deus
2858 2102 2975 2174 pari
3027 2103 3133 2158 illis
3184 2118 3346 2174 paena
3403 2104 3685 2174 rependet.

2095 2193 2233 2250 Nam
2265 2210 2368 2268 ego
2401 2196 2622 2266 quidem
2676 2197 2957 2252 biennium
3003 2206 3057 2250 et
3099 2211 3319 2252 menses
3363 2212 3456 2252 sex
3499 2210 3530 2250 a
3579 2197 3686 2251 ila--

2097 2302 2264 2343 mone
2291 2289 2603 2343 excruciata
2640 2302 2783 2343 sum.
2834 2286 2930 2343 His
2953 2288 3118 2344 dictis
3150 2302 3274 2343 cum
3302 2296 3454 2343 stans
3496 2289 3686 2344 oculos

2099 2379 2525 2434 circumtulisset
2556 2379 2623 2433 ad
2656 2393 2850 2435 omnes
2874 2379 3187 2450 episcopos,
3221 2380 3388 2449 paulo
3420 2388 3542 2450 post
3563 2394 3690 2434 san-

2100 2480 2249 2526 ctum
2282 2468 2601 2542 Gregorium
2630 2473 2994 2543 contemplata
3031 2472 3271 2543 agnovit,
3304 2480 3468 2542 atque
3497 2488 3692 2529 accur-

2100 2577 2230 2618 rens
2262 2562 2329 2617 ad
2361 2564 2523 2633 pedes
2550 2563 2693 2633 ejus,
2724 2563 2914 2619 multis
2946 2580 3069 2619 cum
3112 2564 3369 2636 lacrymis
3399 2573 3455 2621 et
3493 2580 3691 2634 magno

2102 2654 2271 2708 animi
2293 2654 2482 2709 dolore
2512 2655 2595 2710 sic
2618 2670 2742 2710 eum
2774 2663 2860 2710 est
2890 2657 3125 2711 allocuta
3157 2671 3172 2710 :
3198 2655 3451 2711 Misereat
3477 2665 3528 2711 te
3559 2659 3686 2724 mei,

2102 2762 2137 2801 ο
2179 2744 2277 2801 Dei
2309 2761 2487 2811 serve,
2542 2761 2607 2802 ac
2656 2747 2922 2816 lnjustum
2973 2746 3333 2818 iniquumque
3372 2748 3686 2814 consilium,

2102 2839 2249 2907 quod
2282 2840 2337 2894 in
2369 2850 2421 2896 te
2448 2839 2833 2908 suscepi,mihi
2855 2837 3059 2894 infelici
3090 2848 3145 2894 et
3167 2837 3396 2910 abiecta:
3421 2841 3689 2895 remittas.

2109 2931 2252 2989 Vivit
2284 2933 2546 2989 Dominus
2570 2934 2719 2989 Deus
2750 2947 2929 2999 meus,
2963 2948 2994 2987 a
3039 2932 3269 3002 pedibus
3297 2947 3400 3002 ego
3442 2932 3549 2988 tuis
3582 2948 3693 2987 non

2105 3035 2233 3082 ante
2262 3026 2577 3090 abscedam,
2611 3040 2777 3097 quam
2810 3026 2945 3079 mihi
2981 3024 3171 3096 ﬂagitii
3204 3024 3308 3080 mei
3342 3027 3555 3080 veniam
3581 3042 3610 3080 a
3644 3034 3698 3081 te

2106 3115 2289 3170 datam
2360 3115 2667 3172 renunties.
2715 3115 3089 3182 Quamobrem
3160 3129 3229 3170 ne
3294 3116 3697 3173 animadvertas

402 3216 758 3289 ἀπαγγείλῃς
782 3216 887 3287 τῆς
906 3207 1233 3287 παρανόμης
1267 3233 1369 3287 μου
1400 3215 1675 3287 πράξεως.
1698 3217 1791 3270 Διὸ
1819 3219 1895 3287 μὴ
1921 3218 2003 3270 ἐν-

2110 3218 2247 3259 neve
2267 3203 2604 3268 memineris,
2629 3204 2790 3258 Pater
2811 3213 3021 3271 sancte,
3043 3218 3166 3273 quae
3188 3218 3218 3258 a
3237 3219 3324 3261 me
3348 3206 3488 3262 mala
3505 3217 3697 3263 contra

404 3307 792 3380 νοήσῃς,μηδὲ
816 3307 1065 3380 μνησθῇς
1091 3307 1202 3362 τῶν
1229 3308 1361 3378 παρ’
1387 3307 1524 3380 ἐμοῦ
1550 3308 1902 3381 πραχθέντων
1927 3310 2007 3374 είς

410 3402 483 3454 σὲ
515 3399 725 3465 κακῶν,
759 3400 943 3474 Πάτερ
978 3398 1123 3470 ἅγιε.

491 3492 615 3546 OE'.
655 3490 843 3547 Ταῦτα
872 3492 928 3546 δὲ
948 3492 1045 3547 ἐπὶ
1072 3492 1336 3558 πλείστας
1358 3494 1510 3566 ὥρας
1540 3494 1902 3567 διαλεγομένη
1930 3494 2010 3565 τῷ

406 3587 565 3657 ἁγίῳ
594 3588 626 3658 ή
650 3586 809 3658 κόρη,
837 3585 1165 3657 ἀποκριθεὶς
1193 3588 1223 3640 6
1241 3585 1399 3656 άγιος
1421 3586 1570 3656 λέγει
1602 3588 1741 3660 αὐτῇ
1768 3604 1782 3619 ·
1815 3583 1889 3640 Ὦ
1912 3588 2007 3656 γύ-

406 3698 533 3743 ναι,
566 3681 670 3733 οὺκ
697 3677 847 3731 ἔστιν
870 3679 1005 3749 ἡμῖν
1046 3680 1110 3732 τὸ
1141 3678 1597 3748 ἐπαγγείλασθαι,
1627 3679 1705 3743 ὡς
1743 3680 1809 3733 σὺ
1852 3679 2010 3751 νομί-

407 3773 560 3838 ζεις,
591 3772 641 3824 εί
675 3769 750 3841 μὴ
780 3769 942 3841 μόνον
971 3769 1067 3825 τοῦ
1094 3771 1542 3843 φιλοικτίρμονος
1570 3772 1665 3826 καὶ
1694 3772 2007 3845 φιλανθρώ-

408 3883 527 3920 που
558 3864 695 3918 Θεοῦ
719 3862 881 3934 ἡμῶν
904 3878 919 3893 ο
957 3863 1120 3928 αὐτὸς
1148 3864 1260 3936 γὰρ
1289 3866 1438 3920 ἰᾶται
1464 3865 1537 3920 τὰ
1572 3864 1872 3936 τραύματα
1900 3866 2009 3920 τῶν

411 3957 610 4031 ψυχῶν
633 3955 815 4028 ήμῶν,
839 3955 868 4008 6
898 3956 967 4009 τά
1006 3954 1155 4028 πάθη
1197 3956 1267 4012 δι’
1293 3956 1454 4029 ἡμῶν
1480 3956 1749 4022 ἑκουσίως
1779 3957 2008 4026 ὑπομεί-

414 4068 541 4117 νας,
561 4049 653 4104 καὶ
670 4046 960 4117 γινώσκων
987 4046 1086 4118 τῆς
1115 4050 1319 4121 σαρκὸς
1346 4049 1416 4105 τὰ
1447 4049 1618 4120 πάθη,
1642 4048 1718 4113 ὡς
1738 4048 2006 4119 πλάστης,

415 4149 517 4203 καὶ
539 4146 901 4219 ἐνδυσάμενος
931 4146 1125 4215 αὐτήν.
1152 4141 1322 4213 Πλὴν,
1350 4141 1537 4211 γύναι,
1556 4139 1669 4213 δῴη
1693 4141 1826 4210 ήμῖν
1848 4140 2013 4205 αὐτὸς

416 4239 775 4311 συγχώρησιν
803 4237 948 4293 κατὰ
977 4238 1045 4291 τά
1074 4236 1352 4307 αἰτήματα
1374 4233 1553 4307 ήμῶν,
1584 4233 1678 4290 καὶ
1709 4231 2011 4304 καθαρίσαι

414 4334 574 4404 ἡμᾶς
605 4333 715 4387 ἀπὸ
747 4331 929 4402 πάσης
964 4328 1262 4400 ἁμαρτίας,
1297 4327 1379 4381 ὅτι
1411 4325 1577 4390 αὐτός
1603 4326 1754 4380 ἐστιν
1784 4326 1814 4378 6
1840 4325 2012 4397 αἴρων

414 4422 526 4491 τὴν
560 4420 840 4491 ἁμαρτίαν
883 4417 981 4472 τοῦ
1017 4417 1250 4486 κόσμου.
1293 4416 1407 4471 Καὶ
1456 4415 1740 4487 κρατήσας
1789 4415 2011 4486 ήγειρεν

417 4514 618 4583 αὐτήν.
667 4512 920 4581 Ἐγένετο
949 4510 1008 4565 δὲ
1037 4508 1203 4595 φόβος
1232 4509 1327 4563 ἐπὶ
1351 4506 1563 4571 πάντας
1584 4508 1715 4570 τοὺς
1754 4506 1915 4571 όντας
1951 4508 2011 4562 ἐν

415 4607 488 4675 τῇ
516 4572 650 4675 ἁγίᾳ
686 4572 892 4673 σύνόδῳ
922 4572 1128 4673 ἐκείνη,
1158 4600 1303 4677 ὥστε
1341 4600 1522 4669 λέγειν
1565 4599 1777 4664 πάντας
1800 4616 1815 4630 ο
1846 4599 2011 4654 Εὐλοο
2047 4572 2090 4628 n

417 4698 594 4767 γητὸς
625 4698 652 4750 6
675 4695 808 4760 Θεὸς
836 4695 946 4749 τῶν
983 4693 1210 4764 πατρῶν
1243 4693 1423 4764 ἡμῶν,
1454 4693 1539 4747 ὅτι
1579 4691 1821 4746 τοιοῦτον
1838 4691 2011 4763 ,ἐργά-

418 4807 526 4859 την
556 4786 740 4858 ἐαυτῷ
776 4787 806 4840 6
838 4786 972 4850 Θεὸς
1009 4783 1380 4856 ἐφανέρωσεν,
1412 4785 1510 4839 καὶ
1542 4783 1813 4850 ἀνέδειξεν
1850 4786 1910 4839 ἐν
1935 4783 2015 4854 τῷ

421 4883 622 4952 κόσμῳ
652 4881 710 4932 ἐν
740 4882 863 4943 ταῖς
902 4878 1163 4949 ἐσχάταις
1190 4876 1429 4948 ἡμέραις
1453 4874 1929 4940 ταύταιςμΤαῦτα
1957 4876 2015 4929 δὲ

421 4975 610 5031 αὐτῶν
641 4972 931 5036 εἰπόντων,
962 4971 1302 5041 άπεκίνησαν
1331 4970 1428 5025 καὶ
1450 4969 1696 5043 ἀπῆλθον
1729 4972 1788 5023 ἐν
1821 4973 1887 5045 τῇ
1920 4973 2013 5024 ἐκ-

423 5066 652 5137 κλησίᾳ,
684 5063 779 5118 καὶ
818 5063 917 5133 τὴν
951 5062 1100 5118 θείαν
1127 5059 1569 5126 ἐπιτελέσαντες,
1599 5064 2012 5133 μυσταγωγίαν,

422 5163 524 5215 καὶ
549 5156 947 5229 μεταλαϐόντες
972 5154 1070 5209 τοῦ
1101 5155 1372 5226 άχράντου
1403 5153 1656 5225 σώματος
1685 5154 1781 5208 τοῦ
1807 5156 2016 5228 Κυρίου

425 5251 587 5322 ἡμῶν
628 5247 804 5320 Ἰησοῦ
829 5246 1091 5319 Χριστοῦ,
1122 5246 1328 5318 ἔφαγον
1359 5245 1525 5318 ἄρτον
1556 5247 1614 5299 ἐν
1641 5243 1892 5321 τραπέζῃ
1921 5247 2015 5302 τοῦ

426 5345 587 5395 πάπα
621 5341 679 5393 ἐν
714 5341 781 5411 τῇ
807 5338 993 5409 ἡμέρα
1017 5338 1204 5409 ἐκείνῃ
1233 5337 1366 5391 οἵτε
1394 5335 1686 5390 ἐπίσκοποι
1716 5339 1819 5407 τῆς
1859 5338 2019 5392 Ἀνα-

425 5433 613 5503 colite,
644 5432 738 5485 καὶ
770 5432 800 5484 ὁ
839 5430 1166 5500 σπαθάριος,
1195 5429 1289 5483 καὶ
1319 5430 1348 5481 6
1380 5427 1538 5496 ἅγιος
1567 5428 1891 5500 Γρηγόριος,
1924 5431 2020 5483 καὶ

424 5525 459 5578 6
475 5542 544 5595 χα
555 5519 850 5594 ρτοφύλαξ.
879 5516 989 5574 Ἦν
1009 5520 1065 5573 δὲ
1086 5521 1115 5573 6
1133 5520 1289 5588 ἅγιος
1311 5518 1615 5591 Γρηγόριος
1635 5519 1786 5592 ἄρτῳ
1811 5520 2018 5592 βραχυ-

425 5619 579 5681 τάτῳ
613 5613 978 5687 ἀρκούμενος,
1012 5612 1106 5668 καὶ
1134 5611 1389 5683 λαχάνοις
1428 5611 1559 5666 ἄνευ
1596 5611 1800 5667 ἐλαίου.
1848 5613 2020 5668 Ἐκεῖ-

429 5710 525 5766 θεν
567 5708 628 5763 δέ
675 5706 985 5777 ἐξελθόντες
1037 5703 1260 5776 ἔμειναν
1315 5705 1615 5777 ἀμφότεροι
1660 5705 1721 5759 ἐν
1757 5704 1836 5779 τῷ
1880 5705 2017 5779 ἃμα,

497 5888 614 5961 (94)
644 5888 777 5946 Cod.
813 5891 864 5956 I,
893 5889 1002 5957 ἴνα,
1035 5887 1111 5952 ὡς
1142 5883 1315 5951 εἶπον,
1342 5884 1671 5952 καταπλέξω
1691 5884 1876 5943 αὐτόν.

801 6001 1077 6064 Parnm“
1123 6000 1240 6061 Gtt.
1288 5996 1573 6062 XCVIII.

2114 3306 2165 3347 te
2198 3294 2437 3349 admissa
2466 3294 2597 3349 sint.

2186 3498 2398 3554 LXXV.
2437 3501 2564 3555 Haec
2608 3499 2685 3554 illi
2730 3501 2894 3556 etiam
2958 3502 3122 3571 atque
3154 3501 3320 3557 etiam
3376 3502 3698 3558 edisserenti

2113 3589 2192 3645 sic
2219 3589 2456 3660 denique
2481 3598 2706 3646 sanctus
2737 3591 2818 3645 vir
2846 3590 3127 3662 respondit
3156 3608 3169 3645 :
3213 3589 3500 3656 Nostrum,
3524 3607 3557 3647 o
3580 3608 3702 3647 mu-

2111 3682 2231 3748 lier,
2267 3696 2377 3737 non
2411 3691 2515 3748 est,
2548 3682 2694 3739 sicut
2725 3692 2781 3738 tu
2838 3695 3018 3754 putas,
3066 3683 3381 3739 renuntiare
3425 3683 3572 3755 quod
3606 3701 3702 3740 cu—

2112 3774 2222 3843 pis,
2251 3774 2346 3829 sed
2377 3774 2474 3829 Dei
2511 3775 2680 3831 unius
2710 3775 2881 3830 nostri
2915 3776 3248 3847 indulgentis
3277 3791 3340 3831 ac
3364 3776 3700 3832 miserentis.

2111 3864 2233 3936 Ipse
2263 3865 2411 3920 enim
2446 3866 2757 3922 animorum
2789 3866 3107 3924 nostrorum
3136 3866 3362 3923 vulnera
3392 3877 3572 3933 sanat,
3603 3869 3699 3939 qui

2112 3957 2454 4016 voluntarios
2482 3973 2583 4028 pro
2627 3959 2787 4014 nobis
2827 3960 2997 4013 subiit
3029 3958 3329 4025 cruciatus,
3375 3971 3429 4015 et
3473 3960 3700 4015 humani

2113 4049 2351 4120 generis,
2387 4049 2533 4120 quod
2578 4051 2818 4107 condidit
2858 4052 2998 4107 idem
3040 4063 3207 4122 atque
3240 4053 3436 4119 induit,
3471 4052 3700 4110 allectus

2113 4142 2284 4197 novit.
2324 4142 2597 4198 Czrterum
2626 4144 2719 4199 det
2763 4144 2878 4214 ipse
2910 4145 3092 4212 nobis,
3124 4160 3158 4199 ο
3198 4145 3416 4211 mulier,
3457 4147 3699 4211 veniam,

2114 4248 2278 4303 quam
2307 4234 2509 4310 singuli
2561 4237 2818 4306 petimus,
2854 4251 3063 4307 nosque
3093 4236 3162 4292 ab
3194 4237 3346 4292 omni
3385 4238 3508 4293 labe
3539 4253 3702 4293 mun-

2114 4325 2454 4397 det;quippe
2478 4327 2596 4397 ipse
2618 4338 2723 4395 est,
2749 4329 2844 4399 qui
2877 4329 3019 4384 tollit
3041 4336 3267 4400 peccata
3294 4330 3509 4385 mundi.
3539 4330 3705 4385 Eam—

2114 4434 2222 4489 que
2249 4426 2439 4475 tenens
2463 4421 2743 4477 excitavit.
2777 4420 2980 4478 Omnes
3001 4437 3151 4488 vero,
3182 4422 3277 4492 qui
3306 4422 3362 4476 in
3393 4430 3586 4479 sancta
3612 4422 3705 4477 illa

2118 4509 2328 4580 synodo
2377 4520 2552 4576 erant,
2599 4513 2766 4568 timor
2799 4513 2961 4584 cepit,
3019 4513 3243 4584 fuitque-
3285 4513 3532 4569 omnium
3573 4528 3702 4579 vox,

2118 4602 2230 4659 Deo
2278 4602 2467 4661 laudes
2504 4604 2841 4672 tribuendas,
2889 4607 2984 4678 qui
3035 4608 3194 4663 talem
3250 4606 3357 4663 sibi
3389 4607 3721 4678 operarium-

2114 4696 2468 4767 prodidisset,
2514 4713 2753 4770 eumque
2780 4700 3042 4756 extremis
3069 4700 3179 4755 illis
3207 4698 3401 4755 diebus
3429 4699 3550 4755 orbi
3584 4715 3703 4754 ma‘

2116 4785 2449 4844 nifestasset.
2483 4788 2734 4861 Dumque
2766 4791 2880 4846 hare
2914 4791 3180 4853 dicerent.
3208 4791 3491 4847 discedere
3519 4806 3703 4861 caepe-

2117 4886 2266 4941 runt,
2328 4888 2493 4950 atque
2534 4879 2588 4934 in
2635 4883 2901 4952 templum
2944 4882 3178 4954 ingressi
3234 4897 3389 4939 saera
3441 4882 3701 4955 mysteria

2117 4984 2374 5041 peregere
2400 4982 2455 5026 et
2479 4972 2834 5029 immaculato
2857 4989 3089 5046 corpore
3128 4974 3340 5031 Domini
3371 4976 3545 5032 nostri
3572 4975 3705 5031 Iesu

2117 5063 2323 5119 Christi
2374 5063 2565 5119 refecti
2616 5077 2767 5121 sunt.
2803 5066 3005 5122 Eodem
3038 5068 3127 5123 die
3156 5070 3397 5139 pontifex
3429 5071 3707 5125 maximus

2068 5216 2069 5219 η
2118 5154 2408 5223 episcopos
2457 5152 2729 5219 Orientis,
2766 5155 3132 5224 spatbarium,
3180 5167 3433 5211 sanctum
3501 5156 3709 5226 Gregoc

2122 5246 2262 5300 rium
2311 5255 2367 5301 et
2417 5245 2897 5317 chartopltylacem
2943 5249 3201 5303 convivio
3233 5249 3443 5319 accepit
3479 5267 3492 5304 :
3537 5264 3713 5319 quan~

2121 5354 2283 5410 quam
2331 5346 2558 5394 sanctus
2604 5336 2906 5417 gregarius
2948 5341 3150 5412 exiguo
3190 5354 3349 5411 pane
3376 5341 3714 5396 et‘-oleribus

2122 5429 2240 5484 sine
2272 5428 2394 5484 oleo
2425 5436 2719 5484 contentus
2759 5426 2881 5484 fuit.
2927 5428 3056 5485 Inde
3084 5432 3314 5502 egressi,
3348 5445 3601 5487 mansere
3633 5432 3712 5486 si-

2123 5523 2236 5577 mul
2297 5523 2438 5591 apud
2491 5520 2777 5592 episcopus
2834 5519 3133 5592 Gregorius
3185 5531 3239 5578 et
3290 5523 3604 5593 spatbarius
3660 5531 3717 5580 et

2122 5616 2523 5688 ebartophylas
2564 5633 2579 5671 :
2627 5630 2691 5669 ac
2723 5613 2909 5688 [και]
2952 5625 3166 5670 noctem
3218 5625 3389 5670 totam
3438 5615 3717 5672 insomnes

2124 5706 2418 5763 traduxere
2462 5705 2686 5782 singuli,
2723 5720 2862 5777 quos
2908 5703 3038 5771 dixi,
3081 5704 3418 5761 admirantes
3445 5714 3557 5760 tam
3597 5703 3717 5777 epi-

3233 5987 3316 6050 2'2
