4102 6390
535 437 647 504 687

1527 453 1586 517 S.
1627 455 2011 520 GREGOB'II
2059 457 2574 523 AGBIGENTINI
2605 459 2782 523 VITA

3684 451 3785 519 688

536 565 661 606 sum
693 550 798 607 hoc
825 549 1090 606 dederunt
1118 571 1131 608 :
1163 552 1220 609 Si
1248 570 1371 611 cum
1405 558 1492 614 his
1521 569 1579 614 tu
1607 577 1826 633 quoque
1855 567 2015 634 petis,
2049 582 2115 620 ue

2225 583 2315 620 ποι
2347 566 2444 620 σὺν
2475 565 2552 636 τῷ
2575 567 2731 640 πάπᾳ
2760 564 3065 638 ἐδάκρυσαν
3093 563 3188 620 καὶ
3213 558 3391 618 εἵπονθ
3418 563 3478 618 El
3507 561 3664 628 αὐτὸς
3694 566 3787 620 σῦν

537 641 668 710 quid
704 641 1001 709 patiamur,
1028 644 1164 700 nihil
1180 646 1294 716 jam
1329 649 1395 704 ad
1425 665 1525 706 nos
1547 655 1799 722 pertinet.
1831 655 1964 710 Nam
1994 658 2119 711 illud

537 731 760 800 quidem
796 749 921 788 vere
945 735 1208 806 scriptum
1243 748 1348 804 est,
1392 743 1609 798 Domini
1641 747 1806 802 unius
1860 747 2118 803 ultionem

533 842 676 883 esse.
739 828 907 899 Igitur
941 829 1084 900 jussi
1118 830 1320 887 milites
1341 833 1620 891 dimittere
1651 849 1766 902 eus,
1799 851 1909 909 quo
1933 855 2122 894 rursus

526 920 724 974 eodem
757 935 949 976 omnes
991 923 1369 979 convenirent.
1414 925 1628 982 Accidit
1667 944 1820 993 vero,
1851 929 1979 984 dum
2014 944 2122 984 uno

521 1009 589 1063 'iu
619 1010 740 1066 loco
763 1027 955 1068 omnes
986 1021 1190 1078 essent,
1227 1023 1287 1069 ut
1333 1017 1572 1086 procella
1615 1019 1912 1091 improviso
1938 1037 2124 1076 erum-

531 1113 702 1170 petet,
732 1112 787 1158 et
835 1105 991 1161 locus
1023 1106 1134 1173 ille,
1182 1109 1237 1162 in
1277 1125 1390 1180 quo
1431 1121 1780 1170 accusatores
1823 1122 1999 1180 erant,
2030 1115 2125 1170 ob-

522 1207 815 1252 scuraretu
826 1215 869 1254 r.
895 1198 1102 1256 Ventus
1126 1215 1292 1271 porro
1319 1218 1351 1258 e
1375 1213 1520 1260 terra
1541 1205 1690 1271 exiit,
1715 1215 1771 1262 et
1789 1205 1927 1262 adeo
1950 1207 2119 1262 densa

530 1289 721 1361 caligo
741 1305 936 1348 omnes
967 1294 1120 1358 texit,
1152 1303 1214 1350 ut
1267 1303 1411 1351 terra
1466 1296 1774 1364 dehiscere,
1823 1313 2030 1368 eosque
2062 1297 2119 1352 in

531 1381 852 1450 voraginem
891 1383 1180 1454 abreptura
1211 1401 1334 1442 esse
1362 1387 1642 1442 videretur
1687 1406 1702 1442 :
1733 1402 1908 1459 quare
1934 1388 2119 1445 omnis

531 1486 755 1542 quoque
800 1475 1041 1544 synodus
1069 1485 1364 1542 commota,
1398 1479 1633 1535 sublatis
1673 1480 1741 1534 ad
1773 1479 1974 1536 caelum
2011 1496 2124 1536 ma-

533 1566 698 1620 nibus
721 1566 1066 1624 inclamavit:
1091 1567 1332 1632 Domine,
1357 1572 1625 1626 miserere.
1646 1572 1717 1627 At
1737 1572 1818 1628 rei
1837 1574 2015 1628 exitus
2033 1575 2122 1630 hic

534 1655 659 1712 fuit.
701 1656 871 1712 Paulo
902 1669 1025 1728 post
1054 1661 1252 1732 caligo,
1293 1663 1548 1732 quasillis
1581 1662 1924 1728 incubuerat,
1955 1664 2121 1719 dissi-
2159 1679 2166 1686 '

534 1759 658 1818 pata
689 1760 791 1810 cst.
823 1761 877 1804 at
921 1753 1103 1806 vultus
1141 1768 1332 1809 eorum
1386 1755 1662 1825 nigrantes
1706 1765 2117 1826 apparuerunt;

533 1843 902 1910 quorumdam
927 1859 1058 1899 vero
1080 1853 1191 1899 tota
1222 1843 1394 1902 facies
1411 1848 1642 1902 omnino
1666 1848 1945 1918 nigruerat
1963 1847 2074 1918 (99)
2101 1865 2116 1900 :

536 1933 724 1988 Sabini
760 1936 814 1988 in
853 1935 1044 2004 primis
1071 1947 1126 1992 et
1151 1937 1492 1994 Crescentini
1543 1939 1886 2011 aliorumque
1913 1941 2117 1995 multo-

533 2042 681 2090 rum,
709 2029 910 2096 quibus
965 2043 1224 2100 praeterea
1265 2033 1406 2088 labia
1446 2048 1666 2104 quoque
1716 2035 1854 2088 adeo
1898 2034 2117 2090 diducta

533 2129 688 2185 sunt,
725 2129 786 2174 ut
815 2123 900 2175 vix
933 2137 994 2176 ea
1027 2132 1232 2179 tantum
1276 2125 1548 2181 adducere
1584 2135 1826 2196 possent,
1854 2134 2120 2196 quantum

535 2211 600 2262 ad
633 2211 969 2279 loquendum
1005 2230 1145 2286 opus
1174 2226 1345 2272 esset.
1384 2215 1590 2272 Ultimo
1622 2218 1724 2273 hoc
1745 2218 1996 2289 prodigio
2035 2217 2121 2272 di-

509 2303 664 2356 ‘vina
697 2303 750 2357 in
782 2313 1134 2362 accusatores
1163 2307 1244 2362 ira
1281 2309 1618 2378 conquievit.
1665 2310 1846 2378 Quare
1881 2310 2123 2382 synodus

531 2395 797 2450 universa
823 2397 1080 2453 clamavit
1128 2417 1143 2454 :
1187 2398 1343 2456 Nunc
1385 2401 1622 2472 denique
1664 2403 1928 2458 Dominus
1977 2405 2125 2458 chri-

539 2498 684 2541 stum
731 2487 808 2558 (l)
853 2504 1013 2544 suum
1058 2504 1326 2559 servasse,
1373 2507 1518 2548 nunc
1544 2508 1575 2548 e
1601 2494 1743 2548 caelo
1787 2503 1978 2548 sancto
2022 2509 2126 2551 suo

537 2591 732 2646 preces
759 2578 882 2648 ejus
923 2581 1239 2638 exaudiisse
1279 2583 1432 2638 visus
1460 2592 1563 2639 est.
1589 2582 1818 2656 Magnus
1865 2583 2126 2642 Dominus

537 2681 742 2737 noster,
771 2681 827 2727 et
853 2688 1050 2744 magna
1087 2675 1264 2732 virtus
1287 2676 1438 2746 ejus;
1487 2686 1542 2732 et
1577 2693 1682 2732 non
1714 2687 1798 2732 est
1832 2677 2128 2748 investiga-

537 2759 618 2815 tio
643 2762 860 2829 consilii
888 2763 1028 2834 ejus.
1078 2762 1221 2822 Vere
1253 2780 1487 2837 magnus
1508 2777 1562 2823 et
1609 2767 1898 2826 laudabilis
1939 2769 2124 2838 nimis,

537 2860 595 2906 ct
629 2854 1025 2923 magnitudinis
1080 2856 1204 2926 ejus
1251 2873 1361 2914 non
1398 2867 1483 2913 est
1533 2858 1676 2916 linis.
1710 2859 1857 2916 Bene
1901 2861 2129 2916 Domino

537 2942 790 3000 dicamus
838 2944 950 3000 Deo
981 2954 1195 3010 nostro,
1245 2949 1340 3017 qui
1385 2949 1876 3008 omnia-utilitatis
1925 2962 2128 3008 nostrae

515 3049 707 3090 causa
739 3033 902 3104 facit;
943 3036 1062 3105 ipse
1090 3038 1237 3092 enim
1276 3041 1456 3096 noscit
1481 3041 1574 3112 qui
1609 3058 1735 3098 cum
1771 3052 1980 3109 amant,
2007 3045 2130 3115 qui-

539 3141 650 3198 que
678 3127 942 3184 voluntati
991 3129 1113 3200 ejus
1149 3131 1548 3202 obsequuntur,
1598 3149 1663 3190 ae
1714 3145 1894 3192 servat
1922 3151 2039 3202 eos,
2075 3147 2129 3192 et

2224 657 2408 720 αὐτοῖς
2455 657 2628 720 αἰτεῖς
2676 657 2776 727 τὴν
2817 657 3087 710 ἀπάθειαν
3119 657 3313 717 αὐτῶν,
3350 656 3509 726 ἡμεῖς
3565 655 3788 726 πρᾶγμα

2222 744 2320 799 οὐκ
2364 745 2560 816 ἔχομεν
2585 761 2599 777 ο
2635 745 2793 799 τοῦτο
2817 747 2925 816 γὰρ
2968 744 3180 818 άληθῶς
3208 744 3538 814 γέγραπται,
3585 744 3666 797 ὅτι
3696 744 3788 797 τού

2223 836 2430 907 Κυρίου
2461 839 2493 908 ἡ
2517 837 2798 907 ἐκδίκησις
2827 839 3011 907 μόνου.
3041 833 3150 891 Kal
3171 835 3454 888 ἐκέλευσεν
3475 833 3671 896 αὐτοὺς
3691 837 3788 904 ὰφ-

2227 925 2364 978 ιέναι
2399 925 2528 990 τοὺς
2573 925 2933 998 στρατιώτας,
2965 927 3064 980 καὶ
3109 926 3270 979 πάλιν
3305 927 3365 978 ἐν
3404 925 3483 996 τῷ
3516 925 3633 996 ἃμα
3673 940 3793 978 συν-

2222 1016 2578 1089 αθῳισθῆναι
2603 1018 2868 1083 ἅπαντας.
2911 1018 3156 1087 Ἐγένετο
3173 1017 3233 1072 δέ
3257 1018 3316 1070 ἐν
3337 1016 3414 1088 τῷ
3437 1015 3635 1080 αὐτοὺς
3653 1013 3790 1072 εἶναι

2223 1108 2283 1161 ἐν
2330 1108 2412 1162 ἐνὶ
2455 1107 2630 1179 τόπῳ,
2666 1109 2890 1178 γέγονεν
2937 1110 3137 1181 αἴφνης
3193 1107 3392 1178 λαίλαψ
3433 1109 3658 1179 άνέμου,
3701 1111 3792 1162 καὶ

2222 1201 2518 1255 ἐσκότασεν
2551 1201 2580 1254 ό
2608 1202 2792 1268 τόπος,
2832 1204 2892 1256 ἐν
2922 1193 2968 1270 ᾧ
3005 1203 3222 1257 ἵσταντο
3256 1203 3308 1257 οἱ
3334 1203 3634 1274 κατήγοροι
3657 1218 3670 1233 ·
3701 1203 3790 1256 καὶ

2225 1291 2336 1346 ίδοὺ
2363 1292 2560 1364 ἄνεμος
2585 1293 2808 1365 ἐξῆλθεν
2831 1295 2896 1348 ἐκ
2917 1295 3018 1366 τῆς
3039 1295 3166 1366 γῆς,
3194 1296 3290 1350 καὶ
3311 1295 3584 1366 ἐκάλυψαν
3606 1296 3792 1359 αὐτοὺς

2221 1386 2434 1448 πάντας
2460 1385 2662 1457 γνόφος
2690 1387 2956 1452 σκοτινδς,
2989 1386 3132 1442 ὥστε
3177 1386 3386 1452 πάντας
3419 1387 3620 1456 λέγειν,
3650 1388 3727 1440 δτι
3759 1389 3790 1457 ἡ

2223 1478 2295 1548 γῆ
2323 1477 2516 1550 ἔχανεν
2543 1478 2640 1534 καὶ
2667 1477 2930 1534 κατέπιεν
2957 1479 3180 1546 αὐτούς.
3214 1480 3323 1536 Καὶ
3353 1481 3505 1534 πᾶσα
3527 1481 3564 1550 ἡ
3587 1479 3791 1542 σύνοδος

2222 1572 2303 1637 είς
2331 1571 2429 1626 τὸν
2451 1571 2684 1644 οὐρανὸν
2719 1571 2821 1636 τὰς
2851 1575 3042 1643 χεῖρας
3070 1569 3588 1645 άραντεςέκραζον,
3615 1571 3790 1639 λέγον-

2219 1681 2312 1728 τες
2335 1665 2417 1718 τό·
2437 1665 2614 1734 Κύριε
2632 1664 2912 1733 ἐλέησον.
2934 1665 3043 1718 Καὶ
3065 1665 3125 1718 τὸ
3145 1665 3210 1736 δὴ
3235 1664 3431 1734 πέρας,
3476 1665 3595 1734 μετ’
3623 1663 3789 1732 ὀλίγον

2219 1753 2500 1824 διεσχίσθη
2536 1756 2564 1808 ό
2606 1755 2802 1824 γνόφος
2844 1752 3124 1808 ἐπάνωθεν
3146 1753 3360 1807 αὐτῶν·
3389 1751 3484 1805 καὶ
3523 1750 3788 1820 ἐφάνησαν

2222 1849 2290 1902 τὰ
2326 1847 2596 1916 πρόσωπα
2631 1846 2813 1902 αὐτῶν
2857 1845 3305 1917 μεμελανωμένα,
3336 1845 3446 1899 τῶν
3476 1843 3534 1899 δέ
3559 1845 3654 1898 καὶ
3678 1843 3788 1898 όλό-

2219 1940 2399 2010 κληρα
2417 1941 2486 1994 τὰ
2503 1939 2772 2008 πρόσωπα
2786 1939 2966 1993 αὐτῶν
2992 1939 3440 2010 ἐμελανώθησαν.
3469 1938 3696 1992 Σαϐίνου
3712 1938 3784 1996 δέ.

2219 2032 2314 2087 καὶ
2344 2031 2776 2103 Κρησκεντίνου,
2825 2033 2922 2086 καὶ
2951 2031 3154 2104 ἐτέρων
3185 2030 3398 2085 πολλῶν
3439 2031 3503 2085 ού
3539 2029 3704 2100 μόνον·
3726 2030 3788 2084 τὰ

2219 2125 2488 2196 πρόσωπα
2528 2123 2711 2180 αὐτῶν
2747 2121 3188 2196 ἐμελανώθησαν,
3219 2122 3359 2178 ἀλλὰ
3404 2122 3503 2176 καὶ
3543 2121 3612 2176 τὰ
3645 2120 3782 2192 χείλη

2222 2217 2402 2273 αὐτῶν
2453 2216 2892 2289 κατηνιχθησαν,
2935 2216 3076 2270 ὥστε
3120 2216 3274 2287 μόλις
3306 2217 3509 2280 αὐτοὺς
3545 2214 3783 2270 δύνασθαι

2224 2327 2290 2362 πε
2302 2308 2580 2380 ρισφίγξαι
2605 2309 2746 2363 αὐτὰ
2775 2310 2861 2374 είς
2879 2309 2942 2362 τδ
2966 2308 3220 2380 λαλῆσαι.
3251 2309 3458 2364 Τούτου
3487 2308 3544 2364 δέ
3573 2309 3779 2378 γενομέ-

2223 2417 2316 2454 νου
2358 2399 2454 2454 τοῦ
2493 2399 2724 2472 σημείου
2770 2399 3056 2471 ἐτελειώθη
3095 2399 3233 2471 ὀργὴ
3270 2401 3351 2464 εἰς
3395 2402 3528 2465 τοὺς
3565 2400 3780 2470 κατηγά

2227 2479 2378 2564 ρους.
2408 2491 2680 2564 Ἔκραξεν
2705 2493 2856 2546 πᾶσα
2883 2493 2916 2562 ἠ
2947 2491 3164 2556 σύνοδος
3192 2491 3429 2562 λέγουσα
3448 2509 3464 2526 ·
3497 2493 3612 2547 Νῦν
3635 2493 3780 2562 ἐγνώ-

2225 2596 2423 2651 καμεν,
2450 2581 2535 2634 ὅτι
2585 2579 2788 2634 ἔσωσεν
2827 2580 3033 2651 Κύριος
3079 2581 3173 2636 τὸν
3212 2583 3438 2653 χριστὸν
3479 2582 3663 2643 αὑτοῦ.
3701 2583 3775 2636 καὶ

2225 2669 2534 2741 ἐπήκουσεν
2584 2669 2752 2724 αὐτοῦ
2784 2669 2844 2736 ἐξ
2875 2670 3105 2740 ούρανοῦ
3137 2673 3292 2741 ἁγίου
3325 2672 3517 2729 αὑτοῦ.
3559 2673 3768 2741 Μέγαςό

2226 2758 2434 2829 Κύριος
2466 2759 2644 2831 ἡμῶν,
2685 2760 2782 2815 καὶ
2822 2759 3030 2833 μεγάλη
3065 2763 3098 2832 ή
3142 2765 3297 2832 ισχῖις
3329 2763 3538 2818 αὐτοῦ’
3574 2764 3664 2818 καὶ
3694 2764 3770 2818 οὐκ

2227 2849 2376 2903 ἔστιν
2401 2848 2747 2923 ἐξερεύνησις
2777 2852 2878 2918 τῆς
2897 2852 3215 2922 φρονήσεως
3238 2852 3406 2907 αὐτοῦ
3429 2871 3446 2886 ν
3473 2853 3680 2924 ἀληθῶς
3703 2852 3778 2922 μέ-

2225 2959 2330 3011 γας
2351 2941 2448 2997 καὶ
2471 2941 2682 3005 αίνετδς
2707 2941 2932 3013 σφόδρα,
2956 2942 3052 2995 καὶ
3079 2941 3181 3011 τῆς
3213 2943 3610 3014 μεγαλωσύνης
3633 2942 3774 2997 αὐτοῦ

2228 3026 2328 3088 οὒκ
2357 3033 2508 3088 ἔστιν
2539 3033 2735 3105 πέρας.
2764 3032 3069 3105 Εὐλογητὸς
3104 3033 3310 3103 Κύριος
3336 3037 3367 3089 ό
3399 3035 3536 3102 Θεὸς
3575 3035 3720 3106 ἡμῶν
3753 3037 3777 3090 ό

2229 3124 2407 3178 πάντα
2438 3124 2576 3196 πρὸς
2623 3123 2685 3177 τὸ
2725 3123 3005 3194 συμφέρον
3041 3123 3435 3197 ἐργαζόμενος.
3486 3127 3654 3191 Δύτδς
3684 3125 3776 3196 γὰρ

539 3221 611 3275 de
641 3214 988 3277 inimicorum
1021 3239 1186 3279 manu
1233 3233 1396 3296 atque
1442 3239 1506 3281 ex
1553 3228 1702 3283 omni
1733 3228 2025 3286 afﬂictione
2057 3230 2125 3284 li-

2227 3220 2486 3286 γινώσκει
2509 3217 2639 3281 τοὺς
2663 3216 2996 3287 ἀγαπῶντας
3015 3217 3202 3282 αὐτὸν,
3237 3219 3332 3274 καὶ
3358 3219 3492 3284 τοὺς
3519 3218 3777 3280 ποιοῦντας

533 3314 716 3368 'bcrat.
748 3312 867 3384 Ipse
895 3313 1164 3385 justitiam
1200 3317 1468 3386 impertit,
1506 3319 1626 3388 ipse
1674 3321 1936 3392 mysteria
1985 3337 2130 3378 reveo

537 3403 644 3466 lat,
683 3403 801 3476 ipse
834 3407 1211 3464 metuentibus
1243 3423 1366 3463 eum
1421 3410 1653 3466 salutem
1684 3411 1876 3479 aﬂ‘ert;
1913 3428 2128 3486 semper

534 3495 690 3550 cnim
723 3510 892 3566 prope
936 3506 1021 3554 est
1077 3499 1462 3556 invocantibus
1495 3517 1622 3556 eum
1677 3503 1730 3556 in
1786 3503 2034 3570 veritate,
2071 3516 2126 3562 et

535 3603 636 3640 eos
668 3586 818 3661 [xcv]
860 3590 1110 3644 celeriter
1144 3591 1448 3657 ulciscitur,
1497 3595 1642 3664 qttod
1693 3595 1812 3651 sine
1852 3597 2128 3654 intermis-

535 3679 699 3737 sione
725 3681 966 3737 clamant
994 3682 1060 3737 ad
1091 3697 1216 3738 eum
1248 3683 1339 3739 die
1367 3698 1431 3739 ac
1461 3695 1640 3741 nocte.

2225 3306 2288 3360 τὸ
2319 3305 2532 3378 θέλημα
2563 3306 2751 3373 αὑτοῦ,
2783 3306 2878 3361 καὶ
2909 3305 3073 3371 σώζει
3097 3307 3316 3373 αὐτοὺς,
3349 3309 3453 3364 καὶ
3482 3309 3661 3383 ῥύεται
3690 3309 3776 3362 αύ-

2225 3396 2352 3460 τοὺς
2379 3398 2444 3450 ἐκ
2463 3399 2646 3471 χειρὸς
2674 3396 2887 3470 ἐχθρῶν
2913 3396 3096 3451 αὐτῶν
3127 3398 3222 3453 καὶ
3249 3399 3314 3454 ἐκ
3337 3401 3526 3472 πάσης
3548 3399 3774 3470 θλίψεως.

2225 3486 2399 3552 Αὐτὸς
2443 3488 2660 3550 δικαιοῖ.
2717 3489 2882 3553 αὐτὸς
2932 3491 3308 3558 ἀποκαλύπτει
3359 3493 3650 3560 μυστήρια,
3697 3487 3778 3542 καὶ

2226 3581 2374 3634 ποιεῖ
2401 3581 2676 3652 σωτηρίαν
2697 3583 2817 3646 τοῖς
2850 3581 3214 3654 φοϐουμένοις
3243 3582 3433 3638 αὐτόν.
3476 3581 3664 3650 Ἐγγῦς
3683 3579 3777 3648 γάρ

2225 3674 2377 3728 ἐστιν
2402 3671 2634 3742 πάντοτε
2667 3676 2779 3738 τοῖς
2804 3675 3256 3745 ἐπικαλουμένοις
3277 3676 3446 3730 αὐτὸν
3473 3676 3532 3729 ἐν
3555 3670 3774 3742 ἀληθείᾳ.

2226 3767 2324 3820 καὶ
2349 3765 2451 3838 τὴν
2483 3767 2766 3839 ἐκδίκησιν
2787 3767 2968 3822 αὐτῶν
3012 3770 3166 3823 ποιεῖ
3186 3769 3248 3822 ἐν
3275 3768 3458 3838 τάχει,
3483 3768 3565 3822 ὅτι
3591 3761 3777 3822 anm-

2125 3910 2138 3921 ,
2226 3870 2336 3915 τως
2361 3853 2526 3924 βοῶσι
2549 3855 2692 3926 πρὸς
2717 3855 2879 3910 αὐτὸν
2909 3857 3126 3928 ἡμέρας
3147 3858 3242 3912 καὶ
3264 3859 3485 3922 νυκτός.

617 3924 902 3982 LXXVIII.
938 3930 1117 4000 Atque
1149 3931 1235 3988 his
1261 3933 1506 4003 prolatis,
1554 3948 1846 3991 accessere
1881 3937 1948 3991 ad
1977 3949 2124 4000 eum,

541 4029 602 4073 et
647 4019 714 4074 ad
753 4021 916 4090 pedes
964 4023 1234 4092 provolutl
1293 4023 1602 4081 dixerunt:
1649 4023 1850 4081 Preces
1907 4027 2124 4092 adhibe,

545 4110 712 4166 Pater
747 4123 956 4179 sancte,
995 4129 1094 4183 pro
1127 4114 1308 4182 nobis,
1341 4115 1431 4186 qui
1485 4133 1630 4172 unus
1663 4119 1932 4174 extremis
1980 4119 2129 4176 hisce

549 4202 886 4271 temporibus
915 4203 1132 4260 invictae
1183 4206 1459 4276 patientiae
1507 4208 1687 4263 virum
1747 4217 1801 4265 te
1834 4209 2042 4278 prodis,
2073 4219 2129 4266 et

548 4292 752 4349 Christi
788 4309 853 4350 ac
882 4294 1281 4366 discipulorum
1315 4297 1438 4368 ejus
1475 4298 1812 4356 imitatorem
1844 4316 1860 4356 :
1922 4315 2042 4372 age,
2075 4310 2128 4356 te

551 4385 926 4453 obsecramus,
959 4387 1214 4457 precibus
1244 4402 1354 4449 nos.
1378 4389 1488 4446 tuis
1521 4389 1660 4444 habe
1681 4392 2124 4448 commendatos.

546 4475 646 4531 Ille
671 4491 802 4532 vero
835 4477 986 4534 humi
1019 4487 1349 4548 prostratus,
1381 4481 1548 4550 pedes
1583 4481 1927 4552 singulorum
1962 4497 2129 4538 oscu-

2297 3943 2426 3999 OH'.
2460 3944 2573 3998 Kal
2619 3945 2792 4000 ταῦτα
2838 3946 3018 4002 αὐτῶν
3063 3947 3358 4014 εἰπόντων,
3417 3944 3778 4019 προσελθόντες

2226 4035 2458 4091 ἔπιπτον
2495 4035 2647 4107 παρὰ
2691 4039 2820 4100 τοὺς
2866 4037 3032 4104 πόδας
3080 4038 3274 4100 αὑτοῦ.
3310 4037 3596 4108 λέγοντες·
3633 4030 3777 4100 Εὗξαι

2229 4129 2369 4201 ὑπὲρ
2391 4128 2570 4199 ημῶν,
2596 4129 2776 4200 Πάτερ
2808 4127 2952 4198 ἅγιε.
2977 4131 3060 4184 ὅτι
3091 4132 3150 4184 ἐν
3171 4133 3294 4193 ταῖς
3321 4130 3556 4201 ἡμέραις
3579 4125 3777 4186 ταύταις

2225 4221 2350 4286 ταῖς
2382 4222 2635 4292 ἐσχάταις
2684 4222 2750 4276 σὺ
2788 4221 2952 4290 μόνος
2983 4221 3236 4294 ἐδείχθης
3267 4223 3507 4294 ἐργάτης
3533 4219 3631 4288 τῆς
3657 4217 3775 4270 ὐπο-

2232 4313 2422 4382 μονῆς,
2447 4313 2540 4366 καὶ
2567 4312 2754 4376 δοῦλος
2778 4312 3018 4380 Χριστοῦ
3051 4315 3149 4368 καὶ
3180 4315 3292 4379 τῶν
3327 4312 3583 4383 μαθητῶν
3609 4303 3775 4364 αὐτοῦ.

2229 4400 2670 4472 Παρακαλοῦμεν
2692 4401 2750 4455 δέ
2773 4419 2854 4466 σε,
2883 4401 3044 4472 εὔχου
3071 4402 3213 4473 ὑπὲρ
3242 4401 3420 4471 ἡμῶν,
3444 4398 3616 4470 εὔχου.
3655 4395 3707 4449 ’0
3727 4393 3774 4446 δέ

2230 4492 2412 4548 πεσὼν
2445 4493 2540 4546 ἐπὶ
2568 4494 2861 4563 πρόσωπον
2889 4493 3078 4556 αὐτοῦ,
3106 4492 3512 4565 προσεκύνησεν
3537 4489 3648 4550 ἐνὸς
3671 4483 3775 4540 Exa-

501 4568 786 4636 .labatur,
823 4584 908 4634 ac,
961 4567 1093 4635 Vos,
1149 4571 1350 4636 aiebat,
1403 4571 1670 4642 ignoscite
1722 4573 1880 4638 mihi,
1935 4572 2125 4630 Patres

2233 4602 2359 4640 στου
2400 4584 2582 4640 αὐτῶν
2613 4587 2740 4648 τοὺς
2772 4585 2960 4650 πόδας,
2993 4585 3170 4654 λέγων
3189 4601 3206 4617 ⁸
3257 4577 3648 4654 Συγχωρήσατέ
3677 4591 3774 4646 μοι.

547 4662 766 4716 sancti:
797 4677 900 4733 ego
931 4665 1076 4718 enim
1111 4679 1246 4718 .sum
1284 4664 1520 4727 vermis,
1558 4673 1614 4719 et
1643 4679 1750 4719 non
1805 4665 1992 4732 homo,
2027 4682 2127 4735 op-

549 4763 832 4832 probrium
866 4762 1147 4816 hominum
1197 4767 1252 4818 et
1300 4761 1536 4831 abjectio
1569 4763 1838 4818 omnium.
1873 4761 1984 4818 Vos
2029 4778 2129 4833 po-

527 4857 660 4910 tius
691 4855 1012 4910 tenuitatem
1049 4869 1225 4908 meam
1267 4855 1521 4925 precibus
1557 4855 1757 4913 vestris
1805 4865 2126 4913 sustentate.

546 4946 777 5017 Jamque
829 4961 1022 5002 omnes
1078 4952 1272 5001 sancto
1320 4945 1472 5001 illum
1527 4946 1718 5003 osculo
1768 4947 2128 5004 salutabant:

531 5043 751 5111 quinte
779 5049 890 5096 tota
923 5055 988 5094 ex
1017 5039 1150 5094 urbe
1187 5039 1288 5094 viri
1343 5038 1671 5110 feminaeque
1718 5054 1843 5094 eum
1883 5039 2132 5095 lactenti-

536 5136 652 5188 bus
712 5133 899 5204 pueris
971 5141 1361 5199 convenerant,
1427 5139 1820 5188 accusatorum
1883 5131 2132 5201 prodigio

536 5223 714 5279 exciti
746 5240 760 5276 :
792 5232 846 5278 et
879 5237 975 5278 ora
1007 5237 1196 5278 eorum
1229 5223 1496 5293 nigrantia
1536 5219 1906 5292 obstupefacti
1946 5220 2129 5275 intue-

505 5317 773 5398 .bantur.
829 5313 1068 5371 Rursum
1116 5313 1317 5370 deinde
1361 5311 1604 5383 episcopi
1663 5311 1732 5368 ad
1793 5310 1953 5368 sedes
2001 5325 2130 5366 suas

621 5452 736 5522 (99)
781 5452 979 5520 Quidni
1019 5453 1434 5523 Agrigentinum
1509 5450 1750 5522 aliquem
1777 5491 1794 5516 ,
1847 5466 2128 5523 amomum

556 5525 855 5584 hominem.
895 5525 1124 5578 Leontio
1162 5522 1354 5578 nostro
1387 5523 1738 5591 imposuisse,
1775 5531 1830 5576 ct
1874 5522 2127 5576 fabellam

555 5596 698 5650 hanc
729 5595 1043 5650 venditasse
1080 5593 1501 5663 existimemus?
1535 5591 1813 5663 Agrigenti
1866 5591 2126 5663 fortasse,

557 5664 724 5728 utfit,
777 5664 996 5720 l‘atnilize
1049 5663 1257 5732 aliquot
1302 5679 1366 5718 ex
1403 5662 1598 5732 Africa
1637 5670 1889 5732 extorres
1943 5662 2126 5718 sedem

557 5738 820 5799 Inerant;
856 5750 920 5790 ex
955 5729 1412 5804 iisque’prognati
1450 5731 1606 5804 fusca
1638 5729 1796 5796 faeie,
1827 5732 1996 5804 labris
2028 5732 2129 5804 itu-

559 5805 786 5861 ntodieis
824 5801 1077 5874 parentes
1107 5801 1435 5874 atquejavos
1469 5803 1797 5858 referebant.
1837 5801 1955 5874 illos
2007 5802 2124 5872 pitt-

559 5893 661 5932 uus
693 5877 800 5942 ille,
828 5872 911 5928 ἰιι
942 5875 1142 5930 coloris
1179 5883 1232 5928 et
1262 5872 1452 5928 forma:
1483 5889 1707 5928 causam
1755 5873 2028 5940 redderet,
2059 5889 2127 5928 cx

2232 4677 2447 4747 Πάτρες
2480 4679 2626 4746 ἅγιοι
2650 4691 2664 4705 ·
2701 4675 2813 4745 ἐγὼ
2856 4675 2967 4746 γάρ
3008 4678 3125 4747 είμι
3171 4675 3408 4745 σκώληξ,
3455 4674 3549 4727 καὶ
3576 4670 3666 4724 οὐκ
3697 4666 3772 4720 ἄνα

2231 4767 2470 4838 θρωπος,
2497 4767 2703 4830 ὄνειδος
2731 4765 3038 4837 ἀνθρώπων
3071 4767 3168 4822 καὶ
3193 4766 3446 4835 ἐξουθένη
3455 4782 3526 4835 μα
3549 4761 3767 4815 πάντων·

2231 4859 2387 4912 αὐτοὶ
2427 4858 2626 4928 μᾶλλον
2661 4857 2888 4929 εὔχεσθε
2935 4857 3078 4930 ὑπὲρ
3123 4858 3228 4929 τῆς
3257 4857 3398 4927 ἐμῆς
3431 4852 3765 4926 μετριότητος·

2244 4951 2589 5006 Ἢσπάσαντο
2611 4949 2667 5004 δὲ
2692 4950 2854 5004 αὐτὸν
2877 4948 3077 5013 πάντες
3100 4948 3178 5020 τῷ
3205 4948 3344 5020 άγίῳ
3373 4946 3647 5016 φιλήματι.
3675 4937 3758 4991 Πᾶ-

2233 5061 2302 5098 σα
2335 5043 2444 5114 γάρ
2467 5045 2500 5113 ἠ
2533 5042 2688 5106 πόλις
2711 5039 2780 5112 ἦν
2805 5041 3240 5113 συνηθροισμένη
3266 5038 3474 5110 ἀνδρῶν
3495 5052 3551 5089 τε
3579 5031 3665 5087 καὶ
3694 5044 3760 5094 γιι

2229 5135 2452 5201 πικῶν,
2483 5134 2578 5188 καὶ
2610 5133 2716 5196 ἕως
2741 5133 2940 5203 μικροῦ
2967 5132 3298 5204 θηλάζοντος
3337 5130 3427 5182 ἐπὶ
3453 5127 3528 5196 τῷ
3553 5125 3770 5194 γεγονότι

2233 5225 2445 5298 σημείῳ
2481 5225 2563 5288 εἷς
2603 5224 2732 5290 τοὺς
2769 5225 3132 5295 κατηγόρους.
3167 5223 3278 5277 Kal
3323 5217 3460 5293 ἦσαν
3493 5213 3769 5284 θαυμάζον·

2229 5317 2431 5385 τεςνὼς
2461 5316 2732 5387 ἐθεώρουν
2759 5317 3195 5388 μεμελανωμένα
3221 5313 3400 5370 αὐτῶν
3424 5311 3490 5366 τὰ
3509 5307 3764 5379 πρόσωπα.

2230 5469 2420 5509 eorum
2447 5467 2646 5522 genere
2683 5466 2806 5522 esse
2849 5450 3008 5522 dixit.
3055 5447 3148 5519 qui
3197 5443 3522 5522 ϐτεαοτῖυητ
3548 5439 3764 5522 ηρξίξξῖἷῗ

2231 5507 2604 5585 accusassent,
2646 5538 2712 5576 ac
2758 5521 2922 5592 simul
2974 5507 3248 5592 ostentum
3289 5507 3764 5592 istudeomtllﬂllf':

2231 5603 2336 5654 est.
2392 5594 2537 5662 quod
2589 5579 2754 5646 homo
2791 5590 3016 5662 minime
3065 5589 3271 5662 malus.
3303 5595 3354 5640 et
3397 5579 3763 5662 historignsgif

2233 5641 3064 5734 i‘ib'ttulgéatim‘éﬁtieBattiadae
3111 5641 3363 5726 cupidus,
3394 5649 3548 5707 facile
3581 5641 3762 5696 hausit.

2233 5730 2402 5798 utque
2427 5730 2704 5804 audierat,
2728 5730 3002 5804 exposuit.
3406 5791 3436 5804 Α,

2307 5797 2384 5876 (1)
2409 5804 2484 5858 Ex
2516 5803 2652 5872 psal.
2695 5797 2900 5866 xu,7;
2934 5809 2985 5853 et
3023 5815 3089 5853 ex
3123 5797 3244 5853 aliis
3273 5797 3514 5863 carptim.
