4102 6388
461 256 561 324 691

1462 263 1524 326 S.
1557 263 1935 328 GREGORII
1974 266 2485 330 AGRIGENTINI
2529 269 2729 334 VITA.

3611 275 3711 340 6‘32

464 369 579 428 Dio
607 380 888 440 acceptam
925 375 1323 446 arcessivisset,
1359 392 1532 448 eaque
1567 381 1619 436 in
1667 385 1934 456 synodum
1972 385 2055 440 in-

2156 385 2422 455 φιλὸθεον.
2483 387 2594 442 Καὶ
2635 386 3062 459 προσκυνήσασα
3102 385 3200 443 καὶ
3247 387 3486 447 λασοῦσιι
3531 394 3708 468 εὐχὴν,

464 463 722 536 troducta
753 464 1037 518 adorasset
1077 480 1267 518 omnes
1298 481 1361 519 ac
1389 467 1492 521 sibi
1531 467 1668 523 bene
1701 471 2048 538 precantibus

463 555 786 619 annuisset,
837 555 923 608 his
969 555 1059 609 ille
1089 555 1270 611 verbis
1325 573 1446 612 eam
1495 566 1578 614 est
1609 560 1854 618 atratus:
1899 560 2049 616 lianc

467 645 565 698 tibi
597 645 851 715 puellam,
877 643 1098 698 domina
1150 658 1343 710 mater,
1369 651 1720 715 commendo,
1765 663 1826 708 ut
1854 653 2049 708 animae

465 734 644 805 ipsius
696 750 881 790 curam
935 751 1114 804 geras,
1172 752 1403 806 eamque
1460 740 1512 793 in
1568 741 1653 795 die
1684 741 1922 805 Domini,
1955 743 2046 812 qui

465 827 770 882 mercedem
796 827 1024 883 daturus
1054 835 1154 892 est,
1195 830 1600 884 immaculatam
1635 833 1912 887 restituas.
1945 833 2046 888 Cui

464 918 598 973 illa:
633 917 746 984 Sic,
791 919 998 990 inquit;
1021 920 1260 982 domine,
1295 921 1408 986 tiat,
1446 923 1520 975 uti
1563 923 1744 992 juhes.
1781 925 1860 980 Ac
1910 923 2049 980 bene

463 1009 540 1063 illi
569 1011 924 1079 precantibus
950 1013 1187 1078 cunctis,
1221 1013 1452 1081 puellam
1480 1014 1787 1070 diaconissa
1819 1018 2046 1086 accepit,

464 1111 628 1170 atque
665 1103 717 1154 in
769 1103 1162 1159 monasterium
1205 1100 1432 1158 deduxit
1469 1119 1484 1158 :
1528 1105 1614 1158 ubi
1651 1121 1826 1158 annos
1859 1107 2048 1178 viginti

463 1190 606 1248 duos
631 1193 810 1264 exegit
847 1193 1092 1249 moribus
1125 1194 1482 1250 emendandis
1509 1205 1563 1249 et
1591 1197 1790 1251 erratis
1822 1197 2051 1268 expian-

465 1283 551 1339 dis
583 1285 791 1340 intcnta
828 1305 841 1340 :
878 1300 942 1341 ac
985 1286 1282 1343 multatum
1316 1287 1618 1356 palmarum
1661 1289 1851 1346 victrix
1883 1305 2050 1344 occu-

463 1375 604 1430 ltuit.
999 1383 1004 1388 '
1145 1397 1148 1402 ·
1890 1435 1898 1442 ,

538 1467 752 1524 LXXX.
820 1469 955 1524 Cum
1013 1467 1126 1539 jam
1161 1451 1318 1540 ~hpra
1373 1482 1520 1528 esset
1568 1490 1746 1538 nona,
1806 1475 2050 1544 pontifex

467 1567 742 1620 maximus
799 1575 1047 1620 sanctum
1085 1563 1408 1636 Gregorium
1447 1567 1700 1623 hortatus
1734 1576 1838 1635 est,
1867 1574 1926 1622 ut
1967 1569 2040 1622 di-

465 1657 592 1711 vina
632 1656 893 1728 mysteria
929 1664 1212 1728 perageret
1261 1657 1358 1730 (4).
1414 1657 1535 1726 Quo
1577 1668 1821 1729 tempore
1859 1657 2049 1734 [xcvu]

2153 472 2282 543 έστη
2308 474 2617 547 ἔμπροσθεν
2643 477 2745 549 τῆς
2774 478 2995 536 συνόδου
3015 492 3030 507 °
3060 479 3158 533 καὶ
3182 477 3331 549 λέγει
3373 483 3516 554 αὐτῇ
3555 487 3584 540 ὁ
3610 489 3711 544 πά-

2155 581 2261 630 πας
2278 580 2290 594 ·
2317 564 2535 636 Ταύτην
2567 583 2651 620 σοι
2676 567 2776 636 τὴν
2800 567 2967 624 παῖδα
2991 569 3355 642 παρατίθημι,
3379 573 3525 642 κυρὰ
3539 573 3712 648 ἅμμα,

2154 651 2241 704 ἵνα
2295 652 2634 726 ἐπιμελήσῃς
2681 655 2783 726 τῆς
2839 655 3021 728 ψυχῆς
3077 657 3270 729 αὗτῆςν
3323 659 3420 712 καὶ
3461 664 3714 736 παριδῷς

2153 741 2383 795 ἄσπιλον
2408 745 2467 796 ἐν
2491 746 2558 814 τῇ
2581 745 2766 816 ἡμέρᾳ
2793 747 2887 799 τοῦ
2913 747 3142 818 Κυρίου,
3171 747 3266 801 καὶ
3289 750 3422 820 παρ’
3444 751 3608 808 αὐτοῦ
3631 754 3716 814 τὸν

2156 829 2346 898 μισθὸν
2375 831 2626 903 κομίσῃς.
2657 833 2727 886 Ἠ
2755 833 2813 886 δὲ
2846 828 3019 888 εἶπεν
3052 834 3286 902 Γένοιτο,
3317 835 3493 908 κύριε,
3523 839 3598 904 ὡς
3627 859 3716 896 κε-

2154 921 2348 986 λεύεις.
2391 925 2500 976 Καὶ
2545 925 2764 979 πάντων
2799 926 2936 1000 αὐτῇ
2976 927 3382 999 ὲπευξαμένων,
3417 932 3718 1002 παρέλαϐεν

2151 1015 2322 1086 αὐτὴν
2369 1016 2402 1086 ἡ
2431 1015 2697 1080 διάκονος,
2733 1017 2829 1070 καὶ
2865 1017 2995 1072 dats
3023 1021 3082 1073 ἐν
3115 1019 3193 1091 τῷ
3225 1025 3575 1097 μοναστηρίῳ
3607 1027 3719 1098 μετ’

2152 1107 2351 1178 αὐτῆς’
2389 1109 2612 1162 κάκεῖσε
2642 1109 2914 1180 διέτριψεν
2942 1109 3036 1184 ἔτη
3071 1111 3242 1168 εῐκοσι
3270 1114 3364 1169 δύο
3389 1117 3446 1172 ἐν
3473 1119 3721 1192 μετανοίᾳ

2152 1199 2244 1251 καὶ
2272 1199 2674 1270 ἐξομολογήσει,
2712 1197 2806 1255 καὶ
2845 1201 3064 1270 ἀγῶνας
3108 1204 3337 1270 πολλοὺς
3377 1207 3717 1281 ὲνδειξαμένη

2152 1292 2525 1364 ἐτελεύτησεν.

2223 1469 2304 1524 Πν.
2341 1471 2451 1541 Τῆς
2483 1472 2712 1543 ὲννάτης
2741 1473 2798 1527 δὲ
2825 1473 3134 1547 φθασάσης,
3171 1477 3548 1549 προετρέψατο
3574 1480 3602 1533 ὁ
3623 1480 3721 1534 πά-

2153 1577 2261 1624 πας
2314 1561 2404 1616 τδν
2467 1563 2736 1633 μακάριον
2789 1564 3090 1638 Γρηγόριον
3136 1566 3229 1622 τοῦ
3277 1569 3589 1624 ἐπιτελέσαι
3631 1573 3722 1643 τὴ)

2155 1649 2305 1703 θείαν
2344 1652 2754 1723 μυσταγωγίαν.
2787 1655 2853 1708 Οἱ
2885 1653 2941 1708 δὲ
2981 1656 3079 1726 τῆς
3109 1657 3404 1727 ’Δνατολῆς
3444 1657 3722 1716 ἐπίσκοποι

469 1748 708 1802 Orientis
748 1737 987 1826 episcopi
1015 1749 1215 1816 aliique
1257 1764 1286 1802 c
1317 1728 1534 1818 synodo
1566 1728 1830 1816 Spiritum
1859 1728 2052 1819 “gratiae

2156 1741 2250 1794 καὶ
2275 1740 2428 1794 ἄλλοι
2459 1743 2521 1795 ὲκ
2551 1744 2648 1812 τῆς
2679 1745 2898 1800 συνόδου
2933 1746 3229 1802 ἐθεάσαντο
3260 1747 3480 1820 πνεῦμα
3507 1751 3603 1821 τῆς
3627 1752 3719 1822 χὰ-

466 1841 722 1896 viderunt
767 1849 956 1894 sancto
1002 1841 1120 1898 viro
1152 1841 1739 1912 superimminentem;
1772 1840 1918 1911 quod
1946 1839 2052 1896 illis

469 1930 779 1988 sanctitatis
807 1931 928 2000 ejus
950 1947 1228 1987 summum
1259 1940 1641 2002 argumentum
1673 1931 1775 1986 fuit
1802 1949 1814 1984 :
1849 1947 1972 1984 nam
1999 1940 2056 1986 et

469 2024 576 2094 ipsi
611 2024 720 2080 Deo
765 2025 1057 2080 admodum
1093 2025 1301 2095 accepti
1339 2033 1518 2091 erant,
1552 2025 1869 2094 ‘sanctique
1931 2023 2053 2093 Spi-

469 2117 609 2170 ritus
668 2115 981 2186 participes.
1033 2115 1107 2172 Ut
1139 2132 1269 2171 vero
1315 2123 1568 2172 sanctum
1622 2113 1836 2170 Domini
1879 2115 2053 2170 nostri

465 2203 595 2260 Jesu
625 2207 829 2261 Christi
854 2223 1053 2278 corpus
1084 2223 1147 2263 ac
1173 2207 1478 2279 pretiosum‘
1507 2210 1827 2280 sanguinem
1851 2224 1882 2263 e
1909 2208 2053 2264 beati

468 2296 718 2365 Gregorii
777 2299 1030 2356 manibus
1078 2306 1436 2369 acceperunt,
1492 2300 1673 2358 cibum
1732 2299 1929 2355 deinde
1985 2300 2052 2355 ad

469 2389 746 2460 pontiticis
791 2391 1014 2444 maximi
1056 2377 1332 2444 mensam-
1361 2406 1667 2461 sumpsere,
1702 2400 1814 2445 tum
1856 2391 2054 2463 quietis

469 2493 638 2533 causa
699 2479 943 2550 episcopi
995 2479 1249 2534 eumdem
1303 2494 1495 2535 omnes
1529 2480 1581 2534 in
1632 2481 1811 2535 locum
1849 2481 2051 2536 reversi

470 2577 622 2626 sunt.
658 2567 884 2624 Noctem
923 2577 1103 2626 tamen
1137 2579 1306 2624 totam
1342 2587 1518 2642 usque
1547 2571 1612 2626 ad
1645 2572 1819 2627 lucem
1863 2571 2053 2644 vigila-

470 2674 620 2732 runt,
654 2666 718 2718 de
755 2665 1032 2722 communi
1067 2666 1242 2720 salute
1287 2682 1351 2722 ac
1380 2667 1448 2720 de
1479 2667 1593 2721 utili
1627 2669 1844 2738 pietatis
1875 2669 2055 2722 studio

470 2755 826 2810 disserentes.
850 2755 1040 2809 Primo
1075 2765 1256 2809 autem
1285 2755 1530 2812 diluculo
1563 2754 1886 2828 Gregorium
1919 2771 2056 2826 pou-

473 2840 605 2895 til'ex
631 2844 906 2897 maximus
929 2843 1238 2910 arcessivit,
1262 2853 1316 2900 et
1340 2845 1486 2899 hunc
1507 2861 1630 2900 cum
1653 2861 1718 2900 eo
1746 2861 2053 2900 sermonem

472 2935 664 2990 [tabuit
691 2953 704 2988 :
729 2934 892 3001 Audi,
927 2935 1025 3002 liii,
1057 2951 1327 3006 exponam
1364 2937 1509 2991 enim
1547 2939 1642 2992 tibi
1675 2937 1826 2993 urbis
1857 2949 2057 2992 nostrae

473 3027 865 3096 calamitatem,
920 3046 1086 3100 quam
1126 3030 1314 3100 tttique
1346 3041 1570 3104 propter
1616 3031 1819 3102 ﬂagitia
1869 3041 2056 3089 nostra

473 3123 768 3194 contigisse
803 3122 1001 3179 fateor.
1061 3121 1268 3180 Trabes
1305 3125 1554 3196 quaedam
1605 3140 1700 3196 per
1723 3125 1924 3182 ﬂumen
1959 3129 2058 3181 ad~

473 3215 815 3271 vehebantur
859 3215 929 3272 ad
987 3215 1218 3273 Sanctos
1265 3217 1578 3288 Apostolos.
1611 3217 1706 3273 Hae
1758 3219 1812 3274 in
1866 3219 2056 3274 urbem

473 3317 858 3378 pervenerant,
891 3325 1014 3363 cum
1051 3309 1232 3365 medio
1267 3309 1320 3363 in
1355 3308 1580 3366 ﬂumine
1615 3319 1873 3380 tanquam
1905 3326 2058 3365 com-

475 3409 648 3468 pactae
683 3409 778 3454 aut
827 3400 974 3455 ferro
1011 3400 1132 3455 ﬁxa:
1163 3402 1550 3457 constiterunt.
1583 3400 1772 3471 Itaque
1807 3402 2056 3458 clausum

476 3491 531 3544 in
563 3489 753 3545 urbem
781 3489 988 3544 aditum
1021 3491 1307 3558 habemus,
1343 3500 1402 3545 ut
1433 3507 1609 3561 neque
1640 3492 1846 3562 ingredi
1883 3509 2058 3566 neque

476 3582 658 3654 egredi
695 3581 908 3651 navigia
949 3582 1198 3650 possint;
1235 3595 1298 3636 ea
1335 3597 1423 3637 res
1453 3583 1600 3637 cives
1630 3583 1927 3653 plurimum
1958 3599 2058 3640 an-

476 3675 552 3742 git
589 3690 603 3726 :
636 3689 763 3726 nam
814 3688 956 3746 saepe
996 3689 1196 3730 manus
1245 3675 1610 3739 admovimus,
1661 3691 1762 3730 nec
1809 3691 1905 3731 eas
1932 3691 2058 3747 per-

477 3761 694 3818 trahere
725 3779 967 3834 unquam
1009 3766 1312 3834 potuimus.
1351 3765 1642 3821 Enimvero
1670 3769 1930 3837 quoniam
1969 3769 2058 3823 hic

475 3869 574 3909 vos
607 3855 760 3922 estis,
799 3855 1032 3910 obsecro
1078 3869 1197 3923 vos,
1234 3865 1295 3910 ut
1343 3871 1409 3912 co
1458 3872 1635 3927 usque
1679 3860 1952 3915 accedere
1992 3875 2058 3914 ne

477 3947 812 4019 gravemini;
867 3959 1028 4016 spero
1079 3947 1227 4002 enim
1279 3946 1416 4014 fore,
1469 3959 1530 4002 ut
1570 3947 1838 4006 Dominus
1868 3965 2058 4020 preces

475 4048 688 4095 vestras
717 4040 995 4094 exaudiat.
1037 4037 1137 4094 Cui
1170 4037 1465 4110 Gregorius
1495 4042 1832 4112 respondens
1865 4060 1879 4096 :
1929 4041 2058 4098 0m-

476 4130 630 4194 nino,
655 4129 856 4198 inquit,
885 4130 1152 4199 utjubes,
1203 4145 1403 4200 parens
1455 4141 1646 4187 noster
1691 4133 2054 4188 sanctissime.

477 4218 704 4291 Signum
736 4221 902 4291 igitur
934 4221 1117 4277 tabula
1149 4222 1267 4277 dari
1298 4221 1544 4293 pontifex
1574 4224 1846 4279 maximus
1867 4223 2055 4293 jussit,

476 4364 612 4410 tam.
661 4355 745 4430 _It)_
775 4357 982 4430 synodo
1031 4356 1177 4412 enim
1240 4356 1490 4430 Romana
1545 4357 1650 4430 sub
1701 4357 2054 4430 Symmacho,
2090 4375 2132 4430 ι)

478 4441 625 4500 anno
649 4425 753 4500 {99
783 4425 1018 4500 decretis
1048 4429 1386 4500 subscripsit
1418 4425 1757 4500 Marcianus
1787 4429 2059 4500 presbyter

481 4496 622 4569 t_ituli
663 4495 874 4569 Sancta!
919 4495 1170 4569 Caeciliae,
1232 4495 1292 4569 ut
1344 4498 1543 4569 deinde
1581 4497 1636 4569 in
1690 4495 1900 4569 synodo
1943 4495 2054 4554 sub

479 4566 741 4637 Gregorio
787 4566 982 4637 Magno
1019 4567 1202 4622 Victor
1232 4565 1447 4622 Sanctw
1475 4565 1736 4624 chiliaﬁ
1759 4568 1833 4623 De
1867 4584 2058 4623 mona-

480 4635 660 4708 sterio,
700 4651 803 4707 ego
863 4635 1072 4708 tantum
1110 4637 1381 4708 atlirmare
1415 4653 1663 4708 possum,
1721 4654 1910 4693 revera
1947 4640 2058 4694 illic

481 4716 609 4761 ante
645 4706 928 4762 Paschalis
959 4707 978 4762 l
1010 4717 1224 4762 aetatem
1262 4706 1433 4762 fuisse
1463 4711 1544 4762 vel
1582 4710 1822 4762 virorum
1855 4709 1938 4762 vel
1980 4711 2058 4764 fe-

478 4777 753 4830 minarum
788 4795 801 4832 :
830 4778 1036 4832 indicat
1081 4778 1226 4831 enim
1257 4778 1373 4847 ipse
1407 4777 1460 4831 in
1501 4779 1732 4847 cpistola
1769 4776 1848 4832 De
1877 4781 2058 4833 inven-

481 4847 618 4916 tione
642 4848 988 4916 reliquiarum
1017 4856 1214 4902 sanctae
1237 4846 1469 4902 chilia:
1499 4846 1664 4916 (apud
1693 4848 1858 4903 llard.
1892 4850 2054 4905 Conc.

482 4927 521 4969 t.
547 4915 637 4981 IV,
659 4934 711 4986 p.
739 4915 921 4988 1225).
956 4918 1060 4972 Sed
1085 4926 1264 4972 tamen
1295 4919 1440 4972 haud
1469 4915 1626 4972 facile
1649 4926 1897 4988 apparet,
1925 4922 2058 4976 viri-

484 5003 551 5059 ne
579 5003 650 5042 an
672 4987 888 5059 feminae
917 4996 1078 5042 antea
1112 4988 1436 5051 incolerent,
1458 5005 1521 5044 ac
1547 4987 1822 5059 nnmipse
1846 4995 2058 5059 primus

484 5058 632 5113 viros
688 5057 987 5124 induxerit,
1019 5074 1088 5112 an
1127 5066 1341 5114 veteres
1374 5059 1584 5114 incolas
1620 5057 1925 5114 retinuerit.
1966 5061 2058 5116 Sic

481 5129 648 5194 enim,
683 5138 969 5197 postquam
997 5130 1065 5184 dc
1097 5129 1298 5194 templo
1327 5144 1360 5182 a
1389 5145 1450 5183 se
1479 5130 1732 5184 restituto
1758 5130 1919 5192 dixit,
1952 5147 2057 5186 eae-

484 5207 595 5269 tera
621 5199 956 5267 quaaibidcm
990 5198 1218 5267 perfecit
1244 5210 1466 5254 enarrat
1501 5218 1513 5255 :
1547 5199 1732 5269 Ibique
1751 5202 1820 5253 ad
1845 5200 2056 5256 laudem

482 5268 750 5323 Creatoris
790 5269 1090 5322 instaurata
1143 5270 1464 5324 monasterio
1514 5268 1784 5324 braturum
1831 5271 2056 5326 Andrea’

483 5339 710 5407 apostoli
755 5349 806 5392 et
837 5337 1075 5408 Gregorii
1103 5341 1421 5408 confessoris
1443 5380 1458 5403 ,
1496 5356 1692 5394 necnon
1721 5341 1776 5394 in
1807 5341 2054 5394 honorem

485 5419 788 5480 sanctarum
815 5409 1076 5480 uirginum
1099 5419 1150 5464 et
1180 5420 1473 5480 martyrum
1493 5411 1713 5479 Agathe?
1731 5420 1781 5464 et
1801 5410 2052 5477 eriliw,

483 5478 628 5546 infra
658 5478 947 5533 Ecclesium
978 5480 1032 5531 in
1060 5479 1194 5540 loco.
1229 5478 1556 5549 quidicitur
1582 5481 1750 5534 Collis
1783 5480 2051 5548 jacentis:

483 5549 537 5606 in
565 5565 666 5619 quo
699 5549 1077 5604 monachorum
1129 5550 1242 5605 Deo
1269 5551 1608 5605 servientium
1661 5553 2054 5620 congregationi

482 5621 725 5691 unanimi
775 5621 1134 5691 consumimus
1183 5636 1277 5691 pro
1307 5622 1632 5691 quotidiani:
1685 5621 1954 5685 laudibus,
2002 5632 2051 5675 et

479 5701 574 5753 pro
621 5689 858 5745 subsidio
900 5697 949 5743 et
1003 5689 1346 5746 luminarium
1374 5691 1785 5758 continuatione,
1823 5707 1912 5745 seu
1949 5692 2054 5745 uti-

2159 1853 2306 1906 ριτος
2355 1837 2790 1909 καταπηνῶσαν
2820 1840 2911 1895 τὸν
2941 1840 3119 1912 ἅγιον,
3152 1843 3247 1897 καὶ
3280 1845 3724 1920 ὲπληροφορήθη-

2160 1941 2258 1980 σαν
2289 1929 2369 1990 είς
2403 1928 2570 1980 αὐτόν
2597 1946 2612 1961 ο
2640 1925 2782 2000 ἦσαν
2829 1931 2937 2002 γὰρ
2977 1933 3130 1988 αὐτοὶ
3157 1933 3458 2006 ἠξιωμένοι
3489 1937 3725 2006 χάριτος.

2156 2019 2250 2072 καὶ
2277 2019 2595 2090 Πνεύματος
2627 2021 2786 2090 ἁγίου
2827 2023 3172 2096 μετέχοντες.
3205 2027 3652 2098 Κοινωνήσαντες
3672 2028 3726 2083 δὲ

2155 2109 2249 2164 τοῦ
2275 2111 2434 2180 ἁγίου
2464 2111 2719 2186 σώματος
2755 2114 2970 2168 καὶτοῦ
3015 2116 3198 2186 τιμίου
3237 2118 3474 2190 αἵματος
3504 2116 3596 2172 τοῦ
3622 2120 3725 2174 Κυ-

2159 2201 2276 2275 ρίου
2310 2202 2472 2274 ἡμῶν
2511 2203 2684 2274 Ἰησοῦ
2715 2205 2955 2277 Χριστοῦ
2985 2206 3074 2262 διὰ
3099 2205 3300 2280 χειρῶν
3335 2207 3432 2262 τοῦ
3465 2211 3726 2282 μακαρίου

2158 2295 2483 2365 Γρηγορίου,
2517 2295 2722 2366 ἔφαγον
2750 2295 2916 2370 ἄρτον
2945 2299 3003 2352 έν
3043 2301 3111 2371 τῇ
3145 2299 3401 2376 τραπέζῃ
3427 2300 3528 2376 τοῦ
3556 2303 3725 2368 πάπα,

2157 2385 2250 2438 καὶ
2282 2385 2656 2456 ἐκοιμήθησαν
2700 2387 2757 2444 ὲν
2801 2387 2878 2459 τῷ
2930 2387 3048 2459 ἅμα
3087 2391 3135 2444 οἱ
3177 2391 3493 2446 ἐπίσκοποι.
3550 2392 3727 2446 Πᾶσαν

2155 2474 2212 2528 δὲ
2239 2475 2340 2547 τὴν
2365 2475 2534 2530 νύκτα
2565 2477 2761 2532 ἄῦπνοι
2789 2478 3097 2534 διετέλεσαν
3123 2481 3229 2545 ἕως
3258 2482 3464 2553 ὄρθρου
3492 2481 3726 2552 διαλεγό-

2160 2584 2313 2637 μενοι
2343 2569 2472 2640 περὶ
2512 2571 2788 2642 σωτηρίας
2819 2573 2889 2625 τὲ
2943 2575 3286 2628 συντείνοντα
3327 2575 3408 2638 είς
3447 2573 3724 2646 ὠφέλειαν.

2159 2660 2380 2731 Πρωῖας
2426 2660 2484 2714 δὲ
2552 2663 2854 2734 γενομένης
2914 2665 3441 2735 προσκαλεσάμενος
3476 2669 3505 2720 ὁ
3553 2667 3722 2730 nam;

2157 2753 2248 2807 τὸν
2306 2754 2609 2825 Γρηγὸριον
2628 2795 2642 2820 ,
2675 2755 2823 2824 λέγει
2854 2755 3002 2827 αύτῷ
3023 2772 3036 2784 ·
3072 2758 3364 2824 Ἄκουσον,
3393 2759 3615 2821 τέκνον,
3648 2757 3725 2812 καὶ

2156 2845 2496 2916 διηγήσομαί
2528 2863 2612 2900 σοι
2649 2846 2711 2900 τὺ
2753 2848 2970 2920 συμϐὰν
2998 2850 3130 2920 ἡμῖν
3159 2852 3218 2903 ἐν
3258 2852 3324 2924 τῇ
3357 2851 3516 2905 πόλει
3546 2852 3726 2924 ταύτῃ,

2161 2936 2445 2990 καὶτοῦτο
2488 2937 2632 3006 λέγω
2668 2937 2756 2991 διὰ
2798 2939 2898 3003 τὰς
2934 2940 3210 3013 ἡμετέρας
3252 2943 3559 3016 ἁμαρτίας.
3597 2939 3729 2996 Ξύλα

2084 3021 2127 3078 C
2161 3029 2515 3099 ἀνεφάνησαν
2560 3027 2922 3100 είσερχόμενα
2967 3029 3060 3082 διὰ
3090 3031 3184 3084 τοῦ
3221 3031 3472 3102 ποταμοῦ
3509 3035 3588 3097 εἰς
3616 3033 3726 3096 τοὺς

2171 3118 2390 3186 ’Λγίους
2437 3116 2797 3181 ’Δποστόλους
2818 3135 2832 3148 ·
2862 3119 2955 3171 καὶ
2977 3118 3332 3190 εἰσελθόντων
3353 3121 3556 3190 αὐτῶν,
3585 3120 3730 3189 ἔστη·

2161 3229 2262 3266 σαν
2294 3212 2459 3282 μέσον
2487 3211 2578 3264 τοῦ
2611 3210 2858 3284 ποταμοῦ
2907 3211 2983 3274 ὡς
3016 3213 3326 3283 πεπηγότα,
3358 3212 3392 3284 ἢ
3421 3213 3498 3277 ὡς
3530 3213 3632 3266 ὑπὸ
3659 3229 3730 3266 σι-

2158 3303 2326 3375 δήρου
2356 3303 2761 3372 ἀσφαλισθέντα
2788 3319 2801 3332 °
2830 3304 2925 3357 καὶ
2971 3303 3340 3376 κεκράτηνται
3369 3303 3466 3358 ὑπ’
3501 3304 3730 3373 αύτῶνὴ

2157 3395 2364 3460 εἴσοδος
2383 3396 2482 3466 τῆς
2508 3397 2716 3460 πόλεως
2740 3395 2836 3448 καὶ
2875 3398 2909 3467 ὴ
2948 3393 3056 3448 τῶν
3079 3395 3298 3460 πλοίων,
3333 3396 3430 3449 καὶ
3467 3395 3589 3448 οὔτε
3622 3398 3724 3448 είσ·

2160 3486 2417 3558 έρχονται
2439 3487 2507 3540 τὰ
2535 3485 2714 3552 πλοῖα,
2743 3485 2868 3540 οὕτε
2894 3486 3204 3558 ἐξέρχονται
3226 3503 3240 3518 ·
3273 3485 3368 3540 καὶ
3397 3487 3546 3540 ἐστιν
3573 3485 3729 3555 πολλὴ

2159 3577 2338 3646 θλίψις
2365 3579 2424 3630 ὲν
2453 3580 2518 3648 τῇ
2543 3576 2696 3630 πόλει
2748 3576 2932 3630 ἕνεκεν
2969 3576 3185 3631 τούτου.
3215 3575 3489 3644 Πολλάκις
3517 3577 3624 3646 γὰρ
3651 3575 3730 3627 δο-

2159 3669 2498 3738 κιμάσαντες
2523 3669 2622 3722 οὐκ
2660 3667 2963 3739 ἰσχύσαμεν
2999 3669 3226 3722 ἑλκύσαι
3277 3667 3440 3722 αὑτά.
3479 3666 3618 3720 Ἀλλ’
3644 3661 3730 3718 οὖν

2157 3761 2328 3815 ὄντων
2383 3761 2539 3832 ὑμῶν
2592 3759 2863 3822 ἐνταῦθα,
2895 3759 3201 3830 παρακαλῶ
3252 3758 3550 3828 σκυλθῆναι
3593 3756 3731 3826 ὑμᾶς

2159 3854 2265 3917 ἕως
2321 3853 2504 3906 ἐκεῖσε
2531 3893 2547 3920 ,
2583 3853 2677 3905 καὶ
2723 3851 2812 3904 διὰ
2847 3851 2955 3905 τῶν
2986 3851 3165 3924 εὐχῶν
3191 3850 3346 3921 ὑμῶν
3373 3849 3729 3904 ἐπακούσεται

2159 3943 2314 4015 ὑμῶν
2336 3947 2364 3998 ὁ
2394 3942 2617 4014 Κύριος.
2663 3943 2722 3998 Ὅ
2747 3943 2804 3997 δὲ
2832 3942 3152 4014 ἀποκριθεὶς
3190 3937 3343 3995 εἷπεν
3367 3956 3382 3971 ·
3417 3941 3505 4005 Ὦς
3530 3937 3731 3994 κελεύει

2159 4038 2193 4106 ἡ
2228 4036 2323 4090 τοῦ
2352 4033 2532 4090 κοινοῦ
2557 4033 2715 4105 ἡμῶν
2748 4032 2964 4106 Πατρὸς
2995 4031 3297 4106 ἁγιωσύνη.
3344 4031 3658 4085 Ἐκέλευσεν
3677 4028 3730 4083 δὲ

2161 4131 2192 4181 ὁ
2230 4127 2420 4190 πάπας
2463 4125 2796 4197 κρουσθῆναι
2829 4125 2889 4178 τὸ
2925 4123 3101 4190 ξύλον,
3141 4127 3236 4178 καὶ
3277 4121 3730 4195 συναθροισθῆναι

2161 4221 2344 4276 πᾶσαν
2365 4219 2465 4292 τὴν
2499 4217 2658 4272 πόλιν
2683 4218 2777 4272 καὶ
2815 4217 2885 4270 τὰ
2913 4217 3273 4288 μοναστὴρια,
3305 4217 3402 4270 καὶ
3435 4215 3612 4270 πάντα
3645 4212 3730 4265 τὸν

2164 4358 2316 4430 litate
2340 4366 2392 4412 et
2419 4355 2682 4430 stipendio
2705 4354 3086 4430 monachorum
3111 4354 3218 4430 diu
3233 4360 3497 4430 noctuque
3515 4348 3730 4430 Domino

2162 4429 2272 4483 Deo
2301 4421 2501 4482 nostra
2527 4427 2798 4480 deuotione
2828 4424 3006 4478 debita
3043 4421 3424 4494 persolvendis.
3460 4421 3730 4476 Pertineut

2160 4508 2342 4554 autem
2369 4501 2482 4552 haec
2515 4496 2580 4550 ad
2605 4510 2810 4552 annum
2836 4495 2960 4549 821.

2233 4569 2310 4639 (Δ)
2345 4567 2558 4641 Similia
2586 4583 2644 4622 se
2665 4565 2991 4641 prastitisse
3011 4562 3309 4641 Gregorius
3345 4560 3709 4641 Magnuscun

2161 4633 2345 4694 Leone
2395 4633 3016 4706 episcopo’Catanensi,
3067 4635 3320 4706 scripsit_
3338 4633 3404 4685 ad
3459 4633 3715 4706 Justinuu

2161 4698 2447 4779 pratoreni
2479 4698 2703 4772 Siciliae,
2737 4698 3024 4774 postquam
3056 4698 3251 4779 nempe
3273 4701 3515 4779 Damam
3546 4698 3730 4777 eodeu‘

2160 4772 2272 4848 quo
2311 4787 2498 4848 noster
2528 4772 2772 4844 tempore
2809 4772 3057 4848 vocatus,
3099 4789 3156 4828 se
3186 4775 3240 4848 in
3267 4772 3478 4841 judicio
3515 4781 3707 4840 purgas

2161 4843 2243 4920 set
2267 4843 2797 4920 :_Quoniamigitur,_
2823 4844 3022 4920 inquit,
3063 4843 3306 4920 quwdam
3347 4853 3532 4896 contra
3562 4850 3718 4920 sacer.

2159 4917 2337 4972 dotale
2391 4914 2719 4986 prepositum
2763 4916 2826 4968 de
2869 4914 3042 4968 Leone
3103 4915 3270 4982 fratre
3331 4921 3381 4966 ct
3439 4914 3716 4986 coepitcopt
3770 4917 3774 4922 ‘

2160 4999 2342 5043 nostro
2373 4983 2590 5041 Sinister
2624 5002 2808 5064 runtur
2833 4993 3358 5064 asperserat,_utrum
3388 4983 3722 5064 caruerunt,

2159 5060 2409 5112 districta
2452 5059 2656 5112 diutius
2708 5056 2926 5126 fecimus
2969 5055 3311 5127 inquisitione
3355 5053 3624 5127 perquiti;
3654 5053 3728 5127 ,ει

2160 5129 2362 5183 nullum
2392 5131 2447 5182 in
2483 5144 2543 5182 eo
2578 5129 2640 5182 de
2670 5121 2762 5189 iis,
2808 5141 2926 5195 qua'
2963 5121 3108 5178 dicta
3142 5125 3374 5193 fuerant,
3413 5121 3616 5190 culpam
3648 5121 3727 5168 in-

2159 5201 2415 5254 venimus.
2454 5198 2557 5254 Sed
2587 5215 2652 5252 ne
2684 5197 3106 5268 quidquidcretur
3131 5197 3406 5268 omissum,
3426 5202 3529 5268 aut
3556 5196 3728 5268 nostra

2156 5271 2409 5340 potuisset
2439 5269 2660 5322 dubium
2685 5261 2831 5340 cordi
2871 5282 3160 5340 remanere,
3189 5265 3258 5318 ad
3300 5263 3438 5340 beati
3469 5261 3622 5340 [fatri
3643 5270 3729 5340 δἀ-

2159 5325 2519 5394 ὶνοιὶεείηιιιιη
2551 5355 2738 5408 corpus
2778 5325 3170 5408 districtaeuin
3221 5350 3287 5388 ex
3335 5331 3622 5408 abundanti
3653 5325 3728 5392 fe-

2159 5413 2326 5464 cimus
2353 5404 2690 5466 sacramenta
2719 5408 2967 5480 prwbcre.
3003 5406 3209 5480 Quibus
3237 5404 3510 5480 prwstitis,
3545 5409 3726 5480 ηδασημ

2158 5497 2344 5536 sumus
2383 5473 2736 5556 exsultatione
2789 5479 2976 5556 gavisi,
3000 5477 3160 5556 quod
3189 5473 3727 5556 Λάιαρηιεξάίηῖἔικῖῗ

2159 5559 2332 5604 mento
2395 5552 2699 5607 innocentia
2767 5540 2881 5618 {ius
2931 5540 3194 5603 euidenter
3252 5540 3442 5601 enituit
3494 5540 3608 5609 (lib.
3663 5548 3723 5600 lt,

2158 5623 2320 5691 epist.
2348 5621 2461 5691 53).
