4102 6384
523 315 629 379 C95

522 426 628 480 bus
687 423 764 478 ait
813 441 828 484 :

520 535 652 575 vero
721 517 885 574 simul
941 525 1109 587 atque
1165 523 1516 572 accurrentes
1600 516 1851 572 trabibus
1904 532 2100 572 manus

524 609 813 679 injecere,
892 604 1042 660 illico
1132 604 1317 659 trabes
1397 619 1464 659 ex
1545 619 1689 676 aqua
1757 606 2100 670 extrahunt,

519 710 684 770 atque
737 698 793 751 in
836 706 1038 751 terram
1074 695 1373 750 adducunt.
1452 694 1593 751 Tum
1656 713 1749 753 eas
1808 706 2101 754 tractantes

517 789 927 860 inscriptionem
976 789 1113 858 ipsis
1145 788 1384 843 additam
1419 789 1750 856 inveniunt,
1800 805 1922 861 quze
1962 789 2101 845 indi—

518 889 690 944 caret,
726 880 971 950 quinque
1003 895 1073 935 ex
1126 880 1235 935 illis
1266 882 1333 935 ad
1367 890 1620 936 sanctum
1656 881 1958 952 principem
1998 883 2099 938 Pe-

515 982 688 1037 trum,
722 972 969 1041 quinque
1010 973 1078 1026 ad
1113 988 1210 1027 vas
1232 973 1524 1028 electionis
1552 971 1779 1028 Paulum
1804 975 2095 1044 pertinuere.

515 1065 724 1120 interea
756 1062 1001 1133 pontifex
1037 1064 1309 1119 maximus
1336 1077 1387 1121 et
1440 1066 1685 1137 episcopi
1716 1082 1910 1123 onmes
1933 1075 2098 1139 atque

516 1159 808 1213 universus
854 1157 1113 1227 pupulns,
1156 1159 1247 1226 qui
1309 1158 1543 1230 prodigii
1592 1167 1926 1229 spectatores
1978 1159 2091 1216 fue-

515 1260 659 1319 rant,
691 1264 914 1321 stupore
938 1250 1175 1322 perculsi
1201 1252 1459 1306 aiebant:
1484 1250 1577 1310 Na:
1612 1251 1702 1308 hic
1734 1254 1869 1307 alter
1892 1252 2098 1325 Grego-

512 1343 631 1398 rius
664 1342 1115 1417 Thaumaturgus
1147 1353 1255 1408 est,
1292 1344 1453 1400 terris
1479 1343 1642 1400 hodie
1670 1361 1701 1399 e
1744 1345 1884 1401 ctelo
1919 1346 2099 1402 reddi-

516 1445 623 1491 tus.
1042 1456 1047 1461 ‘

586 1527 856 1584 LXXXII.
892 1528 985 1585 liis
1015 1529 1205 1585 Roma:
1239 1530 1472 1600 peractis
1500 1570 1515 1595 ,
1565 1546 1691 1586 cum
1750 1546 1946 1603 magna
1973 1547 2095 1588 om-

514 1618 666 1673 nium
696 1620 884 1676 laetitia
918 1620 1137 1687 fuisset,
1171 1624 1235 1676 ad
1267 1638 1399 1678 suas
1454 1622 1677 1678 demum
1709 1625 1867 1680 sedes
1919 1622 2095 1697 [χαι]

514 1709 714 1781 singuli
769 1711 1073 1767 redierunt.
1115 1711 1434 1770 Marcianus
1460 1729 1592 1770 vero
1653 1716 1924 1786 negotiis,
1974 1732 2097 1788 quae

1515 317 1574 378 S.
1617 317 1994 380 GREGORII
2029 318 2543 383 AGRIGENTINI
2600 319 2799 381 VITA.
2934 408 2937 411 Α
3667 326 3759 391 6%

893 419 1175 493 Acceditej
1217 436 1283 479 ac
1368 422 1552 481 trabes
1619 426 1940 495 pet-trahite.
2019 422 2089 477 illi

2209 424 2438 493 μαντίου
2482 425 2676 490 αὐτοῦ.
2708 425 2805 479 καὶ
2849 424 2999 493 λέγει
3029 426 3145 489 τοῖς
3173 426 3518 499 παρεστῶσιν
3540 444 3555 459 υ
3590 431 3758 502 Ἐγγι.

2208 532 2339 570 σατε
2374 518 2469 571 καὶ
2495 517 2763 572 ἑλκύσατε
2791 516 2860 572 τὰ
2884 516 3036 582 ξύλα.
3063 518 3127 596 ρί
3164 515 3221 571 δὲ
3251 518 3632 591 προσελθόντες
3646 523 3759 580 ἔϐα.

2206 608 2297 661 λον
2336 608 2435 674 τὰς
2461 610 2655 681 χεῖρας
2692 610 2788 664 ἐπὶ
2836 610 2906 664 τά
2944 609 3078 675 ξύλα
3101 652 3117 679 ,
3146 611 3242 665 καὶ
3279 613 3413 684 αὐτῇ
3440 616 3505 683 τῇ
3530 612 3643 685 ῶρᾳ
3674 620 3757 671 ὲκ-

2210 698 2538 768 σπάσθησαν
2570 700 2638 754 τὰ
2660 697 2797 766 ξύλα
2820 699 2885 752 ὲκ
2916 697 3011 752 τοῦ
3043 696 3256 766 ὓδατος,
3287 699 3374 753 κα)
3404 699 3604 772 ἔσυραν
3633 703 3760 758 αὐτὰ

2205 792 2287 854 είς
2318 791 2416 860 τὴν
2440 790 2546 860 γῆν
2565 808 2581 823 ’
2613 791 2710 845 καὶ
2736 790 3167 862 ψηλαφήσαντες
3201 792 3344 845 αὐτά
3375 785 3535 862 εὖρον
3566 794 3761 848 ὲπικειυ

2207 882 2376 952 μένην
2408 881 2599 945 αὐτοῖς
2630 882 2971 952 ἐπιγραφὴν,
2994 880 3063 934 τά
3108 881 3208 952 μὲν
3263 881 3428 934 πέντε
3468 868 3563 934 τοῦ
3615 883 3759 952 άγίου

2204 974 2302 1027 καὶ
2331 973 2637 1046 κορυφαίου
2658 974 2890 1046 Πέτρου,
2911 971 2978 1026 τὰ
2998 972 3056 1027 δὲ
3080 972 3217 1028 ἄλλα
3242 971 3411 1026 πέντε
3426 971 3521 1025 τοῦ
3548 966 3760 1039 σκεύους

2203 1066 2303 1135 τῆς
2338 1062 2575 1133 ὲκλογῆς
2598 1062 2838 1117 Παύλου.
2883 1060 3030 1117 Ἰδὼν
3076 1062 3133 1117 δὲ
3171 1064 3201 1115 6
3241 1062 3427 1123 πάπας
3457 1060 3548 1114 καί⁸
3572 1062 3619 1114 oi
3650 1062 3761 1115 ἐπί-

2204 1171 2402 1208 σκοποι
2429 1155 2633 1218 πάντες
2659 1152 2754 1207 καὶ
2786 1154 2894 1217 πᾶς
2925 1153 2952 1206 6
2980 1138 3109 1216 λαὸς
3136 1153 3237 1222 τῆς
3279 1151 3493 1214 πόλεως
3526 1150 3586 1205 τὸ
3621 1153 3762 1219 γενό-

2212 1263 2373 1318 μενον
2410 1249 2638 1318 σημεῖον
2664 1247 2758 1300 ἐπὶ
2783 1246 2854 1301 τά
2885 1245 3042 1312 ξύλα,
3077 1246 3465 1315 ἐξεπλάγησαν
3486 1244 3728 1314 λέγοντες
3746 1262 3758 1277 ’

2222 1338 2464 1410 Ἀληθῶς
2496 1332 2663 1401 οὗτος
2693 1339 2952 1409 δεύτερος
2968 1340 3008 1393 Γ
3013 1339 3269 1412 ρηγόριος
3297 1340 3327 1392 6
3352 1339 3762 1410 Θαυματουργὺς

2205 1431 2451 1502 ἀνεφάνη
2489 1432 2584 1487 ἐπὶ
2613 1431 2715 1501 τῆς
2746 1431 2853 1501 γῆς
2892 1431 3158 1503 σήμερον.

2279 1524 2408 1579 IIB'.
2450 1524 2671 1579 Τούτων
2700 1523 2757 1577 δὲ
2780 1524 3009 1579 πάντων
3032 1523 3343 1597 γενομένων
3366 1524 3425 1577 ὲν
3453 1521 3653 1595 Ῥώμῃ,
3680 1525 3763 1577 καὶ

2207 1618 2385 1688 χαρᾶς
2446 1616 2831 1689 πληρωθέντες
2857 1655 2876 1682 ,
2906 1616 3150 1686 ἀπῆλθον
3195 1616 3427 1679 ἕκαστος
3470 1617 3530 1670 ἐν
3570 1609 3762 1687 ᾧῆσαν

2204 1710 2496 1779 διάγοντες
2527 1709 2705 1780 τόπῳ.
2741 1709 2930 1764 Πάντα
2962 1708 3021 1763 δὲ
3051 1708 3286 1780 ποιήσας
3312 1711 3341 1763 6
3371 1709 3685 1780 Μαρκιανὸς
3702 1710 3761 1765 τὰ

512 1800 616 1869 ipsi
671 1801 954 1871 piissimus
1011 1804 1309 1873 imperator
1364 1815 1554 1862 noster
1605 1807 2004 1874 mandaverat,
2039 1809 2089 1863 in

2207 1802 2636 1873 προσταχθέντα
2675 1800 2828 1872 αύτῷ
2859 1800 3010 1870 παρὰ
3055 1800 3153 1854 τοῦ
3196 1800 3591 1855 εὐσεϐεστάτου
3620 1800 3759 1871 ἡμῶν

512 1890 650 1945 urbe
695 1890 1000 1958 confectis,
1045 1902 1415 1949 commeatum
1461 1910 1492 1949 a
1543 1896 1801 1966 pontiﬁce
1848 1898 2093 1955 maximo

508 1982 684 2051 petiit,
741 1991 800 2038 ut
847 1984 951 2040 sibi
1016 1984 1563 2057 Constantinopolim
1632 1987 1817 2045 redire
1862 1991 2090 2047 liceret:

508 2090 746 2146 cumque
786 2091 854 2131 eo
908 2077 1157 2149 episcopi
1198 2093 1423 2149 quoque
1462 2088 1516 2135 et
1562 2079 1834 2139 diaconus
1879 2083 2094 2138 chartu-

507 2167 709 2238 pbylax
740 2169 963 2237 petiere.
994 2167 1212 2235 Quibus
1236 2168 1491 2245 Pontifex.
1521 2172 1801 2229 maximus
1828 2193 1842 2229 :
1875 2171 2091 2230 Paulis-

506 2274 604 2328 per
632 2260 797 2314 etiam
830 2269 946 2315 tum
977 2276 1074 2318 vos
1109 2277 1316 2329 moror,
1351 2262 1542 2321 Patres
1596 2279 1814 2330 onmes,
1863 2267 1992 2322 dum
2024 2267 2091 2324 de

510 2353 688 2405 sancti
722 2350 974 2423 Gregorii
1013 2354 1181 2409 rebus
1221 2355 1602 2427 transigamus
1626 2374 1641 2411 :
1666 2357 1951 2428 iussitque
2001 2375 2093 2431 sy-

506 2445 709 2499 nodum
745 2444 867 2516 cogi
894 2445 950 2501 in
976 2446 1241 2517 templum
1284 2449 1459 2505 sancti
1511 2449 1767 2521 beatique
1809 2450 2085 2522 apostoli:

507 2547 669 2606 atque
704 2538 815 2593 illic
844 2554 969 2595 cum
1002 2539 1201 2595 iterum
1226 2541 1623 2608 consedissent,
1651 2542 1869 2601 Siculos
1898 2559 2091 2601 omnes

507 2644 573 2684 ac
617 2629 866 2687 tribunos
918 2639 973 2687 et
1017 2632 1309 2690 archontes
1348 2633 1742 2702 adduxerunt,
1795 2650 2001 2708 eosque
2037 2647 2091 2695 et

501 2718 749 2786 pontifex
780 2721 1055 2776 maximus
1094 2730 1148 2777 et
1194 2722 1434 2794 episcopi
1492 2724 1573 2780 sic
1619 2724 1842 2781 allocuti
1924 2735 2085 2782 sunt:

505 2808 647 2866 Ecce
680 2810 841 2868 Pater
867 2810 1051 2868 vester
1076 2828 1141 2869 ac
1167 2816 1465 2886 magister:
1508 2814 1638 2871 huic
1678 2816 1883 2871 addicti
1934 2831 2087 2872 reve-

502 2903 735 2959 rentiam
789 2912 953 2975 atque
1001 2919 1245 2961 amorem
1296 2906 1573 2963 exhibete.
1637 2906 1866 2974 Nostis,
1920 2924 2087 2980 quam

498 2998 687 3066 justus
716 2995 789 3051 sit
816 2995 982 3063 Deus,
1018 3005 1188 3067 utque
1216 2997 1462 3069 singulos
1507 3013 1606 3069 pro
1651 3000 1867 3057 meritis
1900 3015 2087 3055 remu-

501 3096 745 3142 neretur.
774 3085 987 3153 Quibus
1019 3087 1097 3141 illi
1123 3088 1554 3158 respondentes:
1606 3087 1770 3155 Bene,
1799 3090 2076 3161 inquiunt,

503 3179 614 3233 Deo
635 3178 890 3243 dicimus,
914 3178 1006 3250 qui
1029 3178 1207 3234 virum
1235 3179 1391 3235 nobis
1413 3179 1805 3251 deditjustum,
1830 3190 1883 3237 et
1905 3181 2078 3250 pium,

503 3276 559 3323 et
586 3267 923 3339 religiosum,
942 3270 1062 3339 ejus
1093 3269 1464 3325 voluntatibus
1480 3271 1892 3343 obsequentem,
1922 3281 2085 3344 atque

502 3356 822 3414 hominibus
866 3360 1362 3427 demonstrantem,
1393 3378 1558 3430 quam
1612 3372 1800 3419 sancte
1845 3380 1908 3419 ac
1940 3364 2087 3435 puri-

506 3464 590 3508 ter
623 3466 826 3507 numen
857 3451 977 3523 ejus
1007 3454 1261 3510 venerari
1308 3463 1581 3524 oporteat.
1628 3456 1758 3511 Post
1805 3472 1928 3526 qua:
1961 3473 2085 3511 sur-

503 3560 639 3615 gens
662 3553 885 3603 sanctus
919 3545 1216 3617 Gregorius
1243 3548 1484 3618 pontifici
1507 3549 1745 3603 maximo
1776 3559 2087 3619 sanctaeque

505 3639 715 3711 synodo
745 3640 1081 3710 postulatum
1115 3656 1277 3696 suum
1302 3641 1585 3713 proposuit
1612 3641 1696 3697 bis
1727 3641 1911 3698 verbis
1936 3661 1949 3696 :
1975 3641 2087 3699 Vos

501 3746 625 3804 ego,
657 3731 849 3789 Patres
878 3734 1076 3801 sancti,
1137 3748 1292 3807 rogo,
1349 3745 1413 3790 ut
1475 3750 1599 3804 qua:
1650 3736 1927 3807 Agrigenti
1968 3747 2088 3793 erat

500 3825 701 3879 domus
726 3824 1076 3895 pontificalis,
1110 3840 1231 3881 eam
1259 3826 1451 3892 everti,
1484 3836 1538 3882 et
1577 3827 1687 3884 alio
1723 3828 1775 3882 in
1804 3828 1925 3884 loco
1964 3829 2088 3885 aedi-

501 3915 654 3969 iicari
690 3913 969 3985 iubeatis:
1023 3931 1089 3972 ac
1144 3918 1312 3973 simul
1359 3918 1694 3973 catholicum
1733 3920 1996 3989 templum
2054 3936 2085 3976 a

504 4008 623 4063 solo
642 4007 803 4063 condi
829 4008 1029 4064 velitis.
1052 4008 1187 4064 Nam
1219 4008 1459 4066 Leucius
1482 4010 1572 4067 hic
1603 4010 1897 4068 bzereticus
1916 4013 2088 4069 altare

502 4098 807 4167 subvertit,
850 4109 905 4155 et
930 4115 1053 4169 qua:
1079 4100 1135 4155 in
1174 4114 1241 4155 eo
1270 4100 1567 4158 reconditas
1611 4111 1794 4166 erant,
1828 4103 2087 4173 reliquias

500 4200 723 4283 sanctas
755 4193 811 4247 in
843 4191 1180 4263 profundum
1216 4192 1471 4263 proiecit.
1505 4193 1586 4249 Ad
1634 4195 1750 4283 llaec
1796 4195 2040 4266 synodus
2071 4213 2083 4248 :

503 4282 619 4338 iloc
644 4298 887 4354 quoque,
924 4284 1123 4353 inquit,
1157 4284 1471 4350 sancimus,
1519 4294 1578 4341 ut
1616 4288 2086 4357 quemadmodum

503 4377 663 4445 petis,
691 4377 770 4433 sic
794 4375 979 4433 facere
1010 4378 1191 4434 liceat.
1226 4376 1397 4435 Deum
1427 4378 1574 4435 enim
1610 4388 1792 4436 tecum
1832 4396 1956 4436 esse
1990 4397 2088 4436 no-

2206 1892 2480 1963 βασιλέως
2513 1893 2572 1946 ὲν
2609 1895 2676 1963 τῇ
2713 1891 3114 1963 πόλει,ᾕτησεν
3134 1889 3226 1945 τδν
3250 1890 3406 1960 ἅγιον
3433 1889 3624 1945 πάπαν
3646 1891 3761 1945 άπο·

2194 1985 2423 2056 κινῆσαι
2458 1986 2562 2039 καὶ
2605 1985 2950 2057 ἀναδραμεῖν
2989 1985 3192 2049 αὐτοὺς
3226 1985 3287 2038 ὲν
3332 1986 3761 2039 Κωνσταντινου-

2198 2078 2375 2132 πόλει.
2393 2078 2634 2149 Ὀμοίως
2649 2078 2741 2131 καὶ
2764 2079 2815 2131 οἱ
2832 2078 3145 2141 ἐπίσκοποι,
3168 2077 3264 2131 καὶ
3285 2078 3314 2131 6
3333 2076 3603 2142 διάκονος,
3627 2077 3713 2130 καὶ
3733 2077 3759 2132 6

2197 2168 2570 2241 χαρτοφύλαξ.
2605 2168 2664 2222 '0
2687 2167 2744 2223 δὲ
2763 2168 2949 2232 πάπας
2975 2168 3165 2237 ἔλεγεν
3183 2169 3367 2233 αὐτοῖς
3382 2185 3398 2199 ·
3430 2168 3754 2235 Ἐκδὲξασθε,

2208 2261 2423 2331 Πάτρες
2478 2262 2717 2326 πάντες,
2748 2260 2841 2313 καὶ
2882 2259 3160 2332 ὀρίσωμεν
3202 2261 3272 2315 τά
3309 2261 3456 2315 κατὰ
3488 2262 3579 2315 τὸν
3618 2262 3757 2330 ἅγιον

2202 2352 2476 2424 Γρηγὸριο
2490 2370 2539 2406 ν.
2581 2351 2901 2405 Ἐκέλευσεν
2932 2350 2987 2404 δὲ
3013 2353 3042 2405 6
3087 2351 3275 2416 πάπας
3308 2351 3642 2422 καθεσθῆναι
3672 2351 3757 2423 τὴν

2205 2444 2423 2497 σύνοδον
2473 2444 2531 2498 ὲν
2561 2442 2639 2514 τῷ
2676 2441 2791 2514 ναῷ
2835 2441 2931 2496 τοῦ
2962 2442 3120 2507 ἁγίου
3159 2443 3253 2495 καὶ
3291 2441 3569 2513 μακαρίου
3613 2442 3755 2493 Ἀπο-

2203 2536 2416 2591 στόλου.
2456 2537 2701 2589 Κάκεῖσε
2739 2535 2903 2590 πάλιν
2950 2533 3280 2597 καθίσαντες
3328 2534 3540 2604 ἤγαγον
3571 2533 3754 2595 πάντας

2209 2630 2335 2694 τοὺς
2367 2628 2643 2697 Σικελοὺς,
2678 2628 2806 2693 τοὺς
2829 2627 3148 2699 τριϐούνους
3201 2628 3298 2682 καὶ⁵
3332 2626 3461 2691 τοὺς
3491 2625 3747 2698 ἄρχοντας.

2205 2722 2300 2776 καὶ
2323 2720 2581 2790 λέγουσιν
2606 2720 2797 2783 αὐτοῖς
2823 2721 2853 2774 6
2882 2719 3082 2783 πάπας⁸
3105 2718 3189 2774 (al
3208 2720 3259 2772 oi
3282 2719 3610 2773 ἐπίσκοπον
3646 2716 3742 2771 ’1δοῦ

2192 2815 2223 2868 6
2273 2814 2462 2887 Πατὴρ
2506 2813 2664 2882 ὑμῶν
2702 2814 2803 2868 καὶ
2860 2812 3184 2876 διδάσκαλος
3209 2855 3225 2879 ,
3256 2811 3586 2866 δουλεύσατε
3629 2806 3751 2878 αὐτῷ

2194 2907 2351 2979 φόὸῳ
2377 2908 2471 2962 καὶ
2504 2906 2657 2977 πόθῳ
2680 2921 2695 2936 °
2725 2904 2905 2959 οἴδατε
2938 2904 3003 2958 τὸ
3033 2903 3155 2968 πῶς
3177 2904 3207 2957 6
3232 2902 3366 2968 Θεός
3387 2904 3544 2957 ἐστιν
3572 2901 3753 2963 δίκαιος

2197 3002 2293 3056 καὶ
2316 2998 2692 3056 άνταποδίδων
2737 2997 2956 3068 ἑκάστῳ
3004 2994 3146 3051 κατὰ
3193 2994 3263 3049 τὰ
3300 2994 3444 3067 ἔργα
3492 2992 3673 3048 αὑτοῦ.
3700 2989 3754 3045 οι

2190 3096 2248 3149 δὲ
2299 3092 2673 3164 ἀπεκρίναντο
2715 3091 2935 3156 αὐτοῖς·
2964 3086 3313 3159 Εύλογοῢμεν
3363 3087 3460 3140 τὸν
3507 3085 3641 3139 Θεὸν
3679 3082 3756 3137 τὸν

2199 3187 2521 3257 δόνταμημῖν
2543 3183 2713 3254 ἄνδρα
2736 3181 2970 3246 δίκαιον,
3005 3179 3100 3234 καὶ
3128 3175 3354 3247 εὐσεϐῆ,
3380 3176 3475 3229 καὶ
3506 3174 3754 3245 φιλόθεον.

2200 3276 2458 3331 ποιοῦντα
2490 3274 2556 3329 τὰ
2583 3273 2873 3345 θελήματα
2909 3269 3097 3336 αὐτοῦ,
3144 3270 3241 3324 καὶ
3272 3269 3531 3336 δείξαντα
3558 3267 3652 3336 τὴν
3673 3261 3755 3317 τοῦ

2201 3369 2395 3441 ἀνδρὸς
2417 3366 2759 3438 ἁκηλίδωτον
2778 3366 2879 3419 καὶ
2892 3362 3141 3435 καθαράν
3162 3360 3299 3433 πρὸς
3319 3360 3487 3414 αὐτὸν
3498 3354 3754 3427 λατρείαν.

2199 3462 2388 3517 Ταῦτα
2419 3463 2474 3516 δὲ
2506 3460 2689 3515 αὐτῶν
2728 3458 3021 3524 εἰπόντων,
3048 3454 3290 3518 ἀναστὰς
3317 3454 3346 3507 6
3378 3453 3533 3522 ἅγιος
3565 3446 3757 3520 Γρηγὸ-

2172 3556 2175 3557 ⁷
2201 3571 2316 3627 ριος
2338 3555 2579 3625 ᾐτήσατο
2611 3551 2705 3606 τὸν
2728 3551 2917 3606 πάπαν
2960 3549 3057 3603 καὶ
3086 3546 3187 3619 τὴν
3218 3544 3388 3616 άγίαν
3416 3543 3659 3627 σύνοδον,
3683 3537 3759 3590 λέ-

2199 3626 2315 3717 γων
2343 3665 2356 3679 ·
2391 3646 2609 3717 Πάτρες
2644 3645 2818 3713 ἅγιοι,
2847 3641 2987 3698 αἰτῶ
3026 3640 3175 3712 ὑμᾶς
3222 3634 3481 3693 κελεῦσαί
3520 3651 3606 3705 μοι
3644 3626 3757 3701 ἆραι

2198 3740 2258 3793 τὸ
2291 3739 2677 3804 ὲπισκοπεῖον,
2694 3735 2789 3790 καὶ
2820 3737 2879 3788 ὲν
2904 3733 3079 3804 ἑτέρῳ
3105 3731 3258 3802 τόπῳ
3281 3732 3340 3783 ὲν
3370 3731 3440 3800 τῇ
3467 3726 3618 3780 πόλει
3643 3721 3760 3776 αὐτὸ

2198 3828 2627 3900 ἀνοικοδομῆσαι
2652 3844 2665 3857 ο
2708 3826 2911 3899 ὁμοίως
2942 3823 3038 3878 καὶ
3059 3819 3361 3890 καθολικὴν
3393 3815 3682 3889 ἐκκλησίαν
3704 3813 3760 3865 ὲκ

2197 3920 2326 3985 νέας
2383 3916 2736 3988 καθιδρῦσαι,
2782 3912 2976 3983 ἐπειδὴ
3010 3914 3038 3967 6
3072 3910 3303 3974 Λεύκιος
3348 3901 3524 3972 οὗτος,
3569 3906 3757 3975 αἱρετι-

2197 4013 2293 4077 κδς
2323 4009 2419 4074 ὢν,
2449 4007 2793 4079 κατέστρεψε
2814 4005 2878 4059 τὸ
2899 4003 3319 4073 θυσιαστήριον,
3340 3999 3524 4054 καὶτὰ
3548 3992 3758 4051 ἀποκεί-

2202 4121 2340 4174 μενα
2357 4105 2415 4157 ὲν
2449 4100 2602 4172 αύτῷ
2635 4098 2767 4169 άγια
2795 4095 3032 4167 λείψανα
3062 4094 3341 4147 ὲεύθισεν.
3373 4091 3440 4146 Ἦ
3468 4089 3524 4143 δὲ
3559 4084 3758 4147 σύνοδος

2198 4194 2334 4267 πρὸς
2386 4195 2552 4249 αὑτὸν
2614 4189 2962 4260 ἀπεκρίνατο
2989 4206 3003 4219 ·
3038 4186 3152 4242 Καὶ
3175 4184 3336 4239 τοῦτο
3354 4182 3632 4256 ὁρίζομεν,
3659 4177 3755 4239 ἵνα,

2195 4288 2271 4354 ὼς
2314 4288 2524 4360 ῂτήσω,
2562 4284 2656 4340 καὶ⁵
2688 4282 2851 4337 τοῦτο
2888 4280 3121 4353 ποιήσῃς
3149 4296 3166 4312 ο
3197 4277 3422 4347 οἴδαμεν
3472 4272 3599 4342 γὰρ,
3632 4267 3758 4322 ὅτιὸ

2195 4381 2331 4445 Θεός
2360 4381 2509 4432 ἐστιν
2538 4375 2685 4449 μετὰ
2702 4374 2820 4441 σοῦ,
2850 4374 2944 4428 καὶ
2969 4372 3132 4435 αύτός
3159 4387 3244 4423 σοι
3283 4367 3539 4438 συνεργεῖ
3566 4367 3643 4425 εἰς
3662 4361 3758 4414 πᾶν

501 4468 707 4536 ximus,
735 4477 790 4525 et
818 4484 976 4540 opem
1005 4470 1099 4525 tibi
1145 4474 1211 4524 ad
1242 4472 1428 4527 omnia
1477 4479 1800 4542 praesentem
1865 4472 2079 4529 afferre.

2198 4472 2383 4545 ἔργον.
2426 4470 2536 4525 Kal.
2572 4469 2703 4542 περὶ
2748 4466 2909 4521 τοῦτο
2960 4464 3201 4535 ἔγραψεν
3248 4460 3396 4532 αὐτῷ
3449 4457 3643 4555 τίτλωρ,
3680 4454 3757 4506 ἵνα

503 4559 644 4616 Tum
673 4562 998 4632 rescriptum
1035 4561 1082 4617 ei
1141 4561 1330 4617 datum
1379 4573 1484 4629 est,
1517 4572 1577 4618 ut
1614 4564 1683 4620 de
1738 4580 1801 4619 ca
1851 4580 1908 4620 re
1939 4567 2085 4636 quod

2198 4564 2273 4625 ὡς
2301 4563 2381 4616 ἔνι
2410 4561 2642 4633 ἀρεστὸν
2665 4556 2818 4627 αύτῷ
2849 4558 2905 4609 ὲν
2938 4554 3262 4626 ὀφθαλμοῖς,
3296 4550 3522 4621 ποιήσῃ.
3551 4546 3756 4636 ’Ὥρισεν

501 4654 596 4708 ιιηί
624 4654 728 4709 sibi
764 4654 1030 4725 placeret,
1078 4662 1320 4710 statuere
1350 4666 1559 4725 posset.
1611 4655 1918 4712 Constituit
1961 4672 2092 4713 vero

502 4758 730 4803 sanctus
779 4746 1077 4817 Gregorius
1117 4788 1132 4812 ,
1185 4756 1249 4802 ut
1307 4749 1518 4819 Euplus
1572 4750 2001 4806 archidiaconus
2037 4761 2092 4807 et

505 4839 769 4897 Erasmus
825 4839 1129 4897 Ecclesiam
1177 4840 1263 4909 pie
1310 4841 1806 4905 administrarent,
1868 4852 1928 4896 ut
1975 4842 2089 4912 jam

503 4950 691 4992 secum
731 4942 1095 4991 assueverant
1149 4932 1247 5005 (6).
1295 4934 1397 5001 Qui
1447 4934 1671 4990 demum
1714 4950 1841 4989 cum
1890 4938 2090 5007 populo

506 5027 679 5093 omni,
733 5025 915 5083 fausta
970 5027 1396 5097 apprecantibus
1448 5026 1766 5097 episcOpis,
1828 5028 2086 5095 dimissi,

504 5122 692 5177 animo
722 5121 831 5176 laeti
860 5136 925 5177 ac
957 5118 1068 5176 Deo
1098 5120 1313 5176 laudem
1351 5119 1636 5175 reddentes
1669 5120 1942 5177 abierunt.

574 5277 650 5347 (6)
681 5276 840 5347 Circa
874 5276 988 5333 haec
1024 5287 1294 5346 tempora,
1316 5291 1462 5331 cum
1514 5275 1854 5347 meminisset
1883 5276 2090 5347 Grego-

503 5345 901 5417 rius'Magnus,
940 5345 1174 5401 delatam
1218 5361 1248 5400 a
1291 5362 1349 5402 se
1378 5347 1641 5417 episcopo
1678 5345 1946 5402 Triocala:
1987 5345 2086 5402 cu-

503 5433 621 5473 ram
646 5416 904 5473 Ecclesiae
933 5417 1297 5487 Agrigentinas
1328 5416 1432 5486 pro
1463 5425 1735 5487 potestate
1768 5419 2084 5484 invisendze,

502 5490 822 5558 videretque
854 5487 1346 5558 ,Gregoriigrnostri
1397 5489 1633 5542 reditum
1683 5487 1755 5542 ob
1794 5489 1899 5543 iter
1944 5488 2089 5543 Con-

507 5557 1073 5629 stantinOpolitanum
1111 5557 1316 5629 differri
1371 5558 1425 5629 in
1451 5627 1459 5629 _
1487 5572 1690 5629 annum
1734 5559 2081 5627 proximum;

509 5627 910 5685 consulendum
940 5627 1017 5682 illi
1048 5627 1207 5683 duxit
1231 5667 1244 5689 .
1290 5645 1359 5684 ne
1394 5627 1611 5683 labores
1651 5628 1797 5683 illius
1832 5629 1952 5685 sine
1978 5631 2083 5683 ulla

507 5701 755 5756 mercede
801 5705 1003 5754 essent.
1054 5699 1239 5766 itaque
1292 5699 1391 5753 has
1429 5700 1602 5754 eidem
1646 5699 1853 5754 litteras
1895 5701 2081 5753 misit:

508 5771 773 5840 Quoniam
801 5769 1142 5842 Agrigentina
1173 5766 1412 5824 Ecclesia
1454 5785 1487 5823 a
1526 5771 1672 5823 nobis
1726 5770 2082 5839 fraternitatis

2191 4655 2250 4709 δὲ
2282 4656 2311 4709 6
2345 4632 2500 4722 ἅγιος
2534 4650 2834 4723 Γρηγόριος
2867 4648 2961 4702 τὸν
3013 4645 3397 4717 ἀρχιδιάκονον
3441 4637 3645 4695 Εὖπλον
3670 4632 3753 4723 καὶ

2197 4744 2481 4815 Ἐρασμον
2513 4722 2736 4796 διοικεῖν
2793 4739 2894 4810 τὴν
2947 4736 3253 4807 ἐκκλησίαν
3299 4729 3560 4793 εὐσεϐῶς,
3587 4722 3754 4783 καθὼς

2192 4836 2346 4892 αὐτοὶ
2372 4833 2522 4905 αὐτῷ
2554 4829 3078 4904 παρηκολούθησαν.
3127 4823 3523 4893 Ἐπευξάμενοι
3545 4819 3600 4872 δὲ
3630 4815 3753 4869 πάνυ

2191 4947 2283 4994 τες
2305 4931 2354 4982 οἱ
2383 4927 2679 4980 ἐπίσκοποι
2708 4924 2823 4985 τοίς
2856 4919 3128 4981 διακόνοις
3160 4917 3252 4971 καὶ
3271 4916 3348 4985 τῷ
3374 4913 3489 4985 λαῷ
3508 4910 3751 4966 ἀπέστει-

2189 5022 2287 5075 λαν
2316 5019 2513 5081 αὐτοὺς
2540 5018 2598 5069 ὲν
2631 5015 2823 5085 εἰρήνῃ
2851 5011 3141 5083 χαίροντες
3201 5010 3298 5063 καὶ
3329 5005 3645 5073 δοξάζοντες
3668 4996 3750 5050 τὸν

2188 5112 2340 5167 Θεὸν.

2192 5281 2294 5326 mae
2335 5267 2653 5324 uisitationis
2682 5282 2825 5320 cura:
2863 5264 3148 5319 commissa
3190 5272 3267 5315 est
3290 5302 3305 5325 ,
3343 5254 3608 5326 laboribus
3651 5254 3744 5302 tuis

2190 5325 2488 5411 aliquidem
2506 5354 2589 5411 ea!
2602 5325 3521 5411 utilem-aspeximusconsulendum
3550 5340 3568 5377 :
3584 5333 3743 5411 Agffg'

2191 5403 2331 5465 teréa
2364 5409 2696 5464 Maximiano
2724 5403 2883 5478 fratri
2916 5415 2965 5478 et
2999 5403 3301 5478 coepisc_0po_
3339 5407 3514 5478 nostra
3538 5404 3746 5478 scripsi:

2191 5499 2327 5545 mus,
2357 5491 2412 5534 ut
2448 5488 2662 5549 quarta,
2701 5469 2861 5547 quam
2901 5469 3136 5549 ejusdem
3173 5469 3427 5549 Ecclesia:
3471 5469 3745 5549 episcopatu

2190 5533 2473 5622 oportebat,
2515 5533 2843 5622 accipere,__a
2861 5533 3308 5622 -άῖεηυὶείιαιὶοηίε
3335 5548 3501 5622 amen
3522 5533 3611 5622 ρας
3622 5542 3743 5622 ιρις

2190 5600 3107 5694 aitE'aiscjgaa'sanandas...
3151 5612 3408 5682 gesseris,
3441 5600 3533 5659 tibi
3579 5600 3746 5655 debeat

2189 5685 2471 5765 applicari.
2495 5689 2635 5763 (Lib.
2670 5706 2723 5756 ν,
2752 5688 2911 5757 epist.
2947 5685 3058 5755 19..)
