4102 6388
389 317 399 327 ‘
437 307 546 372 697

1455 321 1518 384 S.
1541 323 1926 392 GREGORII
1968 331 2487 395 AGRJGENTINI
2529 335 2726 397 VITA.

3611 339 3718 405 698

511 413 871 520 ΠΡΩΓνοῦσα
921 417 979 520 δὲ
1027 419 1061 491 ἠ
1097 420 1232 492 ἁγία
1274 422 1519 494 σύνοδος,
1549 428 1631 485 ὃτι
1677 433 1794 488 ἐκεῖ
1825 430 1895 508 ἦν
1931 455 2024 492 κε-

2197 439 2486 496 LXXXlll.
2521 440 2726 497 Edocta
2775 451 2958 498 autem
2993 453 3186 502 sancta
3222 445 3470 520 synodus
3495 489 3512 512 ,
3569 445 3715 504 Len-

433 505 762 610 κρυμμένος
789 509 819 562 ὁ
849 509 1102 610 Λεύκιος,
1137 515 1546 588 ἐρευνήσαντες
1596 524 1805 594 ἦγαγον
1849 505 2025 585 *αὐτὸν

2142 533 2283 589 cium
2298 533 2489 589 Romae
2518 534 2708 600 latere,
2729 537 2916 592 missis
2941 537 3038 608 qui
3064 505 3345 596 hominem
3371 505 3709 610 quisi-erexit.

432 599 526 662 είς
558 598 746 680 μέσον,
771 602 868 654 καὶ
893 601 1150 672 λέγουσιν
1177 607 1328 678 αὐτῷ
1357 611 1407 664 oi
1455 612 1555 684 τῆς
1589 615 1881 690 ’Δνατολῆς
1915 621 2031 674 ὲπί-
2067 665 2070 668 .

433 704 638 782 caeno:
663 703 689 782 Ἀ
711 691 1043 771 Τρισάθλιε,
1071 697 1174 752 οὐκ
1223 700 1508 774 ἠρκέσθης
1541 707 1602 758 ὲν
1639 706 1720 778 τῷ
1749 709 2030 782 ἀναθεμας

425 779 643 851 σεισμῷ,
667 780 726 836 ὃν
743 781 910 850 ἐδέξω
933 785 992 839 ὲν
1015 788 1083 858 τῇ
1115 788 1374 864 Ἀνατολῇ
1404 794 1556 864 παρὰ
1577 796 1689 851 τῶν
1719 798 1892 868 ἁγίων
1916 779 2030 856 ila-

425 871 589 942 τρῶν
657 873 796 930 ἀλλὰ
823 877 918 930 καὶ
938 871 1042 933 ὧδε
1062 883 1450 952 παραγέγονας
1467 887 1531 940 τὸ
1557 889 1690 944 αὐτὸ
1711 893 1874 946 πάλιν
1895 893 2029 967 κλη-

437 965 749 1036 ρονομῆσαι
776 984 792 1035 ;
833 968 894 1024 '0
917 970 974 1024 δὲ
996 973 1150 1027 οὐδὲν
1174 975 1362 1041 αὐτοῖς
1390 979 1696 1052 ἀπεκρίθη.
1743 965 2031 1040 Ἀπέστει-

429 1052 538 1110 λεν
565 1057 622 1112 δὲ
661 1059 692 1112 ὁ
731 1059 921 1125 πάπας
944 1061 1110 1116 αὑτὸν
1139 1065 1198 1118 ὲν
1220 1067 1287 1137 τῇ
1315 1067 1525 1140 Σπανίᾳ
1555 1071 1652 1125 τοῦ
1682 1072 1826 1128 εἶναι
1861 1077 2028 1130 αὑτὸν

557 1147 775 1218 ὲξορίαν
797 1149 937 1205 ἐκεῖ.
977 1152 1376 1221 ’Δπολυθέντος
1419 1157 1477 1211 δὲ
1507 1159 1603 1215 τοῦ
1641 1161 1776 1217 λαοῦ
1805 1165 1902 1220 τοῦ
1929 1167 2029 1238 τῆς

449 1237 901 1308 ’Δκραγαντίνων
951 1241 1163 1308 πόλεως
1218 1245 1338 1316 ἅμα
1389 1247 1502 1302 τῶν
1529 1249 1817 1321 διακόνων,
1849 1255 1900 1310 οἳ
1933 1237 2031 1311 καὶ

427 1328 740 1398 ἀπήγαγον
787 1331 912 1400 μεθ’
935 1332 1149 1388 ἑαυτῶν
1196 1338 1326 1402 τοὺς
1360 1341 1702 1413 κατηγόρους
1744 1347 1803 1400 ὲν
1837 1348 1905 1418 τῇ
1934 1347 2030 1402 πό-

427 1421 525 1474 λει
565 1420 1002 1492 Ἀκραγαντίνων
1024 1443 1039 1458 ·
1075 1425 1292 1497 ἔμεινεν
1319 1433 1349 1486 ὁ
1377 1432 1680 1504 Γρηγόριος
1731 1437 1828 1492 τοῦ
1857 1440 2030 1495 ἀπελ-

431 1509 562 1563 θεῖν
594 1511 738 1584 ἑντῇ
767 1513 920 1567 πόλει
947 1514 1067 1586 ἅμα
1090 1518 1201 1572 τῶν
1229 1523 1576 1593 ἐπισκόπων,
1627 1529 1724 1581 καὶ
1753 1529 1850 1582 τοῦ
1886 1548 2030 1586 σπα-

431 1605 662 1675 Θαρίου,
689 1606 788 1664 καὶ
815 1606 908 1660 τοῦ
930 1608 1314 1678 ἅρχιδιακόνου
1335 1614 1432 1668 καὶ
1461 1617 1900 1688 χαρτοφύλακος.
1924 1621 2031 1676 Οὖ-

431 1714 555 1760 τως
581 1698 689 1771 γὰρ
721 1695 1125 1774 ἐκελεύσθησαν
1154 1705 1262 1759 ὑπὸ
1304 1705 1400 1760 τοῦ
1447 1709 1845 1766 εὐσεϐεστάτου
1871 1713 2026 1785 βασι-

429 1787 583 1852 λέως
614 1790 712 1844 καὶ
737 1791 833 1846 τοῦ
866 1793 1330 1864 ἀρχιεπισκόπου.

519 1881 642 1936 ΠΔθ.
681 1883 771 1937 Ἐν
803 1885 906 1956 μιᾷ
929 1884 987 1938 δὲ
1016 1885 1129 1942 τῶν
1153 1890 1384 1962 ἡμερῶν
1416 1893 1747 1962 ἀποστείλας
1775 1899 1804 1951 ὁ
1838 1898 2030 1964 πάπας

439 1972 842 2043 μετεστείλατο
873 1976 964 2031 τὸν
990 1977 1148 2048 ἅγιον
1195 1980 1500 2053 Γρηγόριον
1557 1986 1681 2040 κατ’
1717 1987 1880 2044 ἰδίαν.
1923 1990 2032 2044 Καὶ

437 2064 635 2120 πεσὼν
671 2067 824 2138 παρὰ
864 2069 1020 2135 τοὺς.
1047 2071 1217 2137 πόδας
1249 2073 1346 2128 τοῦ
1394 2077 1553 2132 πάπα
1597 2078 1738 2150 μετὰ
1779 2080 2032 2154 δακρύων

438 2158 573 2229 ᾔτει
603 2161 736 2232 παρ’
761 2160 942 2220 αὐτοῦ,
965 2163 1338 2236 συγχώρησιν,
1371 2167 1467 2220 καὶ
1518 2171 1823 2240 παρεκάλει
1870 2171 2035 2226 αὑτὸν

441 2250 708 2321 εὔχεσθαι
737 2253 881 2325 ὑπὲρ
911 2253 1101 2310 αὑτοῦ.
1149 2255 1208 2310 '0
1230 2256 1289 2311 δὲ
1327 2258 1518 2322 πάπας
1561 2259 1712 2329 λέγει
1735 2261 1888 2333 αὐτῷ
1911 2280 1926 2295 ο
1967 2263 2034 2316 Τί

449 2357 536 2394 σοι
563 2341 1214 2414 ἀνταποδῶμεν,·τέκνον,
1251 2349 1383 2418 περὶ
1427 2347 1648 2402 πάντων
1671 2388 1686 2413 ,
1715 2341 1794 2404 ὧν
1822 2350 2036 2405 ἀνταπ-

455 2433 656 2488 ἑῦωκεν
684 2436 818 2505 ἡμῖν
845 2437 875 2490 ὁ
903 2436 1040 2502 Θεδς
1061 2437 1152 2492 διὰ
1181 2438 1306 2505 σοῦ;
1338 2438 1658 2509 Γινώσκεις,
1681 2441 1870 2498 τέκνον
1905 2461 2032 2515 μου,

460 2523 546 2576 ὅτι
575 2523 740 2594 ἥμισυ
773 2525 940 2596 μέρος
973 2527 1073 2598 τῆς
1098 2527 1222 2581 καθ’
1257 2529 1416 2600 ὑμῶν
1443 2529 1656 2596 πόλεως
1685 2534 1784 2588 σὺν
1808 2533 1888 2604 τῷ
1911 2536 2036 2589 ὲπι-

458 2613 695 2686 σκοπείῳ
718 2615 1008 2671 ὑπόκειται
1035 2616 1130 2672 τοῦ
1155 2619 1311 2689 ἁγίου
1343 2622 1436 2676 καὶ
1453 2623 1750 2694 κορυφαίου
1777 2623 2039 2681 Ἀποστὸ-

449 2706 553 2759 λου
603 2707 712 2760 τῶν
766 2708 1042 2776 ἐνταῦθα;
1089 2709 1148 2765 '0
1179 2711 1238 2766 δὲ
1284 2711 1442 2781 ἅγιος
1491 2714 1796 2788 Γρηγόριος
1845 2716 1996 2787 λέγει
2019 2735 2035 2751 ·

445 2797 590 2862 Ναὶ,
623 2799 888 2866 δέσποτα,
917 2799 1094 2866 οὕτως
1125 2801 1259 2874 ἔχει.
1304 2805 1364 2860 '0
1395 2805 1454 2860 δὲ
1487 2807 1678 2871 πάπας
1704 2808 1885 2878 λέγει’
1905 2811 2042 2864 Συν-

448 2890 654 2960 έκρινα
682 2893 740 2946 έν
775 2893 1002 2966 ἐμαυτῷ
1029 2895 1194 2950 τοῦτο
1221 2895 1520 2953 ἀποδοῦναι
1549 2899 1628 2971 τῷ
1657 2900 1775 2972 Θεῷ
1802 2901 1890 2956 διὰ
1920 2901 2039 2966 σοῦ,

446 2983 552 3035 καὶ
583 2981 662 3054 τῷ
693 2984 802 3038 ὑπὸ
835 2986 930 3040 σοῦ
975 2987 1228 3058 μέλλοντι
1279 2991 1754 3062 άνοικοδομεῖσθαι
1810 2997 1924 3066 ναῷ
1979 2997 2042 3052 τὸ

445 3075 584 3128 καθ’
607 3077 758 3148 ἡμᾶς
787 3077 1030 3150 ἁρμόζον
1060 3079 1238 3150 ἥμισυ
1289 3083 1456 3153 μέρος
1480 3083 1584 3154 τῆς
1609 3085 1734 3140 καθ’
1768 3085 1922 3156 ὑμῶν
1947 3088 2042 3142 πό-

443 3163 598 3229 λεως
621 3209 636 3231 ,
669 3166 731 3220 τὸ
769 3166 1014 3240 δωρηθὲν
1051 3169 1132 3241 τῷ
1163 3173 1449 3246 κορυφαίῳ
1485 3174 1591 3230 ὑπὸ
1626 3175 1722 3230 τοῦ
1765 3180 1825 3232 έν
1865 3179 2044 3247 ἁγίοις

443 3257 552 3308 καὶ
582 3255 704 3330 θείᾳ
742 3261 837 3312 καὶ
885 3259 1201 3334 άειμνήστῳ
1255 3266 1320 3336 τῇ
1353 3264 1503 3338 λήξει
1543 3269 1840 3340 γενομένου
1887 3271 2043 3343 ἡμῶν

449 3347 728 3418 βασιλέως
765 3351 1201 3409 Κωνσταντίνου.
1246 3354 1306 3409 '0
1333 3356 1391 3410 δὲ
1427 3357 1584 3426 ἆγιος
1624 3361 1933 3433 Γρηγὸριος
1957 3364 2046 3418 λέ-

447 3455 546 3508 γει
585 3440 735 3511 αὐτῷ
763 3457 777 3470 ·
813 3442 1064 3498 Δέσποτα
1115 3446 1356 3518 μακάριε
1377 3489 1393 3514 ,
1423 3450 1590 3514 αὐτὸς
1640 3451 1720 3524 τῷ
1747 3453 1866 3526 Θεῷ
1896 3473 2042 3526 παρ·

448 3530 626 3600 ἑχεις,
662 3533 824 3598 αὐτὸς
853 3535 931 3600 ὡς
971 3536 1180 3606 ἀγαθὸς
1227 3539 1322 3592 καὶ
1351 3540 1740 3614 φιλάνθρωπος
1773 3546 2044 3602 ἀποδώσει

449 3624 624 3696 χάριν
647 3625 771 3679 ἀντὶ
810 3627 1056 3698 χάριτος.
1096 3629 1207 3683 Καὶ
1253 3631 1774 3705 προσκαλεσάμενος
1799 3639 1828 3690 ὁ
1855 3640 2041 3703 πάπας

446 3721 588 3780 τοὺς
615 3717 846 3786 λογάδας
868 3720 971 3790 τῆς
1007 3721 1339 3794 Ἐκκλησίας
1368 3725 1466 3778 καὶ
1497 3725 1628 3788 τοὺς
1658 3729 1913 3800 πρώτους
1943 3729 2045 3801 τῆς

450 3811 695 3876 πόλεως,
727 3813 824 3866 καὶ
858 3813 1187 3878 καθίσαντες
1216 3814 1469 3886 ἔγραψαν
1493 3819 1661 3887 τόμον
1688 3821 1716 3872 ὃ
1741 3837 1802 3874 τε
1825 3821 2040 3890 πάπας,

451 3905 558 3960 καὶ
579 3905 640 3958 οἱ·
661 3903 890 3972 λογάδες
921 3904 1022 3976 τῆς
1063 3904 1416 3978 Ἐκκλησίας,
1446 3909 1542 3964 καὶ
1569 3910 1620 3962 ot
1643 3911 1911 3983 ἄρχοντες
1942 3913 2042 3984 τῆς

535 4016 616 4089 (7)
646 4016 722 4072 De
751 4015 1095 4089 boc_Leont_ii
1120 4018 1242 4074 loco
1270 4017 1374 4089 sibi
1410 4019 1708 4076 admodum
1737 4025 2043 4089 gratulatus

451 4097 546 4144 est
593 4087 797 4160 Lancia
830 4087 998 4160 (Diss.
1021 4087 1101 4160 de
1142 4097 1230 4144 ast.
1266 4087 1428 4160 Greg.
1477 4090 1608 4160 Agr.
1637 4109 1690 4146 n.
1725 4087 1817 4160 39)
1843 4136 1857 4158 ,
1900 4112 2043 4152 unus

455 4158 743 4212 invenisse
795 4157 948 4211 visus
989 4157 1134 4223 sibi,
1191 4159 1334 4213 unde
1381 4157 1550 4216 vetus
1583 4161 1674 4216 illa
1729 4157 2043 4222 donationis

456 4227 964 4303 Constantinianze
987 4228 1175 4303 opinio
1216 4237 1336 4283 orla
1379 4239 1565 4303 esset:
1615 4247 1779 4301 quam
1814 4234 1928 4303 ipse
1959 4251 2044 4288 re-

457 4299 602 4368 petit
631 4295 1044 4352 aConstantino
1080 4295 1384 4367 Pogonato,
1429 4299 1498 4356 de
1550 4295 1660 4369 quo
1709 4303 1801 4359 bic
1831 4295 2043 4360 sermo-

458 4383 594 4442 nem
625 4382 748 4422 esse
782 4375 956 4442 putat,
993 4374 1254 4436 tanquam
1277 4369 1444 4442 ejus,
1503 4371 1594 4442 qui
1638 4372 1851 4442 primus
1883 4374 2043 4428 dimi-

461 4440 618 4514 ilium
657 4437 1027 4514 vectigalium,
1078 4453 1222 4514 quae
1250 4437 1485 4514 populus
1519 4437 1818 4514 'liomanus
1858 4444 2045 4514 Augu-

462 4508 572 4563 stis
601 4499 876 4589 penderét,
906 4499 1395 4589 ultronremiserit,
1423 4518 1588 4580 atque
1618 4511 1672 4566 in
1717 4499 2041 4589 pontiﬁcum
2075 4499 2121 4555 Π

459 4575 839 4632 maximorum
876 4577 1011 4632 etin
1042 4575 1300 4636 Ecclesia:
1332 4575 1596 4636 Roma—uie
1629 4575 1916 4639 commoda
1943 4599 2039 4640 ce-

465 4649 602 4702 dere
623 4645 890 4701 voluerit:
931 4661 1033 4701 nec
1063 4647 1231 4713 vidit,
1285 4649 1596 4713 pontiﬁcem
1637 4653 1932 4708 maximum
1980 4653 2050 4710 de

463 4715 1028 4792 Co_nstantiuo_loqui
1061 4715 1502 4792 jam_sideribus
1543 4732 1798 4792 recepto,
1845 4721 1942 4776 τοῦ
1988 4726 2048 4777 ὲν

468 4786 671 4864 egisse,
718 4786 869 4856 quod
908 4787 979 4864 de
1025 4802 1135 4864 uno
1179 4786 1544 4864 Constantino
1587 4786 1794 4864 bla'gno'
1815 4793 2046 4864 intelligi

466 4856 692 4932 dicique
715 4864 914 4932 potest.
947 4857 1139 4932 étqui,
1164 4859 1408 4926 omissis,
1435 4875 1560 4932 quae
1591 4856 1704 4932 jam
1738 4863 1943 4930 attulit,
1989 4856 2048 4920 ut

467 4927 914 5004 Constantinum
947 4926 1288 5004 Pogo_uatum
1321 4939 1387 5004 _et
1429 4926 1799 5004 Iustinianum
1824 4932 1888 5000 ll,
1923 4926 2048 5004 post

467 5011 648 5072 aevum
666 4995 918 5072 Gregorii
936 4997 1109 5072 nostri
1140 4997 1490 5072 imperitasse
1505 4999 1847 5057 ostenderem
1869 4995 1887 5069 ξ
1911 4995 2049 5072 prae—

469 5069 688 5122 clarum
721 5066 866 5122 istud
897 5066 1117 5122 Lanciie
1143 5066 1426 5124 inventum
1461 5086 1568 5126 una
1601 5072 1838 5128 litterula
1871 5066 2046 5128 totum

469 5137 658 5210 abolet
687 5137 956 5210 planeque
988 5138 1150 5193 tollit.
1183 5137 1243 5192 in
1273 5147 1510 5210 utroque
1539 5143 1685 5196 enim
1715 5144 1908 5199 codice
1941 5143 2047 5199 Ba-

470 5206 678 5282 siliano
707 5207 1112 5282 scriptumest,
1142 5209 1394 5282 nauci};
1417 5206 1596 5282 ξκαθξ
1619 5211 1778 5282 ἡμῶν
1817 5213 2047 5278 πόλεως,

472 5276 625 5330 urbis
657 5277 1003 5350 nostum-sed
1041 5277 1155 5350 τῆς
1172 5279 1298 5350 καθ’
1323 5276 1480 5350 ὗμῶν
1515 5276 1750 5348 πόλεως,
1786 5283 1932 5338 urbis
1967 5276 2052 5338 ve;

471 5355 806 5470 strw,atgue
829 5347 968 5401 adeo
993 5363 1100 5402 non
1127 5349 1196 5404 de
1215 5347 1476 5405 Romana:
1491 5351 1643 5408 urbis
1673 5347 2046 5423 vectigalibus,

474 5419 574 5470 sed
596 5417 665 5470 de
743 5415 1063 5470 ariaentinis
1092 5419 1338 5470 ecclesia;
1378 5419 1642 5470 Romamn
1693 5425 2046 5470 nrnventilms

474 5417 1063 5492 seddeAgrigentinis
1092 5419 1338 5492 ecclesia:
1378 5419 1642 5477 Romana:
1692 5417 2050 5492 prov'entibus

475 5487 570 5564 hic
595 5486 804 5564 agitur,
865 5501 1007 5558 quos
1059 5487 1305 5564 pontifex
1357 5492 1634 5564 maximus
1682 5486 1749 5548 ad
1787 5495 2046 5564 templum

475 5556 756 5632 Agrigenti
773 5556 1216 5632 construendum
1251 5559 1514 5632 Gregorio
1541 5571 1732 5618 uestro
1764 5556 2049 5620 concesse-

478 5627 592 5682 rit:
619 5627 726 5696 qua
770 5627 823 5680 in
863 5643 922 5682 re
952 5643 1114 5683 nemo
1153 5627 1448 5685 absurdam
1486 5632 1632 5686 illam
1663 5642 1718 5688 et
1757 5634 2050 5690 incredibi-

480 5696 590 5752 lem
629 5696 1004 5771 profusionem
1031 5710 1313 5771 agnoscet,
1365 5717 1531 5771 quam
1557 5705 1787 5760 codicis
1839 5704 2048 5761 Messa-

487 5766 678 5825 nensis
713 5767 873 5824 lectio
898 5766 1167 5840 enuntiat.
1221 5766 1441 5829 Fundos
1491 5784 1671 5830 autem
1703 5776 1846 5848 apud
1891 5777 2049 5848 Agri-

2131 627 2472 682 in'medium
2507 627 2736 696 produci
2777 627 2990 698 jussit:
3055 639 3223 700 atque
3272 631 3425 686 illum
3473 631 3714 688 Orientis

2130 715 2372 787 episcopi
2412 717 2493 772 sic
2523 717 2744 772 allocuti
2804 728 2978 774 sunt:
3023 719 3297 777 Parumne
3354 721 3504 789 fuit,
3547 722 3714 778 homo

2131 806 2528 872 infelicissime,
2561 817 2614 863 te
2645 809 2699 863 in
2728 806 2953 866 Oriente
2973 825 3004 865 a
3042 814 3251 868 sanctis
3291 811 3549 869 Patribus
3575 829 3712 868 ana-

2131 897 2375 954 themate
2409 898 2723 970 perculsum
2757 898 2951 965 fuisse.
2983 910 3043 957 ut
3073 904 3181 960 huc
3197 904 3364 959 etiam
3397 904 3464 959 ad
3493 919 3709 975 pinnam

2130 989 2378 1046 eamdem
2414 991 2616 1046 iterum
2665 990 3006 1046 subeundam
3043 993 3406 1063 pervenires?
3458 993 3552 1050 ille
3582 1011 3713 1051 vero

2130 1078 2432 1148 obmutuit,
2455 1095 2557 1136 nec
2587 1081 2800 1137 hiscere
2831 1097 3002 1140 ausus
3031 1092 3135 1138 est.
3161 1088 3230 1139 At
3253 1083 3497 1154 pontifex
3531 1087 3709 1140 maxi-

2130 1185 2256 1226 mus
2309 1171 2364 1226 in
2413 1169 2774 1242 Hispaniam,
2809 1181 2870 1228 ut
2915 1174 3028 1229 illic
3053 1175 3378 1239 exsularet,
3427 1175 3707 1241 relegavit.

2129 1263 2343 1332 Populo
2365 1259 2442 1334 [ο]
2470 1270 2649 1318 autem
2688 1260 3049 1334 Agrigentiuo
3076 1279 3200 1318 cum
3229 1264 3478 1320 diaconis
3525 1265 3579 1319 in
3617 1280 3709 1334 pa-

2130 1353 2292 1410 triam
2328 1352 2598 1424 profecto,
2623 1367 2735 1422 quo
2783 1362 2838 1408 et
2867 1363 3219 1426 accusatores
3251 1369 3438 1410 secum
3464 1354 3710 1410 deduxe-

2131 1455 2284 1509 runt,
2338 1443 2543 1499 mansit
2588 1441 2780 1498 Romae
2806 1442 3108 1515 Gregorius
3168 1460 3294 1500 cum
3345 1444 3621 1514 episcopis
3653 1452 3712 1500 et

2131 1537 2412 1608 spathario
2440 1543 2608 1606 atque
2655 1535 3052 1592 arebidiacono
3097 1537 3543 1608 charmpbylace.
3585 1535 3712 1593 llaec

2131 1628 2277 1684 enim
2307 1643 2340 1683 a
2375 1625 2718 1698 pientissimo
2742 1626 3074 1697 imperatore
3101 1638 3268 1698 atque
3297 1627 3366 1684 ab
3407 1627 3709 1699 archiepis-

2133 1734 2270 1791 copo
2301 1717 2560 1775 mandata
2587 1727 2933 1789 acceperant.

2208 1895 2497 1954 LXXXIV.
2523 1895 2693 1953 Paulo
2720 1905 2846 1968 post
2867 1894 3111 1968 pontifex
3146 1895 3426 1951 maximus
3458 1906 3712 1952 sanctum

2133 1989 2462 2062 Gregorium
2494 1989 2748 2060 privatim
2777 1988 2846 2044 ad
2877 2003 2937 2044 se
2971 1987 3235 2044 arcessiri
3279 1987 3468 2057 jussit.
3499 1984 3591 2041 Ille
3624 1987 3713 2040 in-

2135 2099 2361 2155 gressus
2403 2082 2470 2137 ad
2509 2083 2675 2152 pedes
2707 2081 2937 2152 procidit
2976 2081 3289 2152 lacrymans
3313 2118 3330 2146 ,
3386 2078 3716 2152 veniamque

2135 2175 2310 2247 petiit,
2341 2183 2397 2230 et
2430 2185 2490 2228 ut
2531 2188 2721 2246 preces
2768 2171 2880 2226 Deo
2931 2187 3032 2242 pro
3065 2185 3125 2226 se
3149 2167 3444 2235 funderet,
3479 2168 3713 2240 rogavit.

2134 2263 2206 2318 At
2228 2261 2472 2334 pontifex
2504 2259 2810 2317 maximus:
2845 2259 2986 2328 Quid
3023 2260 3118 2316 tibi
3141 2298 3158 2326 ,
3213 2259 3416 2330 inquit,
3451 2259 3548 2323 ﬁli,
3575 2258 3718 2314 refe-

2137 2370 2324 2411 remus
2362 2369 2464 2426 pro
2524 2353 2612 2409 bis
2645 2352 2928 2417 omnibus,
2969 2365 3092 2421 qua:
3158 2349 3318 2404 nobis
3359 2347 3502 2404 Deus
3539 2364 3634 2416 per
3667 2357 3718 2404 te

2139 2445 2369 2518 largitus
2424 2445 2558 2501 est?
2604 2441 2870 2510 Nostine,
2910 2442 2983 2497 ﬁli
3015 2443 3128 2508 mi,
3187 2449 3394 2512 partem
3435 2439 3717 2495 dimidiam

2137 2537 2292 2596 urbis
2323 2543 2524 2591 vestra:
2582 2548 2710 2590 cum
2757 2533 2886 2590 sede
2937 2533 3059 2604 ipsa
3120 2531 3424 2602 pontificali
3489 2530 3720 2586 subesse

2139 2637 2334 2685 sancto
2361 2624 2592 2697 principi
2625 2623 2877 2695 apostolo
2905 2624 3033 2679 huic
3069 2633 3265 2678 nostro
3304 2622 3379 2693 (7)
3405 2621 3430 2674 ?
3458 2620 3557 2676 Cui
3589 2636 3720 2675 sau-

2139 2727 2262 2775 ctus
2291 2717 2628 2788 Gregorius:
2673 2714 2934 2777 Omnino,
2971 2712 3188 2784 inquit,
3219 2711 3464 2776 domine,
3496 2711 3573 2764 ita
3614 2719 3720 2766 est.

2139 2811 2460 2873 Enimvero,
2499 2808 2742 2878 suscepit
2789 2806 2920 2872 ille,
2965 2803 3265 2862 deliberari
3313 2816 3528 2857 mecum
3580 2800 3723 2856 hanc

2140 2903 2255 2958 Deo
2289 2914 2512 2971 propter
2542 2907 2594 2954 te
2616 2897 2909 2961 dedicare,
2950 2895 3134 2964 itaque
3165 2894 3220 2948 in
3263 2893 3449 2964 templi
3484 2890 3724 2948 aediﬁca-

2143 2995 2345 3049 tionem
2381 2991 2688 3048 concedere
2728 2987 3014 3052 dimidiam
3047 3001 3171 3057 qua:
3217 2985 3287 3041 ad
3328 3001 3431 3042 nos
3465 2985 3718 3056 pertinet,

2144 3085 2296 3141 urbis
2329 3093 2530 3139 vestra:
2562 3089 2803 3152 partem,
2833 3093 3002 3150 quam
3041 3069 3234 3149 nEmpe
3264 3085 3455 3132 sancto
3487 3077 3723 3148 principi

2143 3175 2367 3233 donavit
2393 3173 2792 3232 Constantinus
2819 3171 3119 3242 imperator
3145 3178 3356 3236 noster,
3381 3169 3466 3224 vir
3493 3177 3723 3224 sanctus

2145 3284 2212 3325 ac
2241 3267 2426 3334 divina
2460 3275 2774 3334 aeternaque
2798 3261 2944 3334 apud
2975 3276 3079 3318 nos
3131 3261 3504 3317 celebratione
3545 3260 3725 3317 hono-

2147 3358 2374 3413 randus.
2409 3354 2549 3410 Tum
2606 3368 2738 3410 vero
2787 3361 3014 3409 sanctus
3058 3350 3399 3422 Gregorius:
3459 3351 3506 3406 0
3543 3351 3720 3417 beate,

2147 3451 2346 3522 inquit,
2373 3449 2615 3511 domine,
2647 3445 2759 3502 Deo
2789 3457 2847 3518 tu
2875 3445 2992 3501 haec
3013 3445 3238 3500 exhibes
3263 3462 3279 3512 ;
3308 3446 3425 3516 ipse
3448 3487 3464 3512 ,
3490 3447 3584 3516 qui
3629 3445 3727 3500 bo-

2145 3556 2252 3596 nus
2280 3550 2332 3595 et
2370 3537 2642 3608 benignus
2675 3545 2782 3601 est,
2813 3535 3048 3608 gratiam
3097 3535 3270 3606 gratia
3301 3534 3582 3606 rependet.
3623 3533 3726 3590 Vo-

2144 3633 2291 3688 cavit
2323 3630 2515 3687 deinde
2545 3629 2788 3700 pontifex
2830 3629 3107 3684 maximus
3157 3626 3417 3684 Ecclesiae
3468 3641 3727 3698 proceres

2145 3733 2306 3794 atque
2335 3720 2488 3776 urbis
2516 3721 2828 3792 primores:
2865 3733 2930 3773 ac
2982 3718 3144 3772 simul
3187 3733 3380 3772 omnes
3431 3715 3724 3772 Decretum

2147 3816 2508 3886 scripserunt,
2541 3811 2688 3882 quod
2722 3810 2917 3882 synodi
2941 3810 3185 3880 episcOpi
3219 3809 3579 3879 obsignat-unt
3600 3823 3728 3863 eum

2146 3908 2401 3964 universa
2432 3905 2699 3968 Ecclesia,
2734 3919 2800 3959 ac
2826 3903 2986 3958 beato
3027 3901 3146 3956 viro
3174 3901 3539 3956 tradidexunt.
3570 3900 3725 3955 Post-

2146 4030 2370 4094 gentum
2419 4020 2584 4094 etiam
2644 4017 2848 4083 fuisse,
2893 4017 2987 4094 qni
3041 4016 3108 4070 ad
3161 4015 3418 4094 Ecclesiae
3461 4015 3724 4094 Romanae

2149 4085 2539 4164 patrimonium
2572 4085 3102 4164 spectarenydoca
3142 4102 3242 4164 nos
3286 4086 3585 4164 Gregorius
3617 4085 3728 4140 Ma-

2145 4155 2370 4234 gnusin
2399 4155 2633 4234 epistola
2673 4159 2740 4234 ad
2775 4157 3088 4234 Romanum
3121 4155 3468 4234 defensorem
3498 4158 3721 4234 (lib._t_x,

2150 4226 2206 4288 ἦ.
2243 4231 2334 4302 18)
2359 4226 2474 4302 {Et
2499 4229 2620 4284 ideo
2647 4231 2773 4299 quia
2819 4238 2868 4302 te
2907 4226 3207 4302 [imitamina
3233 4227 3560 4302 defensorem
3594 4227 3728 4302 [ide-

2147 4304 2251 4357 lem
2299 4297 2688 4370 sollicitumque
2736 4297 3072 4370 probavimus
3109 4299 3418 4370 exstitisse,
3466 4298 3729 4370 patrimo-

2148 4376 2297 4427 nium
2329 4381 2528 4426 sanctaa
2558 4367 2815 4423 Romam:
2837 4407 2852 4428 .
2917 4369 3002 4420 cui
3045 4367 3150 4421 Deo
3184 4368 3468 4422 miserante
3501 4368 3730 4422 deservi-

2150 4459 2288 4507 mns,
2317 4441 2588 4503 Ecclesia',
2611 4441 2667 4492 in
2680 4437 2932 4510 partibus
2949 4436 3728 4510 Syracusanis,(}atinensibus,

2150 4510 2635 4583 Agrigentinis,_vef
2667 4507 3006 4583 Milensibns'
3026 4509 3370 4583 constitutum
3411 4525 3444 4562 a
3481 4511 3732 4583 presenti

2149 4579 2383 4636 secunda
2441 4580 2734 4650 indictione
2796 4579 3168 4650 gubernationi
3219 4590 3324 4648 tua:
3367 4581 3734 4650 pra-vidimus

2149 4652 2602 4706 committendum.
2655 4649 2810 4705 Cum
2850 4660 3032 4704 autem
3089 4649 3318 4718 epistola
3363 4649 3479 4718 inec
3519 4651 3729 4717 scripta

2149 4724 2314 4778 fuerit
2362 4721 2741 4792 quinquennio
2803 4719 3395 4792 postabsolutionem
3442 4717 3726 4789 Gregorii,

2150 4805 2298 4849 recte
2321 4789 2448 4862 quis
2483 4789 2698 4862 statuat
2723 4789 3536 4862 ,_q_t_emplum_"Agrigentinum
3601 4801 3730 4844 ante

2151 4857 2526 4933 Septembrem
2575 4859 2861 4933 anni‘5A98,
2907 4857 3307 4933 ﬁxaadiﬁcatum
3343 4857 3546 4933 fuisse,
3601 4871 3725 4928 post

2149 4928 2666 5004 quem‘proventus
2721 4929 2844 4985 illos
2904 4928 3138 4984 Romani
3199 4928 3510 4985 defensoris
3574 4945 3722 4984 cura:

2147 5001 2480 5058 commissos
2513 5001 2782 5056 videmus.

2226 5075 2450 5128 Demum
2492 5072 2546 5125 in
2590 5069 2776 5126 Sicilia
2818 5071 2984 5124 etiam
3035 5069 3236 5124 fundos
3284 5085 3316 5122 a
3366 5069 3729 5124 Constantino

2151 5141 2347 5214 Magno
2378 5141 2940 5214 Ecclesia:_li0tname
2964 5141 3216 5214 donatos,
3265 5139 3401 5214 liber
3436 5139 3726 5214 Pontiﬁca-

2149 5213 2218 5270 lis
2246 5210 2478 5268 testatur
2519 5211 2597 5281 (in
2634 5210 2898 5281 Silvestro
2922 5249 2938 5273 ,
2986 5226 3040 5264 ιι.
3074 5211 3202 5280 li);
3247 5212 3428 5264 datam
3469 5213 3623 5281 enim
3661 5218 3731 5264 ab

2149 5300 2216 5339 eo
2251 5284 2483 5354 legimus
2530 5279 2990 5354 Massamncaslis
3046 5281 3100 5333 in
3136 5279 3405 5354 te_rritorio
3437 5279 3732 5354 _Calinense

2149 5349 2491 5422 praesumunt
2519 5352 2680 5406 solid.
2713 5351 2879 5404 mille.
2903 5350 3136 5422 Massam
3168 5349 3486 5422 Trapeasjn
3517 5353 3734 5404 territu-

2150 5420 2234 5479 ι’ίο
2273 5423 2556 5480 Catinense
2593 5431 2936 5492 prteslantem
2978 5421 3138 5492 soliti.
3182 5422 3385 5492 1650._
3409 5420 3620 5476 Rursus
3648 5425 3728 5490 (η.

2153 5494 2240 5564 id)
2267 5495 2393 5548 data
2423 5488 2625 5564 dicitur
2667 5491 2846 5564 Massa
2879 5493 3021 5544 intra
3064 5489 3322 5564 Siciliain
3343 5488 3732 5564 Tauranam‘in

2152 5560 2421 5619 territorio
2444 5562 2797 5633 Paramnensi
2824 5573 3084 5630 praestans
3106 5563 3266 5615 solid.
3292 5561 3418 5616 500.
3443 5560 3589 5615 Nilnl
3608 5564 3700 5633 qui
3716 5592 3729 5602 -

2151 5638 2274 5690 dem
2305 5636 2374 5690 de
2421 5633 2609 5689 fundis
2652 5632 3022 5702 Agrigentinis
3074 5633 3335 5687 traditum
3377 5641 3500 5686 est:
3537 5632 3728 5702 verum

2151 5721 2254 5760 nec
2287 5706 2557 5768 omnium,
2585 5701 2721 5773 qua:
2747 5701 2834 5759 ille
2877 5703 3098 5758 donavit
3123 5746 3136 5768 ,
3191 5703 3478 5758 elenchum
3507 5701 3578 5757 ad
3629 5717 3737 5759 nos

2153 5777 2468 5848 pervenisse
2505 5775 2736 5831 scimus.
