4102 6408
423 330 535 396 703

1424 328 1486 389 S.
1525 327 1906 392 GREGORII
1954 327 2466 391 AGRIGENTINI
2519 324 2717 392 VITA.

3598 325 3702 391 ’τοι

418 449 536 497 tein
568 440 988 512 quadragenarii
1024 441 1216 512 jejunii
1256 452 1532 512 tempore,
1569 428 1638 496 ἐι
1663 451 1874 498 sancta:
1909 440 2012 497 [ἰε-
2043 489 2051 504 .

2157 442 2514 514 [ληρωθείσης
2544 442 2604 496 δὲ
2643 441 2749 510 τῆς
2793 439 2956 510 ἀγίας
2997 439 3478 512 Τεσσαρακοστῆς,
3515 441 3706 512 ἑορτάο

430 535 792 589 surrectionis
823 533 1032 588 Domini
1057 533 1232 589 nostri
1258 533 1392 590 Jesu
1427 533 1632 589 Christi
1665 533 2015 590 solemnibus

432 625 748 688 celebratis,
788 624 997 695 rogavit
1021 625 1218 682 beatus
1251 626 1338 680 vir
1379 625 1772 694 imperatorem
1827 623 2015 696 Augu-

432 728 600 785 stum,
632 728 692 773 ut
721 719 900 772 locum
934 718 1038 774 sibi
1077 718 1357 790 Agrigenti
1400 718 1468 773 ad
1503 733 1703 774 novum
1755 716 2050 786 templum‘

433 817 488 862 et
517 809 743 862 domum
801 807 1170 877 pontilicalem
1229 807 1610 864 aediﬁcandam
1660 807 2016 863 concederet:

436 909 601 970 atque
630 901 773 956 hanc
799 901 1122 970 petitionem
1160 901 1218 956 in
1262 901 1444 956 libello
1475 900 1710 972 supplici
1741 901 2017 971 exposuit,

435 1009 597 1064 quem
627 994 1001 1052 amicissimus
1044 995 1150 1066 ipsi
1174 994 1488 1050 Marcianus
1517 993 1834 1065 spatharius
1864 994 2022 1048 obtu-

437 1087 518 1142 lit.
555 1087 693 1142 Eum
721 1087 1021 1158 imperator
1045 1097 1159 1143 uta
1195 1087 1478 1142 Marciano
1515 1085 1778 1140 traditum
1811 1085 2024 1154 accepit

440 1193 504 1232 ac
547 1178 711 1246 legit,
768 1177 929 1233 valde
967 1177 1186 1232 laetatus
1230 1186 1335 1239 est,
1381 1177 1488 1231 Deo
1529 1177 1745 1230 laudem
1797 1176 2021 1241 tribuit,

440 1265 586 1334 quod
617 1266 778 1320 talem
815 1267 896 1322 illi
939 1265 1184 1321 animum
1233 1267 1557 1321 addidisset.
1609 1264 1749 1319 Tum
1791 1265 2028 1321 sanctis-

443 1359 589 1412 simo
617 1357 1034 1428 archiepisc0po
1080 1359 1299 1420 accito,
1359 1358 1604 1412 libellum
1656 1357 1706 1412 ei
1765 1357 2024 1424 ostendit,

442 1466 607 1519 quem
650 1466 746 1520 per
775 1449 1116 1506 Marcianum
1149 1463 1469 1520 acceperat:
1495 1451 1586 1505 ille
1619 1465 1751 1504 vero
1783 1461 1843 1504 ut
1877 1450 2027 1520 legit,

443 1557 552 1596 non
585 1541 770 1597 minus
808 1541 1115 1596 admiratus
1167 1550 1252 1596 est
1293 1556 1416 1610 qua:
1467 1541 1518 1593 in
1569 1555 1631 1593 ea
1678 1541 1942 1610 petitione
1999 1555 2030 1593 a

444 1631 712 1704 Gregorio
733 1633 1172 1704 exponebantur.
1197 1635 1265 1686 At
1295 1634 1595 1702 imperator
1625 1631 1856 1686 mandat
1888 1632 2032 1686 Mar-

445 1726 630 1803 ciano,
665 1735 724 1780 ut
746 1736 994 1782 sanctum
1025 1725 1348 1797 Gregorium
1387 1741 1418 1780 e
1457 1723 1642 1779 Sancti
1683 1725 1856 1796 Sergii
1912 1741 2034 1780 mu-

2119 548 2314 596 σαντες
2335 530 2434 602 τὴν
2457 530 2621 599 ἁγίαν
2637 531 2732 585 καὶ
2747 529 3012 601 λαμπρὰν
3039 529 3140 595 τῆς
3179 530 3559 592 Ἀναστάσεως
3573 532 3706 602 ape-
3753 587 3764 596 κ

2119 639 2222 694 ραν
2259 620 2353 674 τοῦ
2400 621 2611 692 Κυρίου
2648 619 2808 691 ὴμῶν
2859 617 3035 691 Ἰησοῦ
3080 620 3340 691 Χριστοῦ,
3376 620 3504 691 ᾔτει
3533 623 3563 674 6
3601 639 3708 692 μα-

2120 713 2312 784 κάριος
2357 712 2508 784 μετά·
2552 711 2728 766 ταῦτα
2750 711 2841 766 τὸν
2900 711 3181 765 θειότατον
3243 711 3472 780 βασιλέα
3527 711 3710 768 δοῦναι

2121 804 2274 876 αὐτῷ
2303 821 2355 858 τι
2394 804 2562 876 μέρος
2589 806 2648 858 ὲν
2675 806 2744 876 τῇ
2784 803 2942 858 πόλει
2988 803 3085 856 τοῦ
3127 803 3550 874 ἀνοικοδομῆσαι
3585 803 3712 858 ναὸν

2121 897 2312 967 ἕτερον
2344 898 2441 950 καὶ
2466 898 2843 952 ἑπισκοπείον.
2875 895 3050 949 Τοῦτο
3082 895 3140 949 δὲ
3163 895 3444 966 ἀνήγαγεν
3472 895 3563 950 διά
3591 895 3714 951 ἰδιο-

2122 989 2309 1060 χείρου
2336 987 2502 1042 αὑτοῦ
2521 987 2774 1060 δεητικδν
2801 990 2831 1042 6
2861 987 3018 1056 ἅγιος
3045 987 3347 1059 Γρηγόριος
3363 987 3456 1041 διά
3483 986 3580 1040 τοῦ
3603 988 3716 1058 φιλ-

2125 1082 2289 1134 τάτου
2325 1081 2494 1136 αὐτοῦ
2541 1078 2868 1152 Μαρκιανοῦ
2899 1079 2996 1134 τοῦ
3041 1079 3375 1150 σπαθαρίου.
3411 1077 3716 1150 Δεξάμενος

2125 1172 2183 1227 δὲ
2205 1175 2234 1226 6
2261 1172 2518 1244 βασιλεὺς
2548 1173 2649 1243 τὴν
2685 1171 3035 1242 πεμφθεῖσαν
3062 1171 3212 1243 αὐτῷ
3256 1172 3448 1243 δέησιν
3487 1173 3579 1227 διὰ
3607 1189 3719 1242 χει-

2133 1263 2225 1333 ρὸς
2285 1261 2381 1315 τοῦ
2431 1261 2792 1330 Μαρκιανοῦ,
2835 1263 2930 1315 καὶ
2979 1260 3192 1333 ταύτην
3261 1262 3570 1330 ἀναγνοὺς,
3603 1259 3720 1316 λίαν

2129 1350 2300 1424 ἐχάρη
2329 1351 2415 1404 ἐπ’
2444 1350 2584 1422 αὐτῇ
2601 1351 2846 1418 δοξάζων
2873 1353 2969 1407 τὸν
3003 1352 3138 1404 Θεὸν
3162 1349 3258 1404 τὸν
3282 1350 3446 1404 δόντα
3463 1350 3742 1419 τοιαύτην·

2131 1446 2292 1517 χάριν
2316 1445 2396 1515 τῷ
2427 1443 2612 1515 ἀνδρί·
2652 1445 2750 1498 καὶ
2797 1443 3320 1516 προσκαλεσάμενος
3349 1443 3446 1496 τὸν
3482 1443 3714 1509 ἁγιώτα-

2132 1558 2224 1593 τον
2267 1540 2700 1610 ἀρχιεπίσκοπον
2729 1541 2758 1594 6
2792 1539 3070 1610 βασιλεὺς,
3121 1537 3408 1602 ὑπέδειξεν
3450 1537 3722 1608 αὐτῷτὴν
3768 1538 3773 1542 ’

2134 1633 2536 1686 ἀποσταλεῖσαν
2564 1632 2750 1701 δέησιν
2781 1631 2871 1686 διὰ
2908 1631 3005 1685 τοῦ
3037 1629 3383 1703 Μαρκιανοῦ.
3431 1629 3725 1698 ’Δναγνοὺς

2135 1724 2192 1778 δὲ
2216 1723 2426 1794 ταύτην
2450 1723 2480 1777 6
2509 1723 2950 1797 ἀρχιεπίσκοπος
2977 1724 3118 1778 πάνυ
3160 1722 3482 1794 ἐθαύμασεν
3510 1722 3604 1774 καὶ
3631 1724 3726 1776 αὑ-

448 1791 722 1881 nasterio;
744 1818 836 1872 ubi
875 1791 1218 1881 versabatur,
1246 1827 1513 1872 arcessat.
1545 1815 1649 1882 Qui
1691 1828 1749 1870 ut
1788 1791 1840 1870 in
1879 1817 2032 1886 pala-

2157 1815 2228 1880 τὸς
2257 1791 2398 1887 μετά
2424 1815 2520 1869 τοῦ
2547 1791 2814 1886 βασιλέως
2838 1817 2920 1878 είς
2947 1815 3052 1884 τὴν
3077 1791 3436 1883 ἓκθεσινγτῆς
3464 1815 3598 1884 παρ’
3632 1811 3726 1866 αὐ-

447 1911 584 1965 tium
617 1910 784 1973 venit,
820 1918 876 1964 et
913 1909 1304 1978 imperatorem
1361 1917 1444 1962 ter
1479 1923 1656 1977 usque
1702 1917 1900 1962 terrain
1940 1925 2035 1962 re-

448 2011 670 2056 neratus
690 2007 797 2064 est,
828 2001 1072 2057 surrexit
1101 2015 1130 2054 e
1156 2001 1355 2054 throno
1401 2002 1726 2068 imperator,
1760 2015 1928 2066 seque
1958 1999 2033 2053 illi

447 2092 736 2148 inclinarit
761 2108 825 2148 ac
857 2107 1054 2147 manus
1105 2090 1228 2161 ejus
1267 2091 1552 2147 osculatus
1597 2099 1704 2154 est,
1743 2091 1906 2144 etiam
1957 2099 2040 2145 at-

446 2198 558 2252 que
587 2183 750 2239 etiam
784 2198 1008 2251 rogans,
1042 2190 1103 2238 ut
1135 2182 1238 2237 sibi
1276 2181 1485 2235 homini
1512 2197 1744 2250 nequam
1783 2181 2040 2251 precibus

451 2290 612 2345 opem
646 2275 836 2330 l'erret.
868 2273 970 2329 Cui
1015 2273 1317 2344 Gregorius
1345 2272 1412 2327 ad
1438 2273 1600 2341 pedes
1641 2273 1954 2342 prouidens,
1985 2280 2042 2327 et

451 2379 579 2420 cum
619 2363 882 2436 lacrymis
911 2362 1194 2417 clamans:
1227 2361 1392 2428 Quid,
1426 2361 1626 2432 inquit,
1671 2378 1832 2417 servo
1860 2362 2039 2417 let-isti

453 2466 570 2516 tuo.
602 2455 809 2525 optime
834 2455 1105 2524 Auguste,
1131 2463 1211 2516 tu,
1243 2452 1490 2521 inquam,
1523 2451 1616 2522 qui
1648 2453 1840 2506 orbem
1871 2462 2043 2507 terra-

455 2564 578 2603 rum
627 2547 714 2616 pie
755 2562 900 2601 nunc
949 2543 1343 2600 administras?
1385 2547 1454 2599 de
1497 2560 1608 2614 quo
1639 2545 1804 2600 etiam
1856 2545 1938 2599 vel
1991 2555 2044 2600 te

455 2655 640 2694 coram
672 2637 974 2708 praedicare
1003 2637 1218 2691 audebo
1247 2652 1368 2704 qua;
1404 2636 1548 2691 Deus
1597 2651 1795 2706 magna
1823 2649 1874 2691 et
1900 2653 2042 2707 prae-

455 2731 604 2786 clara
635 2732 730 2786 tibi
762 2731 1020 2796 contulit,
1050 2744 1116 2783 ex
1151 2743 1264 2799 quo
1307 2737 1566 2796 tanquam
1615 2728 1669 2782 in
1718 2729 1885 2783 tutela
1925 2729 2044 2799 ejus

456 2837 677 2886 regnas,
707 2836 833 2876 cum
867 2820 1084 2874 videam
1127 2819 1416 2872 Dominum
1469 2827 1717 2873 nostrum
1763 2818 2046 2874 Christum

457 2914 524 2966 ad
561 2914 713 2984 regni
753 2913 919 2968 vestri
953 2911 1356 2984 religiosissimi
1401 2911 1569 2966 robur
1605 2911 1866 2971 tuendum
1907 2930 2049 2984 quu-

459 3005 594 3059 tidie
625 3005 948 3075 advigilare.

2137 1907 2235 1962 τοῦ
2292 1906 2620 1978 έκτεθείσης
2646 1906 2796 1978 αὐτῷ
2813 1907 3070 1978 δεήσεως.
3101 1905 3216 1960 Καὶ
3274 1902 3612 1966 ἀποστείλας
3641 1903 3728 1958 τὺν

2141 2001 2466 2070 Μαρκιανὸν
2495 2001 2526 2052 6
2563 1999 2841 2068 βασιλεὺς,
2871 1999 3080 2069 ἢγαγεν
3109 1987 3202 2051 τὸν
3227 1995 3388 2064 ἀγιον
3432 1995 3729 2066 Γρηγόριον

2141 2093 2209 2145 ὲκ
2239 2091 2334 2145 τοῦ
2385 2090 2756 2162 μοναστηρίου
2810 2089 2903 2144 τοῦ
2947 2089 3132 2158 ’Δγίου
3191 2089 3464 2158 Σεργίου,
3493 2089 3552 2140 έν
3582 2083 3626 2154 ᾧ
3663 2082 3730 2158 ἦν

2142 2183 2454 2256 ἡσυχάζων.
2495 2179 2841 2245 Ἀνελθόντος
2870 2181 2928 2234 δὲ
2956 2182 3050 2234 τοῦ
3070 2181 3226 2250 ἀγίου
3257 2181 3316 2232 ὲν
3359 2179 3442 2250 τῷ
3467 2178 3727 2250 παλατίῳ,

2145 2275 2565 2348 προσεκύνησεν
2613 2275 2693 2346 τῷ
2733 2259 2950 2347 βασιλεῖ
2987 2273 3172 2345 τρίτον
3215 2273 3308 2326 ἐπὶ
3338 2271 3444 2342 τὴν
3469 2271 3610 2340 γῆνυ
3643 2273 3730 2326 καὶ

2147 2367 2385 2431 ἀναστὰς
2430 2370 2459 2422 6
2509 2367 2761 2439 βασιλεὺς
2805 2367 2914 2421 ἀπὸ
2957 2363 3054 2420 τοῦ
3097 2365 3290 2436 θρόνου
3324 2363 3730 2435 προσεκύνησεν

2147 2458 2318 2530 αὐτῷ.
2347 2459 2444 2512 καὶ
2496 2459 2864 2530 κατεφίλησεν
2889 2457 3056 2512 αὐτοῦ
3097 2457 3196 2520 τὰς
3233 2458 3452 2527 χεῖρας,
3484 2467 3730 2522 παρακα-

2147 2549 2256 2604 λῶν
2284 2550 2447 2604 αὐτὸν
2480 2552 2575 2604 καὶ
2593 2549 2807 2619 λέγων’
2843 2551 3012 2617 Εῦξαι
3062 2549 3205 2618 ὑπὲρ
3251 2545 3392 2618 ἐμοῦ
3425 2543 3522 2600 τοῦ
3565 2545 3732 2612 ἀμαρ-

2149 2640 2346 2696 τωλοῦ.
2391 2642 2450 2695 ’0
2473 2642 2532 2696 δὲ
2562 2641 2749 2696 πεσὼν
2781 2643 2934 2714 παρὰ
2961 2639 3090 2705 τοὺς
3116 2635 3287 2702 πόδας
3325 2637 3427 2692 τοῦ
3451 2635 3723 2708 βασιλέως,

2157 2733 2296 2806 μετὰ
2326 2733 2578 2805 δακρύων
2609 2733 2808 2805 ἐϐόησε
2837 2749 2851 2764 ο
2874 2735 2940 2786 Ὦ
2972 2731 3248 2809 φιλάγαθε
3273 2729 3542 2792 δέσποτα,
3573 2727 3626 2779 τί
3647 2739 3727 2778 πε·

2155 2827 2388 2898 ποίηκας
2421 2827 2500 2900 τῷ
2553 2826 2631 2900 σῷ
2660 2827 2876 2900 οἰκέτῃ,
2907 2809 3082 2898 ὁἹῖἤν
3111 2808 3448 2896 οἰκουμένην
3503 2817 3732 2900 εὐσεϐῶς

2155 2919 2372 2975 διοικῶν
2415 2923 2660 2994 σήμερον
2692 2937 2706 2986 ;
2739 2921 2854 2974 ἀλλ’
2883 2921 3035 2992 ὅμως
3081 2919 3342 2991 τολμήσω
3407 2910 3734 2987 φθέγξασθαι

2163 3010 2228 3065 τὰ
2261 3013 2526 3082 μεγαλεῖα
2556 3014 2649 3068 τοῦ
2681 3013 2818 3068 Θεοῦ
2855 3013 3092 3068 ἐνώπιόν
3131 3029 3226 3066 σου
3263 3009 3624 3083 διηγούμενος
3645 3005 3734 3061 ὅσα

463 3101 725 3172 ἐποῖησέν
753 3117 855 3166 σθεν
903 3100 1000 3154 καὶ
1048 3101 1148 3172 τὴν
1186 3098 1392 3170 πολλὴν
1429 3093 1867 3166 συγκατάϐασινν
1893 3100 1930 3154 ἆ
1963 3112 2056 3152 και
2095 3103 2208 3178 6ρῶ
2245 3107 2307 3160 ὲν
2333 3107 2412 3178 τῷ
2446 3107 2737 3180 σεδασμίῳ
2799 3124 2894 3160 σου
2960 3106 3188 3178 κράτει,
3221 3105 3484 3178 δεόμενος
3533 3099 3626 3158 τοῦ
3651 3103 3738 3154 Δε-

466 3197 668 3250 σπότου
699 3197 858 3266 ἡμῶν
888 3196 1134 3267 Χριστοῦ
1165 3195 1262 3250 τοῦ
1305 3197 1396 3249 ἀεὶ
1420 3195 1730 3268 ἐφορῶντος
1766 3195 1830 3250 τὸ
1853 3197 2058 3268 κράτος
2097 3201 2200 3272 τῆς
2227 3201 2489 3268 εὐσεϐοῦς
2517 3202 2672 3276 ὑμῶν
2707 3201 3007 3275 βασιλείας.
3033 3194 3042 3200 ’

539 3285 849 3344 LXXXVII.
883 3285 1006 3342 Ιίωο
1033 3302 1100 3344 eo
1123 3298 1591 3343 commemorante
1610 3330 1626 3355 ,
1671 3290 1916 3360 suscepit
1943 3289 2050 3343 im-

2231 3295 2356 3350 ﬂZ'.
2386 3295 2573 3350 Ταῦτα
2609 3297 2669 3348 δὲ
2698 3295 2864 3350 αὐτοῦ
2918 3293 3192 3358 είπόντος,
3226 3292 3382 3362 λέγει
3424 3289 3575 3361 αὐτῷ
3597 3289 3625 3342 6
3652 3284 3738 3358 βα-

467 3387 692 3447 perator
725 3395 738 3431 :
774 3377 1045 3444 Quoniam
1095 3379 1282 3433 libello
1332 3388 1428 3432 tuo
1469 3393 1499 3432 a
1543 3378 1704 3434 nobis
1739 3379 2052 3448 postulasti,

469 3477 534 3524 ut
564 3468 789 3524 domum
825 3471 1194 3538 pontiﬁcalem
1227 3471 1326 3524 tibi
1348 3480 1562 3525 mutare
1595 3471 1778 3536 liceat,
1811 3471 1922 3535 die,
1957 3471 2060 3526 Pa-

473 3569 578 3624 ter,
605 3576 728 3631 quae
769 3572 822 3617 te
857 3564 996 3617 ratio
1048 3577 1237 3632 quaeve
1269 3577 1440 3617 causa
1493 3561 1748 3632 impulit,
1803 3571 1864 3616 ut
1897 3565 2000 3618 hoc
2028 3579 2057 3616 a

473 3655 633 3710 nobis
671 3653 1019 3724 postulares?
1047 3654 1142 3709 llle
1171 3669 1304 3709 vero
1341 3655 1444 3710 hoc
1475 3653 1792 3724 imperatori
1843 3669 2064 3724 respon-

475 3762 596 3804 sum
629 3747 818 3802 dedit:
857 3745 1094 3803 Leueius
1143 3746 1365 3818 quidam
1425 3747 1714 3802 haereticus
1754 3745 2061 3817 presbyter,

475 3843 568 3912 qui
604 3841 889 3897 Laodiceae
917 3843 1248 3912 promeritus
1279 3841 1481 3904 luerat,
1515 3849 1576 3894 ut
1608 3856 1636 3894 a
1669 3849 1858 3896 sancta
1887 3854 2066 3911 syno-

475 3935 550 3988 do
583 3935 932 3989 anatheniate
965 3935 1318 4003 plecteretur,
1347 3949 1412 3988 ex
1464 3947 1528 3988 ea
1566 3933 1810 4002 regione,
1841 3931 2066 3986 domine

480 4027 797 4098 imperator,
835 4027 1096 4098 profugit,
1130 4035 1296 4096 atque
1347 4025 1416 4080 ad
1448 4041 1580 4081 oras
1617 4024 1822 4080 Sicilia:
1870 4023 2066 4094 appul-

479 4133 598 4184 sus,
630 4119 685 4172 in
725 4119 918 4172 urbem
953 4131 1202 4172 nostram
1235 4119 1477 4184 devenit,
1510 4118 1699 4188 ibique
1728 4117 1946 4186 hospite
1983 4116 2068 4168 in-

487 4218 649 4264 vento
678 4210 918 4265 delituit.
946 4210 1066 4277 Quo
1095 4221 1277 4266 autem
1329 4219 1582 4282 tempore
1629 4218 1757 4264 tuus
1798 4207 1935 4282 {etv}
1967 4219 2068 4277 rgo

485 4315 679 4356 servus
710 4302 778 4354 ab
805 4301 1226 4355 accusatoribus
1259 4301 1397 4357 meis
1429 4301 1658 4358 liomam
1681 4301 1746 4354 ad
1778 4301 2071 4358 sanctissi-

486 4409 636 4448 mum
681 4393 994 4464 pontiﬁcem
1035 4382 1336 4469 inaximum
1373 4394 1577 4450 missus
1606 4409 1728 4448 sum
1754 4434 1769 4458 ,
1811 4411 1936 4449 eum
1969 4396 2067 4452 ad-

486 4485 720 4538 versarii
756 4483 836 4538 illi
879 4484 986 4538 mei
1025 4485 1076 4538 in
1105 4485 1407 4554 pontilicali
1435 4485 1565 4539 sede
1594 4499 1690 4554 pro
1713 4501 1802 4538 me
1829 4487 2070 4542 colloca—

490 4585 644 4639 runt,
676 4585 736 4631 ut
765 4577 813 4632 is
854 4576 964 4630 illic
995 4577 1290 4646 cpiscopus
1335 4585 1504 4632 esset.
1537 4574 1711 4630 Porro
1761 4577 1936 4632 altare
1983 4578 2074 4633 hic

2167 3387 2350 3450 σιλεύς
2371 3405 2384 3418 ·
2433 3388 2656 3459 Ἐπειδὴ
2691 3388 3039 3460 περιῄτησας
3073 3387 3224 3456 ἡμᾶς
3247 3385 3338 3440 διὰ
3372 3385 3480 3454 τῆς
3509 3383 3605 3452 σῆς
3624 3377 3742 3450 δεή-

2168 3497 2305 3544 σεως
2335 3481 2398 3534 τὸ
2423 3481 2732 3546 ὑπαλλάξαι
2754 3482 2816 3534 τὸ
2851 3483 3236 3544 ὲπισκοπεῖον,
3261 3479 3344 3542 τις
3373 3479 3406 3532 6
3432 3477 3630 3548 τρόπος
3652 3468 3740 3526 καὶ

2166 3572 2309 3636 τίνος
2335 3572 2522 3627 ἕνεκεν
2547 3573 2614 3626 δι’
2653 3565 2728 3626 ὧν
2757 3573 2920 3626 τοῦτο
2971 3574 3118 3628 αίτεῖ
3143 3572 3294 3643 ἡμᾶς
3323 3571 3356 3640 ἡ
3383 3567 3454 3641 σὴ
3486 3561 3742 3638 μακαριό-

2168 3681 2308 3734 της;
2352 3665 2410 3718 Ὀ
2439 3665 2502 3718 δὲ
2543 3660 2880 3737 ἀπεκρίνατο
2917 3665 2996 3736 τῷ
3047 3664 3294 3736 βασιλεῖ’
3325 3662 3573 3715 Δέσποτα
3595 3658 3742 3711 αὐτοι

2171 3755 2400 3828 κράτορ,
2435 3755 2666 3819 Λεύκιός
2688 3773 2776 3820 τις
2803 3756 3085 3828 αἱρετικὸς
3117 3752 3492 3827 πρεσὸύτερος
3510 3748 3742 3816 ἀνάθεμα

2172 3845 2350 3916 ἑαυτῷ
2387 3846 2814 3918 κληρωσάμενος
2863 3849 2928 3901 ἐκ
2977 3847 3076 3917 τῆς
3120 3848 3178 3900 ὲν
3235 3843 3535 3914 Λαοδικείᾳ
3584 3837 3773 3905 ἁγίας’

2159 3939 2425 4002 συνόδου,
2461 3939 2728 4009 ἐξέφυγεν
2763 3941 2830 3993 ὲκ
2872 3938 2982 3992 τῶν
3021 3941 3226 4002 ἐκεῖσε,
3264 3937 3360 3992 καὶ
3409 3932 3669 4004 κατῆλθεν
3690 3929 3744 3981 ὲν

2171 4033 2286 4094 τοῖς
2321 4031 2514 4102 μέρεσι
2539 4031 2640 4100 τῆς
2689 4029 2976 4093 Σικελίας,
3011 4032 3104 4084 καὶ
3148 4030 3493 4100 κατήντησεν
3525 4025 3590 4095 τῇ
3630 4019 3741 4073 καθ’

2175 4124 2322 4195 ἡμᾶς
2355 4123 2548 4176 πόλει·
2583 4122 2676 4178 καὶ
2723 4121 3044 4193 κατεχρύση
3093 4121 3148 4174 ἔν
3183 4139 3291 4174 τινι
3326 4115 3618 4190 ἀνθρώπῳ.
3660 4109 3743 4163 Ἐν
3800 4162 3803 4164 ,

2175 4217 2286 4286 ὅσῳ
2309 4214 2367 4268 δὲ
2398 4214 2678 4282 ἀπεστάλη
2713 4217 2742 4269 6
2775 4215 2865 4278 σὸς
2895 4212 3084 4276 δοῦλος
3112 4213 3178 4266 ὲκ
3207 4211 3318 4264 τῶν
3340 4200 3743 4277 κατηγορησάνο

2175 4326 2284 4362 των
2313 4307 2460 4378 ἡμᾶς
2485 4309 2544 4360 ὲν
2587 4309 2651 4378 τῇ
2693 4305 2882 4378 Ῥώμῃ
2907 4307 3044 4377 πρὸς
3069 4305 3162 4359 τὸν
3199 4302 3508 4372 ἁγιώτατον
3544 4297 3743 4355 πάπανν

2178 4397 2411 4470 ἔστησαν
2435 4397 2600 4450 αὑτὸν
2623 4397 2674 4449 oi.
2705 4395 2804 4450 ἄνθ
2813 4413 2986 4466 ρωποι
3003 4397 3205 4447 ἐκεῖνοι
3234 4396 3292 4446 ἐν
3317 4391 3398 4462 τῷ
3421 4381 3744 4450 ἐπισκοπείῳ

2178 4489 2300 4544 ἀντὶ
2321 4487 2480 4560 ἐμοῦ,
2511 4487 2826 4558 βουλόμενοι
2851 4487 3013 4541 αὐτὸν
3036 4487 3224 4541 αὐτόθι
3259 4483 3399 4540 εἶναι
3435 4482 3742 4548 ἐπίσκοπον.

2182 4584 2496 4638 Κατέλυσεν
2522 4583 2579 4637 δὲ
2611 4583 2674 4636 τὸ
2695 4581 3088 4652 θυσιαστήριον
3131 4583 3196 4634 ὲκ
3237 4579 3444 4648 ποδῶν,
3470 4576 3563 4631 κάὶ
3603 4572 3668 4625 τὰ
3693 4571 3746 4621 ὲν

487 4669 688 4724 evertit
715 4687 744 4724 a
771 4668 916 4734 solo,
944 4679 998 4724 ct
1025 4684 1150 4738 quae
1195 4667 1250 4720 in
1283 4683 1350 4722 eo
1380 4667 1742 4737 quiescebant
1783 4683 1954 4724 sacrae
1991 4685 2051 4725 re

2182 4675 2331 4746 αὐτῷ
2360 4674 2493 4742 ἅγια
2521 4674 2753 4745 λείψανα
2777 4674 3123 4744 ἀποκείμενα
3167 4673 3304 4743 πυρὶ
3353 4671 3456 4741 μὲν
3496 4661 3744 4732 ἐϐουλήθη

492 4763 697 4831 liquiae,
723 4777 850 4818 cum
884 4761 1009 4832 igne
1032 4757 1358 4816 comburere
1382 4761 1664 4825 voluisset,
1687 4778 1788 4817 nec
1805 4778 1901 4820 eas
1935 4764 2078 4834 ignis

489 4853 830 4918 absumeret,
867 4865 1034 4909 noctu
1084 4853 1255 4916 misit.
1306 4853 1398 4921 qui
1442 4853 1497 4907 in
1539 4854 1706 4908 maris
1743 4855 2074 4923 profundunt

492 4950 787 5018 projiceret
813 4963 827 5012 ;
860 4947 1048 5016 itaque
1077 4945 1182 5000 illa)
1208 4945 1472 5002 hactenus
1497 4946 1702 5001 latent:
1733 4957 1844 5002 tum
1876 4963 2094 5002 novum‘

493 5042 666 5094 altare
697 5037 1012 5095 aediﬁcavit.
1050 5035 1262 5093 Interea
1291 5037 1532 5107 episcopi
1583 5038 1694 5095 duo
1721 5038 1860 5094 alter
1890 5037 2082 5094 Seleu-

495 5134 592 5190 ciae
620 5134 764 5204 (l0),
814 5133 956 5188 alter
991 5130 1174 5202 magni
1209 5131 1408 5197 Ponti,
1448 5147 1572 5186 cum
1622 5141 1830 5186 sancta:
1881 5131 2078 5204 synodi

495 5229 632 5300 (ll),
665 5243 788 5298 quae
813 5227 972 5298 jussu
1007 5233 1106 5280 tuo
1130 5233 1320 5280 coacta
1378 5233 1463 5280 est
1485 5265 1499 5290 ,
1561 5225 1836 5281 sententia
1888 5229 1944 5280 in
1978 5239 2080 5280 ex-

576 5407 684 5476 (ίΟ)
716 5407 776 5478 [tt
809 5417 1040 5478 utroque
1064 5407 1191 5462 cod.
1223 5407 1389 5463 Basil.
1420 5407 1522 5478 τῆς
1547 5405 1808 5470 Λευκίας.

575 5481 687 5546 (tt)
715 5475 850 5548 Tant
886 5475 1004 5532 haec
1045 5479 1229 5548 ignota
1257 5517 1270 5540 ,
1333 5475 1498 5548 quam
1550 5493 1672 5548 quae
1721 5476 1980 5548 superius
2015 5477 2084 5534 de

505 5547 708 5604 Leucin
730 5563 796 5602 ac
821 5547 887 5602 de
903 5548 1114 5618 synodo
1137 5547 1444 5618 Laodiceua
1469 5556 1768 5602 narrantur
1793 5547 1807 5601 ἐ
1832 5564 2080 5618 cumquo

506 5636 615 5672 non
649 5634 755 5690 una
784 5618 915 5690 urbs
939 5617 1232 5690 Seleucia,
1279 5617 1376 5690 sed
1410 5618 1724 5690 quindecim
1763 5617 1955 5672 saltem
1987 5617 2082 5673 co-

523 5689 793 5757 ;nomiucs
821 5687 1042 5749 fuerint,
1095 5705 1162 5743 ne
1191 5689 1323 5742 illml
1354 5687 1572 5757 quidem
1609 5689 1796 5757 liquet,
1824 5704 1987 5756 quam
2015 5705 2081 5744 ex

523 5706 793 5744 ’1101111110ίῆ
821 5706 1042 5749 ιιιειίιιι,
1095 5706 1162 5743 ne
1191 5706 1323 5742 lllllll
1354 5706 1572 5757 (ιιιιυθιιι
1609 5706 1796 5757 ιιιιιιοι,
1824 5706 1987 5756 quam
2015 5706 2072 5744 (31'

505 5706 596 5816 his
623 5757 884 5816 Leontius
925 5758 1166 5816 indicare
1197 5759 1463 5825 voluerit;
1499 5758 1604 5814 nisi
1654 5759 1800 5828 quod
1831 5760 1899 5813 ab
1941 5760 2072 5815 Lau-

2183 4766 2531 4822 κατακαῦσαι
2560 4766 2702 4824 αύτά
2719 4781 2734 4796 ·
2757 4765 2853 4820 τοῦ
2879 4765 2938 4820 δὲ
2962 4764 3136 4838 πυρὸς
3155 4762 3335 4818 αὐτῶν
3365 4761 3440 4832 μὴ
3458 4754 3742 4828 ἁψαμένου.

2182 4859 2510 4924 ἀποστείλας
2537 4863 2596 4914 ὲν
2627 4860 2786 4914 νυκτὶ
2827 4859 3051 4932 ἔρριψεν
3093 4859 3235 4913 αὐτὰ
3277 4861 3338 4912 ὲν
3377 4855 3456 4928 τῷ
3491 4849 3632 4924 βυθῷ
3658 4847 3746 4914 τῆς

2185 4953 2482 5024 θαλάσσης,
2517 4954 2613 5006 καὶ
2637 4951 2880 5024 ἀπῆλθον
2915 4951 3020 5015 ἓως
3047 4951 3150 5022 τῆς
3175 4951 3418 5022 σήμερον
3443 4965 3457 4981 ο
3493 4945 3579 5000 καὶ
3610 4943 3745 4994 ἀνοι-

2188 5046 2492 5117 κοδόμησεν
2517 5046 2638 5100 νέον
2674 5045 3090 5116 θυσιαστήριον.
3131 5043 3552 5114 Ἐξορισθέντων
3575 5035 3629 5089 δὲ
3650 5029 3746 5117 τῶν

2187 5135 2281 5190 δύο
2309 5115 2628 5189 ἐπισκόπων
2653 5137 2753 5208 τῆς
2799 5115 3126 5200 Σελευκείας
3179 5133 3274 5188 καλ⁸
3308 5133 3404 5186 τοῦ
3446 5130 3641 5184 Πόντου
3662 5115 3770 5172 τοῦ·

2191 5228 2434 5300 μεγάλου
2469 5229 2574 5282 ὑπὸ
2601 5229 2701 5300 τῆς
2723 5228 2886 5298 ἁγίας
2911 5227 3132 5283 συνόδου
3155 5227 3258 5298 τῆς
3303 5215 3748 5295 συγκροτηθείσης

2189 5404 2356 5460 (Ιίρεαι
2383 5403 2610 5475 ﬁnibus,
2642 5403 2815 5458 multo
2843 5403 3032 5459 minus
3063 5419 3230 5473 quam
3273 5411 3498 5475 exterae,
3529 5390 3749 5475 distabat

2187 5475 2435 5532 Seleucia
2471 5473 2707 5538 Pisidiae,
2760 5475 2886 5544 quis
2913 5489 3044 5528 vero
3082 5469 3170 5544 ille
3214 5474 3394 5544 magni
3456 5469 3746 5544 ΡίξιιιξθβΓ

2197 5547 2442 5614 scopus?
2465 5544 2605 5598 Num
2649 5537 3094 5613 archiepiscopus
3116 5537 3477 5614 Neoczesfarea;
3517 5537 3745 5614 }!€§iﬁ"§‘

2189 5603 2426 5684 tun-qui
2461 5615 2804 5687 metrOpolita
2836 5603 2955 5687 erat
2987 5603 3280 5687 provincias
3322 5612 3476 5667 Ponti
3517 5603 3747 5687 Polemi?-

2189 5676 2386 5811 1nia-ei;
2421 5701 2488 5740 an
2550 5676 2816 5740 Leuntius
2877 5676 3002 5756 ipse.
3052 5685 3380 5756 ignorabat,
3443 5676 3568 5752 quid
3620 5676 3744 5725 scrt-

2225 5769 2340 5811 crct
2658 5799 2668 5811 .

2225 5769 2340 5812 et'ct
