4102 6400
495 427 608 493 705

1502 425 1564 486 S.
1605 423 1984 486 GREGORII
2027 419 2542 484 AGRIGENTINI
2581 421 2780 485 VlTA.

3667 422 3775 490 706

498 537 606 590 ὑπὸ
633 533 730 591 τοῦ
777 531 872 588 σοῦ
927 535 1190 607 κράτους.
1235 536 1590 608 κατήντησαν
1622 539 1718 590 καὶ
1740 538 1894 591 αὐτοὶ
1930 539 1989 590 ὲν
2010 539 2076 607 τῇ

2197 533 2368 588 silium
2395 533 2536 604 pulsi
2569 541 2776 601 essent,
2815 532 2916 603 ipsi
2955 546 3178 604 quoque
3203 532 3257 588 in
3301 533 3490 588 urbem
3529 545 3773 593 nostram

499 625 658 680 πόλει
701 623 858 696 ἡμῶν
883 642 898 656 ο
937 626 1034 679 καὶ
1085 624 1514 695 ἀνακάμψαντες
1553 626 1613 680 ὲν
1641 629 1708 698 τῇ
1739 627 1895 682 πόλει
1923 627 2082 696 ἀφιέ-

502 733 687 788 ptoch
734 715 835 786 τὴν
863 713 1200 786 ἐκκλησίαν,
1231 717 1326 770 καὶ
1359 715 1584 786 ἵδρυσαν
1625 719 1684 770 ὲν
1727 717 1868 789 αὐτῇ
1894 715 2084 771 θυσια-

501 809 727 879 στήριον
781 808 974 879 ἕτερον
1009 807 1154 860 κατὰ
1197 806 1299 874 τὴν
1353 813 1688 878 κακότεχνον
1737 809 1916 864 αὐτῶν
1963 810 2087 864 επί-

499 918 649 958 νοιαν
672 901 771 957 καὶ
813 888 1030 972 ζοφώδη
1058 900 1152 954 καὶ
1183 901 1578 973 ὲσκοτισμὲνην
1617 901 1799 957 αὐτῶν
1829 902 2086 957 διδασκα-

497 995 641 1051 λίαν.

576 1087 707 1146 ﬂil'.
751 1089 1115 1155 ’Λκούσαντες
1135 1091 1194 1145 δὲ
1220 1088 1397 1145 ταῦτα
1418 1091 1447 1145 ὃ
1473 1107 1535 1144 τε
1564 1089 1958 1154 εὐσεϐέστατος
1989 1089 2085 1160 βα-

503 1177 691 1242 σιλεὺς
715 1179 808 1232 καὶ
839 1178 868 1231 ὁ
899 1179 1358 1249 άρχιεπίσκοπος,
1395 1178 1718 1250 ἐθαύμασαν
1752 1182 1803 1234 εί
1831 1181 1942 1251 ἄρα
1990 1179 2086 1234 οὓο

503 1287 613 1336 τως
637 1271 866 1340 γέγονεν
888 1286 904 1302 ο
927 1265 996 1343 ἦν
1021 1271 1131 1342 γὰρ
1159 1273 1188 1325 ὀ
1215 1271 1472 1342 βασιλεὺς
1500 1273 1760 1344 ἀκηκοὼς
1791 1272 1852 1326 τὸ
1867 1272 2086 1344 ἀνίερον

500 1363 598 1418 τοῦ
626 1363 884 1419 Λευκίου.
917 1359 1055 1418 Εῐτα
1121 1362 1269 1434 λέγει
1315 1363 1395 1436 τῷ
1437 1365 1577 1436 άγίῳ
1613 1365 1904 1436 Γρηγορίῳ
1929 1382 1944 1398 ·
1976 1367 2088 1420 Καὶ

499 1457 714 1526 ταύτην
742 1473 825 1510 σοι
847 1456 950 1526 τὴν
973 1457 1192 1528 αῐτησιν
1229 1457 1572 1528 ποιήσωμεν.
1609 1458 1742 1512 Ἰδού
1793 1459 1888 1512 καὶ
1927 1459 2090 1529 ἡμεῖς

497 1547 720 1618 δίδομεν
750 1547 829 1618 τῷ
858 1547 980 1618 Θεῷ
1001 1547 1088 1602 διὰ
1110 1547 1206 1601 σοῦ
1229 1548 1288 1602 τὸ
1319 1550 1490 1620 ἥμισυ
1529 1549 1696 1620 μέρος
1731 1551 1832 1622 τῆς
1858 1551 2086 1617 πόλεως,

495 1639 530 1692 ὂ
559 1639 785 1709 κατέχει
815 1638 848 1710 ἡ
893 1639 1126 1710 εὐσεϐὴς
1173 1639 1332 1710 ἡμῶν
1374 1640 1623 1711 βασιλεία
1647 1657 1661 1672 ·
1690 1641 1784 1696 καὶ
1821 1642 2093 1696 ἀνοικοδό-

500 1749 686 1804 μησον
715 1733 838 1786 νέον
865 1728 1016 1786 οἷκον
1040 1733 1232 1786 πιστὸν
1260 1733 1337 1804 τῷ
1366 1733 1487 1806 Θεῷ
1517 1733 1611 1787 καὶ
1639 1733 1700 1787 τὸ
1717 1736 2087 1802 ἑπισκοπεῖον,

495 1825 530 1878 ὃ
563 1825 750 1898 βούλῃ.
784 1824 896 1880 Καὶ
919 1825 1212 1879 ἐκέλευσεν
1237 1828 1266 1881 ὁ
1297 1825 1554 1900 βασιλεὺς
1576 1827 1859 1898 γραφῆναι
1897 1828 2088 1900 τόμον,

496 1915 602 1970 καὶ
657 1915 880 1986 δοθῆναι
931 1915 1011 1987 τῷ
1059 1917 1319 1988 μακαρίῳ
1345 1899 1655 1988 Γρηγορίῳ,
1685 1919 1782 1972 καὶ
1833 1899 2091 1990 κτήματα
2124 1899 2168 1955 Β

501 2007 699 2063 πολλά.
731 2007 889 2063 Μετὰ
916 2007 976 2062 δὲ
1005 2007 1182 2062 ταῦτα
1218 2009 1453 2080 ποιήσας
1481 2011 1540 2062 ἑν
1563 2012 1632 2082 τῇ
1667 2009 1821 2064 πόλει
1862 2010 1968 2076 ἕως
1991 2011 2090 2082 τῆς

499 2101 672 2170 ἁγίας
722 2101 1144 2172 Πεντηκοστῆς,
1211 2103 1308 2155 καὶ
1359 2102 1482 2174 μεθ’
1515 2103 1731 2176 ἡμέρας
1769 2104 1924 2168 τινὰς
1962 2121 2092 2175 μετ-

502 2193 982 2248 εστείλατοάὐτδν
1009 2197 1039 2248 ὁ
1073 2193 1332 2264 βασιλεὺς
1372 2197 1432 2250 ὲν
1463 2195 1542 2266 τῷ
1581 2196 1850 2268 παλατίῳ,
1882 2197 2091 2252 καὶλέ-

501 2304 595 2358 γει
627 2284 778 2356 αὐτῷ
799 2303 812 2317 ·
845 2285 1033 2358 Πάτερ
1055 2285 1230 2356 τίμιε,
1259 2287 1354 2340 ἐπὶ
1395 2287 1558 2342 τοῦτο
1599 2288 1909 2360 παρακαλῶ
1937 2288 2094 2360 εὐχε-

511 2377 638 2432 σθαι
667 2378 810 2446 ὑπὲρ
840 2379 1000 2449 ἡμῶν
1043 2382 1103 2434 ὲν
1133 2383 1256 2446 ταῖς
1301 2384 1423 2446 σαῖς
1471 2381 1661 2453 εὐχαῖς
1705 2381 2090 2445 ἀδιαλείπτως.

525 2469 586 2524 '0
613 2470 668 2525 δὲ
695 2471 880 2524 πεσὼν
925 2473 1076 2544 παρὰ
1115 2473 1243 2535 τούς
1296 2473 1467 2538 πόδας
1513 2473 1607 2526 τοῦ
1631 2473 1896 2544 βασιλέως
1924 2491 2094 2546 προσ-

515 2559 784 2631 εκύνησεν
813 2561 998 2632 τρίτον
1028 2562 1122 2615 ἐπὶ
1169 2563 1269 2634 τὴν
1289 2563 1424 2634 γῆν,
1455 2565 1550 2618 καὶ
1585 2565 1735 2632 λέγει
1775 2565 1957 2635 αὐτῷ·
1988 2566 2096 2619 Εὐ-

514 2649 806 2704 σεϐἐστατε
841 2651 1104 2713 δ’ἐσποτα,
1123 2651 1178 2705 τί
1204 2652 1670 2723 ἀνταποδώσομέν
1697 2669 1780 2706 σοι
1797 2654 1928 2725 περὶ
1953 2653 2094 2706 πάν-

506 2757 622 2796 των
647 2735 719 2795 ὧν
745 2742 1139 2807 ὰνταπέδωκας
1167 2744 1299 2814 ἡμῖν
1323 2742 1580 2812 άγαθῶν;
1613 2745 1710 2798 καὶ
1735 2745 1818 2809 τίς
1840 2745 1957 2815 είμι
1984 2743 2096 2814 ἐγὼ

507 2834 544 2886 ὁ
573 2833 744 2896 τάλας
769 2833 864 2888 καὶ⁵
892 2833 1239 2906 ἁμαρτωλὸς,
1271 2835 1357 2890 ὅτι
1382 2835 1640 2900 τοιαύτας
1667 2835 1828 2904 ἀξίας
1867 2837 1964 2891 καὶ
1983 2849 2096 2908 11.3-

507 2924 688 2994 τάλας
713 2924 924 2996 δωρεὰς
965 2927 1169 2997 εἴληφα
1205 2926 1358 2999 παρὰ
1398 2927 1494 2981 τοῦ
1554 2928 1816 2992 εὐσεϐοῦς
1861 2929 2096 2999 κράτους

509 3017 674 3088 ὑμῶν
701 3036 717 3083 ;
749 3017 923 3082 Αὐτὸς
951 3017 980 3072 6
1009 3016 1433 3088 συμϐασιλεύων
1479 3034 1563 3073 σοι
1598 3019 1732 3084 Θεὸς
1754 3018 1864 3092 δῴη
1894 3035 1978 3074 σοι
1999 3017 2096 3074 τοῦ

506 3111 604 3166 ἀεὶ
635 3111 829 3164 πατεῖν
858 3109 986 3173 τούς
1021 3110 1494 3178 ἐπανισταμένους
1537 3127 1621 3164 σοι
1653 3111 1733 3182 τῷ
1783 3112 1960 3183 κυρίῳ
1993 3129 2098 3182 μου

2185 629 2547 696 devenerunt,
2605 627 2919 700 ibidemque
2948 629 3208 683 diversati
3256 629 3522 698 templum
3573 646 3780 688 consec-

2186 730 2502 784 craverunt,
2549 729 2603 776 et
2648 722 2823 777 altare
2858 722 2912 776 in
2943 738 3009 777 eo
3057 724 3289 777 alterum
3334 725 3679 780 constituere
3707 740 3777 782 ex

2186 829 2443 884 perversa
2487 815 2733 884 ipsorum
2785 824 3007 881 mente,
3059 824 3224 886 atque
3277 814 3571 873 obscurum
3616 833 3777 875 suam

2188 907 2652 979 tenebrosamque
2685 907 2991 964 doctrinam
3027 909 3223 966 secuti.

2261 1079 2592 1137 LXXXVIII.
2627 1080 2722 1137 llis
2747 1081 2976 1144 auditis,
3021 1091 3131 1137 tam
3160 1083 3444 1152 piissimus
3479 1083 3778 1152 imperator

2189 1179 2357 1246 Quam
2388 1174 2836 1246 archiepiscopus
2864 1173 3048 1230 mirati
3087 1185 3237 1241 sunt,
3261 1189 3504 1246 quonam
3539 1185 3700 1248 pacto
3720 1175 3774 1232 id

2188 1264 2267 1320 ita
2298 1265 2641 1337 contigisset.
2681 1263 2820 1320 Nam
2869 1266 2937 1322 de
2981 1265 3167 1322 Leucii
3215 1269 3523 1339 sacrilegiis
3568 1268 3778 1339 aliquid

2189 1357 2257 1411 ad
2293 1355 2644 1425 imperatoris
2697 1370 2861 1412 aures
2905 1356 3181 1426 perlatum
3230 1355 3429 1414 fuerat.
3485 1357 3588 1415 Hic
3621 1359 3777 1414 dein-

2188 1464 2320 1520 ceps
2352 1457 2548 1504 sancto
2578 1449 2842 1518 Gregorio
2877 1449 3254 1518 respondens:
3292 1447 3360 1504 Et
3391 1429 3541 1515 huic,
3575 1451 3776 1522 inquit.

2189 1541 2442 1614 petitioni
2483 1534 2590 1596 tua:
2615 1540 3048 1596 satisfaciamus.
3101 1541 3246 1596 Ecce
3273 1542 3421 1597 enim
3457 1551 3515 1598 et
3553 1559 3655 1597 nos
3693 1542 3776 1596 al-

2193 1644 2366 1693 teram
2398 1638 2553 1692 urbis
2591 1645 2804 1707 partem
2833 1678 2848 1705 ,
2887 1653 3010 1707 qute
3062 1638 3295 1714 imperio
3337 1648 3530 1696 nostro
3564 1640 3777 1706 subest,

2192 1727 2304 1782 Deo
2333 1737 2556 1799 propter
2588 1737 2642 1783 te
2673 1728 3024 1784 dedicamus:
3058 1729 3149 1786 hic
3179 1745 3382 1784 novum
3430 1730 3782 1801 religiosum-

2193 1837 2302 1893 que
2365 1821 2478 1878 Deo
2533 1822 2794 1893 templum
2851 1837 2917 1878 ac
2974 1823 3201 1878 domum
3264 1824 3672 1894 pontiﬁcalem.
3721 1833 3782 1882 ut

2193 1916 2298 1980 vis,
2345 1924 2654 1970 constrnes.
2712 1917 2894 1986 Atque
2945 1915 3089 1972 idem
3125 1916 3374 1972 chartam
3407 1917 3576 1972 scribi
3615 1918 3783 1986 jussit

2191 2017 2246 2062 et
2279 2010 2438 2062 beato
2487 2006 2754 2078 Gregorio
2783 2007 2925 2064 tradi
2953 2047 2970 2074 ,
3003 2017 3058 2062 et
3095 2010 3475 2078 possessiones
3518 2018 3783 2080 praetcrea

2193 2099 2418 2155 multas.
2492 2097 2694 2161 Mansit
2749 2113 2882 2154 vero
2942 2109 3070 2170 post
3131 2101 3247 2154 haec
3303 2099 3783 2171 Constantinopoli

2193 2207 2370 2262 usque
2421 2192 2489 2247 ad
2541 2201 2744 2246 sanctae
2801 2192 3156 2248 Pentecostes
3217 2193 3523 2248 solemnia:
3581 2195 3784 2264 quibus

2191 2285 2510 2350 transactis,
2537 2285 2594 2339 in
2625 2285 2889 2355 palatium
2923 2299 3117 2340 rursus
3141 2285 3210 2339 ab
3241 2284 3576 2354 imperatore
3597 2301 3783 2342 accer-

2193 2376 2336 2432 situs
2367 2384 2490 2437 est,
2533 2385 2701 2444 atque
2750 2374 2838 2430 bis
2876 2375 3055 2430 verbis
3091 2375 3416 2430 salutatus:
3455 2373 3612 2442 Quod
3652 2377 3786 2432 ulti-

2193 2481 2345 2521 mum
2375 2475 2481 2532 est,
2513 2465 2676 2523 Pater
2705 2468 3015 2522 venerande
3039 2507 3057 2536 ,
3109 2467 3216 2522 hoc
3253 2482 3284 2522 a
3319 2477 3370 2522 te
3397 2479 3522 2539 peto
3543 2511 3560 2536 ,
3621 2481 3680 2524 ut
3729 2470 3786 2525 in

2195 2559 2697 2626 obsecrationibus,
2726 2575 2851 2629 qua!
2879 2575 2908 2615 a
2949 2568 3002 2616 te
3026 2560 3250 2616 assidue
3274 2561 3434 2627 (inut,
3469 2563 3642 2616 nostri
3673 2577 3788 2618 me-

2197 2651 2451 2707 mineris.
2495 2651 2590 2706 ille
2637 2652 2703 2705 ad
2743 2651 3096 2721 imperatoris
3129 2653 3294 2722 pedes
3337 2655 3662 2724 provolutus
3707 2663 3788 2710 ter

2197 2757 2323 2797 eum
2357 2756 2535 2812 usque
2565 2742 2632 2796 ad
2663 2750 2861 2796 terram
2897 2741 3168 2806 adoravit,
3204 2750 3318 2796 tum
3347 2743 3429 2797 sic
3464 2741 3787 2810 respondit:

2199 2831 2344 2900 Quid
2376 2846 2501 2902 ego,
2539 2831 2788 2902 piissime
2816 2831 3065 2902 Auguste
3089 2872 3104 2896 ,
3146 2847 3249 2902 pro
3296 2833 3456 2888 bonis
3505 2835 3788 2903 omnibus,

2198 2923 2400 2994 quibus
2430 2938 2520 2978 tne
2545 2924 2889 2980 cumulatum
2925 2922 3182 2989 dimittis,
3209 2923 3304 2978 tibi
3335 2924 3676 2978 retribuam?
3707 2924 3790 2980 vel

2199 3015 2322 3086 quis
2345 3030 2494 3070 eram
2520 3030 2623 3085 ego
2665 3015 2836 3070 miser
2869 3030 2933 3070 ae
2954 3031 3215 3085 nequam,
3237 3025 3351 3072 uta
3383 3023 3492 3071 tam
3529 3017 3620 3087 pio
3647 3018 3792 3087 prin-

2200 3109 2320 3178 cipe
2343 3115 2491 3162 tanta
2513 3115 2735 3176 tamque
2753 3107 3014 3178 praeclara
3035 3121 3261 3162 munera
3284 3109 3590 3178 acciperem
3607 3110 3632 3162 ?
3651 3109 3791 3168 licus

507 3197 593 3266 τῷ
637 3198 869 3268 βασιλεῖ.
919 3201 1030 3254 Καὶ
1059 3199 1232 3254 ταῦτα
1279 3201 1474 3265 εἰπὼν,
1514 3202 1903 3274 ἀσπασάμενος
1935 3204 2097 3258 αὐτὸν

2204 3215 2354 3261 vero.
2389 3199 2482 3270 qui
2519 3215 2697 3254 tecum
2737 3201 3028 3270 imperium
3061 3201 3406 3268 moderatur,
3453 3201 3546 3257 det
3572 3201 3692 3264 tibi.
3733 3211 3792 3256 ut

507 3293 543 3344 ὁ
571 3289 844 3360 βασιλεὺς,
878 3291 1004 3357 δοὺς
1031 3292 1180 3364 αὐτῷ
1216 3293 1481 3348 τάλαντον
1525 3295 1752 3366 χρυσίου
1783 3297 1866 3358 είς
1889 3299 2098 3368 χεῖρας,

507 3378 673 3436 εἶπεν
741 3384 929 3437 Ἔστω
963 3401 1070 3450 σοι,
1101 3385 1305 3456 Πάτερ,
1336 3385 1506 3439 ταῦτα
1537 3387 1712 3458 μικρὰ
1739 3387 1887 3460 δῶρα
1903 3387 1980 3452 ὡς
2005 3404 2103 3458 με-

505 3473 679 3544 γαλα,
713 3476 908 3546 μνείαν
938 3477 1261 3548 ποιούμενος
1293 3478 1379 3532 ἀεὶ
1409 3479 1552 3548 ὑπὲρ
1575 3481 1674 3551 τῆς
1697 3480 1977 3551 ἡμετέρας
2009 3497 2103 3552 με·

507 3569 826 3638 τριότητος.
861 3568 978 3623 Καὶ
1021 3569 1345 3624 ἀπέστειλεν
1372 3571 1538 3624 αὐτὸν
1566 3570 1900 3638 πορεύεσθαι
1933 3573 1992 3624 ὲν
2021 3573 2104 3625 εί·-

513 3660 659 3732 ρὴνῃ
720 3661 802 3722 εἰς
863 3660 968 3732 τὴν
1021 3661 1220 3716 ἑαυτοῦ
1271 3663 1446 3717 πόλιν.
1479 3663 1728 3716 Δέδωκεν
1756 3663 1814 3718 δὲ
1837 3663 1986 3734 αὐτῷ
2009 3664 2103 3718 καὶ

512 3751 889 3823 εὸσεϐεστάτη
921 3751 1211 3822 Αὐγούστα
1233 3753 1386 3825 ὂῶρα
1414 3755 1608 3824 πολλὰ,
1631 3755 1857 3826 χρυσίον
1885 3755 1980 3810 καὶ
1999 3758 2102 3826 άρ-

510 3844 712 3916 γύριον
743 3845 952 3910 ἰκανὸν,
991 3845 1088 3900 ἐπὶ
1133 3847 1198 3900 τὸ
1233 3847 1460 3918 ποιῆσαι
1494 3847 1664 3919 σκεύη
1709 3847 1810 3919 τῆς
1845 3847 1968 3902 κατ’
2000 3848 2102 3902 αὐ-

511 3938 610 3990 τὸν
648 3936 848 4010 Ἐκκλη
857 3937 1000 4003 σίας.

592 4115 716 4172 [18³.
755 4115 1008 4188 Ἐξῆλθεν
1027 4117 1085 4172 δὲ
1116 4115 1224 4171 ἀπὸ
1243 4117 1865 4181 Κωνσταντινουπόλεως
1893 4117 1921 4172 ὁ
1949 4117 2103 4186 ἅγιος

512 4210 844 4280 Γρηγόριος,
879 4210 974 4264 καὶ
1007 4209 1313 4265 κατέλαῦεν
1341 4213 1400 4264 ὲν
1441 4209 1632 4283 Ῥώμῃ
1669 4211 1737 4284 τῇ
1773 4209 1948 4264 είκάδι
2007 4209 2102 4264 τοῦ

591 4343 893 4420 {l2)_Cum
947 4348 1214 4420 talentum
1267 4347 1530 4420 Gregorio
1598 4355 1786 4402 nostro
1860 4361 1892 4401 a
1949 4345 2104 4400 Mau-

511 4419 650 4473 ‘rtio
707 4417 894 4472 datum
944 4419 1140 4473 scribit
1197 4417 1497 4484 Leontius,
1549 4432 1658 4470 non
1706 4433 1938 4472 aureum
1998 4433 2106 4472 nn-

515 4488 714 4542 ntistua
743 4503 937 4559 unum,
959 4490 1054 4543 sed
1087 4497 1166 4542 tot
1193 4490 1320 4544 data
1354 4489 1666 4559 signiﬁcare
1698 4488 1974 4559 putandus
1995 4496 2100 4552 est,

513 4573 646 4627 quae
681 4558 871 4610 talenti
913 4573 1184 4629 summam
1222 4558 1525 4629 aequarent.
1569 4559 1700 4614 Erat
1745 4558 1891 4612 enim
1927 4559 2100 4613 talen-

517 4637 661 4689 tum,
701 4643 826 4684 cum
858 4628 924 4681 ad
983 4628 1294 4695 pecuniam
1322 4629 1636 4684 referebant
1669 4667 1684 4690 ,
1738 4642 1847 4680 non
1911 4629 2098 4698 utique

520 4704 691 4770 utest
713 4698 854 4770 apud
891 4698 1138 4770 Suidant,
1188 4699 1250 4752 τὸ
1297 4699 1554 4770 μέγιστον
1601 4698 1824 4770 χρυσίου
1863 4699 1958 4752 καὶ
1999 4701 2101 4768 ἀρ-

515 4768 717 4840 γυρίου
751 4768 950 4839 μέρος,
989 4769 1106 4826 sive
1147 4770 1270 4822 auri
1301 4768 1357 4824 et
1385 4768 1602 4840 urgenti
1642 4768 1776 4838 pars
1823 4770 2099 4823 maxima:

515 4854 652 4910 naut
679 4839 870 4892 deerat
909 4840 1134 4902 nonlen,
1163 4855 1274 4909 quo
1324 4839 1586 4910 majorem
1621 4854 1789 4910 unam
1825 4853 2099 4910 summam

517 4909 851 4974 indicarent,
881 4917 960 4974 ut,
994 4924 1119 4979 cum
1154 4909 1380 4978 pecunia
1416 4909 1729 4979 superaret,
1761 4909 2010 4963 dicerent
2031 4909 2104 4963 δι-

515 4979 806 5051 τάλαντον,
845 4978 1223 5051 τριτάλαντον,
1249 4979 1432 5051 τρίτον
1473 4978 1839 5051 ἡμιτάλαντον
1858 4979 1984 5051 ,μὶίί
2011 4987 2106 5051 est

517 5051 629 5103 duo
653 5033 1003 5112 ιαίρηὲαίινὶα
1032 5033 1254 5109 talento,
1285 5033 1402 5105 [tria
1450 5033 1649 5104 tu'ienta
1682 5065 1802 5102 cum
1852 5033 2098 5114 dimidio,

517 5119 826 5174 t-tsitnilia.
862 5117 1064 5173 Verum
1115 5121 1338 5184 talenti,
1387 5129 1448 5175 ut
1497 5127 1658 5174 nemo
1717 5121 1951 5188 ignorat,
1987 5134 2096 5172 non

523 5205 630 5242 una
667 5189 833 5260 apud_
852 5203 1046 5260 omnes
1077 5191 1379 5260 quantitas,
1415 5207 1514 5246 nec
1553 5192 1620 5245 de
1643 5205 1752 5260 quo
1780 5189 2100 5260 bictalento

521 5257 783 5332 loquatur
811 5257 1262 5332 Leontius—satis
1298 5261 1487 5332 liquet.
1511 5260 1614 5327 Qui
1647 5257 2098 5332 latina-tt_:\_tticutn

523 5327 787 5402 tali-nium
811 5331 985 5402 magis
1022 5343 1212 5402 netutn
1256 5341 1309 5386 et
1344 5327 1552 5402 majore
1585 5333 1638 5383 itt
1675 5346 1775 5402 usu
1821 5327 1990 5382 fuisse
2026 5331 2095 5382 vi-

521 5401 708 5465 oletur,
747 5400 1043 5470 signiﬁcari
1072 5402 1158 5457 hic
1190 5400 1462 5456 summam
1485 5411 1616 5471 puto
1639 5401 1914 5454 minarum
1943 5415 2105 5454 sexa-

566 5473 708 5533 inta,
762 5474 876 5526 sive
931 5480 1120 5526 sentos
1159 5485 1452 5528 sexcentos
1505 5487 1760 5526 nummos
1807 5479 2102 5530 nostrates.

566 5488 708 5533 tnta,
762 5488 876 5526 stve
931 5488 1120 5526 sentos
1159 5488 1452 5528 sexcentos
1505 5488 1760 5526 nummos
1807 5488 2102 5530 nostrates.

521 5488 796 5596 glauci-um
827 5541 1006 5612 aetatis
1035 5541 1200 5611 bujus
1225 5544 1526 5612 scriptores
1549 5541 1736 5598 talenti
1778 5542 2102 5612 appellatio-

523 5627 593 5664 lic
621 5609 1010 5682 μεταφορικῶς
1040 5609 1251 5667 tantum
1289 5609 1364 5667 uti
1397 5614 1592 5677 solent,
1627 5623 1794 5682 atque
1823 5620 1880 5682 ut
1912 5609 2106 5682 ltlysli-

520 5696 587 5736 ea
612 5681 892 5752 Evangelii
927 5683 1126 5737 talenta
1147 5683 1264 5738 sive
1285 5685 1412 5739 data
1439 5683 1639 5754 cuique
1668 5681 1932 5738 divinitus
1961 5681 2104 5736 bona

522 5760 973 5806 eottttnemorettt.

597 5803 1170 5894 (“licuit—stantium
1217 5821 1360 5894 Aug.
1410 5823 1676 5894 iutellige,
1719 5823 1787 5878 de
1828 5803 1938 5892 qua'
1988 5820 2104 5876 dixi

523 5893 805 5966 superius.
845 5895 914 5947 At
955 5895 1051 5964 qui
1095 5893 1345 5966 Cajetatii
1394 5893 1724 5952 sententiam
1775 5901 2103 5963 sequuntur,

2204 3306 2397 3347 omnes
2441 3305 2660 3361 semper
2698 3291 3139 3348 adversariorum
3171 3305 3352 3348 motus
3403 3293 3582 3348 victor
3636 3310 3793 3349 coer-

2203 3397 2352 3438 ceas.
2389 3380 2516 3437 Haec
2539 3383 2809 3438 dicentem
2833 3383 3128 3453 imperator
3153 3385 3498 3456 complexus,
3527 3385 3790 3440 talentum

2203 3472 2279 3528 illi
2312 3489 2541 3528 aureum
2577 3475 2630 3527 in
2675 3490 2886 3531 manus-
2919 3475 3070 3530 dedit
3117 3477 3270 3548 (12):
3320 3475 3490 3540 Halre,
3545 3476 3657 3550 [ον]
3707 3477 3793 3532 in-

2202 3567 2424 3636 quiens,
2459 3565 2637 3632 Pater,
2672 3581 2834 3636 parra
2881 3567 2999 3623 itare
3035 3569 3177 3622 dona
3212 3577 3273 3624 ut
3316 3585 3514 3638 magna
3548 3607 3563 3632 ,
3607 3581 3657 3624 et
3691 3585 3792 3625 no-

2203 3658 2303 3712 stri
2345 3666 2610 3728 perpetuo
2640 3672 2852 3714 memor
2885 3667 3026 3714 esto.
3047 3659 3398 3731 Dimisitque,
3423 3669 3482 3717 ut
3513 3660 3567 3714 in
3602 3660 3793 3718 urbem

2202 3760 2360 3803 suam
2408 3747 2522 3803 Deo
2565 3750 2804 3819 propitio
2838 3750 3074 3816 rediret;
3126 3752 3297 3806 multa
3354 3754 3520 3808 etiam
3573 3753 3715 3806 dona
3757 3767 3790 3808 a

2201 3837 2450 3907 piissima
2475 3839 2986 3910 Augusta'accepit.
3015 3841 3137 3896 auri
3167 3841 3221 3896 in
3259 3842 3452 3912 primis
3486 3852 3541 3896 et
3571 3841 3791 3912 argenti

2202 3940 2469 4003 quantum
2496 3933 2562 3986 ad
2593 3947 2750 3989 sacra
2798 3934 2983 4004 templi
3017 3935 3275 4013 sui.vasa
3320 3934 3666 3990 conﬁcienda
3699 3950 3788 3989 sa-

2201 4022 2272 4078 tis
2309 4021 2458 4078 esset
2487 4021 2623 4094 UE).

2277 4114 2568 4172 LXXXIX.
2619 4114 2891 4187 Egressus
2905 4113 3381 4188 Constantinopoli
3400 4125 3628 4174 sanctus
3647 4118 3785 4174 Gre-

2201 4209 2390 4283 gorius
2416 4209 2529 4282 (l4)
2561 4207 2792 4265 Romam
2823 4209 3075 4280 pervenit
3097 4225 3197 4264 xm
3227 4209 3346 4266 Kal.
3379 4209 3675 4282 Augustas.
3708 4209 3786 4269 lbi

2201 4346 2508 4420 Augustam
2543 4347 2787 4420 prodere.
2819 4363 2928 4403 non
2977 4358 3234 4418 possunt.
3283 4364 3312 4402 a
3346 4365 3454 4420 qua
3490 4349 3788 4415 Gregorius

2203 4415 2347 4474 dona
2393 4415 2689 4490 acceperit.
2743 4415 3089 4490 Theodoram
3135 4420 3284 4474 enim
3315 4415 3564 4484 utorem,
3615 4435 3784 4490 quam

2205 4504 2372 4543 unam
2407 4485 2618 4552 Itabdit,
2651 4485 3003 4544 Justinianus
3051 4499 3180 4544 ante
3227 4491 3522 4545 concilium
3559 4505 3588 4542 v
3635 4485 3787 4546 oecu-

2133 4585 2176 4641 ο
2206 4561 2508 4641 ειτιεξιιῑριιιηἶ
2525 4559 2625 4641 cui
2660 4557 2962 4641 Gregorius
3003 4561 3266 4641 n‘ttntlttni
3292 4562 3586 4641 episcopus
3616 4560 3788 4641 inter-

2206 4629 2375 4684 fuisse
2402 4629 2628 4693 dicitur,
2683 4630 2978 4686 extulerat.
3029 4629 3143 4684 Nec
3180 4629 3390 4686 felicior
3422 4631 3624 4684 Laneia
3667 4640 3784 4696 est;

2203 4713 2518 4767 quanquam
2557 4697 2604 4752 is
2638 4713 2750 4770 rem
2785 4701 3364 4770 propeAincredibilcm
3402 4709 3576 4769 putat,
3605 4699 3786 4755 Justi-

2205 4769 2426 4824 nianum
2481 4783 2664 4831 suum,
2709 4769 2760 4822 id
2786 4767 2903 4824 'est'
2943 4767 3358 4835 Rhinotmetum,
3394 4767 3502 4829 tam
3556 4785 3681 4825 Sero
3719 4773 3788 4826 de

2204 4839 2562 4893 matrimonio
2587 4839 2883 4908 cogitasse.
2917 4840 3082 4894 Duxit
3110 4841 3204 4894 ille
3231 4856 3456 4896 uxorem
3489 4855 3635 4894 anno
3659 4839 3783 4905 703,

2203 4909 2256 4980 id
2291 4917 2376 4963 est
2440 4909 2632 4978 viginti
2685 4910 2928 4980 amplius
2985 4925 3196 4971 annos.
3255 4920 3545 4980 postquam
3597 4913 3786 4964 conci-

2204 4979 2337 5032 lium
2366 4995 2415 5032 vt
2441 4979 2842 5034 mrumenicum
2868 4981 3183 5034 absolutum
3212 4979 3410 5035 fuerat.
3430 4981 3541 5034 Nec
3565 4995 3694 5034 vero
3715 4981 3784 5036 a-J

2205 5065 2426 5120 sorores
2463 5049 2741 5120 Augustas
2769 5051 3073 5120 confugere
3108 5050 3237 5104 licet
3271 5051 3492 5106 :neutri
3523 5050 3668 5103 enim
3716 5066 3784 5106 ex

2205 5119 2316 5174 illis
2356 5117 2575 5173 duobus
2599 5117 2931 5175 Justinianis
2949 5117 3120 5174 soror
3160 5120 3281 5174 fuit.

2277 5190 2391 5259 (Η)
2430 5192 2642 5252 Annus,
2669 5205 2780 5260 quo
2825 5188 3133 5260 Gregorius
3160 5189 3636 5260 Constantinopoli
3668 5190 3785 5244 dis-

2205 5257 2394 5326 cessit,
2425 5257 2732 5330 crat595‘,
2772 5275 2884 5330 quo
2909 5257 3066 5330 anno
3105 5257 3369 5316 Joannem
3413 5257 3785 5330 patr’iat-rltatn

2205 5330 2432 5400 obiisse.
2473 5329 2725 5397 Quienus
2757 5329 2823 5384 es
2855 5329 3150 5400 Nic-ephori
3191 5329 3466 5400 Chronico
3509 5331 3784 5399 ostt-ntlit;

2205 5401 2354 5470 quod
2388 5397 2590 5472 Pagius
2621 5415 2842 5472 quoque
2865 5397 3225 5472 etiCttperus,
3259 5399 3540 5472 repudiata
3565 5397 3788 5456 Barouii

2206 5471 2501 5529 sententia.
2539 5471 2632 5542 qui
2671 5471 2832 5524 morti
2864 5471 3014 5542 illius
3043 5486 3249 5526 annum
3287 5474 3663 5542 insequentem
3697 5485 3791 5528 as-

2206 5543 2538 5610 signaverat,
2568 5541 2727 5612 plane
2749 5541 3103 5612 statuendum
3128 5541 3548 5612 praesenserant.
3579 5542 3632 5596 ld
3660 5557 3791 5598 vero

2209 5608 2342 5665 nihil
2381 5608 2585 5667 turbat.
2635 5608 2774 5667 Nam
2808 5609 3079 5666 Joannem
3123 5608 3428 5668 decessisse
3477 5623 3692 5666 constat
3735 5625 3788 5666 Iv

2205 5679 2800 5752 NouasSeptembres.
2839 5681 2896 5736 id
2927 5690 3014 5739 est
3054 5683 3274 5738 duobus
3315 5693 3437 5752 post
3481 5683 3784 5741 mensibus.

2207 5769 2370 5821 quam
2387 5751 2694 5824 Gregorius
2725 5751 3205 5824 Constantinopoli
3234 5751 3493 5824 solverat.
3523 5753 3602 5805 Eo
3639 5753 3788 5806 enim

2209 5839 2356 5894 anno
2387 5821 2712 5877 Pentecoste
2742 5832 2864 5894 acta
2890 5839 2944 5876 ιι
2975 5821 3260 5879 ΚιιΙΣΙιιιι.
3283 5823 3469 5894 Itaque
3497 5832 3643 5878 stant
3666 5837 3791 5890 qua:

2209 5891 2473 5950 Leontius
2505 5894 2670 5948 tradit
2700 5909 2732 5948 a
2759 5893 2969 5950 Joanne
3003 5891 3422 5965 archiepiscopo
3453 5893 3596 5948 facta
3639 5906 3788 5950 esse.
