4102 6386
453 391 558 460 711

1469 393 1531 452 s.
1569 391 1952 455 GREGORII
1986 395 2499 460 AGRIGENTINI
2536 385 2736 463 vim.

3624 417 3740 485 712

531 497 689 554 XCII.
747 495 956 567 Templi
992 495 1520 562 .exaedtticationem,
1567 499 1662 553 cui
1705 515 1887 556 annus
1938 501 2035 554 im-

2219 505 2332 573 ιιϐν.
2374 504 2508 564 Εἶτα
2560 510 2702 581 μετὰ
2753 512 3000 568 ἐνιαυτὸν
3054 517 3350 592 πληρώσας
3413 524 3504 578 τὸν
3566 530 3729 601 ναὸν,

454 607 662 662 pensus
711 601 817 656 est,
867 591 1214 644 consecratio
1239 590 1500 659 'excepit,
1535 600 1822 662 postquam
1857 593 2038 648 divina

458 681 574 736 illic
631 681 888 751 mysteria
949 695 1210 750 peragere
1269 681 1530 736 instituit.
1581 682 1794 752 Adjccit
1854 695 2037 738 autem

456 773 663 844 templo
689 781 745 827 et
783 773 964 828 bonas
992 773 1188 828 dia-tas
1212 773 1346 843 (2|),
1379 773 1434 826 in
1464 773 1666 844 quibus
1710 777 1826 846 ipse
1857 791 1923 830 ac
1961 775 2042 831 fa-

458 865 702 918 miliares
727 863 852 932 ejus
885 863 1222 918 habitarent.
1262 863 1488 918 Solebat
1519 875 1706 920 autem
1738 867 2038 922 identidem

437 965 507 1010 et
539 955 718 1010 viduis
756 963 811 1008 et
845 956 1034 1024 egenis
1073 955 1257 1008 omnis
1301 955 1520 1024 generis
1575 971 1843 1025 apparare
1888 975 2043 1011 meu-

453 1063 594 1108 sam,
634 1046 814 1113 iisque
843 1045 986 1098 idem
1038 1045 1394 1100 ministrare:
1424 1047 1571 1115 quod
1616 1057 1671 1101 et
1712 1057 1887 1102 mater
1917 1049 2039 1120 ejus

456 1154 565 1191 non
600 1137 786 1192 minus
819 1136 1136 1206 praes'tabat.
1183 1135 1302 1207 Ipse
1327 1152 1458 1190 vero
1489 1139 1753 1208 populum
1779 1150 2040 1208 praeterea

452 1229 572 1283 dies
605 1239 908 1298 noctesque
936 1229 1143 1282 hortari
1178 1245 1284 1284 non
1313 1229 1620 1292 desinebat,
1653 1241 1712 1284 ttt
1741 1231 1902 1286 saluti
1927 1248 2042 1288 suae

453 1320 770 1373 consuleret
829 1319 1088 1388 serieque
1145 1319 1466 1388 respiceret,
1527 1305 1616 1374 ac.
1667 1334 1727 1374 se
1775 1320 1846 1374 ab
1889 1321 2040 1374 omni

453 1413 663 1466 scelere
697 1419 1000 1465 revocaret.
1053 1410 1146 1466 Sic
1175 1410 1370 1465 beatus
1397 1410 1718 1480 Gregorius,
1751 1425 1879 1466 cum
1905 1427 2044 1480 quo-

453 1501 610 1566 tidie,
645 1501 762 1555 sive
801 1501 1008 1556 diceret
1033 1501 1188 1570 quid.
1233 1505 1358 1556 sive
1387 1501 1615 1566 faceret,
1654 1503 1710 1556 in
1750 1503 2038 1556 hominum

453 1594 682 1657 animis,
727 1603 999 1665 tauquam.
1037 1595 1194 1650 sulco
1239 1595 1406 1662 facto,
1461 1597 1729 1666 spiritalia
1766 1597 1910 1652 dona
1954 1613 2042 1652 se-

415 1685 720 1748 ‘minaret;
769 1685 1028 1754 populum
1077 1686 1358 1756 ingentem
1421 1689 1530 1743 Deo
1588 1687 1868 1743 Servaturi
1921 1690 2044 1742 uni-

2148 599 2462 669 άφιέρωσεν
2529 603 2736 656 αὐτόν’
2814 608 3042 660 κάκεῖσε
3108 611 3209 681 τὴν
3277 613 3438 680 ἁγίαν
3491 599 3735 674 ἐπιτελεῖ

2152 693 2585 782 μυσταγωγίαν·
2641 698 2876 768 ποιήσας
2932 700 2990 752 ἐν
3047 702 3195 774 αὐτῷ
3254 705 3439 760 κελλία
3466 710 3730 782 χρήσιμα,

2148 784 2208 836 ἐν
2252 779 2336 874 οἷς
2365 779 2435 854 ἦν
2467 785 2630 850 αὐτὸς
2661 789 2954 859 ἡσυχάζων
2979 791 3072 845 καὶ
3094 794 3145 846 oi
3176 796 3298 866 μετ’
3327 779 3516 858 αὑτοῦ.
3561 779 3730 874 tum;

2152 889 2252 942 ραν
2283 873 2340 926 δέ
2388 875 2514 929 καθ’
2564 879 2784 950 ἡμέραν
2832 875 2900 951 ἦν
2941 881 3250 952 ἐτοιμάζων
3287 888 3568 958 τράπεζαν
3612 873 3732 962 ταῖς

2147 966 2346 1036 χήραις
2367 969 2462 1020 καὶ
2498 969 2664 1022 πᾶσιν
2702 973 2816 1034 τοῖς
2853 969 3151 1044 δεομένοις,
3185 979 3282 1030 καὶ
3321 981 3484 1045 αὐτὸς
3509 982 3578 1036 δι’
3603 985 3730 1039 ἐαυ-

2145 1057 2244 1110 τοῦ
2294 1057 2654 1130 ἐξυπηρετῶν
2694 1061 2900 1126 αὐτοῖς.
2965 1064 3242 1131 Ὡσαύτως
3275 1063 3346 1141 ἦν
3375 1071 3605 1128 ποιοῦσα
3638 1075 3731 1130 καὶ

2151 1152 2336 1222 μήτηρ
2368 1151 2560 1207 αὑτοῦ.
2607 1153 2720 1207 Καὶ
2769 1150 2837 1226 ἦν
2888 1157 3010 1210 καθ’
3067 1159 3310 1232 ἑκάστην
3367 1164 3582 1234 ἡμέραν
3636 1169 3728 1223 καὶ

2146 1242 2321 1297 νύκτα
2375 1244 2820 1316 ἀναμιμνήσκων
2881 1249 2974 1303 τὸν
3016 1249 3145 1304 λαὸν
3181 1251 3250 1308 τά
3289 1264 3420 1326 περὶ
3455 1245 3730 1330 σωτηρίας

2147 1336 2242 1389 καὶ
2283 1339 2596 1407 μετανοίας,
2621 1342 2716 1394 καὶ⁸
2741 1341 3004 1396 ἐνδιδόναι
3036 1345 3237 1410 αὐτοὺς
3265 1348 3372 1402 ἀπὸ
3405 1351 3588 1422 πάσης
3613 1353 3729 1406 ἁδι-

2146 1427 2294 1492 κίας.
2322 1427 2508 1492 Οὕτως
2541 1431 2569 1482 ὁ
2605 1431 2876 1502 μακάριος
2911 1434 3234 1507 Γρηγόριος,
3265 1439 3586 1512 ὡςήμέραι,
3620 1446 3730 1508 τοῖς

2148 1526 2546 1591 πνευματικοῖς
2568 1525 2906 1596 χαρίσμασιν
2933 1527 2990 1580 ἐν
3029 1545 3087 1581 τε
3118 1529 3264 1601 λόγῳ
3298 1533 3396 1586 καὶ
3436 1534 3584 1606 ἔργῳ
3608 1537 3729 1598 ταῖς

2144 1607 2258 1660 τῶν
2285 1608 2596 1680 ἀνθρώπων
2623 1613 2874 1684 καρδίαις
2901 1612 2980 1684 τῷ
3003 1615 3103 1686 τῆς
3125 1617 3366 1684 πίστεως
3393 1621 3727 1694 άρότρῳ.ἐγ-

2147 1701 2559 1774 κατασπείρων,
2585 1701 2714 1758 λαδν
2748 1707 3063 1778 περιούσιον
3101 1707 3178 1779 τῷ
3207 1711 3424 1784 Σωτῆρι
3459 1714 3568 1768 τῶν
3593 1715 3728 1768 ὅλων

452 1777 599 1829 versi
642 1776 1012 1838 consecravit,
1053 1775 1348 1846 pestiferas
1393 1779 1632 1834 haereses
1667 1793 1695 1832 a
1733 1795 1899 1852 grege
1933 1781 2035 1836 sibi

2147 1789 2268 1862 Θεῷ
2322 1795 2684 1867 καθιέρωσεν,
2735 1775 2918 1854 πᾶσαν
2975 1775 3160 1874 λύμην
3202 1775 3471 1876 αἱρέσεως
3518 1811 3576 1861 ἐν
3609 1813 3730 1876 ταῖς

455 1867 668 1921 credito
698 1867 944 1921 divinum
971 1867 1138 1922 veluti
1168 1869 1410 1938 gladium
1459 1869 1740 1941 stringens
1769 1872 2035 1941 prmeidit,

2141 1885 2250 1939 τῶν
2283 1889 2726 1960 ποιμαινομένων
2755 1892 2846 1945 ὑπ’

452 1958 698 2014 caelestia
724 1958 964 2028 denique
994 1958 1326 2016 documenta
1358 1961 1534 2018 instar
1567 1963 1748 2018 iterati
1793 1965 1928 2020 salis
1971 1965 2039 2020 ad

449 2050 821 2106 condiendum
871 2051 1007 2106 nulli
1045 2067 1288 2123 unquam
1323 2053 1518 2110 deesse
1553 2069 1749 2124 passus
1792 2065 1896 2110 est.
1933 2055 2039 2112 Ne-

455 2156 567 2212 qu-e
613 2141 704 2196 hic
738 2142 996 2198 utilitatis
1023 2143 1240 2198 fructus
1279 2142 1349 2198 ad
1389 2159 1487 2200 eos
1527 2145 1706 2200 solum
1755 2148 2038 2216 pertinuit,

449 2231 547 2300 qui
583 2231 771 2286 urbem
823 2232 1180 2300 habitabant,
1233 2233 1411 2307 [cvm]
1466 2237 1562 2292 sed
1615 2237 1670 2291 in
1712 2237 2041 2310 longinquos

453 2322 624 2375 etiam
671 2322 997 2377 redundavit
1034 2323 1220 2380 :latna
1267 2341 1463 2396 nempe
1514 2327 1664 2383 illius
1713 2329 1766 2383 in
1818 2345 2038 2386 onmem

454 2419 659 2466 terram
701 2413 933 2482 perlata,
966 2423 1023 2468 et
1044 2415 1246 2470 studiis
1295 2415 1580 2470 hominum
1627 2417 1906 2485 excitatis,
1943 2422 2036 2490 qui

454 2504 524 2560 ad
561 2519 686 2558 eum
714 2507 902 2561 venire
931 2508 1262 2577 gestiebant.
1302 2519 1358 2564 et
1388 2509 1454 2564 ad
1488 2511 1661 2580 pedes
1687 2513 1808 2580 ejus
1845 2529 2038 2571 omnes

449 2593 819 2651 daemoniacos
849 2598 1294 2666 comportabant.
1331 2597 1470 2653 Nam
1503 2615 1630 2654 cum
1664 2601 1700 2655 ii
1733 2603 2038 2660 curationis

452 2700 620 2741 causa
650 2688 716 2741 ad
749 2689 969 2742 beatum
999 2689 1178 2743 virum
1211 2690 1487 2753 venirent,
1523 2706 1715 2748 omnes
1741 2708 1866 2749 cum
1896 2697 2038 2750 redi-

453 2780 606 2846 l.an',
640 2781 898 2850 precibus
923 2780 1044 2850 ejus
1082 2789 1141 2835 et
1171 2797 1468 2852 corporum
1499 2794 1556 2839 et
1587 2784 1900 2841 animorum
1947 2803 2037 2843 sa-

453 2869 682 2926 nitatem
724 2870 952 2929 domum
988 2871 1321 2928 referebant.
1353 2873 1470 2930 IIoc
1495 2886 1654 2946 pacto
1680 2886 1908 2934 sanctus
1932 2881 2035 2945 vir,

449 2979 576 3018 cum
634 2962 852 3018 Domini
899 2965 1158 3020 mandata
1215 2965 1332 3022 dies
1391 2977 1700 3048 noctesque
1757 2975 2038 3042 prophetat

453 3056 676 3112 Davidis
719 3057 974 3128 exemplo
1022 3058 1407 3125 meditaretur,
1444 3059 1626 3118 factus
1670 3071 1758 3118 est
1792 3065 1936 3120 sicut
1967 3065 2036 3120 li-

449 3163 620 3219 gnum
664 3159 888 3220 propter
947 3165 1220 3220 aquarum
1258 3153 1526 3210 decursus
1573 3153 1836 3218 adsitum,
1879 3157 2027 3225 quod

451 3241 692 3326 fructum
733 3258 896 3298 suum
939 3251 1186 3315 tempore
1227 3245 1484 3315 praebuit,
1516 3247 1834 3318 praebetque
1863 3264 2030 3318 egen-

450 3336 623 3391 tibus.

523 3514 704 3571 XCIII.
757 3515 970 3574 Interea
1027 3526 1362 3584 tamen,’ut
1407 3520 1826 3576 multitudinem
1883 3521 2030 3576 illam

447 3607 634 3678 populi
683 3609 1034 3664 curationum
1069 3625 1238 3666 causa
1275 3610 1634 3682 Agrigentum
1680 3611 2031 3678 conﬂuentis,

449 3711 619 3772 utque
645 3701 928 3769 Opinionis
953 3703 1163 3757 larvam
1195 3719 1262 3760 ac
1285 3718 1480 3759 vanam
1515 3704 1796 3760 hominum
1831 3697 2035 3777 glorio-

449 3794 554 3848 Iam
590 3795 815 3856 vitaret,
863 3795 1054 3849 ascitis
1092 3795 1200 3850 sibi
1231 3795 1448 3866 aliquot
1489 3811 1522 3850 ο
1567 3797 1898 3852 clericorum
1927 3812 2032 3866 np-

449 3902 601 3940 utcro
637 3886 806 3942 sociis
849 3887 1050 3956 pietate
1078 3889 1468 3957 praestantibus
1493 3927 1508 3952 ,
1545 3889 1801 3959 privatim
1851 3888 1907 3943 in
1937 3889 2033 3943 de-

447 3977 616 4032 sertis
663 3991 729 4033 ac
763 3978 1051 4034 montibus
1098 3978 1266 4033 vitam
1305 3977 1418 4034 Deo
1469 3979 1563 4034 uni
1605 3979 1880 4035 addictam
1931 3979 2034 4034 ali-

446 4069 690 4138 quandiu
721 4069 971 4140 agitavit.
997 4065 1268 4124 Caeterum
1303 4084 1410 4124 non
1439 4063 1567 4126 ideo
1592 4071 2036 4140 sapientissimus

447 4161 533 4214 vir
576 4160 758 4232 gregis
789 4161 874 4214 sui
921 4176 1112 4215 curam
1165 4177 1364 4232 magna
1407 4176 1472 4216 ex
1508 4171 1662 4232 parte
1713 4161 2032 4232 abjiciebat.

447 4251 586 4307 Nam
616 4251 830 4322 Euplus
871 4252 1298 4314 archidiaconus
1342 4267 1467 4308 cum
1501 4251 1734 4309 Erasnto
1779 4255 2033 4310 mandata

451 4341 720 4404 habebat,
785 4349 847 4394 ιιι
892 4339 1151 4398 Ecclesia:
1207 4342 1442 4414 negotiis
1493 4333 1852 4413 praesiderent
1897 4343 2031 4414 (22).

450 4433 629 4502 Atque
659 4431 870 4502 Euplus
899 4433 1124 4502 quidem
1155 4434 1344 4504 jussus
1375 4434 1554 4490 fuerat
1588 4434 1766 4490 viduis
1787 4435 2035 4505 pupillis~

2888 1893 3056 1946 αὑτοῦ
3086 1896 3344 1962 διανοίαις
3372 1897 3450 1969 τῷ
3479 1902 3730 1974 τμητικῷ

2141 1975 2237 2029 τοῦ
2269 1975 2406 2030 Θεοῦ
2434 1979 2749 2050 Πνέύματος
2771 1981 2914 2052 ξίφει
2951 1985 3214 2056 ἐκκόψας,
3245 1987 3324 2060 τῷ
3355 1991 3598 2063 νοστίμῳ
3629 1993 3729 2062 τῆς

2143 2067 2334 2139 οεῖκῆς
2375 2070 2633 2139 γνώσεως
2672 2073 2830 2128 ἆλατι
2863 2077 3108 2142 ἀεννάως
3157 2081 3465 2153 ἐπαρτύων,
3529 2085 3590 2136 οὐ
3650 2085 3730 2140 δι-

2141 2160 2490 2232 ελιμπάνετο.
2536 2165 2644 2218 Καὶ
2687 2165 2846 2220 τοῦτο
2902 2169 3076 2224 ἐποίει
3131 2173 3192 2224 οὐ
3248 2175 3409 2244 μόνον
3467 2177 3596 2240 τοὺς
3629 2176 3728 2246 τῆς

2142 2247 2354 2342 οίκείας
2407 2255 2620 2319 πόλεως
2673 2257 2992 2330 οἰκήτορας,
3044 2261 3181 2317 ἀλλὰ
3231 2265 3472 2320 καὶοτῶν
3507 2271 3727 2342 πόρρω-

2142 2341 2236 2396 θεν
2269 2344 2375 2434 τὴν,
2411 2345 2630 2418 οίκησιν
2669 2349 2906 2419 ἐχόντων
2938 2368 2953 2385 ο
2995 2352 3138 2408 ὥστε
3167 2355 3258 2410 διὰ
3291 2359 3472 2428 πάσης
3495 2360 3600 2432 γῆς
3622 2341 3729 2434 τήν

2142 2438 2336 2507 φήμην
2368 2431 2535 2494 αὐτοῦ
2565 2439 2906 2514 διαδραμεῖν,
2936 2445 3034 2500 καὶ
3062 2447 3284 2503 πάντων
3332 2451 3427 2505 ἐπὶ
3457 2431 3728 2526 τῷαύτῷ

2143 2528 2484 2584 σπευδόντων
2519 2533 2964 2608 προσέρχεσθαι,
3026 2540 3121 2592 καὶ
3178 2540 3308 2605 τοὺς
3366 2542 3724 2615 ὀχλουμένους

2141 2619 2247 2673 ὑπὸ
2277 2622 2607 2692 πνευμάτων
2639 2624 2969 2698 ἀκαθάρτων
3006 2629 3144 2700 πρὸς
3167 2635 3284 2696 τοῖς
3312 2634 3470 2688 ποσὶν
3493 2635 3593 2690 τοῦ
3624 2655 3716 2706 μα-

2141 2707 2340 2779 καρίου
2391 2711 2754 2780 προσέφερον.
2807 2715 2870 2767 οι
2896 2713 2952 2766 δέ
2978 2716 3249 2783 ὠφελείας
3271 2717 3433 2789 χάριν
3464 2721 3606 2792 πρὸς
3630 2724 3706 2776 τὸν

2143 2799 2416 2870 μακάριον
2449 2803 2834 2872 παρεγένοντο,
2871 2806 2965 2858 καὶ⁵
2996 2807 3200 2873 πάντες
3251 2810 3348 2883 τὴν
3393 2813 3564 2884 ῥῶσιν
3618 2814 3714 2868 τῶν

2137 2891 2507 2962 ψυχικῶν-καὶ
2535 2896 2866 2965 σωματικῶν
2892 2901 3010 2960 ταῖς
3033 2897 3128 2953 τοῦ
3149 2902 3300 2955 ὁσίου
3332 2904 3520 2975 εὐχαῖς
3541 2906 3718 2960 οἴκαδε

2139 2983 2510 3053 λαμϐάνοντες
2557 2987 2908 3059 ἐπορεύοντο.
2961 2991 3152 3057 Οὕτως
3207 2995 3302 3048 τοῦ
3351 2999 3626 3069 μακαρίου
3665 3001 3718 3053 ἐν

2139 3077 2262 3139 ταῖς
2306 3076 2550 3154 ἐντολαῖς
2591 3077 2686 3130 τοῦ
2725 3080 2934 3151 Κυρίου
2973 3082 3171 3147 νυκτὸς
3204 3085 3302 3139 καὶ⁸
3330 3085 3548 3158 ἡμέρας
3581 3089 3717 3145 κατὰ

2063 3205 2106 3262 c
2139 3167 2230 3220 τὸν
2261 3167 2551 3222 θεσπέσιον
2575 3169 2741 3225 Δασὶδ
2763 3173 3202 3244 ἐμμελετῶντος,
3253 3181 3480 3248 γέγονεν
3531 3181 3608 3246 ὡς
3661 3184 3720 3236 τὸ

2139 3257 2296 3320 ξύλον
2315 3260 2376 3313 τδ
2401 3263 2811 3334 πεφυτευμένον
2841 3264 2994 3337 παρὰ
3017 3267 3116 3330 τὰς
3155 3269 3422 3335 διεξόδους
3448 3272 3560 3327 τῶν
3597 3275 3718 3330 sua-

2135 3367 2266 3416 των,
2313 3351 2342 3404 ὃ
2371 3352 2463 3405 τὸν
2494 3353 2710 3424 καρπὸν
2733 3355 2899 3410 αὐτοῦ
2931 3359 3193 3431 παρεῖχεν
3220 3361 3342 3414 καθ’
3362 3363 3596 3434 ἡμέραν,
3627 3366 3718 3421 καὶ

2136 3443 2367 3514 παρέχει
2405 3447 2518 3509 τοῖς
2555 3445 2873 3518 χρῄζουσιν.

2205 3535 2318 3602 HI".
2388 3536 2552 3593 Ἀλλὰ
2593 3541 2688 3594 καὶ
2733 3541 2876 3595 οὕτω
2913 3542 2976 3596 τὸ
3029 3543 3239 3614 πλῆθος
3285 3545 3376 3598 τοῦ
3414 3546 3544 3600 λαοῦ
3587 3548 3715 3620 πρδς

2133 3629 2201 3696 τῇ
2234 3626 2389 3680 πόλει
2423 3629 2531 3682 τῶν
2593 3630 3058 3701 Ἀκραγαντίνων,
3099 3635 3264 3704 χάριν
3320 3637 3536 3703 ἰάσεως,
3589 3627 3716 3712 cup-

2136 3713 2375 3783 ῥέοντος,
2409 3715 2471 3767 τὸ
2495 3716 2594 3786 τῆς
2635 3718 2868 3790 οἰήσεως
2925 3724 3272 3792 προσωπεῖον
3320 3725 3415 3778 καὶ
3458 3727 3520 3778 τὸ
3563 3731 3715 3784 κενὸν

2134 3803 2244 3856 τῶν
2279 3804 2586 3876 ἀνθρώπων
2619 3807 2869 3880 δοξάριον
2903 3812 3214 3882 ἐκφεύγων,
3239 3814 3393 3879 τινὰς
3419 3815 3532 3868 τῶν
3559 3817 3715 3871 εὐλα-

2135 3895 2411 3964 ϐεστέρων
2437 3898 2603 3953 αὐτοῦ
2663 3902 2944 3974 κληρικῶν
3002 3905 3337 3978 παραλαϐὼν
3386 3909 3446 3962 ἐν
3475 3911 3717 3984 ’ἐρήμοις

2136 3991 2230 4044 καὶ
2263 3991 2450 4062 δρεσιν
2493 3992 2574 4062 τῷ
2616 3995 2738 4068 Θεῷ
2771 3998 3092 4068 καταμόνας
3119 4005 3446 4076 προσομίλει
3479 4009 3536 4060 ἐν
3559 4009 3718 4063 πνεύ-

2139 4101 2271 4156 ματι
2302 4101 2316 4115 °
2351 4085 2467 4140 ἀλλ’
2505 4089 2606 4142 οὐκ
2646 4089 2890 4162 ἐγύμνου
2931 4093 3128 4148 ἐαυτὸν
3154 4096 3390 4153 ἐπιπολὺ
3461 4102 3562 4172 τῆς
3601 4100 3718 4154 ποί-

2139 4195 2278 4250 μνης
2298 4181 2326 4233 ὁ
2352 4181 2648 4252 πάνσοφος.
2683 4178 2898 4238 Εὗπλον
2934 4183 3045 4256 γὰρ
3077 4187 3170 4241 τδν
3211 4188 3592 4260 άρχιδιάκονον
3623 4191 3718 4246 σὺν

2148 4267 2408 4340 Ἐράσμῳ
2445 4271 2758 4326 ἐπιστατεῖν
2788 4273 2890 4338 τάς
2929 4274 3400 4347 ἐκκλησιαστικὰς
3420 4281 3717 4352 διοικήσεις

2135 4359 2442 4416 ἐκέλευσεν.
2490 4363 2600 4416 Καὶ
2643 4365 2672 4417 ὁ
2715 4363 2816 4434 μὲν
2860 4363 3073 4432 Εὖπλος
3106 4370 3308 4439 χήραις
3340 4373 3435 4426 καὶ
3463 4373 3716 4444 ὀρφανοῖς

2136 4451 2208 4503 τά
2242 4450 2381 4522 πρὸς
2409 4450 2508 4523 τὴν
2542 4451 2734 4524 χρείαν
2765 4457 3027 4528 χορηγεῖν
3053 4457 3160 4512 ὑπὸ
3187 4459 3284 4514 τοῦ
3315 4463 3588 4533 μακαρίου
3609 4465 3717 4532 ’ἀφ-

448 4541 556 4595 que
585 4525 735 4596 large
764 4533 1016 4595 snmptus
1052 4528 1331 4596 praebere;
1381 4526 1612 4584 Erasmo
1647 4539 1830 4584 autem
1858 4530 2034 4585 delata

2141 4543 2312 4606 θόνως
2357 4545 2706 4616 προσετάχθη
2737 4525 2922 4600 Post
2968 4548 3248 4621 Ἔρασμος
3294 4525 3386 4606 ⁶τὸν
3427 4525 3586 4622 λόγον
3619 4525 3715 4626 si};

451 4633 581 4672 cura
617 4619 802 4689 populi
831 4618 1118 4673 erudiendi
1159 4628 1212 4674 et
1243 4620 1308 4674 ad
1356 4631 1560 4676 rectam
1599 4621 1908 4676 doctrinam
1947 4621 2032 4678 iu-

451 4711 732 4766 stitucudi.
771 4709 906 4764 Nam
949 4711 1065 4777 ipse
1097 4726 1319 4782 quoque
1349 4714 1570 4784 ingenio
1619 4714 1932 4782 praestabat,
1977 4725 2034 4772 et

451 4820 480 4858 a
537 4813 732 4859 sancto
790 4801 1055 4872 Gregorio
1108 4805 1361 4860 excultus
1424 4804 1622 4858 fuerat.
1681 4804 1862 4870 Quare
1909 4821 2030 4863 cum

452 4896 595 4950 beati
629 4895 682 4950 bi
715 4894 818 4950 viri
855 4895 946 4950 ubi
983 4909 1124 4965 opus
1167 4905 1307 4963 erat,
1359 4911 1584 4968 operam
1621 4911 1776 4951 suam
1821 4902 2036 4970 egregie

451 4995 732 5050 navarent,
765 4985 923 5054 copia
953 4988 1118 5042 etiam
1149 4997 1344 5043 sancto
1374 4986 1644 5058 Gregorio
1669 4986 1772 5042 fuit
1798 4989 2032 5059 plurima

448 5096 481 5136 c
511 5081 714 5138 divinis
744 5083 986 5138 oraculis
1017 5081 1274 5152 privatim
1309 5079 1616 5151 explicandi
1645 5081 1780 5153 (25),
1813 5095 1936 5150 qua:
1964 5079 2033 5137 ad

448 5256 670 5314 quenter
705 5242 946 5320 accedet,
984 5257 1240 5316 geratque
1260 5243 1711 5320 sollicitudinem,
1741 5253 1792 5297 et
1822 5245 2032 5320 animos

449 5313 632 5368 eorum
663 5313 1029 5368 admonitione
1055 5313 1170 5370 sua}
1204 5313 1598 5368 adhortationis
1635 5315 1892 5368 accendat
1919 5331 1938 5369 :
1973 5325 2032 5369 ut

449 5394 648 5453 quanto
683 5399 802 5454 quae
845 5384 1847 5458 exspectatur?Aelo‘iggitturfestivitas.
1879 5396 2030 5458 tanta

449 5469 507 5508 se
550 5469 888 5522 praeparare,
938 5453 987 5509 et
1051 5471 1166 5509 eam
1213 5453 1480 5508 desiderio
1527 5453 1750 5516 ferventi
1806 5455 2032 5510 debeant

449 5524 730 5578 cristiuere.
1213 5521 1226 5534 ’

523 5593 636 5664 (2t)
675 5592 731 5648 Id
766 5592 906 5664 folim
953 5595 1008 5649 in
1065 5594 1303 5650 concilio
1325 5593 1768 5664 wCarthagincnsi
1794 5611 1846 5649 tv
1893 5611 2032 5663 pra:-

452 5661 731 5738 seriptum
758 5663 937 5738 fuerat
976 5665 1122 5738 (can.
1152 5666 1288 5738 II);
1321 5661 1390 5720 Ut
1418 5661 1692 5735 episcopus
1739 5681 1844 5718 non
1880 5661 2033 5738 longe

449 5734 518 5788 ab
547 5732 766 5804 ecclesia
801 5732 1145 5804 hospitiolum
1177 5735 1386 5788 habent.

521 5803 633 5859 ωτι
679 5803 844 5861 Vetus
883 5803 998 5862 haec
1041 5819 1262 5865 quoque
1303 5806 1388 5859 lex
1435 5811 1572 5871 erat,
1621 5819 1786 5875 quam
1841 5807 2032 5868 Patres

2135 4636 2374 4701 πίστεως
2401 4636 2738 4706 διαγγέλλειν
2765 4641 2879 4704 τοῖς
2909 4639 3058 4704 λαοῖς
3113 4643 3400 4698 ἐντέταλτο
3422 4661 3439 4677 ·
3491 4641 3562 4716 ἦν
3609 4647 3712 4718 γὰρ

2133 4731 2230 4784 καὶ
2267 4731 2428 4795 αὐτὸς
2459 4729 2664 4803 εὐφυὴς
2700 4730 2794 4786 καὶ
2829 4733 3262 4805 πεπαιδευμένος
3305 4737 3372 4790 ἐκ
3407 4736 3505 4790 τοῦ
3560 4738 3711 4807 ἁγίου

2135 4823 2462 4895 Γρηγορίου.
2506 4821 2696 4884 Οὕτως
2727 4818 2822 4878 οὗν
2859 4823 2969 4878 τῶν
3010 4827 3300 4898 μακαρίων
3328 4828 3710 4902 ἐπαρκούντων

2133 4916 2202 4969 τὰ
2232 4913 2371 4984 πρὸς
2406 4913 2507 4984 τὴν
2531 4913 2742 4984 χρείαν,
2778 4918 2808 4968 ὁ
2841 4915 3000 4984 ἅγιος
3035 4917 3340 4990 Γρηγόριος
3379 4919 3451 4974 τὰ
3491 4921 3710 4974 πλεῖστα

2133 5007 2202 5060 δι’
2232 5005 2431 5060 ἐαυτοῦ
2487 5005 3005 5080 παρρησιαζόμενος
3025 5008 3094 5063 τὰ
3121 5009 3258 5080 πρὸς
3283 5013 3560 5084 σωτηρίαν
3593 5028 3714 5066 συν-

2133 5095 2382 5150 τείνοντα
2410 5096 2702 5151 ὑπετίθετο
2727 5097 2908 5168 λόγια.
2933 5098 3114 5154 Πολλὰ
3141 5097 3198 5155 δέ
3247 5104 3451 5172 σημεῖα
3483 5104 3576 5158 ἐπὶ
3605 5103 3711 5158 τῶν

2134 5245 2354 5330 cooeilii
2383 5254 2860 5330 Carthaginiensis
2891 5272 2944 5312 tv
2976 5269 3279 5330 sanxerant
3305 5260 3452 5330 (can.
3484 5261 3572 5328 I7)
3601 5279 3616 5316 :
3644 5261 3711 5316 Ut

2134 5326 2410 5396 episcopus
2431 5325 3176 5400 gubernationemiuiduarum
3211 5341 3262 5384 et
3299 5325 3622 5400 pupillorum
3652 5349 3714 5388 ac

2133 5403 2533 5467 peregrinorum
2558 5412 2662 5450 non
2693 5399 3066 5472 perseipsum,
3101 5400 3192 5453 sed
3223 5417 3317 5470 per
3350 5399 3714 5472 archipresby-

2136 5478 2307 5539 terum
2329 5476 2442 5539 ,out
2471 5483 2566 5536 per
2597 5467 3036 5539 archidiacouum
3071 5481 3222 5539 agat.

2206 5537 2320 5610 (25)
2363 5537 2437 5590 Ex
2465 5539 2569 5592 hoc
2604 5537 2892 5610 Ioco_satis
2924 5537 3180 5610 constare
3212 5540 3450 5606 videtur,
3479 5555 3589 5609 quo
3615 5555 3716 5610 po-

2135 5609 2421 5678 pssimum
2440 5616 2684 5676 tempore
2707 5605 3008 5678 Gregorius
3030 5620 3216 5678 noster
3239 5605 3710 5666 Commentarium

2136 5677 2190 5749 in
2220 5675 2587 5749 Ecclesiasten
2617 5675 3033 5749 conscripserit.
3066 5677 3184 5746 Qua
3223 5680 3291 5736 de
3326 5696 3385 5736 re
3411 5680 3572 5737 nobis
3602 5682 3712 5736 alio

2135 5748 2258 5804 loco
2284 5747 2579 5802 dicendum
2607 5757 2711 5804 est.
