4102 6384
493 389 602 455 755

1624 401 1685 460 S.
1714 401 2090 463 GREGORII
2129 405 2641 466 AGRIGENTINI

3663 407 3764 472 ’156

494 499 722 558 humilis
735 500 818 564 lit,
844 501 1050 574 quique
1075 503 1140 558 ad
1164 505 1412 562 cmlestia
1437 509 1858 578 contemplanda
1888 521 2073 574 natus,

2183 513 2385 584 ὑψηλὸς
2424 514 2634 583 γίνεται
2674 512 2953 578 ταπεινὸς,
3005 511 3099 567 καὶ
3151 511 3180 565 ό
3234 509 3302 567 τὰ
3349 510 3472 568 ἀνω
3510 517 3762 584 πεφυκὼς

495 591 753 647 inferiora
780 591 957 648 inhiat
977 593 1302 666 insipienter
1333 615 1348 652 :
1379 605 1491 652 tum
1523 600 1618 670 qui
1653 601 1708 655 in
1739 600 1948 658 honore
1982 603 2079 658 ha-

493 683 745 752 bebatur,
801 685 1148 756 stupidarum
1190 690 1463 760 pecudum
1495 692 1918 750 similitudinem
1954 710 2078 767 spe-

494 777 745 848 ciemque
781 781 958 850 gerit;
988 789 1043 838 et
1066 783 1168 852 qui
1201 785 1350 856 regia
1383 786 1650 858 dignitate
1689 801 1888 847 auctus
1928 793 2079 862 prin—

490 867 664 936 cipari
687 881 954 939 eruperat,
987 875 1395 944 mancipiorum
1418 893 1586 948 prope
1617 882 1726 936 ritu
1757 883 2078 939 servitutem

493 960 664 1015 servit
687 961 956 1034 inglorius
998 982 1012 1019 :
1051 965 1158 1036 ιο
1205 968 1303 1037 qui
1356 969 1593 1041 denique
1647 973 2081 1032 immortalitatis

499 1053 772 1124 particeps
818 1069 1268 1114 ornamentorum
1322 1061 1730 1130 pulchritudine
1777 1066 2079 1134 renitebat,

495 1147 658 1203 morti
679 1149 794 1218 jam
827 1158 882 1205 et
908 1154 1254 1224 corruptioni
1290 1158 1489 1212 merito
1528 1159 1784 1215 addictus
1812 1170 1917 1216 est.
1941 1159 2076 1216 Nam

495 1247 701 1296 eterna
725 1243 947 1313 quidem
975 1259 1304 1318 semperque
1337 1265 1597 1306 mansura
1625 1260 1686 1306 ιιι
1713 1261 1925 1318 teneas,
1953 1255 2081 1309 nul-

494 1332 606 1388 lam
637 1334 865 1392 omnino
887 1351 1110 1408 operam
1145 1353 1372 1410 ponere,
1425 1357 1608 1414 neque
1655 1344 1768 1400 ullo
1808 1346 2082 1401 bonorum

495 1425 811 1481 divinorum
859 1428 1139 1486 desiderio
1193 1433 1442 1500 moveri;
1498 1441 1665 1504 atque
1727 1435 1866 1491 adeo
1939 1437 2082 1492 nihil

497 1516 762 1574 adeunda:
806 1519 862 1574 in
892 1521 1049 1576 caelis
1083 1521 1422 1580 haereditatis
1463 1526 1734 1595 promissa
1768 1527 2077 1594 attendere,

497 1624 782 1680 nunquam
815 1611 882 1668 ad
919 1612 1284 1670 immortalem
1317 1616 1464 1671 illam
1495 1625 1551 1671 et
1578 1619 1792 1673 beatam
1846 1620 2079 1690 gloriam

497 1694 852 1770 laetitiamque
875 1701 1122 1772 aspirare
1149 1713 1246 1760 aut
1272 1705 1387 1760 ullo
1431 1706 1722 1764 iueﬂ‘abilis
1757 1711 2080 1782 angelorum

495 1787 679 1857 gaudii
727 1804 914 1846 amore
966 1795 1193 1850 accendi
1229 1813 1243 1849 :
1277 1807 1584 1868 contraque
1618 1800 1852 1871 gloriam
1910 1803 2075 1866 banc,

2182 606 2422 677 βλέπειν,
2452 606 2590 678 πρός
2614 605 2683 660 τὰ
2718 605 2868 659 κάτω
2889 606 3092 676 κέχηνε
3118 604 3520 676 παραφρόνως,
3552 607 3644 662 καὶ
3667 608 3695 660 ό
3711 611 3766 663 ιν

2178 701 2313 770 τιμῇ
2338 695 2436 764 ὣν,
2470 695 2938 768 παρασυνεσλήθη
2967 697 3084 760 τοῖς
3115 697 3346 767 κτήνεσι
3377 699 3504 760 τοῖς
3527 699 3766 770 ἀνοήτοις

2181 791 2278 842 καὶ
2309 785 2569 858 ὡμοιώθη
2603 788 2791 850 αὐτοῖς
2817 803 2831 818 ·
2873 786 2969 841 καὶ
2994 788 3024 840 ό
3053 787 3240 858 ἄρχων
3268 787 3366 840 καὶ
3391 785 3651 856 βασιλεὺς
3673 806 3760 843 τε-

2180 881 2478 950 ταγμένος,
2519 879 2726 952 ἀκλεὴς
2757 877 2990 950 εὓρηται
3023 878 3426 950 παραπλησίως
3475 883 3589 944 τοῖς
3641 880 3759 934 δού-

2179 971 2293 1035 λοις
2320 987 2337 1004 ⁶
2369 970 2464 1025 καὶ
2512 971 2541 1024 ό
2565 971 2665 1042 τῆς
2694 970 2996 1034 ἀθανασίας
3025 968 3475 1040 καθωραϊσμένος
3509 971 3606 1024 καὶ⁸
3645 972 3758 1027 δια-

2181 1065 2410 1136 πρέπων
2441 1065 2556 1128 τοῖς
2587 1063 2832 1129 κάλλεσι,
2863 1060 2945 1132 τῷ
2967 1059 3188 1130 Θανάτῳ
3218 1060 3314 1116 καὶ
3367 1063 3432 1132 τῇ
3461 1061 3638 1134 φθορᾷ
3683 1063 3758 1116 δι-

2181 1159 2354 1222 καίως
2385 1156 2881 1226 καθυποκείμενος.
2926 1152 3002 1208 Τὸ
3038 1152 3146 1224 γὰρ
3180 1151 3446 1224 μηδαμῶς
3498 1152 3635 1222 πρὸς
3665 1156 3762 1225 τὴν

2179 1249 2290 1304 τῶν
2319 1248 2560 1304 αἰωνίων
2593 1248 2688 1302 καὶ
2717 1245 3084 1316 διαμενόντων
3109 1243 3198 1298 ἀεὶ
3233 1243 3425 1314 κτῆσιν
3453 1245 3662 1314 ἀφορᾷν
3702 1246 3762 1298 τὸ

2183 1340 2470 1412 παράπαν,
2507 1341 2646 1410 μήτε
2678 1339 2786 1411 μὴν
2817 1336 2924 1391 τῶν
2982 1335 3147 1390 θείων
3201 1333 3424 1404 ἀγαθῶν
3482 1333 3630 1404 ἔχειν
3667 1335 3761 1407 τὴν

2182 1427 2604 1499 ἐπηγγελμένην
2633 1425 3001 1498 κληρονομίαν
3031 1425 3092 1478 ἐν
3137 1426 3250 1488 τοῖς
3287 1424 3540 1495 οὐρανοῖς
3563 1439 3578 1453 ο
3633 1424 3763 1494 μηδὲ

2183 1519 2322 1592 πρὸς
2349 1519 2450 1590 τὴν
2477 1520 2757 1592 ἀκήρατον
2797 1518 2892 1572 καὶ
2939 1516 3216 1588 μακαρίαν
3265 1515 3484 1586 ἐκείνην
3533 1515 3762 1568 ἀναπτε-

2187 1605 2412 1676 ροῦσθαι
2436 1605 2595 1671 δόξαν
2634 1607 2728 1659 καὶ
2756 1605 3043 1676 χαρμονήν
3067 1619 3082 1634 ·
3117 1605 3259 1675 μήτε
3309 1604 3418 1676 μὴν
3473 1603 3762 1675 πυρπολεῖ-

2184 1698 2310 1752 σθαι
2341 1697 2420 1767 τῷ
2492 1698 2656 1770 ἔρωτι
2685 1699 2786 1769 τῆς
2834 1699 3077 1772 ἀρρήτου
3134 1696 3246 1750 τῶν
3305 1697 3479 1766 ἁγίων
3524 1696 3763 1766 ἀγγέλων

2184 1792 2559 1862 ἀγαλλιάσεως
2599 1809 2613 1824 ·
2649 1791 2766 1847 ἀλλ’
2794 1790 3030 1862 ἔμπαλιν
3062 1790 3163 1857 τὴν
3195 1788 3552 1844 ἀπανθοῦσαν
3611 1789 3764 1854 δόξαν

495 1894 605 1934 non
635 1895 796 1938 secus
823 1897 888 1939 ac
937 1899 1138 1942 vernos
1186 1885 1351 1945 ﬂores
1397 1889 1876 1960 deﬂorescentem,
1925 1895 2079 1950 omni

2184 1881 2276 1936 ῐσα
2307 1884 2540 1947 καὶτοῖς
2569 1884 2810 1952 ἐαρινοῖς
2843 1881 3066 1936 ἄνθεσιν
3095 1880 3374 1952 ἐπιμελῶς
3405 1879 3646 1947 διώκειν,
3675 1881 3764 1934 καὶ

495 1973 680 2028 studio
707 1978 960 2047 persequi
985 1995 999 2045 ;
1035 1987 1091 2035 et
1119 1990 1388 2050 quantum
1421 1981 1670 2042 adhiberi
1698 1999 1846 2040 cura:
1875 1995 2078 2056 potest,

494 2075 707 2122 tantum
763 2069 832 2125 ad
861 2070 1084 2128 divitias
1119 2071 1357 2142 injustas
1405 2076 1904 2148 corruptibilesque
1949 2093 2081 2134 coa-

493 2161 796 2219 eervandas
821 2163 1095 2230 conferre,
1133 2175 1296 2238 atque
1351 2170 1418 2222 ad
1473 2177 1716 2239 quaestus
1769 2185 1868 2240 per
1897 2169 2004 2225 vim
2027 2182 2083 2226 et

493 2256 718 2326 rapinas
747 2259 1032 2330 augendos
1064 2262 1369 2333 tyrannica
1417 2265 1708 2334 potestatis
1761 2263 1952 2322 lurore
1997 2265 2082 2320 iu-

492 2346 788 2417 ﬂammari,
848 2349 983 2407 falsa
1022 2353 1184 2408 simul
1215 2363 1529 2422 contexere,
1561 2355 1872 2414 calumnias
1903 2372 2080 2412 men-

492 2439 770 2511 dacesque
800 2445 1185 2501 accusationes
1214 2446 1401 2501 venari
1439 2464 1454 2502 :
1492 2456 1608 2502 tum
1649 2449 2077 2506 comessationi-

491 2531 598 2586 bus
626 2533 983 2604 crapulisque
1032 2535 1101 2590 ad
1129 2537 1450 2592 ebrietatem
1481 2555 1658 2610 usque
1710 2548 1856 2596 totos
1890 2555 1950 2596 se
1979 2541 2078 2596 de-

491 2619 643 2688 dere,
677 2629 732 2676 et
753 2638 876 2693 quae
902 2624 1009 2680 ista
1040 2626 1294 2682 comitari
1350 2627 1550 2690 solent.
1605 2629 1662 2683 in
1713 2629 2079 2686 exsecrandis

490 2711 873 2782 voluptatibus
902 2725 1068 2786 atque
1105 2716 1162 2772 in
1192 2717 1344 2772 omni
1375 2717 1664 2773 libidinum
1699 2733 1898 2790 genere
1918 2719 2079 2773 volu-

491 2803 598 2858 tari
622 2819 640 2869 ;
664 2814 905 2874 quantm,
937 2823 1150 2878 quaeso,
1179 2809 1444 2866 vanitatis
1475 2811 1560 2866 vel
1589 2811 1807 2883 singula
1847 2826 2082 2882 qumque

493 2913 616 2954 esse
653 2901 1044 2970 reperiuntur?
1075 2903 1270 2973 quidni
1309 2903 1474 2974 igitur
1505 2903 1623 2959 base
1664 2905 1850 2960 omnia
1894 2914 1949 2960 et
1981 2906 2083 2962 ιιο⁹

493 3005 618 3044 rum
651 2989 856 3045 similia
905 2991 1121 3048 vanitas
1151 2992 1457 3050 vanitatem
1487 2991 1622 3058 sint,
1649 2992 1768 3057 sive
1795 3001 1854 3049 ut
1888 2993 2084 3050 Eccle-

491 3081 696 3138 siastes
757 3081 952 3138 iterata
1021 3083 1388 3154 appellatione
1447 3083 1760 3155 signiﬁcare
1814 3085 2082 3142 intentius

2184 1974 2349 2029 παντὶ
2381 1973 2560 2028 σθένει
2595 1973 2850 2027 σπεύδειν
2890 1973 3029 2044 πρὸς
3055 1973 3384 2031 ἀδίκουκαὶ
3410 1971 3765 2042 φθειρομένου

2182 2064 2416 2119 πλούτου
2452 2064 2822 2134 συνάθροισιν,
2855 2065 2951 2118 καὶ
2981 2063 3288 2134 μεμηνέναι
3338 2063 3483 2134 πρὸς
3521 2079 3764 2135 τιιραννι⁹

2182 2154 2285 2224 κὴν
2309 2151 2779 2206 καταδυναστείαν
2804 2152 2898 2205 καὶ
2924 2150 3034 2204 τῶν
3059 2149 3421 2220 ἀρπακτικῶν
3461 2152 3558 2205 καὶ
3587 2151 3767 2204 πλεονε-

2183 2242 2420 2298 εκτικῶν
2483 2241 2648 2314 δῆθεν
2695 2241 2906 2312 κερδῶν
2950 2240 3051 2312 τὴν
3112 2241 3297 2295 ἄδικον
3347 2240 3627 2312 αὔξησινο
3683 2239 3771 2298 καὶ

2181 2336 2354 2408 ψεύδη
2387 2336 2680 2410 ῥαψῳδεῖν,
2715 2335 2812 2389 καὶ
2839 2333 3093 2397 διαϐολάς
3127 2333 3222 2387 καὶ
3254 2333 3632 2402 συκοφαντίας
3680 2333 3768 2403 θη-

2185 2429 2368 2502 ρεύειν
2403 2445 2416 2458 ·
2454 2428 2550 2482 καὶ
2583 2427 2869 2498 σχολάζειν
2899 2427 2958 2479 ὲν
2983 2425 3350 2496 ἀδδηφαγίαις
3377 2427 3486 2480 καὶ
3538 2426 3768 2498 κραιπά-

2183 2521 2306 2584 λαις
2334 2520 2429 2573 καὶ
2476 2518 2692 2589 μέθαις,
2726 2518 2822 2572 καὶ
2855 2517 3083 2581 ταύταις
3133 2515 3463 2582 ἀκολούθως
3525 2515 3769 2584 ἐγκαλινο

2183 2611 2388 2665 δεῖσθαι
2417 2613 2537 2675 ταῖς
2568 2611 2861 2682 σαρκικαῖς
2895 2610 2991 2664 καὶ
3023 2609 3349 2680 βδελυκταῖς
3377 2610 3607 2682 ἡδοναῖς
3625 2625 3640 2640 °
3673 2610 3764 2662 πό-

2186 2719 2287 2773 σης
2313 2702 2414 2756 οὐκ
2437 2701 2502 2754 ἂν
2534 2701 2618 2772 είη
2654 2699 2814 2754 τοῦτο
2843 2700 3076 2756 ἕκαστον
3112 2703 3530 2771 ματαιότητοςς
3587 2701 3768 2772 μᾶλλον

2183 2795 2242 2848 δὲ
2271 2793 2387 2858 πῶς
2409 2793 2532 2863 οὐχὶ
2562 2793 2733 2848 ταῦτα
2758 2793 2938 2848 πάντα
2971 2793 3068 2848 κα).
3101 2793 3170 2847 τά
3219 2793 3598 2864 παραπλήσια
3657 2791 3766 2847 τού-

2183 2903 2298 2949 τοις
2327 2885 2624 2956 ματαιότης
2655 2886 3040 2956 ματαιοτήτων
3065 2887 3172 2940 εἰσί
3199 2904 3215 2954 ;
3252 2887 3332 2958 τῷ
3375 2886 3768 2942 ἀναδιπλασιαο

2186 2975 2309 3047 σμῷ
2337 2977 2438 3047 τῆς
2469 2975 2668 3042 λέξεως
2703 2976 2991 3042 ποιοῦντος
3011 2977 3106 3032 τοῦ
3171 2977 3618 3050 Ἐκκλησιαποῦ
3677 2977 3766 3049 τὴν

2184 3065 2456 3138 ὑπόληψιν
2488 3066 2590 3137 τῆς
2627 3066 2989 3138 ματαιότητος
3015 3067 3523 3139 ὲπιτατικωτὲριν.
3570 3067 3771 3138 Ἀμέλει

489 3173 688 3238 voluit,
740 3189 960 3232 summa
1011 3175 1226 3232 vanitas
1277 3175 1434 3248 (ΞΟΠ
1489 3177 1670 3248 Atque
1726 3177 1896 3245 idem,
1949 3180 2079 3250 quia

2183 3156 2364 3210 τοίνυν
2395 3156 2471 3221 ὡς
2499 3157 2637 3228 πρὸς
2665 3157 2820 3212 οὐδὲν
2853 3157 3029 3228 πέρας
3055 3157 3382 3229 ὀνησιφόρον
3425 3157 3772 3228 ἀφικομένων

491 3263 746 3320 homines
779 3265 870 3335 qui
902 3265 1146 3320 studium
1187 3281 1493 3337 curamque
1526 3283 1684 3322 suam
1720 3269 1774 3323 iu
1803 3268 2079 3338 ejusmodi

2185 3249 2296 3304 τῶν
2324 3251 2384 3302 έν
2427 3254 2540 3314 τοῖς
2589 3249 2910 3322 εἰρημένοις
2943 3249 3367 3322 ἀσχολουμένων
3395 3249 3634 3322 ἀμέσως
3681 3250 3774 3316 έπ-

492 3353 658 3410 rebus
677 3363 910 3426 ponunt,
943 3355 1012 3410 ad
1033 3370 1160 3410 eum
1185 3356 1418 3411 tendunt
1462 3356 1650 3424 linem,
1696 3358 1751 3426 in
1786 3373 1897 3444 quo
1927 3357 2084 3428 nulla,

494 3444 704 3501 utilitas
736 3447 830 3513 sit,
857 3445 1064 3504 ideirco
1087 3446 1289 3519 adjecit
1317 3450 1502 3504 statim
1528 3465 1540 3500 :

2185 3344 2401 3414 ἤγαγε*

2067 3543 2096 3618 §
2121 3545 2206 3600 ιιι.

571 3660 717 3716 Vsus
747 3661 800 3715 5.
835 3657 982 3724 Quid
1011 3657 1164 3712 habet
1190 3657 1420 3726 amplius
1453 3657 1607 3712 homo
1637 3658 1702 3712 de
1733 3660 1976 3712 universo
2003 3657 2081 3724 la-

493 3753 616 3810 bore
645 3769 762 3818 suo,
791 3767 894 3824 quo
935 3749 1146 3804 laborat
1177 3751 1273 3806 sub
1309 3748 1420 3805 sole
1438 3749 1464 3803 .’

564 3842 626 3896 Id
657 3851 762 3905 est,
790 3835 1284 3904 edisserant'vero,
1325 3839 1544 3910 qualem
1579 3839 1686 3895 sibi
1727 3839 2020 3895 utilitatem
2047 3839 2084 3897 ii

497 3939 838 4001 comparent,
875 3933 967 4000 qui
993 3931 1160 3987 rebus
1195 3932 1295 4002 ιι
1327 3932 1542 3986 inhiant
1598 3933 1988 4002 praesentibus,
2033 3941 2089 3988 et

495 4010 687 4080 breves
718 4024 970 4094 corporis
1007 4023 1320 4094 voluptates
1349 4029 1404 4078 et
1435 4024 1669 4080 delicias
1703 4033 1757 4081 et
1788 4025 2086 4096 populares

493 4129 660 4170 auras
715 4115 969 4170 studiose
1022 4124 1412 4172 consectantur
1454 4134 1624 4188 :quze
1667 4134 1866 4190 nempe
1925 4135 2084 4190 aqua

493 4207 688 4270 instar,
715 4221 839 4274 quae
861 4221 956 4277 per
976 4207 1185 4264 declive
1207 4207 1436 4276 feratur,
1473 4219 1568 4264 aut
1593 4211 1736 4266 roris
1769 4210 2083 4266 matutina:-

491 4313 602 4367 que
627 4298 838 4353 nebulae
870 4313 1042 4366 more,
1077 4301 1188 4356 cito
1241 4300 1582 4372 dispereunt.
1622 4303 1728 4360 Ubi
1783 4304 1928 4359 enim
1961 4320 2086 4360 cra-

496 4388 646 4444 tinus
673 4388 918 4446 illuxerit
947 4391 1086 4458 dies,
1121 4409 1288 4464 quam
1319 4395 1398 4450 illi
1435 4395 1599 4451 hodie
1628 4397 1849 4451 honesti
1885 4412 2083 4467 exper-

497 4489 579 4534 tes
603 4479 935 4550 voluptalem
961 4485 1375 4556 nequitiamqne
1406 4487 1645 4557 amplexi
1668 4496 1819 4552 sunt,
1850 4487 2080 4543 minime

495 4573 607 4640 jam
638 4584 984 4631 constantem
1019 4577 1322 4645 inveniant,
1351 4587 1406 4634 et
1431 4579 1616 4636 inania
1639 4591 1736 4636 eos
1757 4589 1921 4651 atque
1938 4596 2079 4634 vana

496 4674 812 4731 persecutos
841 4683 986 4733 esse,
1005 4670 1460 4728 manifestissime
1482 4681 1762 4742 appareat.
1787 4672 2079 4743 Propterea

489 4762 592 4816 hos
637 4759 786 4830 ipsos
838 4763 1010 4819 Amos
1075 4779 1296 4834 quoque
1330 4765 1551 4820 divinus
1581 4766 1850 4834 propheta
1883 4764 2078 4834 objur-

490 4867 626 4922 gans
649 4868 1052 4924 accusansqne,
1093 4872 1112 4906 ι
1151 4855 1330 4918 Stare,
1379 4854 1578 4920 inquit,
1615 4853 1720 4910 sibi
1776 4855 2073 4920 (iunxerunt,

2270 3659 2366 3724 Τίς
2387 3658 2708 3726 περίσσεια
2737 3653 2818 3721 τῷ
2839 3653 3128 3725 ἀνθρώπῳ
3160 3656 3232 3710 ἐν
3253 3653 3436 3709 παντί
3450 3655 3662 3726 μόχθῳ
3679 3655 3773 3738 αὐ-

2193 3751 2325 3818 τοῦ,
2358 3749 2404 3815 ᾧ
2440 3750 2664 3821 μοχθεῖ
2687 3751 2808 3806 ὑπὸ
2841 3751 2948 3806 τὸν
2991 3749 3210 3816 ἥλιον;

2269 3841 2417 3893 Ἀντὶ
2432 3839 2548 3905 τοῦ,
2578 3841 2748 3896 Ποίαν
2772 3840 2905 3913 γὰρ,
2929 3841 3268 3905 εἰπάτωσαν,
3296 3837 3770 3909 πορίζονταιλυσιο

2191 3935 2406 3990 τέλειαν
2430 3935 2480 3988 οἱ
2506 3935 2802 4007 κεχηνότες
2833 3935 2970 4007 πρὸς
2998 3935 3068 3988 τά
3090 3934 3358 4006 παρόντα,
3389 3934 3488 3987 καὶ
3513 3933 3612 3997 τὰς
3642 3949 3767 4002 cap-

2193 4027 2356 4089 κικὰς
2390 4027 2485 4081 καὶ
2513 4028 2886 4098 προσκαίρους
2917 4026 3111 4097 ἠδονάς
3139 4027 3235 4080 καὶ
3254 4026 3471 4097 τρυφάς
3503 4027 3598 4080 καὶ
3620 4022 3768 4089 δόξας

2190 4117 2338 4188 ἔχειν
2371 4120 2794 4183 ἐσπουδακότες,
2825 4119 3023 4174 θᾶττον
3054 4119 3239 4173 αὐτῶν
3267 4119 3650 4190 ἀποιχομένων
3689 4116 3764 4170 δί-

2190 4232 2296 4285 κην
2338 4215 2532 4279 ὕδατος
2565 4215 2660 4268 ἐπὶ
2693 4216 2755 4270 τὸ
2785 4215 2993 4287 πρανὲς
3049 4215 3376 4288 φερομένου,
3434 4215 3530 4269 καὶ⁵
3584 4213 3766 4284 δρόσου

2188 4307 2282 4362 καὶ
2311 4307 2541 4378 νεφέλης
2568 4307 2798 4379 ἑωθινῆς
2821 4325 2836 4340 ’
2873 4307 3079 4378 ἦκιστα
3105 4305 3215 4378 γάρ
3245 4305 3650 4378 εὑρισκομένης
3690 4304 3765 4365 εἰς

2187 4399 2286 4470 τὴν
2329 4397 2518 4470 αὔριον
2543 4399 2644 4470 τῆς
2676 4399 2994 4470 προσούσης
3027 4401 3142 4461 τοῖς
3175 4396 3568 4468 ἀπειροκάλοις
3597 4397 3762 4465 σήμε-
3846 4441 3850 4445 .

2191 4508 2284 4562 ρον
2321 4489 2621 4554 εὐπαθείας
2652 4491 2748 4546 καὶ
2783 4489 3110 4563 μοχθηρίας,
3147 4489 3284 4542 κενά
3310 4488 3621 4542 δείκνυνται
3679 4485 3764 4538 καὶ

2189 4583 2396 4654 μάταια
2423 4582 2706 4646 παντελῶς
2744 4582 3091 4654 δεδρακότες.
3139 4579 3237 4634 Διὰ
3273 4579 3432 4634 τοῦτο
3481 4594 3764 4648 καταμεμ-

2189 4673 2428 4742 φόμενος
2454 4673 2549 4726 καὶ
2577 4671 2905 4743 κατηγορῶν
2953 4672 3061 4725 τῶν
3093 4671 3352 4724 τοιούτων
3407 4668 3545 4739 φησὶ
3605 4666 3698 4720 καὶ
3737 4666 3765 4717 ὁ

2185 4764 2474 4828 θεσπέσιος
2501 4767 2786 4836 προφήτης
2830 4763 3048 4835 Ἀμώς·
3106 4784 3125 4816 ι
3175 4764 3262 4824 Ὠς
3331 4761 3544 4816 ἑστῶτα
3604 4756 3764 4826 ἐλυγί-

2188 4865 2369 4936 ςαντο,
2403 4857 2496 4909 καὶ
2543 4855 2642 4926 οὐχ
2692 4854 2768 4916 ὼς
2799 4855 3098 4926 φεύγοντα,
3137 4872 3156 4906 ι
3189 4852 3289 4923 τὴν
3339 4851 3631 4920 ὠκυτάτην
3671 4864 3761 4900 πα-

489 4961 614 5016 quae
666 4945 916 5017 fugerent
979 4946 1128 5019 (2i),
1177 4965 1194 4999 ι
1261 4947 1614 5004 velocissimo
1667 4947 1858 5018 utique
1909 4963 2072 5003 cursu

2187 4946 2462 5019 ραδρομὴν
2493 4948 2587 5002 καὶ
2612 4946 2942 5018 παρέλευσιν
2967 4944 3077 4999 τῶν
3100 4945 3398 5014 αἰσχίστων
3423 4943 3524 5013 τῆς
3542 4939 3759 5011 ἀτιμίας

564 5059 678 5130 (20)
709 5059 783 5116 De
813 5061 918 5117 ista
953 5060 1201 5132 ejusdem
1257 5061 1510 5118 vocabuli
1576 5061 1870 5117 iteratione
1909 5063 2078 5116 multa

488 5130 792 5201 Nysseuus,
827 5130 996 5201 quiet
1034 5149 1242 5188 murem
1269 5149 1552 5189 sacrarum
1590 5132 1920 5188 Litterarum
1956 5147 2080 5188 esse

491 5203 753 5273 ostendit,
786 5214 846 5256 ut
876 5219 1001 5271 qua:
1043 5204 1264 5259 modum
1325 5203 1621 5268 excedunt,
1675 5218 1772 5273 per
1806 5205 2075 5272 ejusmodi

487 5272 916 5344 duplicationem
949 5274 1262 5344 signiﬁcent
1295 5294 1306 5328 :
1337 5274 1514 5336 Οὕτω,
1575 5272 1769 5343 inquit,
1803 5273 2078 5343 καὶ.ἆγιόν

486 5359 540 5414 τι
569 5357 644 5394 πα
652 5341 725 5414 ρὰ
752 5345 816 5414 τῇ
835 5341 1026 5414 Γραφῇ
1046 5344 1284 5412 λέγεται·
1301 5349 1394 5398 καὶ
1411 5345 1576 5398 πάλιν
1593 5341 1749 5414 ἅγιον
1782 5341 1978 5412 ἁγίων,
1999 5344 2076 5408 ὠς

488 5411 702 5485 (ripam
727 5411 910 5485 μέτρῳ
943 5411 1039 5468 τοῦ
1065 5411 1127 5468 τε
1159 5415 1216 5480 ἐξ
1249 5415 1406 5483 ἀγίου
1426 5417 1487 5468 τὸ
1507 5411 1682 5483 ἅγιον,
1713 5415 1988 5485 ὑπερέχον
2017 5417 2076 5466 έν

488 5481 764 5554 ᾀγιότίητι,
785 5481 1091 5539 καῖτούτου
1112 5485 1272 5538 πάλιν
1289 5481 1351 5539 τὸ
1373 5486 1481 5539 τῶν
1502 5481 1675 5554 ἁγίων
1699 5481 1852 5552 ἀγιον
1869 5481 1930 5537 τδ
1952 5485 2075 5538 καθ’

489 5551 785 5628 ύπέρθεσεν
812 5555 870 5607 ἐν
891 5555 1155 5628 ἁγιασμῷ,
1180 5551 1622 5628 θεωρούμενον...
1664 5551 1811 5622 λέγει
1844 5556 1955 5627 γάρ
1977 5557 2077 5628 ούχ

493 5618 682 5696 ἀπὲιὲὖς
712 5618 851 5696 εἶναι
897 5618 1202 5694 μάταιὶίέν
1247 5618 1358 5690 τοῖς
1395 5618 1529 5681 ὀὖσι
1579 5618 2078 5696 φαινό’μενα,’ἀλλᾶ

490 5693 614 5769 καθ’
647 5693 1100 5769 ύπέρθεσίν-τινα
1121 5697 1226 5769 τῆς
1253 5699 1394 5752 κατὰ
1429 5698 1490 5769 ab
1535 5693 1764 5769 μάταιον
1797 5696 2075 5769 σημασίας

489 5761 630 5838 εἶναι
653 5761 876 5838 τοιαύτα
897 5782 912 5796 ·
937 5767 1021 5838 ὡς
1045 5761 1195 5838 εἴτις
1216 5767 1364 5835 λέγοι
1391 5768 1486 5822 τοῦ
1526 5761 1723 5838 νεκροῦ
1751 5761 1971 5838 νεκρότε
1980 5784 2074 5837 ρον

475 5835 585 5887 ’καὶ
609 5834 704 5887 τοῦ
733 5835 945 5906 ἀψύχου
963 5834 1315 5908 ἁψυχότερον.
1350 5838 1400 5893 id
1437 5849 1543 5897 est.
1596 5837 1682 5890 Ita
1720 5834 1878 5890 etiam
1941 5834 2068 5890 sano

496 5912 634 5972 ςιιιιπ
671 5908 874 5986 aliquid
905 5909 1284 5962 dicitursacris
1319 5909 1622 5973 t'uLittcris,
1655 5919 1702 5962 ct
1733 5925 1915 5962 rursus
1944 5925 2068 5962 δαη-

2185 5068 2326 5114 ctum
2364 5067 2695 5118 sanctorum,
2729 5056 2862 5109 adeo
2883 5064 2942 5109 ut
2978 5055 3098 5121 pari
3152 5069 3400 5108 mensura
3436 5061 3487 5106 et
3519 5059 3758 5105 sanctum

2181 5137 2390 5199 superet
2423 5129 2705 5198 profanum
2747 5128 2800 5180 in
2831 5127 3138 5199 sanctitate,
3179 5131 3229 5178 et
3271 5123 3366 5199 hoc
3418 5124 3760 5199 iterant‘san-

2181 5193 2327 5254 ctum
2351 5193 2683 5255 sanctorum.
2702 5196 2840 5266 quod
2865 5196 3440 5273 perﬁeat‘supe‘rationem
3459 5193 3756 5273 considera-

2183 5281 2273 5330 tur
2300 5270 2354 5323 in
2378 5263 2901 5342 sanctiﬁcatione,.;.
2939 5265 3078 5320 Dicit
3107 5263 3250 5320 enim
3299 5281 3402 5342 non
3452 5263 3758 5342 simpliciter

2179 5357 2292 5402 esse
2318 5357 2453 5394 vatta
2487 5355 2605 5412 qua:
2641 5341 2698 5391 in
2746 5339 2900 5392 rebus
2949 5347 3222 5412 apparent,
3259 5337 3362 5412 sed
3396 5351 3455 5412 ea
3485 5349 3595 5390 esse
3621 5337 3758 5412 ejus:

2181 5411 2472 5466 modicum
2499 5405 2684 5479 aliqua
2726 5405 3134 5476 uituperatione
3187 5405 3584 5479 quoadhipsam
3638 5405 3754 5456 ram’

2183 5477 2622 5549 signiﬁcationem
2661 5495 2678 5532 :
2723 5480 2936 5548 perinde
2983 5490 3047 5532 ac
3093 5479 3142 5531 si
3186 5479 3302 5548 quis
3353 5477 3495 5529 dicat
3553 5481 3756 5549 mortuo

2183 5541 2373 5624 magis
2387 5562 2651 5606 mortuum
2685 5541 2734 5605 et
2759 5551 2996 5604 inanimo
3031 5541 3208 5618 magis
3225 5549 3542 5602 inanimum.
3575 5541 3752 5614 (Hom.

2181 5625 2199 5678 Ι
2248 5623 2302 5676 iu
2337 5623 2480 5677 Eccl.

2251 5629 2575 5764 [(3602.305
2618 5709 2709 5764 γνι,
2773 5709 2829 5748 n.
2880 5691 2932 5756 5,
2989 5691 3129 5760 apud
3173 5689 3337 5754 LXX,
3395 5685 3626 5764 legimus
3663 5680 3752 5764 ,ὡς

2179 5760 2452 5835 ἑστηκότα
2479 5763 2892 5832 ὲ).ογίσαντο...;
2929 5767 2980 5817 in
3013 5765 3216 5818 nostris
3249 5760 3499 5835 veroalia
3529 5760 3748 5835 cunning

2183 5847 2268 5889 est
2299 5819 2640 5890 'scntcntia':
2693 5819 2956 5904 scriptum
2997 5835 3138 5886 enim
3189 5842 3272 5887 cst
3315 5851 3326 5884 :
3370 5829 3518 5884 Sicut
3581 5819 3748 5878 David

2181 5917 2494 5975 putaremur
2529 5921 2582 5960 se
2611 5907 2796 5960 habere
2827 5923 2950 5960 rasa
2979 5905 3188 5968 mntiri.
