4102 6380
489 301 594 364 ’ἱόθ

1621 318 1682 380 S.
1721 318 2098 381 GREGORII
2135 323 2648 386 AGRIGENTINI

3642 334 3740 400 760

489 409 606 466 litia
635 421 690 467 et
721 412 1072 485 improbitate
1113 429 1406 478 versantur
1469 439 1533 481 ac
1565 427 1758 486 vivunt
1791 453 1804 486 :
1839 433 1992 488 velut
2015 451 2041 491 s

2171 433 2374 506 θρώπῳ
2395 437 2452 490 έν
2476 438 2636 491 παντί
2652 437 2806 510 κόπῳ
2822 437 3010 508 αὐτοῦ,
3026 433 3072 508 ᾧ
3092 440 3285 512 μοχθεῖ
3305 441 3411 494 ὑπὸ
3430 441 3516 497 τὸν
3531 444 3733 514 igiton

488 500 718 571 diceret,
751 507 1066 578 quicunque
1096 511 1202 566 sub
1220 512 1334 568 sole
1362 513 1466 570 hoc
1495 526 1580 573 est
1606 522 1882 590 mortalis,
1913 539 2073 579 enar-

490 599 597 654 ret,
639 608 776 647 vana
802 594 918 665 ipse
939 599 1203 654 sectando
1233 603 1555 676 agendoque
1601 618 1869 678 quantum
1921 613 2071 667 utili-

435 759 444 767 .
489 686 617 742 tatis
642 697 696 743 et
719 692 994 747 commodi
1049 692 1266 752 laturus
1299 696 1404 756 sit:
1436 715 1561 755 eum
1585 718 1707 772 quae
1735 705 1896 761 hodie
1918 717 2069 775 sunt,

488 791 614 835 cras
652 780 836 840 futura
874 799 984 840 non
1021 787 1132 842 sint
1158 807 1174 843 :
1204 803 1328 856 nec,
1379 792 1426 848 si
1483 795 1609 864 quis
1667 811 1814 854 nunc
1855 797 2068 868 gloriae,

487 871 1248 948 amplitudinis,divitiarum,
1289 882 1684 944 dominationis
1723 903 1891 946 causa
1946 891 2072 946 ani-

484 975 606 1019 mos
630 966 847 1030 extulit,
907 979 961 1024 et
988 969 1135 1027 fastu
1169 981 1384 1030 tumens
1419 992 1610 1034 omnes
1665 981 1901 1052 superbe
1931 997 2067 1037 con-

486 1055 698 1122 temnit,
732 1073 841 1116 non
871 1061 920 1117 is
947 1061 1096 1119 brevi
1131 1065 1199 1121 ad
1232 1066 1590 1136 ignominiam
1615 1082 1668 1128 et
1701 1073 2066 1131 humilitatem

485 1159 902 1223 extremamque
924 1157 1165 1226 inopiam
1195 1163 1424 1217 recidat.

553 1328 746 1404 Neque
771 1351 904 1394 vero
934 1339 1192 1409 absurde,
1223 1345 1440 1415 opinor,
1467 1349 1740 1407 existimet
1763 1357 2064 1427 quispiam,

480 1419 637 1492 illud,
675 1445 696 1479 ι
734 1428 838 1484 sub
865 1431 1000 1498 sole,
1031 1452 1050 1484 ι
1091 1445 1418 1507 usurpatum
1439 1456 1562 1498 esse
1591 1443 1657 1499 ad
1677 1419 2061 1504 defunctorum

479 1518 884 1589 exceptionem,
910 1525 1023 1594 qui,
1069 1541 1101 1582 a
1131 1529 1245 1586 sole
1284 1531 1390 1587 hoc
1422 1537 1634 1604 procul,
1689 1537 1828 1594 infra
1861 1550 2062 1598 terram

478 1617 630 1675 sunt,
670 1614 830 1682 quasi
859 1615 977 1672 lucc
1007 1619 1138 1675 insit
1185 1621 1239 1676 in
1275 1623 1383 1680 illis
1409 1628 1594 1684 verbis
1623 1633 1919 1702 sententia,
1958 1633 2064 1691 Ec-

477 1693 768 1758 clesiasten
807 1707 1020 1764 scilicet
1064 1726 1160 1768 eos
1210 1713 1438 1786 alloqui,
1471 1720 1566 1789 qui
1611 1721 1915 1780 etiamnum
1967 1741 2062 1782 su-

475 1794 731 1859 perstites
761 1795 904 1853 hanc
941 1799 1136 1856 vivunt
1189 1804 1357 1860 vitam
1389 1825 1403 1862 :
1435 1809 1580 1878 quod
1612 1811 1714 1882 13
1753 1813 1789 1868 ii
1840 1825 2057 1874 mutare

471 1897 676 1947 tuores,
704 1896 869 1958 atque
895 1905 924 1945 a
957 1893 1197 1962 pessima
1223 1897 1348 1954 vitae
1381 1901 1594 1957 ratione
1615 1903 1683 1958 ad
1707 1907 1910 1964 bonam
1940 1909 2058 1966 fru-

471 1990 594 2044 gem
641 1979 933 2038 redeuntes
980 1987 1312 2058 resipiscere
1341 1990 1506 2049 facile
1536 1997 1791 2066 possint;
1847 1999 1982 2057 illud
2009 2004 2057 2058 si

469 2065 614 2123 forte
639 2071 824 2128 animo
843 2075 1106 2146 c0gitent,
1126 2079 1232 2134 sibi
1255 2097 1476 2153 quoque
1502 2065 1820 2156 supremum
1847 2093 2057 2152 instare

469 2159 637 2226 diem,
667 2177 767 2218 nec
791 2179 852 2220 se
885 2166 1092 2236 minus,
1129 2187 1294 2241 quam
1335 2188 1564 2234 cateros
1602 2182 1770 2236 morti
1803 2197 1927 2240 esse
1953 2187 2056 2241 de-

466 2261 626 2311 votos
659 2256 944 2330 :jamque,
992 2263 1046 2318 in
1077 2267 1434 2325 mortalitatis
1459 2287 1572 2328 suae
1601 2275 1936 2344 cogitatione
1959 2279 2055 2336 de-

465 2343 582 2411 ﬁxi,
615 2346 899 2418 flagitiosae
919 2352 1157 2426 denique
1180 2358 1304 2414 vitae
1341 2363 1638 2436 pravisque
1661 2343 1910 2426 moribus
1930 2385 2051 2426 mo-

467 2433 599 2493 dum
631 2448 856 2510 ponant.

441 2595 447 2602 ’
484 2619 492 2631 ‘
537 2614 808 2673 Caeterum
835 2635 958 2691 quae
986 2623 1253 2685 hactenus
1281 2628 1427 2687 dicta
1458 2645 1604 2702 sunt,
1655 2651 1846 2694 ansam
1885 2641 2049 2696 alicui

463 2707 741 2803 praebeant
767 2713 1099 2786 ambigendi,
1134 2724 1544 2796 quzerendique,
1598 2745 1838 2799 quonam
1889 2744 2050 2803 pacto

357 2806 381 2826 '
463 2794 845 2867 Ecclesiastes,
869 2805 964 2874 qui
1014 2807 1302 2867 hominum
1340 2815 1722 2886 improborum
1759 2838 2047 2893 perversas

464 2889 588 2944 vita;
618 2893 862 2950 rationes
892 2905 948 2953 et
975 2914 1142 2968 prava
1163 2902 1306 2960 facta
1326 2907 1581 2980 detegere
1607 2913 1714 2967 sibi
1743 2889 2046 2986 proposue-

458 2978 553 3047 rit,
586 2981 723 3038 nihil
744 2984 893 3041 aliud
923 2992 1382 3062 pronuntiaverit,
1423 2978 1586 3067 quam
1635 3019 1654 3053 ι
1695 2978 1919 3062 vanitas
1951 3023 2044 3062 va-

457 3071 715 3140 nitatum,
741 3078 926 3135 omnia
954 3082 1207 3138 vanitas?
1245 3105 1263 3137 ι
1295 3101 1421 3142 nam
1447 3090 1494 3145 si
1527 3091 1741 3151 vanitas
1776 3109 1927 3162 sunt,
1981 3109 2044 3154 ut
2069 3132 2114 3192 ο

457 3163 566 3192 ἔοι-ιι
602 3166 836 3192 ,ιι-εμ---
882 3173 922 3192 -3
950 3189 985 3192 _-
1011 3173 1034 3192 ι·
1100 3185 1112 3192 .
1235 3179 1246 3191 ο
1349 3181 1384 3192 υ
1434 3191 1438 3192 ,
1569 3185 1579 3192 .
1789 3189 1799 3192 _
1892 3191 1899 3192 ,

450 3163 567 3234 jam
598 3166 859 3237 diximus,
878 3173 992 3230 sive
1009 3173 1172 3244 facta,
1203 3179 1316 3235 sive
1333 3181 1500 3249 dicta,
1537 3185 1652 3240 sive
1684 3189 2044 3260 cogitationes

455 3270 800 3331 quaecunque
825 3264 1032 3322 nullam
1079 3268 1284 3329 habent
1335 3274 1624 3332 utilitatem
1661 3293 1676 3332 :
1707 3296 1832 3339 eum
1881 3299 2044 3340 omne

456 3347 848 3417 improbitatis,
890 3357 1258 3432 nequitiaeque
1309 3372 1364 3417 ct
1417 3367 1642 3424 malitia:
1701 3387 1876 3440 genus
1933 3389 2040 3429 non

457 3443 626 3499 modo
657 3446 865 3503 nullum
899 3453 1242 3510 amatoribus
1273 3457 1390 3512 suis
1416 3459 1608 3516 afferat
1665 3468 2037 3537 commodum,

455 3533 549 3589 sed
577 3535 742 3592 etiam
767 3538 837 3595 ad
864 3551 1066 3599 aeterna
1093 3545 1214 3603 illos
1238 3550 1506 3619 supplicia
1534 3557 1901 3626 transmittat;
1943 3533 2044 3616 cur

455 3640 564 3680 non
587 3627 738 3684 aliud
772 3629 859 3689 his
890 3649 1093 3692 nomen
1124 3638 1194 3693 ab
1228 3639 1561 3699 Ecclesiaste
1589 3645 1906 3717 impositum
1931 3661 2038 3717 est,

453 3717 562 3774 nisi
626 3721 876 3780 vanitas?
925 3729 1166 3796 optabile
1201 3732 1345 3786 enim
1385 3747 1502 3790 erat
1537 3736 1679 3806 istis,
1712 3742 1807 3810 qui
1855 3743 1948 3798 diu
1980 3746 2037 3800 in

453 3811 684 3880 rapinis,
719 3814 775 3870 in
803 3818 1055 3887 avaritia,
1087 3821 1145 3876 in
1176 3824 1676 3898 criminationibus,
1692 3831 1746 3887 in
1772 3834 2035 3906 ingluvie,

455 3902 510 3957 in
544 3904 832 3975 ebrietate,
887 3909 941 3967 in
977 3915 1225 3984 crapula,
1277 3917 1334 3971 in
1370 3919 1497 3974 aliis
1527 3923 1786 3980 omnibus
1813 3902 2036 3999 tlagitiis

449 3998 653 4056 versati
682 4010 890 4069 essent,
917 4006 1216 4062 vanitatem
1249 4024 1441 4066 eorum
1494 4013 1630 4070 solis
1674 3998 1904 4087 operum
1935 4037 2035 4076 cu-

443 4085 648 4158 jusque
669 4091 923 4148 terminis
951 4093 1231 4151 deflnitam
1255 4112 1319 4153 ac
1362 4085 1841 4174 circumscriptam
1870 4121 2031 4176 esse;

444 4193 518 4235 ne
537 4193 664 4236 cum
692 4180 760 4237 iis
781 4183 849 4238 ad
883 4184 1029 4240 illam
1058 4203 1280 4259 quoque
1297 4193 1462 4248 vitam
1489 4195 1724 4253 transire
1745 4196 2028 4268 deberent,

446 4269 503 4324 in
531 4286 640 4342 qua
663 4273 850 4342 justus
870 4275 1040 4344 judex
1075 4277 1144 4334 de
1170 4283 1442 4350 omnium,
1482 4286 1578 4356 qui
1619 4288 1730 4343 vita
1783 4289 2032 4348 defuncti

447 4364 578 4454 sint,
621 4367 834 4422 meritis
863 4379 947 4424 est
984 4372 1330 4442 cogniturus.
1364 4375 1652 4444 Quomodo
1692 4381 1858 4452 igitur
1906 4399 2032 4454 quae

2177 526 2297 580 ἀντὶ
2327 527 2443 594 τοῦ,
2480 530 2596 593 Πᾶς
2611 531 2902 602 ἄνθρωπος
2931 531 3102 584 τελῶν
3131 532 3236 586 ὑπὸ
3264 531 3454 588 τοῦτον
3473 535 3562 589 τὸν
3595 537 3736 607 ἥλιον

2174 619 2386 673 εἰπάτω
2413 662 2429 688 ,
2465 620 2626 674 ποίαν
2654 624 2718 676 ὲκ
2751 621 2863 676 τῶν
2899 623 3001 694 τῆς
3044 623 3404 694 ματαιότητος
3464 626 3736 696 ἐπιτηδευ-

2176 712 2364 781 μάτων
2426 715 2518 765 καὶ
2567 713 2820 783 πράξεων
2884 714 3071 786 ὄνησιν
3119 715 3342 786 εὑρήσει
3394 717 3487 770 καὶ
3541 716 3739 774 λυσιτέ-

2173 801 2365 858 λειαν·
2447 803 2536 858 ἐπ’
2585 801 2651 856 ἂν
2717 805 2961 875 σήμερον
3031 802 3187 867 ἐστι,
3253 803 3346 855 καὶ
3401 802 3590 874 αὔριον
3646 807 3738 859 οὐκ

2173 893 2288 946 ἔστι
2317 910 2332 925 ο
2384 894 2481 948 καὶ
2536 892 2630 946 νῦν
2687 895 2784 964 μὲν
2843 896 2900 948 έν
2937 892 3061 965 δόξῃ
3121 894 3214 947 καὶ
3255 894 3610 966 μεγαλωσύνη
3652 901 3735 950 καὶ

2171 983 2388 1055 πλούτῳ
2435 984 2531 1038 καλ⁵
2579 985 3011 1056 καταδυναστεία
3038 985 3138 1056 τὴν
3169 985 3308 1039 ἰδίαν
3334 984 3560 1056 γνώμην
3603 987 3738 1053 est»...

2169 1073 2454 1128 δαίνουσαν
2468 1076 2572 1128 -καὶ
2594 1073 3036 1146 φλεγμαίνουσαν
3061 1074 3198 1146 ἔχει,
3217 1075 3314 1130 καὶ
3335 1093 3738 1146 καταφρυαττο-

2174 1165 2344 1235 μένην
2368 1165 2585 1219 πάντων
2601 1163 2712 1216 τῶν
2729 1164 2926 1219 ἄλλωνο
2945 1166 3082 1236 μετὰ
3097 1166 3274 1236 βραχὺ
3296 1165 3353 1218 δὲ
3375 1165 3514 1236 πρὸς
3532 1165 3738 1231 ἀδοξίαν

2169 1254 2259 1306 καὶ
2286 1254 2655 1324 ταπεινότητα
2679 1255 2776 1308 καὶ
2799 1255 2900 1326 τὴν
2945 1257 3182 1326 ἐσχάτην
3207 1256 3446 1324 ἀπορίαν
3491 1257 3735 1326 μετῆλθε.

2238 1345 2393 1414 Τάχα
2419 1345 2476 1398 δέ
2506 1362 2591 1408 τις
2612 1345 2714 1398 οὐκ
2756 1346 3062 1412 ἀπεικότως
3083 1348 3165 1413 τὸ,
3204 1369 3222 1400 ι
3261 1348 3366 1402 ὑπὸ
3395 1349 3486 1401 τὸν
3514 1348 3682 1418 ἥλιον,
3715 1367 3732 1398 ι

2165 1437 2403 1507 οἰησοιτο
2433 1436 2574 1491 κατὰ
2605 1437 3018 1509 ἀντιδιαστολὴν
3047 1439 3299 1510 εἰρῆσθαι
3319 1440 3428 1496 τῶν
3490 1440 3740 1509 τεθνηκό-

2164 1546 2294 1592 των,
2349 1531 2443 1583 καὶ
2475 1529 2744 1600 μηδαμῶς
2781 1531 2950 1585 ὄντων
2979 1533 3084 1585 ὑπὸ
3101 1531 3290 1586 τοῦτον
3309 1533 3402 1586 τὸν
3423 1533 3596 1604 ἥλιον,
3628 1532 3738 1586 ἀλλ’

2167 1620 2273 1674 ὑπὸ
2298 1621 2400 1691 γῆν
2426 1621 2734 1690 γεγονότων
2765 1639 2778 1653 ο
2812 1623 2899 1678 ἵνα
2924 1624 3042 1677 ἐστὶ
3065 1623 3309 1678 τοιοῦτον
3337 1623 3400 1678 τδ
3429 1625 3735 1695 εἰρημένον·

2165 1712 2241 1775 ὡς
2281 1713 2352 1766 τὰ
2404 1715 2626 1785 ῥήματα
2697 1715 2792 1770 τοῦ
2859 1715 3290 1786 Ἐκκλησιαστοῦ
3341 1717 3740 1790 προϐέϐληνται

2095 1785 2135 1838 Β
2167 1808 2304 1876 πρὸς
2340 1807 2468 1870 τοὺς
2501 1807 2604 1878 ἤδη
2644 1807 2924 1878 παρόντας
2961 1810 3021 1861 ὲν
3048 1785 3186 1878 τῷδε
3223 1807 3302 1878 τῷ
3333 1785 3438 1880 βίω
3473 1811 3568 1863 καὶ
3605 1785 3740 1875 ξῶν-

2159 1915 2258 1961 τας
2289 1898 2386 1967 τὴν
2417 1898 2704 1970 παροῦσαν
2735 1897 2880 1969 ζωήν
2904 1918 2918 1930 ·
2946 1899 3042 1955 ἁτε
3081 1899 3146 1971 δὴ
3177 1901 3274 1955 καὶ
3306 1901 3444 1972 πρὸς
3492 1905 3738 1973 ἐπιστροο

2159 1987 2266 2059 φὴν
2297 1988 2392 2042 καὶ
2429 1987 2724 2059 μετάθεσιν
2747 1990 2850 2056 τὴν
2874 1991 2983 2044 ἀπὺ
3010 1991 3112 2060 τῆς
3140 1991 3426 2062 χειρίστης
3469 1991 3737 2055 πολιτείας

2159 2079 2254 2132 καὶ
2284 2078 2563 2148 βελτίωσιν
2605 2079 2922 2149 μεταθεῖναι
2983 2081 3187 2152 ῥᾳδίως
3234 2081 3567 2152 δυναμένους
3597 2098 3610 2112 ο
3665 2082 3735 2148 ὼς

2158 2169 2410 2222 ἐντεῦθεν
2429 2169 2950 2240 διενθυμουμένους,
2969 2171 3044 2234 ώς
3068 2173 3162 2226 καὶ
3183 2173 3338 2226 αὐτοὶ
3354 2172 3738 2243 τελευτήσουσι

2159 2260 2403 2324 πάντως,
2441 2261 2534 2313 καί¹
2566 2260 2826 2332 θνήξουσι
2859 2261 3262 2334 παραπλησίως
3313 2264 3546 2326 ἐκείνοις
3579 2279 3594 2294 ο
3645 2265 3736 2319 καὶ

2157 2351 2300 2404 κατὰ
2323 2351 2384 2404 τὸ
2413 2352 2709 2406 ἀκόλουθον
2735 2353 3118 2424 λαμϐάνοντας
3150 2354 3364 2407 ἔννοιαν
3394 2354 3495 2425 τῆς
3540 2353 3736 2426 θνητῆς

2155 2442 2337 2498 αὐτῶν
2392 2443 2629 2511 φύσεως,
2687 2446 2780 2498 καὶ
2820 2445 3237 2519 διορθουμένους
3294 2446 3396 2517 τὴν
3455 2446 3732 2518 μοχθηρὰν

2155 2535 2334 2589 αὐτῶν
2371 2536 2462 2588 καὶ
2495 2536 2708 2608 φαύλην
2749 2536 2916 2608 ζωήν.

2239 2629 2397 2685 Ἀλλὰ
2433 2632 2543 2702 γὰρ
2573 2631 2633 2698 ἐξ
2665 2632 2992 2698 ἀκολουθίας
3023 2632 3130 2686 τῶν
3163 2633 3474 2704 εἰρημένων
3492 2631 3732 2702 ἀναφυή-

2151 2722 2306 2775 σεταί
2333 2739 2418 2786 τις
2451 2722 2674 2796 ἀπορῶν
2699 2723 2878 2792 λόγος,
2906 2725 3002 2777 καὶ
3035 2725 3229 2794 φήσειε
3259 2741 3273 2754 ·
3311 2723 3426 2777 Καὶ
3456 2723 3509 2776 τί
3533 2723 3732 2794 δήποτε

2149 2816 2249 2878 τὰς
2282 2816 2673 2886 πονηρολογίας
2717 2817 2812 2871 καὶ
2845 2817 3225 2896 κακοπραγίας
3272 2817 3384 2872 τῶν
3444 2817 3731 2887 μοχθηρῶς

2151 2907 2248 2959 καὶ
2279 2905 2498 2974 φαύλως
2533 2909 2590 2960 ὲν
2613 2907 2750 2977 τῷδε
2778 2908 2856 2976 τῷ
2889 2911 2990 2978 βίῳ
3019 2907 3465 2979 πολιτευομένων
3521 2909 3726 2978 ἀνθρώ-

2149 3015 2268 3050 πων
2309 2998 2338 3050 ό
2384 2997 2822 3068 Ἐκκλησιαστὴς
2848 2992 3090 3072 δηλιῖισαι
3150 2999 3502 3070 βουλόμενος,
3566 3018 3583 3049 ι
3614 2999 3730 3052 Μα-.

2147 3089 2369 3160 ταιότης
2400 3130 2414 3154 ,
2467 3086 2629 3157 εἷπε,
2683 3093 3082 3160 ματαιοτήτων,
3133 3091 3201 3144 τὰ
3265 3091 3450 3144 πάντα
3503 3091 3725 3161 ματαιό-

2147 3197 2288 3250 της;
2331 3200 2348 3232 ι
2377 3182 2437 3234 Εἰ
2467 3181 2574 3252 γὰρ
2618 3183 2924 3252 ματαιότης
2962 3181 3132 3246 ἐστὶν,
3154 3183 3228 3244 ὡς
3261 3180 3514 3252 ἑφθημεν
3549 3181 3726 3233 εἰπόν-

2147 3290 2258 3335 τες,
2291 3275 2323 3342 ἡ
2359 3272 2630 3343 μηδεμίαν
2656 3273 2932 3341 ὠφέλειαν
2964 3273 3164 3344 ἔχουσα
3192 3273 3394 3343 πρᾶξις
3427 3275 3522 3327 καὶ
3572 3274 3724 3327 λαλιὰ

2147 3364 2244 3416 καλ¹
2265 3363 2585 3431 ὲνθύμησις,
2625 3364 2694 3415 τὰ
2747 3362 2804 3414 δὲ
2835 3362 2933 3432 τῆς
2984 3361 3323 3431 φαυλότητος
3378 3363 3478 3416 καὶ
3525 3360 3724 3432 μοχθη-

2148 3456 2268 3526 ρίας
2297 3454 2414 3523 εἴδη
2445 3454 2541 3508 καὶ
2569 3455 2667 3524 τῆς
2698 3454 2902 3517 κακίας
2931 3453 3066 3523 πρὸς
3095 3454 3172 3524 τῷ
3214 3455 3490 3524 μηδεμίαν
3542 3455 3722 3525 ὄνησιν

2145 3546 2427 3616 προξενεῖν
2446 3548 2560 3608 τοῖς
2592 3545 2742 3614 σφῶν
2763 3547 3042 3615 ἐρασταῖς,
3071 3545 3150 3597 ἔτι
3175 3547 3268 3598 καὶ
3298 3545 3441 3615 πρὸς
3470 3548 3568 3609 τὰς
3597 3547 3724 3598 αἰω-

2141 3635 2396 3700 νιζούσας
2453 3633 2924 3704 παραπέμπουσιν
2975 3633 3177 3695 αὐτοὺς
3234 3633 3550 3703 τιμωρίας⁶
3611 3631 3722 3695 πῶς

2141 3729 2548 3800 ὠνομάσθησαν
2575 3728 2654 3798 τῷ
2701 3727 3102 3797 Ἐκκλησιαπῇ
3135 3727 3438 3796 ματαιότης
3465 3745 3478 3790 ;
3506 3729 3720 3797 ἀγαπη-

2140 3822 2233 3875 τὸν
2264 3821 2373 3892 γὰρ
2418 3816 2489 3892 ἦν
2516 3823 2632 3884 τοῖς
2664 3821 3026 3880 ἐσπουδακόσι
3065 3820 3194 3890 περὶ
3219 3820 3317 3890 τὴν
3350 3819 3613 3892 ἁρπαγὴν
3630 3819 3722 3872 καὶ¹

2139 3911 2240 3984 τὴν
2272 3910 2590 3976 πλεονεξίαν
2625 3913 2719 3965 καὶ
2750 3912 2847 3981 τὴν
2886 3911 3256 3981 συκοφαντίαν
3295 3912 3394 3964 καὶ
3431 3913 3534 3982 τὴν
3571 3910 3720 3978 ἀδδη-

2141 4003 2348 4072 φαγίαν
2379 4002 2470 4055 καὶ
2491 4001 2663 4073 μέθην
2681 4004 2774 4056 καὶ
2795 4002 3104 4074 κραιπάλην
3121 4002 3216 4056 καλ⁵
3231 4001 3330 4072 τὴν
3348 4002 3520 4072 ἄλλην
3545 4000 3716 4054 πᾶσαν

2139 4094 2531 4164 κακοπραγίαν
2563 4094 2916 4165 περιορισθαι
2953 4095 3048 4149 καὶ
3103 4093 3554 4166 περιγεγράφθαι
3612 4091 3714 4144 τῶν

2141 4185 2290 4250 ἰδίων
2319 4183 2614 4256 ἐνεργειῶν
2657 4183 2840 4255 μόνοις
2865 4185 2980 4247 τοῖς
3002 4184 3238 4254 πέρασιν
3265 4200 3279 4214 °
3316 4183 3458 4238 ἀλλὰ
3494 4181 3568 4254 μὴ
3598 4197 3717 4234 συν-

2138 4275 2426 4346 απῴχοντο
2451 4272 2666 4335 τούτοις
2691 4273 2789 4327 καὶ
2835 4275 2972 4346 πρὸς
2999 4273 3102 4344 τὴν
3159 4274 3375 4331 ἐκεῖθεν
3438 4274 3604 4344 ζωὴν,
3658 4274 3712 4325 έν

2141 4362 2176 4441 ᾗ
2216 4365 2313 4434 τὴν
2341 4365 2450 4420 τῶν
2478 4363 2831 4436 βεδιωμένων
2853 4364 3054 4436 ὥρισεν
3083 4367 3112 4419 ό
3131 4365 3336 4430 δίκαιος
3365 4365 3564 4438 κριτὴς
3591 4364 3714 4418 ἀντ-

443 4430 640 4526 poenas
669 4459 966 4529 imponent
1028 4430 1409 4526 intolerabile;
1463 4430 1853 4545 cruciatusque
1904 4430 2030 4546 per-

2148 4430 2418 4514 ;n6606tv.
2481 4457 2610 4522 Πῶς
2643 4453 2739 4511 οὖν
2771 4457 2840 4511 τὰ
2871 4456 3242 4529 προξενοῦντα
3273 4457 3552 4528 τιμωρίας
3615 4457 3711 4510 ἀνι

442 4556 657 4617 petuos,
690 4550 916 4617 vanitas
953 4554 1252 4610 vanitatum
1293 4560 1756 4629 appellabuntur?
1795 4580 2026 4633 praescr-

445 4640 537 4694 tim
573 4656 701 4697 cum
733 4644 818 4698 vel
850 4645 918 4700 de
952 4649 1126 4701 otioso
1161 4651 1328 4705 verbo
1379 4636 1574 4720 pennas
1604 4655 1674 4709 ab
1712 4656 2027 4712 hominibus

442 4733 675 4800 dandas,
705 4737 1086 4809 rationemque
1113 4741 1165 4794 in
1198 4743 1388 4811 judicii
1423 4745 1510 4800 die
1530 4745 1855 4802 reddendam
1879 4763 2023 4814 esse,

441 4825 700 4883 Christus
719 4839 774 4889 et
796 4829 940 4890 Deus
973 4842 1161 4896 noster
1193 4837 1244 4890 in
1289 4837 1600 4908 Evangeliis
1631 4841 1864 4895 edixerit
1888 4843 1951 4896 ¹⁹.

513 4980 742 5036 Planum
794 4999 960 5054 porro
984 4985 1115 5042 hinc
1158 4997 1264 5053 est,
1322 4991 1467 5060 quod
1533 4991 1598 5046 ad
1659 4995 2020 5064 quaestionem

439 5076 794 5143 respondeas.
831 5075 1065 5148 Sapiens
1081 5079 1227 5134 enim
1258 5080 1640 5147 Ecclesiastes,
1667 5097 1924 5155 tanquam
1952 5088 2020 5142 ad

437 5166 644 5222 tirones
688 5168 853 5226 verba
903 5169 1132 5236 faciens,
1180 5171 1457 5230 damnatis
1503 5174 1911 5247 inerepatisque
1954 5178 2024 5232 iis

433 5261 552 5330 qui,
613 5272 824 5317 naturae
869 5264 1006 5321 lines
1064 5265 1417 5338 rationesque
1455 5272 1816 5340 transgressi,
1873 5272 2020 5342 leges

437 5353 559 5423 ejus
589 5371 619 5408 a
640 5371 752 5425 quo
785 5359 992 5414 conditi
1031 5375 1248 5426 sumus,
1277 5363 1625 5426 subvertunt,
1665 5375 1718 5419 et
1761 5366 2018 5420 volunta-

434 5444 534 5498 riis
586 5445 742 5502 liberi
799 5449 1009 5506 arbitrii
1062 5455 1356 5512 momentis
1411 5471 1476 5512 ac
1522 5458 1763 5513 motibus
1811 5460 1876 5512 ad
1930 5477 2018 5518 res

435 5535 660 5593 inutiles
679 5548 735 5594 et
764 5541 936 5598 malas
971 5545 1272 5602 abutuntur
1297 5564 1313 5614 ;
1344 5548 1478 5604 satis
1499 5564 1622 5606 esse
1657 5550 2014 5622 existimavit,

435 5629 594 5685 sicus
625 5631 692 5686 ab
721 5648 828 5687 una
885 5637 1124 5694 vanitate
1172 5641 1592 5711 reprehenderet
1642 5652 1966 5716 nataretque
1999 5666 2010 5700 :

509 5743 551 5776 "
575 5743 766 5807 Matth.
802 5763 896 5814 xu,
933 5750 1020 5804 56.

2137 4553 2435 4616 υποίστους
2470 4553 2566 4606 καὶ
2599 4552 2849 4616 κολάσεις
2877 4553 3273 4622 ἁτελευτήτους
3295 4550 3714 4623 ώνομαοθήσον-

2131 4665 2220 4700 ται
2246 4646 2550 4716 ματαιότης
2581 4650 2963 4717 ματαιοτήτων
2989 4665 3005 4712 ;
3033 4648 3169 4700 ὅπου
3186 4663 3248 4712 γε
3278 4646 3372 4699 καὶ
3389 4645 3528 4716 ὑπὲρ
3547 4641 3710 4714 ἀργοῦ

2135 4737 2299 4807 λόγου
2360 4740 2473 4800 τοῖς
2502 4738 2811 4810 ἀνθρώποις
2846 4737 3352 4809 εἰσπραχθήσεεθαι
3394 4737 3572 4803 δίκας,
3623 4735 3721 4789 καὶ

2130 4831 2293 4900 λόγον
2348 4830 2654 4885 ἀποδώσειν
2685 4831 2826 4884 κατὰ
2858 4831 2958 4902 τὴν
3003 4831 3220 4902 ἡμέραν
3273 4831 3369 4901 τῆς
3396 4831 3626 4900 κρίσεως
3652 4830 3706 4880 ἐν

2129 4927 2246 4987 τοῖς
2284 4923 2651 4994 Εγύαγγελίοις
2677 4925 2844 4994 φησὶν
2875 4925 2902 4977 ὁ
2933 4923 3174 4994 Χριστὸς
3207 4924 3300 4979 καὶ
3351 4923 3482 4986 Θεὸς
3516 4921 3686 4992 ἡμῶν.

2204 4993 2360 5067 Ἔστι
2383 5014 2440 5067 δὲ
2467 5015 2788 5084 καταφανὴς
2826 5014 3053 5068 αὐτόθεν
3079 5015 3180 5085 τῆς
3211 5014 3450 5084 ἀπορίας
3477 5016 3509 5084 η
3535 5012 3700 5074 λύσις.

2141 5109 2200 5160 Ὀ
2232 5107 2342 5178 γὰρ
2378 5108 2540 5176 σοφὸς
2587 5106 3022 5178 Ἐκκλησιαστὴς
3055 5107 3130 5169 ὡς
3163 5107 3300 5178 πρὸς
3317 5105 3701 5177 εἰσαγομένους

2123 5200 2217 5252 τὸν
2242 5199 2400 5267 λόγον
2429 5198 2774 5268 ποιούμενος,
2806 5199 2900 5251 καὶ
2930 5197 3358 5266 καταγινώσκων
3390 5199 3486 5250 καί
3540 5213 3699 5249 κατα-

2127 5291 2482 5362 μεμφόμενος
2508 5289 2617 5344 τῶν
2646 5290 3182 5360 παραχαραττόντων
3225 5287 3354 5354 τοὺς
3399 5289 3558 5362 ὅρους
3614 5287 3703 5341 καὶ

2123 5383 2317 5448 λόγους
2345 5382 2444 5452 τῆς
2475 5381 2712 5452 φύσεως,
2758 5383 2851 5435 καὶ
2883 5383 3012 5442 τοὺς
3039 5383 3239 5452 νόμους
3281 5381 3377 5435 τοῦ
3424 5381 3701 5478 κτίσαντος

2120 5475 2271 5546 ἡμᾶς
2305 5473 2864 5546 παραλογιζομένους,
2896 5479 2989 5528 καὶ
3019 5477 3141 5538 ταῖς
3172 5475 3585 5546 προαιρετικαῖς
3608 5473 3696 5521 τοῦ

2122 5565 2475 5630 αὑτεξουσίου
2510 5567 2706 5636 ῥοπαῖς
2739 5568 2836 5620 καὶ
2880 5567 3132 5639 κινήσεσι
3181 5567 3559 5640 κεχρημένους
3613 5563 3699 5618 ἐπὶ

2123 5661 2233 5718 τοῖς
2266 5656 2609 5726 ἀσυμφόροις
2663 5659 2758 5709 καί
2798 5657 3044 5725 φαύλοις,
3110 5658 3417 5730 ἀποχρῆναι
3457 5657 3697 5728 ἡγήσατο
