4102 6390
485 366 593 432 753

1603 376 1666 436 S.
1709 374 2096 435 GREGOBII
2134 375 2650 437 AGRIGENTINI

3215 309 3221 313 -
3255 305 3308 320 ,ον

3640 380 3736 442 ιιι

489 485 650 540 valde
681 487 908 556 pulchra
930 495 1143 558 reperta
1175 502 1320 556 esse,
1345 489 1536 546 divino
1563 492 1882 548 testimonio
1912 491 2077 547 doce-

2189 491 2374 558 γονὸτα
2406 493 2586 547 πάντα
2615 493 2756 547 καλὰ
2797 492 2916 546 λίαν
2947 493 3416 565 ὲμαρτμρήθησαν
3437 508 3450 522 ⁸
3489 467 3595 548 καὶ.
3624 496 3736 553 οὔτε

489 591 635 630 mur.
659 575 844 647 Neque
867 592 1004 632 vero
1027 588 1124 633 aut
1147 579 1458 636 divinarum
1480 582 1810 638 Litterarum
1855 591 2077 638 senten-

491 672 581 725 tite
618 671 894 726 adversari
919 669 1000 726 Fas
1029 682 1132 737 est,
1167 681 1263 728 aut
1296 675 1576 744 cognitam
1614 675 2076 744 manifestamque

489 760 782 815 utilitatem
807 771 860 816 et
892 761 1360 832 pulchritudinem
1392 775 1447 819 ct
1479 766 1729 820 ordinem
1763 765 1942 835 ipsum
1975 779 2068 818 na-

491 862 624 906 tura:
651 853 706 906 in
744 853 829 918 iis,
853 869 975 924 qua:
1002 866 1132 910 sunt
1160 871 1393 928 quaaque
1437 857 1715 921 visuntur,
1766 857 2077 929 quomodo-

488 961 705 1016 cnnque
743 947 994 1016 redargui
1024 964 1122 1017 par
1153 959 1290 1003 erat.
1321 950 1464 1016 Quin
1506 959 1560 1004 et
1587 951 1836 1005 homines
1867 950 2076 1020 priscos

507 1046 883 1105 recentesque,
924 1039 1016 1108 qui
1043 1041 1120 1094 rei
1147 1041 1366 1096 rustica:
1395 1043 1564 1096 dediti
1617 1051 1778 1098 terrm
1811 1043 2072 1108 cultores,

487 1141 826 1196 operumque
857 1129 1088 1183 studiosi
1117 1128 1362 1195 fuerunt,
1385 1132 1558 1187 sacris
1596 1133 1650 1186 in
1689 1131 1910 1185 Litteris
1934 1146 2075 1186 com-

487 1217 738 1272 mendari
787 1216 1060 1284 videmus,
1115 1230 1419 1290 contraque
1477 1222 1570 1292 qui
1624 1223 1961 1294 negligentes
2023 1232 2078 1278 et

490 1309 679 1378 ignavi
701 1318 756 1364 et
784 1309 1004 1366 desides
1035 1310 1167 1376 sint,
1206 1313 1394 1367 multis
1413 1313 1736 1382 reprehendi
1781 1332 1794 1369 :
1824 1315 2076 1385 quando-

460 1401 710 1472 'quidem
737 1410 804 1457 et'
822 1403 1002 1468 initio,
1035 1419 1166 1458 cum
1189 1405 1330 1460 Deus
1363 1407 1582 1475 generis
1642 1407 1818 1462 nostri
1869 1409 2076 1478 princi-

491 1505 615 1560 pem
649 1492 828 1557 tinuit,
863 1494 918 1547 in
955 1495 1208 1563 paradiso
1236 1497 1559 1552 collocavit:
1592 1516 1610 1549 ι
1653 1497 1722 1552 Ut
1751 1511 2078 1570 operaretur

489 1594 542 1636 et
569 1585 1052 1640 custodiret'illum
1081 1587 1145 1639 “.
1189 1607 1208 1640 ι
1239 1588 1303 1643 Ει
1331 1590 1399 1644 de
1434 1589 1620 1646 Isaaeo
1652 1591 1918 1661 scriptum
1950 1602 2072 1646 cst:

495 1695 516 1722 ι
548 1673 700 1730 Sevit
730 1677 784 1732 in
824 1687 969 1732 terra
995 1679 1106 1744 illa,
1136 1689 1190 1734 et
1237 1696 1381 1735 anno
1405 1683 1595 1737 eodem
1629 1683 1891 1738 hordeum
1923 1685 2076 1740 inve-

493 1767 572 1821 nit
594 1770 960 1838 ceutnplicato
983 1770 1120 1841 ('28).
1156 1791 1174 1823 ›
1209 1771 1457 1842 Longum
1483 1791 1610 1829 vero
1627 1787 1776 1831 esset
1804 1785 1856 1830 et
1886 1793 2071 1846 grave,

2180 581 2258 652 τῷ
2284 583 2428 653 λόγῳ
2459 584 2560 654 τῆς
2583 584 2734 649 θείας
2758 587 2985 658 Γραφῆς
3011 581 3124 638 οἷόν
3148 587 3208 638 τέ
3234 587 3353 638 ἐστι
3383 586 3736 655 ἁντιφάσκειν,

2179 677 2304 732 οὔτε
2327 678 2428 750 τὴν
2455 679 2868 749 διεγνωσμένην
2899 680 2994 732 καὶ
3021 676 3476 748 κατειλημμένην
3491 679 3739 749 χρησιμό-

2177 783 2318 834 τητα
2353 768 2448 820 καὶ
2481 767 2749 840 καλλονὴν
2775 770 2870 821 καὶ
2901 769 3058 832 τάξιν
3086 767 3189 837 τῆς
3213 765 3430 834 φύσεως
3455 767 3558 820 τῶν
3587 767 3742 823 ὄντων

2181 858 2276 911 καὶ
2335 861 2682 928 φαινομένων
2731 861 2985 914 ὁπωσοῦν
3033 858 3404 914 ὲνδιαόἇιλλειν
3458 861 3735 929 προσῆκεν.

2191 949 2353 1003 Ἀλλά
2383 953 2477 1004 καὶ
2527 953 2655 1015 τοὺς
2682 953 2782 1016 τὰς
2815 951 3130 1023 γεωργικὰς
3166 949 3486 1022 ἐπιμελείας
3523 953 3618 1028 καί
3643 968 3736 1020 γη-

2179 1041 2380 1105 πονίας
2437 1043 2536 1095 καὶ
2592 1043 2882 1112 φιλεργίας
2920 1043 3226 1112 ἐσχηκότας
3275 1040 3590 1111 ἀνθρώπους
3645 1057 3744 1093 παν

2178 1135 2362 1198 λαιούς
2424 1153 2486 1188 τε
2540 1137 2635 1190 καὶ
2686 1137 2839 1200 νέους
2867 1134 3453 1204 κατασεμνυνομένους
3505 1131 3746 1200 εὑρίσκο-

2183 1243 2283 1296 μεν
2316 1227 2420 1280 ὑπὸ
2448 1227 2551 1293 τῆς
2581 1228 2736 1292 Θείας
2770 1228 2997 1298 Γραφῆς
3021 1244 3036 1258 σ
3069 1227 3145 1290 ὠς
3197 1223 3434 1294 ἔμπαλιν
3457 1223 3578 1284 τοῦς
3621 1222 3783 1306 ἀμιιςιι

2177 1316 2289 1379 λείς
2316 1317 2410 1370 καὶ
2439 1318 2644 1387 ἀργοὺς
2675 1318 2771 1374 καὶ
2802 1316 3082 1388 ῥᾳθύμους
3107 1313 3350 1386 μέμψεσι
3380 1309 3602 1374 πολλαῖς
3627 1311 3753 1364 καθ-

2175 1407 2673 1477 υποδεὸλημένους.
2722 1409 2940 1478 Ἐπειδὴ
2973 1409 3065 1460 καὶ
3095 1408 3217 1459 κατ’
3248 1405 3422 1476 ἀρχὰς
3456 1402 3616 1474 ἡνίκα
3671 1403 3755 1456 τὸν

2179 1501 2482 1573 γεννάρχην
2526 1501 2759 1556 ἔπλασεν
2779 1505 2806 1556 ό
2829 1502 2984 1564 Θεὸς,
3015 1503 3076 1554 ὲν
3106 1499 3186 1569 τῷ
3240 1498 3561 1569 παραδείσῳ
3594 1495 3750 1562 ἔθετο,

2184 1612 2202 1644 ι
2238 1593 2787 1664 Ἐργάζεσθαιαύτὸν
2843 1596 2940 1646 καὶ
3006 1592 3330 1662 φυλάσσειν.
3368 1609 3387 1642 ι
3452 1589 3756 1660 Γέγραπται

2177 1684 2233 1738 δὲ
2265 1686 2361 1740 καὶ
2397 1686 2647 1757 περὶτοῦ
2693 1687 2900 1748 Ἰσαὰκ,
2954 1684 3031 1749 ὡς
3075 1705 3094 1736 ι
3145 1685 3447 1753 Ἐσπειρεν
3478 1683 3535 1734 ὲν
3585 1685 3646 1749 τῇ
3694 1683 3757 1752 γῇ

2177 1779 2382 1851 ἐκείνῃ,
2411 1782 2505 1834 καὶ
2535 1775 2658 1850 εὗρε
2680 1780 2757 1849 τῷ
2796 1778 3028 1848 ἐνιαυτῷ
3051 1777 3247 1847 ἐκείνῳ
3272 1773 3758 1829 έκαστοστεύουσαν

490 1878 614 1931 quae
659 1865 726 1917 de
767 1864 851 1919 his
887 1875 1108 1920 exsmnt
1148 1867 1484 1932 testimonia,
1540 1869 1622 1923 vel
1674 1869 1928 1924 evolvere
1995 1871 2078 1923 vel

2189 1868 2380 1940 κριθὴν
2405 1884 2418 1900 ·
2452 1887 2470 1920 ι
2509 1869 2604 1922 καὶ
2646 1867 2858 1938 μακρὸν
2905 1866 2971 1920 ἂν
2994 1867 3079 1936 εἴη
3113 1867 3209 1919 καὶ
3237 1863 3496 1936 φορτικὸν
3520 1863 3615 1927 τὰς
3645 1863 3763 1932 περὶ

494 1951 714 2008 referre.
748 1953 960 2010 Novere
983 1957 1130 2011 enim
1173 1972 1365 2012 omnes
1387 1973 1449 2011 ea
1491 1959 1676 2022 etiam,
1700 1975 1823 2028 quae
1863 1975 1896 2014 e
1946 1976 2078 2014 con-

492 2045 662 2098 trario
715 2045 784 2100 ad
828 2049 1314 2116 reprehensionem
1361 2050 1666 2104 otiosorum
1719 2061 1772 2105 et
1827 2053 2080 2122 segnium

493 2138 699 2206 prolata
721 2147 871 2203 sunt,
907 2156 1142 2206 quorum
1167 2157 1329 2197 causa
1363 2143 1588 2206 dicitur,
1627 2161 1644 2193 ι
1671 2143 1785 2198 Viae
1818 2145 2079 2198 inertium

492 2240 678 2285 stratae
706 2231 880 2300 spinis
912 2231 1052 2302 (29).
1093 2255 1112 2284 ι
1144 2233 1222 2288 Ac
1248 2250 1468 2289 rursum
1513 2255 1526 2289 :
1559 2253 1578 2286 ι
1619 2234 1769 2289 Vade
1796 2237 1862 2290 ad
1895 2238 2080 2291 formi-

491 2339 636 2383 cam,
679 2338 713 2376 ο
739 2323 908 2394 piger,
941 2333 1108 2392 atque
1129 2325 1388 2380 amnlare
1419 2327 1538 2381 vias
1587 2327 1729 2396 ejus,
1759 2337 1815 2382 et
1838 2339 1958 2384 esto
1989 2330 2084 2384 illa

493 2413 835 2482 sapientior;
867 2429 992 2467 nam
1021 2430 1144 2468 cum
1175 2415 1222 2468 ei
1269 2432 1373 2469 non
1409 2418 1482 2472 sit
1512 2419 1744 2486 agellus,
1775 2435 1952 2487 neque
1985 2420 2084 2474 ha-

498 2506 618 2559 heat
644 2505 735 2574 qui
765 2514 946 2575 cogat,
981 2522 1160 2576 neque
1191 2507 1295 2562 sub
1321 2509 1546 2562 domino
1578 2510 1668 2574 sit,
1701 2521 1856 2579 parat
1897 2521 2085 2566 aestate

498 2597 820 2652 alimentum
859 2606 915 2651 et
943 2599 1174 2654 multam
1210 2600 1264 2653 in
1293 2617 1473 2655 messe
1502 2600 1631 2655 facit
1656 2603 2080 2658 aeervationem.

497 2693 600 2743 Aut
631 2688 763 2743 vade
787 2689 856 2743 ad
891 2705 1071 2759 apem,
1100 2701 1152 2746 et
1187 2691 1360 2758 disce,
1389 2693 1670 2763 quomodo
1693 2695 1946 2764 operaria
1976 2703 2083 2761 est,

497 2790 663 2850 atque
685 2797 822 2851 opus
845 2799 1008 2837 suum
1043 2799 1208 2851 quam
1242 2785 1554 2854 speciosum
1587 2785 1738 2848 facit,
1793 2787 1954 2856 cujus
2001 2787 2085 2842 la-

495 2873 723 2928 boribus
751 2890 904 2944 reges
923 2875 1232 2945 privatique
1245 2877 1311 2930 ad
1335 2879 1626 2932 sanitatem
1649 2888 1887 2935 tttuntur
1912 2881 2046 2952 (50).
2063 2901 2080 2933 ι

497 2965 724 3035 Magnus
755 2981 884 3020 vero
937 2963 1168 3032 Paulus,
1208 2983 1274 3023 os
1317 2970 1448 3025 illud
1509 2985 1763 3038 aureum,
1800 2989 1870 3027 ne
1905 2974 1957 3026 in
1983 2988 2084 3028 esu

497 3059 718 3127 quidem
739 3075 957 3116 cessare
992 3077 1324 3132 quemquam
1362 3072 1415 3116 et
1445 3063 1682 3117 otiosum
1715 3080 1838 3119 esse
1867 3067 2088 3134 permit—

497 3151 565 3205 tit
590 3151 656 3204 ”.
688 3150 976 3217 Quomodo
1004 3153 1173 3222 igitur
1205 3153 1448 3224 cogitare
1493 3155 1599 3226 16
1631 3157 1808 3222 liceat,
1861 3173 1983 3227 qua:
2030 3157 2082 3212 in

496 3239 680 3296 rerum
702 3252 894 3298 natura
909 3245 1175 3314 videmus,
1195 3262 1257 3300 ea
1285 3248 1581 3301 vanitatem
1607 3264 1730 3303 esse
1760 3251 2092 3304 vanitatnm?
2117 3219 2160 3277 ο

501 3344 592 3389 aut
621 3337 948 3390 sententiam
983 3336 1290 3410 illam,qn:e
1309 3339 1536 3393 adducta
1561 3352 1661 3404 est,
1703 3359 1722 3390 ι
1751 3341 1890 3406 Quid
1929 3341 2089 3397 habet

501 3425 735 3490 amplius
765 3426 930 3480 homo
970 3426 1037 3480 de
1071 3428 1330 3482 universo
1362 3429 1551 3483 labore
1579 3445 1702 3496 suo,
1743 3446 1850 3499 quo
1880 3431 2091 3486 laborat

501 3516 604 3568 sub
627 3515 788 3570 sole?
821 3535 858 3576 ι,
879 3527 1039 3572 teme
1085 3534 1250 3589 opera
1281 3520 1595 3590 significare
1617 3521 1642 3573 ?
1693 3520 1924 3590 Propter
1965 3539 2090 3591 qua:

500 3606 679 3678 potius
716 3609 984 3663 honestus
1017 3619 1070 3662 et
1111 3609 1417 3663 industrius
1447 3618 1500 3662 et
1533 3608 1641 3662 Deo
1687 3610 1886 3665 charus
1923 3611 2090 3664 homo

502 3697 575 3748 sit
613 3696 888 3762 inventus,
921 3697 1052 3751 illud
1085 3699 1294 3752 scilicet
1325 3713 1457 3751 cura
1487 3697 1760 3767 ejusmodi
1795 3709 1848 3754 et
1874 3699 2081 3754 laboris

497 3787 823 3842 assiduitate
854 3799 1206 3854 consecutus,
1239 3797 1296 3843 nt
1322 3801 1373 3844 et
1396 3781 1602 3860 egenos
1632 3790 1824 3856 aleret,
1886 3803 1938 3846 et
1989 3793 2082 3846 ho.

503 3880 682 3949 Spitcs
720 3881 954 3951 benigne
974 3883 1273 3952 acciperet,
1305 3891 1360 3938 et
1388 3884 1492 3936 alia
1522 3881 1634 3937 Deo
1655 3883 1895 3952 jucunda
1945 3883 2088 3940 face-

501 3985 578 4028 ret
589 4015 603 4031 .

577 4155 708 4212 Nam
738 4160 839 4212 nisi
864 4159 956 4225 sit,
988 4159 1082 4229 qui
1114 4159 1412 4215 sudoribus
1441 4159 1560 4215 suis
1595 4169 1649 4215 et
1677 4159 1960 4218 laboribus
1995 4175 2090 4217 co-

501 4247 646 4316 piam
671 4248 772 4302 sibi
807 4259 979 4317 paret,
1006 4257 1063 4303 nt
1085 4259 1139 4303 et
1177 4250 1291 4318 ipse
1312 4251 1576 4314 abundet,
1629 4260 1683 4305 et
1713 4250 2088 4320 indigentibus

501 4341 854 4418 emntnodarc
875 4341 1068 4406 possit,
1102 4342 1192 4411 qui
1223 4344 1688 4413 contpt'uhabitur,
1717 4352 1813 4396 aut
1841 4345 1906 4396 ad
1925 4359 2086 4414 quem

505 4433 778 4500 pertinere
819 4435 1136 4502 putabimus
1156 4434 1362 4489 dictum
1394 4435 1524 4489 illud
1566 4454 1578 4489 :
1612 4455 1631 4486 ι
1674 4435 1961 4506 Dispersit,
1993 4436 2089 4491 dc-

501 4526 933 4594 ditpauperihns
977 4527 1242 4598 :jnstilia
1297 4531 1420 4598 ejus
1480 4537 1668 4584 manet
1716 4529 1768 4583 in
1826 4531 2087 4584 saeculum

502 4622 686 4676 Surculi
712 4622 791 4674 ’³⁸1
823 4641 840 4673 ι
881 4623 1061 4689 Quare
1091 4623 1226 4676 nihil
1249 4623 1522 4692 ejusmodi
1557 4623 1881 4694 designabat
1907 4623 2090 4679 Eccle-

501 4713 724 4778 siastes,
757 4715 850 4769 sed
903 4715 1036 4768 illud
1090 4717 1144 4770 in
1197 4717 1382 4770 animo
1422 4716 1681 4771 habuisse
1727 4716 1966 4782 videtur,
2029 4727 2089 4771 ut

499 4803 650 4857 clare
715 4805 1059 4873 prteciperet,
1101 4821 1168 4859 ne
1203 4805 1328 4875 quis
1381 4820 1627 4873 unquam
1687 4804 1754 4859 iis
1785 4805 2092 4862 exuberare

501 4897 762 4964 operibus
793 4896 974 4958 vellet,
1009 4912 1132 4965 qua:
1167 4895 1220 4948 in
1260 4896 1533 4950 detestata
1570 4896 1874 4965 voluptate,
1927 4906 2092 4966 atque

501 4989 556 5042 in
589 4989 1034 5054 corruptelarum
1067 4988 1347 5044 illecebris
1365 4995 1419 5042 et
1443 4989 1496 5042 in
1531 4989 1812 5045 obscaenis
1836 4990 2090 5057 corporis

502 5079 826 5134 libidinibus
860 5093 1154 5136 versantur
1198 5099 1211 5135 :
1249 5091 1343 5136 aut
1400 5083 1452 5134 in
1494 5083 1900 5152 cupiditatibus
1931 5083 2001 5138 iis
2037 5092 2093 5137 et

502 5173 654 5228 ruris
684 5181 738 5227 et
759 5174 1025 5228 servitute
1055 5183 1106 5228 et
1157 5175 1442 5236 turnn'inis,
1479 5191 1619 5245 quas
1652 5177 1906 5232 homines
1940 5176 2090 5230 inani

504 5267 695 5334 gloriae
727 5268 913 5322 studio
949 5270 1223 5331 tolerant;
1256 5285 1322 5324 ex
1355 5271 1562 5340 quibus
1601 5287 1712 5326 non
1771 5271 1938 5326 modo
1969 5271 2094 5325 nul-

506 5358 616 5412 lum
651 5360 879 5414 omnino
911 5375 1105 5431 cepere
1151 5361 1412 5428 fructum,
1453 5363 1549 5418 sed
1588 5377 1755 5434 saepe,
1801 5363 2094 5432 ingruente

507 5451 828 5522 morborum
871 5455 1123 5520 cohorte,
1155 5466 1368 5512 natura:
1399 5473 1625 5528 quoque
1686 5458 1831 5512 vires
1884 5455 2090 5510 amiseo

579 5561 622 5595 "
651 5563 786 5622 Gen.
811 5581 874 5632 ιι,
909 5567 996 5632 15,
1067 5561 1118 5600 ⁷²²
1152 5569 1172 5622 l
1203 5571 1330 5625 (lor.
1364 5588 1416 5636 κ,
1446 5573 1536 5627 51.
1614 5573 1660 5604 ’³
1696 5570 1843 5626 Psal.
1874 5585 1985 5638 cxi,
2017 5569 2075 5623 9.

508 5658 861 5800 κρξὲῗὶϐριι.
903 5677 1054 5729 xxvr,
1088 5665 1172 5718 l2.
1224 5665 1416 5721 Latina
1459 5677 1660 5738 nostra
1701 5683 1809 5722 non
1857 5666 2094 5721 reddunt

583 5799 700 5874 (29)
732 5802 893 5859 Prov.
935 5823 1023 5872 xv,
1059 5809 1143 5864 l9.
1176 5808 1230 5862 In
1281 5808 1490 5864 Latinis
1536 5811 1614 5864 sic
1649 5807 1891 5867 redditur
1923 5827 1934 5863 :
1981 5806 2092 5867 Ilcr

2184 1959 2294 2014 τῶν
2339 1959 2599 2013 τοιούτων
2650 1959 2958 2030 μαρτυρίας
3015 1959 3318 2012 ἀνελίττειν
3375 1957 3472 2010 καὶ
3523 1958 3760 2026 φάσκειν.

2185 2053 2356 2121 Δῆλον
2384 2053 2492 2124 γάρ
2537 2054 2652 2104 ἐστι
2701 2053 2837 2105 πᾶσι
2892 2050 2986 2103 καὶ
3039 2049 3108 2103 τά
3147 2050 3274 2102 κατ’
3325 2048 3644 2103 ἐναντίωσιν
3693 2048 3762 2108 είς

2189 2145 2399 2215 μέμψιν
2441 2144 2710 2214 εἰρημένα
2739 2142 2860 2196 τῶν
2905 2143 3125 2212 ἀέργων
3157 2141 3254 2194 καὶ
3284 2140 3559 2210 ὀκνηρὼν,
3583 2139 3646 2191 δι’
3693 2131 3760 2190 ὧν

2192 2252 2325 2305 φησι
2352 2251 2364 2262 ο
2415 2253 2434 2286 ι
2485 2235 2626 2287 Ὀδοὶ
2657 2232 2876 2304 ἀέργων
2910 2232 3258 2302 ἐστρωμέναι
3287 2228 3556 2292 ἀκάνθαις
3582 2246 3596 2259 ο
3635 2246 3653 2278 ι
3679 2228 3766 2280 καὶ

2188 2327 2370 2389 πάλιν,
2412 2343 2432 2377 ι
2468 2325 2572 2378 Ἴθι
2631 2325 2768 2394 πρὸς
2825 2322 2920 2376 τὸν
2978 2321 3270 2393 μύρμηκα,
3325 2315 3370 2374 ὧ
3407 2320 3630 2392 ὀκνηρέ,
3685 2319 3770 2372 καὶ

2189 2419 2434 2489 ζήλωσον
2462 2417 2561 2480 τὰς
2583 2416 2738 2479 ὁδοὺς
2766 2413 2958 2477 αὐτοῦ,
3001 2414 3097 2468 καὶ
3130 2414 3292 2482 γενοῦ
3350 2413 3567 2467 ἐκείνου
3610 2411 3770 2481 σοφὼο

2189 2527 2348 2580 τερος
2377 2526 2390 2540 °
2427 2509 2622 2579 ἐκείνῳ
2651 2505 2758 2577 γὰρ
2789 2503 3070 2574 γεωργίου
3104 2506 3179 2576 μὴ
3210 2507 3580 2578 ὑπάρχοντος,
3651 2504 3772 2575 μηδὲ

2187 2603 2279 2655 τὸν
2307 2599 2690 2670 ἀναγκάζοντα
2721 2597 2888 2668 ἔχων,
2925 2595 3032 2651 ὑπὸ
3059 2595 3332 2668 δεσπότην
3361 2596 3467 2660 ὢν,
3502 2596 3773 2667 ἑτοιμάζε-

2187 2711 2274 2748 ται
2309 2693 2503 2764 θέρους
2542 2694 2642 2766 τὴν
2680 2695 2886 2765 τροφὴν
2919 2737 2933 2762 ,
2993 2692 3197 2764 πολλὴν
3249 2690 3305 2743 δὲ
3340 2691 3399 2743 ἐν
3463 2689 3542 2760 τῷ
3595 2687 3774 2760 ἀμητῷ

2190 2790 2424 2840 ποιεῖται
2473 2788 2576 2857 τὴν
2635 2787 2964 2857 παράθεσιν.
3015 2787 3085 2838 Ἦ
3159 2782 3466 2854 πορεύθητι
3504 2782 3640 2854 πρὸς
3687 2781 3776 2852 τὴν

2194 2879 2487 2950 μέλισσαν,
2521 2880 2616 2932 καὶ
2650 2880 2788 2949 μάθε
2821 2879 2898 2942 ὡς
2927 2877 3154 2948 ἐργάτις
3184 2875 3324 2940 ἐστὶ,
3375 2875 3487 2945 τήν
3538 2891 3596 2926 τε
3630 2875 3779 2943 ἔργα-

2193 2972 2318 3024 σίαν
2357 2972 2434 3035 ὡς
2467 2972 2674 3042 σεμνὴν
2702 2973 2960 3034 ποιεῖται,
2993 2964 3061 3041 ἧς
3095 2967 3226 3030 τοὺς
3288 2966 3497 3029 πόνους
3554 2964 3778 3034 βασιλεῖς

2190 3065 2283 3118 καὶ
2313 3063 2522 3118 ἰδιῶται
2549 3064 2684 3136 πρὸς
2709 3063 2902 3129 ὑγείαν
2920 3061 3346 3136 προσφέρονται.
3385 3079 3404 3110 ν
3452 3058 3510 3112 '0
3538 3059 3594 3112 δὲ
3615 3056 3778 3128 μέγας

2192 3155 2289 3210 καὶ
2345 3155 2722 3228 χρυσόστομος
2752 3153 2964 3216 Παῦλος
3017 3149 3486 3222 παρακελεύεται,
3545 3148 3678 3220 μηδὲ
3724 3147 3776 3200 τί)

2196 3246 2415 3300 σύνολον
2460 3248 2590 3310 τοὺς
2615 3247 2819 3317 ἀργοὺς
2845 3246 2939 3298 καὶ
2965 3243 3248 3316 ῥᾳθύμους
3279 3241 3511 3296 ἐσθίειν.
3544 3241 3669 3302 Πῶς
3691 3235 3775 3293 οὖν

2195 3341 2478 3410 δυνάμεθα
2498 3341 2638 3393 νοεῖν
2669 3337 2702 3410 ἢ
2743 3339 2812 3392 τά
2838 3339 2894 3390 ὲν
2923 3339 3036 3402 τοῖς
3063 3333 3185 3390 οὖσι
3216 3335 3529 3408 φαινόμενα
3555 3331 3774 3404 ματαιό‹

2195 3449 2336 3504 τητα
2368 3431 2772 3502 ματαιοτήτων,
2797 3429 2831 3502 ἢ
2863 3429 2924 3483 τὸ
2954 3428 3302 3497 ἐπαγόμενον
3331 3427 3503 3498 ῥητὸν
3563 3426 3656 3478 καὶ
3687 3422 3773 3494 φά-

2198 3541 2347 3587 σκον,
2380 3541 2400 3574 ι
2439 3523 2536 3586 Τίς
2568 3522 2856 3593 περίσσεια
2904 3520 2981 3592 τῷ
3007 3519 3288 3592 ἀνθρώπῳ
3321 3521 3379 3572 ὲν
3415 3519 3582 3571 παντὶ
3608 3515 3776 3586 μόχθῳ

2197 3615 2388 3681 αὐτοῦ,
2423 3609 2467 3684 ᾧ
2501 3614 2693 3684 μοχθεῖ
2721 3614 2828 3668 ὑπὸ
2891 3613 2985 3667 τδν
3039 3613 3192 3684 ἣλιον
3217 3655 3232 3679 ,
3267 3631 3287 3664 ι
3333 3610 3436 3674 τάς
3497 3609 3629 3680 περὶ
3689 3605 3782 3680 τὴν

2197 3709 2300 3777 γῆν
2335 3707 2600 3777 ἐργασίας
2630 3705 2828 3776 δηλοῦν
2858 3725 2873 3773 ;
2905 3706 2963 3773 ἐξ
3003 3699 3079 3762 ὧν
3109 3704 3343 3776 εὓρηται
3384 3703 3592 3774 μᾶλλον
3649 3703 3676 3754 ὁ
3701 3717 3763 3768 φιν

2197 3797 2425 3860 λόκαλος
2463 3799 2556 3851 καὶ
2593 3796 2883 3859 σπουδαῖος
2914 3798 3008 3850 καὶ
3044 3796 3300 3866 θεοφιλὴς
3353 3795 3648 3866 ἄνθρωπος
3703 3791 3784 3844 δια

2196 3890 2296 3961 τῆς
2329 3887 2589 3959 τοιαύτης
2614 3888 2943 3959 ἐπιμελείας
2981 3890 3080 3942 καὶ
3113 3887 3457 3958 φιλοπονίας,
3489 3887 3584 3940 καὶ
3643 3900 3778 3937 πτω-

2200 3983 2322 4053 χοὺς
2356 3980 2689 4050 διατρέφων.
2725 3981 2819 4034 καὶ
2864 3981 3051 4046 ξένους
3113 3978 3642 4050 φιλοφρονούμενος,
3695 3969 3777 4027 καὶ

2199 4071 2266 4126 τὰ
2295 4071 2432 4126 ἀλλα
2467 4071 2534 4123 τὰ
2572 4071 2868 4124 ἀνδάνοντα
2903 4071 2982 4140 τῷ
3016 4071 3136 4141 Θεῷ
3172 4071 3337 4142 δρῶν.

2269 4166 2331 4218 Εί
2362 4163 2471 4234 γὰρ
2512 4163 2588 4234 μὴ
2609 4161 2696 4215 διὰ
2720 4162 2828 4216 τῶν
2850 4161 2995 4216 ἰδίων
3010 4160 3252 4234 ἱδρώτων
3279 4163 3372 4216 καὶ
3391 4161 3613 4233 μόχθων
3633 4159 3774 4233 πορίο

2199 4257 2352 4311 σοιτό
2379 4274 2464 4321 τις
2481 4254 2660 4326 ἑαυτῷ
2679 4255 2780 4324 τὴν
2808 4254 3165 4325 αὐτάρκειαν,
3194 4254 3270 4318 ὡς
3301 4255 3666 4327 εύπορεῖνκαὶ
3679 4255 3778 4315 τοῖς

2197 4349 2401 4403 ἐνδεέσι
2464 4350 2684 4420 κιχρᾷν,
2743 4347 2847 4400 ποῦ
2883 4346 3330 4418 πληρωθήσεται,
3367 4348 3467 4401 καὶ
3503 4349 3632 4418 περὶ
3650 4327 3778 4408 τίνος,

2200 4441 2498 4513 ῥηθήσεται
2514 4442 2574 4494 τὸ
2588 4441 2797 4510 φάσκον
2823 4440 2986 4514 ῥητὸν
3008 4481 3022 4505 ,
3045 4460 3064 4492 ι
3097 4440 3480 4510 Ἐσκόρπισεν,
3498 4441 3664 4494 ἔδωκε
3683 4440 3780 4500 τοῖς

2201 4533 2426 4603 πένησιν
2453 4549 2466 4563 ·
2505 4531 2876 4602 ήδικαιοσύνη
2907 4531 3074 4585 αὐτοῦ
3107 4531 3262 4602 μένει
3295 4531 3673 4595 είςτὺν.αἰῶνα
3697 4528 3780 4584 τοῦ

2197 4626 2422 4689 αἰιῖνοςς
2460 4644 2478 4677 ι
2505 4625 2810 4696 Τοιγαροῦν
2831 4625 2986 4678 οὐδὲν
3017 4624 3095 4695 τῷ
3130 4624 3539 4696 Ἑκκλησιαστῇ
3575 4625 3777 4694 πρόκειο

2197 4735 2285 4771 ται
2305 4717 2545 4770 τοιοῦτον
2580 4719 2756 4770 εἰπεῖν
2789 4734 2801 4746 ·
2820 4717 2956 4774 ἀλλά
2986 4717 3258 4787 μηδεμίαν
3291 4718 3618 4786 περίσσειαν
3649 4716 3781 4786 ἔχειν

2199 4809 2290 4862 τὸν
2323 4809 2612 4880 ἄνθρωπον
2666 4808 2845 4876 λέγειν
2873 4810 3064 4877 σαφῶς
3096 4808 3442 4876 ὑποληπτέον
3475 4811 3571 4863 ἐπὶ
3591 4810 3778 4869 πάσαις

2196 4903 2318 4964 ταῖς
2331 4900 2451 4954 καθ’
2469 4901 2664 4972 ἡδονὴν
2685 4900 3120 4971 διαϐεϐλημένην
3145 4899 3399 4970 πράξεσι,
3419 4901 3518 4953 καὶ
3552 4915 3775 4968 σωματιο

2135 5055 2145 5064 ,
2199 4993 2300 5064 κὴν
2329 4995 2425 5048 καὶ
2462 4992 2731 5064 σαρκικὴν
2756 4993 3055 5048 εὐπάθειαν
3094 4993 3186 5046 καὶ
3231 4991 3485 5064 πονηράν
3549 4991 3774 5045 ἀπόλαυ⁹

2201 5103 2304 5150 σιν,
2337 5087 2432 5139 καὶ
2458 5086 2554 5148 τὰς
2585 5087 2677 5139 ἐπὶ
2705 5089 2826 5149 ταῖς
2873 5085 3254 5158 ἀνθρωπίναις
3283 5086 3377 5142 καὶ
3440 5082 3784 5156 παρερχομέ-

2200 5195 2316 5240 ναις
2357 5176 2539 5242 δόξαις
2581 5176 2904 5247 ἐπιθυμίας,
2943 5177 3040 5230 καὶ
3081 5177 3358 5248 μερίμνας
3414 5178 3516 5228 καὶ
3571 5172 3781 5243 θητείας

2199 5271 2293 5324 καὶ
2318 5269 2622 5341 κακουχίας
2648 5287 2661 5302 ο
2716 5262 2792 5322 ὧν
2851 5271 2912 5323 οὐ
2983 5269 3144 5340 μόνον
3206 5268 3361 5322 οὐδὲν
3400 5265 3694 5320 ἀπώναντο
3730 5260 3782 5314 τὸ

2199 5363 2486 5435 παράπαν,
2525 5362 2662 5418 ἀλλὰ
2691 5363 2954 5426 πολλάκις
2987 5362 3081 5416 καὶ
3107 5361 3438 5434 νοσημάτων
3479 5359 3670 5430 ἐσμὸν,
3695 5363 3782 5411 και

2199 5455 2438 5526 φυσικῆς
2477 5454 2654 5526 ἀλκῆς
2701 5455 2960 5528 στέρησιν
3021 5448 3183 5526 εὗρον
3212 5469 3226 5484 ·
3267 5454 3360 5508 καὶ
3421 5451 3566 5525 πρὸς
3619 5449 3782 5520 πέρας

2199 5667 2470 5734 pigrorum
2496 5665 2652 5734 quasi
2677 5664 3142 5734 sepesispinaruin:

2257 5723 2792 5810 ἶὸθγριίινηιιηβη
2817 5723 3086 5810 sedapnd
3126 5732 3266 5790 LXX
3303 5736 3524 5806 legitur,
3563 5729 3670 5786 Καὶ
3693 5725 3775 5796 ζή-

2203 5806 2374 5861 λωσον
2405 5805 2527 5860 ἰδὼν
2563 5806 2660 5869 τὰς
2689 5804 2844 5869 ὁδοὺς
2887 5805 3072 5858 αὐτοῦ.
