4102 6396
417 401 524 462 Ἦέὃ

1497 387 1578 446 IN
1627 383 2212 444 ECCLESIASTE‘N’.
2255 407 2325 417 --
2359 383 2510 442 LIB.
2551 381 2601 440 Ῑ.

3596 362 3704 424 766

427 503 670 564 ἐναντίον
703 505 804 575 τῆς
841 503 980 566 ἰδίας
1016 501 1254 570 ἐφέσεως
1309 484 1391 562 εἰς
1425 500 1662 570 ἀπορίαν
1713 502 1806 554 καὶ
1867 516 2014 552 πτω-
2045 538 2052 558 κ

2157 504 2247 550 unt
2281 514 2294 550 :
2327 503 2498 564 atque
2528 492 2638 546 alio
2695 491 2874 562 plane,
2905 501 3072 558 quam
3120 489 3402 554 Optarent,
3433 476 3606 542 exitu,
3633 477 3702 530 ad

420 601 546 670 χίαν
576 599 639 649 ἐκ
656 594 975 666 περιουσίας
995 593 1364 663 κατήντησαν.
1383 590 1630 643 Τοιοῦτοι
1658 591 1768 660 γάρ
1789 592 1928 642 εἰσιν
1958 591 2006 642 οἱ

425 687 754 760 μοχθοῦντες
809 684 896 738 διὰ
919 685 1088 756 μόνην
1115 683 1214 752 τὴν
1236 681 1340 735 ὑπὸ
1365 675 1552 735 τοῦτον
1578 674 1670 734 τδν
1698 681 1848 752 ἣλιον
1876 681 2010 734 ἀπό-

425 781 622 834 λαυσιν
656 778 752 831 καὶ
783 774 998 847 τρυφὴν
1031 774 1306 841 καὶδόξαν
1337 775 1432 826 καὶ
1457 773 1775 828 δυναστείαν
1803 791 1816 805 ⁶
1854 775 1904 826 οἱ
1953 774 2012 826 δὲ

429 868 757 940 μοχθοῦντές
791 885 851 920 τε
883 868 976 921 καὶ
1003 863 1304 930 κοπιῶντες
1329 866 1418 920 διὰ
1444 866 1542 930 τὰς
1571 867 1710 935 ὑπὲρ
1741 866 1830 920 τὸν
1859 865 2011 936 ἣλιον

426 959 788 1030 ἐλπιζομένας
823 957 1062 1028 ἀμοιϐὰς
1107 957 1366 1030 οὐρανίας
1429 957 1524 1012 καὶ
1581 955 1759 1021 θείας,
1813 955 2013 1026 πολλὴν

426 1052 615 1122 έχουσι
646 1049 972 1123 περίσσειαν
1000 1051 1057 1102 ἐν
1103 1051 1217 1112 τοῖς
1250 1045 1406 1112 ἰδίοις
1439 1046 1660 1118 μόχθοις
1691 1064 1704 1076 ·
1741 1048 1886 1112 οἴους
1928 1049 2013 1101 ἴσ-

432 1159 531 1213 μεν
560 1143 684 1206 τοὺς
700 1141 951 1212 πανευφή
962 1157 1096 1211 μους
1121 1140 1488 1204 ἀποστόλους,
1514 1141 1640 1203 τοὺς
1669 1140 1858 1208 ἁγίους
1881 1157 2016 1210 προ.-

429 1233 629 1305 φὴτας,
666 1233 794 1296 τοὺς
819 1233 918 1304 τῆς
958 1231 1216 1303 ἀληθείας
1247 1232 1343 1286 καὶ
1380 1231 1480 1300 τῆς
1515 1231 1756 1294 πίστεως
1809 1231 2015 1300 μάρτυ-

434 1340 558 1396 ρας,
591 1323 686 1378 καὶ
705 1325 832 1386 τοὺς
873 1323 1276 1396 παραπλησίως
1309 1322 1522 1386 τούτοις
1551 1323 1651 1393 τὴν
1697 1322 1900 1394 ἀρετὴν
1932 1322 2020 1388 ἐξ·

433 1417 811 1488 ασκήσαντας,
844 1416 940 1469 καὶ
969 1418 1154 1470 πᾶσαν
1177 1416 1278 1488 τὴν
1308 1415 1449 1469 κατὰ
1473 1416 1536 1468 τὸ
1563 1414 1790 1468 δυνατὸν
1818 1415 2021 1468 δικαιο-

436 1511 609 1582 σύνην
634 1509 1069 1581 ἐργασαμένους,
1103 1502 1178 1562 ὧν
1202 1509 1432 1573 ἕκαστος
1468 1490 1656 1576 ἔλεγεν
1686 1507 1868 1578 ἔργοις
1925 1506 2023 1559 αὑ-

435 1599 548 1665 ιὶοῖς
573 1618 588 1632 ο
632 1618 652 1652 ι
685 1599 753 1653 Αἱ
778 1601 959 1671 χεῖρες
995 1592 1158 1653 αὗται
1187 1599 1281 1650 καὶ
1309 1597 1434 1668 ἐμοὶ
1492 1598 1588 1651 καὶ
1635 1593 1815 1660 ἄλλοις
1843 1595 2024 1666 διηκό-
2088 1659 2101 1668 .

439 1711 615 1764 νησαν
645 1707 660 1722 ⁸
696 1711 716 1745 ι
775 1691 872 1746 καὶ¹
929 1692 1114 1757 πάλιν,
1179 1711 1198 1743 ι
1243 1689 1636 1762 Ἐργαζόμενοι
1690 1690 1810 1751 ταῖς
1865 1687 2024 1751 ἰδίαις

439 1783 622 1858 χερσί.
665 1803 684 1834 ι

2123 588 2365 658 inopiam
2397 597 2452 640 ct
2478 591 2856 656 paupertatem
2889 597 2953 634 ex
2985 593 3169 634 rerum
3205 574 3454 630 omnium
3478 571 3707 629 allluen-

2118 680 2196 740 tia
2231 679 2570 734 reciderunt.
2607 675 2769 729 Tales
2800 673 3062 726 nimirum
3099 676 3252 732 sunt,
3281 678 3520 734 quorum
3556 661 3708 717 labo-

2125 787 2214 828 res
2238 786 2346 825 una
2372 769 2486 832 illa,
2523 783 2648 839 qua:
2676 765 2782 821 sub
2824 764 2939 817 sole
2975 763 3081 816 hoc
3129 759 3427 820 habentur,
3470 754 3711 810 oblecta-

2123 872 2310 919 menta
2345 870 2400 916 et
2422 861 2651 916 delicias
2678 867 2732 914 et
2759 857 2993 926 gloriam
3034 863 3087 908 et
3111 851 3548 907 dominationem
3587 860 3712 916 spe-

2123 965 2294 1014 ctant.
2323 953 2532 1016 Verum
2553 952 2644 1022 qui
2680 950 2928 1004 laborem
2962 955 3016 1000 et
3037 959 3261 1014 operam
3299 947 3516 1012 ponunt
3553 937 3608 991 in
3641 935 3710 989 iis

2123 1065 2248 1120 quae
2293 1062 2458 1118 supra
2489 1045 2660 1121 solem
2721 1053 3010 1110 speramus
3048 1035 3292 1091 coelestia
3331 1032 3423 1087 Dei
3460 1027 3709 1100 praemia,

2127 1119 2276 1209 large
2305 1138 2361 1191 in
2394 1137 2536 1206 ipsis
2558 1119 2832 1190 aerumnis
2865 1127 3150 1184 abundant
3191 1143 3206 1180 :
3238 1119 3712 1193 quemadmodum

2127 1230 2429 1300 contigisse
2483 1226 2692 1283 scimus
2739 1221 3118 1279 celeberrimis
3171 1214 3461 1286 apostolis,
3503 1208 3713 1266 sanctis

2128 1323 2436 1394 prophetis,
2475 1319 2606 1389 ipsis
2637 1315 2886 1372 veritatis
2913 1321 2967 1367 et
3002 1309 3126 1366 lidei
3157 1307 3517 1376 martyribus,
3545 1312 3710 1357 caete-

2130 1417 2321 1485 risque
2355 1413 2488 1477 illis,
2517 1410 2617 1481 qui
2639 1408 2896 1463 virtutem
2936 1418 3094 1474 teque
3126 1403 3442 1462 coluerunt,
3473 1405 3530 1448 et
3551 1396 3716 1464 justi-

2133 1509 2220 1562 ti:e
2243 1513 2429 1576 partes
2470 1516 2664 1556 omnes
2702 1513 2802 1569 pro
2839 1496 3053 1550 viribus
3074 1507 3236 1564 egere
3279 1508 3292 1544 :
3323 1502 3564 1559 quorum
3607 1486 3720 1540 sin-

2133 1601 2244 1669 guli
2277 1595 2538 1668 operibus
2585 1593 2722 1665 ipsis
2765 1589 3038 1652 dicebant,
3071 1605 3090 1637 ι
3135 1585 3329 1638 Manus
3369 1583 3453 1637 ba:
3501 1590 3558 1636 et
3585 1577 3720 1633 mihi

2136 1668 2192 1749 et
2217 1693 2341 1747 aiiis
2371 1690 2830 1744 ministraverunt
2862 1681 3002 1753 (5|).
3047 1699 3068 1735 ι
3117 1677 3184 1732 Et
3217 1690 3438 1732 rursum
3471 1693 3484 1729 :
3526 1693 3544 1725 ι
3581 1668 3722 1741 Ope-2

2139 1795 2324 1840 rantes
2351 1781 2610 1836 manibus
2633 1777 2876 1848 propriis
2903 1775 2972 1829 ".
3015 1792 3035 1824 ι

514 1873 654 1937 Τοὺς
689 1873 784 1928 οῦν
807 1873 900 1926 τὸν
929 1873 1059 1926 ἴδιον
1093 1868 1293 1957 μόχθον
1323 1872 1381 1924 ἐν
1409 1872 1476 1942 τῇ
1506 1871 1757 1942 παρούσῃ
1782 1863 1898 1940 ζωῇ
1930 1887 2026 1921 κα-

2207 1877 2401 1944 itaque
2429 1872 2562 1943 quia
2587 1878 2837 1932 noverat,
2869 1869 3193 1937 quicunque
3253 1861 3500 1915 laborem
3558 1871 3722 1912 suum

443 1964 882 2036 ταϐαλλομένους
935 1964 1024 2019 διὰ
1077 1965 1174 2036 τὴν
1227 1963 1424 2034 κτῆσιν
1469 1961 1579 2016 τῶν
1637 1961 1862 2030 ἀγαθῶν
1919 1961 2030 2014 τῶν

448 2057 593 2126 ὑπὲρ
621 2058 713 2110 τὸν
742 2057 915 2128 ἥλιον,
944 2056 1038 2111 καὶ
1060 2056 1158 2128 τὴν
1207 2057 1490 2126 ἀκήρατον
1547 2054 1920 2126 κληρονομίαν
1973 2055 2032 2106 ἐν

446 2149 721 2220 οὐρανοῖς,
755 2147 957 2218 πολλὴν
989 2148 1313 2220 περίσσειαν
1357 2147 1502 2216 ἔχειν
1551 2145 1708 2210 εἰδὼς
1744 2147 1800 2199 ἐν
1827 2144 1906 2216 τῷ
1932 2144 2034 2215 μό-

448 2241 566 2318 χθῳ
594 2239 797 2307 αὐτῶν,
827 2239 1073 2311 δηλονότι
1101 2241 1202 2310 τὴν
1231 2237 1601 2310 ἀνεκλὰλητον
1629 2240 1725 2291 καὶ
1757 2238 2036 2309 μακαρίαν

452 2332 562 2384 τῶν
593 2331 764 2401 ἁγίων
793 2330 1046 2400 ἀγγέλων
1086 2331 1264 2403 χαρὰν
1291 2332 1384 2384 καὶ
1411 2331 1510 2401 τῆς
1539 2331 1691 2395 θείας
1725 2331 1884 2402 δόξης
1939 2329 2038 2400 τὴν

459 2423 800 2492 ἀγαλλίασιν,
861 2424 1136 2494 ἐξελέγχει
1187 2424 1331 2478 κατὰ
1372 2423 1784 2494 ἀντιδιαστολὴν
1833 2421 2041 2476 τούτων

462 2515 590 2578 τοὺς
611 2515 700 2568 τὸν
729 2515 1008 2586 μοχθηρὸν
1041 2514 1242 2586 μόχθον
1274 2513 1610 2584 μοχθοῦντας
1663 2515 1758 2568 καὶ
1803 2512 2042 2568 κοπιῶν-

462 2623 560 2670 τας
601 2607 763 2678 μέχρι
813 2607 916 2676 τῆς
971 2608 1258 2680 παρούσης
1292 2607 1438 2676 ζωῆς
1471 2609 1568 2677 τῆς
1625 2607 1893 2678 ἐπικήρου
1950 2608 2046 2660 καὶ

462 2694 832 2769 φθειρομένης
881 2698 977 2752 καὶ
1025 2697 1287 2768 τελούσης
1337 2697 1442 2750 ὑπὸ
1485 2697 1645 2768 μόνον
1711 2695 1900 2750 τοῦτον
1954 2696 2046 2748 τὸν

460 2788 638 2858 ἣλιον.
676 2787 897 2858 Ἀμέλει
923 2789 1106 2845 τοίνυν
1151 2789 1407 2860 ἐμπεδῶν
1439 2791 1538 2859 τὴν
1584 2790 1866 2860 ἡμετέραν
1918 2789 2048 2842 ὑπό-

464 2881 628 2951 ληψιν
657 2884 684 2936 ὁ
727 2883 1186 2956 Ἐκκλησιαστὴς,
1220 2885 1320 2938 καλ⁹
1351 2885 1591 2948 δεικνὺς,
1633 2885 1708 2948 ὡς
1747 2883 1901 2938 οὐδὲν
1941 2883 2050 2936 τῶν

465 2973 638 3028 ὅντων
686 2975 783 3030 καὶ
813 2976 1159 3048 φαινομένων
1203 2977 1320 3031 ἐστὶ
1371 2976 1622 3050 μάταιον,
1678 2975 1902 3048 ἀμέσως
1955 2977 2050 3029 ἐπ·

465 3065 643 3135 ἤγαγε
671 3082 688 3101 ·
1481 3132 1488 3135 _
1699 3115 1728 3130 -

2140 1971 2195 2024 in
2226 1967 2480 2040 prmseuti
2515 1965 2626 2018 vita
2653 1961 3002 2032 impendunt,
3035 1961 3331 2020 bonorum,
3389 1967 3512 2021 quae
3557 1965 3722 2018 supra

2141 2061 2314 2114 solem
2367 2065 2518 2122 sunt,
2571 2051 3065 2122 acquirendarum,
3111 2057 3163 2102 et
3208 2043 3538 2100 immortalis
3578 2041 3726 2095 illius

2144 2151 2480 2208 lizereditatis
2501 2148 2604 2218 17
2635 2145 2913 2201 adeundae
2940 2157 3134 2207 causa,
3189 2139 3412 2194 eosdem
3463 2151 3724 2204 maguum

2147 2246 2290 2300 ferre
2314 2243 2522 2299 laboris
2553 2240 2637 2294 sui
2698 2237 2962 2301 fructum,
2997 2232 3326 2288 iuell‘abilem
3357 2229 3572 2284 scilicet
3595 2227 3728 2280 bra-

2147 2347 2372 2404 tamque
2425 2337 2748 2384 sanctorqu
2807 2323 3136 2394 angelorum
3167 2319 3412 2374 laetitiam
3443 2325 3496 2371 et
3531 2315 3732 2370 divina:

2148 2426 2340 2500 glovia:
2367 2421 2568 2494 gaudia
2589 2458 2603 2482 ,
2637 2418 2866 2481 idcirco,
2901 2417 3024 2470 istis
3051 2429 3119 2469 ex
3149 2411 3381 2466 adverso
3410 2406 3732 2479 pr0pnsitis,

2149 2498 2246 2573 eos
2276 2515 2577 2584 redarguit,
2601 2512 2693 2581 qui
2725 2522 2986 2580 perverso
3015 2505 3201 2561 studio
3236 2514 3518 2572 pravoque
3547 2498 3734 2552 laboro

2152 2613 2302 2667 vires
2327 2609 2616 2662 insumunt
2647 2617 2778 2656 suas
2805 2601 2928 2655 vita:
2989 2598 3164 2666 hujus.
3194 2609 3386 2660 causa,
3423 2605 3546 2662 qum
3593 2587 3736 2642 ﬂuxa

2155 2713 2240 2757 est
2283 2710 2338 2753 et
2370 2693 2770 2765 corruptibilis,
2815 2705 2880 2745 ac
2918 2688 3081 2743 linem
3124 2689 3226 2740 hoc
3262 2686 3370 2740 sub
3403 2683 3517 2738 sole
3553 2679 3736 2734 habet.

2155 2793 2294 2848 Tum
2324 2791 2428 2846 sibi
2457 2787 2648 2856 utique
2671 2793 2935 2838 constans
2971 2779 3356 2841 Ecclesiastes,
3389 2784 3446 2828 et
3469 2772 3743 2842 opinionis

2155 2893 2393 2940 assertor
2431 2888 2656 2937 nostras,
2685 2890 2794 2944 quo
2821 2871 3160 2931 ostenderet,
3191 2882 3406 2932 eorum,
3443 2880 3565 2934 qua:
3589 2871 3738 2921 sunt,

2155 2988 2388 3049 quaaque
2419 2973 2699 3032 visuntur,
2738 2964 2872 3019 nihil
2909 2976 3109 3017 vanum
3146 2975 3293 3025 esse,
3340 2955 3576 3026 subjecit
3616 2969 3742 3024 pro...

2161 3070 2332 3131 tinus,

2021 3179 2171 3252 §lV.

542 3295 733 3350 Γενεὰ
755 3297 1070 3365 πορεύεται
1112 3295 1212 3350 καὶ
1244 3297 1420 3368 γενεὰ
1448 3297 1708 3367 ἔρχεται,
1769 3296 1869 3352 καί
1891 3297 1928 3363 ἡ
1979 3295 2052 3366 τῆ

2243 3293 2412 3347 Vens.
2453 3291 2507 3345 ι.
2553 3286 2836 3343 Generatio
2880 3281 3118 3354 prtrterit
3143 3289 3192 3333 et
3225 3277 3492 3350 generatio
3515 3273 3748 3340 advenit,

468 3389 556 3454 εἰς
588 3386 696 3440 τὸν·
729 3386 918 3442 αἰῶνα
946 3385 1192 3454 ἔστηκε.

545 3478 847 3548 Μονονουχὶ
874 3480 983 3549 γάρ
1010 3495 1146 3550 φησι
1171 3495 1184 3510 ·
1221 3477 1561 3545 Κατέλαϐες,
1627 3478 1908 3552 ἄνθρωπε,
1965 3480 2061 3532 καὶ

473 3569 703 3636 διέγνως
728 3570 842 3624 τῶν
867 3568 1012 3626 ἰδίων
1039 3570 1334 3644 μοχθηρῶν
1365 3571 1802 3642 σπουδασμὰτων
1829 3570 1925 3624 καὶ
1953 3570 2062 3622 τῶν

475 3659 701 3727 φαύλων
730 3659 907 3730 ἔργων
929 3661 1023 3714 καὶ
1057 3661 1314 3732 πονηρῶν
1354 3660 1806 3731 ἐπιτηδευμάτων
1835 3659 1934 3728 τὴν
1960 3676 2064 3729 μα-

476 3751 766 3820 ταιότητα,
783 3753 854 3804 δι’
879 3744 954 3805 ὧν
982 3744 1278 3822 εὗρεςτοὺς
1291 3752 1692 3823 γεγεννηκότας
1719 3767 1803 3816 σε,
1829 3753 2067 3816 καὶτοὺς

479 3841 726 3906 ἐκείνους
751 3841 830 3895 ἔτι
851 3843 1130 3906 τεκόντας,
1162 3844 1589 3914 παροιχηκότας,
1618 3843 1714 3896 καὶ
1752 3843 1812 3896 σὲ
1847 3843 1984 3915 πρὸς
2008 3843 2070 3898 τὸ

480 3934 698 3988 στάδιον
710 3935 812 4005 τῆς
827 3935 1110 4005 παρούσης
1122 3935 1272 4005 ζωῆς
1287 3937 1404 3989 ἀντ’
1416 3935 1642 3989 ἐκείνων
1660 3935 2069 4006 μετακληθέντα

479 4027 574 4082 διὰ
592 4028 692 4098 τῆς
719 4026 780 4092 ἐξ
810 4027 1032 4082 ἐκείνων
1067 4029 1355 4096 γενέσεως.
1390 4026 1604 4082 Οὐκοῦν
1671 4029 1922 4096 συνήσεις
1975 4027 2072 4082 καὶ

482 4117 828 4190 καθομολογή
838 4137 947 4181 σεις
974 4119 1148 4190 ἀληθῆ
1168 4120 1268 4190 τὴν
1291 4118 1449 4184 δόξαν
1476 4119 1584 4173 τῶν
1603 4121 1734 4190 παρ’
1754 4119 1892 4192 ἐμοῦ
1916 4120 2074 4188 λεγο-

489 4209 671 4280 μένων
691 4210 788 4264 καὶ
818 4211 1156 4280 φασκόντων,
1183 4211 1258 4274 ὡς
1285 4229 1306 4262 ‹
1327 4210 1646 4282 Ματαιότης
1673 4211 2072 4282 ματαιοτήτων,

414 4309 420 4314 ”
484 4301 586 4355 καὶ
621 4301 798 4354 πάντα
831 4303 1173 4370 ματαιότης;
1209 4321 1228 4354 ι
1265 4302 1328 4356 Ei
1363 4303 1474 4374 γὰρ
1503 4305 1552 4356 οἱ
1600 4303 1723 4356 κατ’
1755 4300 1948 4354 οὐσίαν
1985 4302 2080 4354 καὶ

488 4391 980 4463 φυσικὴνῦπαρξιν
1009 4391 1298 4462 γεγονότες
1325 4395 1422 4446 καὶ
1449 4393 1626 4456 ὄντες,
1657 4390 1948 4462 ἁπῴχοντο
1977 4390 2080 4460 τῆς

488 4483 778 4554 παρούσης
819 4485 989 4559 ζῳῆς,
1031 4485 1127 4538 καὶ
1163 4484 1300 4554 πρὸς
1337 4485 1427 4538 τδν
1493 4483 1622 4555 χοῦν
1665 4484 1762 4537 καὶ
1797 4483 1899 4552 τὴν
1953 4483 2078 4553 γῆν,

489 4575 553 4642 ἐξ
581 4571 648 4648 ἦς
689 4575 1028 4648 ἐλήφθησαν,
1081 4575 1446 4646 ἀνελύθησαν,
1507 4577 1602 4630 καὶ
1650 4574 1943 4645 γεγόνασιν
2006 4575 2082 4638 ὡς

489 4667 747 4740 οὐδαμῶς
799 4669 1168 4742 ὑπάρξαντες,
1209 4673 1334 4725 ὅσον
1365 4667 1502 4743 ἧκεν
1535 4674 1616 4735 εἰς
1649 4670 1750 4742 τὴν
1789 4671 2081 4742 πρόχειρον

491 4763 590 4815 καὶ
613 4762 944 4834 φαινομένην
975 4761 1270 4833 ὑπόληψιν,
1305 4763 1468 4834 σχολῇ
1499 4765 1551 4831 γ’
1579 4763 1642 4816 ἂν
1665 4761 2079 4832 ὑπολαμϐάνειν

492 4853 614 4905 δέον
639 4853 719 4906 ἔτι
748 4852 1250 4924 περιφυλάττεσθαι
1281 4856 1378 4907 καὶ
1409 4855 1688 4924 διαμένειν
1740 4854 1838 4913 τὰς
1889 4870 2082 4922 σαρκι-

495 4941 598 5004 κὰς
638 4944 732 4996 καὶ
754 4941 1051 5012 βδελυκτὰς
1075 4941 1290 5012 ἡδονὰς,
1347 4945 1443 4998 καὶ
1494 4943 1594 5004 τὰς
1657 4943 1868 4996 καπνοῦ
1925 4943 2084 5012 δίκην

497 5033 918 5104 παρερχομένας
939 5032 1291 5101 ἀνθρωπίνας
1307 5035 1464 5102 δόξας
1487 5036 1578 5088 καὶ
1599 5034 2086 5098 καταδυνασέείας,

496 5129 558 5183 αἳ
597 5127 1028 5200 συμϐεϐηκότως
1059 5130 1384 5198 ὑφίστανται
1408 5131 1552 5184 κατὰ
1588 5131 1689 5198 τὴν
1733 5128 2084 5195 αὐτεξούσιον

501 5220 677 5292 ῥοπὴν
704 5221 799 5274 καὶ
839 5220 1093 5295 βούλησιν
1141 5222 1252 5276 τῶν
1271 5207 1600 5292 ’μισοκάλων
1649 5220 1909 5292 γνωμῶν.
1978 5221 2075 5274 καὶ

501 5313 696 5368 θᾶττον
733 5311 1088 5380 ἁπογίνονται
1134 5315 1319 5382 πάλιν,
1372 5313 1559 5378 καθὼς
1592 5315 1622 5366 ό
1672 5314 1778 5366 ὑπὸ
1821 5311 2087 5377 λαίλαπος

500 5404 860 5475 ἐλαυνόμενος
915 5404 1065 5474 χοῦς,
1095 5407 1189 5458 καὶ
1235 5406 1436 5476 πτῆσις
1489 5405 1804 5478 ίπταμένων
1857 5404 2082 5477 ὀρνέων,

503 5493 604 5553 καὶ
631 5495 750 5568 ἴχνη
781 5493 1226 5568 ποντοπορούσης
1263 5497 1410 5568 νηός.

579 5607 628 5640 ⁸⁸
655 5609 676 5660 Ι
708 5607 840 5664 Cor.
875 5623 949 5671 tv,
983 5608 1070 5662 12.

582 5699 695 5770 (51)

518 5773 602 5824 τοι
621 5763 1020 5856 dignudignu...
1053 5771 1135 5824 ὅτι
1169 5773 1292 5856 ταῖς
1328 5771 1673 5856 χρείαιςτμου
1705 5769 1796 5822 καὶ
1833 5771 1944 5830 τοῖς
1971 5763 2089 5821 οὖσι

517 5840 635 5910 μετ’
667 5837 798 5910 ἐμοῦ
831 5842 1182 5912 ὑπηρέτησαν
1212 5842 1266 5892 αἱ
1295 5837 1474 5910 χεῖρες
1504 5837 1678 5896 αὗται.

739 5701 858 5754 Aet.
884 5717 975 5764 xx,
1005 5700 1095 5756 Si.
1130 5699 1236 5754 Sed
1269 5698 1425 5753 Lura:
1447 5690 1560 5754 haec
1595 5706 1722 5754 sunt
1758 5697 1920 5751 verba
1953 5695 2092 5764 εᾼὺυ

2164 3394 2308 3439 terra
2336 3393 2510 3437 autem
2541 3381 2598 3434 in
2635 3377 2890 3433 saxulum
2927 3381 3034 3427 stat
3067 3370 3201 3440 ('52).

2233 3475 2466 3531 Perinde
2499 3489 2562 3528 ac
2591 3473 2636 3526 s'i
2671 3471 2877 3526 diceret
2905 3486 2917 3521 :
2963 3463 3115 3519 Nosti
3157 3463 3295 3534 jam,
3328 3474 3362 3514 ο
3401 3455 3669 3520 mortalis,
3696 3471 3750 3516 et

2175 3577 2463 3623 assecutus
2523 3579 2606 3628 es,
2637 3561 3031 3632 ﬂagitiosorum
3077 3554 3381 3610 studiorum
3429 3563 3756 3620 pravorum-

2166 3676 2274 3734 que
2299 3673 2526 3730 operum
2556 3665 2726 3726 atque
2750 3651 3012 3722 improbae
3033 3641 3401 3703 contentionis
3424 3653 3528 3696 tua:
3551 3647 3754 3709 quanta

2169 3753 2240 3809 sit
2260 3751 2509 3807 vanitas:
2538 3763 2668 3804 cum
2695 3754 2750 3801 et
2781 3759 2877 3799 eos
2902 3742 2996 3812 qui
3027 3750 3079 3794 te
3111 3742 3442 3810 genuerunt,
3470 3743 3524 3806 et
3559 3733 3755 3786 horum

2170 3843 2298 3898 item
2329 3848 2582 3912 parentes
2607 3837 2720 3908 jam
2761 3831 3090 3904 praeteriisse
3121 3821 3570 3895 deprebenderis,
3611 3833 3662 3874 ct
3690 3834 3758 3874 ex

2173 3937 2281 3992 illis
2332 3937 2636 4004 prognatus
2687 3927 2753 3982 ad
2792 3923 3077 3996 praesentis
3121 3919 3247 3973 vitae
3295 3913 3531 3970 stadium
3567 3925 3760 3964 eorum

2174 4035 2228 4080 te
2254 4025 2377 4080 loco
2399 4033 2651 4078 vocatqu
2684 4018 2896 4072 videas.
2939 4013 3135 4068 Nonne
3167 4009 3336 4080 igitur
3372 4005 3663 4075 intelliges,
3697 4017 3764 4058 ac

2176 4131 2304 4171 vera
2343 4114 2436 4168 illa
2466 4110 2730 4173 fatebere,
2785 4121 2909 4176 quae
2959 4119 2990 4159 a
3030 4117 3119 4156 me
3171 4099 3317 4155 dicta
3368 4107 3499 4153 sunt
3541 4095 3596 4149 in
3639 4109 3760 4148 eam

2178 4203 2532 4268 sententiam,
2569 4221 2587 4252 ι
2625 4199 2932 4253 Vanitatem
2969 4208 3094 4249 esse
3125 4191 3451 4256 vanitatum,
3485 4196 3539 4243 et
3579 4184 3764 4240 omnia

2177 4293 2516 4352 vanitatem?
2541 4313 2560 4344 ι
2591 4307 2714 4346 nam
2739 4291 2784 4345 si
2811 4303 2952 4359 quos
2971 4286 3102 4342 olim
3123 4301 3181 4340 re
3199 4293 3254 4337 et
3275 4291 3470 4336 natura
3490 4279 3770 4336 exstitisse

2181 4397 2422 4452 constat,
2450 4385 2566 4456 jam
2593 4399 2660 4438 ex
2702 4382 2805 4436 hac
2835 4381 2944 4434 vita
2975 4377 3180 4438 abiere,
3207 4383 3371 4444 atque
3405 4373 3458 4426 in
3490 4371 3769 4442 pulverem

2184 4491 2524 4548 terramque,
2566 4474 2711 4530 unde
2767 4470 3060 4526 exordium
3114 4455 3443 4528 habuerant,
3497 4460 3769 4525 conversi,

2187 4581 2457 4644 quantum
2487 4584 2552 4623 ex
2585 4567 2672 4631 iis,
2703 4579 2825 4634 qua:
2853 4569 3136 4632 apparent,
3160 4557 3370 4630 opinari
3409 4555 3630 4610 obvium
3665 4562 3772 4616 est,

2115 4645 2156 4699 ί)
2187 4667 2262 4720 ita
2317 4676 2442 4718 esse
2493 4659 2817 4720 desierunt,
2867 4653 3028 4725 quasi
3090 4664 3374 4719 nunquam
3425 4645 3772 4710 exstiterint;

2188 4756 2339 4812 nullo
2370 4753 2532 4808 modo
2563 4750 2887 4805 existimare
2914 4747 3042 4818 quis
3068 4744 3260 4816 possit,
3282 4743 3418 4796 bene
3450 4728 3778 4794 conStitutas

2185 4865 2252 4906 ac
2281 4847 2508 4904 stabiles
2539 4859 2664 4898 esse
2697 4841 2872 4898 foedas
2903 4839 3157 4908 corporis
3189 4840 3518 4902 voluptates,
3550 4841 3647 4888 aut
3689 4833 3779 4888 fu-

2189 4943 2264 4997 mi
2295 4942 2472 4995 instar
2499 4943 2889 4992 evanescentes
2924 4931 3196 4991 humanos
3233 4927 3407 4981 fastus
3435 4934 3491 4980 et
3533 4924 3781 4997 tyranni-

2191 5050 2287 5091 cos
2317 5033 2675 5086 dominatus:
2727 5025 2782 5080 in
2829 5022 3030 5094 quibus
3077 5021 3214 5075 nihil
3257 5019 3414 5074 solidi
3457 5019 3608 5080 insit,
3641 5015 3780 5071 nihil

2197 5123 2468 5193 diuturni,
2503 5134 2555 5178 et
2592 5121 2646 5176 in
2697 5115 2997 5178 voluntatis
3043 5113 3271 5170 arbitrio
3309 5121 3485 5167 totum
3529 5123 3694 5180 atque
3726 5109 3780 5164 in

2199 5217 2443 5291 perversi
2496 5212 2667 5270 animi
2723 5209 2957 5278 consilio
3004 5209 3079 5275 sit
3125 5225 3138 5260 :
3201 5215 3264 5262 ut
3322 5207 3504 5260 omnia
3555 5218 3779 5258 rursum

2195 5310 2354 5382 quasi
2394 5307 2572 5378 pulvis
2615 5303 2832 5366 turbine
2867 5301 3126 5372 agitatus,
3175 5305 3272 5372 aut
3317 5298 3458 5351 sicut
3507 5296 3784 5368 praeterla-

2197 5403 2444 5470 bentium
2474 5401 2654 5454 avium
2692 5397 2930 5459 volatus,
2983 5401 3078 5460 aut
3123 5392 3280 5452 navis
3328 5407 3479 5446 mare
3513 5389 3785 5446 tranantis

2199 5495 2451 5566 vestigia,
2490 5492 2598 5547 cito
2623 5488 2938 5558 dispercant
2968 5486 3104 5557 (55).

2274 5696 2387 5764 (5.9.)
2427 5695 2850 5767 Olyntpiodorus
2879 5693 3059 5767 habet,
3097 5694 3128 5763 η
3160 5691 3217 5744 δὲ
3246 5692 3336 5761 γῆ.

2275 5759 2387 5838 (55)
2433 5759 2615 5822 Liceat
2659 5765 2791 5838 mihi
2829 5768 2954 5838 hoc
2989 5759 3128 5838 loco
3155 5759 3476 5838 particulam
3514 5759 3782 5818 oratoriis

2199 5831 2462 5904 mul'crrr,
2484 5854 2645 5908 quam
2677 5835 2866 5890 habuit
2903 5837 2954 5889 in
2983 5831 3178 5888 festum
3202 5833 3568 5888 Kalendarum
3599 5831 3779 5888 discr~
