4102 6426
448 401 554 466 ’ἱόθ
1550 393 1631 453 IN
1678 389 2068 453 ECCLESIAS

2065 385 2250 446 iTEN.
2288 411 2358 420 --
2391 382 2536 443 LIB.
2574 383 2602 441 Ι
3619 379 3685 443 77

449 537 515 589 νη
558 518 625 587 τῇ
669 513 832 585 βουλῇ
867 513 955 565 rei.
993 511 1344 581 Πειὴσαντος,
1379 510 1471 561 καὶ
1505 509 1816 579 μηδαμόθεν
1833 506 2030 578 ἔχουσα
2064 545 2069 564 λ

2103 512 2490 564 sustentetur,
2537 497 2854 553 cmlestibus
2889 497 3127 568 undique
3172 497 3482 553 intervallis
3536 514 3723 568 seqva—

448 611 509 664 τὸ
535 607 848 678 προσάπτον
876 621 888 633 ·
922 599 1056 656 ἀλλὰ
1089 599 1422 672 πανταχόθεν
1459 599 1567 652 τῶν
1585 600 1852 670 οὐρανίων
1913 597 2032 649 δια-

2137 598 2258 650 Ιίιιτ
2287 597 2682 665 perspicueque
2711 593 2896 658 distat,
2930 601 2982 645 et
3036 592 3257 645 definita
3299 591 3402 646 sibi
3455 592 3722 647 servitute

453 701 747 771 στημάτων
787 697 846 764 ἐξ
883 697 999 750 ἴσου
1039 696 1225 764 σαφῶς
1255 693 1625 764 ἀφισταμένη,
1659 692 1754 745 καὶ
1781 693 1879 760 τὴν
1897 691 2028 760 ὠρι-

2137 689 2472 756 defungitur.
2511 683 2654 751 Quin
2683 685 2855 740 solem
2896 685 3060 738 etiam
3101 684 3363 749 intuere,
3389 699 3422 738 ο
3454 687 3721 750 murtalis,

453 792 656 862 σμένην
669 788 1062 861 ἁποπληρούσα
1087 787 1329 859 θητείαν.
1346 785 1487 838 Ἀλλ’
1509 784 1584 838 ἴδε
1618 785 1710 838 καὶ
1740 783 1831 836 τὸν
1853 781 2028 852 ἥλιον,

2139 777 2380 846 quotidie
2421 774 2760 828 exorientem
2809 782 2974 842 atque
3006 771 3368 837 occidentem,
3403 773 3494 844 qui
3527 775 3591 828 ad
3641 776 3723 830 lo-

451 881 726 950 ἄνθρωπε,
763 878 1004 948 συνεχῶς
1026 876 1386 930 ἀνατέλλοντα
1424 875 1521 927 καὶ
1569 873 1731 927 πάλιν
1783 871 2028 933 δύνοντα,

2141 885 2263 924 cum
2301 882 2485 932 suum,
2515 865 2567 919 id
2613 873 2698 918 est
2728 864 2794 931 ad
2840 879 2898 919 se
2950 863 3152 933 ipsum,
3187 865 3456 928 omnium,
3491 866 3725 935 quicun-

452 972 548 1025 καὶ
587 971 723 1042 πρὸς
767 969 858 1022 τὸν
916 969 1082 1021 τόπον
1113 965 1302 1030 αὑτοῦ,
1344 965 1592 1018 τουτέστι
1623 963 1761 1034 πρὸς
1817 961 2028 1024 ἑαυτὸν,

2139 975 2245 1028 que
2276 969 2472 1011 terram
2509 957 2780 1022 incolunt,
2810 957 3001 1011 oculos
3033 955 3278 1011 adducit.
3315 959 3453 1012 Nam
3487 959 3572 1013 sol
3603 961 3721 1028 qui-

451 1060 676 1114 ἕλκοντα
707 1058 888 1122 πάσας
923 1057 1018 1120 τὰς
1049 1055 1198 1125 ὄψεις
1223 1055 1332 1109 τῶν
1349 1053 1749 1108 κατοικούντων
1781 1054 1878 1122 τὴν
1905 1052 2026 1121 γῆν.

2137 1051 2260 1104 dem
2320 1053 2436 1104 sive
2497 1049 2563 1102 ad
2597 1057 2781 1104 ortum
2835 1056 3106 1112 versetur,
3155 1049 3271 1102 sive
3323 1049 3390 1104 ad
3441 1065 3722 1116 occasum,

452 1149 626 1201 Ὅπου
669 1145 777 1218 γὰρ
809 1150 836 1200 ό
865 1146 1014 1216 ἥλιος
1055 1146 1313 1215 ὑπάρχων
1346 1143 1568 1214 εὑρεθῇ,
1617 1143 1720 1197 κάν
1777 1160 1836 1196 τε
1891 1142 2033 1195 κατά

2141 1156 2354 1209 semper
2404 1139 2673 1210 fulgorem
2717 1139 2842 1193 inde
2875 1153 3036 1192 suum
3095 1149 3148 1192 et
3203 1139 3388 1195 radios
3444 1140 3724 1196 ellundere

450 1235 738 1300 ἀνατολὰς,
778 1233 882 1287 κᾶν
938 1250 998 1286 τε
1058 1233 1202 1286 κατά
1229 1231 1460 1301 δυσμὰς,
1497 1233 1614 1284 ἐκεῖ
1645 1229 1860 1293 καὶτὰς
1895 1229 2030 1290 ἰδίας

2143 1231 2294 1285 visus
2331 1241 2450 1285 est:
2499 1230 2565 1284 ad
2617 1243 2756 1298 quos
2800 1229 3160 1282 animantium
3202 1231 3448 1284 omnium
3499 1246 3724 1286 convcr-

447 1327 644 1396 αἷγλας
693 1329 789 1382 καὶ
825 1327 1062 1398 λάμψεις
1123 1324 1516 1395 ἐπιφερόμενος
1569 1323 1822 1395 εὕρηται,
1895 1323 2031 1393 πρὸς

2142 1328 2266 1374 tunt
2293 1336 2350 1375 se
2384 1320 2550 1387 oculi,
2583 1320 2722 1374 lucis
2756 1318 2901 1372 illius
2935 1333 3122 1372 amore
3156 1318 3342 1374 illecti.
3393 1319 3488 1374 Sol
3535 1337 3725 1390 nempe

448 1421 514 1486 ἂς
547 1421 868 1490 ἐφέλκονται
911 1417 1139 1474 καὶτῶν
1178 1417 1332 1482 ζώων
1364 1418 1582 1471 πάντων
1625 1419 1682 1470 αἱ
1713 1416 1865 1486 ὄψεις
1905 1417 2032 1486 ἐρα-

2143 1411 2273 1464 dum
2307 1409 2752 1479 hemisphzerium
2804 1408 2910 1462 hoc
2959 1416 3210 1461 nostrum
3259 1409 3515 1473 illustrat,
3549 1425 3725 1480 neque.

453 1511 628 1584 σμίως
646 1510 870 1582 ἔχουσαι
905 1509 1040 1580 πρὸς
1070 1507 1128 1562 τὸ
1163 1507 1279 1576 φῶς
1299 1506 1479 1562 αὐτῶν
1498 1523 1510 1534 ·
1540 1504 1661 1558 οὐδὲ
1685 1506 1794 1576 γὰρ
1824 1507 1851 1557 ὁ
1879 1504 2031 1574 ἥλιος

2144 1513 2205 1557 ut
2268 1503 2614 1573 splendorem
2677 1500 3271 1571 pulchritudinemque
3355 1501 3579 1556 luminis
3640 1504 3725 1557 sui

451 1604 550 1672 τὴν
579 1602 938 1674 περιφάνειαν
964 1601 1058 1654 καὶ
1081 1599 1180 1671 τὴν
1223 1595 1378 1663 δόξαν
1424 1597 1524 1667 τῆς
1563 1595 1703 1666 ὑπὲρ
1739 1595 1844 1664 γῆν
1891 1593 2031 1664 λάμ-

2142 1610 2306 1664 supra
2359 1605 2560 1648 terram
2605 1605 2868 1664 perpetuo
2915 1601 3174 1657 ostentet,
3225 1593 3576 1646 contentione
3619 1594 3728 1648 ulla

449 1695 596 1764 ψεως
627 1693 714 1746 ἀεὶ.
753 1689 1076 1760 φιλονεικῶν
1106 1689 1272 1760 ἔχειν,
1304 1686 1427 1742 οὔτε
1455 1687 1555 1748 τὰς
1595 1687 1698 1739 ὑπὸ
1729 1686 1834 1756 γῆν
1865 1703 2032 1738 κατα-

2145 1686 2353 1752 nititur;
2386 1701 2562 1756 neque
2595 1699 2828 1740 occasus
2859 1684 2943 1738 sui
2977 1684 3376 1738 obscuritatem
3419 1694 3605 1752 erepta
3624 1685 3729 1738 sibi

449 1783 632 1847 δύσεις
664 1781 826 1836 αὐτοῦ
851 1783 944 1836 καὶ
970 1781 1076 1834 τῶν
1120 1781 1266 1834 ἰδίων
1297 1779 1534 1833 ἀκτίνων
1568 1779 1699 1831 ποτὲ
1736 1777 2033 1849 παραιτού-

2144 1779 2324 1846 specie
2354 1778 2559 1832 illatam
2591 1784 2895 1841 aversatus,
2929 1783 3102 1832 statas
3152 1775 3429 1831 radiorum
3484 1776 3730 1831 declina-

453 1891 614 1944 μενος
647 1873 744 1928 καὶ
769 1871 1284 1940 διαναὸαλλόμενος,
1321 1869 1412 1922 διά
1437 1871 1536 1939 τὴν
1572 1867 1824 1921 ἐντεῦθεν
1881 1866 2032 1938 αὐτῷ
2068 1849 2073 1904 Ῐ

2143 1870 2319 1925 tiones
2355 1871 2524 1923 evitat
2573 1883 2815 1938 unquam
2865 1877 2958 1922 aut
3001 1866 3222 1922 differt:
3273 1867 3366 1922 sed
3416 1865 3731 1922 Conditoris

441 1967 884 2037 ’προσγινομένην
919 1963 1186 2032 ἀφάνειαν
1216 1962 1312 2014 καὶ
1343 1959 1542 2030 συχνὴν
1572 1959 1810 2024 ἀδοξίαν,
1841 1961 1922 2021 είς
1971 1960 2032 2011 τὸ

2141 1961 2476 2031 praescriptis
2522 1959 2604 2016 sic
2653 1960 3017 2030 obtemperat,
3069 1969 3130 2014 ut
3159 1961 3481 2015 servitutem
3522 1969 3727 2014 tantam

453 2056 577 2112 καθ’
605 2056 752 2127 ἡμᾶς
783 2052 1146 2124 ἡμισφαίριον
1183 2052 1391 2122 λάμπει
1419 2065 1432 2078 ·
1483 2048 1620 2103 ἀλλά
1649 2048 1746 2101 τοῦ
1795 2049 2032 2118 Ποιητού

2144 2053 2303 2124 quasi
2357 2051 2610 2108 benevoli
2657 2051 2826 2106 animi
2868 2067 3036 2107 verna
3085 2051 3294 2106 servire
3340 2051 3612 2107 videatur.
3647 2052 3729 2106 'l‘n

452 2151 568 2211 τοῖς
595 2147 742 2216 ὅροις
782 2144 1102 2214 πειθόμενος
1137 2143 1360 2214 θητεύει·
1381 2142 1478 2214 τὴν
1512 2140 1782 2211 τοσαύτην
1807 2139 2030 2212 θητείαν

2144 2161 2276 2220 vero
2307 2153 2517 2199 natura:
2570 2145 2840 2199 terminos
2885 2153 3264 2218 transgressus
3301 2143 3448 2215 (nam
3495 2159 3729 2213 superna

387 2285 390 2288 Α
449 2236 529 2300 ὡς
559 2233 858 2306 εὐγνώμων
878 2234 1116 2303 οἰκέτης.
1149 2233 1220 2284 Σὺ
1237 2231 1292 2284 δὲ
1325 2231 1416 2285 καὶ
1444 2229 1570 2293 τοὺς
1590 2229 1853 2300 φυσικοὺς
1877 2231 2003 2302 ὅρου

2143 2247 2204 2292 ut
2248 2236 2452 2306 cogites
2490 2244 2546 2289 et
2597 2235 2864 2304 inquiras,
2911 2243 3082 2303 utque
3113 2235 3280 2288 animi
3331 2233 3382 2287 vi
3430 2243 3484 2288 et
3531 2235 3732 2288 intelli-

447 2329 694 2400 ἀμείψας
741 2327 847 2399 (τὰ
883 2325 994 2396 γὰρ
1020 2325 1132 2380 ἄνω
1164 2339 1223 2376 σε
1255 2325 1478 2393 φρονεῖν
1537 2323 1635 2376 καὶ
1697 2321 1884 2392 ζητεῖν
1922 2323 2026 2374 εἱσ-

2143 2328 2328 2398 gentia
2357 2324 2629 2396 quidquid
2655 2327 2895 2380 mundus
2923 2325 3012 2379 ille
3066 2325 3331 2394 spiritalis
3361 2327 3524 2380 habet
3561 2326 3733 2380 medi-

450 2417 738 2489 ηγοῢνται,
772 2417 864 2470 καὶ
880 2416 948 2468 τὰ
973 2418 1030 2467 ἐν
1069 2412 1144 2484 τῷ
1173 2413 1348 2483 νοητῷ
1378 2413 1580 2484 δηλαδὴ
1615 2413 1808 2484 κόσμῳ
1832 2412 2035 2482 φαντά-

2149 2419 2275 2474 teris
2326 2433 2390 2474 ac
2444 2417 2816 2488 persequaris,
2866 2418 2964 2474 tibi
3020 2419 3301 2487 suadent),
3355 2427 3436 2482 tu,
3484 2419 3731 2488 inquam,

457 2509 645 2575 ζεσθαι
685 2507 776 2561 καὶ
813 2507 1030 2560 διώκειν
1075 2505 1164 2558 διὰ
1202 2504 1310 2557 τῶν
1339 2503 1546 2574 νοητῶν
1605 2503 2038 2574 δυνάμεων-τῆς

2146 2521 2200 2566 et
2231 2521 2376 2566 terra
2431 2517 2486 2566 et
2537 2510 2654 2565 sole
2683 2509 2838 2580 pejor
2885 2511 3141 2566 inventus
3172 2526 3251 2576 es,
3301 2510 3570 2566 inanimes
3605 2511 3733 2566 licet

451 2604 646 2674 νοερᾶς
673 2590 770 2654 σου
794 2599 1237 2670 ψυχῆς),χείρων
1273 2595 1504 2668 εὕρησαι
1543 2597 1638 2648 καὶ
1667 2598 1768 2666 τῆς
1799 2595 1903 2664 γῆς
1946 2593 2040 2646 καὶ

2147 2603 2222 2658 illi
2275 2602 2407 2668 sint,
2476 2601 2801 2670 nullumque
2859 2601 3092 2656 rationis
3161 2601 3422 2656 indicimn
3493 2617 3606 2672 prae
3673 2619 3733 2657 se

451 2695 548 2748 τοῦ
577 2693 732 2764 ἧλιου
776 2691 885 2744 τῶν
915 2690 1141 2761 ἀψύχων
1174 2690 1268 2742 καὶ
1305 2688 1578 2758 μηδεμίαν
1611 2687 1844 2758 ἐχόντων
1888 2685 2038 2753 λογι-

2150 2694 2346 2750 ferant.
2391 2693 2592 2760 Quidni
2637 2694 2798 2764 igitur
2831 2693 3046 2748 vanitas
3076 2693 3378 2747 vani-talum
3413 2701 3466 2747 tu
3512 2709 3733 2764 quoque

455 2788 682 2856 κότητος
723 2785 982 2856 ἔμφασιν.
1014 2782 1140 2846 Πῶς
1170 2779 1264 2836 οὖν
1293 2781 1354 2834 οὐ
1390 2781 1690 2853 ματαιότης
1738 2781 2040 2851 ματαιοτή-

2150 2803 2256 2842 una
2303 2803 2430 2843 eum
2493 2785 2778 2854 flagitiosis
2838 2785 3131 2854 pravisque
3191 2785 3618 2855 cogitationibus
3679 2797 3735 2841 et

454 2894 565 2931 των
599 2875 738 2948 μετά
771 2876 880 2930 τῶν
921 2873 1214 2947 μοχθηρῶν
1247 2891 1342 2927 σου
1381 2875 1476 2928 καὶ
1517 2872 2039 2944 φαύλωνρὲνθυμη-

2149 2880 2311 2935 dictis
2344 2887 2510 2950 atque
2545 2877 2702 2933 factis
2735 2877 2845 2932 tuis
2887 2876 3186 2931 habeat-is?
3217 2885 3336 2932 esto
3366 2878 3480 2934 hmc
3510 2877 3729 2948 quidem

461 2964 648 3040 μάτων
681 2967 776 3021 καὶ
804 2967 978 3035 λόγων
1013 2966 1108 3020 καὶ
1143 2965 1396 3036 πράξεων
1432 2967 1526 3018 καὶ
1577 2965 1640 3018 σὺ
1675 2963 1838 3027 αὐτὸς
1896 2981 2044 3033 νομι-

2151 2991 2341 3030 revera
2367 2974 2639 3028 vanitates
2675 2973 2806 3039 sint,
2843 2983 2897 3026 tu
2937 2973 3211 3028 levitatem
3251 2987 3442 3028 eorum
3472 2973 3732 3030 similitu-

455 3057 669 3129 σθήσῃ;
707 3055 850 3110 κατά
878 3053 1142 3126 ἀλήθειαν
1179 3054 1280 3124 μὲν
1311 3053 1538 3107 ἐκείνων
1585 3053 1755 3108 ὄντων
1811 3069 2042 3124 ματαιο-
2151 3067 2278 3122 dine
2312 3067 2540 3121 τρίετες,

451 3149 654 3219 τήτων,
672 3147 764 3200 σοῦ
781 3147 836 3219 δὲ
854 3149 975 3210 ταῖς
987 3146 1211 3200 ἐκείνοιν
1233 3144 1600 3216 ἀνυπαρξίαις
1617 3147 2041 3215 ἀπεικασμένον.

526 3205 1012 3308 ΔιάΙτοῦτόιφησιν
1041 3237 1208 3290 Δαῦὶδ
1236 3239 1264 3290 ὁ
1297 3205 1594 3308 προφητεης
1613 3255 1627 3268 ο
1661 3255 1679 3287 ι
1724 3205 2045 3308 Ἀνθρωπος
2078 3205 2121 3262 C

2111 3205 2121 3262 ἲ
2224 3245 2332 3314 20
2359 3243 2726 3310 Quamobrem
2771 3242 2908 3298 dixit
2941 3237 3110 3296 David
3152 3241 3452 3312 propheta:
3499 3263 3518 3295 ι
3555 3244 3731 3299 Homo

458 3331 790 3402 ματαιότητι
823 3327 1118 3399 ὡμοιώθη⁹
1154 3329 1211 3380 αί
1264 3328 1469 3398 ἡμέραι
1519 3328 1687 3380 αὐτοῦ
1733 3327 1868 3380 ὡσεὶ
1919 3327 2046 3380 σκιὰ

2150 3338 2376 3393 vanitati
2415 3336 2612 3390 similis
2650 3335 2826 3390 factus
2877 3343 3000 3389 est:
3033 3335 3150 3389 dies
3193 3335 3312 3404 ejus
3343 3337 3486 3390 sicut
3531 3340 3729 3393 umbra

455 3425 794 3498 παράγουσι.
829 3441 849 3474 ι
885 3421 1199 3493 Παράδοξον
1226 3421 1304 3492 τῷ
1345 3421 1461 3474 ὄντι
1521 3421 1620 3492 τὴν
1658 3419 2046 3492 ἀκριϐολογίαν

2151 3437 2482 3499 ριἰνῑυτριιηῐ
2543 3427 2677 3499 (57).
2742 3427 2910 3497 Cujus
2966 3427 3186 3495 quidem
3251 3427 3304 3480 in
3359 3429 3539 3484 verbis
3594 3432 3728 3484 mira

455 3521 559 3588 τῆς
607 3517 812 3583 λέξεως
851 3513 1110 3583 περὶτῆς
1139 3513 1433 3584 ἀνθρώπου
1468 3513 1682 3582 φύσεως
1721 3515 1748 3566 ὁ
1773 3529 2044 3582 προφητι-

2149 3521 2307 3590 plane
2347 3529 2510 3588 atque
2541 3518 2811 3588 exquisita
2860 3519 3001 3573 inest
3030 3517 3097 3572 de
3135 3518 3375 3573 humana
3423 3527 3616 3575 natura
3649 3523 3731 3576 lo-

456 3608 554 3672 κὸς
576 3608 870 3679 ἐποιήσατο
887 3605 1064 3672 λόγος.
1090 3604 1200 3656 Καὶ
1222 3604 1332 3674 γὰρ
1359 3603 1551 3674 ἐπειδὴ
1591 3602 1700 3656 τῶν
1728 3603 1875 3673 παρὰ
1898 3601 2034 3654 Θεοῦ

2148 3613 2337 3666 cutio:
2391 3627 2515 3664 nam
2551 3625 2674 3664 cum
2725 3610 2779 3662 in
2823 3609 2910 3670 iis,
2945 3625 3066 3679 qua:
3117 3609 3384 3664 divinitus
3419 3612 3636 3664 condita
3678 3621 3733 3666 et

363 3736 372 3741 -
455 3700 763 3769 γεγονότων
795 3698 886 3750 καὶ
910 3697 1034 3750 κατ’
1060 3696 1250 3748 οὐσίαν
1292 3697 1386 3749 καὶ
1415 3695 1652 3766 φυσικὴν
1673 3694 1772 3766 τὴν
1808 3694 1983 3764 ὖπαρξ

2147 3707 2212 3760 ad
2265 3705 2490 3760 stabiles
2527 3712 2736 3758 natura
2785 3702 2934 3774 leges
2983 3703 3280 3757 constituta
3329 3710 3479 3766 sunt,
3531 3705 3666 3757 nihil
3701 3722 3729 3758 ιι

455 3791 736 3846 λαϐόντων
770 3789 922 3842 οὐδὲν
980 3788 1212 3860 εὓρηται
1235 3787 1462 3863 γεγονὸς
1489 3788 1666 3856 μάτην
1685 3804 1701 3818 ·
1735 3787 1830 3840 καὶ
1852 3787 2044 3840 τούτου

2148 3799 2258 3852 Deo
2311 3799 2429 3852 sine
2477 3796 2714 3852 consilio
2768 3795 2996 3856 factum,
3029 3811 3199 3866 eaque
3241 3795 3308 3850 de
3360 3811 3522 3850 causa
3570 3797 3727 3863 nihil,

452 3883 622 3956 χάριν
645 3882 768 3936 οὐδὲ
789 3881 1092 3951 ματαιότης
1109 3881 1432 3950 ὠνόμασται
1451 3879 1667 3932 κατὰτὸ
1695 3879 1997 3933 ἀκόλουθον
2028 3896 2042 3909 ·

2147 3891 2291 3960 Quod
2328 3889 2543 3943 vanitas
2570 3886 2694 3955 jure
2727 3887 3050 3958 appelletur,
3085 3886 3316 3940 inveniri
3353 3887 3522 3956 possit
3548 3905 3562 3955 ;
3590 3903 3729 3958 'pro-

457 3974 550 4029 διὰ
575 3973 737 4027 τοῦτο
767 3973 860 4027 καὶ
913 3973 1007 4026 τὸν
1041 3970 1331 4043 ἄνθρωπον
1353 3971 1478 4041 οὐχὶ
1509 3971 1846 4040 ματαιότητα
1876 3988 2048 4042 προσ-

2147 3989 2330 4050 pterea
2383 3976 2657 4030 hominem
2693 3991 3040 4046 nequaquam
3091 3975 3386 4030 vanitatem
3423 3975 3600 4030 dixit:
3637 3978 3728 4031 sed

437 4067 760 4138 -ηγόρευσεν
795 4081 811 4096 ο
836 4062 974 4118 ἀλλά
1009 4063 1335 4135 ματαιότητι
1365 4061 1756 4133 προσηκόντως
1776 4061 2044 4115 ἀπείκασε

2149 4082 2326 4125 tamen
2361 4083 2655 4138 pravorum
2717 4083 2942 4138 operum
2999 4082 3152 4136 ergo,
3209 4083 3332 4138 qua:
3389 4066 3730 4124 extrinsecus

457 4157 551 4212 δ’ιά
590 4158 690 4221 τὰς
735 4157 878 4211 κατά
909 4155 1260 4226 συμϐεϐηκὸς
1292 4153 1444 4224 αὐτῷ
1497 4170 2045 4225 προσπαρεισκεκρι-

2147 4163 2338 4222 ascita,
2403 4161 2571 4216 simul
2618 4176 2740 4216 cum
2785 4162 2903 4228 ipso
2949 4175 3013 4214 ex
3054 4159 3422 4228 imprudentia
3467 4161 3534 4214 ad
3567 4161 3731 4216 breve

461 4248 636 4320 μένας
666 4247 892 4314 ἔξωθεν,
924 4249 1020 4302 καὶ
1041 4262 1240 4314 συμπα
1255 4245 1670 4314 ρυφισταμένας
1701 4246 1837 4317 πρὸς
1869 4246 2042 4318 βραχὺ

2147 4263 2360 4324 tempus
2411 4253 2708 4314 exsisumt,
2743 4251 2971 4306 vanitati
3039 4261 3186 4306 necte
3237 4251 3598 4320 comparavit.
3630 4251 3730 4317 Qui

459 4341 708 4412 πονηράς
761 4340 994 4412 πράξεις
1044 4339 1104 4402 ἐξ
1163 4337 1440 4402 ἀϐουλίας.
1509 4338 1568 4392 '0
1602 4338 1712 4409 γὰρ
1773 4339 2045 4410 μηδαμῶς

2145 4347 2290 4400 enim
2323 4354 2535 4400 naturae
2559 4345 2694 4399 lines
2723 4357 2832 4398 non
2867 4343 3030 4399 modo
3053 4343 3212 4412 laesit,
3242 4343 3338 4397 sed
3375 4344 3538 4398 etiam
3573 4344 3732 4415 longe

457 4431 588 4495 τοὺς
630 4427 898 4501 φυσικοὺς
931 4431 1093 4500 ὄρους
1130 4427 1451 4498 ἀλωὸήτους
1503 4428 1769 4497 φυλάξας,
1812 4430 2042 4496 ἀλλ’ὲξ-

2145 4441 2658 4508 transgressusest,
2697 4443 2862 4504 atque
2901 4433 2968 4488 ad
2999 4433 3190 4504 agendi
3221 4434 3488 4488 rationem
3525 4443 3733 4489 natura:

458 4521 710 4592 εστηκὼς
740 4521 950 4576 τούτων
997 4521 1199 4591 πάντη,
1248 4520 1342 4573 καὶ
1368 4521 1754 4590 παρατραπεὶς
1791 4521 1928 4586 ὅλως
1961 4523 2040 4588 είς
2075 4552 2078 4607 1

2108 4556 2121 4602 ,
2147 4525 2478 4582 contrariam
2509 4533 2561 4578 et
2591 4525 2657 4580 ad
2693 4541 2859 4596 prava
2887 4539 3119 4595 quaeque
3153 4540 3318 4595 opera
3347 4524 3587 4590 deﬂexit,
3623 4541 3728 4579 non

457 4616 558 4679 τὰς
588 4615 741 4684 παρὰ
766 4613 930 4684 φύσιν
959 4613 1243 4683 ἐνεργείας
1273 4613 1368 4666 καὶ
1417 4612 1890 4684 πονηροπραξίας,
1937 4633 2041 4686 μα-

2148 4621 2194 4674 is
2228 4619 2450 4688 quidem
2487 4617 2699 4671 vanitas
2739 4616 3202 4680 denominabitur,
3246 4615 3515 4686 siquidem
3552 4616 3726 4671 consi-

457 4706 683 4777 ταιότης
713 4706 814 4776 μὲν
842 4707 944 4759 οὐκ
977 4704 1414 4775 ὀνομασθήσεται
1443 4705 1587 4758 κατὰ
1634 4705 1724 4758 τὸν
1755 4691 2042 4777 ποιητικὸν

2151 4711 2208 4766 lii
2258 4711 2380 4781 ejus
2425 4719 2476 4765 et
2529 4707 2682 4774 facti,
2733 4709 2827 4778 qui
2877 4707 3132 4762 formavit
3192 4707 3550 4777 perfecitque,
3589 4708 3729 4762 ratio

463 4796 667 4848 σκοπὸν
691 4795 786 4848 τοῦ
805 4796 1208 4860 διαπλάσαντος
1236 4796 1402 4848 αὐτὸν
1425 4797 1518 4849 καὶ
1531 4781 2042 4868 δημιουργήσαντος

2151 4803 2436 4867 habeatur,
2471 4808 2527 4856 et
2559 4800 2720 4869 hujus
2767 4799 2942 4868 ipsius
2967 4807 3163 4852 natura
3211 4806 3266 4852 et
3306 4798 3625 4864 constitutio
3663 4799 3730 4852 ad

459 4889 559 4941 καὶ
578 4887 678 4959 τὴν
706 4888 828 4941 κατ’
849 4888 1042 4940 οὐσίαν
1063 4887 1161 4940 καὶ¹
1191 4887 1425 4956 φυσικὴν
1459 4887 1696 4958 ὓπαρξιν
1715 4887 2044 4957 ἐξεταζόμε-

2151 4893 2417 4947 amussim
2470 4893 2856 4946 examinetur:
2894 4900 2970 4954 at,
3011 4898 3285 4960 quatenus
3343 4904 3508 4958 opere
3561 4901 3729 4954 caret,

460 4996 550 5042 νος
582 4980 678 5032 καὶ
715 4979 1061 5050 κρινόμενος.
1091 4979 1191 5031 Διά
1219 4979 1277 5031 δὲ
1305 4979 1368 5031 τὸ
1395 4964 1565 5048 μηδὲν
1595 4979 1740 5048 ἔχειν
1799 4977 2046 5049 παρεπό-

2150 4982 2299 5054 quod
2353 4992 2409 5037 et
2464 4992 2674 5038 natura:
2731 4981 3060 5052 respondeat
3112 4996 3258 5044 suat,
3317 4991 3372 5035 et
3423 4981 3732 5036 Conditoris

464 5088 627 5140 μενον
676 5074 801 5134 ταῖς
849 5066 1116 5138 φυσικαῖς
1168 5070 1542 5122 καταστάσεσι
1596 5071 1690 5123 καὶ
1741 5071 1808 5142 τῇ
1887 5069 2048 5142 βουλῇ

2155 5075 2423 5130 voluntati
2451 5090 2757 5130 consonum
2783 5090 2848 5130 ac
2869 5083 3295 5130 consentaneum
3325 5073 3416 5140 sit,
3435 5073 3560 5142 jure
3583 5076 3733 5127 vani-

461 5163 558 5216 τοῦ
612 5164 956 5232 Ποιήσαντος
979 5161 1158 5232 ’ἔργον
1201 5161 1492 5231 σύμφωνον
1543 5163 1642 5216 καὶ
1687 5162 2049 5234 κατάλληλον,

2155 5168 2252 5222 tati
2281 5167 2477 5222 similis
2507 5165 2624 5221 ﬁeri
2670 5167 2892 5231 dicitur,
2933 5182 3044 5220 non
3077 5166 3231 5235 quasi
3283 5173 3486 5220 temere
3531 5164 3729 5230 factus,

459 5255 784 5327 ὁμοιοῦσθαι
815 5255 1036 5324 λέγεται
1069 5255 1294 5318 δικαίως
1321 5255 1386 5324 τῇ
1449 5254 1798 5325 ματαιότητι,
1847 5257 1946 5326 ούχ
1973 5253 2051 5319 ὡς

2156 5261 2248 5315 sed
2297 5269 2556 5330 tanquam
2597 5269 2801 5315 temere
2831 5259 3042 5324 vivens,
3081 5267 3139 5312 ut
3186 5257 3394 5311 nullum
3432 5256 3589 5311 home
3622 5273 3735 5312 me—

460 5347 706 5416 γεγονὼς
757 5346 957 5416 μάτην,
1006 5344 1125 5400 ἀλλ’
1172 5347 1247 5408 ὡς
1271 5345 1446 5415 ζήσας
1477 5347 1748 5416 ματαίως,
1785 5348 1880 5400 καὶ
1937 5364 2046 5417 μη-

2157 5351 2350 5406 moria:
2413 5351 2680 5405 indicium
2731 5351 3038 5419 posteritati
3097 5350 3388 5420 relinquat.
3440 5348 3613 5414 Nam,
3675 5359 3734 5404 ut

461 5439 657 5510 δεμίαν
691 5438 910 5510 ἀγαθῆς
937 5439 1160 5508 μνήμης
1187 5437 1430 5508 ἔμφασιν
1453 5437 1531 5509 τῷ
1554 5438 1656 5510 βίῳ
1684 5439 2002 5492 καταλιπών
2028 5456 2044 5470 ·

2158 5445 2422 5512 scriptum
2463 5451 2582 5497 est:
2647 5461 2665 5494 ι
2725 5439 2980 5496 Memoria
3013 5443 3153 5496 enim
3195 5443 3332 5514 justi
3390 5434 3514 5498 cum
3563 5439 3736 5496 laudi-

467 5551 493 5586 ε
528 5534 737 5606 Μνήμη
769 5533 880 5604 γὰρ
906 5531 1120 5586 δικαίου
1152 5530 1273 5603 μετ’
1307 5532 1625 5601 ἐγκωμίων,
1665 5550 1684 5582 ι
1731 5533 1904 5602 φησί’
1951 5535 2048 5586 καὶ

2155 5533 2260 5588 bus
2293 5533 2446 5604 (58):
2495 5551 2513 5585 ι
2550 5544 2604 5586 ct
2647 5547 2872 5588 rursus:
2912 5553 2930 5585 ι
2968 5533 3026 5587 ln
3071 5533 3330 5588 memoria
3381 5541 3586 5588 mterna
3632 5531 3737 5586 erit

539 5691 650 5762 (δη
677 5691 823 5747 Psal.
853 5705 1034 5750 cxuv,
1071 5689 1124 5753 4,
1153 5689 1322 5762 quiin
1365 5689 1572 5746 Latinis
1606 5698 1689 5744 est
1753 5690 2084 5744 centesimus
2121 5690 2576 5760 quadragesimus
2615 5691 2830 5748 tertius.
2861 5691 3168 5748 Theodotio
3199 5692 3384 5748 habet-
3423 5688 3604 5762 ἀτμίὸι
3633 5705 3732 5762 pro

478 5761 818 5831 ματαιότητι,
848 5777 1042 5830 nempe
1065 5761 1264 5831 vapori.

540 5831 652 5902 (58)
695 5825 856 5886 Prov.
894 5848 946 5898 ι,
979 5825 1035 5884 7.
1082 5825 1234 5900 Apud
1272 5828 1414 5883 LXX
1445 5829 1677 5900 legimus
1714 5831 1918 5902 Ἀῖνήμη
1957 5830 2160 5883 δικαίω

1082 5825 1234 5900 Apud
1272 5828 1414 5883 LXX
1445 5829 1677 5900 legimus
1714 5831 1918 5902 Ἀῖνήμη
1957 5830 2179 5883 δικαίων
2203 5825 2318 5898 μετ’
2341 5827 2657 5901 ἐγκωμίων.
