4102 6420
415 412 526 478 ῗῖ3

1518 404 1605 467 ΙΝ
1669 403 2252 466 ECCLESIASTEN.
2281 429 2350 440 -
2372 405 2524 465 LIB.
2562 405 2614 466 Ι.

3586 391 3692 473 ’7ῖέ

417 549 507 588 ται
533 526 844 585 διακεῖσθαι
873 525 967 580 καὶ
993 521 1351 578 συνίστασθαι
1371 519 1552 576 πάντα
1589 521 1741 574 τόνδε
1769 522 1994 592 κόσμον·

2125 519 2388 576 :onditum
2421 536 2487 578 ac
2517 521 2882 576 constitutum
2911 531 3057 586 esse,
3087 517 3308 590 sapiens
3330 517 3697 578 Ecclesiastes

418 628 466 682 εἰ
497 624 628 694 γὰρ,
654 641 674 674 ι
702 620 872 674 Γενεὰ
903 616 1224 689 πορεύεται,
1250 615 1346 670 καὶ
1371 613 1538 684 γενεὰ
1561 613 1803 686 ἔρχεται,
1845 634 1862 666 ι
1895 614 2006 668 τῶν

413 713 722 786 ἀνθρώπων
751 709 1086 764 ἐπανιόντων
1119 706 1264 762 κατὰ
1289 705 1484 774 γενεὰν
1527 706 1622 760 καλ⁹
1667 707 1860 774 γενεὰν
1925 706 2006 769 είς

418 807 509 862 τὸν
535 805 697 860 αὐτὸν
728 802 885 875 χοῦν,
921 800 980 866 εξ
1009 794 1182 870 οὗπερ
1213 797 1528 870 ἐλήφθησαν
1554 813 1568 826 ·
1599 797 1888 868 πρόδηλον,
1923 797 2006 850 ὅτι

419 899 448 951 ό
480 897 589 952 ἀπό
633 911 780 958 τινος
809 894 1042 964 κέντρου
1072 890 1164 944 τοῦ
1225 889 1456 961 σημείου
1514 888 1718 952 κύκλος
1772 903 2008 959 περιηγ-

425 989 608 1060 μένος,
643 986 778 1056 πρὸς
806 984 906 1056 τὴν
940 983 1028 1036 ἐπ’
1059 983 1236 1054 ἀρχὴν
1269 981 1527 1034 ἐπάνεισι
1561 981 1811 1050 κίνησιν·
1866 977 2010 1031 οὕτω

423 1081 516 1136 καὶ
529 1081 638 1144 πᾶς
664 1077 760 1134 ἄνθ
770 1093 950 1148 ρωπος
969 1075 1107 1146 μετὰ
1121 1072 1320 1129 πολλὰς
1350 1073 1724 1144 περιστροφὰς
1747 1072 1840 1126 καὶ
1855 1089 2010 1141 περιο

422 1174 576 1234 ὁδους
605 1165 758 1232 αὖθις
793 1166 1088 1222 ὲπαναλύει
1103 1165 1239 1236 πρὸς
1266 1165 1332 1218 τὰ
1361 1163 1421 1229 ἐξ
1439 1157 1513 1218 ὧν
1549 1163 1808 1232 συνετέθη
1861 1180 2010 1216 στοις

423 1267 546 1336 χεῖα
577 1264 671 1316 καὶ
698 1262 798 1331 τὴν
832 1259 1046 1329 γένεσιν
1067 1257 1247 1328 ἔσχεν.
1289 1255 1451 1310 Ἀλλὰ
1481 1253 1576 1308 καὶ
1606 1257 1638 1325 ἡ
1669 1258 1762 1325 γῆ,
1783 1254 1886 1309 κᾶν
1927 1256 2008 1314 είς

423 1356 516 1410 τὸν
543 1355 718 1408 αίῶνα
761 1352 984 1424 ἕστηκε,
1018 1349 1156 1420 πλὴν
1185 1347 1322 1403 ἀλλὰ
1355 1348 1464 1419 γὰρ
1493 1346 1584 1400 διὰ
1627 1347 1725 1415 τῆς
1772 1345 2012 1416 φθίσεως

428 1447 522 1502 καὶ
537 1447 638 1516 τῆς
667 1447 726 1499 ἐν
753 1443 830 1514 τῷ
855 1442 1054 1514 κρυμῷ
1072 1441 1164 1496 τοῦ
1179 1441 1448 1512 χειμῶνος
1470 1439 1673 1509 τρόπον
1687 1437 1810 1491 τινὰ
1844 1454 2014 1509 προσ-

427 1537 721 1608 γινομένης
748 1537 888 1606 αὐτῇ
929 1535 1167 1606 θνήξεως
1189 1533 1286 1586 καὶ
1313 1531 1479 1584 πάλιν
1507 1529 1856 1592 ἀναϐιώσεως
1887 1531 2014 1598 ὲτη-

429 1629 544 1682 σίου
565 1625 834 1694 κυκλικὴν
849 1625 964 1695 ἔχει
981 1625 1080 1694 τὴν
1109 1621 1390 1676 σύστασιν.
1413 1618 1693 1681 Ὡσαύτως
1705 1636 1768 1688 γε
1785 1621 1890 1690 μὴν
1919 1618 2014 1672 καὶ

425 1719 454 1771 ό
485 1718 638 1787 ἥλιος
671 1713 979 1769 ἀνατέλλων
1009 1714 1088 1776 εἰς
1111 1712 1174 1764 τὸ
1202 1710 1336 1763 αὐτὸ
1361 1708 1458 1763 τοῦ
1479 1709 1755 1780 ὁρίζοντος
1785 1709 2013 1779 σημεῖον

427 1809 523 1862 καὶ
553 1807 692 1878 πρὸς
725 1805 818 1858 τὸν
851 1802 1071 1856 δυτικὺν
1097 1802 1354 1883 όρίζοντα
1386 1799 1710 1870 διαστείχων
1732 1817 1747 1832 ο
1785 1799 1878 1851 καὶ
1904 1799 2014 1852 πά-

2115 627 2216 670 nos
2249 611 2502 668 addocet.
2521 610 2657 666 Nam
2695 611 2742 668 si
2773 623 2797 663 ι
2833 611 3127 667 Generatio
3161 612 3420 681 praeterit,
3451 621 3512 667 ct
3544 627 3702 683 gene-

2112 703 2250 763 ratio
2275 701 2514 768 advenit,
2547 721 2565 752 ι
2602 702 2962 772 hominesque
2987 717 3085 772 per
3103 701 3520 774 generati‘onum
3552 703 3700 757 vices

2113 795 2221 864 22
2253 794 2309 848 iu
2343 811 2470 849 eum
2523 795 2754 850 redeunt
2805 795 3109 864 pulverem,
3143 795 3290 850 unde
3335 794 3698 858 exstiterunt;

2114 887 2468 944 manifestum
2499 899 2604 956 est,
2653 889 2722 943 ab
2753 890 2940 960 aliquo
3009 898 3214 959 puncto
3277 889 3418 960 signi
3465 889 3702 944 circum-

2117 990 2302 1035 actum
2322 967 2607 1037 orbem‘ad
2639 990 2826 1037 motus
2851 982 2936 1036 sui
2957 981 3242 1036 exordium
3265 981 3490 1045 reverti,
3518 981 3704 1050 itaque

2116 1088 2340 1128 omnem
2390 1074 2670 1130 hominem
2703 1081 2828 1142 post
2868 1074 3067 1129 multas
3103 1073 3491 1130 conversiones
3537 1085 3704 1141 atque

2115 1167 2383 1223 circuitus
2431 1167 2486 1222 in
2542 1182 2605 1222 ea
2655 1167 2854 1220 iterum
2896 1167 3166 1221 elementa
3209 1167 3429 1230 resolvi,
3465 1182 3530 1220 ex
3579 1167 3744 1236 quia

2115 1259 2222 1314 bus
2250 1259 2594 1327 compositus
2624 1266 2731 1322 est,
2784 1273 3067 1328 genusque
3115 1257 3298 1312 duxit.
3347 1257 3458 1313 Nec
3515 1259 3703 1312 minus

2117 1361 2282 1415 terra,
2312 1365 2632 1420 quanquam
2682 1351 2736 1404 in
2786 1359 3053 1405 aeternum
3085 1358 3214 1412 stat,
3245 1364 3314 1403 ex
3349 1349 3705 1418 corruptione

2118 1451 2300 1498 tamen
2349 1442 2623 1512 quasique
2649 1452 2830 1496 morte
2877 1457 2974 1510 per
3031 1441 3230 1494 hiemis
3262 1438 3465 1508 frigora
3513 1453 3706 1508 super-

2119 1535 2390 1599 veniente,
2451 1544 2618 1604 atque
2665 1551 2732 1588 ex
2764 1534 2958 1588 iterata
3014 1532 3314 1603 quotannis
3364 1532 3474 1586 vita
3531 1533 3690 1601 perio‘

2118 1628 2296 1682 dicam
2344 1626 2511 1680 habet
2547 1625 3023 1681 constitutionem.
3074 1623 3370 1680 Enimvero
3429 1631 3485 1679 et
3536 1623 3706 1678 solem

2118 1717 2473 1794 pari'modo,
2528 1732 2656 1772 cum
2715 1717 2785 1772 ab
2872 1716 3064 1772 eodem
3124 1715 3428 1771 horizontis
3467 1723 3710 1769 exortus

2121 1811 2278 1879 signo
2305 1809 2358 1863 in
2391 1809 2726 1864 occidentem
2758 1808 3036 1878 procedat,
3070 1817 3186 1864 tum
3213 1821 3462 1862 remeans
3487 1821 3708 1860 rursum

427 1899 512 1952 λιν
538 1901 619 1961 είς
647 1896 709 1950 τὸ
743 1895 876 1950 αὐτὸ
933 1897 1159 1967 σημεῖον
1213 1891 1309 1946 τοῦ
1359 1891 1682 1946 ἀνατολικοῦ
1737 1891 2021 1962 ὁρίζοντος.

2125 1896 2351 1950 orientis
2379 1903 2435 1950 et
2463 1896 2766 1952 occidentis
2791 1897 2981 1951 eadem
3034 1903 3324 1965 percurrat
3367 1895 3548 1966 signa,
3578 1910 3708 1950 cur-

430 1990 821 2062 εὖρισκόμενος
845 1987 944 2042 καὶ
971 1987 1067 2040 τοῦ
1093 1985 1372 2050 δύνοντος,
1439 1985 1708 2056 κυκλικὴν
1761 1982 2018 2052 κατειλη-

433 2091 565 2136 πται
605 2079 976 2150 πεποιημένος
1003 2079 1104 2148 τὴν
1142 2077 1382 2147 κίνησιν.

507 2173 580 2227 τὸ
607 2172 740 2226 αὐτὸ
777 2171 834 2224 δὲ
867 2171 1024 2224 τοῦτο
1057 2169 1296 2240 πάσχειν
1323 2167 1555 2222 καὶτῶν
1614 2167 1834 2238 ἀνέμων
1886 2165 2016 2219 ἕκα-

431 2277 559 2321 στον
612 2267 914 2336 παρίστησι
977 2263 1073 2317 νῦν
1119 2263 1347 2330 φάσκων
1377 2277 1392 2292 ·
1456 2279 1475 2312 ι
1513 2259 1722 2315 Κυκλοῖ
1776 2256 2015 2324 κυκλῶν,

431 2357 729 2430 πορεύεται
755 2356 820 2410 τὸ
849 2353 1090 2427 πνεῦμα,
1133 2356 1230 2408 καὶ
1261 2353 1354 2406 ἐπὶ
1382 2352 1618 2415 κύκλους
1675 2349 1841 2405 αὐτοῦ
1900 2352 2020 2404 ἐπι-

439 2452 656 2519 στρέφει
691 2446 754 2498 τὺ
785 2445 1024 2515 πνεῦμα.
1059 2464 1078 2498 ι
1113 2443 1396 2514 Πρόδηλον
1442 2442 1552 2514 γὰρ
1575 2481 1590 2506 ,
1647 2441 1722 2505 ὡς
1771 2442 2018 2512 ὅπουπερ

441 2539 506 2594 ἃν
540 2540 568 2590 ὁ
604 2538 807 2610 βορρᾶς
837 2536 1047 2606 πνεύσῃ
1073 2536 1171 2590 καὶ
1197 2535 1370 2598 νότος,
1395 2537 1476 2598 εἰς
1537 2535 1630 2587 τὸν
1669 2533 1800 2587 ἴδιον
1853 2533 2018 2586 τόπον

439 2627 592 2696 αὖθις
619 2631 870 2685 ὲπόινεισι
914 2627 1212 2692 κυκλικῶς,
1260 2626 1320 2694 ἐξ
1373 2619 1436 2680 οὗ
1499 2626 1592 2680 καὶ
1642 2626 1744 2696 τὴν
1803 2623 2018 2692 γένεσιν

436 2719 584 2791 ἔσχε,
631 2719 818 2789 ποίαν2
849 2720 984 2790 ἡμῖν
1036 2716 1286 2771 ἐντεῦθεν
1343 2717 1740 2788 προμνώμενος
1795 2715 2014 2785 ὅνησιν;

435 2815 627 2866 πεῖσαι
667 2811 920 2882 βούλεται
946 2807 1273 2880 πολυμερῶς
1299 2811 1396 2862 καὶ
1444 2809 1806 2880 πολυτρόπως
1845 2809 2016 2878 ἡμᾶς,

403 2903 514 2968 «in;
543 2902 698 2956 οὐδὲν
733 2903 841 2956 τῶν
871 2903 930 2955 ὲν
969 2899 1282 2970 ἀνθρώποις
1311 2898 1702 2968 διοικουμένων
1733 2899 1828 2952 καὶ
1859 2898 2016 2952 πολι-

433 2991 749 3060 τευομένων
777 2991 838 3044 τὸ
871 2990 1137 3061 στάσιμον
1170 2990 1291 3060 ἔχει
1321 2989 1424 3042 καί
1451 2987 1668 3059 βέϐαιον
1702 3005 1716 3020 ⁸
1751 2990 1886 3044 ἀλλὰ
1923 2992 2019 3044 καὶ

434 3087 578 3142 αὐτὰ
608 3087 676 3138 τὰ
705 3085 806 3156 τὴν
833 3085 1099 3156 διαμονὴν
1137 3084 1333 3154 ἔχοντα
1389 3085 1483 3135 καὶ
1516 3085 1617 3150 τὴν
1647 3083 1839 3136 στάσιν
1877 3085 2020 3154 ἀκή-

439 3194 624 3250 ρατον,
650 3176 779 3247 ἄχρι
811 3176 914 3245 τῆς
939 3175 1254 3245 ὁρισθείσης
1294 3173 1592 3238 παντελοῦς
1640 3174 2016 3246 ἀποπερατώ-

435 3283 579 3328 σεως
605 3266 694 3321 διὰ
738 3266 844 3335 τῆς
889 3268 1126 3336 τοπικῆς
1159 3265 1464 3336 μεταϐολῆς
1503 3265 1595 3318 καὶ
1629 3265 1898 3334 κυκλικῆς
1927 3266 2022 3319 ἀλ-

435 3355 712 3421 λοιώσεως
741 3357 836 3410 καὶ
863 3357 1135 3428 κινήσεως
1175 3355 1274 3426 τὴν
1300 3355 1570 3426 διαμονὴν
1619 3357 1718 3408 καὶ
1768 3355 1870 3424 τὴν
1921 3356 2020 3409 σύ-

439 3466 636 3504 στασιν
662 3449 876 3520 ἔχουσιν
904 3465 924 3516 ζ
951 3447 1048 3502 ὅτε
1075 3447 1141 3518 δὴ
1157 3445 1568 3518 πειθαρχοῦντα
1597 3447 1694 3501 καὶ
1723 3446 2024 3516 θητεύοντα

437 3545 555 3608 τοῖς
583 3543 732 3613 ὅροις
765 3541 860 3596 καὶ
901 3539 1090 3612 νόμοις
1144 3538 1240 3592 τοῦ
1279 3540 1582 3603 κτίσαντος
1623 3540 1719 3592 καὶ
1761 3539 2024 3606 τάξαντος

441 3635 540 3688 καὶ
567 3633 743 3706 ταύτῃ
775 3631 1170 3703 ωντηροῦντος
1201 3631 1294 3684 καὶ
1319 3629 1586 3696 σώζοντος
1615 3648 1628 3661 ·
1665 3631 1752 3684 ἵνα
1797 3630 2023 3686 κάντεῦο

441 3727 538 3780 θεν
567 3727 730 3798 ἡμεῖς
759 3725 858 3796 τὴν
879 3724 1018 3796 πρὸς
1045 3723 1110 3776 τὸ
1139 3722 1274 3776 αὐτὸ
1292 3721 1392 3792 τῆς
1418 3720 1689 3790 γενέσεως
1719 3721 1878 3792 ήμῶν
1899 3723 2022 3776 κένο

405 3879 410 3884 ,
441 3833 574 3890 τρον
630 3816 888 3870 ἐπάνοδον
933 3815 1028 3868 καὶ
1084 3813 1518 3885 παλινδρόμησιν
1552 3813 1640 3866 ἀεὶ
1677 3813 2024 3882 προσδοκῶν-

441 3921 538 3974 τες
579 3907 974 3976 σπουδάσωμεν
997 3904 1258 3974 ἐμμένειν
1287 3905 1402 3966 τοῖς
1429 3902 1618 3974 νόμοις
1646 3901 1742 3954 τοῦ
1781 3900 2022 3954 Κτίσαν-

441 4015 558 4066 τος,
614 4003 728 4064 τοῖς
755 3998 989 4069 ἀψύχοις
1020 3994 1430 4066 παραπλησίως
1457 4009 1473 4024 ⁸
1537 3993 1636 4048 καὶ
1683 3993 1758 4064 μὴ
1808 3991 2026 4063 χείρους

444 4091 767 4163 εὐρεθῶμεν
797 4089 1043 4147 ἐκείνων,
1075 4085 1400 4150 ἀθετοῦντες
1433 4086 1528 4138 καὶ
1587 4085 2027 4155 παραϐαίνοντες

401 4214 406 4218 ~
445 4185 551 4256 τὴν
583 4183 840 4254 βούλησιν
865 4180 960 4234 τοῦ
982 4180 1338 4249 Ποιήσαντος,
1385 4195 1406 4228 ι
1452 4179 1548 4241 Ὃς
1581 4175 1766 4244 ἐξάγει
1787 4177 1882 4230 καὶ
1901 4177 2028 4240 τοὺς

448 4277 688 4346 ἀνέμους
733 4277 798 4328 ἐκ
841 4271 1158 4344 θησαυρῶν
1199 4269 1389 4336 αὐτοῦ,
1425 4287 1446 4323 ι
1502 4270 1597 4323 καὶ
1645 4268 2028 4340 παλινδρομεῖν

447 4364 607 4430 αὖθις
650 4361 1055 4426 κατασκευάζει
1081 4359 1360 4424 κυκλικῶς
1393 4363 1624 4414 ἕκαστον
1677 4360 1757 4422 είς
1783 4357 1876 4410 τὸν
1899 4357 2029 4411 ίδιον

445 4459 632 4522 τόπον,
660 4457 760 4510 καὶ
779 4455 909 4518 τοὺς
935 4452 1259 4524 ἀνθρώπους
1291 4453 1372 4516 εἰς
1403 4451 1466 4505 τὸ
1497 4451 1592 4504 τοῦ
1617 4449 1884 4518 παρόντος
1913 4447 2029 4519 βίου

2119 1986 2353 2042 riculum
2389 2001 2548 2041 suum
2600 1986 2674 2042 ad
2719 1987 2912 2043 circuli
2959 1988 3229 2044 rationem
3281 1987 3568 2043 absolvere
3613 1986 3711 2042 de-

2117 2079 2528 2149 prchendimus.

2187 2170 2308 2226 1am
2339 2180 2394 2225 et
2428 2180 2720 2226 ventorum
2755 2170 3056 2240 quemlibet
3086 2169 3275 2225 eodem
3307 2178 3468 2239 pacto
3497 2169 3710 2225 moveri

2119 2278 2268 2318 nunc
2322 2262 2549 2326 indicat,
2589 2263 2720 2318 dum
2749 2263 2866 2316 ait:
2905 2280 2922 2312 ι
2961 2260 3132 2333 Gyrat
3160 2276 3384 2332 gyrans,
3414 2260 3566 2315 vadit
3594 2261 3708 2332 spi-

2119 2353 2280 2418 ritus,
2345 2360 2400 2408 et
2458 2355 2513 2408 in
2580 2353 2819 2409 circulos
2875 2367 3007 2408 suos
3056 2352 3346 2406 revertitur
3403 2352 3653 2422 spiritus.
3687 2369 3707 2404 ι

2119 2443 2476 2514 Perspicuum
2547 2445 2696 2500 enim
2752 2452 2861 2507 est,
2918 2442 3362 2514 quandocuuque
3411 2441 3596 2510 aquilo
3659 2451 3714 2498 et

2122 2547 2289 2592 notus
2317 2536 2630 2606 spiraverit,
2683 2537 2876 2591 eodem
2923 2549 3118 2589 rursus
3151 2549 3248 2604 per
3301 2532 3574 2588 circulum
3626 2548 3714 2588 re-

2118 2629 2256 2697 dire,
2289 2629 2343 2682 in
2383 2643 2507 2684 eum
2535 2627 2748 2682 scilicet
2773 2627 2954 2682 locum
2976 2625 3120 2680 unde
3142 2635 3324 2680 ortum
3350 2623 3545 2679 habuit
3572 2624 3709 2695 (42).

2115 2719 2186 2774 At
2217 2733 2380 2790 quam
2418 2719 2506 2774 ille
2549 2719 2710 2776 nobis
2763 2719 3054 2773 utilitatem
3089 2717 3220 2772 hinc
3251 2715 3446 2771 all‘erre
3488 2717 3715 2771 studet?

2117 2824 2316 2878 nempe
2364 2809 2554 2864 multis
2605 2810 2694 2865 ille
2743 2817 2798 2864 et
2841 2809 3014 2865 variis
3067 2810 3402 2878 persuadere
3441 2813 3712 2880 exemplis

2117 2903 2234 2957 vult
2288 2917 2505 2964 eorum,
2566 2917 2690 2970 quae
2750 2902 2894 2957 inter
2953 2901 3206 2957 homines
3250 2912 3516 2974 geruntur
3547 2913 3716 2974 atque

2119 2994 2599 3059 administrantur,
2644 2994 2784 3049 nihil
2829 3010 2952 3050 esse
3004 2994 3244 3061 ﬁrmum,
3295 2995 3432 3050 nihil
3481 2997 3712 3052 stabile:

2119 3087 2251 3154 qttin
2286 3100 2349 3139 ea
2379 3085 2516 3154 ipsa,
2541 3100 2666 3156 quae
2701 3085 3018 3138 lirmitatem
3043 3096 3098 3140 et
3127 3085 3480 3140 stabilitatem
3508 3087 3718 3142 habent

2124 3179 2514 3242 immortalem,
2545 3177 2688 3232 intra
2727 3179 3080 3246 praescriptos
3127 3177 3267 3233 ﬁnes
3297 3179 3371 3232 ita
3404 3187 3552 3234 stare
3592 3196 3716 3250 per-

2122 3279 2286 3339 petuo
2314 3277 2480 3336 atque
2504 3268 2828 3344 consistere,
2861 3274 2920 3323 ut
2947 3276 3002 3320 et
3050 3267 3232 3322 locum
3269 3277 3448 3322 tamen
3479 3277 3713 3336 mutent,

2121 3369 2176 3415 et
2198 3361 2384 3415 orbem
2412 3375 2573 3414 suum
2625 3359 2840 3414 vicibus
2869 3367 3152 3429 peragant,
3185 3359 3439 3416 definitos
3467 3360 3717 3431 profecto

2123 3455 2327 3510 limites
2353 3456 2652 3520 servantia,
2687 3465 2742 3510 et
2789 3455 3107 3512 Conditoris
3142 3473 3240 3526 per
3295 3473 3456 3528 quem
3491 3473 3718 3514 conser-

2123 3554 2323 3602 vantur
2353 3560 2418 3599 ac
2450 3545 2650 3614 vigent,
2687 3544 2899 3616 legibus
2953 3546 3348 3616 obsequentia:
3382 3547 3584 3616 quibus
3616 3564 3718 3603 nos

2125 3637 2523 3692 animadversis
2571 3638 2653 3691 sic
2697 3636 2935 3691 reditum
2986 3637 3142 3692 illum
3195 3654 3596 3710 recursumque
3642 3643 3714 3694 ad

2125 3728 2267 3783 idem
2300 3729 2666 3798 generationis
2695 3737 2896 3783 nostra;
2926 3736 3188 3798 punctum
3233 3744 3454 3801 semper
3483 3740 3719 3800 praesto-

2127 3819 2324 3881 lemur,
2358 3827 2417 3872 ut
2443 3819 2512 3872 ad
2545 3817 2972 3874 iuanimatorum
3005 3834 3256 3874 normam
3294 3829 3507 3876 natura:
3534 3821 3721 3878 terrui-

2128 3911 2214 3965 nis
2249 3920 2303 3964 et
2341 3909 2656 3964 Conditoris
2707 3909 3042 3980 praescriptis
3086 3911 3334 3965 studiose
3380 3911 3718 3980 insistentes,

2129 4003 2184 4056 iu
2220 4001 2494 4056 deteriora
2532 4001 2668 4071 lapsi
2715 4017 2784 4055 ne
2840 4001 3143 4066 videamur,
3196 4001 3458 4074 abrogata
3513 4005 3723 4060 scilicet

2127 4093 2450 4162 violataque
2482 4091 2738 4146 Auctoris
2776 4093 2951 4147 nostri
2984 4093 3286 4160 voluntate,
3323 4111 3343 4145 ι
3380 4093 3484 4161 Qui
3516 4096 3722 4165 produ-

2129 4188 2204 4242 cit
2251 4187 2318 4241 de
2363 4185 2638 4240 thesauris
2694 4185 2810 4240 suis
2855 4193 2908 4238 ct
2954 4195 3146 4240 ventos
3187 4187 3321 4256 (43),
3355 4205 3374 4238 ι
3412 4187 3520 4258 23
3559 4197 3731 4258 atque

2130 4293 2228 4348 per
2271 4277 2538 4332 circulum
2571 4292 2768 4332 rursus
2815 4276 3277 4348 redire-singulos
3307 4279 3461 4334 docet
3501 4281 3554 4333 in
3591 4295 3723 4350 pro-

2130 4372 2311 4440 prium
2355 4369 2535 4425 locum
2562 4385 2576 4434 ;
2607 4370 2864 4439 idemque
2899 4370 3150 4425 homines
3181 4370 3236 4424 in
3287 4373 3571 4440 praesentis
3601 4372 3732 4430 vita!

2135 4465 2374 4518 stadium
2427 4463 2640 4516 inducit
2683 4477 2749 4516 ac
2783 4463 2968 4525 mittit,
3003 4472 3169 4533 atque
3219 4464 3420 4518 iterum
3470 4466 3728 4531 eductos,
3763 4468 3769 4477 '

427 4549 666 4614 ,στάδιον
696 4545 910 4612 εἰσάγει
939 4545 1032 4596 καὶ
1067 4541 1249 4612 τίθησι
1274 4557 1291 4574 ο
1322 4543 1418 4594 καὶ
1460 4539 1622 4593 πάλιν
1648 4538 1835 4604 ἐξάγει
1891 4537 2021 4608 μετὰ

2137 4557 2326 4626 elapso
2359 4555 2502 4624 quod
2532 4557 2732 4624 cuique
2771 4554 3020 4610 deﬁnivit
3081 4557 3208 4612 vita
3235 4556 3432 4627 spatio,
3465 4557 3534 4612 ad
3571 4571 3730 4612 eam-
3765 4571 3768 4575 '

446 4641 548 4711 τὴν
569 4637 998 4709 ἁποπερόιτωσιν
1023 4634 1122 4704 τῆς
1133 4631 1447 4703 ὁρισθείσης
1467 4631 1682 4701 ἑκάστῳ
1693 4627 2026 4692 διαϐιώσεως

449 4733 548 4788 καὶ
578 4730 714 4802 πρὸς
741 4730 840 4800 τὴν
865 4725 1036 4797 αὐτὴν
1065 4724 1282 4794 τιθηνὸν
1329 4722 1672 4793 ἐπιστρέφει.

523 4824 676 4893 Τάχα
703 4821 760 4874 δέ
791 4837 915 4874 τινα
939 4819 1036 4872 καὶ
1062 4819 1480 4888 μυστικωτέραν
1525 4813 1788 4884 θεωρίαν-
1820 4815 1880 4867 ὲν
1907 4815 2032 4868 τού-

448 4934 566 4980 τοις
635 4917 770 4986 ἡμῖν
831 4908 1220 4981 πράδάλλεται,
1281 4906 1422 4960 πάνυ
1467 4902 1830 4958 συντελοῦσαν
1894 4906 2033 4975 πρὶς

525 5076 638 5148 (ιε)
675 5073 810 5130 Mira
847 5073 970 5148 haec
995 5073 1242 5148 omnino,
1269 5085 1391 5139 quae
1418 5069 1484 5125 de
1505 5068 1785 5148 Aquilone
1813 5073 1867 5119 ct
1895 5064 2034 5148 Noto

451 5137 766 5204 traduntur.
798 5159 898 5198 nec
920 5143 1165 5212 physicis
1196 5137 1325 5195 nota
1349 5140 1550 5193 uostris
1572 5137 1592 5192 εί
1623 5141 1715 5206 qui
1751 5145 1954 5196 tamen,
1977 5137 2034 5212 _si

451 5203 521 5276 de.
573 5217 872 5273 subsolano
921 5203 1251 5274 dicerentur,
1291 5211 1472 5265 minus
1533 5203 1922 5276 repugnarent.
1976 5203 2026 5258 Is

453 5288 600 5346 enim
655 5295 850 5348 ventus
884 5284 939 5337 in
984 5283 1202 5336 Oceano
1234 5277 1612 5348 navigantibus
1660 5277 2032 5348 solisplagam

456 5369 642 5414 tenere
697 5356 930 5415 videtur,
985 5363 1147 5422 atque
1183 5351 1316 5404 adeo
1343 5350 1609 5404 circulum
1625 5349 1727 5422 Asic
1769 5347 1940 5422 obire,
1974 5354 2038 5399 ut

456 5437 744 5498 postquam
796 5439 923 5498 cum
971 5417 1086 5476 sole
1131 5423 1189 5498 in_
1241 5417 1848 5498 occidentcmllaverit,
1891 5417 2034 5496 idem

455 5487 1049 5568 quodammodo_cu_m
1073 5561 1084 5568 .
1111 5491 1225 5546 sole
1282 5504 1516 5568 rursum
1547 5495 1646 5568 ab;
1671 5499 1808 5568 ortu.
1844 5487 2033 5565 spiret.

456 5555 724 5625 Caeterum
757 5580 822 5618 ea
881 5561 1223 5618 Ecclesiasne
1252 5560 1416 5614 verba
1465 5559 1532 5612 de
1567 5557 1761 5625 Spiritu
1797 5555 2036 5610 hominis

458 5625 2035 5724 Νηνεεεηιξεθαοέιίις,είξθιιίιιιεπευκλοῖγάρ.φηξιοξευξλιῐλνξ

457 5696 604 5762 ούτω
619 5705 798 5760 τοίνυν
825 5696 917 5756 καὶ
943 5696 1003 5756 τὺ
1021 5704 1110 5754 σὸν
1141 5699 1429 5770 πορεύεται
1455 5696 1692 5770 πνεῦμα·
1709 5697 1818 5770 ἀπὸ
1839 5696 2038 5770 μέρους

461 5779 606 5832 ἂπαν
637 5773 918 5845 ὀνομάζων
937 5773 1002 5845 τὸ
1015 5764 1352 5845 ἀνθρώπινον
1371 5764 1615 5837 πνεῦμαῖ
1633 5769 1730 5845 τὴν
1753 5764 2037 5845 ἐγκύκλιον

461 5847 666 5916 ταύτην
727 5835 834 5916 τὴν
872 5843 960 5896 διὰ
1005 5835 1131 5894 τῶν
1166 5839 1368 5910 ὁμοίων
1419 5835 1761 5909 περιτρέχων
1818 5835 1992 5907 φοράν
2020 5851 2031 5864 '

2137 4648 2260 4702 dem
2289 4646 2559 4702 nutricem
2591 4654 2832 4701 revocat.

2210 4801 2468 4856 Fortasse
2497 4813 2632 4870 vero
2660 4807 2716 4853 et
2759 4798 2926 4864 aliam
2953 4799 3027 4852 in
3078 4797 3166 4853 his
3212 4799 3390 4868 magis
3436 4797 3726 4868 mysticam

2138 4896 2481 4952 notationem
2520 4895 2682 4966 nobis
2715 4892 2787 4948 ob
2821 4891 3013 4947 oculos
3038 4891 3230 4962 ponit:
3271 4907 3393 4962 qua:
3423 4891 3724 4961 plurimum

2140 5054 2440 5124 Πορεύεται
2470 5051 2579 5124 γὰρ
2604 5093 2620 5114 ,
2663 5052 2825 5124 φησι,
2861 5049 2924 5124 τρ
2963 5049 3182 5124 πνεύμα
3205 5091 3218 5113 ,
3252 5050 3344 5124 καί
3372 5048 3463 5102 ἐπὶ
3492 5046 3727 5124 κύκλους

2141 5117 2308 5182 αὑτοῦ
2335 5117 2748 5194 ἐπιστρέφειτὸ
2781 5120 3016 5189 πνεῦμα.
3063 5117 3115 5172 Id
3146 5132 3229 5194 est
3257 5137 3267 5171 :
3299 5117 3489 5194 Gymt,
3531 5119 3725 5194 inquit,

2141 5201 2196 5252 in
2232 5195 2429 5248 orbem.
2455 5190 2544 5248 Sic
2579 5194 2746 5262 igitur
2775 5200 2896 5244 tum
2921 5205 3121 5258 quoque
3150 5190 3446 5262 ingreditur
3477 5190 3728 5262 spiritus,

2142 5274 2362 5335 aparle
2407 5273 2576 5317 totum
2602 5259 2900 5335 nominans
2927 5261 3176 5327 spiritum
3217 5261 3467 5335 Ιιρηεὶηἱδ.
3506 5259 3646 5335 hunc
3671 5262 3728 5314 iu

2143 5328 2318 5392 orbem
2353 5345 2552 5387 malum
2594 5351 2686 5402 per
2711 5332 2910 5387 similia
2941 5347 3214 5402 peragens.
3251 5328 3433 5400 Pergit
3468 5332 3626 5402 enim,
3648 5333 3730 5384 ir:-

2143 5409 2278 5476 quit,
2315 5407 2562 5475 spiritus,
2594 5400 2651 5476 __e_l
2683 5403 2752 5456 ad
2787 5400 3014 5476 circulos
3059 5401 3729 5476 suos_rererlilur._tlbnl.)

2145 5469 2539 5532 Recle'aulem
2594 5473 2868 5544 Nysscuus
2926 5471 3252 5544 primajlia
3308 5473 3470 5544 verba
3524 5469 3730 5528 κυκλοῖ

2143 5545 2362 5602 κυκλῶν
2395 5545 2459 5598 ad
2498 5541 2667 5599 solem
2701 5543 2904 5604 refert;
2941 5557 3062 5593 nam
3095 5541 3141 5594 si
3187 5543 3254 5594 ad
3308 5541 3532 5610 Πνεῦμα
3563 5544 3734 5610 perti-

2145 5625 2356 5674 net-ent.
2385 5615 2733 5669 scribendum
2766 5619 2911 5666 esset
2944 5613 3149 5664 Κυκλοῖ
3184 5611 3444 5666 κυκλοῦν.

2218 5687 2331 5758 (45)
2363 5683 2509 5758 Psal.
2543 5700 2742 5758 σχειν,
2772 5684 2824 5758 7.
2879 5682 2948 5736 At
2979 5682 3352 5758 sentcntiam’
3375 5680 3524 5758 apud
3587 5677 3734 5758 LXX

2145 5759 2282 5813 asic
2315 5749 2582 5810 redditam
2619 5755 2896 5809 invenies:
2979 5750 3036 5804 '0
3102 5749 3312 5818 ἐξάγων
3376 5750 3618 5816 ἀνέμους
3674 5751 3738 5799 ἐκ

2146 5825 2439 5900 θησαυρῶν
2465 5825 2652 5878 αὐτοῦ.
