4102 6384
426 419 541 486 777
1522 417 1605 479 IN
1662 417 2248 482 ECC-LESIASTEN-
2302 445 2370 458 -
2414 418 2563 479 LIB.
2601 416 2655 479 Ι.
3617 413 3726 474 778

443 538 584 612 μετὰ
621 535 734 591 τῶν
758 535 1000 609 ἀρχῆθεν
1061 535 1198 608 αὐτῇ
1255 537 1898 610 προαποκληρωθέντων,
1934 541 2032 596 καὶ

2139 539 2298 595 initio
2333 536 2568 606 accepit,
2605 544 2660 591 et
2705 550 2825 606 quae
2875 534 3095 589 aliunde
3133 538 3400 604 perpetuo
3444 533 3726 588 conﬂuunt

437 629 549 684 τῶν
588 626 796 694 ἔξωθεν
818 625 1065 690 άεννάως
1121 625 1676 700 παρεισκεκριμένων
1722 629 2032 700 ἀναριθμή-

2135 629 2610 697 innumerabiles;
2661 643 2762 684 nec
2807 637 2992 684 tamen
3044 627 3156 682 ullo
3187 625 3469 698 augmenti
3520 625 3728 682 indicio

438 737 570 784 των,
603 718 697 772 καὶ
730 717 852 772 κατ’
893 717 1154 788 οὐδεμίαν
1181 716 1466 787 αὐξήσεως
1495 717 1741 788 ἔμφασιν
1801 718 2032 792 εὓρηται

2135 723 2421 790 redundet,
2473 729 2570 777 aut
2619 720 2759 776 ultra
2808 734 3007 776 arenas
3053 719 3254 795 littoris
3282 727 3338 774 et
3375 717 3728 774 continentes

439 810 860 885 πλημμυροῦσα
885 811 982 865 καὶ
1009 811 1110 881 τὴν
1140 810 1382 881 άμμὼδη
1410 811 1508 864 καὶ
1559 811 1781 879 γείτονα
1833 813 2032 884 χέρσον

2135 824 2309 872 terras
2340 815 2428 871 vel
2459 813 2750 869 minimum
2783 803 3066 869 exciit-rat:
3113 811 3270 880 Quod
3300 821 3356 868 et
3395 811 3568 868 David
3597 828 3731 883 pro-

440 904 836 976 παρερχομένη
867 905 934 958 ἂν
965 905 1105 976 πρὸς
1141 906 1356 976 μικρόν.
1399 903 1443 959 Τ
1447 905 1575 959 οῦτο
1602 905 1692 977 ἄρ’
1721 907 2032 975 αἰνιττόμε-

441 1012 553 1060 νος,
597 995 802 1066 μᾶλλον
828 995 886 1048 δὲ
926 996 1330 1064 παρεμφαίνων
1361 997 1455 1048 καὶ
1481 999 1509 1048 ό
1541 997 1830 1066 προφήτης
1863 995 2030 1049 Δαϐὶδ

441 1085 600 1154 ἔλεγε
628 1086 767 1156 πρὸς
813 1085 906 1139 τὸν
935 1084 1045 1138 τῶν
1091 1085 1230 1140 ὅλων
1263 1085 1422 1152 Θεὸν,
1463 1103 1482 1138 ι
1521 1086 1712 1158 Ὅριον
1743 1085 1866 1140 ἔθου
1893 1086 1920 1139 ὃ
1967 1086 2028 1137 οὐ

441 1176 1036 1254 παρελεύσονται,οὒδὲ
1051 1177 1699 1248 έπιστρέψουσικαλύψαι
1723 1177 1824 1248 τὴν
1851 1177 1974 1248 γῆν.
2005 1195 2023 1227 ι

387 1303 390 1306 ~
441 1268 580 1328 Εῐτά
608 1288 746 1344 φησι
765 1283 784 1303 ⁸

513 1484 620 1550 Είς
661 1455 876 1547 tam},
908 1475 982 1536 οὗ
1017 1481 1071 1534 οἱ
1115 1479 1422 1551 χεΙμαρῤοι
1479 1481 1860 1550 πορεύονται,
1906 1477 2036 1532 ἐκεῖ

442 1574 617 1630 αὐτοὶ
647 1571 1085 1642 ἐπιστρέφουσι
1118 1571 1229 1626 τοῦ
1269 1572 1659 1641 πορευθῆναι.

515 1665 627 1720 Καὶ
659 1663 757 1716 νῦν
789 1659 946 1726 αὖθις
981 1664 1170 1732 ἕτερον
1208 1661 1394 1732 θαῦμα
1429 1663 1782 1732 παρίστησιν,
1831 1661 1859 1714 ὃ
1904 1661 2032 1714 λαν-

2131 907 2296 978 pheta
2346 906 2549 979 attigit,
2585 906 2670 961 vel
2721 905 2906 976 potius
2951 905 3212 971 ostendit,
3266 921 3394 960 cum
3444 913 3726 960 auctorem

2138 1013 2324 1052 rerum
2372 997 2620 1052 omnium
2666 998 2750 1054 sic
2806 1009 2894 1054 est
2960 997 3276 1079 allocutus:
3331 1016 3350 1051 ι
3405 997 3726 1054 Terminum

2139 1088 2399 1158 posuisti,
2445 1105 2608 1160 quem
2645 1104 2756 1148 non
2789 1090 3285 1160 transgredientur,
3330 1104 3510 1162 neque
3540 1104 3725 1146 rever-

2139 1190 2326 1238 tentur
2359 1184 2576 1254 operire
2608 1193 2812 1240 terram
2839 1183 2910 1239 ³⁸.
2947 1201 2968 1236 ι
3014 1183 3154 1239 Tum
3191 1185 3300 1240 ait:

2004 1303 2038 1435 gi
2071 1360 2162 1416 ιχ.

2213 1477 2298 1531 Ad
2327 1477 2524 1545 locum,
2562 1492 2664 1548 quo
2707 1488 2966 1534 torrentes
2993 1485 3138 1544 eunt,
3167 1476 3300 1531 illuc
3329 1475 3432 1545 ipsi
3467 1484 3733 1530 revertun-

2141 1579 2230 1622 tur
2256 1569 2328 1623 ad
2363 1570 2595 1624 eundum
2621 1571 2754 1642 (47).

2208 1659 2280 1714 Ει
2321 1676 2468 1715 nunc
2517 1661 2666 1715 aliud
2719 1677 2914 1716 rursus
2970 1659 3304 1716 miraculum
3348 1665 3729 1730 repraesentat,

441 1756 599 1810 θάνει
631 1755 730 1825 μὲν
756 1755 882 1817 τοὺς
912 1753 1144 1817 πολλοὺς
1175 1753 1286 1807 τῶν
1317 1753 1623 1825 ἀνθρώπων
1641 1770 1655 1786 ο
1683 1753 1744 1806 οὐ
1776 1752 1886 1822 γὰρ
1916 1751 2032 1806 ῐσα-

2137 1753 2286 1822 quod
2321 1753 2544 1823 quidem
2582 1754 2875 1824 plerosque
2902 1753 3010 1823 25
3040 1753 3326 1807 hominum
3359 1751 3733 1821 latet:quippe

441 1866 530 1902 σιν
596 1847 734 1902 αὐτὸ
784 1847 990 1911 πάντες
1020 1863 1034 1879 ·
1101 1847 1287 1917 μόνοις
1308 1846 1366 1900 δὲ
1419 1849 1534 1910 τοῖς
1591 1845 2034 1915 ναυτιλλομένοις

439 1939 766 2008 διέγνωσται
795 1941 910 2002 τοῖς
937 1939 1004 1992 τά
1037 1938 1272 2009 μέγιστα
1305 1937 1520 2009 πελάγη
1581 1938 1692 1992 τῶν
1743 1937 2035 1992 θαλασσῶν

439 2031 790 2085 διαπλέουσιν
811 2045 826 2060 ·
860 2029 940 2084 ἔτι
974 2030 1032 2084 δὲ
1063 2031 1160 2084 xal.
1188 2033 1304 2094 τοῖς
1329 2029 1430 2101 τὴν
1461 2031 1612 2084 Θείαν
1661 2031 2036 2103 μεμνημένοις

438 2123 668 2196 Γραφὴν
699 2123 796 2176 καὶ
825 2120 919 2175 τοῦ
946 2121 1230 2193 προφήτου
1285 2121 1540 2190 λέγοντος
1597 2121 1827 2193 Ἀμμώς
1851 2139 1866 2155 ο
1907 2141 1926 2174 ι
1977 2121 2036 2175 ⁸0

437 2214 921 2287 προσκαλούμενος
952 2213 1014 2268 τὸ
1038 2212 1184 2283 ὕδωρ
1213 2215 1315 2286 τῆς
1344 2213 1647 2285 Θαλάσσης,
1684 2213 1782 2268 καὶ
1813 2215 2027 2285 ὲκχέων

439 2309 578 2364 αὐτὸ
597 2307 693 2362 ἐπὶ
715 2307 1012 2378 πρόσωπον
1031 2307 1214 2377 πάσης
1243 2305 1347 2376 τῆς
1374 2307 1498 2376 γῆς,
1529 2325 1548 2358 ι
1580 2305 1931 2376 σημαίνοντος
1951 2305 2040 2359 διὰ

441 2400 555 2454 τῶν
604 2399 910 2470 εἰρημένων
943 2399 1041 2468 τὴν
1073 2397 1183 2452 ἀπὸ
1204 2397 1313 2451 τῶν
1340 2396 1640 2452 θαλαττίων
1688 2397 1898 2452 ὑδάτων
1957 2395 2039 2469 τῷ

447 2491 842 2560 παντοδυνάμῳ
873 2489 1182 2560 βουλήματι
1207 2487 1305 2543 τοῦ
1341 2488 1479 2542 Θεοῦ
1519 2489 1818 2560 γινομένην
1852 2488 2039 2544 ἄνοδον

445 2587 585 2659 πρὸς
595 2585 692 2648 τὰς
703 2584 931 2654 νεφέλας
950 2582 1232 2646 πολλάκις.
1246 2582 1358 2652 Τὴν
1377 2580 1636 2654 τοιαύτην
1650 2577 1744 2636 οὖν
1769 2579 2038 2652 μετάκλη-

443 2695 532 2732 σιν
563 2678 672 2732 τῶν
699 2676 1002 2731 θαλαττίων
1015 2676 1224 2729 ὑδάτων
1253 2675 1632 2745 αἰνιττόμενος
1685 2675 1784 2728 καὶ
1809 2676 1837 2728 ό
1871 2673 2038 2742 σοφὸς

454 2771 893 2840 Ἐκκλησιαστὴς
921 2770 1124 2838 ἔφησεν
1145 2785 1159 2800 ·
1203 2778 1222 2820 ι
1249 2770 1343 2832 Είς
1378 2769 1542 2823 τόπον
1560 2761 1630 2826 ,οὗ
1659 2769 1710 2822 oi.
1747 2767 2038 2840 χείμαρροι

445 2859 796 2933 πορεύονται,
816 2863 932 2913 ἐκεῖ
949 2861 1106 2912 αὐτοὶ
1126 2855 1518 2930 ἐπιστρέφουσι
1534 2857 1629 2912 τοῦ
1645 2857 1998 2928 πορευθῆναι.
2013 2873 2032 2908 ι

443 2951 779 3024 Πορεύονται
807 2951 905 3022 μὲν
923 2953 1031 3022 γὰρ
1055 2953 1104 3005 oi
1125 2951 1418 3022 χείμαρροι
1451 2952 1548 3004 καὶ
1578 2951 1775 3014 πάντες
1804 2950 1854 3002 οι
1879 2965 2041 3004 ποτα·

448 3046 562 3116 μοὶ,
581 3044 679 3098 καὶ
694 3044 1020 3116 συρῤέουσιν
1041 3044 1118 3106 είς
1136 3043 1236 3114 τὴν
1257 3043 1560 3098 θάλασσαν·
1593 3045 1660 3096 ὲκ
1681 3042 1741 3096 δὲ
1771 3041 2036 3111 τῶνάμυ-

443 3137 626 3207 θήτων
639 3136 739 3205 τῆς
767 3135 1043 3206 θαλάσσης
1059 3135 1294 3199 ὑδάτων,
1311 3136 1399 3191 διὰ
1419 3137 1516 3204 τῆς
1547 3136 1842 3207 εἰρημένης
1867 3151 2037 3204 προσ·-

441 3224 696 3298 κλήσεως
746 3224 951 3290 αὐτῶν,
1005 3225 1300 3296 οὐρανόθεν
1335 3224 1728 3295 πλημμυροῦσι
1759 3227 1878 3284 ταῖς
1902 3223 2035 3294 βρο-

439 3320 574 3392 gat;
588 3319 680 3373 καὶ
702 3319 816 3381 τοῖς
831 3315 938 3387 δμῦ
948 3333 1080 3386 ροις,
1103 3316 1201 3369 καὶ
1226 3313 1388 3368 πάλιν
1405 3315 1826 3386 ἐπιστρέφουσιν
1848 3313 2034 3384 εἰςτὴν

447 3411 725 3464 θάλασσαν
741 3415 804 3462 τὸ
834 3407 1040 3479 ληφθὲν
1059 3407 1118 3472 ἐξ
1148 3408 1330 3462 αὐτῶν
1352 3407 1521 3479 ὕδωρ.
1556 3408 1664 3461 Καὶ
1691 3405 1852 3460 τοῦτό
1886 3407 2034 3458 ἐστιν

441 3501 556 3570 ἄρα
579 3499 769 3568 σαφῶς
815 3487 1035 3570 ῧφησιν
1072 3501 1100 3554 ό
1159 3499 1325 3567 σοφὸς
1375 3497 1812 3567 Ἐκκλησιαστής
1842 3512 1856 3526 ο
1895 3515 1914 3548 ι
1942 3496 2035 3560 Et:

440 3589 632 3656 τόπον,
671 3583 736 3644 οὗ
769 3591 820 3642 οἰ
854 3590 1150 3660 χείμαρροι
1175 3587 1524 3658 πορεύονται,
1555 3590 1676 3642 ἐκεῖ
1701 3589 1860 3642 αὐτοὶ
1904 3589 2032 3640 ὲπι-

443 3681 745 3751 στρέφουσι
771 3680 868 3734 τοῦ
897 3681 1238 3752 πορευθῆναι
1272 3697 1287 3712 ο
1332 3699 1353 3732 ι
1385 3679 1489 3733 κᾶν
1527 3679 1660 3750 δοκῇ
1713 3695 1832 3742 πως
1885 3676 2032 3748 ἔχειν

437 3771 802 3840 ταυτολογίαν
827 3787 842 3801 ·
879 3771 1048 3840 φάναι
1076 3771 1184 3842 γὰρ
1216 3769 1385 3842 ἐχρῆν
1419 3785 1435 3800 ·
1470 3787 1488 3820 ι
1521 3769 1616 3832 Εἰς
1667 3768 1857 3829 τόπον.
1909 3767 2032 3820 ὅθεν

438 3865 494 3918 oi
522 3864 818 3935 χείμαρροι
848 3862 1124 3932 δέχονται,
1155 3863 1277 3916 ἐκεῖ
1303 3861 1462 3916 αὐτοὶ
1493 3859 1884 3934 ἐπιστρέφουσι
1933 3858 2029 3913 τοῦ

439 3953 784 4024 πορευθῆναι
813 3970 830 3985 ο
861 3973 880 4006 ι
919 3953 1146 4008 τοιῶσδε
1177 3953 1289 4023 γὰρ
1315 3952 1614 4024 εἰρημένον
1673 3949 2030 4022 ἐκδηλότερον

437 4047 508 4104 ἂν
537 4050 632 4102 καὶ
658 4045 1000 4118 σαφέστερον
1028 4041 1144 4116 εἶχε
1176 4047 1272 4099 τοῦ
1301 4045 1470 4116 ῥητοῦ
1499 4045 1592 4098 τὸν
1626 4044 1754 4098 νοῦν
1801 4044 1941 4098 κατὰ
1968 4042 2030 4096 τὸ

437 4139 759 4195 ἀκόλουθον.
805 4139 940 4192 Ἀπὸ
964 4140 1074 4210 γὰρ
1099 4141 1200 4210 τῆς
1241 4136 1519 4207 θαλάσσης
1575 4134 2030 4206 προσλαμϐάνου-

439 4248 532 4286 σιν
566 4232 624 4285 αἱ
663 4231 886 4299 νεφέλαι
911 4231 972 4283 τὸ
999 4228 1146 4302 ὕδωρ
1175 4245 1189 4262 ο
1221 4229 1378 4283 ὕουσι
1438 4227 1484 4282 δ’
1535 4228 1721 4292 αὐτοῖς
1763 4229 2029 4298 ποταμοῖς

437 4322 539 4377 καὶ
571 4320 930 4394 χειμάρροις·
959 4315 1113 4376 οὗτοι
1146 4320 1204 4374 δὲ
1223 4317 1683 4393 παλινδρομοῦσιν
1709 4318 1864 4372 αὐτοὶ
1891 4317 2028 4388 πρὸς

437 4507 784 4578 κλησιαστὴς
807 4503 962 4560 εἶπεν
987 4521 1002 4536 ·
1038 4504 1176 4558 ἀλλὰ
1210 4503 1290 4574 τῷ
1321 4501 1596 4574 ποιητικῷ
1648 4501 1838 4574 τρόπῳ
1887 4499 2045 4575 κατὰ,

437 4601 777 4672 συνεκδοχὴν
807 4597 1088 4670 ἠϐουλήθη
1121 4598 1190 4651 δι’
1221 4597 1415 4667 ἑτέρου
1451 4596 1698 4666 σημᾶναι
1723 4593 1786 4648 τὸ
1818 4591 2029 4664 ἕτερον,

437 4699 530 4751 ἴνα
560 4694 682 4750 ἐστὶ
723 4693 787 4746 το
819 4690 1115 4762 εἰρημένον
1140 4687 1408 4747 τοιοῦτον,
1436 4685 1513 4748 ὡς
1539 4685 1792 4756 ἕφθημεν
1847 4683 2030 4737 εἰπόν-

436 4804 533 4852 τες
563 4805 578 4819 ·
617 4805 637 4839 ι
672 4787 766 4850 Εἰς
799 4785 890 4838 τὸν
924 4783 1110 4847 τόπον,
1139 4781 1264 4834 ὅθεν
1301 4781 1351 4833 οί
1383 4779 1680 4850 χείμαρροι
1727 4775 2030 4848 κιχρῶνται

438 4882 538 4935 καὶ
557 4881 810 4950 δέχονται
841 4876 932 4930 διά
959 4874 1069 4929 τῶν
1092 4871 1334 4943 νεφελῶν
1367 4871 1433 4925 τὸ
1483 4869 1651 4942 ὕδωρ,
1693 4869 1792 4924 καὶ
1841 4869 2032 4940 πλημ-

442 4971 732 5042 μυροῦσιν,
751 4971 866 5023 ἐκεῖ
889 4967 1045 5021 αὐτοὶ
1074 4964 1464 5035 ἐπιστρέφουσι
1491 4961 1586 5016 τοῦ
1611 4961 1970 5033 πορευθῆναι.
2005 4979 2024 5014 ι

437 5062 696 5116 Δείκνυσι
725 5061 836 5131 γὰρ
873 5057 1048 5122 οὕτως
1069 5053 1590 5126 άναγινωσκόμενον
1614 5053 1677 5107 τὸ
1701 5052 1892 5124 ῥητὸν,
1953 5053 2031 5116 ὠς

439 5157 492 5211 οἱ
541 5157 638 5225 μὲν
673 5153 965 5224 χείμαρροι
1006 5150 1100 5204 καὶ
1129 5151 1180 5203 oi
1209 5147 1462 5217 ,ποταμοὶ
1493 5146 1587 5200 διά
1637 5144 1750 5198 τῶν
1785 5143 2030 5213 νεφελῶν

441 5251 507 5302 ὲκ
536 5249 635 5318 τῆς
669 5246 950 5314 θαλάσσης
963 5242 1244 5313 δεχόμενοι
1267 5238 1437 5310 ὕδωρ,
1464 5235 1830 5303 αὓξονταικαὶ
1846 5236 2032 5308 πλημσ⁸

443 5335 712 5408 μυροῦσιν
733 5349 746 5364 ⁸
785 5334 1212 5404 ἀντιπαρέχουσι
1249 5331 1308 5384 δὲ
1341 5329 1505 5384 πάλιν
1533 5330 1600 5400 τῇ
1625 5327 1924 5402 δανεισάσῃ
1967 5327 2031 5380 τὸ

513 5473 560 5508 ³⁸
587 5473 737 5530 Psal.
773 5488 890 5537 cm,
925 5470 979 5526 9.
1064 5471 1127 5504 ’δ’
1155 5470 1323 5524 Amos
1353 5485 1410 5530 ν,
1488 5467 1520 5523 8
1579 5475 1636 5522 et
1667 5481 1742 5528 ix,
1773 5463 1826 5518 6.

515 5587 630 5656 (47)
688 5585 844 5654 Apud
904 5581 1047 5651 LXX
1101 5583 1367 5656 scriptum
1419 5577 1648 5656 signino!
1689 5577 1856 5631 τόπον
1881 5617 1906 5656 _.
1949 5617 1962 5633 .
2009 5621 2022 5635 .

445 5648 623 5713 ιοιεηὶ
656 5648 836 5710 autem
883 5648 1228 5709 sententiam
1248 5653 1328 5707 sic
1364 5649 1598 5705 reddidit
1618 5648 2022 5717 Symmachus:

445 5728 542 5792 Είς
583 5728 674 5780 τὸν
717 5727 902 5786 τόπον,
956 5725 1050 5791 ἀφ’
1095 5718 1156 5778 οὗ
1189 5725 1240 5776 οἱ
1279 5719 1516 5792 ποταμοὶ
1537 5717 1854 5792 πορεύονται
1880 5759 1895 5781 ,
1923 5721 2028 5792 ,καὶ

447 5791 565 5868 ἐκεί
591 5797 743 5868 αὐτοὶ
775 5798 1210 5868 άναστρέφουσιν
1247 5808 1264 5868 ς
1300 5791 1435 5868 q_u:e
1461 5791 1666 5860 optime
1696 5791 2032 5868 respondent

453 5867 630 5924 verbis
680 5857 997 5921 Latinorum
1031 5857 1471 5934 "exemplar—ium,
1499 5857 1628 5931 qua:
1659 5857 1792 5925 sidit
1838 5857 2032 5916 Hiero-

780 5960 1053 6020 PATROL.
1097 5957 1212 6018 Gn.
1259 5953 1536 6022 XCVlll.

2139 1843 2351 1898 caeteris
2385 1843 2788 1914 ignorantibus,
2820 1844 2854 1898 ii
2881 1834 3065 1899 solum
3103 1853 3332 1906 norunt,
3363 1841 3454 1913 qui
3493 1843 3729 1896 tnuxima

2138 1933 2342 1992 Oceani
2372 1953 2595 2008 aequora
2635 1938 2950 2009 navigando
2988 1945 3293 2008 permeant,
3326 1947 3380 1991 et
3415 1935 3508 2006 qui
3540 1951 3732 1991 sacra-

2141 2043 2263 2082 rum
2317 2026 2652 2083 Litterarum
2695 2017 2996 2082 meminere
3035 2035 3200 2096 atque
3243 2027 3414 2080 Amos
3449 2023 3732 2095 prophetae

2139 2117 2418 2173 dicentis:
2469 2137 2490 2170 ι
2532 2117 2637 2184 Qui
2695 2127 2854 2172 τοι-ει
2900 2131 3102 2186 aquam
3161 2115 3349 2180 maris,
3399 2124 3454 2170 et
3499 2113 3731 2168 eﬂ‘undit

2139 2223 2261 2264 eam
2295 2225 2458 2280 super
2487 2209 2682 2264 faciem
2713 2217 2874 2264 terrae
2891 2207 3062 2264 totius
3077 2209 3150 2242 “'
3169 2205 3282 2278 (48)
3309 2225 3324 2273 ;
3351 2226 3371 2260 ι
3393 2207 3595 2278 quibus
3627 2206 3730 2260 hoc

2139 2301 2327 2357 verbis
2358 2301 2699 2372 frequentem
2741 2317 3012 2372 aquarum
3047 2316 3078 2356 e
3109 2300 3249 2355 mari
3281 2299 3348 2354 ad
3385 2299 3558 2354 nubes
3589 2297 3731 2354 redi-

2141 2405 2259 2448 tum
2287 2393 2614 2463 designavit,
2641 2395 2706 2450 ad
2730 2409 2872 2464 quas
2902 2391 2999 2448 Dei
3024 2393 3421 2464 omnipotentis
3452 2391 3731 2446 voluntate

2141 2485 2468 2542 ascendunt.
2509 2486 2660 2542 Hanc
2694 2503 2864 2558 porro
2903 2502 3172 2558 aquarum
3209 2487 3552 2540 marinarum
3592 2499 3728 2540 con-

2141 2578 2487 2634 vocationem
2517 2579 2633 2648 ipse
2653 2579 2816 2634 etiam
2847 2579 3100 2634 indicans
3123 2580 3343 2649 sapiens
3365 2577 3730 2634 Ecclesiastes

2140 2673 2323 2728 dixit:
2361 2692 2382 2726 ι
2427 2673 2508 2728 Ad
2541 2674 2748 2736 locum,
2779 2689 2890 2743 quo
2921 2683 3194 2728 torrentes
3247 2681 3401 2734 eunt,
3450 2671 3578 2726 illuc
3625 2671 3730 2740 ipsi

2141 2775 2494 2822 revertuntur
2519 2767 2586 2820 ad
2611 2767 2889 2821 eumdem.
2931 2783 2950 2818 ι
2990 2764 3126 2820 Nam
3175 2774 3411 2836 pergunt
3441 2779 3574 2820 sane
3613 2775 3730 2820 tor-

2142 2869 2330 2916 rentes
2386 2873 2688 2928 amnesque
2726 2873 2946 2925 omnes,
2993 2867 3048 2914 et
3096 2859 3150 2912 in
3203 2873 3355 2912 mare
3407 2857 3728 2914 conﬂuunt:

2141 2961 2258 3026 tum
2294 2967 2428 3008 vero
2465 2967 2498 3008 e
2527 2954 2688 3018 caelo,
2727 2967 2836 3022 quo
2865 2951 2974 3006 vim
3009 2951 3156 3006 illam
3197 2966 3466 3022 aquarum
3496 2951 3730 3022 inexpli-

2141 3045 2374 3100 cabilem
2431 3043 2724 3100 convocari
2777 3043 2915 3106 dixi,
2974 3042 3256 3100 exundant
3308 3043 3507 3114 pluviis
3565 3053 3730 3114 atque

2141 3137 2432 3203 imbribus,
2471 3137 2722 3207 marique
2753 3126 2975 3202 iterum,
3009 3152 3150 3206 quas
3182 3137 3252 3192 ab
3279 3146 3724 3218 eo|acceperunt,

2137 3242 2311 3298 aquas
2341 3230 2658 3284 refundunt.
2675 3228 2854 3299 Atque
2879 3229 2984 3284 hoc
3015 3229 3196 3300 ipsum
3215 3229 3332 3286 sine
3349 3231 3726 3288 controversia

2135 3331 2243 3384 est,
2280 3319 2427 3388 quod
2467 3321 2690 3389 sapiens
2723 3318 3087 3376 Ecclesiastes
3127 3322 3416 3376 enuntiat:
3470 3339 3491 3374 ι
3525 3322 3606 3378 Ad
3639 3323 3725 3378 lo-

2136 3426 2288 3478 cum,
2329 3426 2442 3481 quo
2471 3420 2742 3468 torrentes
2783 3422 2936 3478 eunt,
2967 3413 3096 3468 illuc
3137 3415 3238 3483 ipsi
3273 3399 3630 3472 rcverluutnr
3657 3417 3725 3471 ad

2136 3503 2423 3568 eundum;
2464 3522 2483 3555 ι
2524 3519 2844 3574 quanquam
2882 3505 2937 3559 in
2975 3505 3060 3559 his
3085 3507 3268 3562 verbis
3292 3523 3405 3561 rem
3441 3507 3532 3562 ille
3569 3523 3724 3563 eam-

2135 3591 2258 3646 dcm
2297 3591 2496 3648 iterare
2527 3596 2938 3662 quodammodo
2982 3595 3216 3652 videtur.
3251 3599 3548 3667 Oportebat
3575 3601 3722 3655 enim

2134 3684 2362 3750 dicere:
2410 3705 2430 3740 ι
2485 3686 2568 3740 Ad
2613 3687 2819 3753 locum,
2859 3689 3006 3744 unde
3062 3697 3334 3747 torrentes
3380 3691 3721 3758 derivantur,

2133 3778 2324 3833 eodem
2370 3778 2476 3848 ipsi
2519 3778 2757 3835 redeunt
2803 3791 2862 3836 ut
2895 3781 3080 3836 denuo
3113 3781 3328 3850 ﬂuant;
3363 3803 3382 3834 ι
3422 3800 3548 3840 nam
3591 3787 3722 3842 dicti

2133 3871 2465 3926 sententiam
2499 3872 2606 3928 hoc
2629 3881 2790 3942 pacto
2818 3873 3249 3932 manifestiorem
3273 3877 3533 3949 deinceps
3559 3889 3724 3950 atque

2131 3965 2426 4021 clariorem
2485 3967 2833 4022 reddidisset.
2887 3967 2934 4020 A
2994 3968 3136 4022 mari
3186 3969 3460 4040 siquidem
3517 3986 3718 4042 aquam

2131 4059 2308 4114 nubes
2353 4058 2652 4126 hauriunt,
2698 4057 3054 4130 eaedemque,
3104 4075 3230 4116 cum
3290 4057 3720 4138 pluit,~torren-

2105 4149 2282 4206 'tibus
2313 4165 2434 4204 eam
2488 4165 2556 4208 ac
2608 4149 2794 4208 ﬂuviis
2831 4154 3112 4210 reddunt:
3166 4153 3223 4209 hi
3269 4154 3489 4210 demum
3527 4157 3724 4212 iterato

2131 4242 2282 4296 illam
2339 4258 2568 4298 recursu
2624 4244 2692 4299 ad
2743 4259 2893 4300 utare
2924 4245 3198 4302 deferunt.
3245 4246 3353 4302 Sed
3401 4248 3507 4305 hoc
3541 4252 3726 4305 minus

2131 4342 2318 4402 aperte
2356 4332 2496 4388 dixit
2533 4334 2924 4404 Ecclesiastes,
2975 4347 3031 4392 et
3089 4347 3373 4407 poelarum
3427 4358 3580 4398 more
3629 4357 3728 4414 per

302 4478 318 4490 ι
434 4416 538 4488 τὴν
559 4416 859 4470 θάλασσαν.
904 4415 1042 4468 Ἀλλ’
1076 4416 1174 4484 οὐχ
1199 4411 1374 4476 οὕτως
1402 4411 1538 4466 αὐτὸ
1580 4411 1770 4481 σαφῶς
1818 4413 1848 4464 ό
1901 4409 2026 4464 Ἐκ-

2137 4420 2563 4478 intellectionem
2591 4425 2826 4481 alterum
2871 4429 3046 4484 altero
3079 4429 3396 4501 signiﬁcare
3423 4409 3645 4501 voluit;
3667 4451 3729 4492 ut

2135 4527 2199 4567 ea
2232 4513 2286 4568 in
2327 4514 2508 4570 verbis
2544 4522 2814 4572 sententia
2860 4517 3010 4585 insit,
3057 4535 3222 4590 quam
3258 4523 3421 4577 modo
3465 4527 3726 4594 exposui-

2134 4616 2300 4658 mus:
2343 4620 2363 4654 ι
2399 4601 2479 4658 Ad
2518 4604 2699 4660 locum
2733 4623 2938 4680 nempe,
2974 4611 3118 4666 unde
3155 4620 3426 4668 torrentes
3465 4627 3727 4671 mutuan-

2137 4704 2230 4751 tur
2257 4697 2670 4770 desumuntque
2717 4717 2815 4772 per
2857 4705 3034 4760 nubes
3077 4721 3303 4775 aquam,
3347 4717 3516 4779 atque
3545 4725 3728 4766 exun-

2133 4786 2404 4852 dant,-eo
2450 4789 2617 4845 iidem
2671 4800 3066 4858 revertuntur,
3110 4801 3170 4851 ut
3224 4796 3421 4852 iterum
3462 4797 3656 4854 ﬂuant.
3702 4821 3722 4852 ›

2135 4879 2230 4938 Sic
2254 4883 2402 4937 enim
2429 4883 2606 4956 accipi
2641 4885 2850 4942 dictum
2874 4889 3137 4954 ostendit,
3161 4896 3226 4945 ut
3251 4898 3524 4950 torrentes
3545 4888 3729 4950 ﬂuvii-

2135 4990 2265 5046 que,
2307 4991 2452 5048 aqua
2497 4993 2530 5034 a
2580 4979 2723 5035 mari
2772 4996 2868 5052 per
2913 4980 3095 5038 nubes
3143 4972 3365 5050 hausta,
3415 4995 3728 5060 augeantur

2133 5078 2301 5139 atque
2360 5070 2714 5140 redundent;
2768 5088 2835 5128 ac
2887 5073 3129 5130 debitum
3195 5077 3465 5134 feneranti
3527 5095 3728 5138 rursus

2133 5161 2484 5219 retribuant:
2547 5179 2658 5220 non
2721 5164 2869 5236 quod
2933 5167 3296 5240 omnipotenti
3363 5167 3602 5230 Domino
3656 5173 3727 5227 ad

2135 5261 2338 5310 terram
2377 5255 2713 5329 irrigandam
2747 5259 2870 5314 alia
2911 5259 3026 5316 sint
3071 5275 3212 5332 opus
3247 5275 3445 5332 aqua;
3487 5263 3583 5320 sed
3613 5279 3728 5335 qun

2132 5346 2466 5406 ineffabilem
2519 5351 2576 5404 in
2617 5350 2721 5407 hoc
2755 5367 2978 5424 quoque
3013 5355 3318 5426 potentiam
3375 5356 3725 5414 demonstret

2133 5588 2549 5654 nymus;q_s_nntp
2591 5581 2736 5636 enim
2777 5581 3094 5649 huiusmodi
3141 5602 3155 5638 :
3195 5582 3268 5638 De
3310 5599 3414 5654 quo
3467 5592 3724 5640 torrentes

2133 5650 2346 5716 ear-enm,
2379 5650 2510 5706 illuc
2533 5652 2636 5721 ipsi
2675 5663 3033 5718 revertuntur,
3060 5662 3118 5708 ut
3147 5650 3434 5710 introeant.

2208 5721 2580 5794 (diilAmosv,
2605 5724 2660 5778 8.
2687 5724 2838 5792 Apud
2858 5723 2996 5778 LXX
3018 5726 3171 5780 deest
3189 5725 3392 5794 πάσης,
3419 5740 3516 5778 nec
3537 5725 3724 5780 minus

2139 5791 2284 5916 :[ilgd
2314 5791 2806 5864 Olympiodorum,
2853 5797 2946 5866 qui
2993 5797 3182 5850 eodem
3251 5791 3423 5850 utitur
3477 5804 3722 5851 ιεειίηιο-

3153 5957 3226 6040 25
