4102 6402
514 393 618 456 733

1657 395 1719 456 S.
1749 392 2134 458 GREGORII
2187 393 2700 460 AGRIGENTINI

3681 411 3775 482 78$

514 519 571 560 et
600 521 722 578 qua:
752 513 1002 563 errantes
1031 513 1184 573 sunt,
1219 514 1366 572 ortu,
1400 519 1624 575 occasu,
1653 508 1908 578 defectu;
1940 508 2026 564 vel
2056 507 2096 564 si

2211 507 2320 564 τῶν
2341 507 2634 580 πλανητῶν
2654 525 2668 539 ·
2702 509 2786 564 ἔτι
2822 507 2880 564 δὲ
2926 509 3024 566 καὶ
3055 499 3198 566 κατὰ
3245 511 3346 582 τήν
3380 513 3484 586 γῆν
3525 521 3616 574 καὶ
3646 533 3777 582 κατὰ

512 599 646 668 quid
687 597 960 670 ejusmodi
1005 598 1062 652 in
1093 606 1238 654 terra
1283 606 1376 656 aut
1423 601 1480 656 in
1515 603 1654 658 mari
1685 603 2109 675 deprehenderit

513 702 594 748 tot
631 691 774 748 inter
811 692 1175 748 animantium
1210 709 1432 766 genera,
1463 702 1686 767 tamque
1718 697 1898 753 varias
1941 697 2103 768 plan-

510 791 692 840 tarum
727 780 926 852 stirpes
959 792 1016 838 et
1067 793 1352 853 pratorum
1400 787 1786 854 amoenitates;
1828 788 2004 842 multo
2052 787 2104 842 id

507 883 670 930 antea
717 875 839 942 fuit,
870 881 927 930 et
970 874 1110 930 nihil
1149 875 1378 934 omnino
1423 878 1723 946 diversum,
1760 879 1876 935 sive
1919 864 2104 936 ortum

507 975 743 1037 spectes,
777 966 897 1022 sive
927 975 1206 1036 naturam,
1239 969 1356 1026 sive
1385 969 1661 1036 ordinem,
1697 971 1816 1028 sive
1849 979 2098 1039 motum;

505 1061 714 1132 quippe
767 1074 860 1116 res
908 1075 1124 1128 omnes,
1164 1061 1250 1118 vel
1273 1061 1388 1133 jam
1440 1063 1734 1128 exsistant,
1772 1063 1862 1119 ’νει
1900 1062 2105 1121 futurae

505 1152 640 1218 sint,
675 1152 876 1209 divina:
903 1152 1176 1208 voluntati
1216 1153 1664 1226 praescriptisque
1704 1155 1864 1211 initio
1891 1155 2104 1226 legibus

506 1241 827 1298 necessario
873 1243 1278 1314 obsequuntur.
1333 1241 1684 1316 Quapropter
1739 1243 1914 1300 Oseas
1971 1259 2102 1315 pro-

505 1333 672 1405 pheta
689 1334 1047 1391 Conditorem
1073 1335 1278 1406 ipsum,
1304 1335 1400 1407 qui
1420 1337 1750 1392 saeculorum
1773 1345 1966 1390 auctor
1993 1344 2101 1404 est,

506 1425 762 1496 idemque
801 1426 1190 1484 universorum
1243 1428 1596 1492 constitutor,
1659 1429 1742 1484 sic
1786 1427 2100 1498 loquentem

411 1507 418 1511 ’
504 1517 758 1600 induxit:
783 1537 802 1572 ι
833 1518 948 1591 Ego
977 1519 1244 1576 Dominus
1275 1519 1417 1576 Deus
1447 1528 1597 1588 tuus,
1617 1519 1846 1575 ﬁrmans
1874 1521 2098 1588 coelum,

503 1620 561 1668 et
595 1620 798 1668 terram
834 1612 1080 1669 condens
1115 1612 1264 1685 (52),-
1304 1631 1324 1666 ι
1361 1612 1566 1684 quibus
1611 1611 1798 1668 verbis
1852 1612 2096 1668 divinam

505 1703 1130 1776 significatpotentiam,
1176 1719 1304 1776 quas
1331 1705 1566 1776 provide
1595 1711 1894 1774 utrumque
1947 1704 2100 1762 fovet

503 1805 670 1868 atque
700 1805 901 1863 tuetur,
929 1797 1298 1866 ostenditque,
1352 1799 1448 1870 qui
1483 1794 1686 1854 caelum
1717 1797 1788 1853 ab
1816 1797 1974 1855 initio
1998 1797 2096 1854 ﬁr-

2209 601 2308 673 τήν
2359 600 2640 657 θάλασσαν
2687 603 2747 656 ὲν
2791 603 2905 666 τοῖς
2957 602 3226 668 ποικίλοις
3283 605 3381 659 καὶ
3430 612 3778 684 παντοδαποῖς

2210 693 2370 761 ζώοις
2419 711 2479 749 τε
2525 697 2621 750 καὶ
2678 698 2872 766 φυτοῖς
2927 697 3024 752 καὶ
3077 696 3312 767 λειμῶσι
3343 715 3359 731 '
3395 701 3552 756 τοῦτο
3604 709 3776 782 πολλῷ

2209 787 2404 860 πρώην
2433 788 2648 862 ὑπῆρξε
2683 789 2828 845 κατὰ
2855 789 2926 844 τὰ
2963 789 3108 846 αὐτὰ
3147 789 3240 846 καὶ
3272 791 3536 858 ὡσαύτως
3567 799 3657 852 καὶ
3686 800 3778 873 τὴν
3815 838 3820 843 .

2207 879 2425 948 γένεσιν
2453 879 2711 950 ἐσχηκός,
2733 881 2831 935 καὶ
2850 881 2950 953 τὴν
2978 881 3259 944 ούσίωσιν,
3279 885 3374 937 καὶ
3398 885 3498 956 τὴν
3523 887 3670 954 τάξιν
3691 892 3778 944 καὶ

2206 971 2444 1042 κίνησιν,
2471 973 2695 1027 πάντων
2723 972 2804 1044 τῷ
2838 973 2970 1045 θείῳ
3013 973 3316 1045 βουλήματι
3352 975 3449 1029 καὶ
3475 976 3776 1051 ψηφίσματι

2205 1063 2266 1119 τὸ
2298 1065 2582 1135 καταρχὰς
2610 1064 2890 1119 ὲκτεθέντι
2920 1065 3366 1138 πειθαρχούντων
3398 1067 3776 1142 ἀπαραιτήτως

2205 1157 2301 1212 καὶ
2325 1157 2435 1210 τῶν
2458 1157 2628 1209 ὄντων
2641 1156 2758 1228 ’ήδη
2795 1158 2894 1211 καὶ
2914 1158 3026 1212 τῶν
3057 1160 3464 1229 γενησομένων.
3493 1163 3593 1216 Διά
3627 1163 3777 1220 τοῦτό

2205 1236 2372 1320 φησιν
2411 1249 2572 1322 Ὠσηὲ
2616 1253 2646 1306 ό
2693 1251 2980 1322 προφήτης
3024 1249 3086 1316 ἐξ
3131 1250 3298 1304 αὐτοῦ
3352 1253 3642 1323 προσώπου
3686 1255 3774 1310 τοῦ

2205 1344 2492 1408 κτίσαντος
2538 1343 2667 1408 τοὺς
2734 1341 2942 1408 αίῶνας
2985 1344 3081 1397 καὶ
3119 1342 3192 1396 τὰ
3237 1343 3415 1399 πάντα
3445 1349 3776 1404 κατασκευά-

2204 1449 2398 1497 σαντος
2416 1449 2429 1464 ·
2463 1455 2481 1487 ι
2525 1435 2666 1504 Ἐγὼ
2689 1434 2897 1508 Κύριος
2923 1439 2951 1490 ό
2973 1435 3108 1500 Θεός
3135 1453 3252 1502 σου,
3287 1436 3526 1506 στερεῶν
3563 1438 3776 1510 οὐρανὸν

2203 1525 2298 1580 καὶ
2325 1526 2528 1591 κτίζων
2565 1530 2671 1600 γῆν
2691 1543 2706 1559 ο
2745 1546 2764 1580 ι
2809 1527 2910 1598 τὴν
2947 1529 3277 1597 συνεκτικὴν
3303 1531 3396 1582 καὶ
3428 1533 3776 1605 προνοητικὴν

2202 1619 2300 1672 καὶ
2358 1621 2638 1692 σωστικὴν
2696 1620 2978 1692 ἑκατέρων
3043 1619 3195 1676 θείαν
3250 1619 3485 1691 δύναμιν
3540 1623 3774 1679 ἐντεῦθεν

2201 1711 2701 1783 παραινιττόμενος
2733 1713 2830 1766 καὶ
2858 1713 3100 1779 δεικνὺς,
3124 1713 3201 1778 ώς
3233 1715 3544 1786 στερεώσας
3575 1715 3664 1769 τδν
3689 1717 3774 1770 ού·

2204 1802 2386 1874 ρανδν,
2428 1804 2526 1857 καὶ
2559 1802 2908 1875 θεμελιώσας
2935 1805 3036 1876 τὴν
3076 1804 3182 1874 γῆν
3215 1807 3501 1878 καταρχὰς
3521 1847 3537 1874 ,
3569 1809 3660 1862 καὶ
3688 1809 3775 1862 νῦν

503 1890 676 1944 mavit
712 1888 1077 1960 fundavitque
1131 1887 1358 1954 terram,
1404 1905 1503 1960 per
1553 1904 1681 1945 eum
1721 1903 1870 1944 nunc
1929 1890 2096 1946 etiam

2199 1893 2384 1948 δίδωσι
2433 1898 2546 1959 τοῖς
2587 1896 2923 1969 ἀμφοτέροις
2958 1897 3108 1968 μόνῳ
3149 1897 3229 1968 τῷ
3274 1897 3407 1970 θείῳ
3454 1901 3552 1953 καὶ
3593 1917 3778 1954 παντο-

503 1994 727 2036 manere
749 1989 1068 2052 utrumque,
1093 1989 1148 2035 et
1177 1995 1286 2036 una
1316 1979 1437 2052 ejus
1487 1980 1678 2036 divina
1723 1989 1888 2051 atque
1917 1981 2098 2037 omni—

501 2073 710 2144 potenti
735 2071 1020 2128 voluntate
1045 2080 1326 2128 constare.
1363 2071 1510 2126 Nihil
1540 2071 1704 2142 igitur
1735 2071 1836 2126 sub
1865 2071 1981 2127 sole
2005 2086 2094 2128 re-

500 2179 656 2232 cens,
691 2164 828 2220 nihil
847 2163 1010 2236 plane
1043 2179 1246 2220 novum
1271 2171 1462 2219 natum
1491 2171 1614 2220 est:
1644 2162 2093 2234 quandoquidem

501 2262 796 2332 praesentia
823 2276 980 2332 teque
1009 2268 1064 2316 et
1090 2258 1274 2316 futura
1317 2257 1568 2312 eamdem
1599 2255 1788 2311 omnia
1826 2253 2092 2325 originem

501 2363 558 2406 et
597 2360 808 2406 motum
846 2351 1056 2406 habent
1103 2365 1118 2404 :
1179 2348 1366 2420 itaque
1397 2356 1454 2403 et
1497 2347 1625 2404 ειηιί
1663 2347 1782 2402 sine
1817 2343 2096 2400 intermis-

501 2443 659 2499 sione
688 2441 922 2514 gloriam
955 2441 1052 2497 Dei
1097 2449 1379 2507 enarrant,
1410 2453 1476 2495 ac
1522 2437 1643 2494 dies
1692 2437 1825 2504 diei,
1875 2450 2094 2506 noxque

501 2535 650 2591 nocti
673 2534 966 2590 etl'ectricis
994 2533 1348 2606 providaeque
1376 2531 1660 2603 sapientiai
1689 2529 1962 2586 infinitam
1995 2544 2093 2600 po-

501 2637 754 2686 testatem
801 2627 1074 2692 enuntiat,
1115 2625 1227 2697 29
1276 2640 1380 2682 nec
1439 2639 1568 2680 vero
1611 2624 1798 2679 minus
1843 2633 1990 2679 terra
2038 2631 2094 2679 et

499 2734 654 2777 mare
705 2717 1190 2775 terminationibus
1244 2717 1358 2774 illis
1419 2717 1538 2773 suis
1588 2725 1644 2772 et
1695 2715 1984 2771 ordinibus
2035 2723 2092 2770 et

499 2813 694 2868 mortis
709 2811 950 2882 uitaeque
977 2809 1360 2867 vicissitudine
1387 2818 1443 2864 et
1471 2809 1833 2866 concitatiore
1855 2817 2009 2864 motu
2037 2815 2093 2863 et

2197 1985 2422 2058 δυνάμῳ
2469 1987 2771 2061 βουλήματι
2819 1989 2922 2061 τὴν
2969 1991 3236 2062 διαμονὴν
3290 1992 3390 2045 καὶ
3435 1993 3772 2064 συντήρησιν.

2198 2079 2365 2134 Οὐδὲν
2413 2077 2510 2134 οὖν
2555 2081 2873 2153 πρόσφατον
2917 2082 3024 2136 ὑπὸ
3065 2081 3158 2137 τὸν
3199 2083 3376 2154 ήλιον,
3420 2084 3454 2154 ἦ
3507 2085 3688 2139 καινὸν
3722 2087 3776 2140 τὸ

2199 2171 2422 2224 σύνολον
2459 2172 2674 2242 πέφυκε
2695 2188 2709 2203 ·
2751 2175 2931 2228 πάντα
2976 2173 3085 2246 γὰρ
3118 2175 3188 2230 τὰ
3233 2175 3368 2230 ὄντα
3401 2177 3496 2230 καὶ
3521 2177 3590 2230 τὰ
3623 2193 3776 2249 γενη-

2198 2263 2404 2334 σόμενα
2419 2265 2518 2336 τῆς
2539 2265 2710 2338 αὐτῆς
2741 2265 2958 2338 ἔχονται
2988 2267 3084 2321 καὶ
3110 2268 3407 2337 γενέσεως,
3437 2269 3535 2323 καὶ
3558 2269 3773 2337 τάξεως,
3861 2325 3864 2328 .

2197 2357 2294 2410 καὶ
2332 2361 2637 2431 κινήσεως·
2676 2361 2774 2414 καὶ
2818 2359 3136 2432 διηγοῦνται
3183 2363 3283 2433 μὲν
3331 2363 3385 2415 oi
3433 2362 3652 2432 οὐρανοὶ
3690 2360 3775 2415 τοῦ

2195 2450 2333 2532 Θεοῦ
2353 2453 2454 2524 τὴν
2475 2453 2636 2519 δόξαν
2672 2453 2992 2520 ἀπαύστως,
3027 2455 3120 2508 καὶ⁵
3157 2455 3345 2526 ήμέρα
3381 2456 3448 2527 τῇ
3480 2455 3664 2526 ἡμέρᾳ
3691 2454 3779 2509 καὶ

2194 2540 2294 2606 νὺξ
2329 2543 2396 2613 τῇ
2443 2543 2601 2596 νυκτὶ
2642 2543 2951 2614 διαγγέλλει
2992 2545 3095 2616 τῆς
3139 2545 3437 2618 ποιητικῆς
3487 2543 3652 2598 αὑτοῦ
3693 2545 3778 2598 καὶ

2195 2636 2563 2706 προνοητικῆς
2619 2635 2814 2712 σοφίας
2873 2637 2976 2706 τὴν
3020 2637 3252 2706 ἄπειρον
3299 2637 3554 2708 δύναμιν.
3602 2637 3779 2708 Παρα-

2196 2725 2442 2796 πλησίως
2479 2726 2666 2796 μέντοι
2701 2729 2797 2780 καὶ
2823 2729 2856 2798 ή
2889 2729 2960 2798 γῆ
2991 2730 3088 2782 καὶ
3119 2729 3153 2800 ή
3187 2727 3441 2786 θάλασσα
3478 2730 3599 2790 ταῖς
3629 2726 3778 2790 ίδίαις

2191 2815 2520 2885 ὁροθεσίαις,
2537 2819 2633 2872 καὶ
2646 2818 2858 2886 τάξεσι,
2874 2819 2971 2874 καὶ
2991 2819 3088 2890 θνή
3097 2816 3236 2886 ξεσι,
3254 2819 3350 2874 καὶ
3379 2818 3544 2874 πάλιν
3557 2817 3776 2874 ἀνασιώ·

497 2907 712 2961 summa
745 2906 1248 2978 quiete,.tanquam
1275 2903 1506 2960 vocibus
1535 2903 1868 2988 quihusdam
1901 2900 2091 2958 ineﬂ’a—

2199 2924 2333 2976 σεσι,
2362 2910 2456 2964 καὶ
2469 2909 2855 2982 σφοδροτέραις
2874 2913 3145 2983 κινήσεσι,
3173 2911 3270 2966 καὶ
3301 2911 3630 2966 παντελέσιν
3658 2912 3779 2984 npt-

497 2997 701 3055 bilibus
743 2998 1034 3055 Dominum
1085 3013 1249 3053 suum
1287 2996 1572 3053 celebrat:
1606 2995 1744 3051 nihil
1775 3003 1831 3051 ut
1856 2992 2091 3066 posteri-

2199 3003 2348 3073 μίαις
2375 3001 2758 3075 διεγνωσμένη
2788 3006 2909 3059 κατ’
2945 3006 3098 3060 οὐδὲν
3142 2999 3310 3076 ἦττον
3355 3006 3642 3078 ἀλαλήτοις
3668 3022 3776 3076 φωρ

495 3091 594 3144 tati
649 3098 858 3146 nostras
900 3090 1152 3145 relictum
1210 3088 1306 3152 sit,
1355 3088 1504 3159 quod
1555 3101 1760 3143 novum
1799 3101 1864 3142 ac
1897 3100 2089 3142 recens

2199 3095 2310 3158 ναῖς
2345 3096 2578 3167 ἀνυμνεῖ
2602 3095 2694 3150 τὸν
2729 3098 2861 3152 ίδιον
2887 3098 3169 3168 Δεσπότην
3193 3115 3207 3130 ·
3231 3097 3310 3162 ὡς
3338 3099 3482 3170 μηδὲ
3506 3097 3775 3152 ὑπολελετο

495 3182 672 3238 videri
695 3183 914 3240 debeat.
942 3181 1156 3238 idcirco
1180 3181 1401 3252 sapiens
1440 3179 1810 3236 Ecclesiastes
1842 3179 2043 3248 adjecit
2071 3195 2085 3233 :

2199 3185 2328 3254 φθαι
2367 3190 2484 3252 τοῖς
2527 3191 3008 3262 μεταγενεστέρως
3055 3191 3454 3262 γενησομένοις
3493 3182 3700 3246 καινόν“
3717 3205 3776 3243 τε

501 3273 672 3332 clam
725 3275 832 3332 iuit
881 3277 935 3332 in
973 3276 1212 3342 saeculis,
1263 3290 1388 3346 quas
1434 3273 1662 3330 fuerunt
1709 3280 1838 3328 ante
1884 3287 2010 3328 nos.
2063 3289 2084 3326 ι

2199 3279 2289 3334 καὶ
2340 3280 2677 3350 πρόσφατον.
2739 3282 2948 3337 Τούτου
2996 3284 3158 3355 χάριν
3212 3287 3499 3354 ἐπήγαγεν
3545 3284 3575 3336 ό
3621 3283 3775 3354 σοφὸς

497 3365 776 3440 Quidquid
808 3369 957 3424 enim
986 3367 1300 3424 faciendum
1331 3367 1425 3431 sit,
1457 3365 1572 3438 lam
1614 3363 1826 3422 factum
1861 3363 2090 3422 omnino

2205 3371 2644 3444 Ἐκκλησιαστής
2667 3390 2682 3406 °
2723 3392 2743 3426 ι
2777 3374 2918 3446 Ἤδη
2964 3375 3191 3445 γέγονεν
3232 3378 3292 3431 ὲν
3324 3381 3444 3444 τοῖς
3469 3377 3633 3433 αίῶσι
3669 3377 3775 3442 τοῖς

494 3470 772 3532 repertum
801 3470 916 3528 .est,
935 3461 1026 3518 .ait
1050 3458 1287 3517 subinde
1301 3476 1338 3528 ι,

2199 3461 2586 3533 γεγενημένοις
2617 3461 2726 3516 ἀπὸ
2765 3463 3081 3536 ἔμπροσθεν
3132 3464 3306 3537 ήμῶν.
3343 3485 3364 3517 ι
3417 3468 3535 3522 Πᾶν
3577 3467 3684 3537 γὰρ
3719 3465 3776 3518 τὸ

2191 3551 2557 3634 γενησόμενον
2616 3551 2723 3626 ήδη
2774 3556 3004 3626 γεγονὸς
3055 3555 3290 3630 εὕρηται
3341 3557 3592 3623 πάντως.
3647 3552 3776 3612 Εἶτά

2193 3659 2362 3716 φησιν
2382 3660 2397 3676 ο

2036 3759 2066 3832 5
2089 3759 2206 3818 xn.

567 3870 730 3930 Vens.
763 3873 852 3929 H.
883 3870 1009 3928 Non
1036 3881 1114 3928 est
1151 3870 1409 3928 memoria
1433 3871 1650 3942 primis,
1671 3879 1724 3927 et
1743 3869 1958 3949 quide
1986 3889 2086 3928 no-

2264 3879 2388 3934 Οὐκ
2412 3879 2548 3934 ἔστι
2571 3877 2784 3950 μνήμη
2802 3895 2867 3936 το
2876 3881 2937 3949 ἲς
2949 3881 3227 3952 πρώτοις,
3247 3883 3350 3937 καί
3371 3898 3445 3954 γε
3461 3880 3588 3949 τοῖς
3602 3877 3776 3950 caud-

493 3968 746 4035 uissimis,
785 3983 906 4022 cum
940 3965 1088 4036 facta
1121 3965 1345 4036 fuerint,
1399 3981 1504 4021 non
1535 3965 1637 4022 erit
1664 3965 1798 4036 ipsis
1833 3967 2088 4021 memoria

2199 3984 2316 4036 τοις
2350 3970 2703 4040 γενομένοις
2740 3973 2854 4026 οὐκ
2898 3971 3072 4026 ἔσται
3117 3972 3323 4040 αὐτοῖς
3369 3973 3584 4044 μνήμη
3628 3970 3775 4042 μετὰ

488 4076 611 4118 cum
642 4061 739 4128 eis,
769 4061 863 4132 qui
893 4060 1064 4130 futuri
1093 4069 1220 4114 sunt
1239 4059 1304 4114 .in
1337 4059 1622 4114 nouissimo
1659 4057 1796 4130 (55).

2199 4060 2306 4116 τῶν
2327 4063 2754 4132 γενησομένων
2780 4067 2869 4130 εὶς
2897 4062 3015 4132 τὴν
3044 4064 3341 4134 ἐσχάτην.

561 4153 864 4210 Circularis
896 4152 1161 4222 temporis
1209 4166 1410 4208 cursus
1440 4151 1507 4206 .in
1559 4150 1744 4206 medio
1786 4150 1872 4206 sui
1915 4149 2086 4222 ipsius

2258 4154 2534 4219 Κυκλικὸς
2561 4155 2766 4228 δρόμος
2799 4155 2894 4210 τοῦ
2919 4157 3115 4228 χρόνου
3149 4157 3318 4229 μέσον
3351 4157 3555 4214 ἑαυτοῦ
3599 4155 3776 4211 πάντα

490 4246 676 4302 omnia
701 4239 1072 4316 compleCtens
1115 4259 1182 4300 ac
1221 4244 1710 4310 eircumscribens,
1749 4243 1910 4314 quasi
1960 4251 2083 4298 rota

2199 4245 2574 4316 5ιαλαμ6άνων
2603 4247 2702 4300 καὶ
2731 4247 3118 4318 περιγράφων,
3145 4245 3257 4301 οἶόν
3281 4266 3366 4312 τις
3384 4251 3583 4321 τροχὸς
3604 4249 3775 4304 ἄπαυ-

489 4338 740 4411 ηιιωόαιῐι
789 4345 1053 4410 perpetuo
1098 4345 1222 4393 acta
1279 4344 1455 4402 motu,
1511 4335 1594 4391 sic
1624 4350 1742 4402 eos,
1785 4335 1879 4405 qui
1923 4336 2090 4390 modo

2199 4354 2320 4392 στον
2369 4337 2510 4409 ἔχων
2552 4339 2655 4411 τὴν
2706 4341 2923 4412 κίνησιν
2964 4342 3024 4394 ὲν
3076 4343 3143 4412 τῇ
3190 4340 3500 4412 φανερώσει
3535 4341 3646 4395 τῶν
3683 4337 3772 4392 νῦν

490 4434 656 4490 utiles
688 4441 744 4490 et
771 4433 930 4500 clari,
965 4433 1170 4506 quique
1203 4431 1423 4488 molesti
1479 4438 1646 4501 atque
1682 4429 1903 4502 inglorii
1937 4440 2086 4494 sunt,

2199 4429 2446 4498 χρηστῶν
2493 4429 2591 4484 καὶ
2638 4430 2890 4496 ἐνδόξων,
2941 4431 2976 4503 ἢ
3019 4431 3287 4502 λυπηρῶν
3339 4436 3434 4486 καὶ
3469 4431 3674 4498 ἀδόξων
3708 4433 3769 4502 τῇ

489 4525 831 4592 manifestat,
879 4533 941 4581 ut
965 4540 1088 4596 quae
1120 4524 1366 4595 primum
1413 4522 1788 4594 contigerunt,
1821 4521 2089 4578 oblivioni

2199 4519 2328 4592 λήθῃ
2358 4521 2425 4574 τὰ
2451 4520 2644 4592 πρώην
2676 4521 3075 4594 παρέπεμψεν·
3107 4522 3140 4592 ἦ
3174 4523 3252 4587 ὡς
3283 4523 3556 4594 μηδαμῶς
3590 4520 3771 4588 ἀξιούο

487 4621 618 4678 det:
651 4619 741 4676 vel
785 4617 936 4690 quod
991 4618 1235 4673 humana
1284 4630 1442 4671 mens
1490 4613 1894 4686 praeteritorum
1941 4612 2088 4670 facta

2199 4630 2291 4682 ³ης
2318 4613 2420 4684 τῆς
2447 4613 2799 4684 ἀνθρωπίνης
2829 4613 3072 4678 διανοίας
3111 4616 3172 4667 έν
3197 4618 3313 4679 τοῖς
3349 4615 3523 4680 ἀξίοις
3555 4617 3772 4686 μνήμης

487 4722 750 4784 tanquam
787 4725 957 4783 prava
987 4719 1044 4766 et
1078 4707 1244 4772 mala,
1285 4705 1428 4762 inter
1457 4720 1547 4773 ea,
1582 4721 1709 4777 quae
1737 4721 2083 4762 commemo-

2199 4706 2395 4761 τιθέναι
2425 4705 2537 4760 τῶν
2570 4707 2983 4780 παρῳχηκότων
3013 4707 3116 4780 τὴν
3152 4708 3354 4780 πρᾶξιν
3381 4709 3460 4773 ώς
3492 4706 3772 4780 μοχθηρὰν

487 4804 703 4860 ratione
723 4803 890 4872 digna
922 4809 1080 4865 sunt;
1106 4813 1396 4856 recensere
1425 4813 1490 4854 ac
1519 4813 1726 4869 ponere
1754 4798 1932 4866 nolit;
1963 4799 2081 4855 sive

2199 4799 2284 4852 καὶ
2311 4799 2527 4872 φαύλην
2547 4817 2562 4830 ο
2609 4799 2643 4872 ἢ
2675 4801 2752 4864 ὡς
2780 4801 2882 4856 οὐκ
2911 4802 3320 4874 ἐφικνουμένης
3356 4803 3501 4874 μετὰ
3543 4803 3652 4856 τῶν
3689 4802 3770 4852 ὲν-

487 4897 634 4968 quod
689 4909 834 4965 aegre
885 4905 1102 4958 eorum,
1157 4904 1282 4959 quas
1333 4888 1691 4951 transierunt,
1753 4889 2076 4944 memoriam

2199 4889 2442 4944 ιστώτων
2503 4891 3030 4962 συμπαρακατέχειν
3081 4893 3179 4946 καὶ
3235 4892 3336 4964 τὴν
3388 4895 3615 4965 μνήμην
3668 4891 3771 4944 τῶν

487 4987 814 5061 consociare
847 4997 974 5040 cum
1003 4976 1366 5053 praesentibus
1399 4981 1590 5052 possit.
1619 4977 1826 5036 Verum
1863 4995 1972 5035 non
2003 4982 2078 5037 ita

2199 4982 2665 5055 παρεληλυθότων.
2706 4984 2856 5056 Πλὴν
2885 4985 2985 5054 τῆς
3017 4985 3243 5056 μνήμης
3285 4987 3396 5040 τῶν
3439 4987 3541 5058 τὴν
3572 4983 3770 5056 ἀρετὴν

488 5079 757 5136 memoria
794 5091 988 5132 eorum
1039 5075 1440 5138 intermoritur,
1473 5072 1570 5144 qui
1622 5073 1882 5127 virtutem
1927 5071 2080 5128 omni

2199 5073 2384 5137 5λικῶς
2421 5074 2806 5144 ἀσκησάντων,
2855 5078 2950 5130 καὶ
2995 5076 3134 5148 πρὸς
3177 5079 3238 5130 τὸ
3281 5080 3383 5149 τῆς
3424 5075 3768 5143 δικαιοσύνης

487 5173 672 5230 studio
707 5169 948 5241 amplexi
987 5167 1070 5224 sic
1107 5167 1176 5222 ad
1205 5181 1484 5222 summum
1522 5165 1752 5236 justitia:
1805 5163 2084 5236 fastigium

2199 5166 2356 5237 ἱκρον
2380 5167 2734 5238 ἀφικομένων
2755 5185 2767 5198 ·
2788 5171 2884 5224 καὶ
2912 5172 3334 5242 προγράμματα
3361 5169 3648 5243 πρακτικὰ
3677 5169 3768 5222 καὶ

490 5279 810 5335 pervenere,
853 5270 915 5318 ut
960 5261 1161 5318 idonea
1207 5259 1334 5315 vita:
1371 5259 1706 5314 documenta
1733 5265 1790 5312 et
1818 5257 2086 5313 salutaria

2199 5260 2613 5333 παραδείγματα
2665 5261 2963 5333 ψυχωφελῆ
3011 5263 3105 5318 καὶ
3152 5268 3400 5336 σωτήρια
3447 5265 3560 5328 τοῖς
3602 5276 3765 5334 μετα-

489 5369 695 5416 ειιιιοιω
743 5356 1112 5414 institutionis
1141 5354 1394 5424 exempla
1451 5350 1758 5422 posteritati
1809 5349 2086 5420 relinque—

2199 5353 2528 5426 τενεστέροις
2582 5357 3015 5412 καταλιπόντων.
3077 5350 3241 5412 Οὗτοι
3307 5358 3416 5428 γὰρ
3447 5357 3626 5428 ,μόνοι
3678 5353 3770 5406 καὶ

490 5460 634 5506 rent.
689 5449 802 5506 Soli
833 5450 980 5506 enim
1035 5449 1288 5506 laborum
1323 5460 1552 5502 suorum
1587 5445 1814 5500 uberem
1841 5441 2080 5498 fructum

491 5553 782 5616 ceperunt,
816 5544 1017 5599 bonam
1072 5543 1284 5600 scilicet
1311 5538 1635 5595 memoriam
1674 5557 1688 5593 :
1717 5537 2081 5608 quemadmo-

493 5638 624 5694 dum
658 5639 928 5708 scriplum
981 5645 1064 5692 est
1097 5653 1111 5691 :
1179 5651 1199 5687 ι
1240 5633 1506 5690 Memoria
1555 5631 1692 5704 justi
1725 5645 1852 5686 cum
1892 5630 2083 5689 ,laudi-

567 5771 681 5842 (5'2)
711 5770 849 5842 Osee
869 5787 994 5836 xm,
1018 5771 1073 5834 4,
1098 5787 1220 5841 quae
1249 5781 1428 5842 tamen
1451 5771 1656 5842 desunt,
1673 5769 1726 5823 in
1749 5769 1835 5842 ed.
1865 5766 2079 5842 Compi.

568 5839 679 5913 (53)
707 5841 852 5896 LXX
883 5839 1156 5898 habent...
1193 5842 1308 5894 Οὐκ
1337 5841 1491 5895 ἔσται
1518 5841 1698 5894 αὐτῶν
1722 5839 1934 5911 μνήμη.
1964 5839 2082 5894 Ca:-

2186 5447 2513 5520 περίσσειαν
2539 5447 2698 5520 ἔσχον
2720 5451 2777 5502 ὲν
2807 5451 2973 5504 παντὶ
2999 5450 3187 5522 μόχθῳ
3211 5451 3412 5517 αὐτῶν,
3439 5450 3538 5522 τὴν
3561 5446 3765 5518 ἀγαθὴν

2187 5539 2390 5611 δηλαδὴ
2447 5541 2704 5612 μνήμηνο
2751 5539 2934 5604 καθὼς
2987 5543 3332 5612 γέγραπταιο
3383 5561 3404 5594 ι
3436 5543 3643 5612 Μνήμη
3687 5537 3764 5592 δι-

2189 5631 2345 5686 καίου
2380 5633 2499 5704 μετ’
2524 5633 2826 5704 ὲγκωμίου·
2859 5652 2878 5686 ι
2912 5633 3008 5688 καὶ
3031 5633 3216 5704 πάλιν,
3253 5654 3272 5688 ι
3307 5635 3400 5699 El;
3427 5633 3766 5706 μνημόσυνον

2189 5776 2380 5842 ternm
2405 5776 2459 5842 et
2487 5766 2855 5842 Hieronymus
2886 5769 3071 5842 αὐτοῖς
3093 5770 3293 5842 alicubi
3319 5771 3519 5842 legisse
3539 5767 3772 5830 videtur,

2189 5847 2249 5894 ut
2283 5837 2533 5896 Nobilius
2560 5837 2860 5896 adnotavit.
2891 5841 3205 5912 Olympiod.
3237 5842 3318 5904 είς
3346 5837 3415 5894 τι
3438 5841 3677 5911 ἔσχατα.
