4102 6402
383 400 493 466 ’185
718 412 728 424 ·
1498 401 1580 462 IN
1613 386 2200 464 ECCLESIASTEN.
2234 427 2296 437 —
2334 400 2482 462 LIB.
2514 399 2564 459 1.
3566 393 3674 457 786

382 515 606 568 αἰώνιον
633 509 788 564 ἔσται
819 509 1058 574 δίκαιος·
1093 530 1112 564 ι
1153 511 1203 564 οἰ
1245 512 1339 566 καὶ
1367 509 1538 574 ζῶσιν
1567 510 1650 575 τίς
1680 509 1774 564 τδν
1801 508 1973 564 αἰῶνα

2079 512 2184 562 bus
2220 507 2356 578 (54),
2397 525 2416 558 ι
2447 515 2506 562 et
2553 521 2774 562 rursum
2817 521 2834 562 :
2869 526 2886 558 ι
2919 506 2978 561 in
3020 503 3283 561 memoria
3320 512 3524 559 aeterna
3572 505 3682 566 erit

380 603 528 658 κατὰ
557 601 622 657 τδ
653 603 1071 674 γεγραμμένον,
1101 622 1118 654 ι
1146 603 1356 657 Δίκαιοι
1385 603 1466 666 εἰς
1493 601 1588 656 τὸν
1618 601 1794 656 αἰῶνα
1817 599 1973 666 ζῶσι,

2087 596 2353 668 justus";
2379 618 2398 650 ι
2425 597 2520 668 qui
2555 597 2718 653 etiam
2775 597 2829 652 in
2860 603 3126 654 saeculum
3165 597 3381 663 vivunt,
3415 603 3476 650 ut
3507 596 3681 650 tradi-

377 695 480 751 καί
523 693 584 748 ἐν
627 693 808 765 καιρῷ
852 694 1002 748 ἐστιν
1047 695 1078 748 ὁ
1122 693 1316 764 μισθὸς
1366 693 1567 758 αὐτῶν,
1599 711 1619 744 ι
1667 692 1770 753 τάς
1801 691 1973 762 ὑπερ-

2081 699 2195 744 tum
2229 689 2462 762 legimus
2494 707 2507 744 :
2550 709 2570 742 ι
2592 691 2734 745 Justi
2758 691 2813 745 in
2843 693 3107 746 saeculum
3141 691 3351 754 vivunt,
3376 698 3433 744 et
3455 690 3509 744 in
3537 698 3678 744 tcm-

378 785 674 859 ουρανίους
714 768 812 841 καὶ
861 785 1016 851 θείας
1057 785 1417 858 ἅνταμείψεις
1464 784 1658 856 μισθὸν
1698 785 1766 838 ἐκ
1817 801 1973 854 μετα-

2078 795 2212 850 pore
2237 792 2321 838 est
2348 797 2559 838 merces
2581 780 3012 854 ipsorum(55):o
3037 784 3222 839 divina
3255 783 3456 852 quippe
3484 783 3678 838 creleso

383 879 560 950 φορᾶς
599 877 710 934 τῶν
750 881 810 934 ἐν
856 879 1166 950 ἀνθρώποις
1197 879 1591 952 ἐργαζομένων
1627 877 1973 949 ὁνομασάσης

2078 875 2215 930 tium
2245 877 2472 946 praemia
2509 877 2682 932 sacris
2716 877 2769 930 in
2802 875 3026 931 Litteris
3062 889 3274 931 merces
3307 874 3670 945 appellantur.

378 981 482 1050 τῆς
507 976 663 1043 θείας
687 976 938 1050 Γραφῆς.
966 975 1106 1050 Εἶτά
1136 994 1303 1050 φησιν
1331 979 1360 1031 ὁ
1385 971 1830 1046 Ἐκκλησιαστής
1848 987 1864 1004 ·

2080 967 2401 1036 metaphora
2447 968 2518 1022 ab
2557 967 2742 1036 operis
2797 974 3038 1036 sumpta.
3083 981 3207 1036 quae
3246 965 3390 1036 apud
3427 965 3678 1020 homines

1010 1045 1028 1062 ⁸
1149 1045 1159 1047 ’
1198 1045 1210 1050 ’
1579 1045 1587 1046 ί
2075 1068 2486 1114 exercerentur.
2527 1057 2694 1114 Addit
2725 1059 2922 1115 deinde
2970 1057 3377 1114 Ecclesiastes:

1915 1163 1946 1237 ς
1979 1163 2124 1223 xm.

467 1298 796 1370 ’ἐγενόμην
824 1297 1131 1366 βασιλεὺς
1165 1295 1238 1352 ἐν
1269 1296 1513 1368 Ἰσραὴλ
1551 1295 1654 1350 ἐπὶ
1684 1294 1973 1362 Ἰερουσα-

2159 1289 2270 1362 30
2291 1291 2458 1349 Vens.
2483 1293 2568 1349 i2.
2589 1293 2698 1349 Fui
2727 1310 2820 1349 rea:
2833 1294 2890 1348 in
2913 1292 3088 1348 Israel
3108 1309 3266 1362 super
3279 1291 3315 1347 J
3319 1293 3602 1358 erusalem,
3627 1307 3676 1348 at

381 1386 534 1458 λὴμ.
575 1389 675 1444 καὶ
703 1387 902 1444 ἔδωκα
934 1387 1052 1457 τὴν
1084 1388 1343 1459 καρδίαν
1369 1405 1492 1458 μου
1517 1387 1624 1442 τοῦ
1654 1383 1973 1452 ἑκζητῆσαι

2085 1379 2208 1435 dedi
2240 1399 2332 1436 cor
2356 1400 2530 1439 meum
2555 1387 2625 1439 ad
2659 1385 3034 1456 inquirendum
3069 1393 3118 1440 et
3145 1386 3589 1440 considerandum
3621 1387 3676 1439 in

381 1480 483 1534 καί
523 1479 629 1534 τοῦ
675 1479 1180 1550 κατασκέψασθαι
1205 1481 1279 1536 ἐν
1305 1479 1383 1549 τῇ
1423 1481 1612 1550 σοφίᾳ
1651 1477 1788 1548 ’περί
1828 1477 1973 1530 πάν-

2085 1475 2349 1543 sapicntia
2377 1477 2442 1532 de
2467 1477 2730 1546 omnibus,
2769 1494 2890 1549 qua
2915 1478 3052 1550 ﬁunt
3081 1479 3178 1533 sub
3208 1477 3337 1533 caelo
3368 1476 3504 1552 (56).

383 1590 508 1628 των
532 1571 652 1628 τῶν
680 1573 1014 1643 γινομένων
1043 1573 1164 1629 ὑπὸ
1197 1573 1307 1630 τὸν
1335 1575 1619 1643 οὐρανόν.

471 1665 878 1738 ’Δπολαμὸάνει
939 1666 1037 1720 καὶ
1089 1667 1286 1732 πάλιν,
1346 1667 1445 1722 καὶ
1492 1667 1822 1740 προστίθησι
1877 1667 1973 1732 τὰς

2155 1673 2406 1730 Resumit
2453 1675 2640 1731 denuo
2673 1674 2864 1739 etiam,
2924 1675 3140 1746 sibique
3175 1676 3404 1746 apponit
3436 1678 3680 1747 appella-

378 1759 706 1828 ὀνομασίας,
739 1752 828 1822 αἷς
860 1761 1138 1830 ἐχρήσατο
1169 1759 1266 1815 καὶ
1297 1761 1600 1832 καταρχὰς,
1630 1761 1725 1815 καί
1757 1778 1923 1832 φησιν
1949 1762 1973 1816 ὁ

2082 1765 2278 1831 tiones,
2301 1766 2502 1838 quibus
2523 1775 2578 1822 et
2599 1765 2756 1821 initio
2782 1781 2918 1822 usus
2934 1773 3040 1834 est,
3063 1766 3250 1838 aitque
3273 1766 3635 1825 Ecclesiastes
3660 1789 3676 1825 :

393 1851 834 1924 Ἑκκλησιαστής
855 1869 869 1883 ·
895 1871 913 1904 ι
939 1853 1241 1925 Ἐγενόμην
1265 1853 1526 1926 βασιλεὺς
1549 1855 1609 1907 ἐν
1644 1855 1861 1928 Ἰσραὴλ
1883 1855 1973 1910 ἐπὶ

2083 1876 2104 1910 ι
2139 1857 2240 1913 Fui
2275 1873 2370 1914 rex
2421 1859 2476 1914 in
2527 1858 2696 1914 Israel
2745 1873 2913 1928 super
2953 1856 3280 1915 Jerusalem.
3319 1879 3339 1912 ι
3373 1859 3474 1914 Cui
3528 1861 3677 1916 haud

392 1943 809 2016 Ἰερουσαλήμ.»
842 1945 988 2017 Πρὸς
1017 1945 1077 1998 ὃν
1107 1948 1224 2018 ἐρεῖ
1245 1963 1330 2012 τις
1357 1947 1460 2001 οὐκ
1485 1947 1800 2012 ἀπεικότως
1818 1965 1834 1981 ο
1864 1949 1973 2002 Καὶ

2079 1951 2264 2020 inepte
2290 1950 2416 2021 quis
2447 1951 2650 2008 dixerit
2683 1949 2930 2022 :Ecquis
2968 1960 3020 2008 te
3057 1950 3426 2008 Ecclesiasten
3467 1954 3678 2009 consti-

377 2036 470 2096 τίς
501 2056 560 2093 σε
589 2039 930 2111 κατέστησεν
968 2039 1441 2112 Ἐκκλησιαστήν;
1479 2042 1562 2096 ὅτι
1597 2043 1698 2112 μὲν
1727 2041 1838 2114 γὰρ
1873 2041 1973 2108 βα·-

2081 2042 2390 2098 tuit?nam
2425 2051 2478 2098 te
2535 2042 2754 2113 quidem
2809 2057 2994 2114 regem
3055 2043 3218 2099 Israel
3257 2043 3312 2098 in
3365 2042 3674 2100 Jerusalem

381 2129 572 2194 σιλεὺς
610 2131 704 2184 ἐπὶ
741 2131 960 2202 Ἰσραὴλ
1005 2133 1064 2184 ἐν
1104 2131 1468 2204 Ἰερουσαλὴμ
1515 2133 1785 2202 γέγονας,
1813 2133 1973 2186 τοῦτο

2077 2133 2272 2202 fuisse,
2309 2144 2500 2191 notum
2527 2135 2580 2190 id
2607 2134 2896 2197 omnibus;
2945 2144 3235 2206 paternum
3275 2137 3422 2192 enim
3449 2135 3676 2192 Jerusa-

373 2225 496 2286 τοῖς
546 2225 686 2277 πᾶσι
739 2223 1056 2294 καταφανές
1077 2241 1090 2256 ⁸
1145 2225 1350 2296 κλῆρον
1383 2226 1494 2298 γὰρ
1525 2225 1780 2297 πατρῷον
1813 2227 1973 2298 ἐσχες

2076 2227 2180 2282 lem
2211 2243 2440 2298 regnum
2482 2210 2579 2284 tibi
2611 2227 2934 2284 haereditate
2969 2227 3197 2284 obvenit
3227 2247 3242 2284 :
3282 2237 3338 2283 at
3366 2243 3476 2284 non
3505 2231 3672 2285 etiam

378 2315 483 2387 τὴν
513 2317 572 2370 ἐν
613 2317 979 2390 Ἰερουσαλὴμ
1017 2317 1333 2390 βασιλείανο
1372 2319 1473 2374 οὐκ
1512 2318 1595 2374 ἐτι
1639 2319 1698 2374 δέ
1739 2320 1837 2374 καὶ
1867 2337 1974 2375 πα-

379 2410 566 2478 τρῴαν
592 2409 966 2480 κληρονομίαν
1013 2410 1246 2481 εἴληφας
1284 2411 1347 2466 τὸ
1387 2411 1825 2482 Ἐκκλησιαστὴς
1864 2413 1970 2467 ὑπ-

383 2497 600 2572 άρχειν.
633 2501 758 2566 Πῶς
788 2499 886 2556 οὖν
921 2501 1217 2573 ὠνόμασας
1259 2503 1454 2558 ἑαυτὸν
1497 2504 1966 2576 Ἐκκλησιαστήν;

395 2594 990 2668 Ἀλλ’άποκριθήσεται
1009 2597 1210 2652 θᾶττον
1237 2597 1356 2652 ἀντ’
1385 2597 1554 2653 αὐτοῦ
1583 2598 1685 2669 τῆς
1709 2599 1970 2671 ἀληθείας

372 2686 404 2740 ὁ
427 2682 608 2756 λόγος,
633 2689 725 2741 καὶ
745 2688 995 2760 φήσειεν,
1018 2687 1148 2759 ὠςή
1178 2687 1300 2742 θεία
1330 2688 1521 2758 Σοφία,
1543 2690 1671 2763 παρ’
1693 2685 1762 2764 ἦς
1788 2691 1970 2745 ἐκεκί-

371 2793 513 2850 νητο
541 2777 969 2849 καθυπογράψαι
1001 2779 1097 2834 καὶ
1120 2778 1466 2853 διορίσασθαι
1489 2780 1600 2834 τῶν
1629 2781 1848 2852 φαύλως
1873 2783 1968 2836 καὶ

375 2870 678 2941 μοχθηρῶς
727 2871 1208 2943 πεπολιτευμένων
1251 2873 1559 2945 ἀνθρώπων
1587 2873 1688 2938 τὰς
1737 2874 1966 2944 ματαιὸ-

368 2978 550 3034 τητας
581 2965 674 3017 καὶ
706 2956 1178 3037 πονηροπραξίας,
1220 2967 1316 3021 καὶ
1355 2965 1546 3037 μέντοι
1579 2965 1680 3034 τὴν
1729 2967 1965 3022 διαιωνξ·

2072 2327 2306 2389 paterno
2327 2319 2420 2374 tibi
2443 2319 2566 2390 jure
2589 2320 2780 2376 datum
2805 2328 2912 2390 cst,
2936 2329 2996 2377 ut
3017 2320 3379 2378 Ecclesiastes
3403 2321 3672 2378 dicerere.

2071 2408 2177 2476 Qui
2213 2425 2345 2483 ergo
2373 2411 2471 2467 tibi
2493 2425 2698 2468 nomen
2728 2412 3076 2470 Ecclesiastes
3101 2399 3457 2484 imposuisti?
3481 2429 3672 2469 verum

2070 2502 2247 2574 ipsius
2280 2503 2405 2559 loco
2433 2504 2723 2560 oraculum
2757 2507 3006 2561 veritatis
3031 2505 3310 2576 extemplo
3341 2521 3672 2576 responsum

2069 2589 2244 2658 dabit,
2284 2607 2351 2648 ac
2377 2592 2584 2647 dixerit
2617 2610 2632 2647 :
2671 2591 2925 2649 Divinam
2955 2593 3320 2664 Sapientiam,
3367 2596 3527 2665 cujus
3581 2595 3678 2650 ille

2070 2681 2312 2753 impulsu
2357 2682 2801 2740 facinorosorum
2839 2686 3126 2741 hominum
3164 2687 3441 2743 vanitates
3471 2698 3526 2743 et
3567 2687 3674 2742 im-

2068 2777 2242 2847 proba
2265 2777 2409 2832 facta
2438 2779 2750 2836 describere
2779 2795 2845 2835 ac
2869 2779 3096 2834 deﬁnire
3119 2795 3413 2851 aggressus
3439 2790 3542 2844 est,
3568 2796 3671 2836 nec

2067 2869 2253 2927 minus
2307 2879 2636 2942 perpetuum
2680 2881 2848 2944 atque
2906 2872 3254 2930 immutabile
3303 2889 3490 2931 rerum
3547 2889 3672 2929 oma-
3755 2905 3761 2913 -

2051 2955 2244 3030 'nium,
2277 2981 2400 3036 quae
2429 2974 2560 3023 sunt
2609 2981 2844 3038 quaeque
2890 2966 3166 3032 visuntur,
3223 2967 3553 3038 obsequium
3602 2982 3674 3024 ae

372 3033 580 3118 ζουσαν
615 3033 901 3128 ὕποταγῆν
931 3033 1312 3127 ἀπαραίτητον
1353 3033 1450 3111 καὶ
1477 3057 1702 3127 θητείαν
1731 3059 1964 3112 ἑκάστου

2076 3033 2441 3126 famulatum;
2491 3033 2662 3129 atque
2714 3033 2881 3124 idem,
2919 3067 3192 3130 quotquot
3224 3033 3544 3115 universum
3583 3075 3674 3115 ore

371 3147 488 3201 τῶν
536 3146 706 3202 ὄντων
756 3149 854 3202 καὶ
906 3147 1283 3219 φαινομένων·
1321 3149 1418 3203 καὶ
1459 3149 1608 3222 τοὺς,
1637 3149 1743 3204 ἀνὰ
1787 3152 1969 3205 πᾶσαν

373 3239 482 3310 τὴν
515 3239 620 3294 ὑπὸ
647 3239 738 3293 τὸν
769 3241 1002 3312 οὐρανὸν
1027 3241 1372 3314 συναγείρειν
1397 3239 1534 3312 πρὸς
1561 3240 1660 3312 τὴν
1687 3240 1800 3296 τῶν
1824 3227 1971 3295 ἰδίων

353 3329 452 3408 151]
463 3329 648 3398 μάτων
679 3331 969 3402 ἀκρόασιν,
999 3330 1096 3385 καὶ
1124 3330 1220 3386 τοῦ
1261 3331 1695 3402 Ἐκκλησιαστοῦ
1727 3321 1826 3404 τὴν
1850 3331 1972 3385 ὀνο-

381 3423 595 3494 μασίαν
627 3423 778 3496 αὐτῷ
807 3425 1107 3496 παρέσχεν,
1140 3423 1218 3490 ὡς
1244 3425 1464 3496 ἀξίωμα
1495 3425 1686 3480 καινὸν
1722 3428 1818 3480 καὶ
1859 3428 1975 3498 μεῖ-

379 3513 480 3578 ζον
507 3514 606 3584 τῆς
633 3515 933 3584 βασιλείας.
975 3515 1228 3580 Βασιλείς
1261 3515 1360 3588 μὲν
1389 3515 1501 3588 γάρ
1541 3517 1637 3571 καὶ
1666 3517 1774 3590 πρὸ
1805 3517 1972 3572 αὐτοῦ

379 3603 573 3660 πολλοὶ
610 3606 1021 3677 διεγνώσθησαν
1055 3607 1160 3664 ἀνὰ
1209 3608 1393 3664 πάντα
1425 3609 1492 3664 τὰ
1531 3609 1696 3681 ἔθνη,
1738 3610 1862 3682 μεθ’
1899 3604 1975 3665 ὧν

381 3698 492 3752 κάν
515 3699 594 3770 τῷ
641 3699 863 3774 Ἰσραὴλ
889 3701 984 3756 ἐπὶ
1025 3700 1409 3775 Ἰερουσαλήμ.
1451 3703 1888 3776 Ἐκκλησιαστὴς
1917 3704 1976 3759 δὲ

376 3790 562 3856 οὐδεὶς
588 3791 896 3866 ἐγνωρίσθη
925 3792 985 3847 τὸ
1023 3792 1268 3860 σύνολον,
1302 3793 1427 3847 οὒδέ
1459 3793 1562 3865 τῆς
1595 3794 1685 3864 ὑφ’
1715 3794 1869 3866 ἣλιον
1895 3796 1972 3849 διο

377 3882 671 3948 δάσκαλος.
721 3885 931 3940 Οὐκοῦν
1001 3886 1112 3958 ἄρα
1155 3885 1244 3940 διὰ
1291 3887 1394 3958 τῆς
1441 3888 1766 3958 καινοτέρας
1818 3887 1976 3954 ἀξίας

383 3974 484 4029 καὶ
518 3976 895 4048 προσηγορίας
943 3974 1380 4047 ἀξιολογωτέραν
1429 3975 1526 4030 καὶ
1565 3976 1974 4048 πιστικωτέραν

380 4065 542 4137 ᾠήθη
601 4066 800 4138 δράσαι
857 4069 972 4132 τοῖς
1029 4067 1440 4138 ἐντευξομένοις
1499 4067 1603 4140 τὴν
1671 4067 1810 4122 ἰδίαν
1863 4069 1976 4122 εἰσ-

381 4159 610 4228 ήγησιν.
1098 4176 1105 4184 ·
1217 4187 1236 4199 ~

472 4249 613 4304 Ἀλλ’
661 4251 967 4308 ἀνακύπτει
999 4253 1166 4308 πάλιν
1207 4253 1464 4310 ἐντεῦθεν
1509 4254 1699 4326 lupo;
1749 4255 1976 4328 ἀπορῶν

380 4342 579 4413 λόγος,
611 4345 708 4399 καὶ
741 4345 1002 4415 φάσκων
1030 4345 1144 4402 Καὶ
1188 4347 1240 4402 εἰ
1277 4349 1466 4402 καινὸν
1504 4348 1668 4412 αὐτὸς
1704 4347 1876 4420 ὄνομα
1913 4350 1976 4404 τὸ

393 4435 836 4507 Ἐκκλησιαστὴς
865 4436 1078 4508 εἴληφε,
1104 4437 1224 4504 πῶς
1252 4456 1419 4510 φησιν
1451 4439 1605 4496 οὐδὲν
1633 4439 1974 4512 πρόσφατον,

377 4523 539 4580 οὐδὲν
564 4526 752 4580 καινὸν
779 4527 886 4581 ὑπὸ
900 4527 994 4582 τὸν
1014 4527 1204 4598 ἥλιον;
1242 4529 1397 4600 Ἔχει
1421 4529 1478 4583 δὲ
1502 4531 1662 4584 τοῦτο
1703 4533 1976 4605 σύντομον

379 4618 615 4673 αὐτόθεν
634 4620 735 4690 τὴν
753 4619 911 4675 λύσιν
930 4637 945 4651 ⁸
973 4621 1036 4674 οὐ
1062 4620 1170 4693 γὰρ
1194 4623 1326 4693 περὶ
1356 4625 1764 4696 προαιρετικῶν
1805 4643 1975 4682 σπου-

379 4705 684 4782 δασμάτων
732 4713 766 4784 ἢ
807 4713 1106 4784 γνωμικῶν
1156 4717 1594 4788 προτερημάτων
1634 4718 1696 4772 τὸ
1751 4738 1772 4772 ι
1801 4721 1976 4792 πρόσ-

385 4818 562 4872 φατον
592 4823 612 4856 ι
661 4802 694 4874 ἢ
725 4802 786 4858 τὸ
821 4823 841 4856 ι
887 4804 1074 4860 καινὸν
1104 4824 1124 4858 ι
1169 4805 1376 4876 ἔφασκε
1411 4807 1606 4879 πρώην
1627 4826 1642 4842 ο
1673 4809 1814 4864 ἀλλὰ
1847 4812 1978 4884 περὶ

383 4893 502 4949 τῶν
532 4895 782 4964 φυσικῶν
807 4899 1081 4968 κινήσεων
1111 4900 1204 4954 καὶ
1221 4899 1757 4974 παρακολουθήσεων
1783 4905 1894 4959 τῶν
1918 4907 1978 4960 ἐν

381 4987 506 5049 τοῖς
531 4984 651 5040 οὖσι
682 4985 1102 5057 θεωρουμένων,
1129 4989 1190 5041 ἐν
1215 4983 1298 5054 οἷς
1325 4989 1427 5045 οὐκ
1459 4989 1608 5046 ἐστιν
1639 4993 1821 5064 εὑρεῖν
1856 4996 1979 5050 ἐπί-

377 5078 612 5150 ,τασινῆ
659 5077 1005 5150 προσθήκην,
1054 5080 1089 5152 ἢ
1137 5079 1367 5152 μείωσιν
1413 5082 1509 5137 καὶ
1556 5085 1870 5158 ἀφαίρεσιν.
1913 5090 1978 5142 Τί

386 5163 490 5226 οὖν
521 5187 723 5243 φησιν;
763 5189 784 5222 ι
821 5169 1042 5224 Ἔδωκα
1069 5169 1170 5242 τὴν
1209 5171 1442 5242 καρδίαν
1469 5188 1575 5244 μου
1607 5173 1704 5230 τοῦ
1737 5174 1978 5250 ἐκζητῆ-

390 5277 485 5316 σαι
532 5261 629 5316 καὶ
673 5261 771 5316 τοῦ
811 5261 1300 5332 κατασκέψασθαι*
1345 5282 1365 5316 ι
1409 5264 1656 5336 δηλονότι
1713 5268 1979 5340 σχολάσαι

387 5353 533 5426 πρός
562 5371 687 5410 τινα
723 5354 917 5427 καιρὸν
944 5353 1082 5426 πρδς
1105 5354 1344 5428 θεωρίαν
1371 5356 1480 5436 τῶν
1510 5356 1682 5414 ὄντων
1702 5377 1716 5393 ·
1749 5363 1844 5416 καὶ
1877 5381 1980 5418 κα-

381 5505 388 5510 .
461 5461 508 5496 ⁸⁷
535 5461 682 5520 Psal.
711 5478 800 5520 cxt
829 5503 844 5530 ,
882 5467 938 5520 Ἰ.

461 5578 580 5664 (ὃς)
613 5578 860 5664 Prom},
898 5579 965 5646 7;
991 5579 1094 5664 'sed
1123 5581 1266 5652 apud
1296 5579 1440 5635 LXX
1469 5581 1738 5651 invenies,
1772 5587 1978 5664 Μνήμη

383 5649 633 5720 δικαίων
643 5651 760 5719 μετ’
787 5649 1102 5720 ἐγκωμίων.

465 5720 580 5793 (55)
615 5719 748 5793 Sap.
787 5737 856 5793 _v,
908 5720 998 5793 16.
1027 5719 1238 5793 _Vetum
1291 5720 1434 5778 LXX
1467 5723 1670 5782 habent
1702 5746 1716 5783 :
1761 5730 1870 5784 Καὶ
1916 5734 1974 5786 ἐν

386 5789 643 5863 Κυρέιμ
681 5789 871 5863 ilicet;
909 5789 1113 5863 αῷτῶν,
1165 5793 1627 5862 quemadmodum
1675 5799 1730 5853 in
1763 5798 1974 5858 Latinis

384 5861 521 5920 cst‘:
552 5861 621 5918 Et
643 5861 786 5933 apud
819 5861 1104 5917 Dominum
1138 5861 1214 5917 est
1251 5877 1446 5920 merces
1487 5881 1689 5935 eorum,
1731 5879 1784 5924 ct
1813 5881 1869 5928 ut
1895 5873 1973 5929 iu-

2073 3151 2257 3204 dinem
2320 3159 2592 3208 terrarum
2656 3151 2928 3221 incolunt,
2981 3167 3176 3208 omnes
3232 3153 3299 3208 ad
3359 3166 3672 3208 sermonem
3706 3211 3728 3226 κ

2074 3241 2197 3312 ejus
2229 3241 2563 3299 audiendum
2597 3259 2903 3301 convocare
2933 3263 2948 3300 ε
2981 3259 3126 3308 eam,
3159 3243 3410 3316 inquam,
3451 3244 3678 3315 sapiens

2078 3335 2210 3388 tiam
2239 3350 2437 3390 nomen
2467 3337 2598 3392 huic
2627 3335 2848 3393 dedisse
2877 3335 3245 3400 Ecclesiaste,
3274 3350 3473 3390 novam
3501 3331 3670 3390 veluti

2076 3427 2422 3499 dignitatem,
2455 3438 2623 3500 atque
2651 3443 2824 3502 regno
2854 3429 3152 3500 potiorem.
3182 3426 3320 3484 Nam
3352 3442 3510 3499 reges
3549 3427 3673 3498 qui.-

2077 3518 2203 3575 dem
2233 3519 2318 3576 vel
2353 3528 2484 3576 ante
2509 3521 2687 3592 ipsum
2722 3521 2883 3576 multi
2930 3536 3030 3592 per
3063 3535 3259 3576 omnes
3292 3519 3546 3574 nationes
3582 3517 3681 3573 iri-

2077 3611 2420 3679 claruerunt,
2470 3627 2610 3684 quos
2656 3613 2802 3668 inter
2830 3621 2888 3668 et
2917 3612 3012 3682 qui
3045 3626 3142 3668 rex
3177 3610 3344 3666 Israel
3384 3624 3550 3680 super
3578 3607 3672 3664 Je-

2078 3703 2340 3759 rusalem.
2371 3704 2441 3759 At
2471 3717 2652 3775 neque
2685 3701 3052 3759 Ecclesiastes
3089 3703 3386 3774 quisquam
3417 3699 3669 3765 omnino,

2078 3807 2256 3862 neque
2283 3792 2433 3848 orbis
2462 3800 2734 3849 terrarum
2765 3791 3028 3862 magister
3051 3806 3288 3862 usquam
3315 3790 3543 3846 auditus
3563 3799 3668 3846 est.

2079 3883 2264 3952 Quare
2295 3885 2468 3940 ascita
2502 3899 2659 3939 novre
2703 3883 2990 3955 dignitatis
3023 3883 3392 3955 appellatione
3418 3882 3676 3938 luculen-

2049 3985 2190 4032 ‘tam
2244 3977 2420 4045 magis
2461 3977 2866 4032 institutionem
2901 3993 3088 4038 suam.
3120 3977 3408 4048 magisque
3440 3975 3509 4032 ad
3546 3990 3670 4047 per-

2079 4068 2422 4126 suadendum
2447 4068 2702 4124 idoneam
2733 4067 2850 4124 fore
2881 4067 3232 4124 existimavit.

2148 4244 2422 4300 Caeterum
2477 4243 2583 4299 alia
2641 4244 2771 4300 hinc
2819 4259 3042 4300 rursum
3077 4243 3366 4301 dubitandi
3422 4243 3674 4300 exoritur

2080 4351 2274 4399 causa,
2323 4335 2685 4406 rngandique,
2721 4349 2848 4388 cum
2884 4349 3088 4389 novum
3144 4333 3506 4391 Ecclesiastes
3554 4335 3674 4404 ipse

2083 4426 2552 4497 nomenﬁuxerit,
2579 4441 2820 4498 quonam
2854 4427 3352 4498 pactoaliirtnarit,
3383 4427 3517 4482 nihil
3549 4443 3674 4484 esse

2083 4535 2296 4585 recens,
2331 4519 2468 4575 nihil
2517 4519 2620 4575 sub
2668 4519 2786 4575 sole
2822 4519 3080 4574 novum?
3125 4530 3182 4574 at
3217 4523 3320 4574 hoc
3355 4520 3573 4574 brevem
3605 4536 3672 4574 ex

2080 4613 2272 4668 eodem
2321 4611 2444 4668 loco
2475 4611 2804 4667 solutionem
2838 4609 3242 4682 babet..Nequ_e
3271 4611 3416 4667 enim
3463 4612 3550 4666 ille
3581 4628 3675 4666 su-

2081 4705 2268 4777 perins
2295 4705 2364 4761 de
2383 4703 2714 4760 voluntariis
2742 4703 2944 4760 studiis
2967 4714 3063 4760 aut
3092 4706 3160 4761 de
3187 4705 3392 4760 mentis
3415 4720 3672 4776 progres-

2083 4799 2236 4855 sibus
2266 4813 2446 4854 recens
2479 4809 2534 4854 et
2561 4813 2750 4853 novum
2789 4796 3110 4867 usurpavit;
3149 4796 3242 4852 scd
3285 4798 3352 4852 ad
3395 4799 3674 4852 naturales

2083 4893 2200 4948 haec
2229 4890 2417 4947 retulit
2444 4899 2630 4946 motus
2657 4899 2712 4946 et
2741 4890 3126 4946 successiones
3169 4905 3389 4956 eorum,
3420 4905 3544 4961 quae
3572 4905 3672 4946 cx—

2081 4991 2230 5041 stant
2259 4997 2424 5054 atque
2464 4990 2785 5055 spectantur
2815 4999 2831 5038 :
2867 4982 2922 5038 in
2952 4981 3156 5054 quibus
3191 4998 3294 5038 nec
3345 4983 3674 5039 incrementi

2081 5075 2380 5148 quidquam
2425 5081 2522 5130 aut
2561 5072 2918 5140 decrementi,
2959 5087 3061 5128 nec
3102 5073 3250 5143 quod
3285 5071 3531 5128 additum
3581 5082 3678 5128 aut

2083 5168 2327 5226 ablatum
2363 5166 2458 5235 sit,
2492 5166 2738 5222 invenire
2777 5166 2883 5238 31
2922 5166 3102 5222 liceat.
3145 5163 3268 5220 Jam
3317 5165 3448 5238 quid
3489 5163 3680 5222 additi

2089 5281 2109 5315 ι
2145 5261 2278 5317 Dedi
2319 5275 2418 5316 cor
2449 5274 2634 5316 meum
2675 5257 2745 5314 ad
2786 5258 3177 5330 inquirendum
3223 5267 3279 5314 et
3319 5257 3676 5315 consideran-

2083 5355 2252 5423 dum;
2287 5375 2308 5408 ι
2339 5355 2393 5411 id
2425 5361 2510 5410 est
2539 5368 2725 5409 rerum
2757 5351 3214 5423 contemplationi
3247 5351 3566 5423 aliquandiu
3593 5354 3678 5408 in-

2085 5584 2170 5640 fra
2205 5583 2375 5655 babes
2401 5585 2497 5640 lib.
2536 5599 2598 5649 ll,
2629 5582 2752 5655 §_.Z.

2158 5655 2272 5724 (56)
2317 5654 2425 5710 Sed
2465 5655 2608 5725 apud
2634 5651 2815 5717 LXX,
2856 5653 3074 5725 initium
3120 5653 3241 5725 ejus
3277 5653 3491 5709 articuli
3537 5661 3626 5725 est.
3659 5671 3672 5706 :

2094 5722 2240 5798 ξΕγὼ
2255 5722 2691 5798 Ἐκκλησιαστὴς
2713 5722 3252 5798 ἐγενόμην-βασιλεὺς
3266 5725 3362 5798 Δεπὶ
3381 5723 3598 5798 Ἰσραὴλ
3618 5725 3678 5775 ἐν

2084 5794 2473 5921 ᾖερουσφήμ.
2495 5794 2730 5866 .Olymp.
2779 5794 3043 5860 Βασιλεὺς
3073 5794 3296 5866 Ἰσραὴλ
3312 5797 3370 5851 ὲν
3406 5795 3675 5866 ἰερουεαο

2140 5884 2217 5921 λυ..

2136 5869 2217 5938 w.
2308 5869 2322 5890 ‘
