4102 6404
496 322 604 386 ’195

1609 321 1683 408 S-_
1718 321 2100 382 GREGORII
2137 320 2481 382 AGRIGEN
2485 321 2615 382 TIN
2621 321 2650 380 Ι

3639 335 3738 400 796

498 434 812 488 liendercm.
848 430 1011 486 Hisce
1063 429 1320 485 omnibus
1363 436 1656 500 postquam
1691 431 1901 500 potitus
1933 445 2071 498 sum,

2188 447 2289 485 σαν
2319 431 2638 504 ἐπιστήμην
2700 436 2942 505 συσχείν.
2999 436 3215 495 Τούτων
3265 438 3518 496 ἁπάντων
3557 445 3739 521 ιπειδὴ

499 525 835 592 ultimusque
887 521 1140 576 humana:
1193 519 1466 576 felicitatis
1519 521 1672 592 attigi
1723 524 1901 590 lines;
1959 531 2075 577 tum

495 629 629 668 vero
681 614 975 667 humanam
1025 611 1199 680 magis
1249 611 1417 665 vitam
1471 615 1899 668 commiseratus
1929 628 2074 674 sum.

495 721 619 775 qua:
647 706 853 758 nullam
889 703 1118 757 omnino
1159 702 1456 758 utilitaletn
1481 719 1546 758 ex
1581 703 1668 760 his
1701 704 1962 760 omnibus
1987 719 2077 760 re-

499 796 644 852 ferre
697 795 889 865 possit.
931 793 1050 860 Qua
1091 795 1312 849 demum
1369 795 1436 850 de
1484 795 1704 851 causa?
1754 795 2074 865 Propterea,

424 949 432 958 ,
499 885 696 955 inquit,
725 883 871 954 quod
923 883 1026 938 hoc
1077 883 1243 938 etiam
1289 891 1376 938 est
1415 883 1769 953 praesumptio
1807 883 2074 952 spiritus;

494 984 755 1044 tanquam
811 976 858 1030 si
910 975 1122 1029 diceret
1176 991 1190 1028 :
1269 975 1454 1029 Animi
1524 975 1747 1044 quidem
1840 973 2079 1030 volentis

495 1061 777 1132 negOtium
835 1063 960 1118 haec
1010 1071 1143 1118 sunt
1209 1063 1430 1130 omnia;
1493 1079 1622 1118 nam
1677 1064 1924 1118 animum
1985 1062 2077 1120 hic

493 1169 714 1223 quoque
761 1154 990 1224 spiritus
1035 1155 1398 1223 appellatione
1461 1155 1812 1226 designavit:
1870 1161 1928 1210 at
1987 1155 2077 1210 ni-

494 1248 572 1303 hil
605 1248 851 1318 profecto
893 1250 960 1304 ad
1011 1251 1362 1305 commodum
1411 1249 1758 1318 salutemque
1796 1248 1966 1302 animi
2009 1249 2077 1305 iis

495 1351 748 1409 prosunt,
795 1341 888 1411 qui
921 1342 1103 1397 minus
1129 1342 1199 1396 de
1229 1341 1456 1397 virtutis
1496 1341 1789 1412 adeptione
1819 1339 2077 1396 laboran-

495 1441 600 1498 tes,
629 1447 795 1488 omne
830 1435 881 1488 in
911 1449 978 1488 eo
1015 1435 1257 1489 studium
1311 1443 1546 1504 ponunt,
1593 1441 1654 1488 ut
1699 1432 1900 1503 populo
1954 1432 2076 1502 pla-

495 1533 676 1590 ceant,
711 1525 972 1596 inanique
992 1526 1166 1596 gloria
1191 1527 1316 1580 e‘ati
1345 1536 1400 1581 et
1415 1525 1616 1581 fastum
1640 1533 1826 1580 amant
1847 1533 1900 1578 et
1923 1524 2080 1594 plau-

495 1632 593 1671 sus
635 1617 919 1672 hominum
951 1627 1319 1688 aucupantur.
1361 1622 1538 1690 Atque
1561 1618 1692 1673 illud
1715 1618 1878 1672 etiam
1919 1632 2078 1672 acce-

495 1706 574 1759 dit
601 1706 956 1772 incommodi,
1002 1722 1061 1762 ut
1099 1709 1194 1778 qui
1224 1709 1298 1764 ob
1328 1709 1573 1764 animum
1638 1708 1708 1762 ab
1752 1707 2076 1778 intelligibi-

2178 524 2394 595 πλήρης
2423 525 2646 610 γέγονα,
2672 527 2767 580 καὶ
2799 527 2938 599 πρὸς
2969 529 3070 599 τὴν
3087 533 3398 601 ἀκροτάτην
3436 535 3493 586 ιν
3533 538 3738 605 ἀνθρώ.

2177 635 2301 682 ποις
2351 614 2517 688 ἦλθον
2552 618 2843 691 εὐετηρίαν
2867 637 2881 651 ·
2912 620 3038 675 τότε
3077 623 3282 693 μᾶλλον
3324 628 3611 683 ἔταλάνισα
3645 629 3740 702 τὴν
3789 619 3792 622 ’

2176 709 2526 781 ἀνθρωπίνην
2548 709 2717 781 ζωὴν,
2756 711 2834 774 ὡς
2867 711 3035 782 μηδὲν
3055 714 3363 771 ἀπόνασθαι
3388 719 3590 772 τούτων
3607 721 3738 774 πάνυ

2174 817 2284 854 των
2301 801 2610 871 δυναμένην
2633 801 2692 854 τὸ
2725 800 2967 858 σύνολον.
3009 804 3075 858 Τί
3099 805 3164 877 δή
3199 823 3367 875 me;
3403 810 3568 873 Διότι,
3589 809 3744 880 φησὶ,

2175 890 2350 960 καίγε
2374 890 2536 945 τοῦτό
2561 893 2679 946 ἐστι
2717 893 3042 965 προαίρεσις
3080 897 3417 968 πνεύματος.
3444 899 3592 954 Ἀντὶ
3625 901 3738 962 τοῦ.

2174 981 2413 1053 ψυχικῆς
2431 983 2531 1052 μὲν
2548 983 2860 1056 βουλήσεως
2880 985 3042 1058 ἔργον
3061 987 3234 1042 ταῦτα
3255 990 3433 1044 πάντα
3453 991 3740 1059 πεφύκασι.

2177 1071 2402 1144 Πνεῦμα
2433 1074 2542 1144 γάρ
2580 1075 2864 1129 κάνταῦθα
2915 1077 3016 1144 τὴν
3061 1077 3242 1150 ψυχὴν
3277 1082 3735 1152 προσηγόρευσεν.

2177 1165 2253 1218 Οὐ
2291 1165 2476 1236 μέντοι
2511 1165 2543 1220 δ
2610 1167 2750 1237 πρὸς
2777 1168 2878 1239 τὴν
2901 1168 3179 1238 ὠφέλειαν
3207 1171 3305 1226 καὶ
3347 1172 3620 1244 σωτηρίαν
3647 1174 3741 1244 τῆς

2175 1257 2355 1328 ψυχῆς
2409 1257 2727 1312 συντελοῦσι
2761 1263 2880 1324 τοῖς
2917 1259 2994 1331 μὴ
3049 1261 3177 1332 περὶ
3209 1261 3410 1316 πολλοῦ
3437 1263 3536 1334 τὴν
3559 1265 3742 1334 κτῆσιν

2176 1351 2278 1420 τῆς
2300 1351 2501 1421 ἀρετῆς
2533 1350 2877 1421 τιθεμένοις,
2915 1351 3055 1407 ἀλλά
3102 1353 3243 1424 πρὸς
3295 1353 3464 1424 μόνην
3497 1353 3744 1426 ἀνθρωπ-

2176 1443 2471 1512 αρὲσκειαν
2512 1443 2609 1497 καὶ
2636 1443 2735 1514 τὴν
2769 1444 3038 1512 φυσίωσιν
3077 1445 3180 1514 τῆς
3207 1446 3374 1516 κενῆς
3409 1443 3604 1514 δόξης,
3654 1448 3744 1502 καὶ

2176 1533 2316 1604 πρὸς
2341 1534 2433 1588 τὸν
2473 1533 2648 1605 τύφον
2691 1536 2788 1589 καὶ
2815 1537 2909 1590 τὸν
2952 1535 3299 1606 ἀνθρώπινον
3351 1537 3744 1591 ἀποϐλέπουσιν

2177 1627 2420 1682 ἔπαινον.
2445 1628 2588 1699 Πρὸς
2605 1628 2664 1681 δὲ
2688 1629 2768 1699 τῷ
2801 1630 2970 1700 μηδὲν
2993 1629 3303 1684 ἀπόνασθαι
3343 1631 3454 1684 τῶν
3496 1629 3745 1684 τοιούτων

2175 1721 2305 1782 τοὺς
2330 1718 2597 1790 μηδαμῶς
2629 1720 2855 1790 ἔχοντας
2885 1719 3011 1774 νοῦν
3047 1720 3189 1792 πρὸς
3233 1719 3334 1791 τὴν
3386 1719 3499 1773 τῶν
3546 1719 3745 1788 νοητῶν

495 1795 626 1850 lium
675 1799 959 1851 'bonorum
1017 1800 1332 1868 cognitione
1388 1801 1631 1855 alienum
1687 1801 1894 1854 nullam
1945 1798 2071 1854 inde

2173 1783 2402 1877 ἀγαθῶν.
2415 1783 2843 1878 ἀνατεινόμενον
2871 1809 3081 1877 ἔφεσιν,
3093 1783 3202 1863 ’καὶ
3231 1783 3504 1879 περιπόνη
3513 1783 3639 1872 σιν,⁷
3657 1807 3746 1860 καὶ

494 1889 786 1943 utilitatem
825 1891 1070 1958 capiunt,
1125 1893 1291 1946 iidem
1355 1893 1411 1946 in
1446 1892 1532 1946 liis
1581 1891 1833 1961 occupati
1869 1891 2071 1945 defati-

492 1983 764 2049 gationem
794 1992 1054 2051 praetcrea
1089 1991 1144 2037 et
1171 1983 1420 2038 laborum
1441 1983 1721 2039 molestias
1748 1993 1914 2054 atque
1943 1983 2071 2038 inu-

489 2073 612 2128 tiles
631 2089 852 2144 quoque
870 2074 1086 2143 vigilias
1108 2090 1386 2145 vanasque
1407 2089 1572 2131 curas
1595 2075 1785 2132 subire
1813 2075 2062 2131 debeant.

489 2163 606 2221 lloc
638 2181 876 2236 namque
908 2167 976 2222 iis
1014 2165 1337 2232 conﬁrmat,
1371 2183 1495 2237 quae
1543 2167 1798 2238 protinus
1857 2167 2064 2222 subne-

487 2259 606 2312 ctit.

2177 1900 2371 1963 κόπον,
2406 1900 2503 1953 καὶ
2541 1901 2706 1954 πόνον
2742 1901 2854 1965 τοῖς
2881 1901 3012 1972 περὶ
3061 1900 3132 1955 τά
3168 1899 3396 1954 τοιαῦτα
3429 1897 3747 1969 σχολάζουσι

2176 1993 2456 2063 πεφύκασι
2499 1991 2800 2062 προξενεῖν.
2833 1993 2932 2046 καὶ
2981 1993 3249 2065 περιττάς
3295 1989 3614 2062 ἀγρυπνίας
3655 1990 3746 2044 καὶ

2177 2081 2416 2152 ματαίας
2438 2080 2745 2151 φροντίδας.
2777 2080 2951 2135 Τοῦτο
2971 2081 3083 2153 γάρ
3118 2081 3472 2154 παρεμπεδοί
3510 2079 3600 2134 διά
3645 2079 3748 2134 τῶν

2174 2172 2399 2243 ἀμέσως
2435 2172 2796 2243 ἐπαγομένων
2817 2189 2833 2204 θ

1996 2347 2026 2420 5
2048 2345 2238 2402 xvm.

557 2487 661 2556 37
688 2485 860 2542 Vens.
899 2487 987 2543 18.
1013 2489 1155 2553 Quia
1173 2489 1229 2542 in
1247 2488 1590 2542 multitudine
1618 2483 1890 2558 sapientia:
1909 2485 2092 2542 multi-

486 2578 615 2632 tudo
667 2580 1011 2648 cognitionis,
1043 2589 1094 2633 ει
1128 2582 1222 2650 qui
1261 2581 1476 2650 apponit
1502 2581 1787 2635 scientiam
1849 2580 2066 2651 apponit

483 2666 722 2722 dolorem
750 2667 886 2738 (62L

554 2759 767 2825 Quibus
795 2760 1086 2816 manifesto
1106 2761 1372 2826 declarat,
1409 2770 1676 2832 quantum
1695 2762 1822 2833 quis
1843 2763 2064 2831 sapien-

487 2852 574 2903 tia»
605 2849 825 2904 modum
873 2867 1290 2922 supergressus,
1327 2853 1570 2906 animum
1605 2868 1764 2907 suum
1807 2852 2063 2908 uberiore

486 2943 736 2996 doctrina
765 2945 1142 3012 compleverit.
1174 2937 1550 3000 tantum'huic
1592 2945 1937 3014 egritudinis
1968 2961 2062 3000 ac—

485 3047 771 3087 cessurum
791 3045 846 3087 et
873 3034 1188 3098 anxietatis,
1207 3045 1371 3103 atque
1395 3051 1675 3101 curarum,
1701 3047 1761 3090 ut
1779 3036 2070 3090 sublimio-

2229 2483 2370 2568 ,Ὅτι
2391 2484 2462 2536 ἐν
2481 2482 2707 2552 πλήθει
2729 2484 2954 2553 σοφίας
2992 2481 3227 2553 πλῆθος
3256 2485 3568 2554 γνώσεως,
3592 2487 3687 2542 καί
3716 2488 3750 2543 ό

2168 2573 2514 2643 προστιθείς
2538 2572 2768 2643 γνῶσιν
2789 2575 3196 2643 προστίθησιν
3219 2576 3484 2646 ἄλγημα.

2238 2758 2465 2822 Δεικνὺς
2497 2758 2780 2828 ἐμφανῶς,
2809 2759 2885 2824 ὡς
2919 2759 3043 2812 καθ’
3073 2760 3201 2814 ὅσον
3253 2761 3322 2816 άν
3369 2778 3460 2824 τις
3518 2762 3749 2834 ὑπεραρ-

2169 2847 2290 2920 θείη
2309 2849 2410 2918 τῆς
2434 2849 2626 2918 σοφίας
2667 2853 2786 2915 τοῖς
2837 2852 3079 2922 μέτροις,
3123 2854 3220 2906 καὶ
3262 2852 3340 2922 τῷ
3395 2852 3598 2922 πλήθει
3643 2853 3738 2920 τῆς

2191 2941 2468 3010 γνώσεως,
2501 2941 2998 3015 ὲνδαψιλευομὲνην
3026 2942 3139 3009 ἕξει
3157 2943 3256 3013 τὴν
3279 2943 3480 2998 ἑαυτοῦ
3507 2943 3748 3015 καρδίαν,

2174 3031 2317 3086 κατά
2344 3032 2603 3088 τοσοῦτον
2621 3037 2734 3098 τοῖς
2755 3033 2894 3105 ἀλγή
2903 3051 3069 3106 μασιν
3098 3035 3272 3106 αὐτὴν
3303 3035 3624 3106 περιϐάλλει
3648 3034 3748 3088 τῶν

487 3141 602 3179 rem
649 3126 972 3196 sapientiam
1028 3127 1403 3197 majoremque
1456 3143 1643 3182 rerum
1701 3129 2069 3199 cognitionem

2177 3123 2476 3196 φροντίδων
2509 3125 2604 3178 καὶ
2640 3125 2924 3196 μερίμνων
2947 3127 3044 3196 τῆς
3074 3127 3414 3199 ὑψηλοτέρας
3445 3128 3542 3180 καὶ
3575 3124 3751 3197 μείζο-

486 3230 837 3284 assequatur.
878 3217 1013 3272 Nam
1043 3218 1673 3290 animadverte,quteso,
1701 3236 1810 3290 qua
1841 3221 1953 3276 haec
1985 3237 2074 3276 ra-

487 3309 635 3363 tione
669 3309 1028 3365 Ecclesiastes
1055 3321 1312 3380 exponat.
1345 3312 1487 3379 Quo,
1519 3313 1720 3381 inquit,
1741 3323 1902 3381 pacto
1929 3311 2074 3367 mul-

487 3399 777 3453 titudinem
829 3400 1128 3470 sapientiae.
1169 3401 1463 3456 multitudo
1534 3403 1868 3472 cognitionis
1938 3418 2072 3458 con-

487 3491 774 3559 sequitur,
834 3492 1024 3547 eodem
1087 3492 1331 3548 scientiae
1399 3493 1834 3549 additamentum
1919 3493 2073 3549 addi-

489 3587 566 3640 tio
623 3585 876 3640 dolorum
951 3601 1095 3657 pone
1149 3589 1466 3644 comitatur.
1522 3587 1704 3655 Quare
1779 3598 2068 3643 externam

489 3679 638 3732 illam
738 3687 795 3733 et
865 3678 1197 3749 superﬂuam
1272 3680 1570 3736 multarum
1651 3680 2070 3751 disciplinarum

487 3775 775 3830 scientiam
840 3777 1030 3830 sectati
1065 3815 1082 3838 .
1162 3785 1453 3846 postquam
1550 3791 1672 3831 eam
1704 3816 1720 3842 ,
1789 3789 1910 3845 quin
1977 3790 2072 3828 an-

488 3884 625 3923 nexa
679 3861 786 3933 e'st,
817 3869 1118 3924 humanam
1171 3868 1276 3924 sibi
1321 3867 1648 3936 sapientiam
1693 3877 1748 3922 et
1799 3881 2070 3923 summam

487 3974 672 4017 rerum
702 3959 1072 4030 cognitionem
1107 3959 1308 4028 vigiliis
1334 3968 1391 4014 et
1419 3958 1705 4016 laboribus
1722 3966 2071 4028 pepererunt,

488 4064 598 4103 non
628 4050 790 4103 modo
822 4049 1088 4104 diuturno
1145 4049 1182 4104 ii
1219 4051 1402 4108 studio
1447 4050 1820 4108 necessarium
1853 4048 1987 4104 nihil
2021 4057 2074 4104 et

489 4139 645 4202 utile,
677 4140 910 4210 vitaeque
960 4149 1178 4195 aeterna:
1230 4141 1375 4196 viam
1429 4143 1688 4199 muniens
1721 4144 1941 4200 auferre
1978 4161 2072 4200 so-

486 4232 624 4294 lcnt,
654 4233 745 4286 sed
770 4233 1022 4288 dolorum
1043 4233 1209 4288 etiam
1233 4249 1489 4306 magnam
1517 4237 1621 4292 sibi
1649 4253 1845 4294 rursus
1867 4237 2070 4294 factam

489 4325 861 4380 accessionem
911 4341 1032 4382 esse
1056 4326 1316 4383 sentiunt.
1353 4327 1581 4394 Quando
1612 4330 1741 4385 illud
1772 4329 1992 4393 melius.
2023 4331 2068 4386 si

490 4435 614 4478 nos.
647 4418 732 4472 liis
761 4418 1017 4474 omnibus
1063 4420 1247 4476 valere
1289 4421 1483 4490 jussis,
1533 4421 1586 4476 in
1618 4420 1934 4478 Conditoris
1966 4438 2071 4477 no-

2173 3233 2264 3279 νος
2282 3216 2474 3283 σοφίας
2515 3216 2612 3271 καὶ
2641 3214 2922 3285 γνώσεως.
2957 3218 3102 3286 ’ἷΟρα
3125 3219 3237 3291 γάρ
3264 3219 3370 3288 τὴν
3417 3217 3752 3287 συλλογιστι-

2173 3306 2276 3378 κὴν
2304 3307 2562 3362 ἀπόδοσιν
2616 3307 2715 3362 τοῦ
2779 3308 3239 3380 Ἐκκλησιαστοῦ.
3297 3311 3446 3375 Πῶς,
3505 3305 3754 3380 φησὶ,τῷ

2173 3399 2372 3471 πλήθει
2398 3401 2497 3470 τῆς
2523 3399 2718 3469 σοφίας
2741 3401 3112 3455 ἀκολουθεῑτδ
3135 3401 3343 3470 πλῆθος
3361 3402 3464 3470 τῆς
3481 3401 3752 3470 γνώσεως,

2174 3493 2270 3546 καὶ
2305 3495 2372 3564 τῇ
2408 3492 2699 3564 προσθήκῃ
2723 3493 2824 3562 τῆς
2855 3491 3116 3562 γνώσεως
3142 3495 3176 3564 ἠ
3210 3493 3502 3566 προσθήκη
3532 3493 3638 3546 τῶν
3665 3490 3752 3544 ἀλο

2173 3585 2440 3656 γημάτων
2469 3587 2936 3657 συμπαρομαρτεῖ
2956 3584 3104 3640 κατά
3139 3586 3202 3640 τὸ
3234 3583 3569 3640 ἀκόλουθον·
3617 3584 3753 3638 ὥστε

2173 3678 2310 3746 πρὸς
2331 3678 2394 3730 τὸ
2427 3677 2595 3748 μηδὲν
2636 3679 2938 3747 ἀναγκαῖον
2965 3679 3060 3732 καὶ
3097 3677 3381 3742 λυσιτελὲς
3414 3680 3512 3732 καὶ
3551 3678 3746 3749 πρόξε-

2173 3783 2264 3820 νον
2285 3770 2386 3838 τῆς
2415 3767 2635 3822 αἰωνίου
2670 3765 2822 3842 ζωῆς
2847 3769 2912 3822 ὲκ
2939 3769 3044 3839 τῆς
3077 3768 3405 3840 ἀναλήψεως
3438 3771 3551 3824 τῶν
3595 3769 3754 3838 θύρα-

2174 3861 2266 3915 θεν
2291 3860 2504 3914 πολλῶν
2529 3862 2626 3915 καὶ
2661 3861 2939 3932 περιττῶν
2973 3861 3344 3933 μαθημάτων,
3392 3863 3490 3916 καὶ
3538 3861 3637 3930 τῆς
3701 3860 3755 3913 ὲν

2161 3950 2505 4022 ,ἀγρυπνίαις
2545 3952 2640 4007 καὶ
2687 3952 2876 4015 κόποις
2905 3951 3344 4024 προσγινομένης
3410 3949 3757 4024 ἀνθρωπίνης

2175 4031 2368 4110 σοφίας
2395 4044 2492 4097 καὶ
2519 4045 2776 4112 γνώσεως
2801 4042 3115 4114 ἀκροτάτης
3143 4042 3462 4096 ἀκολουθεῖν
3488 4046 3600 4107 τοῖς
3633 4042 3756 4112 περὶ

2171 4131 2243 4184 τά
2279 4131 2508 4186 τοιαῦτα
2560 4131 2682 4186 λίαν
2723 4132 3139 4196 ἐσπουδακόσιν,
3170 4133 3409 4202 ἔμπαλιν
3437 4133 3537 4186 καὶ
3567 4135 3599 4203 ἡ
3634 4133 3751 4186 ἐπί-

2171 4237 2328 4285 τασις
2355 4239 2420 4275 συ
2429 4222 2646 4293 μϐαίνει
2668 4223 2779 4278 τῶν
2809 4224 3146 4294 ἀλγημάτων
3169 4242 3185 4256 ·
3218 4225 3359 4284 δέον,
3384 4225 3607 4288 τούτοις
3627 4225 3754 4278 πᾶσι

2172 4313 2388 4384 χαίρειν
2405 4315 2684 4378 εἰπόντας,
2705 4315 3064 4386 διαγρυπνεῐν
3082 4318 3140 4371 ὲν
3156 4316 3457 4388 ὑμνῳδίαις
3475 4316 3570 4371 καὶ
3591 4332 3754 4386 7:900-

2173 4407 2361 4476 ευχαίς
2395 4406 2492 4460 καὶ
2517 4406 2738 4477 δεήσεσι
2777 4409 2898 4472 ταῖς
2923 4408 3060 4476 πρὸς
3084 4407 3178 4461 τὸν
3207 4410 3338 4462 ῐδιον
3381 4408 3624 4480 Ποιητὴν
3663 4405 3753 4460 καὶ

491 4512 588 4566 stri
618 4520 672 4566 et
707 4509 798 4565 Dei
835 4521 890 4566 et
920 4511 1134 4566 Domini
1166 4471 1447 4576 laudibus,
1467 4471 1532 4568 vin
1560 4515 1844 4586 precibus,
1885 4515 1940 4570 in
1967 4517 2068 4569 ob-

2173 4471 2310 4550 Θεδν
2337 4497 2436 4550 καὶ
2458 4471 2777 4566 Δεσπότηνο
2815 4471 2911 4552 καὶ
2950 4471 3166 4562 τούτοις
3219 4471 3600 4572 ἐγκαρτερεῖν,
3639 4498 3772 4574 τούσ-

492 4602 898 4657 sccrationibus
929 4604 1180 4673 occupati
1213 4605 1428 4674 vigilias
1453 4608 1718 4677 agamus!
1745 4605 1802 4660 Si
1833 4607 1950 4662 haec
1977 4622 2069 4662 co-

493 4697 628 4761 lere,
659 4695 746 4752 bis
779 4711 1003 4766 operam
1032 4695 1164 4752 dare
1213 4696 1546 4768 incipiamus
1577 4717 1590 4755 :
1628 4709 1794 4769 atque
1830 4714 1928 4769 per
1955 4700 2070 4754 litec

490 4789 739 4845 animum
775 4805 840 4844 ac
885 4798 1123 4844 mentem
1159 4789 1227 4844 ad
1274 4790 1886 4856 incomprehensibilem
1919 4791 2068 4844 illam

492 4882 694 4936 divina:
725 4881 1032 4951 maiestatis
1057 4882 1402 4937 altitudinem
1454 4883 1786 4946 attollentes,
1823 4881 1879 4935 in
1925 4881 2068 4951 ejus.

490 4974 585 5043 qui
611 4973 797 5044 gloriae
822 4973 914 5028 Sol
941 4982 1042 5040 est,
1065 4973 1475 5043 pulchritudine
1503 4974 1695 5029 oculos
1725 4973 2025 5042 deligamus
2053 4991 2065 5026 :

492 5077 554 5114 ea
588 5070 647 5115 ut
673 5061 793 5116 luce
830 5059 1038 5131 perfusi
1070 5077 1134 5117 ac
1167 5062 1328 5117 litati
1361 5072 1414 5118 et
1446 5064 1592 5134 quod
1642 5063 1784 5118 intra
1809 5063 1864 5116 in
1891 5062 2070 5117 liomi‘

494 5171 560 5205 ne
584 5161 637 5207 ct
664 5153 806 5222 quod
845 5163 997 5208 extra
1036 5163 1140 5219 est,
1173 5155 1446 5210 illustrare
1469 5155 1768 5224 possimus,
1797 5153 2072 5209 cmlestia-

493 5259 622 5311 que,
651 5238 916 5314 quantum
969 5245 1084 5300 ﬁeri
1134 5252 1336 5316 potest,
1386 5245 1780 5302 meditantibus
1834 5253 2072 5300 contem-

413 5339 424 5350 '
495 5337 887 5408 plantibusque
913 5354 1116 5393 arcana
1147 5337 1480 5410 l‘ruiygloria,
1522 5347 1575 5395 et
1621 5339 1878 5396 ineffabili
1912 5339 2072 5410 plane

448 5426 461 5437 '
495 5429 789 5499 i‘ivinoque
825 5431 1021 5501 gaudio
1054 5432 1315 5502 compleri
1363 5433 1540 5488 liceat.
1580 5431 1806 5488 Minime
1831 5433 1944 5500 jam
1967 5432 2072 5484 erit

498 5522 870 5585 tzzulueni'um,
908 5539 972 5576 ne
1013 5539 1175 5592 opera
1220 5521 1374 5577 vanis
1425 5524 1476 5576 in
1521 5525 1682 5578 rebus
1727 5525 1930 5593 pOsila,
1975 5539 2072 5576 nos

573 5741 684 5813 (6'2)
719 5744 819 5797 St-tl
853 5743 992 5798 LXX
1025 5741 1547 5815 habetur-90791365:
1573 5744 1817 5814 ἄλγημα.

2168 4605 2283 4652 τοις
2311 4587 2622 4660 σχολάζειν.
2654 4589 2744 4642 διὰ
2773 4590 2886 4643 τῶν
2931 4590 3194 4645 τοιούτων
3225 4590 3466 4660 ἀνυψοῦν
3492 4591 3594 4660 τὴν
3621 4606 3754 4660 καρ-

2169 4678 2288 4736 δίαν
2311 4680 2404 4732 καὶ
2424 4679 2514 4733 τὸν
2530 4678 2658 4732 νοῦν
2678 4681 2814 4752 πρὸς
2835 4681 2897 4734 τὸ
2925 4682 3309 4752 ἀκατάληπτον
3329 4681 3458 4752 ὕψος
3489 4683 3590 4751 τῆς
3609 4679 3753 4738 θείας

2175 4769 2594 4840 μεγαλωσύνης,
2624 4773 2722 4825 atati.
2760 4773 2838 4841 τῷ
2871 4773 3059 4826 κάλλει
3088 4773 3181 4826 τοῦ
3235 4773 3423 4827 Ἡλίου
3453 4772 3558 4842 τῆς
3601 4770 3751 4838 δόξης

2173 4861 2608 4931 προσατενίζειν,
2637 4864 2734 4916 καὶ
2751 4866 2872 4926 ταῖς
2896 4865 3111 4916 ἐκεῖθεν
3141 4863 3395 4934 μεθέξεσι
3432 4864 3530 4916 καὶ
3567 4877 3752 4932 μετου-

2174 4951 2315 5017 σίαις
2349 4951 2914 5024 καταλαμπρύνεσθαι
2941 4955 3036 5008 καὶ
3065 4957 3156 5009 τὸν
3176 4957 3330 5020 ἐντὸς
3360 4955 3570 5010 καὶτὸν
3599 4951 3750 5015 ἐκτὸς

2171 5043 2481 5114 ἄνθρωπον,
2521 5048 2616 5100 καὶ
2654 5049 2754 5116 τῆς
2798 5049 3040 5119 ἀρρήτου
3097 5047 3260 5116 δόξης
3309 5047 3666 5118 κατατρυφᾷν
3693 5044 3749 5096 ὲν

2170 5137 2292 5198 ταῖς
2322 5136 2465 5189 κατὰ
2495 5137 2556 5189 τὸ
2585 5136 2810 5191 δυνατὸν
2837 5139 2975 5208 πρὸς
3009 5137 3180 5208 αὐτὴν
3212 5139 3468 5210 θεωρίαις
3497 5139 3595 5192 καὶ
3617 5152 3749 5206 φαν-

2169 5225 2408 5290 τασίαις,
2441 5229 2535 5280 καλ.
2562 5226 2904 5297 πληροῦσθαι
2922 5228 3022 5298 τῆς
3053 5228 3224 5293 ὅντως
3254 5227 3628 5296 ἀνεκλαλήτου
3657 5225 3748 5280 καὶ

2173 5318 2323 5384 θείας
2355 5319 2730 5389 ἀγαλλιάσεως
2755 5320 2885 5378 ’,ἵνα
2917 5320 2994 5391 μὴ
3016 5319 3096 5390 τῷ
3137 5320 3544 5391 Ἐκκλησιαστῇ
3574 5333 3743 5389 παρα-

2174 5411 2420 5480 πλησίως
2443 5414 2553 5475 τοῖς
2578 5412 2922 5484 ἀσυμφόροις
2955 5413 3332 5484 σχολάζοντες,
3357 5413 3435 5476 είς
3465 5411 3746 5479 κατάγνω-

2176 5520 2258 5558 σιν
2285 5503 2530 5576 ἔλθωμεν
2590 5505 2784 5576 μικρὸν
2815 5504 3044 5574 ὕστερον
3075 5507 3176 5576 τῆς
3212 5506 3472 5576 ἀνονήτου
3530 5501 3744 5573 σχολῆς.
