  <div class='ocr_page' id='page_1' title='image "/cluster/home/n/w/nwhite01/storage/ocr_20150623/98/coo.31924054870021/416.png"; bbox 0 0 4102 6384; ppageno 0'>
   <div class='ocr_carea' id='block_1_1' title="bbox 398 395 3676 486">
    <p class='ocr_par' dir='ltr' id='par_1_1' title="bbox 398 395 3676 486">
     <span class='ocr_line' id='line_1_1' title="bbox 398 395 3676 486; baseline 0.005 -28"><span class='ocrx_word' id='word_1_1' title='bbox 398 395 505 459; x_wconf 65' lang='lat' dir='ltr'><strong>ses</strong></span> <span class='ocrx_word' id='word_1_2' title='bbox 1501 395 1584 459; x_wconf 83' lang='lat' dir='ltr'><strong>IN</strong></span> <span class='ocrx_word' id='word_1_3' title='bbox 1619 398 2205 461; x_wconf 69' lang='lat' dir='ltr'><strong>ECCLESIAS’I‘EN.</strong></span> <span class='ocrx_word' id='word_1_4' title='bbox 2242 427 2305 440; x_wconf 87' lang='lat'><strong>-</strong></span> <span class='ocrx_word' id='word_1_5' title='bbox 2345 403 2490 465; x_wconf 78' lang='lat' dir='ltr'><strong>LIB.</strong></span> <span class='ocrx_word' id='word_1_6' title='bbox 2538 407 2616 466; x_wconf 74' lang='grc' dir='ltr'><strong><em>η.</em></strong></span> <span class='ocrx_word' id='word_1_7' title='bbox 2813 463 2820 471; x_wconf 91' lang='grc'><em>.</em></span> <span class='ocrx_word' id='word_1_8' title='bbox 3565 424 3676 486; x_wconf 72' lang='grc' dir='ltr'><strong>ερσ</strong></span> 
     </span>
    </p>
   </div>
   <div class='ocr_carea' id='block_1_2' title="bbox 399 509 1968 606">
    <p class='ocr_par' dir='ltr' id='par_1_2' title="bbox 399 509 1968 590">
     <span class='ocr_line' id='line_1_2' title="bbox 399 509 1968 590; baseline 0.003 -24"><span class='ocrx_word' id='word_1_9' title='bbox 399 512 629 590; x_wconf 45' lang='lat' dir='ltr'><strong>auditu.</strong></span> <span class='ocrx_word' id='word_1_10' title='bbox 665 511 1022 582; x_wconf 72' lang='grc' dir='ltr'>Συνήγαγον</span> <span class='ocrx_word' id='word_1_11' title='bbox 1046 527 1150 580; x_wconf 82' lang='grc' dir='ltr'>μοι</span> <span class='ocrx_word' id='word_1_12' title='bbox 1181 509 1282 566; x_wconf 62' lang='grc' dir='ltr'><strong>καί</strong></span> <span class='ocrx_word' id='word_1_13' title='bbox 1304 527 1370 581; x_wconf 75' lang='grc' dir='ltr'><strong>γε</strong></span> <span class='ocrx_word' id='word_1_14' title='bbox 1419 512 1706 584; x_wconf 76' lang='grc' dir='ltr'>ἀργύριον</span> <span class='ocrx_word' id='word_1_15' title='bbox 1754 517 1859 570; x_wconf 82' lang='grc' dir='ltr'><strong>καί</strong></span> <span class='ocrx_word' id='word_1_16' title='bbox 1917 533 1968 586; x_wconf 73' lang='grc' dir='ltr'>τε</span> 
     </span>
    </p>
   </div>
   <div class='ocr_carea' id='block_1_3' title="bbox 2069 509 3676 606">
    <p class='ocr_par' dir='ltr' id='par_1_3' title="bbox 2088 519 3676 606">
     <span class='ocr_line' id='line_1_3' title="bbox 2088 519 3676 606; baseline 0.016 -38"><span class='ocrx_word' id='word_1_17' title='bbox 2088 532 2228 578; x_wconf 81' lang='lat' dir='ltr'><strong>rum,</strong></span> <span class='ocrx_word' id='word_1_18' title='bbox 2255 519 2358 586; x_wconf 78' lang='lat' dir='ltr'><strong>feci</strong></span> <span class='ocrx_word' id='word_1_19' title='bbox 2376 520 2507 573; x_wconf 76' lang='lat' dir='ltr'><strong>mihi</strong></span> <span class='ocrx_word' id='word_1_20' title='bbox 2529 531 2775 576; x_wconf 81' lang='lat' dir='ltr'><strong>cantores</strong></span> <span class='ocrx_word' id='word_1_21' title='bbox 2807 536 2854 578; x_wconf 83' lang='lat' dir='ltr'><strong>et</strong></span> <span class='ocrx_word' id='word_1_22' title='bbox 2877 529 3198 584; x_wconf 71' lang='lat' dir='ltr'><strong>cantatrices</strong></span> <span class='ocrx_word' id='word_1_23' title='bbox 3223 541 3273 586; x_wconf 81' lang='lat' dir='ltr'><strong>et</strong></span> <span class='ocrx_word' id='word_1_24' title='bbox 3289 531 3508 590; x_wconf 77' lang='lat' dir='ltr'><strong>delicias</strong></span> <span class='ocrx_word' id='word_1_25' title='bbox 3531 537 3676 606; x_wconf 78' lang='lat' dir='ltr'><strong>filio-</strong></span> 
     </span>
    </p>
   </div>
   <div class='ocr_carea' id='block_1_4' title="bbox 398 603 1968 698">
    <p class='ocr_par' dir='ltr' id='par_1_4' title="bbox 398 603 1968 674">
     <span class='ocr_line' id='line_1_4' title="bbox 398 603 1968 674; baseline 0.002 -15"><span class='ocrx_word' id='word_1_26' title='bbox 398 606 660 674; x_wconf 78' lang='grc' dir='ltr'>χρυσίον</span> <span class='ocrx_word' id='word_1_27' title='bbox 701 604 800 659; x_wconf 74' lang='grc' dir='ltr'><strong>καί</strong></span> <span class='ocrx_word' id='word_1_28' title='bbox 837 603 1353 673; x_wconf 78' lang='grc' dir='ltr'>περιουσιασμοὺς</span> <span class='ocrx_word' id='word_1_29' title='bbox 1375 603 1688 669; x_wconf 75' lang='grc' dir='ltr'><strong>,ϐασιλέων</strong></span> <span class='ocrx_word' id='word_1_30' title='bbox 1717 609 1815 660; x_wconf 81' lang='grc' dir='ltr'><strong>καὶ</strong></span> <span class='ocrx_word' id='word_1_31' title='bbox 1857 605 1968 662; x_wconf 75' lang='grc' dir='ltr'><strong>τῶν</strong></span> 
     </span>
    </p>
   </div>
   <div class='ocr_carea' id='block_1_5' title="bbox 2069 603 3674 698">
    <p class='ocr_par' dir='ltr' id='par_1_5' title="bbox 2083 603 3674 698">
     <span class='ocr_line' id='line_1_5' title="bbox 2083 603 3674 698; baseline 0.017 -39"><span class='ocrx_word' id='word_1_32' title='bbox 2083 623 2201 661; x_wconf 81' lang='lat' dir='ltr'><strong>rum</strong></span> <span class='ocrx_word' id='word_1_33' title='bbox 2219 609 2469 674; x_wconf 81' lang='lat' dir='ltr'><strong>hominis,</strong></span> <span class='ocrx_word' id='word_1_34' title='bbox 2487 613 2593 666; x_wconf 84' lang='lat' dir='ltr'><strong>vini</strong></span> <span class='ocrx_word' id='word_1_35' title='bbox 2619 615 2890 671; x_wconf 80' lang='lat' dir='ltr'><strong>ministras</strong></span> <span class='ocrx_word' id='word_1_36' title='bbox 2907 627 2958 673; x_wconf 82' lang='lat' dir='ltr'><strong>et</strong></span> <span class='ocrx_word' id='word_1_37' title='bbox 2976 623 3268 677; x_wconf 81' lang='lat' dir='ltr'><strong>ministras.</strong></span> <span class='ocrx_word' id='word_1_38' title='bbox 3292 623 3346 678; x_wconf 84' lang='grc' dir='ltr'><em>Μ</em></span> <span class='ocrx_word' id='word_1_39' title='bbox 3353 603 3674 698; x_wconf 70' lang='lat' dir='ltr'><strong>agni/iectus</strong></span> 
     </span>
    </p>
   </div>
   <div class='ocr_carea' id='block_1_6' title="bbox 396 692 1968 782">
    <p class='ocr_par' dir='ltr' id='par_1_6' title="bbox 396 692 1968 764">
     <span class='ocr_line' id='line_1_6' title="bbox 396 692 1968 764; baseline 0.002 -16"><span class='ocrx_word' id='word_1_40' title='bbox 396 695 624 764; x_wconf 81' lang='grc' dir='ltr'>χωρῶν,</span> <span class='ocrx_word' id='word_1_41' title='bbox 657 692 922 761; x_wconf 81' lang='grc' dir='ltr'>ἐποίησά</span> <span class='ocrx_word' id='word_1_42' title='bbox 957 711 1061 763; x_wconf 80' lang='grc' dir='ltr'>μοι</span> <span class='ocrx_word' id='word_1_43' title='bbox 1088 693 1349 762; x_wconf 75' lang='grc' dir='ltr'><em>ᾄδοντας</em></span> <span class='ocrx_word' id='word_1_44' title='bbox 1409 695 1509 749; x_wconf 81' lang='grc' dir='ltr'><strong>καί</strong></span> <span class='ocrx_word' id='word_1_45' title='bbox 1563 697 1834 764; x_wconf 79' lang='grc' dir='ltr'><strong>ᾀδούσας</strong></span> <span class='ocrx_word' id='word_1_46' title='bbox 1878 697 1968 751; x_wconf 76' lang='grc' dir='ltr'><strong>καί</strong></span> 
     </span>
    </p>
   </div>
   <div class='ocr_carea' id='block_1_7' title="bbox 2069 692 3674 782">
    <p class='ocr_par' dir='ltr' id='par_1_7' title="bbox 2085 701 3674 782">
     <span class='ocr_line' id='line_1_7' title="bbox 2085 701 3674 782; baseline 0.016 -30"><span class='ocrx_word' id='word_1_47' title='bbox 2085 714 2203 752; x_wconf 75' lang='lat' dir='ltr'><strong>sum</strong></span> <span class='ocrx_word' id='word_1_48' title='bbox 2243 706 2293 753; x_wconf 84' lang='lat' dir='ltr'><strong>et</strong></span> <span class='ocrx_word' id='word_1_49' title='bbox 2325 701 2498 771; x_wconf 70' lang='grc' dir='ltr'><strong>αα]εεί</strong></span> <span class='ocrx_word' id='word_1_50' title='bbox 2537 721 2695 774; x_wconf 80' lang='lat' dir='ltr'><strong><em>super</em></strong></span> <span class='ocrx_word' id='word_1_51' title='bbox 2737 701 2936 773; x_wconf 76' lang='lat' dir='ltr'><strong>omnes,</strong></span> <span class='ocrx_word' id='word_1_52' title='bbox 2983 713 3075 781; x_wconf 83' lang='lat' dir='ltr'><strong>qui</strong></span> <span class='ocrx_word' id='word_1_53' title='bbox 3104 714 3316 782; x_wconf 83' lang='lat' dir='ltr'><strong>fuerunt</strong></span> <span class='ocrx_word' id='word_1_54' title='bbox 3352 730 3476 774; x_wconf 79' lang='lat' dir='ltr'><strong>ante</strong></span> <span class='ocrx_word' id='word_1_55' title='bbox 3507 739 3588 775; x_wconf 82' lang='lat' dir='ltr'><strong>me</strong></span> <span class='ocrx_word' id='word_1_56' title='bbox 3616 725 3674 777; x_wconf 82' lang='lat' dir='ltr'><strong>in</strong></span> 
     </span>
    </p>
   </div>
   <div class='ocr_carea' id='block_1_8' title="bbox 394 781 1976 854">
    <p class='ocr_par' dir='ltr' id='par_1_8' title="bbox 394 781 1976 854">
     <span class='ocr_line' id='line_1_8' title="bbox 394 781 1976 854; baseline -0.001 -15"><span class='ocrx_word' id='word_1_57' title='bbox 394 785 823 854; x_wconf 64' lang='grc' dir='ltr'>ἐντρυρήματα</span> <span class='ocrx_word' id='word_1_58' title='bbox 853 781 999 838; x_wconf 83' lang='grc' dir='ltr'>υΙῶν</span> <span class='ocrx_word' id='word_1_59' title='bbox 1022 783 1130 838; x_wconf 84' lang='grc' dir='ltr'><strong>τοῦ</strong></span> <span class='ocrx_word' id='word_1_60' title='bbox 1171 783 1511 851; x_wconf 80' lang='grc' dir='ltr'>ἀνθρώπου,</span> <span class='ocrx_word' id='word_1_61' title='bbox 1542 787 1862 854; x_wconf 72' lang='grc' dir='ltr'><strong>οἰνοχόους</strong></span> <span class='ocrx_word' id='word_1_62' title='bbox 1877 785 1976 838; x_wconf 82' lang='grc' dir='ltr'><strong>καί</strong></span> 
     </span>
    </p>
   </div>
   <div class='ocr_carea' id='block_1_9' title="bbox 2081 786 3669 884">
    <p class='ocr_par' dir='ltr' id='par_1_9' title="bbox 2081 786 3669 884">
     <span class='ocr_line' id='line_1_9' title="bbox 2081 786 3669 884; baseline 0.018 -43"><span class='ocrx_word' id='word_1_63' title='bbox 2081 786 2379 884; x_wconf 67' lang='grc' dir='ltr'>«ίενιιεαίειιι</span> <span class='ocrx_word' id='word_1_64' title='bbox 2406 809 2425 848; x_wconf 89' lang='lat'><strong><em>:</em></strong></span> <span class='ocrx_word' id='word_1_65' title='bbox 2451 803 2500 849; x_wconf 83' lang='lat' dir='ltr'><strong>et</strong></span> <span class='ocrx_word' id='word_1_66' title='bbox 2529 797 2741 865; x_wconf 78' lang='lat' dir='ltr'><strong>quidem</strong></span> <span class='ocrx_word' id='word_1_67' title='bbox 2771 802 3035 866; x_wconf 76' lang='lat' dir='ltr'><strong>sapientia</strong></span> <span class='ocrx_word' id='word_1_68' title='bbox 3057 822 3171 858; x_wconf 87' lang='lat' dir='ltr'><strong>mea</strong></span> <span class='ocrx_word' id='word_1_69' title='bbox 3196 809 3369 863; x_wconf 82' lang='lat' dir='ltr'><strong>astitit</strong></span> <span class='ocrx_word' id='word_1_70' title='bbox 3387 811 3516 864; x_wconf 83' lang='lat' dir='ltr'><strong>mihi</strong></span> <span class='ocrx_word' id='word_1_71' title='bbox 3535 813 3669 884; x_wconf 70' lang='lat'><strong>(70).</strong></span> 
     </span>
    </p>
   </div>
   <div class='ocr_carea' id='block_1_10' title="bbox 394 876 3670 970">
    <p class='ocr_par' dir='ltr' id='par_1_10' title="bbox 394 876 3670 970">
     <span class='ocr_line' id='line_1_10' title="bbox 394 876 3670 970; baseline -0.003 -35"><span class='ocrx_word' id='word_1_72' title='bbox 394 879 700 970; x_wconf 76' lang='grc' dir='ltr'>οἰνοχόας,</span> <span class='ocrx_word' id='word_1_73' title='bbox 767 876 1217 970; x_wconf 58' lang='grc' dir='ltr'>Ἐμεγαλύνθην</span> <span class='ocrx_word' id='word_1_74' title='bbox 1274 877 1762 970; x_wconf 12' lang='grc' dir='ltr'>καίῗπροσέθηνα</span> <span class='ocrx_word' id='word_1_75' title='bbox 1819 878 1982 948; x_wconf 77' lang='grc' dir='ltr'>παρὰ</span> <span class='ocrx_word' id='word_1_76' title='bbox 2019 880 2254 950; x_wconf 78' lang='grc' dir='ltr'><em>πάντας</em></span> <span class='ocrx_word' id='word_1_77' title='bbox 2290 885 2435 953; x_wconf 81' lang='grc' dir='ltr'>τοὺς</span> <span class='ocrx_word' id='word_1_78' title='bbox 2497 888 2862 958; x_wconf 72' lang='grc' dir='ltr'>γενομένους</span> <span class='ocrx_word' id='word_1_79' title='bbox 2927 895 3270 963; x_wconf 75' lang='grc' dir='ltr'>ἔμπροσθέν</span> <span class='ocrx_word' id='word_1_80' title='bbox 3303 918 3424 970; x_wconf 80' lang='grc' dir='ltr'><strong>μου</strong></span> <span class='ocrx_word' id='word_1_81' title='bbox 3454 876 3670 958; x_wconf 49' lang='grc' dir='ltr'><strong>ἐνηέ.</strong></span> 
     </span>
    </p>
   </div>
   <div class='ocr_carea' id='block_1_11' title="bbox 397 967 1800 1040">
    <p class='ocr_par' dir='ltr' id='par_1_11' title="bbox 397 967 1800 1040">
     <span class='ocr_line' id='line_1_11' title="bbox 397 967 1800 1040; baseline 0.001 -18"><span class='ocrx_word' id='word_1_82' title='bbox 397 967 717 1040; x_wconf 74' lang='grc' dir='ltr'>ρουσαλήμ</span> <span class='ocrx_word' id='word_1_83' title='bbox 743 983 756 996; x_wconf 76' lang='grc'><strong>⁸</strong></span> <span class='ocrx_word' id='word_1_84' title='bbox 790 967 890 1020; x_wconf 82' lang='grc' dir='ltr'><strong>καί</strong></span> <span class='ocrx_word' id='word_1_85' title='bbox 915 983 982 1036; x_wconf 80' lang='grc' dir='ltr'>τε</span> <span class='ocrx_word' id='word_1_86' title='bbox 1009 967 1197 1036; x_wconf 76' lang='grc' dir='ltr'>σοφία</span> <span class='ocrx_word' id='word_1_87' title='bbox 1221 985 1342 1037; x_wconf 84' lang='grc' dir='ltr'><strong>μου</strong></span> <span class='ocrx_word' id='word_1_88' title='bbox 1376 967 1604 1036; x_wconf 84' lang='grc' dir='ltr'><strong>ἐστάθη</strong></span> <span class='ocrx_word' id='word_1_89' title='bbox 1623 986 1748 1036; x_wconf 84' lang='grc' dir='ltr'>μοι.</span> <span class='ocrx_word' id='word_1_90' title='bbox 1793 1003 1800 1014; x_wconf 85' lang='grc'><strong><em>-</em></strong></span> 
     </span>
    </p>
   </div>
   <div class='ocr_carea' id='block_1_12' title="bbox 470 1057 1982 1130">
    <p class='ocr_par' dir='ltr' id='par_1_12' title="bbox 470 1057 1982 1130">
     <span class='ocr_line' id='line_1_12' title="bbox 470 1057 1982 1130; baseline 0 -16"><span class='ocrx_word' id='word_1_91' title='bbox 470 1059 564 1130; x_wconf 79' lang='grc' dir='ltr'><strong>Τῷ</strong></span> <span class='ocrx_word' id='word_1_92' title='bbox 591 1061 688 1129; x_wconf 81' lang='grc' dir='ltr'>τῆς</span> <span class='ocrx_word' id='word_1_93' title='bbox 714 1059 1058 1129; x_wconf 80' lang='grc' dir='ltr'>εὐφροσύνης</span> <span class='ocrx_word' id='word_1_94' title='bbox 1096 1057 1174 1122; x_wconf 88' lang='grc' dir='ltr'>ὡς</span> <span class='ocrx_word' id='word_1_95' title='bbox 1221 1059 1427 1129; x_wconf 85' lang='grc' dir='ltr'>γενικῷ</span> <span class='ocrx_word' id='word_1_96' title='bbox 1463 1060 1816 1130; x_wconf 88' lang='grc' dir='ltr'>χρησάμενος</span> <span class='ocrx_word' id='word_1_97' title='bbox 1863 1061 1982 1114; x_wconf 77' lang='grc' dir='ltr'>δνό-</span> 
     </span>
    </p>
   </div>
   <div class='ocr_carea' id='block_1_13' title="bbox 407 1149 1981 1222">
    <p class='ocr_par' dir='ltr' id='par_1_13' title="bbox 407 1149 1981 1222">
     <span class='ocr_line' id='line_1_13' title="bbox 407 1149 1981 1222; baseline -0.001 -18"><span class='ocrx_word' id='word_1_98' title='bbox 407 1168 542 1220; x_wconf 82' lang='grc' dir='ltr'>ματι</span> <span class='ocrx_word' id='word_1_99' title='bbox 581 1149 864 1220; x_wconf 83' lang='grc' dir='ltr'>πρότερον,</span> <span class='ocrx_word' id='word_1_100' title='bbox 899 1149 1081 1202; x_wconf 79' lang='grc' dir='ltr'>πᾶσαν</span> <span class='ocrx_word' id='word_1_101' title='bbox 1129 1149 1229 1217; x_wconf 84' lang='grc' dir='ltr'><strong>τὴν</strong></span> <span class='ocrx_word' id='word_1_102' title='bbox 1285 1149 1632 1220; x_wconf 74' lang='grc' dir='ltr'><strong>ἀνθρωπίνην</strong></span> <span class='ocrx_word' id='word_1_103' title='bbox 1691 1150 1981 1222; x_wconf 81' lang='grc' dir='ltr'><strong>εὐετηρίαν</strong></span> 
     </span>
    </p>
   </div>
   <div class='ocr_carea' id='block_1_14' title="bbox 401 1227 1982 1310">
    <p class='ocr_par' dir='ltr' id='par_1_14' title="bbox 401 1227 1982 1310">
     <span class='ocr_line' id='line_1_14' title="bbox 401 1227 1982 1310; baseline -0.001 -16"><span class='ocrx_word' id='word_1_104' title='bbox 401 1242 475 1294; x_wconf 85' lang='grc' dir='ltr'>δι’</span> <span class='ocrx_word' id='word_1_105' title='bbox 506 1241 674 1310; x_wconf 78' lang='grc' dir='ltr'>αὐτῆς</span> <span class='ocrx_word' id='word_1_106' title='bbox 701 1238 1052 1308; x_wconf 73' lang='grc' dir='ltr'>κατεσήμανσ</span> <span class='ocrx_word' id='word_1_107' title='bbox 1072 1253 1086 1268; x_wconf 81' lang='grc'><strong><em>⁸</em></strong></span> <span class='ocrx_word' id='word_1_108' title='bbox 1138 1227 1312 1292; x_wconf 62' lang='grc' dir='ltr'><strong>νῦνῖδὲ</strong></span> <span class='ocrx_word' id='word_1_109' title='bbox 1337 1239 1462 1296; x_wconf 77' lang='grc' dir='ltr'>κατ’</span> <span class='ocrx_word' id='word_1_110' title='bbox 1489 1233 1628 1301; x_wconf 76' lang='grc' dir='ltr'>εἶδος</span> <span class='ocrx_word' id='word_1_111' title='bbox 1671 1237 1982 1304; x_wconf 76' lang='grc' dir='ltr'><strong>ἰδιαζόντως</strong></span> 
     </span>
    </p>
   </div>
   <div class='ocr_carea' id='block_1_15' title="bbox 397 1326 1975 1398">
    <p class='ocr_par' dir='ltr' id='par_1_15' title="bbox 397 1326 1975 1398">
     <span class='ocr_line' id='line_1_15' title="bbox 397 1326 1975 1398; baseline -0.001 -15"><span class='ocrx_word' id='word_1_112' title='bbox 397 1327 546 1384; x_wconf 80' lang='grc' dir='ltr'><strong>κατά</strong></span> <span class='ocrx_word' id='word_1_113' title='bbox 569 1327 838 1398; x_wconf 79' lang='grc' dir='ltr'><strong>διαίρεσιν</strong></span> <span class='ocrx_word' id='word_1_114' title='bbox 852 1327 1082 1379; x_wconf 70' lang='grc' dir='ltr'>ἕκαστον</span> <span class='ocrx_word' id='word_1_115' title='bbox 1097 1326 1211 1379; x_wconf 89' lang='grc' dir='ltr'><strong>τῶν</strong></span> <span class='ocrx_word' id='word_1_116' title='bbox 1229 1326 1320 1379; x_wconf 84' lang='grc' dir='ltr'>ὑπ’</span> <span class='ocrx_word' id='word_1_117' title='bbox 1337 1328 1508 1395; x_wconf 79' lang='grc' dir='ltr'>αὐτὴν</span> <span class='ocrx_word' id='word_1_118' title='bbox 1522 1327 1822 1382; x_wconf 76' lang='grc' dir='ltr'><strong>τελούντων</strong></span> <span class='ocrx_word' id='word_1_119' title='bbox 1838 1345 1975 1381; x_wconf 90' lang='grc' dir='ltr'>κατ-</span> 
     </span>
    </p>
   </div>
   <div class='ocr_carea' id='block_1_16' title="bbox 392 1415 1979 1493">
    <p class='ocr_par' dir='ltr' id='par_1_16' title="bbox 392 1415 1979 1493">
     <span class='ocr_line' id='line_1_16' title="bbox 392 1415 1979 1493; baseline 0 -21"><span class='ocrx_word' id='word_1_120' title='bbox 392 1415 657 1489; x_wconf 73' lang='grc' dir='ltr'>ονομάζει</span> <span class='ocrx_word' id='word_1_121' title='bbox 688 1415 875 1486; x_wconf 79' lang='grc' dir='ltr'>σαφῶς</span> <span class='ocrx_word' id='word_1_122' title='bbox 907 1417 1005 1470; x_wconf 72' lang='grc' dir='ltr'>καὶ</span> <span class='ocrx_word' id='word_1_123' title='bbox 1031 1416 1288 1482; x_wconf 77' lang='grc' dir='ltr'><strong>διέξεισιν</strong></span> <span class='ocrx_word' id='word_1_124' title='bbox 1308 1458 1324 1483; x_wconf 87' lang='grc'><strong>,</strong></span> <span class='ocrx_word' id='word_1_125' title='bbox 1355 1418 1446 1471; x_wconf 85' lang='grc' dir='ltr'><strong>ἴνα</strong></span> <span class='ocrx_word' id='word_1_126' title='bbox 1489 1417 1564 1489; x_wconf 80' lang='grc' dir='ltr'>μὴ</span> <span class='ocrx_word' id='word_1_127' title='bbox 1600 1418 1730 1493; x_wconf 82' lang='grc' dir='ltr'>δόξῃ</span> <span class='ocrx_word' id='word_1_128' title='bbox 1759 1419 1979 1488; x_wconf 85' lang='grc' dir='ltr'><strong>κόμπου</strong></span> 
     </span>
    </p>
   </div>
   <div class='ocr_carea' id='block_1_17' title="bbox 393 1507 1982 1582">
    <p class='ocr_par' dir='ltr' id='par_1_17' title="bbox 393 1507 1982 1582">
     <span class='ocr_line' id='line_1_17' title="bbox 393 1507 1982 1582; baseline 0 -18"><span class='ocrx_word' id='word_1_129' title='bbox 393 1509 558 1582; x_wconf 82' lang='grc' dir='ltr'>χάριν</span> <span class='ocrx_word' id='word_1_130' title='bbox 589 1507 786 1563; x_wconf 78' lang='grc' dir='ltr'>ἑαυτοῦ</span> <span class='ocrx_word' id='word_1_131' title='bbox 815 1507 1275 1578; x_wconf 75' lang='grc' dir='ltr'>καταψεύδεσθαι,</span> <span class='ocrx_word' id='word_1_132' title='bbox 1307 1511 1400 1563; x_wconf 76' lang='grc' dir='ltr'>καὶ</span> <span class='ocrx_word' id='word_1_133' title='bbox 1453 1511 1719 1581; x_wconf 79' lang='grc' dir='ltr'><strong>μηδαμῶς</strong></span> <span class='ocrx_word' id='word_1_134' title='bbox 1743 1511 1839 1565; x_wconf 74' lang='grc' dir='ltr'>ἐπὶ</span> <span class='ocrx_word' id='word_1_135' title='bbox 1871 1510 1982 1564; x_wconf 90' lang='grc' dir='ltr'><strong>τῶν</strong></span> 
     </span>
    </p>
   </div>
   <div class='ocr_carea' id='block_1_18' title="bbox 393 1603 1983 1676">
    <p class='ocr_par' dir='ltr' id='par_1_18' title="bbox 393 1603 1983 1676">
     <span class='ocr_line' id='line_1_18' title="bbox 393 1603 1983 1676; baseline 0 -18"><span class='ocrx_word' id='word_1_136' title='bbox 393 1603 779 1674; x_wconf 73' lang='grc' dir='ltr'><strong>ὑποκειμένων</strong></span> <span class='ocrx_word' id='word_1_137' title='bbox 825 1603 1175 1674; x_wconf 79' lang='grc' dir='ltr'>πραγμάτων</span> <span class='ocrx_word' id='word_1_138' title='bbox 1225 1603 1408 1676; x_wconf 84' lang='grc' dir='ltr'><strong>πάσης</strong></span> <span class='ocrx_word' id='word_1_139' title='bbox 1447 1604 1860 1676; x_wconf 82' lang='grc' dir='ltr'><strong>ἀπολαυστικῆς</strong></span> <span class='ocrx_word' id='word_1_140' title='bbox 1889 1607 1983 1658; x_wconf 74' lang='grc' dir='ltr'>καὶ</span> 
     </span>
    </p>
   </div>
   <div class='ocr_carea' id='block_1_19' title="bbox 391 1694 1980 1769">
    <p class='ocr_par' dir='ltr' id='par_1_19' title="bbox 391 1694 1980 1769">
     <span class='ocr_line' id='line_1_19' title="bbox 391 1694 1980 1769; baseline 0 -19"><span class='ocrx_word' id='word_1_141' title='bbox 391 1697 688 1769; x_wconf 81' lang='grc' dir='ltr'>θελκτικῆς</span> <span class='ocrx_word' id='word_1_142' title='bbox 714 1695 1117 1758; x_wconf 70' lang='grc' dir='ltr'>ἐπιτηδεύσεως</span> <span class='ocrx_word' id='word_1_143' title='bbox 1151 1694 1249 1767; x_wconf 80' lang='grc' dir='ltr'><strong>τὴν</strong></span> <span class='ocrx_word' id='word_1_144' title='bbox 1311 1699 1508 1764; x_wconf 81' lang='grc' dir='ltr'>πεῖραν</span> <span class='ocrx_word' id='word_1_145' title='bbox 1553 1696 1748 1750; x_wconf 77' lang='grc' dir='ltr'>’λαϐεῖν</span> <span class='ocrx_word' id='word_1_146' title='bbox 1776 1713 1792 1729; x_wconf 78' lang='grc' dir='ltr'><strong><em>ο</em></strong></span> <span class='ocrx_word' id='word_1_147' title='bbox 1841 1696 1980 1751; x_wconf 85' lang='grc' dir='ltr'><strong>ἀλλά</strong></span> 
     </span>
    </p>
   </div>
   <div class='ocr_carea' id='block_1_20' title="bbox 389 1787 1978 1860">
    <p class='ocr_par' dir='ltr' id='par_1_20' title="bbox 389 1787 1978 1860">
     <span class='ocr_line' id='line_1_20' title="bbox 389 1787 1978 1860; baseline 0.001 -19"><span class='ocrx_word' id='word_1_148' title='bbox 389 1788 590 1858; x_wconf 84' lang='grc' dir='ltr'>λόγους</span> <span class='ocrx_word' id='word_1_149' title='bbox 669 1787 978 1860; x_wconf 74' lang='grc' dir='ltr'>προτείνειν</span> <span class='ocrx_word' id='word_1_150' title='bbox 1037 1788 1385 1858; x_wconf 80' lang='grc' dir='ltr'>πραγμάτων</span> <span class='ocrx_word' id='word_1_151' title='bbox 1439 1787 1656 1851; x_wconf 88' lang='grc' dir='ltr'>κενούς.</span> <span class='ocrx_word' id='word_1_152' title='bbox 1715 1787 1978 1843; x_wconf 87' lang='grc' dir='ltr'>Βούλεται</span> 
     </span>
    </p>
   </div>
   <div class='ocr_carea' id='block_1_21' title="bbox 2162 1059 3667 1148">
    <p class='ocr_par' dir='ltr' id='par_1_21' title="bbox 2162 1059 3667 1148">
     <span class='ocr_line' id='line_1_21' title="bbox 2162 1059 3667 1148; baseline 0.016 -36"><span class='ocrx_word' id='word_1_153' title='bbox 2162 1059 2386 1115; x_wconf 65' lang='grc' dir='ltr'><strong>ιωιῑιῑω</strong></span> <span class='ocrx_word' id='word_1_154' title='bbox 2435 1064 2658 1117; x_wconf 84' lang='lat' dir='ltr'><strong>nomine</strong></span> <span class='ocrx_word' id='word_1_155' title='bbox 2711 1075 2970 1135; x_wconf 81' lang='lat' dir='ltr'><strong>tanquam</strong></span> <span class='ocrx_word' id='word_1_156' title='bbox 3018 1074 3256 1138; x_wconf 72' lang='lat' dir='ltr'><strong>generali</strong></span> <span class='ocrx_word' id='word_1_157' title='bbox 3312 1087 3470 1132; x_wconf 88' lang='lat' dir='ltr'><strong>antea</strong></span> <span class='ocrx_word' id='word_1_158' title='bbox 3512 1095 3667 1148; x_wconf 85' lang='lat' dir='ltr'><strong>usus,</strong></span> 
     </span>
    </p>
   </div>
   <div class='ocr_carea' id='block_1_22' title="bbox 2089 1151 3670 1234">
    <p class='ocr_par' dir='ltr' id='par_1_22' title="bbox 2089 1151 3670 1234">
     <span class='ocr_line' id='line_1_22' title="bbox 2089 1151 3670 1234; baseline 0.015 -30"><span class='ocrx_word' id='word_1_159' title='bbox 2089 1151 2408 1206; x_wconf 82' lang='lat' dir='ltr'><strong>universam</strong></span> <span class='ocrx_word' id='word_1_160' title='bbox 2439 1153 2682 1210; x_wconf 90' lang='lat' dir='ltr'><strong>hominis</strong></span> <span class='ocrx_word' id='word_1_161' title='bbox 2721 1159 3143 1227; x_wconf 81' lang='lat' dir='ltr'><strong>prosperitatem</strong></span> <span class='ocrx_word' id='word_1_162' title='bbox 3182 1167 3546 1234; x_wconf 71' lang='lat' dir='ltr'><strong>appellatione</strong></span> <span class='ocrx_word' id='word_1_163' title='bbox 3577 1171 3670 1228; x_wconf 86' lang='lat' dir='ltr'><strong>illa</strong></span> 
     </span>
    </p>
   </div>
   <div class='ocr_carea' id='block_1_23' title="bbox 2087 1242 3672 1333">
    <p class='ocr_par' dir='ltr' id='par_1_23' title="bbox 2087 1242 3672 1333">
     <span class='ocr_line' id='line_1_23' title="bbox 2087 1242 3672 1333; baseline 0.015 -37"><span class='ocrx_word' id='word_1_164' title='bbox 2087 1242 2415 1314; x_wconf 79' lang='lat' dir='ltr'><strong>designavit.</strong></span> <span class='ocrx_word' id='word_1_165' title='bbox 2451 1243 2570 1300; x_wconf 86' lang='lat' dir='ltr'><strong>Jam</strong></span> <span class='ocrx_word' id='word_1_166' title='bbox 2603 1264 2701 1318; x_wconf 82' lang='lat' dir='ltr'><strong>per</strong></span> <span class='ocrx_word' id='word_1_167' title='bbox 2730 1260 2914 1319; x_wconf 88' lang='lat' dir='ltr'><strong>partes</strong></span> <span class='ocrx_word' id='word_1_168' title='bbox 2944 1257 3238 1323; x_wconf 81' lang='lat' dir='ltr'><strong>separatim</strong></span> <span class='ocrx_word' id='word_1_169' title='bbox 3273 1257 3512 1328; x_wconf 88' lang='lat' dir='ltr'><strong>singula,</strong></span> <span class='ocrx_word' id='word_1_170' title='bbox 3549 1278 3672 1333; x_wconf 66' lang='lat' dir='ltr'><strong>qua</strong></span> 
     </span>
    </p>
   </div>
   <div class='ocr_carea' id='block_1_24' title="bbox 2086 1336 3672 1409">
    <p class='ocr_par' dir='ltr' id='par_1_24' title="bbox 2086 1336 3672 1409">
     <span class='ocr_line' id='line_1_24' title="bbox 2086 1336 3672 1409; baseline 0.015 -24"><span class='ocrx_word' id='word_1_171' title='bbox 2086 1348 2258 1403; x_wconf 89' lang='lat' dir='ltr'><strong>genus</strong></span> <span class='ocrx_word' id='word_1_172' title='bbox 2281 1336 2685 1406; x_wconf 88' lang='lat' dir='ltr'><strong>complectitur,</strong></span> <span class='ocrx_word' id='word_1_173' title='bbox 2721 1341 3156 1400; x_wconf 88' lang='lat' dir='ltr'><strong>discriminando</strong></span> <span class='ocrx_word' id='word_1_174' title='bbox 3185 1347 3332 1402; x_wconf 87' lang='lat' dir='ltr'><strong>clare</strong></span> <span class='ocrx_word' id='word_1_175' title='bbox 3353 1351 3672 1409; x_wconf 88' lang='lat' dir='ltr'><strong>denominat</strong></span> 
     </span>
    </p>
   </div>
   <div class='ocr_carea' id='block_1_25' title="bbox 2084 1425 3672 1510">
    <p class='ocr_par' dir='ltr' id='par_1_25' title="bbox 2084 1425 3672 1510">
     <span class='ocr_line' id='line_1_25' title="bbox 2084 1425 3672 1510; baseline 0.016 -35"><span class='ocrx_word' id='word_1_176' title='bbox 2084 1432 2140 1476; x_wconf 90' lang='lat' dir='ltr'><strong>et</strong></span> <span class='ocrx_word' id='word_1_177' title='bbox 2173 1425 2425 1492; x_wconf 80' lang='lat' dir='ltr'><strong>pertexit,</strong></span> <span class='ocrx_word' id='word_1_178' title='bbox 2479 1441 2546 1482; x_wconf 90' lang='lat' dir='ltr'><strong>ne</strong></span> <span class='ocrx_word' id='word_1_179' title='bbox 2571 1427 2836 1497; x_wconf 88' lang='lat' dir='ltr'><strong>jactantia</strong></span> <span class='ocrx_word' id='word_1_180' title='bbox 2874 1435 3109 1502; x_wconf 88' lang='lat' dir='ltr'><strong>quadam</strong></span> <span class='ocrx_word' id='word_1_181' title='bbox 3160 1437 3228 1492; x_wconf 91' lang='lat' dir='ltr'><strong>de</strong></span> <span class='ocrx_word' id='word_1_182' title='bbox 3257 1453 3318 1493; x_wconf 89' lang='lat' dir='ltr'><strong>se</strong></span> <span class='ocrx_word' id='word_1_183' title='bbox 3370 1441 3484 1510; x_wconf 90' lang='lat' dir='ltr'><strong>ipse</strong></span> <span class='ocrx_word' id='word_1_184' title='bbox 3517 1459 3672 1500; x_wconf 83' lang='lat' dir='ltr'><strong>men-</strong></span> 
     </span>
    </p>
   </div>
   <div class='ocr_carea' id='block_1_26' title="bbox 2085 1513 3670 1602">
    <p class='ocr_par' dir='ltr' id='par_1_26' title="bbox 2085 1513 3670 1602">
     <span class='ocr_line' id='line_1_26' title="bbox 2085 1513 3670 1602; baseline 0.015 -34"><span class='ocrx_word' id='word_1_185' title='bbox 2085 1513 2202 1584; x_wconf 77' lang='lat' dir='ltr'><strong>tiri,</strong></span> <span class='ocrx_word' id='word_1_186' title='bbox 2233 1523 2285 1570; x_wconf 87' lang='lat' dir='ltr'><strong>et</strong></span> <span class='ocrx_word' id='word_1_187' title='bbox 2313 1517 2464 1571; x_wconf 90' lang='lat' dir='ltr'><strong>nulla</strong></span> <span class='ocrx_word' id='word_1_188' title='bbox 2496 1534 2682 1574; x_wconf 89' lang='lat' dir='ltr'><strong>earum</strong></span> <span class='ocrx_word' id='word_1_189' title='bbox 2717 1538 2921 1588; x_wconf 90' lang='lat' dir='ltr'><strong>rerum,</strong></span> <span class='ocrx_word' id='word_1_190' title='bbox 2963 1542 3084 1596; x_wconf 72' lang='lat' dir='ltr'><strong>qua:</strong></span> <span class='ocrx_word' id='word_1_191' title='bbox 3113 1529 3179 1582; x_wconf 91' lang='lat' dir='ltr'><strong>ad</strong></span> <span class='ocrx_word' id='word_1_192' title='bbox 3216 1531 3520 1602; x_wconf 88' lang='lat' dir='ltr'><strong>voluptaria</strong></span> <span class='ocrx_word' id='word_1_193' title='bbox 3545 1551 3670 1591; x_wconf 87' lang='lat' dir='ltr'><strong>om-</strong></span> 
     </span>
    </p>
   </div>
   <div class='ocr_carea' id='block_1_27' title="bbox 2081 1604 3666 1692">
    <p class='ocr_par' dir='ltr' id='par_1_27' title="bbox 2081 1604 3666 1692">
     <span class='ocr_line' id='line_1_27' title="bbox 2081 1604 3666 1692; baseline 0.015 -32"><span class='ocrx_word' id='word_1_194' title='bbox 2081 1607 2172 1662; x_wconf 87' lang='lat' dir='ltr'><strong>nis</strong></span> <span class='ocrx_word' id='word_1_195' title='bbox 2213 1609 2427 1676; x_wconf 84' lang='lat' dir='ltr'><strong>generis</strong></span> <span class='ocrx_word' id='word_1_196' title='bbox 2476 1613 2652 1667; x_wconf 91' lang='lat' dir='ltr'><strong>studia</strong></span> <span class='ocrx_word' id='word_1_197' title='bbox 2689 1604 3362 1688; x_wconf 21' lang='lat' dir='ltr'><strong>pertinent,‘experientia</strong></span> <span class='ocrx_word' id='word_1_198' title='bbox 3411 1625 3666 1692; x_wconf 89' lang='lat' dir='ltr'><strong>edoctus,</strong></span> 
     </span>
    </p>
   </div>
   <div class='ocr_carea' id='block_1_28' title="bbox 2083 1708 3665 1776">
    <p class='ocr_par' dir='ltr' id='par_1_28' title="bbox 2083 1708 3665 1776">
     <span class='ocr_line' id='line_1_28' title="bbox 2083 1708 3665 1776; baseline 0.013 -24"><span class='ocrx_word' id='word_1_199' title='bbox 2083 1713 2367 1756; x_wconf 85' lang='lat' dir='ltr'><strong>sermones</strong></span> <span class='ocrx_word' id='word_1_200' title='bbox 2421 1717 2604 1757; x_wconf 89' lang='lat' dir='ltr'><strong>rerum</strong></span> <span class='ocrx_word' id='word_1_201' title='bbox 2663 1721 2868 1761; x_wconf 85' lang='lat' dir='ltr'><strong>vacuos</strong></span> <span class='ocrx_word' id='word_1_202' title='bbox 2911 1708 3160 1776; x_wconf 83' lang='lat' dir='ltr'><strong>proferre</strong></span> <span class='ocrx_word' id='word_1_203' title='bbox 3204 1711 3474 1770; x_wconf 85' lang='lat' dir='ltr'><strong>videatur.</strong></span> <span class='ocrx_word' id='word_1_204' title='bbox 3530 1714 3665 1772; x_wconf 84' lang='lat' dir='ltr'><strong>Illud</strong></span> 
     </span>
    </p>
   </div>
   <div class='ocr_carea' id='block_1_29' title="bbox 2081 1791 3668 1870">
    <p class='ocr_par' dir='ltr' id='par_1_29' title="bbox 2081 1791 3668 1870">
     <span class='ocr_line' id='line_1_29' title="bbox 2081 1791 3668 1870; baseline 0.013 -26"><span class='ocrx_word' id='word_1_205' title='bbox 2081 1791 2226 1845; x_wconf 87' lang='lat' dir='ltr'><strong>enim</strong></span> <span class='ocrx_word' id='word_1_206' title='bbox 2258 1791 2348 1858; x_wconf 90' lang='lat' dir='ltr'><strong>iis,</strong></span> <span class='ocrx_word' id='word_1_207' title='bbox 2379 1794 2469 1862; x_wconf 90' lang='lat' dir='ltr'><strong>qui</strong></span> <span class='ocrx_word' id='word_1_208' title='bbox 2523 1794 2588 1848; x_wconf 91' lang='lat' dir='ltr'><strong>ad</strong></span> <span class='ocrx_word' id='word_1_209' title='bbox 2627 1796 2824 1852; x_wconf 78' lang='lat' dir='ltr'><strong>librum</strong></span> <span class='ocrx_word' id='word_1_210' title='bbox 2873 1799 3020 1854; x_wconf 89' lang='lat' dir='ltr'><strong>hunc</strong></span> <span class='ocrx_word' id='word_1_211' title='bbox 3063 1801 3348 1870; x_wconf 85' lang='lat' dir='ltr'><strong>legendum</strong></span> <span class='ocrx_word' id='word_1_212' title='bbox 3383 1821 3442 1861; x_wconf 90' lang='lat' dir='ltr'><strong>se</strong></span> <span class='ocrx_word' id='word_1_213' title='bbox 3475 1802 3668 1864; x_wconf 74' lang='lat' dir='ltr'><strong>confe-</strong></span> 
     </span>
    </p>
   </div>
   <div class='ocr_carea' id='block_1_30' title="bbox 388 1881 1968 1966">
    <p class='ocr_par' dir='ltr' id='par_1_30' title="bbox 388 1881 1968 1954">
     <span class='ocr_line' id='line_1_30' title="bbox 388 1881 1968 1954; baseline -0.001 -17"><span class='ocrx_word' id='word_1_214' title='bbox 388 1887 503 1954; x_wconf 81' lang='grc' dir='ltr'><strong>γάρ</strong></span> <span class='ocrx_word' id='word_1_215' title='bbox 553 1881 935 1936; x_wconf 81' lang='grc' dir='ltr'><strong>πιστώσασθαι</strong></span> <span class='ocrx_word' id='word_1_216' title='bbox 973 1881 1184 1944; x_wconf 82' lang='grc' dir='ltr'>πάντας</span> <span class='ocrx_word' id='word_1_217' title='bbox 1229 1883 1358 1946; x_wconf 83' lang='grc' dir='ltr'>τοὺς</span> <span class='ocrx_word' id='word_1_218' title='bbox 1413 1881 1837 1952; x_wconf 78' lang='grc' dir='ltr'>ἐντευξομένους</span> <span class='ocrx_word' id='word_1_219' title='bbox 1897 1882 1968 1952; x_wconf 78' lang='grc' dir='ltr'>τῷ</span> 
     </span>
    </p>
   </div>
   <div class='ocr_carea' id='block_1_31' title="bbox 2069 1881 3666 1966">
    <p class='ocr_par' dir='ltr' id='par_1_31' title="bbox 2077 1887 3666 1966">
     <span class='ocr_line' id='line_1_31' title="bbox 2077 1887 3666 1966; baseline 0.011 -29"><span class='ocrx_word' id='word_1_220' title='bbox 2077 1892 2220 1949; x_wconf 84' lang='lat' dir='ltr'><strong>rent,</strong></span> <span class='ocrx_word' id='word_1_221' title='bbox 2257 1887 2514 1942; x_wconf 84' lang='lat' dir='ltr'><strong>omnibus</strong></span> <span class='ocrx_word' id='word_1_222' title='bbox 2537 1889 2865 1944; x_wconf 82' lang='lat' dir='ltr'><strong>conﬁrmare</strong></span> <span class='ocrx_word' id='word_1_223' title='bbox 2897 1892 3033 1958; x_wconf 77' lang='lat' dir='ltr'><strong>vu&#39;lt,</strong></span> <span class='ocrx_word' id='word_1_224' title='bbox 3065 1910 3124 1949; x_wconf 89' lang='lat' dir='ltr'><strong>se</strong></span> <span class='ocrx_word' id='word_1_225' title='bbox 3167 1899 3389 1966; x_wconf 85' lang='lat' dir='ltr'><strong>quidem</strong></span> <span class='ocrx_word' id='word_1_226' title='bbox 3423 1899 3474 1952; x_wconf 93' lang='lat' dir='ltr'><strong>in</strong></span> <span class='ocrx_word' id='word_1_227' title='bbox 3503 1902 3666 1956; x_wconf 85' lang='lat' dir='ltr'><strong>volu-</strong></span> 
     </span>
    </p>
   </div>
   <div class='ocr_carea' id='block_1_32' title="bbox 391 1969 1976 2047">
    <p class='ocr_par' dir='ltr' id='par_1_32' title="bbox 391 1969 1976 2047">
     <span class='ocr_line' id='line_1_32' title="bbox 391 1969 1976 2047; baseline 0 -24"><span class='ocrx_word' id='word_1_228' title='bbox 391 1973 625 2044; x_wconf 81' lang='grc' dir='ltr'>παρόντι</span> <span class='ocrx_word' id='word_1_229' title='bbox 659 1971 1026 2047; x_wconf 79' lang='grc' dir='ltr'>συντάγματι,</span> <span class='ocrx_word' id='word_1_230' title='bbox 1057 1970 1148 2024; x_wconf 83' lang='grc' dir='ltr'>διὰ</span> <span class='ocrx_word' id='word_1_231' title='bbox 1179 1970 1363 2039; x_wconf 85' lang='grc' dir='ltr'>πάσης</span> <span class='ocrx_word' id='word_1_232' title='bbox 1392 1971 1586 2042; x_wconf 82' lang='grc' dir='ltr'>ήδονῆς</span> <span class='ocrx_word' id='word_1_233' title='bbox 1617 1971 1713 2024; x_wconf 75' lang='grc' dir='ltr'>καὶ</span> <span class='ocrx_word' id='word_1_234' title='bbox 1760 1969 1976 2042; x_wconf 79' lang='grc' dir='ltr'>ῥᾳστώ-</span> 
     </span>
    </p>
   </div>
   <div class='ocr_carea' id='block_1_33' title="bbox 387 2059 1972 2132">
    <p class='ocr_par' dir='ltr' id='par_1_33' title="bbox 387 2059 1972 2132">
     <span class='ocr_line' id='line_1_33' title="bbox 387 2059 1972 2132; baseline -0.001 -16"><span class='ocrx_word' id='word_1_235' title='bbox 387 2081 492 2132; x_wconf 75' lang='grc' dir='ltr'><strong>νης</strong></span> <span class='ocrx_word' id='word_1_236' title='bbox 517 2063 757 2132; x_wconf 75' lang='grc' dir='ltr'>δαψιλῶς</span> <span class='ocrx_word' id='word_1_237' title='bbox 794 2064 890 2116; x_wconf 80' lang='grc' dir='ltr'>καὶ</span> <span class='ocrx_word' id='word_1_238' title='bbox 923 2060 1235 2124; x_wconf 73' lang='grc' dir='ltr'>πολυτελῶς</span> <span class='ocrx_word' id='word_1_239' title='bbox 1273 2059 1722 2126; x_wconf 79' lang='grc' dir='ltr'>πολιτεύσασθαι,</span> <span class='ocrx_word' id='word_1_240' title='bbox 1755 2061 1850 2115; x_wconf 76' lang='grc' dir='ltr'>καὶ</span> <span class='ocrx_word' id='word_1_241' title='bbox 1870 2077 1972 2115; x_wconf 84' lang='grc' dir='ltr'>κα·</span> 
     </span>
    </p>
   </div>
   <div class='ocr_carea' id='block_1_34' title="bbox 385 2153 1968 2225">
    <p class='ocr_par' dir='ltr' id='par_1_34' title="bbox 385 2153 1968 2225">
     <span class='ocr_line' id='line_1_34' title="bbox 385 2153 1968 2225; baseline -0.001 -18"><span class='ocrx_word' id='word_1_242' title='bbox 385 2157 739 2225; x_wconf 76' lang='grc' dir='ltr'>τατρυφῆσαι</span> <span class='ocrx_word' id='word_1_243' title='bbox 776 2153 885 2207; x_wconf 90' lang='grc' dir='ltr'><strong>τῶν</strong></span> <span class='ocrx_word' id='word_1_244' title='bbox 937 2153 1203 2222; x_wconf 81' lang='grc' dir='ltr'>ὲμπαθῶν</span> <span class='ocrx_word' id='word_1_245' title='bbox 1259 2153 1357 2208; x_wconf 81' lang='grc' dir='ltr'>καὶ</span> <span class='ocrx_word' id='word_1_246' title='bbox 1397 2153 1680 2224; x_wconf 82' lang='grc' dir='ltr'>σαρκικῶν</span> <span class='ocrx_word' id='word_1_247' title='bbox 1735 2153 1968 2221; x_wconf 72' lang='grc' dir='ltr'>ἡδονῶνο</span> 
     </span>
    </p>
   </div>
   <div class='ocr_carea' id='block_1_35' title="bbox 384 2241 1972 2316">
    <p class='ocr_par' dir='ltr' id='par_1_35' title="bbox 384 2241 1972 2316">
     <span class='ocr_line' id='line_1_35' title="bbox 384 2241 1972 2316; baseline -0.001 -18"><span class='ocrx_word' id='word_1_248' title='bbox 384 2246 529 2299; x_wconf 85' lang='grc' dir='ltr'><strong>ἀλλά</strong></span> <span class='ocrx_word' id='word_1_249' title='bbox 569 2244 736 2316; x_wconf 82' lang='grc' dir='ltr'>μηδὲν</span> <span class='ocrx_word' id='word_1_250' title='bbox 762 2241 1329 2314; x_wconf 25' lang='grc' dir='ltr'>ἀπόνασθοιὶτούτων,</span> <span class='ocrx_word' id='word_1_251' title='bbox 1367 2247 1504 2314; x_wconf 86' lang='grc' dir='ltr'>μήτε</span> <span class='ocrx_word' id='word_1_252' title='bbox 1542 2245 1649 2316; x_wconf 83' lang='grc' dir='ltr'>μὴν</span> <span class='ocrx_word' id='word_1_253' title='bbox 1698 2243 1972 2307; x_wconf 83' lang='grc' dir='ltr'>λυσιτελές</span> 
     </span>
    </p>
   </div>
   <div class='ocr_carea' id='block_1_36' title="bbox 379 2335 1970 2407">
    <p class='ocr_par' dir='ltr' id='par_1_36' title="bbox 379 2335 1970 2407">
     <span class='ocr_line' id='line_1_36' title="bbox 379 2335 1970 2407; baseline 0.001 -18"><span class='ocrx_word' id='word_1_254' title='bbox 379 2353 442 2389; x_wconf 86' lang='grc' dir='ltr'>τι</span> <span class='ocrx_word' id='word_1_255' title='bbox 478 2335 651 2406; x_wconf 81' lang='grc' dir='ltr'>πέρας</span> <span class='ocrx_word' id='word_1_256' title='bbox 687 2335 872 2407; x_wconf 80' lang='grc' dir='ltr'>εὑρεῖν</span> <span class='ocrx_word' id='word_1_257' title='bbox 898 2351 913 2366; x_wconf 81' lang='grc'><em>’</em></span> <span class='ocrx_word' id='word_1_258' title='bbox 947 2335 1065 2388; x_wconf 82' lang='grc' dir='ltr'>ἀλλ’</span> <span class='ocrx_word' id='word_1_259' title='bbox 1096 2336 1155 2388; x_wconf 76' lang='grc' dir='ltr'>ὲν</span> <span class='ocrx_word' id='word_1_260' title='bbox 1191 2335 1520 2406; x_wconf 84' lang='grc' dir='ltr'>ματαιότητι</span> <span class='ocrx_word' id='word_1_261' title='bbox 1544 2335 1970 2406; x_wconf 80' lang='grc' dir='ltr'>προσαναλῶσαι</span> 
     </span>
    </p>
   </div>
   <div class='ocr_carea' id='block_1_37' title="bbox 379 2421 1969 2499">
    <p class='ocr_par' dir='ltr' id='par_1_37' title="bbox 379 2421 1969 2499">
     <span class='ocr_line' id='line_1_37' title="bbox 379 2421 1969 2499; baseline -0.001 -16"><span class='ocrx_word' id='word_1_262' title='bbox 379 2431 486 2499; x_wconf 82' lang='grc' dir='ltr'>τὴν</span> <span class='ocrx_word' id='word_1_263' title='bbox 519 2429 658 2482; x_wconf 80' lang='grc' dir='ltr'>ἰδίαν</span> <span class='ocrx_word' id='word_1_264' title='bbox 710 2427 876 2496; x_wconf 78' lang='grc' dir='ltr'>ζωήν,</span> <span class='ocrx_word' id='word_1_265' title='bbox 910 2429 999 2496; x_wconf 73' lang='grc' dir='ltr'><strong>ἐφ’</strong></span> <span class='ocrx_word' id='word_1_266' title='bbox 1045 2421 1090 2496; x_wconf 83' lang='grc' dir='ltr'>ᾧ</span> <span class='ocrx_word' id='word_1_267' title='bbox 1140 2427 1764 2498; x_wconf 81' lang='grc' dir='ltr'>χρονικῷ-διαστήματι</span> <span class='ocrx_word' id='word_1_268' title='bbox 1809 2445 1969 2499; x_wconf 83' lang='grc' dir='ltr'>περι-</span> 
     </span>
    </p>
   </div>
   <div class='ocr_carea' id='block_1_38' title="bbox 382 2518 1969 2590">
    <p class='ocr_par' dir='ltr' id='par_1_38' title="bbox 382 2518 1969 2590">
     <span class='ocr_line' id='line_1_38' title="bbox 382 2518 1969 2590; baseline -0.002 -15"><span class='ocrx_word' id='word_1_269' title='bbox 382 2520 725 2575; x_wconf 84' lang='grc' dir='ltr'>σπούδαστον</span> <span class='ocrx_word' id='word_1_270' title='bbox 757 2520 948 2589; x_wconf 78' lang='grc' dir='ltr'>ἡγεῖτο</span> <span class='ocrx_word' id='word_1_271' title='bbox 970 2520 1069 2582; x_wconf 79' lang='grc' dir='ltr'><strong>τάς</strong></span> <span class='ocrx_word' id='word_1_272' title='bbox 1099 2518 1580 2590; x_wconf 74' lang='grc' dir='ltr'>σαρκικάςὴδονὰς</span> <span class='ocrx_word' id='word_1_273' title='bbox 1608 2519 1808 2573; x_wconf 71' lang='grc' dir='ltr'>καὶτὸν</span> <span class='ocrx_word' id='word_1_274' title='bbox 1832 2521 1969 2573; x_wconf 84' lang='grc' dir='ltr'>ἀπο-</span> 
     </span>
    </p>
   </div>
   <div class='ocr_carea' id='block_1_39' title="bbox 377 2611 1968 2684">
    <p class='ocr_par' dir='ltr' id='par_1_39' title="bbox 377 2611 1968 2684">
     <span class='ocr_line' id='line_1_39' title="bbox 377 2611 1968 2684; baseline -0.002 -16"><span class='ocrx_word' id='word_1_275' title='bbox 377 2613 676 2668; x_wconf 63' lang='grc' dir='ltr'>λαυστικίιν</span> <span class='ocrx_word' id='word_1_276' title='bbox 730 2613 826 2666; x_wconf 80' lang='grc' dir='ltr'>καὶ</span> <span class='ocrx_word' id='word_1_277' title='bbox 886 2612 1236 2683; x_wconf 81' lang='grc' dir='ltr'>δουλοπρεπῆ</span> <span class='ocrx_word' id='word_1_278' title='bbox 1295 2611 1446 2682; x_wconf 81' lang='grc' dir='ltr'>βίον’</span> <span class='ocrx_word' id='word_1_279' title='bbox 1516 2613 1604 2666; x_wconf 82' lang='grc' dir='ltr'><strong>ἵνα</strong></span> <span class='ocrx_word' id='word_1_280' title='bbox 1659 2612 1826 2684; x_wconf 80' lang='grc' dir='ltr'>πείσῃ</span> <span class='ocrx_word' id='word_1_281' title='bbox 1872 2614 1968 2666; x_wconf 74' lang='grc' dir='ltr'><strong>καὶ</strong></span> 
     </span>
    </p>
   </div>
   <div class='ocr_carea' id='block_1_40' title="bbox 379 2701 1969 2774">
    <p class='ocr_par' dir='ltr' id='par_1_40' title="bbox 379 2701 1969 2774">
     <span class='ocr_line' id='line_1_40' title="bbox 379 2701 1969 2774; baseline -0.003 -15"><span class='ocrx_word' id='word_1_282' title='bbox 379 2705 599 2767; x_wconf 80' lang='grc' dir='ltr'>πάντας</span> <span class='ocrx_word' id='word_1_283' title='bbox 628 2703 754 2766; x_wconf 74' lang='grc' dir='ltr'>τοὺς</span> <span class='ocrx_word' id='word_1_284' title='bbox 785 2702 1289 2773; x_wconf 82' lang='grc' dir='ltr'>μεταγενεστέρους</span> <span class='ocrx_word' id='word_1_285' title='bbox 1324 2701 1569 2774; x_wconf 82' lang='grc' dir='ltr'>φευκτὴν</span> <span class='ocrx_word' id='word_1_286' title='bbox 1597 2701 1849 2772; x_wconf 83' lang='grc' dir='ltr'>ἡγεῖσθαι</span> <span class='ocrx_word' id='word_1_287' title='bbox 1871 2701 1969 2756; x_wconf 66' lang='grc' dir='ltr'><strong>καὶ⁴</strong></span> 
     </span>
    </p>
   </div>
   <div class='ocr_carea' id='block_1_41' title="bbox 379 2793 1968 2866">
    <p class='ocr_par' dir='ltr' id='par_1_41' title="bbox 379 2793 1968 2866">
     <span class='ocr_line' id='line_1_41' title="bbox 379 2793 1968 2866; baseline -0.002 -17"><span class='ocrx_word' id='word_1_288' title='bbox 379 2793 666 2866; x_wconf 83' lang='grc' dir='ltr'>στυγητὴν</span> <span class='ocrx_word' id='word_1_289' title='bbox 697 2793 796 2866; x_wconf 83' lang='grc' dir='ltr'>τὴν</span> <span class='ocrx_word' id='word_1_290' title='bbox 828 2795 920 2848; x_wconf 81' lang='grc' dir='ltr'>ὑπ’</span> <span class='ocrx_word' id='word_1_291' title='bbox 957 2794 1124 2848; x_wconf 80' lang='grc' dir='ltr'>αὑτοῦ</span> <span class='ocrx_word' id='word_1_292' title='bbox 1157 2794 1610 2865; x_wconf 82' lang='grc' dir='ltr'>διαγραφομένην</span> <span class='ocrx_word' id='word_1_293' title='bbox 1645 2795 1738 2848; x_wconf 75' lang='grc' dir='ltr'><strong>καὶ</strong></span> <span class='ocrx_word' id='word_1_294' title='bbox 1793 2811 1968 2864; x_wconf 82' lang='grc' dir='ltr'>χαρα-</span> 
     </span>
    </p>
   </div>
   <div class='ocr_carea' id='block_1_42' title="bbox 377 2883 1967 2956">
    <p class='ocr_par' dir='ltr' id='par_1_42' title="bbox 377 2883 1967 2956">
     <span class='ocr_line' id='line_1_42' title="bbox 377 2883 1967 2956; baseline -0.001 -18"><span class='ocrx_word' id='word_1_295' title='bbox 377 2885 789 2956; x_wconf 74' lang='grc' dir='ltr'>κτηριζομένην</span> <span class='ocrx_word' id='word_1_296' title='bbox 825 2884 972 2956; x_wconf 81' lang='grc' dir='ltr'>ζωὴν</span> <span class='ocrx_word' id='word_1_297' title='bbox 1005 2885 1098 2940; x_wconf 70' lang='grc' dir='ltr'>καὶ</span> <span class='ocrx_word' id='word_1_298' title='bbox 1130 2885 1411 2938; x_wconf 81' lang='grc' dir='ltr'>πολιτείαν</span> <span class='ocrx_word' id='word_1_299' title='bbox 1449 2884 1525 2950; x_wconf 83' lang='grc' dir='ltr'>ὡς</span> <span class='ocrx_word' id='word_1_300' title='bbox 1556 2883 1814 2954; x_wconf 77' lang='grc' dir='ltr'>πρόξενον</span> <span class='ocrx_word' id='word_1_301' title='bbox 1843 2884 1967 2937; x_wconf 86' lang='grc' dir='ltr'>πολ-</span> 
     </span>
    </p>
   </div>
   <div class='ocr_carea' id='block_1_43' title="bbox 375 2974 1832 3051">
    <p class='ocr_par' dir='ltr' id='par_1_43' title="bbox 375 2974 1832 3051">
     <span class='ocr_line' id='line_1_43' title="bbox 375 2974 1832 3051; baseline 0.003 -24"><span class='ocrx_word' id='word_1_302' title='bbox 375 2974 482 3045; x_wconf 83' lang='grc' dir='ltr'><strong>λῆς</strong></span> <span class='ocrx_word' id='word_1_303' title='bbox 509 2975 849 3045; x_wconf 85' lang='grc' dir='ltr'>ἀθλιότητος.</span> <span class='ocrx_word' id='word_1_304' title='bbox 1825 3043 1832 3051; x_wconf 36' lang='grc' dir='ltr'>ι</span> 
     </span>
    </p>
   </div>
   <div class='ocr_carea' id='block_1_44' title="bbox 457 3067 1968 3140">
    <p class='ocr_par' dir='ltr' id='par_1_44' title="bbox 457 3067 1968 3140">
     <span class='ocr_line' id='line_1_44' title="bbox 457 3067 1968 3140; baseline 0.001 -18"><span class='ocrx_word' id='word_1_305' title='bbox 457 3068 819 3138; x_wconf 82' lang='grc' dir='ltr'>Κωμῳδήσας</span> <span class='ocrx_word' id='word_1_306' title='bbox 850 3069 960 3140; x_wconf 84' lang='grc' dir='ltr'>γὰρ</span> <span class='ocrx_word' id='word_1_307' title='bbox 989 3071 1085 3123; x_wconf 73' lang='grc' dir='ltr'>καὶ</span> <span class='ocrx_word' id='word_1_308' title='bbox 1140 3067 1410 3138; x_wconf 85' lang='grc' dir='ltr'>διασύρας</span> <span class='ocrx_word' id='word_1_309' title='bbox 1457 3069 1555 3122; x_wconf 77' lang='grc' dir='ltr'><strong>καὶ</strong></span> <span class='ocrx_word' id='word_1_310' title='bbox 1607 3069 1968 3140; x_wconf 86' lang='grc' dir='ltr'>στηλιτεύσας</span> 
     </span>
    </p>
   </div>
   <div class='ocr_carea' id='block_1_45' title="bbox 373 3158 1969 3232">
    <p class='ocr_par' dir='ltr' id='par_1_45' title="bbox 373 3158 1969 3232">
     <span class='ocr_line' id='line_1_45' title="bbox 373 3158 1969 3232; baseline -0.001 -20"><span class='ocrx_word' id='word_1_311' title='bbox 373 3159 483 3228; x_wconf 79' lang='grc' dir='ltr'>τὴν</span> <span class='ocrx_word' id='word_1_312' title='bbox 517 3159 656 3212; x_wconf 83' lang='grc' dir='ltr'>ἰδίαν</span> <span class='ocrx_word' id='word_1_313' title='bbox 693 3159 1022 3230; x_wconf 83' lang='grc' dir='ltr'>προαίρεσιν</span> <span class='ocrx_word' id='word_1_314' title='bbox 1072 3158 1150 3223; x_wconf 81' lang='grc' dir='ltr'>ὡς</span> <span class='ocrx_word' id='word_1_315' title='bbox 1205 3159 1604 3230; x_wconf 81' lang='grc' dir='ltr'>ἀπειροκαλίας</span> <span class='ocrx_word' id='word_1_316' title='bbox 1655 3159 1969 3232; x_wconf 79' lang='grc' dir='ltr'>εὑρεθεῖσαν</span> 
     </span>
    </p>
   </div>
   <div class='ocr_carea' id='block_1_46' title="bbox 371 3246 1971 3324">
    <p class='ocr_par' dir='ltr' id='par_1_46' title="bbox 371 3246 1971 3324">
     <span class='ocr_line' id='line_1_46' title="bbox 371 3246 1971 3324; baseline 0 -19"><span class='ocrx_word' id='word_1_317' title='bbox 371 3251 710 3320; x_wconf 80' lang='grc' dir='ltr'>ἀνάμεστον,</span> <span class='ocrx_word' id='word_1_318' title='bbox 753 3253 813 3306; x_wconf 81' lang='grc' dir='ltr'>ὲν</span> <span class='ocrx_word' id='word_1_319' title='bbox 874 3246 957 3314; x_wconf 70' lang='grc' dir='ltr'><strong>οἷς</strong></span> <span class='ocrx_word' id='word_1_320' title='bbox 1012 3253 1229 3324; x_wconf 81' lang='grc' dir='ltr'>καιροῖς</span> <span class='ocrx_word' id='word_1_321' title='bbox 1282 3253 1413 3322; x_wconf 76' lang='grc' dir='ltr'>περὶ</span> <span class='ocrx_word' id='word_1_322' title='bbox 1456 3251 1559 3316; x_wconf 85' lang='grc' dir='ltr'>τὰς</span> <span class='ocrx_word' id='word_1_323' title='bbox 1607 3252 1971 3320; x_wconf 81' lang='grc' dir='ltr'>φαυλοποιοὺς</span> 
     </span>
    </p>
   </div>
   <div class='ocr_carea' id='block_1_47' title="bbox 372 3343 2003 3416">
    <p class='ocr_par' dir='ltr' id='par_1_47' title="bbox 372 3343 2003 3416">
     <span class='ocr_line' id='line_1_47' title="bbox 372 3343 2003 3416; baseline 0 -19"><span class='ocrx_word' id='word_1_324' title='bbox 372 3343 577 3415; x_wconf 70' lang='grc' dir='ltr'>ἡδονάς</span> <span class='ocrx_word' id='word_1_325' title='bbox 615 3347 710 3398; x_wconf 82' lang='grc' dir='ltr'>καὶ</span> <span class='ocrx_word' id='word_1_326' title='bbox 763 3345 981 3416; x_wconf 80' lang='grc' dir='ltr'>τρυφὰς</span> <span class='ocrx_word' id='word_1_327' title='bbox 1032 3345 1124 3398; x_wconf 81' lang='grc' dir='ltr'><strong>τὸν</strong></span> <span class='ocrx_word' id='word_1_328' title='bbox 1171 3343 1368 3398; x_wconf 78' lang='grc' dir='ltr'>ἑαυτοῦ</span> <span class='ocrx_word' id='word_1_329' title='bbox 1421 3345 1778 3413; x_wconf 83' lang='grc' dir='ltr'>κατηνάλωσε</span> <span class='ocrx_word' id='word_1_330' title='bbox 1830 3344 2003 3414; x_wconf 51' lang='grc' dir='ltr'>βίον,</span> 
     </span>
    </p>
   </div>
   <div class='ocr_carea' id='block_1_48' title="bbox 375 3430 1970 3508">
    <p class='ocr_par' dir='ltr' id='par_1_48' title="bbox 375 3430 1970 3508">
     <span class='ocr_line' id='line_1_48' title="bbox 375 3430 1970 3508; baseline 0.001 -20"><span class='ocrx_word' id='word_1_331' title='bbox 375 3436 690 3507; x_wconf 86' lang='grc' dir='ltr'>εἰσηγεῖται</span> <span class='ocrx_word' id='word_1_332' title='bbox 751 3435 1078 3508; x_wconf 73' lang='grc' dir='ltr'>διαρρήδην,</span> <span class='ocrx_word' id='word_1_333' title='bbox 1133 3430 1248 3490; x_wconf 75' lang='grc' dir='ltr'>οἷόν</span> <span class='ocrx_word' id='word_1_334' title='bbox 1305 3451 1391 3498; x_wconf 90' lang='grc' dir='ltr'><strong>τις</strong></span> <span class='ocrx_word' id='word_1_335' title='bbox 1445 3437 1970 3507; x_wconf 85' lang='grc' dir='ltr'>μεγαλοφωνότατος</span> 
     </span>
    </p>
   </div>
   <div class='ocr_carea' id='block_1_49' title="bbox 375 3524 1969 3599">
    <p class='ocr_par' dir='ltr' id='par_1_49' title="bbox 375 3524 1969 3599">
     <span class='ocr_line' id='line_1_49' title="bbox 375 3524 1969 3599; baseline 0 -18"><span class='ocrx_word' id='word_1_336' title='bbox 375 3528 584 3599; x_wconf 81' lang='grc' dir='ltr'>κῆρυξ,</span> <span class='ocrx_word' id='word_1_337' title='bbox 614 3526 692 3598; x_wconf 86' lang='grc' dir='ltr'>τῷ</span> <span class='ocrx_word' id='word_1_338' title='bbox 722 3526 842 3580; x_wconf 89' lang='grc' dir='ltr'>καθ’</span> <span class='ocrx_word' id='word_1_339' title='bbox 875 3524 1077 3580; x_wconf 81' lang='grc' dir='ltr'>ἑαυτοῦ</span> <span class='ocrx_word' id='word_1_340' title='bbox 1103 3526 1522 3599; x_wconf 85' lang='grc' dir='ltr'>παραδείγματι</span> <span class='ocrx_word' id='word_1_341' title='bbox 1555 3527 1824 3598; x_wconf 83' lang='grc' dir='ltr'>μηδαμῶς</span> <span class='ocrx_word' id='word_1_342' title='bbox 1856 3530 1969 3592; x_wconf 87' lang='grc' dir='ltr'>τοῖς</span> 
     </span>
    </p>
   </div>
   <div class='ocr_carea' id='block_1_50' title="bbox 374 3616 1970 3688">
    <p class='ocr_par' dir='ltr' id='par_1_50' title="bbox 374 3616 1970 3688">
     <span class='ocr_line' id='line_1_50' title="bbox 374 3616 1970 3688; baseline -0.003 -15"><span class='ocrx_word' id='word_1_343' title='bbox 374 3619 568 3680; x_wconf 79' lang='grc' dir='ltr'>αὐτοῖς</span> <span class='ocrx_word' id='word_1_344' title='bbox 601 3616 984 3687; x_wconf 79' lang='grc' dir='ltr'>περιπαρῆναι</span> <span class='ocrx_word' id='word_1_345' title='bbox 1029 3616 1338 3681; x_wconf 80' lang='grc' dir='ltr'>θελκτικοίς</span> <span class='ocrx_word' id='word_1_346' title='bbox 1385 3617 1495 3670; x_wconf 89' lang='grc' dir='ltr'><strong>τῶν</strong></span> <span class='ocrx_word' id='word_1_347' title='bbox 1541 3617 1842 3688; x_wconf 78' lang='grc' dir='ltr'>ὀφθαλμῶν</span> <span class='ocrx_word' id='word_1_348' title='bbox 1891 3616 1970 3670; x_wconf 82' lang='grc' dir='ltr'><strong>ετ-</strong></span> 
     </span>
    </p>
   </div>
   <div class='ocr_carea' id='block_1_51' title="bbox 372 3707 1968 3781">
    <p class='ocr_par' dir='ltr' id='par_1_51' title="bbox 372 3707 1968 3781">
     <span class='ocr_line' id='line_1_51' title="bbox 372 3707 1968 3781; baseline 0 -15"><span class='ocrx_word' id='word_1_349' title='bbox 372 3711 499 3766; x_wconf 83' lang='grc' dir='ltr'>δεσι</span> <span class='ocrx_word' id='word_1_350' title='bbox 530 3711 627 3763; x_wconf 82' lang='grc' dir='ltr'><strong>καὶ</strong></span> <span class='ocrx_word' id='word_1_351' title='bbox 659 3707 1017 3780; x_wconf 85' lang='grc' dir='ltr'>μορφώμασι,</span> <span class='ocrx_word' id='word_1_352' title='bbox 1077 3708 1216 3781; x_wconf 82' lang='grc' dir='ltr'>μηδὲ</span> <span class='ocrx_word' id='word_1_353' title='bbox 1251 3709 1659 3780; x_wconf 82' lang='grc' dir='ltr'>κατασχεθῆναι</span> <span class='ocrx_word' id='word_1_354' title='bbox 1691 3713 1812 3773; x_wconf 86' lang='grc' dir='ltr'>ταῖς</span> <span class='ocrx_word' id='word_1_355' title='bbox 1867 3710 1968 3781; x_wconf 80' lang='grc' dir='ltr'>ἀρ·-</span> 
     </span>
    </p>
   </div>
   <div class='ocr_carea' id='block_1_52' title="bbox 373 3793 1967 3872">
    <p class='ocr_par' dir='ltr' id='par_1_52' title="bbox 373 3793 1967 3872">
     <span class='ocr_line' id='line_1_52' title="bbox 373 3793 1967 3872; baseline -0.001 -15"><span class='ocrx_word' id='word_1_356' title='bbox 373 3820 509 3858; x_wconf 81' lang='grc' dir='ltr'>κυσι</span> <span class='ocrx_word' id='word_1_357' title='bbox 544 3801 656 3855; x_wconf 88' lang='grc' dir='ltr'><strong>τῶν</strong></span> <span class='ocrx_word' id='word_1_358' title='bbox 681 3801 1104 3855; x_wconf 83' lang='grc' dir='ltr'>ἀπολαυστικῶν</span> <span class='ocrx_word' id='word_1_359' title='bbox 1132 3801 1234 3871; x_wconf 82' lang='grc' dir='ltr'>τῆς</span> <span class='ocrx_word' id='word_1_360' title='bbox 1259 3801 1486 3872; x_wconf 86' lang='grc' dir='ltr'>ἀτιμίας</span> <span class='ocrx_word' id='word_1_361' title='bbox 1513 3793 1752 3854; x_wconf 46' lang='grc' dir='ltr'>παθῶνᾙ</span> <span class='ocrx_word' id='word_1_362' title='bbox 1782 3802 1967 3856; x_wconf 85' lang='grc' dir='ltr'>Πάντα</span> 
     </span>
    </p>
   </div>
   <div class='ocr_carea' id='block_1_53' title="bbox 372 3891 1963 3964">
    <p class='ocr_par' dir='ltr' id='par_1_53' title="bbox 372 3891 1963 3964">
     <span class='ocr_line' id='line_1_53' title="bbox 372 3891 1963 3964; baseline -0.002 -16"><span class='ocrx_word' id='word_1_363' title='bbox 372 3895 512 3964; x_wconf 80' lang='grc' dir='ltr'>γάρ,</span> <span class='ocrx_word' id='word_1_364' title='bbox 543 3893 704 3963; x_wconf 73' lang='grc' dir='ltr'>φησὶ,</span> <span class='ocrx_word' id='word_1_365' title='bbox 735 3891 1174 3962; x_wconf 85' lang='grc' dir='ltr'>παριππεύουσι,</span> <span class='ocrx_word' id='word_1_366' title='bbox 1207 3892 1306 3945; x_wconf 76' lang='grc' dir='ltr'>καὶ</span> <span class='ocrx_word' id='word_1_367' title='bbox 1349 3892 1722 3963; x_wconf 82' lang='grc' dir='ltr'>παρέρχονται</span> <span class='ocrx_word' id='word_1_368' title='bbox 1754 3892 1963 3946; x_wconf 81' lang='grc' dir='ltr'>καπνοῦ</span> 
     </span>
    </p>
   </div>
   <div class='ocr_carea' id='block_1_54' title="bbox 359 3981 1966 4057">
    <p class='ocr_par' dir='ltr' id='par_1_54' title="bbox 359 3981 1966 4057">
     <span class='ocr_line' id='line_1_54' title="bbox 359 3981 1966 4057; baseline -0.001 -17"><span class='ocrx_word' id='word_1_369' title='bbox 359 3987 558 4057; x_wconf 73' lang='grc' dir='ltr'>δίκην,</span> <span class='ocrx_word' id='word_1_370' title='bbox 589 3982 766 4038; x_wconf 83' lang='grc' dir='ltr'>πολλά</span> <span class='ocrx_word' id='word_1_371' title='bbox 814 3983 916 4052; x_wconf 82' lang='grc' dir='ltr'>μὲν</span> <span class='ocrx_word' id='word_1_372' title='bbox 970 3981 1330 4054; x_wconf 81' lang='grc' dir='ltr'>δριμύξαντος</span> <span class='ocrx_word' id='word_1_373' title='bbox 1379 3985 1506 4047; x_wconf 86' lang='grc' dir='ltr'>τοὺς</span> <span class='ocrx_word' id='word_1_374' title='bbox 1547 3983 1643 4037; x_wconf 85' lang='grc' dir='ltr'>τοῦ</span> <span class='ocrx_word' id='word_1_375' title='bbox 1711 3983 1966 4056; x_wconf 86' lang='grc' dir='ltr'>σώματος</span> 
     </span>
    </p>
   </div>
   <div class='ocr_carea' id='block_1_55' title="bbox 370 4073 1962 4145">
    <p class='ocr_par' dir='ltr' id='par_1_55' title="bbox 370 4073 1962 4145">
     <span class='ocr_line' id='line_1_55' title="bbox 370 4073 1962 4145; baseline 0.001 -16"><span class='ocrx_word' id='word_1_376' title='bbox 370 4075 716 4145; x_wconf 78' lang='grc' dir='ltr'>ὀφθαλμοὺς,</span> <span class='ocrx_word' id='word_1_377' title='bbox 745 4073 1170 4138; x_wconf 86' lang='grc' dir='ltr'>πολλαπλασίως</span> <span class='ocrx_word' id='word_1_378' title='bbox 1202 4075 1260 4128; x_wconf 74' lang='grc' dir='ltr'>δὲ</span> <span class='ocrx_word' id='word_1_379' title='bbox 1285 4073 1632 4144; x_wconf 78' lang='grc' dir='ltr'>ζοφὼσαντος</span> <span class='ocrx_word' id='word_1_380' title='bbox 1678 4076 1808 4140; x_wconf 85' lang='grc' dir='ltr'>τοὺς</span> <span class='ocrx_word' id='word_1_381' title='bbox 1845 4093 1962 4130; x_wconf 82' lang='grc' dir='ltr'>νοε-</span> 
     </span>
    </p>
   </div>
   <div class='ocr_carea' id='block_1_56' title="bbox 373 4164 1963 4237">
    <p class='ocr_par' dir='ltr' id='par_1_56' title="bbox 373 4164 1963 4237">
     <span class='ocr_line' id='line_1_56' title="bbox 373 4164 1963 4237; baseline 0.001 -19"><span class='ocrx_word' id='word_1_382' title='bbox 373 4166 508 4236; x_wconf 73' lang='lat' dir='ltr'><strong>pob;</strong></span> <span class='ocrx_word' id='word_1_383' title='bbox 535 4165 636 4234; x_wconf 80' lang='grc' dir='ltr'>τῆς</span> <span class='ocrx_word' id='word_1_384' title='bbox 663 4165 866 4236; x_wconf 76' lang='grc' dir='ltr'>ψυχῆς,</span> <span class='ocrx_word' id='word_1_385' title='bbox 906 4166 1003 4219; x_wconf 75' lang='grc' dir='ltr'>καὶ</span> <span class='ocrx_word' id='word_1_386' title='bbox 1034 4164 1110 4237; x_wconf 80' lang='grc' dir='ltr'>μὴ</span> <span class='ocrx_word' id='word_1_387' title='bbox 1141 4167 1604 4237; x_wconf 85' lang='grc' dir='ltr'>συγχωρήσαντος</span> <span class='ocrx_word' id='word_1_388' title='bbox 1632 4167 1963 4222; x_wconf 72' lang='grc' dir='ltr'>ἀναϐλέπειν</span> 
     </span>
    </p>
   </div>
   <div class='ocr_carea' id='block_1_57' title="bbox 369 4255 1964 4331">
    <p class='ocr_par' dir='ltr' id='par_1_57' title="bbox 369 4255 1964 4331">
     <span class='ocr_line' id='line_1_57' title="bbox 369 4255 1964 4331; baseline 0 -19"><span class='ocrx_word' id='word_1_389' title='bbox 369 4258 474 4312; x_wconf 79' lang='grc' dir='ltr'>καὶ</span> <span class='ocrx_word' id='word_1_390' title='bbox 497 4255 712 4328; x_wconf 78' lang='grc' dir='ltr'>δέρκειν</span> <span class='ocrx_word' id='word_1_391' title='bbox 742 4257 882 4328; x_wconf 71' lang='grc' dir='ltr'>πρὸς</span> <span class='ocrx_word' id='word_1_392' title='bbox 935 4257 1034 4327; x_wconf 79' lang='grc' dir='ltr'><strong>τήν</strong></span> <span class='ocrx_word' id='word_1_393' title='bbox 1091 4258 1364 4328; x_wconf 77' lang='grc' dir='ltr'>ἄχραντον</span> <span class='ocrx_word' id='word_1_394' title='bbox 1401 4258 1599 4330; x_wconf 80' lang='grc' dir='ltr'>ήδονὴν</span> <span class='ocrx_word' id='word_1_395' title='bbox 1652 4260 1752 4331; x_wconf 84' lang='grc' dir='ltr'>τῆς</span> <span class='ocrx_word' id='word_1_396' title='bbox 1811 4259 1964 4324; x_wconf 86' lang='grc' dir='ltr'>θείας</span> 
     </span>
    </p>
   </div>
   <div class='ocr_carea' id='block_1_58' title="bbox 367 4347 1960 4423">
    <p class='ocr_par' dir='ltr' id='par_1_58' title="bbox 367 4347 1960 4423">
     <span class='ocr_line' id='line_1_58' title="bbox 367 4347 1960 4423; baseline 0.001 -19"><span class='ocrx_word' id='word_1_397' title='bbox 367 4350 623 4420; x_wconf 82' lang='grc' dir='ltr'>ἀγάπης,</span> <span class='ocrx_word' id='word_1_398' title='bbox 663 4351 758 4403; x_wconf 85' lang='grc' dir='ltr'>καὶ</span> <span class='ocrx_word' id='word_1_399' title='bbox 783 4348 895 4402; x_wconf 87' lang='grc' dir='ltr'><strong>τῶν</strong></span> <span class='ocrx_word' id='word_1_400' title='bbox 926 4347 1029 4420; x_wconf 84' lang='grc' dir='ltr'>τῆς</span> <span class='ocrx_word' id='word_1_401' title='bbox 1075 4349 1280 4420; x_wconf 81' lang='grc' dir='ltr'>ἀρετῆς</span> <span class='ocrx_word' id='word_1_402' title='bbox 1328 4350 1575 4420; x_wconf 86' lang='grc' dir='ltr'>ἀγαθῶν.</span> <span class='ocrx_word' id='word_1_403' title='bbox 1631 4350 1806 4406; x_wconf 80' lang='grc' dir='ltr'>Τοῦτο</span> <span class='ocrx_word' id='word_1_404' title='bbox 1851 4351 1960 4423; x_wconf 85' lang='grc' dir='ltr'><strong>γάρ</strong></span> 
     </span>
    </p>
   </div>
   <div class='ocr_carea' id='block_1_59' title="bbox 367 4441 1959 4514">
    <p class='ocr_par' dir='ltr' id='par_1_59' title="bbox 367 4441 1959 4514">
     <span class='ocr_line' id='line_1_59' title="bbox 367 4441 1959 4514; baseline 0.001 -18"><span class='ocrx_word' id='word_1_405' title='bbox 367 4441 679 4496; x_wconf 83' lang='grc' dir='ltr'>αἰνίττεται</span> <span class='ocrx_word' id='word_1_406' title='bbox 730 4441 994 4509; x_wconf 83' lang='grc' dir='ltr'>φάσκων·</span> <span class='ocrx_word' id='word_1_407' title='bbox 1031 4458 1052 4494; x_wconf 76' lang='grc' dir='ltr'>ι</span> <span class='ocrx_word' id='word_1_408' title='bbox 1089 4442 1202 4496; x_wconf 80' lang='grc' dir='ltr'>Καί</span> <span class='ocrx_word' id='word_1_409' title='bbox 1249 4458 1316 4511; x_wconf 75' lang='grc' dir='ltr'><strong>γε</strong></span> <span class='ocrx_word' id='word_1_410' title='bbox 1368 4443 1534 4512; x_wconf 81' lang='grc' dir='ltr'>σοφία</span> <span class='ocrx_word' id='word_1_411' title='bbox 1592 4460 1697 4512; x_wconf 90' lang='grc' dir='ltr'><strong>μου</strong></span> <span class='ocrx_word' id='word_1_412' title='bbox 1753 4443 1959 4514; x_wconf 80' lang='grc' dir='ltr'>ἐστάθη</span> 
     </span>
    </p>
   </div>
   <div class='ocr_carea' id='block_1_60' title="bbox 372 4549 551 4604">
    <p class='ocr_par' dir='ltr' id='par_1_60' title="bbox 372 4549 551 4604">
     <span class='ocr_line' id='line_1_60' title="bbox 372 4549 551 4604; baseline -0.006 -18"><span class='ocrx_word' id='word_1_413' title='bbox 372 4549 494 4604; x_wconf 83' lang='grc' dir='ltr'>μοι.</span> <span class='ocrx_word' id='word_1_414' title='bbox 530 4550 551 4585; x_wconf 74' lang='grc' dir='ltr'>ι</span> 
     </span>
    </p>
   </div>
   <div class='ocr_carea' id='block_1_61' title="bbox 449 4620 1964 4693">
    <p class='ocr_par' dir='ltr' id='par_1_61' title="bbox 449 4620 1964 4693">
     <span class='ocr_line' id='line_1_61' title="bbox 449 4620 1964 4693; baseline 0 -16"><span class='ocrx_word' id='word_1_415' title='bbox 449 4623 750 4692; x_wconf 73' lang='grc' dir='ltr'>Μονονουχὶ</span> <span class='ocrx_word' id='word_1_416' title='bbox 782 4622 892 4693; x_wconf 84' lang='grc' dir='ltr'><strong>γάρ</strong></span> <span class='ocrx_word' id='word_1_417' title='bbox 914 4638 1069 4692; x_wconf 84' lang='grc' dir='ltr'>φησι,</span> <span class='ocrx_word' id='word_1_418' title='bbox 1098 4621 1222 4676; x_wconf 88' lang='grc' dir='ltr'><strong>Τῶν</strong></span> <span class='ocrx_word' id='word_1_419' title='bbox 1244 4620 1420 4677; x_wconf 85' lang='grc' dir='ltr'>ἄλλων</span> <span class='ocrx_word' id='word_1_420' title='bbox 1458 4623 1678 4678; x_wconf 89' lang='grc' dir='ltr'>πάντων</span> <span class='ocrx_word' id='word_1_421' title='bbox 1719 4622 1964 4678; x_wconf 85' lang='grc' dir='ltr'>ἀπολαυ-</span> 
     </span>
    </p>
   </div>
   <div class='ocr_carea' id='block_1_62' title="bbox 372 4712 1959 4786">
    <p class='ocr_par' dir='ltr' id='par_1_62' title="bbox 372 4712 1959 4786">
     <span class='ocr_line' id='line_1_62' title="bbox 372 4712 1959 4786; baseline 0.001 -20"><span class='ocrx_word' id='word_1_422' title='bbox 372 4712 604 4778; x_wconf 81' lang='grc' dir='ltr'>στικῶν,</span> <span class='ocrx_word' id='word_1_423' title='bbox 623 4713 718 4767; x_wconf 77' lang='grc' dir='ltr'><strong>καὶ</strong></span> <span class='ocrx_word' id='word_1_424' title='bbox 735 4713 1058 4778; x_wconf 83' lang='grc' dir='ltr'>θελκτικῶν,</span> <span class='ocrx_word' id='word_1_425' title='bbox 1075 4713 1169 4766; x_wconf 77' lang='grc' dir='ltr'><strong>καὶ</strong></span> <span class='ocrx_word' id='word_1_426' title='bbox 1182 4713 1456 4783; x_wconf 79' lang='grc' dir='ltr'>τερπνῶν,</span> <span class='ocrx_word' id='word_1_427' title='bbox 1472 4715 1568 4767; x_wconf 78' lang='grc' dir='ltr'><strong>καὶ</strong></span> <span class='ocrx_word' id='word_1_428' title='bbox 1589 4715 1959 4786; x_wconf 87' lang='grc' dir='ltr'>περικαλλῶν,</span> 
     </span>
    </p>
   </div>
   <div class='ocr_carea' id='block_1_63' title="bbox 365 4804 1960 4875">
    <p class='ocr_par' dir='ltr' id='par_1_63' title="bbox 365 4804 1960 4875">
     <span class='ocr_line' id='line_1_63' title="bbox 365 4804 1960 4875; baseline -0.001 -17"><span class='ocrx_word' id='word_1_429' title='bbox 365 4804 618 4875; x_wconf 81' lang='grc' dir='ltr'>δηλονότι</span> <span class='ocrx_word' id='word_1_430' title='bbox 635 4805 743 4859; x_wconf 88' lang='grc' dir='ltr'><strong>τῶν</strong></span> <span class='ocrx_word' id='word_1_431' title='bbox 755 4806 815 4858; x_wconf 76' lang='grc' dir='ltr'>ὲν</span> <span class='ocrx_word' id='word_1_432' title='bbox 828 4809 952 4869; x_wconf 83' lang='grc' dir='ltr'>ταῖς</span> <span class='ocrx_word' id='word_1_433' title='bbox 969 4806 1080 4858; x_wconf 85' lang='grc' dir='ltr'><strong>τῶν</strong></span> <span class='ocrx_word' id='word_1_434' title='bbox 1095 4805 1274 4858; x_wconf 89' lang='grc' dir='ltr'>οίκοδο</span> <span class='ocrx_word' id='word_1_435' title='bbox 1279 4823 1356 4874; x_wconf 88' lang='grc' dir='ltr'><strong>μη</strong></span> <span class='ocrx_word' id='word_1_436' title='bbox 1363 4805 1550 4875; x_wconf 85' lang='grc' dir='ltr'>μάτων</span> <span class='ocrx_word' id='word_1_437' title='bbox 1565 4807 1960 4872; x_wconf 83' lang='grc' dir='ltr'>κατασκευαῖς,</span> 
     </span>
    </p>
   </div>
   <div class='ocr_carea' id='block_1_64' title="bbox 368 4895 1962 4968">
    <p class='ocr_par' dir='ltr' id='par_1_64' title="bbox 368 4895 1962 4968">
     <span class='ocr_line' id='line_1_64' title="bbox 368 4895 1962 4968; baseline -0.001 -18"><span class='ocrx_word' id='word_1_438' title='bbox 368 4895 485 4950; x_wconf 85' lang='grc' dir='ltr'><strong>τῶν</strong></span> <span class='ocrx_word' id='word_1_439' title='bbox 523 4899 581 4951; x_wconf 80' lang='grc' dir='ltr'>ὲν</span> <span class='ocrx_word' id='word_1_440' title='bbox 613 4901 725 4962; x_wconf 79' lang='grc' dir='ltr'>τοῖς</span> <span class='ocrx_word' id='word_1_441' title='bbox 767 4896 1054 4968; x_wconf 87' lang='grc' dir='ltr'>ἀμπελῶσι</span> <span class='ocrx_word' id='word_1_442' title='bbox 1089 4896 1185 4950; x_wconf 68' lang='grc' dir='ltr'>καὶ</span> <span class='ocrx_word' id='word_1_443' title='bbox 1213 4897 1414 4966; x_wconf 78' lang='grc' dir='ltr'>κήποις</span> <span class='ocrx_word' id='word_1_444' title='bbox 1452 4897 1548 4950; x_wconf 75' lang='grc' dir='ltr'><strong>καὶ</strong></span> <span class='ocrx_word' id='word_1_445' title='bbox 1611 4897 1962 4966; x_wconf 83' lang='grc' dir='ltr'>παραδείσοις</span> 
     </span>
    </p>
   </div>
   <div class='ocr_carea' id='block_1_65' title="bbox 370 4987 1961 5060">
    <p class='ocr_par' dir='ltr' id='par_1_65' title="bbox 370 4987 1961 5060">
     <span class='ocr_line' id='line_1_65' title="bbox 370 4987 1961 5060; baseline -0.001 -18"><span class='ocrx_word' id='word_1_446' title='bbox 370 4989 475 5043; x_wconf 74' lang='grc' dir='ltr'><strong>καὶ</strong></span> <span class='ocrx_word' id='word_1_447' title='bbox 523 4991 633 5052; x_wconf 80' lang='grc' dir='ltr'>τοῖς</span> <span class='ocrx_word' id='word_1_448' title='bbox 665 4989 1086 5060; x_wconf 82' lang='grc' dir='ltr'>κολυμϐήθραις</span> <span class='ocrx_word' id='word_1_449' title='bbox 1115 4987 1226 5041; x_wconf 87' lang='grc' dir='ltr'><strong>τῶν</strong></span> <span class='ocrx_word' id='word_1_450' title='bbox 1269 4987 1503 5053; x_wconf 83' lang='grc' dir='ltr'>ὑδάτων,</span> <span class='ocrx_word' id='word_1_451' title='bbox 1553 4987 1651 5041; x_wconf 79' lang='grc' dir='ltr'>καὶ</span> <span class='ocrx_word' id='word_1_452' title='bbox 1691 4987 1771 5058; x_wconf 82' lang='grc' dir='ltr'>τῷ</span> <span class='ocrx_word' id='word_1_453' title='bbox 1807 4987 1961 5060; x_wconf 81' lang='grc' dir='ltr'>ὲσμῷ</span> 
     </span>
    </p>
   </div>
   <div class='ocr_carea' id='block_1_66' title="bbox 367 5078 1962 5148">
    <p class='ocr_par' dir='ltr' id='par_1_66' title="bbox 367 5078 1962 5148">
     <span class='ocr_line' id='line_1_66' title="bbox 367 5078 1962 5148; baseline 0.001 -16"><span class='ocrx_word' id='word_1_454' title='bbox 367 5079 487 5133; x_wconf 79' lang='grc' dir='ltr'><strong>⁴τῶν</strong></span> <span class='ocrx_word' id='word_1_455' title='bbox 513 5081 739 5144; x_wconf 83' lang='grc' dir='ltr'>δούλων,</span> <span class='ocrx_word' id='word_1_456' title='bbox 767 5082 864 5134; x_wconf 78' lang='grc' dir='ltr'>καὶ</span> <span class='ocrx_word' id='word_1_457' title='bbox 907 5079 1237 5143; x_wconf 85' lang='grc' dir='ltr'>παιδισκῶν,</span> <span class='ocrx_word' id='word_1_458' title='bbox 1275 5078 1372 5130; x_wconf 67' lang='grc' dir='ltr'><strong>καὶ⁹</strong></span> <span class='ocrx_word' id='word_1_459' title='bbox 1403 5078 1514 5132; x_wconf 90' lang='grc' dir='ltr'><strong>τῶν</strong></span> <span class='ocrx_word' id='word_1_460' title='bbox 1547 5079 1838 5148; x_wconf 82' lang='grc' dir='ltr'>ποιμνίων,</span> <span class='ocrx_word' id='word_1_461' title='bbox 1864 5079 1962 5133; x_wconf 78' lang='grc' dir='ltr'>καὶ</span> 
     </span>
    </p>
   </div>
   <div class='ocr_carea' id='block_1_67' title="bbox 450 5175 1961 5261">
    <p class='ocr_par' dir='ltr' id='par_1_67' title="bbox 450 5175 1961 5261">
     <span class='ocr_line' id='line_1_67' title="bbox 450 5175 1961 5261; baseline 0 -17"><span class='ocrx_word' id='word_1_462' title='bbox 450 5191 564 5261; x_wconf 75' lang='lat'><strong>(70)</strong></span> <span class='ocrx_word' id='word_1_463' title='bbox 594 5191 749 5261; x_wconf 84' lang='lat' dir='ltr'><strong>Apud</strong></span> <span class='ocrx_word' id='word_1_464' title='bbox 795 5189 940 5246; x_wconf 80' lang='lat' dir='ltr'><strong>LXX</strong></span> <span class='ocrx_word' id='word_1_465' title='bbox 986 5191 1202 5261; x_wconf 74' lang='lat' dir='ltr'><strong>leges...</strong></span> <span class='ocrx_word' id='word_1_466' title='bbox 1243 5175 1338 5243; x_wconf 80' lang='grc' dir='ltr'>τοῦ</span> <span class='ocrx_word' id='word_1_467' title='bbox 1383 5191 1604 5244; x_wconf 81' lang='grc' dir='ltr'>ποτίσαι</span> <span class='ocrx_word' id='word_1_468' title='bbox 1651 5191 1748 5244; x_wconf 84' lang='grc' dir='ltr'>ἀπ’</span> <span class='ocrx_word' id='word_1_469' title='bbox 1780 5191 1961 5244; x_wconf 84' lang='grc' dir='ltr'>αὐτῶν</span> 
     </span>
    </p>
   </div>
   <div class='ocr_carea' id='block_1_68' title="bbox 368 5260 1961 5332">
    <p class='ocr_par' dir='ltr' id='par_1_68' title="bbox 368 5260 1961 5332">
     <span class='ocr_line' id='line_1_68' title="bbox 368 5260 1961 5332; baseline -0.001 -17"><span class='ocrx_word' id='word_1_470' title='bbox 368 5260 582 5332; x_wconf 74' lang='grc' dir='ltr'>δρυμδν</span> <span class='ocrx_word' id='word_1_471' title='bbox 619 5260 935 5332; x_wconf 26' lang='grc' dir='ltr'>βίλαστῶντα</span> <span class='ocrx_word' id='word_1_472' title='bbox 983 5260 1210 5332; x_wconf 61' lang='grc' dir='ltr'>ξύλα..,.</span> <span class='ocrx_word' id='word_1_473' title='bbox 1259 5262 1353 5332; x_wconf 71' lang='grc' dir='ltr'><strong>καὶ</strong></span> <span class='ocrx_word' id='word_1_474' title='bbox 1386 5261 1961 5332; x_wconf 17' lang='grc' dir='ltr'>ἐντρυφήματαὲυἰῶν</span> 
     </span>
    </p>
   </div>
   <div class='ocr_carea' id='block_1_69' title="bbox 369 5329 1960 5402">
    <p class='ocr_par' dir='ltr' id='par_1_69' title="bbox 369 5329 1960 5402">
     <span class='ocr_line' id='line_1_69' title="bbox 369 5329 1960 5402; baseline -0.001 -17"><span class='ocrx_word' id='word_1_475' title='bbox 369 5329 701 5402; x_wconf 80' lang='grc' dir='ltr'>ἀνθρώπων,</span> <span class='ocrx_word' id='word_1_476' title='bbox 737 5333 976 5402; x_wconf 86' lang='grc' dir='ltr'>οἰνοχόον</span> <span class='ocrx_word' id='word_1_477' title='bbox 998 5330 1103 5402; x_wconf 80' lang='grc' dir='ltr'>καὶ</span> <span class='ocrx_word' id='word_1_478' title='bbox 1131 5329 1394 5402; x_wconf 84' lang='grc' dir='ltr'>οἰνοχόας.</span> <span class='ocrx_word' id='word_1_479' title='bbox 1439 5330 1550 5382; x_wconf 79' lang='grc' dir='ltr'><strong>Καὶ</strong></span> <span class='ocrx_word' id='word_1_480' title='bbox 1580 5329 1960 5402; x_wconf 79' lang='grc' dir='ltr'>ἐμεγαλύνθην</span> 
     </span>
    </p>
   </div>
   <div class='ocr_carea' id='block_1_70' title="bbox 367 5399 1962 5524">
    <p class='ocr_par' dir='ltr' id='par_1_70' title="bbox 367 5399 1962 5524">
     <span class='ocr_line' id='line_1_70' title="bbox 369 5399 1962 5473; baseline -0.001 -18"><span class='ocrx_word' id='word_1_481' title='bbox 369 5399 492 5455; x_wconf 67' lang='grc' dir='ltr'><strong>και</strong></span> <span class='ocrx_word' id='word_1_482' title='bbox 521 5403 834 5472; x_wconf 78' lang='grc' dir='ltr'>προσέθηκα</span> <span class='ocrx_word' id='word_1_483' title='bbox 854 5399 1022 5473; x_wconf 13' lang='grc' dir='ltr'>κπαρά</span> <span class='ocrx_word' id='word_1_484' title='bbox 1073 5400 1278 5462; x_wconf 79' lang='grc' dir='ltr'>πάντας</span> <span class='ocrx_word' id='word_1_485' title='bbox 1309 5401 1436 5464; x_wconf 84' lang='grc' dir='ltr'>τοὺς</span> <span class='ocrx_word' id='word_1_486' title='bbox 1479 5399 1808 5468; x_wconf 79' lang='grc' dir='ltr'>γενομὲνους</span> <span class='ocrx_word' id='word_1_487' title='bbox 1851 5399 1962 5454; x_wconf 85' lang='grc' dir='ltr'><strong>ἀπὸ</strong></span> 
     </span>
     <span class='ocr_line' id='line_1_71' title="bbox 367 5471 900 5524; baseline 0 0"><span class='ocrx_word' id='word_1_488' title='bbox 367 5471 684 5524; x_wconf 74' lang='grc' dir='ltr'>ἔμπροσθέν</span> <span class='ocrx_word' id='word_1_489' title='bbox 708 5473 900 5524; x_wconf 77' lang='grc' dir='ltr'>μου....</span> 
     </span>
    </p>
   </div>
   <div class='ocr_carea' id='block_1_71' title="bbox 405 5487 1959 5608">
    <p class='ocr_par' dir='ltr' id='par_1_71' title="bbox 405 5487 1959 5608">
     <span class='ocr_line' id='line_1_72' title="bbox 405 5487 1880 5592; baseline 0.001 -68"><span class='ocrx_word' id='word_1_490' title='bbox 405 5487 684 5592; x_wconf 62' lang='grc' dir='ltr'>μῖἱροσυεν</span> <span class='ocrx_word' id='word_1_491' title='bbox 707 5489 900 5568; x_wconf 45' lang='lat' dir='ltr'><strong>non&quot;...</strong></span> <span class='ocrx_word' id='word_1_492' title='bbox 1047 5540 1102 5552; x_wconf 48' lang='grc' dir='ltr'><strong><em>Η</em></strong></span> <span class='ocrx_word' id='word_1_493' title='bbox 1186 5538 1198 5550; x_wconf 81' lang='lat'><strong>_</strong></span> <span class='ocrx_word' id='word_1_494' title='bbox 1678 5539 1690 5550; x_wconf 40' lang='grc' dir='ltr'>ι</span> <span class='ocrx_word' id='word_1_495' title='bbox 1867 5539 1880 5552; x_wconf 43' lang='grc' dir='ltr'><strong>ο</strong></span> 
     </span>
     <span class='ocr_line' id='line_1_73' title="bbox 481 5535 1959 5608; baseline 0.002 -17"><span class='ocrx_word' id='word_1_496' title='bbox 481 5542 560 5608; x_wconf 76' lang='grc' dir='ltr'><strong>ιι)</strong></span> <span class='ocrx_word' id='word_1_497' title='bbox 618 5540 673 5594; x_wconf 92' lang='lat' dir='ltr'><strong>In</strong></span> <span class='ocrx_word' id='word_1_498' title='bbox 723 5543 932 5596; x_wconf 81' lang='lat' dir='ltr'><strong>scholio</strong></span> <span class='ocrx_word' id='word_1_499' title='bbox 975 5540 1234 5594; x_wconf 80' lang='lat' dir='ltr'><strong>editionis</strong></span> <span class='ocrx_word' id='word_1_500' title='bbox 1287 5535 1554 5593; x_wconf 70' lang='lat' dir='ltr'><strong>Romanae</strong></span> <span class='ocrx_word' id='word_1_501' title='bbox 1611 5552 1794 5606; x_wconf 81' lang='lat' dir='ltr'><strong>priora</strong></span> <span class='ocrx_word' id='word_1_502' title='bbox 1867 5539 1959 5594; x_wconf 81' lang='lat' dir='ltr'><strong>illa</strong></span> 
     </span>
    </p>
   </div>
   <div class='ocr_carea' id='block_1_72' title="bbox 367 5608 1954 5681">
    <p class='ocr_par' dir='ltr' id='par_1_72' title="bbox 367 5608 1954 5681">
     <span class='ocr_line' id='line_1_74' title="bbox 367 5608 1954 5681; baseline -0.001 -19"><span class='ocrx_word' id='word_1_503' title='bbox 367 5613 539 5681; x_wconf 75' lang='lat' dir='ltr'><strong>verba</strong></span> <span class='ocrx_word' id='word_1_504' title='bbox 597 5610 946 5681; x_wconf 82' lang='grc' dir='ltr'>Ἑμεγάλυνα</span> <span class='ocrx_word' id='word_1_505' title='bbox 970 5609 1030 5681; x_wconf 57' lang='lat' dir='ltr'><strong>to</strong></span> <span class='ocrx_word' id='word_1_506' title='bbox 1072 5608 1286 5678; x_wconf 88' lang='grc' dir='ltr'>ποίημά</span> <span class='ocrx_word' id='word_1_507' title='bbox 1317 5626 1418 5678; x_wconf 88' lang='grc' dir='ltr'><strong>μου</strong></span> <span class='ocrx_word' id='word_1_508' title='bbox 1466 5609 1552 5662; x_wconf 88' lang='lat' dir='ltr'><strong>his</strong></span> <span class='ocrx_word' id='word_1_509' title='bbox 1589 5609 1954 5681; x_wconf 64' lang='lat' dir='ltr'><strong>esplicantur,</strong></span> 
     </span>
    </p>
   </div>
   <div class='ocr_carea' id='block_1_73' title="bbox 370 5679 1958 5759">
    <p class='ocr_par' dir='ltr' id='par_1_73' title="bbox 370 5679 1958 5759">
     <span class='ocr_line' id='line_1_75' title="bbox 370 5679 1958 5759; baseline 0 -25"><span class='ocrx_word' id='word_1_510' title='bbox 370 5680 604 5759; x_wconf 57' lang='grc' dir='ltr'>Μεγάλαι</span> <span class='ocrx_word' id='word_1_511' title='bbox 625 5679 865 5759; x_wconf 43' lang='grc' dir='ltr'>ἐποίησά.</span> <span class='ocrx_word' id='word_1_512' title='bbox 874 5698 968 5759; x_wconf 80' lang='grc' dir='ltr'><strong>μοι</strong></span> <span class='ocrx_word' id='word_1_513' title='bbox 992 5679 1153 5750; x_wconf 78' lang='grc' dir='ltr'>ἔργα,</span> <span class='ocrx_word' id='word_1_514' title='bbox 1167 5693 1324 5759; x_wconf 74' lang='lat' dir='ltr'><strong>opera</strong></span> <span class='ocrx_word' id='word_1_515' title='bbox 1346 5693 1540 5759; x_wconf 69' lang='lat' dir='ltr'><strong>nempe</strong></span> <span class='ocrx_word' id='word_1_516' title='bbox 1562 5679 1958 5759; x_wconf 42' lang='lat' dir='ltr'><strong>minimarum</strong></span> 
     </span>
    </p>
   </div>
   <div class='ocr_carea' id='block_1_74' title="bbox 373 5747 1958 5822">
    <p class='ocr_par' dir='ltr' id='par_1_74' title="bbox 373 5747 1958 5822">
     <span class='ocr_line' id='line_1_76' title="bbox 373 5747 1958 5822; baseline 0.001 -20"><span class='ocrx_word' id='word_1_517' title='bbox 373 5747 688 5822; x_wconf 72' lang='lat' dir='ltr'><strong>magniﬁca,</strong></span> <span class='ocrx_word' id='word_1_518' title='bbox 731 5747 806 5805; x_wconf 60' lang='lat' dir='ltr'><strong>E&#39;x</strong></span> <span class='ocrx_word' id='word_1_519' title='bbox 851 5751 921 5804; x_wconf 88' lang='lat' dir='ltr'><strong>iis</strong></span> <span class='ocrx_word' id='word_1_520' title='bbox 964 5747 1130 5822; x_wconf 76' lang='lat' dir='ltr'><strong>porro</strong></span> <span class='ocrx_word' id='word_1_521' title='bbox 1175 5748 1342 5802; x_wconf 84' lang='lat' dir='ltr'><strong>etiam</strong></span> <span class='ocrx_word' id='word_1_522' title='bbox 1390 5747 1648 5822; x_wconf 28' lang='lat' dir='ltr'><strong>Paradis‘i</strong></span> <span class='ocrx_word' id='word_1_523' title='bbox 1691 5749 1863 5822; x_wconf 76' lang='lat' dir='ltr'><strong>fuere,</strong></span> <span class='ocrx_word' id='word_1_524' title='bbox 1891 5750 1958 5804; x_wconf 87' lang='lat' dir='ltr'><strong>de</strong></span> 
     </span>
    </p>
   </div>
   <div class='ocr_carea' id='block_1_75' title="bbox 379 5817 1952 5891">
    <p class='ocr_par' dir='ltr' id='par_1_75' title="bbox 379 5817 1952 5891">
     <span class='ocr_line' id='line_1_77' title="bbox 379 5817 1952 5891; baseline 0.001 -18"><span class='ocrx_word' id='word_1_525' title='bbox 379 5817 584 5891; x_wconf 79' lang='lat' dir='ltr'><strong>quibus</strong></span> <span class='ocrx_word' id='word_1_526' title='bbox 612 5822 780 5891; x_wconf 70' lang='lat' dir='ltr'><strong>quaari</strong></span> <span class='ocrx_word' id='word_1_527' title='bbox 808 5817 981 5885; x_wconf 53' lang='lat' dir='ltr'><strong>solet,’</strong></span> <span class='ocrx_word' id='word_1_528' title='bbox 1003 5819 1132 5890; x_wconf 91' lang='lat' dir='ltr'><strong>quid</strong></span> <span class='ocrx_word' id='word_1_529' title='bbox 1167 5832 1353 5873; x_wconf 80' lang='lat' dir='ltr'><strong>revera</strong></span> <span class='ocrx_word' id='word_1_530' title='bbox 1375 5823 1580 5872; x_wconf 78' lang='lat' dir='ltr'><strong>essent.</strong></span> <span class='ocrx_word' id='word_1_531' title='bbox 1606 5817 1684 5872; x_wconf 84' lang='lat' dir='ltr'><strong>Ac</strong></span> <span class='ocrx_word' id='word_1_532' title='bbox 1715 5819 1952 5888; x_wconf 90' lang='lat' dir='ltr'><strong>primum</strong></span> 
     </span>
    </p>
   </div>
   <div class='ocr_carea' id='block_1_76' title="bbox 2075 1977 3667 2062">
    <p class='ocr_par' dir='ltr' id='par_1_76' title="bbox 2075 1977 3667 2062">
     <span class='ocr_line' id='line_1_78' title="bbox 2075 1977 3667 2062; baseline 0.013 -34"><span class='ocrx_word' id='word_1_533' title='bbox 2075 1982 2221 2044; x_wconf 85' lang='lat' dir='ltr'><strong>ptate</strong></span> <span class='ocrx_word' id='word_1_534' title='bbox 2249 1977 2490 2046; x_wconf 90' lang='lat' dir='ltr'><strong>qualibet</strong></span> <span class='ocrx_word' id='word_1_535' title='bbox 2523 1991 2688 2050; x_wconf 85' lang='lat' dir='ltr'><strong>atque</strong></span> <span class='ocrx_word' id='word_1_536' title='bbox 2722 1983 2933 2037; x_wconf 79' lang='lat' dir='ltr'><strong>desidia</strong></span> <span class='ocrx_word' id='word_1_537' title='bbox 2969 1986 3195 2056; x_wconf 78' lang='lat' dir='ltr'><strong>upipare</strong></span> <span class='ocrx_word' id='word_1_538' title='bbox 3229 1997 3667 2062; x_wconf 85' lang='lat' dir='ltr'><strong>sumptuoseque</strong></span> 
     </span>
    </p>
   </div>
   <div class='ocr_carea' id='block_1_77' title="bbox 2074 2073 3663 2149">
    <p class='ocr_par' dir='ltr' id='par_1_77' title="bbox 2074 2073 3663 2149">
     <span class='ocr_line' id='line_1_79' title="bbox 2074 2073 3663 2149; baseline 0.009 -29"><span class='ocrx_word' id='word_1_539' title='bbox 2074 2079 2196 2121; x_wconf 87' lang='lat' dir='ltr'><strong>esse</strong></span> <span class='ocrx_word' id='word_1_540' title='bbox 2220 2077 2520 2132; x_wconf 85' lang='lat' dir='ltr'><strong>versatum,</strong></span> <span class='ocrx_word' id='word_1_541' title='bbox 2563 2079 2618 2124; x_wconf 88' lang='lat' dir='ltr'><strong>et</strong></span> <span class='ocrx_word' id='word_1_542' title='bbox 2651 2073 2900 2142; x_wconf 81' lang='lat' dir='ltr'><strong>corporis</strong></span> <span class='ocrx_word' id='word_1_543' title='bbox 2946 2076 3340 2144; x_wconf 78' lang='lat' dir='ltr'><strong>cupiditatibus</strong></span> <span class='ocrx_word' id='word_1_544' title='bbox 3373 2079 3520 2149; x_wconf 86' lang='lat' dir='ltr'><strong>large</strong></span> <span class='ocrx_word' id='word_1_545' title='bbox 3560 2080 3663 2136; x_wconf 84' lang='lat' dir='ltr'><strong>ad-</strong></span> 
     </span>
    </p>
   </div>
   <div class='ocr_carea' id='block_1_78' title="bbox 2075 2159 3664 2242">
    <p class='ocr_par' dir='ltr' id='par_1_78' title="bbox 2075 2159 3664 2242">
     <span class='ocr_line' id='line_1_80' title="bbox 2075 2159 3664 2242; baseline 0.01 -30"><span class='ocrx_word' id='word_1_546' title='bbox 2075 2159 2299 2213; x_wconf 88' lang='lat' dir='ltr'><strong>modum</strong></span> <span class='ocrx_word' id='word_1_547' title='bbox 2332 2159 2628 2216; x_wconf 84' lang='lat' dir='ltr'><strong>indulsisse</strong></span> <span class='ocrx_word' id='word_1_548' title='bbox 2660 2180 2673 2214; x_wconf 88' lang='lat'><strong>:</strong></span> <span class='ocrx_word' id='word_1_549' title='bbox 2707 2173 2764 2218; x_wconf 88' lang='lat' dir='ltr'><strong>at</strong></span> <span class='ocrx_word' id='word_1_550' title='bbox 2791 2164 2925 2219; x_wconf 90' lang='lat' dir='ltr'><strong>nihil</strong></span> <span class='ocrx_word' id='word_1_551' title='bbox 2957 2166 3087 2221; x_wconf 90' lang='lat' dir='ltr'><strong>inde</strong></span> <span class='ocrx_word' id='word_1_552' title='bbox 3111 2169 3384 2223; x_wconf 88' lang='lat' dir='ltr'><strong>commodi</strong></span> <span class='ocrx_word' id='word_1_553' title='bbox 3418 2169 3530 2242; x_wconf 68' lang='grc'><strong>44</strong></span> <span class='ocrx_word' id='word_1_554' title='bbox 3557 2172 3664 2228; x_wconf 89' lang='lat' dir='ltr'><strong>sibi</strong></span> 
     </span>
    </p>
   </div>
   <div class='ocr_carea' id='block_1_79' title="bbox 2074 2253 3661 2329">
    <p class='ocr_par' dir='ltr' id='par_1_79' title="bbox 2074 2253 3661 2329">
     <span class='ocr_line' id='line_1_81' title="bbox 2074 2253 3661 2329; baseline 0.01 -26"><span class='ocrx_word' id='word_1_555' title='bbox 2074 2258 2317 2319; x_wconf 86' lang='lat' dir='ltr'><strong>partum,</strong></span> <span class='ocrx_word' id='word_1_556' title='bbox 2349 2267 2452 2307; x_wconf 90' lang='lat' dir='ltr'><strong>nec</strong></span> <span class='ocrx_word' id='word_1_557' title='bbox 2484 2254 2635 2307; x_wconf 91' lang='lat' dir='ltr'><strong>illum</strong></span> <span class='ocrx_word' id='word_1_558' title='bbox 2671 2253 2726 2308; x_wconf 91' lang='lat' dir='ltr'><strong>in</strong></span> <span class='ocrx_word' id='word_1_559' title='bbox 2759 2257 2906 2312; x_wconf 74' lang='lat' dir='ltr'><strong>exitu</strong></span> <span class='ocrx_word' id='word_1_560' title='bbox 2951 2261 3336 2329; x_wconf 82' lang='lat' dir='ltr'><strong>compendium</strong></span> <span class='ocrx_word' id='word_1_561' title='bbox 3371 2263 3615 2319; x_wconf 88' lang='lat' dir='ltr'><strong>oblatum</strong></span> <span class='ocrx_word' id='word_1_562' title='bbox 3643 2279 3661 2318; x_wconf 87' lang='lat'><strong>:</strong></span> 
     </span>
    </p>
   </div>
   <div class='ocr_carea' id='block_1_80' title="bbox 2073 2343 3664 2420">
    <p class='ocr_par' dir='ltr' id='par_1_80' title="bbox 2073 2343 3664 2420">
     <span class='ocr_line' id='line_1_82' title="bbox 2073 2343 3664 2420; baseline 0.012 -29"><span class='ocrx_word' id='word_1_563' title='bbox 2073 2347 2133 2392; x_wconf 84' lang='lat' dir='ltr'><strong>ut</strong></span> <span class='ocrx_word' id='word_1_564' title='bbox 2183 2343 2373 2396; x_wconf 88' lang='lat' dir='ltr'><strong>tandiu</strong></span> <span class='ocrx_word' id='word_1_565' title='bbox 2424 2351 2638 2398; x_wconf 62' lang='lat' dir='ltr'><strong>aetatem</strong></span> <span class='ocrx_word' id='word_1_566' title='bbox 2697 2359 2852 2400; x_wconf 88' lang='lat' dir='ltr'><strong>suam</strong></span> <span class='ocrx_word' id='word_1_567' title='bbox 2917 2347 2969 2401; x_wconf 91' lang='lat' dir='ltr'><strong>in</strong></span> <span class='ocrx_word' id='word_1_568' title='bbox 3023 2351 3262 2404; x_wconf 90' lang='lat' dir='ltr'><strong>vanitate</strong></span> <span class='ocrx_word' id='word_1_569' title='bbox 3319 2354 3664 2420; x_wconf 84' lang='lat' dir='ltr'><strong>contriverit,</strong></span> 
     </span>
    </p>
   </div>
   <div class='ocr_carea' id='block_1_81' title="bbox 2071 2433 3665 2506">
    <p class='ocr_par' dir='ltr' id='par_1_81' title="bbox 2071 2433 3665 2506">
     <span class='ocr_line' id='line_1_83' title="bbox 2071 2433 3665 2506; baseline 0.01 -22"><span class='ocrx_word' id='word_1_570' title='bbox 2071 2433 2313 2500; x_wconf 88' lang='lat' dir='ltr'><strong>quandin</strong></span> <span class='ocrx_word' id='word_1_571' title='bbox 2359 2433 2607 2502; x_wconf 83' lang='lat' dir='ltr'><strong>corporis</strong></span> <span class='ocrx_word' id='word_1_572' title='bbox 2647 2437 2956 2506; x_wconf 84' lang='lat' dir='ltr'><strong>voluptates</strong></span> <span class='ocrx_word' id='word_1_573' title='bbox 3001 2449 3056 2494; x_wconf 90' lang='lat' dir='ltr'><strong>et</strong></span> <span class='ocrx_word' id='word_1_574' title='bbox 3119 2442 3448 2498; x_wconf 77' lang='lat' dir='ltr'><strong>desidiosum</strong></span> <span class='ocrx_word' id='word_1_575' title='bbox 3491 2446 3665 2500; x_wconf 84' lang='lat' dir='ltr'><strong>servi-</strong></span> 
     </span>
    </p>
   </div>
   <div class='ocr_carea' id='block_1_82' title="bbox 2071 2522 3664 2605">
    <p class='ocr_par' dir='ltr' id='par_1_82' title="bbox 2071 2522 3664 2605">
     <span class='ocr_line' id='line_1_84' title="bbox 2071 2522 3664 2605; baseline 0.011 -30"><span class='ocrx_word' id='word_1_576' title='bbox 2071 2522 2289 2593; x_wconf 87' lang='lat' dir='ltr'><strong>lemque</strong></span> <span class='ocrx_word' id='word_1_577' title='bbox 2320 2527 2485 2580; x_wconf 90' lang='lat' dir='ltr'><strong>vitam</strong></span> <span class='ocrx_word' id='word_1_578' title='bbox 2520 2543 2709 2584; x_wconf 88' lang='lat' dir='ltr'><strong>amore</strong></span> <span class='ocrx_word' id='word_1_579' title='bbox 2741 2539 2796 2584; x_wconf 91' lang='lat' dir='ltr'><strong>et</strong></span> <span class='ocrx_word' id='word_1_580' title='bbox 2825 2531 3012 2586; x_wconf 89' lang='lat' dir='ltr'><strong>studio</strong></span> <span class='ocrx_word' id='word_1_581' title='bbox 3038 2533 3258 2603; x_wconf 89' lang='lat' dir='ltr'><strong>dignam</strong></span> <span class='ocrx_word' id='word_1_582' title='bbox 3293 2537 3516 2605; x_wconf 86' lang='lat' dir='ltr'><strong>putarit.</strong></span> <span class='ocrx_word' id='word_1_583' title='bbox 3541 2537 3664 2604; x_wconf 84' lang='lat' dir='ltr'><strong>Quo</strong></span> 
     </span>
    </p>
   </div>
   <div class='ocr_carea' id='block_1_83' title="bbox 2069 2617 3660 2699">
    <p class='ocr_par' dir='ltr' id='par_1_83' title="bbox 2069 2617 3660 2699">
     <span class='ocr_line' id='line_1_85' title="bbox 2069 2617 3660 2699; baseline 0.01 -29"><span class='ocrx_word' id='word_1_584' title='bbox 2069 2617 2312 2686; x_wconf 88' lang='lat' dir='ltr'><strong>denique</strong></span> <span class='ocrx_word' id='word_1_585' title='bbox 2346 2629 2401 2673; x_wconf 91' lang='lat' dir='ltr'><strong>et</strong></span> <span class='ocrx_word' id='word_1_586' title='bbox 2452 2621 2690 2688; x_wconf 83' lang='lat' dir='ltr'><strong>posteris</strong></span> <span class='ocrx_word' id='word_1_587' title='bbox 2730 2624 2987 2678; x_wconf 89' lang='lat' dir='ltr'><strong>omnibus</strong></span> <span class='ocrx_word' id='word_1_588' title='bbox 3029 2627 3372 2694; x_wconf 85' lang='lat' dir='ltr'><strong>persuadeat,</strong></span> <span class='ocrx_word' id='word_1_589' title='bbox 3408 2637 3470 2699; x_wconf 81' lang='lat' dir='ltr'><strong>ut</strong></span> <span class='ocrx_word' id='word_1_590' title='bbox 3511 2630 3660 2699; x_wconf 90' lang='lat' dir='ltr'><strong>quod</strong></span> 
     </span>
    </p>
   </div>
   <div class='ocr_carea' id='block_1_84' title="bbox 2071 2696 3660 2785">
    <p class='ocr_par' dir='ltr' id='par_1_84' title="bbox 2071 2696 3660 2785">
     <span class='ocr_line' id='line_1_86' title="bbox 2071 2696 3660 2785; baseline 0.009 -25"><span class='ocrx_word' id='word_1_591' title='bbox 2071 2707 2188 2775; x_wconf 89' lang='lat' dir='ltr'><strong>ipse</strong></span> <span class='ocrx_word' id='word_1_592' title='bbox 2214 2708 2335 2761; x_wconf 71' lang='lat' dir='ltr'><strong>vita:</strong></span> <span class='ocrx_word' id='word_1_593' title='bbox 2356 2724 2526 2778; x_wconf 83' lang='lat' dir='ltr'><strong>genus</strong></span> <span class='ocrx_word' id='word_1_594' title='bbox 2551 2709 2813 2764; x_wconf 83' lang='lat' dir='ltr'><strong>describit</strong></span> <span class='ocrx_word' id='word_1_595' title='bbox 2839 2720 3002 2781; x_wconf 88' lang='lat' dir='ltr'><strong>atque</strong></span> <span class='ocrx_word' id='word_1_596' title='bbox 3024 2723 3198 2776; x_wconf 87' lang='lat' dir='ltr'><strong>notat,</strong></span> <span class='ocrx_word' id='word_1_597' title='bbox 3228 2696 3490 2785; x_wconf 60' lang='lat' dir='ltr'><strong>tanquzim</strong></span> <span class='ocrx_word' id='word_1_598' title='bbox 3513 2696 3660 2774; x_wconf 80' lang='lat' dir='ltr'><strong>mul-</strong></span> 
     </span>
    </p>
   </div>
   <div class='ocr_carea' id='block_1_85' title="bbox 2071 2798 3686 2875">
    <p class='ocr_par' dir='ltr' id='par_1_85' title="bbox 2071 2798 3686 2875">
     <span class='ocr_line' id='line_1_87' title="bbox 2071 2798 3686 2875; baseline 0.011 -27"><span class='ocrx_word' id='word_1_599' title='bbox 2071 2803 2251 2850; x_wconf 86' lang='lat' dir='ltr'><strong>tarnm</strong></span> <span class='ocrx_word' id='word_1_600' title='bbox 2283 2813 2658 2852; x_wconf 64' lang='lat' dir='ltr'><strong>aerumnarum</strong></span> <span class='ocrx_word' id='word_1_601' title='bbox 2702 2798 2934 2867; x_wconf 80' lang='lat' dir='ltr'><strong>fontem,</strong></span> <span class='ocrx_word' id='word_1_602' title='bbox 2968 2800 3096 2874; x_wconf 83' lang='lat' dir='ltr'><strong>fuga</strong></span> <span class='ocrx_word' id='word_1_603' title='bbox 3145 2803 3382 2875; x_wconf 85' lang='lat' dir='ltr'><strong>odioque</strong></span> <span class='ocrx_word' id='word_1_604' title='bbox 3431 2807 3686 2865; x_wconf 78' lang='lat' dir='ltr'><strong>omnino&#39;</strong></span> 
     </span>
    </p>
   </div>
   <div class='ocr_carea' id='block_1_86' title="bbox 2069 2887 2682 2958">
    <p class='ocr_par' dir='ltr' id='par_1_86' title="bbox 2069 2887 2682 2958">
     <span class='ocr_line' id='line_1_88' title="bbox 2069 2887 2682 2958; baseline 0.003 -16"><span class='ocrx_word' id='word_1_605' title='bbox 2069 2887 2295 2958; x_wconf 81' lang='lat' dir='ltr'><strong>dignum</strong></span> <span class='ocrx_word' id='word_1_606' title='bbox 2326 2888 2682 2944; x_wconf 83' lang='lat' dir='ltr'><strong>arbitrentur.</strong></span> 
     </span>
    </p>
   </div>
   <div class='ocr_carea' id='block_1_87' title="bbox 2143 3063 3657 3143">
    <p class='ocr_par' dir='ltr' id='par_1_87' title="bbox 2143 3063 3657 3143">
     <span class='ocr_line' id='line_1_89' title="bbox 2143 3063 3657 3143; baseline 0.01 -25"><span class='ocrx_word' id='word_1_607' title='bbox 2143 3063 2234 3118; x_wconf 91' lang='lat' dir='ltr'><strong>Sic</strong></span> <span class='ocrx_word' id='word_1_608' title='bbox 2262 3065 2408 3120; x_wconf 87' lang='lat' dir='ltr'><strong>enim</strong></span> <span class='ocrx_word' id='word_1_609' title='bbox 2440 3067 2925 3137; x_wconf 70' lang='lat' dir='ltr'><strong>prtesumptionem</strong></span> <span class='ocrx_word' id='word_1_610' title='bbox 2955 3068 3046 3124; x_wconf 89' lang='lat' dir='ltr'><strong>ille</strong></span> <span class='ocrx_word' id='word_1_611' title='bbox 3074 3085 3252 3136; x_wconf 86' lang='lat' dir='ltr'><strong>suam,</strong></span> <span class='ocrx_word' id='word_1_612' title='bbox 3283 3074 3484 3143; x_wconf 87' lang='lat' dir='ltr'><strong>quibus</strong></span> <span class='ocrx_word' id='word_1_613' title='bbox 3516 3084 3657 3132; x_wconf 88' lang='lat' dir='ltr'><strong>tem-</strong></span> 
     </span>
    </p>
   </div>
   <div class='ocr_carea' id='block_1_88' title="bbox 1995 3155 3654 3239">
    <p class='ocr_par' dir='ltr' id='par_1_88' title="bbox 1995 3155 3654 3239">
     <span class='ocr_line' id='line_1_90' title="bbox 1995 3155 3654 3239; baseline 0.009 -31"><span class='ocrx_word' id='word_1_614' title='bbox 1995 3177 2041 3237; x_wconf 68' lang='grc' dir='ltr'>ο</span> <span class='ocrx_word' id='word_1_615' title='bbox 2073 3155 2302 3225; x_wconf 89' lang='lat' dir='ltr'><strong>poribus</strong></span> <span class='ocrx_word' id='word_1_616' title='bbox 2332 3172 2513 3226; x_wconf 73' lang='lat' dir='ltr'><strong>prava:</strong></span> <span class='ocrx_word' id='word_1_617' title='bbox 2537 3157 2802 3239; x_wconf 80' lang='lat' dir='ltr'><strong>voluptati</strong></span> <span class='ocrx_word' id='word_1_618' title='bbox 2832 3159 3081 3227; x_wconf 84' lang='lat' dir='ltr'><strong>adhaesit,</strong></span> <span class='ocrx_word' id='word_1_619' title='bbox 3115 3163 3388 3234; x_wconf 88' lang='lat' dir='ltr'><strong>vitamque</strong></span> <span class='ocrx_word' id='word_1_620' title='bbox 3419 3181 3574 3222; x_wconf 84' lang='lat' dir='ltr'><strong>suam</strong></span> <span class='ocrx_word' id='word_1_621' title='bbox 3596 3166 3654 3224; x_wconf 88' lang='lat' dir='ltr'><strong>in</strong></span> 
     </span>
    </p>
   </div>
   <div class='ocr_carea' id='block_1_89' title="bbox 2076 3249 3658 3324">
    <p class='ocr_par' dir='ltr' id='par_1_89' title="bbox 2076 3249 3658 3324">
     <span class='ocr_line' id='line_1_91' title="bbox 2076 3249 3658 3324; baseline 0.006 -20"><span class='ocrx_word' id='word_1_622' title='bbox 2076 3249 2288 3304; x_wconf 89' lang='lat' dir='ltr'><strong>deliciis</strong></span> <span class='ocrx_word' id='word_1_623' title='bbox 2317 3251 2682 3318; x_wconf 87' lang='lat' dir='ltr'><strong>consumpsit,</strong></span> <span class='ocrx_word' id='word_1_624' title='bbox 2711 3253 2868 3318; x_wconf 86' lang='lat' dir='ltr'><strong>quasi</strong></span> <span class='ocrx_word' id='word_1_625' title='bbox 2909 3251 3240 3322; x_wconf 87' lang='lat' dir='ltr'><strong>ineptiarum</strong></span> <span class='ocrx_word' id='word_1_626' title='bbox 3271 3255 3489 3324; x_wconf 82' lang='lat' dir='ltr'><strong>plenam</strong></span> <span class='ocrx_word' id='word_1_627' title='bbox 3530 3271 3658 3314; x_wconf 82' lang='lat' dir='ltr'><strong>car-</strong></span> 
     </span>
    </p>
   </div>
   <div class='ocr_carea' id='block_1_90' title="bbox 2076 3341 3656 3420">
    <p class='ocr_par' dir='ltr' id='par_1_90' title="bbox 2076 3341 3656 3420">
     <span class='ocr_line' id='line_1_92' title="bbox 2076 3341 3656 3420; baseline 0.006 -25"><span class='ocrx_word' id='word_1_628' title='bbox 2076 3341 2178 3411; x_wconf 88' lang='lat' dir='ltr'><strong>pit,</strong></span> <span class='ocrx_word' id='word_1_629' title='bbox 2216 3342 2474 3411; x_wconf 80' lang='lat' dir='ltr'><strong>exagitat,</strong></span> <span class='ocrx_word' id='word_1_630' title='bbox 2529 3343 2859 3411; x_wconf 86' lang='lat' dir='ltr'><strong>insectatur,</strong></span> <span class='ocrx_word' id='word_1_631' title='bbox 2902 3352 2964 3398; x_wconf 92' lang='lat' dir='ltr'><strong>ut</strong></span> <span class='ocrx_word' id='word_1_632' title='bbox 3003 3345 3175 3400; x_wconf 84' lang='lat' dir='ltr'><strong>veluti</strong></span> <span class='ocrx_word' id='word_1_633' title='bbox 3224 3354 3402 3416; x_wconf 68' lang='lat' dir='ltr'><strong>praeco</strong></span> <span class='ocrx_word' id='word_1_634' title='bbox 3456 3348 3656 3420; x_wconf 82' lang='lat' dir='ltr'><strong>aliquis</strong></span> 
     </span>
    </p>
   </div>
   <div class='ocr_carea' id='block_1_91' title="bbox 2075 3433 3656 3506">
    <p class='ocr_par' dir='ltr' id='par_1_91' title="bbox 2075 3433 3656 3506">
     <span class='ocr_line' id='line_1_93' title="bbox 2075 3433 3656 3506; baseline 0.004 -18"><span class='ocrx_word' id='word_1_635' title='bbox 2075 3433 2457 3490; x_wconf 86' lang='lat' dir='ltr'><strong>vocalissimus</strong></span> <span class='ocrx_word' id='word_1_636' title='bbox 2515 3436 2856 3506; x_wconf 85' lang='lat' dir='ltr'><strong>apertissime</strong></span> <span class='ocrx_word' id='word_1_637' title='bbox 2919 3448 3114 3490; x_wconf 87' lang='lat' dir='ltr'><strong>omnes</strong></span> <span class='ocrx_word' id='word_1_638' title='bbox 3187 3437 3522 3504; x_wconf 81' lang='lat' dir='ltr'><strong>admoneat,</strong></span> <span class='ocrx_word' id='word_1_639' title='bbox 3585 3454 3656 3494; x_wconf 86' lang='lat' dir='ltr'><strong>ne</strong></span> 
     </span>
    </p>
   </div>
   <div class='ocr_carea' id='block_1_92' title="bbox 2075 3527 3710 3608">
    <p class='ocr_par' dir='ltr' id='par_1_92' title="bbox 2075 3527 3710 3608">
     <span class='ocr_line' id='line_1_94' title="bbox 2075 3527 3710 3608; baseline 0.002 -24"><span class='ocrx_word' id='word_1_640' title='bbox 2075 3529 2384 3598; x_wconf 78' lang='lat' dir='ltr'><strong>exemplum</strong></span> <span class='ocrx_word' id='word_1_641' title='bbox 2411 3527 2530 3598; x_wconf 89' lang='lat' dir='ltr'><strong>ejus</strong></span> <span class='ocrx_word' id='word_1_642' title='bbox 2559 3529 2778 3593; x_wconf 89' lang='lat' dir='ltr'><strong>imitati,</strong></span> <span class='ocrx_word' id='word_1_643' title='bbox 2807 3531 2996 3585; x_wconf 90' lang='lat' dir='ltr'><strong>eadem</strong></span> <span class='ocrx_word' id='word_1_644' title='bbox 3023 3531 3114 3584; x_wconf 90' lang='lat' dir='ltr'><strong>illa</strong></span> <span class='ocrx_word' id='word_1_645' title='bbox 3141 3529 3440 3584; x_wconf 80' lang='lat' dir='ltr'><strong>formarum</strong></span> <span class='ocrx_word' id='word_1_646' title='bbox 3475 3533 3657 3602; x_wconf 87' lang='lat' dir='ltr'><strong>specie</strong></span> <span class='ocrx_word' id='word_1_647' title='bbox 3702 3599 3710 3608; x_wconf 86' lang='lat'>_</span> 
     </span>
    </p>
   </div>
   <div class='ocr_carea' id='block_1_93' title="bbox 2075 3619 3652 3692">
    <p class='ocr_par' dir='ltr' id='par_1_93' title="bbox 2075 3619 3652 3692">
     <span class='ocr_line' id='line_1_95' title="bbox 2075 3619 3652 3692; baseline 0.003 -18"><span class='ocrx_word' id='word_1_648' title='bbox 2075 3619 2234 3674; x_wconf 80' lang='lat' dir='ltr'><strong>avide</strong></span> <span class='ocrx_word' id='word_1_649' title='bbox 2259 3619 2448 3675; x_wconf 92' lang='lat' dir='ltr'><strong>oculos</strong></span> <span class='ocrx_word' id='word_1_650' title='bbox 2478 3629 2725 3690; x_wconf 89' lang='lat' dir='ltr'><strong>pascant,</strong></span> <span class='ocrx_word' id='word_1_651' title='bbox 2756 3633 2852 3678; x_wconf 87' lang='lat' dir='ltr'><strong>aut</strong></span> <span class='ocrx_word' id='word_1_652' title='bbox 2883 3623 3074 3678; x_wconf 89' lang='lat' dir='ltr'><strong>iisdem</strong></span> <span class='ocrx_word' id='word_1_653' title='bbox 3124 3636 3188 3677; x_wconf 87' lang='lat' dir='ltr'><strong>se</strong></span> <span class='ocrx_word' id='word_1_654' title='bbox 3219 3624 3652 3692; x_wconf 81' lang='lat' dir='ltr'><strong>corruptelarum</strong></span> 
     </span>
    </p>
   </div>
   <div class='ocr_carea' id='block_1_94' title="bbox 2076 3711 3653 3784">
    <p class='ocr_par' dir='ltr' id='par_1_94' title="bbox 2076 3711 3653 3784">
     <span class='ocr_line' id='line_1_96' title="bbox 2076 3711 3653 3784; baseline 0.001 -17"><span class='ocrx_word' id='word_1_655' title='bbox 2076 3711 2352 3768; x_wconf 88' lang='lat' dir='ltr'><strong>illecebris</strong></span> <span class='ocrx_word' id='word_1_656' title='bbox 2388 3713 2590 3768; x_wconf 85' lang='lat' dir='ltr'><strong>irretiri</strong></span> <span class='ocrx_word' id='word_1_657' title='bbox 2631 3729 2874 3784; x_wconf 86' lang='lat' dir='ltr'><strong>unquam</strong></span> <span class='ocrx_word' id='word_1_658' title='bbox 2920 3715 3216 3783; x_wconf 87' lang='lat' dir='ltr'><strong>patiantur.</strong></span> <span class='ocrx_word' id='word_1_659' title='bbox 3251 3713 3445 3768; x_wconf 84' lang='lat' dir='ltr'><strong>Omnia</strong></span> <span class='ocrx_word' id='word_1_660' title='bbox 3481 3717 3653 3782; x_wconf 91' lang='lat' dir='ltr'><strong>enim,</strong></span> 
     </span>
    </p>
   </div>
   <div class='ocr_carea' id='block_1_95' title="bbox 2074 3796 3652 3870">
    <p class='ocr_par' dir='ltr' id='par_1_95' title="bbox 2074 3796 3652 3870">
     <span class='ocr_line' id='line_1_97' title="bbox 2074 3796 3652 3870; baseline 0.005 -19"><span class='ocrx_word' id='word_1_661' title='bbox 2074 3796 2276 3866; x_wconf 88' lang='lat' dir='ltr'><strong>inquit,</strong></span> <span class='ocrx_word' id='word_1_662' title='bbox 2311 3806 2574 3868; x_wconf 89' lang='lat' dir='ltr'><strong>tanquam</strong></span> <span class='ocrx_word' id='word_1_663' title='bbox 2615 3800 2988 3870; x_wconf 86' lang='lat' dir='ltr'><strong>obequitando</strong></span> <span class='ocrx_word' id='word_1_664' title='bbox 3020 3811 3364 3870; x_wconf 69' lang='lat' dir='ltr'><strong>praetereunt,</strong></span> <span class='ocrx_word' id='word_1_665' title='bbox 3393 3813 3491 3859; x_wconf 89' lang='lat' dir='ltr'><strong>aut</strong></span> <span class='ocrx_word' id='word_1_666' title='bbox 3517 3803 3652 3859; x_wconf 81' lang='lat' dir='ltr'><strong>fumi</strong></span> 
     </span>
    </p>
   </div>
   <div class='ocr_carea' id='block_1_96' title="bbox 2073 3889 3652 3964">
    <p class='ocr_par' dir='ltr' id='par_1_96' title="bbox 2073 3889 3652 3964">
     <span class='ocr_line' id='line_1_98' title="bbox 2073 3889 3652 3964; baseline 0.003 -20"><span class='ocrx_word' id='word_1_667' title='bbox 2073 3889 2250 3945; x_wconf 87' lang='lat' dir='ltr'><strong>instar</strong></span> <span class='ocrx_word' id='word_1_668' title='bbox 2296 3890 2614 3945; x_wconf 88' lang='lat' dir='ltr'><strong>dilabuntur</strong></span> <span class='ocrx_word' id='word_1_669' title='bbox 2662 3908 2678 3946; x_wconf 93' lang='lat'><strong>:</strong></span> <span class='ocrx_word' id='word_1_670' title='bbox 2733 3893 2827 3960; x_wconf 93' lang='lat' dir='ltr'><strong>qui</strong></span> <span class='ocrx_word' id='word_1_671' title='bbox 2867 3907 2976 3946; x_wconf 92' lang='lat' dir='ltr'><strong>non</strong></span> <span class='ocrx_word' id='word_1_672' title='bbox 3031 3902 3141 3947; x_wconf 88' lang='lat' dir='ltr'><strong>tam</strong></span> <span class='ocrx_word' id='word_1_673' title='bbox 3177 3895 3368 3950; x_wconf 90' lang='lat' dir='ltr'><strong>oculos</strong></span> <span class='ocrx_word' id='word_1_674' title='bbox 3402 3897 3652 3964; x_wconf 85' lang='lat' dir='ltr'><strong>corporis</strong></span> 
     </span>
    </p>
   </div>
   <div class='ocr_carea' id='block_1_97' title="bbox 2071 3980 3652 4053">
    <p class='ocr_par' dir='ltr' id='par_1_97' title="bbox 2071 3980 3652 4053">
     <span class='ocr_line' id='line_1_99' title="bbox 2071 3980 3652 4053; baseline 0.004 -19"><span class='ocrx_word' id='word_1_675' title='bbox 2071 3980 2338 4044; x_wconf 85' lang='lat' dir='ltr'><strong>mordeat,</strong></span> <span class='ocrx_word' id='word_1_676' title='bbox 2367 3996 2530 4050; x_wconf 90' lang='lat' dir='ltr'><strong>quam</strong></span> <span class='ocrx_word' id='word_1_677' title='bbox 2581 3982 2786 4037; x_wconf 86' lang='lat' dir='ltr'><strong>mentis</strong></span> <span class='ocrx_word' id='word_1_678' title='bbox 2819 3982 3025 4036; x_wconf 88' lang='lat' dir='ltr'><strong>lumina</strong></span> <span class='ocrx_word' id='word_1_679' title='bbox 3067 3983 3299 4053; x_wconf 88' lang='lat' dir='ltr'><strong>caligine</strong></span> <span class='ocrx_word' id='word_1_680' title='bbox 3328 3985 3544 4051; x_wconf 83' lang='lat' dir='ltr'><strong>obruat,</strong></span> <span class='ocrx_word' id='word_1_681' title='bbox 3582 3999 3652 4040; x_wconf 90' lang='lat' dir='ltr'><strong>ue</strong></span> 
     </span>
    </p>
   </div>
   <div class='ocr_carea' id='block_1_98' title="bbox 2071 4072 3654 4142">
    <p class='ocr_par' dir='ltr' id='par_1_98' title="bbox 2071 4072 3654 4142">
     <span class='ocr_line' id='line_1_100' title="bbox 2071 4072 3654 4142; baseline 0.004 -13"><span class='ocrx_word' id='word_1_682' title='bbox 2071 4072 2378 4142; x_wconf 88' lang='lat' dir='ltr'><strong>suspiciant</strong></span> <span class='ocrx_word' id='word_1_683' title='bbox 2411 4073 2648 4137; x_wconf 89' lang='lat' dir='ltr'><strong>scilicet,</strong></span> <span class='ocrx_word' id='word_1_684' title='bbox 2681 4081 2738 4128; x_wconf 88' lang='lat' dir='ltr'><strong>et</strong></span> <span class='ocrx_word' id='word_1_685' title='bbox 2773 4073 2826 4128; x_wconf 91' lang='lat' dir='ltr'><strong>in</strong></span> <span class='ocrx_word' id='word_1_686' title='bbox 2865 4074 3064 4129; x_wconf 65' lang='lat' dir='ltr'><strong>divinae</strong></span> <span class='ocrx_word' id='word_1_687' title='bbox 3092 4076 3380 4133; x_wconf 85' lang='lat' dir='ltr'><strong>charitatis</strong></span> <span class='ocrx_word' id='word_1_688' title='bbox 3407 4079 3654 4136; x_wconf 81' lang='lat' dir='ltr'><strong>inconta-</strong></span> 
     </span>
    </p>
   </div>
   <div class='ocr_carea' id='block_1_99' title="bbox 2070 4163 3650 4236">
    <p class='ocr_par' dir='ltr' id='par_1_99' title="bbox 2070 4163 3650 4236">
     <span class='ocr_line' id='line_1_101' title="bbox 2070 4163 3650 4236; baseline 0.008 -20"><span class='ocrx_word' id='word_1_689' title='bbox 2070 4165 2336 4218; x_wconf 83' lang='lat' dir='ltr'><strong>minatam</strong></span> <span class='ocrx_word' id='word_1_690' title='bbox 2371 4163 2706 4235; x_wconf 86' lang='lat' dir='ltr'><strong>voluptatem</strong></span> <span class='ocrx_word' id='word_1_691' title='bbox 2754 4175 2920 4236; x_wconf 82' lang='lat' dir='ltr'><strong>atque</strong></span> <span class='ocrx_word' id='word_1_692' title='bbox 2953 4169 3007 4222; x_wconf 89' lang='lat' dir='ltr'><strong>in</strong></span> <span class='ocrx_word' id='word_1_693' title='bbox 3045 4169 3268 4226; x_wconf 76' lang='lat' dir='ltr'><strong>virtutis</strong></span> <span class='ocrx_word' id='word_1_694' title='bbox 3299 4171 3442 4226; x_wconf 89' lang='lat' dir='ltr'><strong>bona</strong></span> <span class='ocrx_word' id='word_1_695' title='bbox 3475 4173 3650 4229; x_wconf 86' lang='lat' dir='ltr'><strong>aciem</strong></span> 
     </span>
    </p>
   </div>
   <div class='ocr_carea' id='block_1_100' title="bbox 2069 4254 3646 4332">
    <p class='ocr_par' dir='ltr' id='par_1_100' title="bbox 2069 4254 3646 4332">
     <span class='ocr_line' id='line_1_102' title="bbox 2069 4254 3646 4332; baseline 0.006 -21"><span class='ocrx_word' id='word_1_696' title='bbox 2069 4256 2376 4314; x_wconf 86' lang='lat' dir='ltr'><strong>intendant.</strong></span> <span class='ocrx_word' id='word_1_697' title='bbox 2429 4254 2546 4312; x_wconf 80' lang='lat' dir='ltr'><strong>Hoc</strong></span> <span class='ocrx_word' id='word_1_698' title='bbox 2591 4273 2830 4328; x_wconf 87' lang='lat' dir='ltr'><strong>namque</strong></span> <span class='ocrx_word' id='word_1_699' title='bbox 2885 4260 2977 4316; x_wconf 86' lang='lat' dir='ltr'><strong>ille</strong></span> <span class='ocrx_word' id='word_1_700' title='bbox 3009 4261 3302 4332; x_wconf 81' lang='lat' dir='ltr'><strong>signiﬁcat,</strong></span> <span class='ocrx_word' id='word_1_701' title='bbox 3361 4279 3487 4322; x_wconf 88' lang='lat' dir='ltr'><strong>cum</strong></span> <span class='ocrx_word' id='word_1_702' title='bbox 3523 4265 3646 4321; x_wconf 85' lang='lat' dir='ltr'><strong>ait:</strong></span> 
     </span>
    </p>
   </div>
   <div class='ocr_carea' id='block_1_101' title="bbox 2074 4345 3382 4418">
    <p class='ocr_par' dir='ltr' id='par_1_101' title="bbox 2074 4345 3382 4418">
     <span class='ocr_line' id='line_1_103' title="bbox 2074 4345 3382 4418; baseline 0.008 -18"><span class='ocrx_word' id='word_1_703' title='bbox 2074 4365 2095 4400; x_wconf 78' lang='grc' dir='ltr'>ι</span> <span class='ocrx_word' id='word_1_704' title='bbox 2139 4345 2207 4402; x_wconf 85' lang='grc' dir='ltr'><strong>Ει</strong></span> <span class='ocrx_word' id='word_1_705' title='bbox 2237 4347 2458 4418; x_wconf 89' lang='lat' dir='ltr'><strong>quidem</strong></span> <span class='ocrx_word' id='word_1_706' title='bbox 2491 4348 2760 4418; x_wconf 85' lang='lat' dir='ltr'><strong>sapientia</strong></span> <span class='ocrx_word' id='word_1_707' title='bbox 2790 4365 2910 4406; x_wconf 87' lang='lat' dir='ltr'><strong>mea</strong></span> <span class='ocrx_word' id='word_1_708' title='bbox 2949 4352 3123 4408; x_wconf 86' lang='lat' dir='ltr'><strong>astitit</strong></span> <span class='ocrx_word' id='word_1_709' title='bbox 3164 4355 3322 4412; x_wconf 88' lang='lat' dir='ltr'><strong>mihi.</strong></span> <span class='ocrx_word' id='word_1_710' title='bbox 3360 4374 3382 4410; x_wconf 76' lang='grc' dir='ltr'>ι</span> 
     </span>
    </p>
   </div>
   <div class='ocr_carea' id='block_1_102' title="bbox 2133 4566 3644 4688">
    <p class='ocr_par' dir='ltr' id='par_1_102' title="bbox 2133 4566 3644 4688">
     <span class='ocr_line' id='line_1_104' title="bbox 2133 4566 3644 4688; baseline 0.007 -24"><span class='ocrx_word' id='word_1_711' title='bbox 2133 4566 2288 4678; x_wconf 84' lang='lat' dir='ltr'><strong>Quod</strong></span> <span class='ocrx_word' id='word_1_712' title='bbox 2322 4609 2548 4680; x_wconf 84' lang='lat' dir='ltr'><strong>perinde</strong></span> <span class='ocrx_word' id='word_1_713' title='bbox 2595 4617 2700 4674; x_wconf 88' lang='lat' dir='ltr'><strong>est,</strong></span> <span class='ocrx_word' id='word_1_714' title='bbox 2752 4625 2818 4666; x_wconf 89' lang='lat' dir='ltr'><strong>ac</strong></span> <span class='ocrx_word' id='word_1_715' title='bbox 2855 4611 2902 4667; x_wconf 88' lang='lat' dir='ltr'><strong>si</strong></span> <span class='ocrx_word' id='word_1_716' title='bbox 2960 4611 3168 4668; x_wconf 84' lang='lat' dir='ltr'><strong>diceret</strong></span> <span class='ocrx_word' id='word_1_717' title='bbox 3199 4632 3213 4669; x_wconf 90' lang='lat'><strong>:</strong></span> <span class='ocrx_word' id='word_1_718' title='bbox 3243 4613 3452 4671; x_wconf 60' lang='lat' dir='ltr'><strong>Cetera</strong></span> <span class='ocrx_word' id='word_1_719' title='bbox 3493 4633 3644 4688; x_wconf 67' lang='lat' dir='ltr'><strong>quaa-</strong></span> 
     </span>
    </p>
   </div>
   <div class='ocr_carea' id='block_1_103' title="bbox 2063 4701 3758 4778">
    <p class='ocr_par' dir='ltr' id='par_1_103' title="bbox 2063 4701 3758 4778">
     <span class='ocr_line' id='line_1_105' title="bbox 2063 4701 3758 4778; baseline 0.005 -22"><span class='ocrx_word' id='word_1_720' title='bbox 2063 4716 2284 4772; x_wconf 90' lang='lat' dir='ltr'><strong>cunque</strong></span> <span class='ocrx_word' id='word_1_721' title='bbox 2314 4701 2445 4755; x_wconf 81' lang='lat' dir='ltr'><strong>uiihi</strong></span> <span class='ocrx_word' id='word_1_722' title='bbox 2479 4701 2545 4755; x_wconf 90' lang='lat' dir='ltr'><strong>ad</strong></span> <span class='ocrx_word' id='word_1_723' title='bbox 2580 4702 2913 4778; x_wconf 70' lang='lat' dir='ltr'><strong>voluptatem</strong></span> <span class='ocrx_word' id='word_1_724' title='bbox 2943 4713 2997 4758; x_wconf 90' lang='lat' dir='ltr'><strong>et</strong></span> <span class='ocrx_word' id='word_1_725' title='bbox 3031 4704 3286 4759; x_wconf 84' lang='lat' dir='ltr'><strong>solatium</strong></span> <span class='ocrx_word' id='word_1_726' title='bbox 3317 4715 3372 4760; x_wconf 89' lang='lat' dir='ltr'><strong>et</strong></span> <span class='ocrx_word' id='word_1_727' title='bbox 3399 4709 3645 4764; x_wconf 73' lang='lat' dir='ltr'><strong>OMCCIa-</strong></span> <span class='ocrx_word' id='word_1_728' title='bbox 3747 4733 3758 4743; x_wconf 86' lang='lat'><strong>-</strong></span> 
     </span>
    </p>
   </div>
   <div class='ocr_carea' id='block_1_104' title="bbox 2062 4785 3698 4867">
    <p class='ocr_par' dir='ltr' id='par_1_104' title="bbox 2062 4785 3698 4867">
     <span class='ocr_line' id='line_1_106' title="bbox 2062 4785 3698 4867; baseline 0.004 -18"><span class='ocrx_word' id='word_1_729' title='bbox 2062 4795 2266 4850; x_wconf 88' lang='lat' dir='ltr'><strong>tionem</strong></span> <span class='ocrx_word' id='word_1_730' title='bbox 2300 4805 2355 4850; x_wconf 91' lang='lat' dir='ltr'><strong>et</strong></span> <span class='ocrx_word' id='word_1_731' title='bbox 2386 4795 2572 4850; x_wconf 82' lang='lat' dir='ltr'><strong>luxum</strong></span> <span class='ocrx_word' id='word_1_732' title='bbox 2607 4794 2848 4852; x_wconf 77' lang='lat' dir='ltr'><strong>fuerunt.</strong></span> <span class='ocrx_word' id='word_1_733' title='bbox 2889 4809 3012 4864; x_wconf 69' lang='lat' dir='ltr'><strong>qua:</strong></span> <span class='ocrx_word' id='word_1_734' title='bbox 3045 4809 3241 4867; x_wconf 85' lang='lat' dir='ltr'><strong>nempe</strong></span> <span class='ocrx_word' id='word_1_735' title='bbox 3290 4807 3344 4852; x_wconf 88' lang='lat' dir='ltr'><strong>et</strong></span> <span class='ocrx_word' id='word_1_736' title='bbox 3379 4801 3643 4856; x_wconf 69' lang='lat' dir='ltr'><strong>azditicio-</strong></span> <span class='ocrx_word' id='word_1_737' title='bbox 3687 4785 3698 4795; x_wconf 67' lang='grc'><strong>’</strong></span> 
     </span>
    </p>
   </div>
   <div class='ocr_carea' id='block_1_105' title="bbox 2062 4888 3647 4957">
    <p class='ocr_par' dir='ltr' id='par_1_105' title="bbox 2062 4888 3647 4957">
     <span class='ocr_line' id='line_1_107' title="bbox 2062 4888 3647 4957; baseline 0.006 -17"><span class='ocrx_word' id='word_1_738' title='bbox 2062 4902 2184 4941; x_wconf 88' lang='lat' dir='ltr'><strong>rum</strong></span> <span class='ocrx_word' id='word_1_739' title='bbox 2218 4888 2387 4942; x_wconf 90' lang='lat' dir='ltr'><strong>moles</strong></span> <span class='ocrx_word' id='word_1_740' title='bbox 2421 4889 2736 4957; x_wconf 67' lang='lat' dir='ltr'><strong>prmbebant</strong></span> <span class='ocrx_word' id='word_1_741' title='bbox 2762 4899 2818 4944; x_wconf 79' lang='lat' dir='ltr'><strong>ct</strong></span> <span class='ocrx_word' id='word_1_742' title='bbox 2841 4891 3070 4945; x_wconf 75' lang='lat' dir='ltr'><strong>consita:</strong></span> <span class='ocrx_word' id='word_1_743' title='bbox 3119 4892 3292 4946; x_wconf 71' lang='lat' dir='ltr'><strong>vineae</strong></span> <span class='ocrx_word' id='word_1_744' title='bbox 3314 4902 3368 4946; x_wconf 86' lang='lat' dir='ltr'><strong>et</strong></span> <span class='ocrx_word' id='word_1_745' title='bbox 3403 4893 3546 4947; x_wconf 83' lang='lat' dir='ltr'><strong>horti</strong></span> <span class='ocrx_word' id='word_1_746' title='bbox 3579 4908 3647 4950; x_wconf 84' lang='lat' dir='ltr'><strong>ac</strong></span> 
     </span>
    </p>
   </div>
   <div class='ocr_carea' id='block_1_106' title="bbox 2061 4979 3642 5055">
    <p class='ocr_par' dir='ltr' id='par_1_106' title="bbox 2061 4979 3642 5055">
     <span class='ocr_line' id='line_1_108' title="bbox 2061 4979 3642 5055; baseline 0.004 -22"><span class='ocrx_word' id='word_1_747' title='bbox 2061 4979 2309 5049; x_wconf 89' lang='lat' dir='ltr'><strong>pomaria</strong></span> <span class='ocrx_word' id='word_1_748' title='bbox 2357 4987 2411 5033; x_wconf 89' lang='lat' dir='ltr'><strong>et</strong></span> <span class='ocrx_word' id='word_1_749' title='bbox 2447 4979 2670 5049; x_wconf 68' lang='lat' dir='ltr'><strong>piscinae</strong></span> <span class='ocrx_word' id='word_1_750' title='bbox 2717 4995 3011 5050; x_wconf 87' lang='lat' dir='ltr'><strong>aquarum,</strong></span> <span class='ocrx_word' id='word_1_751' title='bbox 3057 4991 3112 5036; x_wconf 87' lang='lat' dir='ltr'><strong>et</strong></span> <span class='ocrx_word' id='word_1_752' title='bbox 3159 4998 3442 5038; x_wconf 83' lang='lat' dir='ltr'><strong>servorum</strong></span> <span class='ocrx_word' id='word_1_753' title='bbox 3476 4997 3642 5055; x_wconf 83' lang='lat' dir='ltr'><strong>atque</strong></span> 
     </span>
    </p>
   </div>
   <div class='ocr_carea' id='block_1_107' title="bbox 2061 5072 3638 5147">
    <p class='ocr_par' dir='ltr' id='par_1_107' title="bbox 2061 5072 3638 5147">
     <span class='ocr_line' id='line_1_109' title="bbox 2061 5072 3638 5147; baseline 0.003 -19"><span class='ocrx_word' id='word_1_754' title='bbox 2061 5073 2386 5128; x_wconf 89' lang='lat' dir='ltr'><strong>ancillarum</strong></span> <span class='ocrx_word' id='word_1_755' title='bbox 2435 5072 2687 5127; x_wconf 80' lang='lat' dir='ltr'><strong>examina</strong></span> <span class='ocrx_word' id='word_1_756' title='bbox 2722 5073 2834 5146; x_wconf 81' lang='grc'><strong>(71)</strong></span> <span class='ocrx_word' id='word_1_757' title='bbox 2869 5092 2884 5128; x_wconf 89' lang='lat'><strong>:</strong></span> <span class='ocrx_word' id='word_1_758' title='bbox 2923 5091 3114 5145; x_wconf 83' lang='lat' dir='ltr'><strong>greges</strong></span> <span class='ocrx_word' id='word_1_759' title='bbox 3159 5075 3268 5147; x_wconf 60' lang='lat'><strong>55</strong></span> <span class='ocrx_word' id='word_1_760' title='bbox 3297 5076 3423 5129; x_wconf 86' lang='lat' dir='ltr'><strong>item</strong></span> <span class='ocrx_word' id='word_1_761' title='bbox 3471 5085 3638 5146; x_wconf 88' lang='lat' dir='ltr'><strong>atque</strong></span> 
     </span>
    </p>
   </div>
   <div class='ocr_carea' id='block_1_108' title="bbox 2059 5184 3639 5254">
    <p class='ocr_par' dir='ltr' id='par_1_108' title="bbox 2059 5184 3639 5254">
     <span class='ocr_line' id='line_1_110' title="bbox 2059 5184 3639 5254; baseline 0.004 -18"><span class='ocrx_word' id='word_1_762' title='bbox 2059 5199 2250 5254; x_wconf 84' lang='lat' dir='ltr'><strong>vocem</strong></span> <span class='ocrx_word' id='word_1_763' title='bbox 2279 5184 2450 5254; x_wconf 87' lang='lat' dir='ltr'><strong>ipsam</strong></span> <span class='ocrx_word' id='word_1_764' title='bbox 2486 5195 2768 5237; x_wconf 83' lang='lat' dir='ltr'><strong>externam</strong></span> <span class='ocrx_word' id='word_1_765' title='bbox 2801 5201 2943 5254; x_wconf 76' lang='lat' dir='ltr'><strong>esse,</strong></span> <span class='ocrx_word' id='word_1_766' title='bbox 2981 5187 3190 5254; x_wconf 76' lang='lat' dir='ltr'><strong>putavit</strong></span> <span class='ocrx_word' id='word_1_767' title='bbox 3221 5186 3411 5241; x_wconf 83' lang='lat' dir='ltr'><strong>Pollux</strong></span> <span class='ocrx_word' id='word_1_768' title='bbox 3440 5205 3454 5241; x_wconf 88' lang='lat'><strong>:</strong></span> <span class='ocrx_word' id='word_1_769' title='bbox 3488 5188 3552 5240; x_wconf 85' lang='grc' dir='ltr'>Οί</span> <span class='ocrx_word' id='word_1_770' title='bbox 3580 5187 3639 5242; x_wconf 73' lang='grc' dir='ltr'>δὲ</span> 
     </span>
    </p>
   </div>
   <div class='ocr_carea' id='block_1_109' title="bbox 2068 5250 3640 5327">
    <p class='ocr_par' dir='ltr' id='par_1_109' title="bbox 2068 5250 3640 5327">
     <span class='ocr_line' id='line_1_111' title="bbox 2068 5250 3640 5327; baseline 0.003 -20"><span class='ocrx_word' id='word_1_771' title='bbox 2068 5250 2388 5327; x_wconf 54' lang='grc' dir='ltr'>παράδεισοι</span> <span class='ocrx_word' id='word_1_772' title='bbox 2421 5253 2760 5327; x_wconf 65' lang='grc' dir='ltr'>βαρβαρικὸν</span> <span class='ocrx_word' id='word_1_773' title='bbox 2801 5250 2940 5308; x_wconf 85' lang='grc' dir='ltr'>εἶναι</span> <span class='ocrx_word' id='word_1_774' title='bbox 2973 5250 3167 5327; x_wconf 82' lang='grc' dir='ltr'>δοκοῦν</span> <span class='ocrx_word' id='word_1_775' title='bbox 3225 5257 3483 5326; x_wconf 79' lang='grc' dir='ltr'>τοῦνομα,</span> <span class='ocrx_word' id='word_1_776' title='bbox 3513 5257 3640 5327; x_wconf 77' lang='grc' dir='ltr'>ἥκει</span> 
     </span>
    </p>
   </div>
   <div class='ocr_carea' id='block_1_110' title="bbox 2061 5323 3640 5396">
    <p class='ocr_par' dir='ltr' id='par_1_110' title="bbox 2061 5323 3640 5396">
     <span class='ocr_line' id='line_1_112' title="bbox 2061 5323 3640 5396; baseline 0.013 -35"><span class='ocrx_word' id='word_1_777' title='bbox 2061 5324 2156 5396; x_wconf 41' lang='grc' dir='ltr'><strong>περὶ</strong></span> <span class='ocrx_word' id='word_1_778' title='bbox 2183 5323 2347 5396; x_wconf 35' lang='grc' dir='ltr'>μετᾲ-</span> <span class='ocrx_word' id='word_1_779' title='bbox 2377 5323 2678 5396; x_wconf 56' lang='grc' dir='ltr'><strong>⁸συνήθειαν</strong></span> <span class='ocrx_word' id='word_1_780' title='bbox 2717 5325 3024 5396; x_wconf 28' lang='grc' dir='ltr'>είςᾼχρῆσιν</span> <span class='ocrx_word' id='word_1_781' title='bbox 3066 5323 3404 5396; x_wconf 67' lang='grc' dir='ltr'>Ἑλληνικὴν,</span> <span class='ocrx_word' id='word_1_782' title='bbox 3443 5323 3640 5388; x_wconf 66' lang='grc' dir='ltr'>ὡς’καὶ</span> 
     </span>
    </p>
   </div>
   <div class='ocr_carea' id='block_1_111' title="bbox 2060 5392 3639 5463">
    <p class='ocr_par' dir='ltr' id='par_1_111' title="bbox 2060 5392 3639 5463">
     <span class='ocr_line' id='line_1_113' title="bbox 2060 5392 3639 5463; baseline 0.003 -19"><span class='ocrx_word' id='word_1_783' title='bbox 2060 5392 2198 5463; x_wconf 72' lang='grc' dir='ltr'>ἄλλα</span> <span class='ocrx_word' id='word_1_784' title='bbox 2233 5392 2402 5446; x_wconf 85' lang='grc' dir='ltr'>πολλά</span> <span class='ocrx_word' id='word_1_785' title='bbox 2445 5393 2551 5445; x_wconf 88' lang='grc' dir='ltr'><strong>τῶν</strong></span> <span class='ocrx_word' id='word_1_786' title='bbox 2584 5392 2888 5463; x_wconf 83' lang='grc' dir='ltr'>Περσικῶν.</span> <span class='ocrx_word' id='word_1_787' title='bbox 2923 5392 3414 5449; x_wconf 66' lang='grc' dir='ltr'>ίάναάὶεἰάιιιεηι</span> <span class='ocrx_word' id='word_1_788' title='bbox 3446 5412 3639 5451; x_wconf 81' lang='lat' dir='ltr'><strong>nomen</strong></span> 
     </span>
    </p>
   </div>
   <div class='ocr_carea' id='block_1_112' title="bbox 2061 5462 3636 5524">
    <p class='ocr_par' dir='ltr' id='par_1_112' title="bbox 2061 5462 3636 5524">
     <span class='ocr_line' id='line_1_114' title="bbox 2061 5462 3636 5524; baseline 0.003 -8"><span class='ocrx_word' id='word_1_789' title='bbox 2061 5462 2399 5516; x_wconf 83' lang='lat' dir='ltr'><strong>barbaricum</strong></span> <span class='ocrx_word' id='word_1_790' title='bbox 2431 5462 2734 5524; x_wconf 75' lang='lat' dir='ltr'><strong>ridetur,ct</strong></span> <span class='ocrx_word' id='word_1_791' title='bbox 2767 5466 3138 5518; x_wconf 73' lang='lat' dir='ltr'><strong>consuetudine</strong></span> <span class='ocrx_word' id='word_1_792' title='bbox 3167 5467 3222 5518; x_wconf 82' lang='lat' dir='ltr'><strong>in</strong></span> <span class='ocrx_word' id='word_1_793' title='bbox 3254 5483 3351 5519; x_wconf 82' lang='lat' dir='ltr'><strong>usu</strong></span> <span class='ocrx_word' id='word_1_794' title='bbox 3387 5481 3500 5519; x_wconf 83' lang='lat' dir='ltr'><strong>esse</strong></span> <span class='ocrx_word' id='word_1_795' title='bbox 3531 5482 3636 5521; x_wconf 76' lang='lat' dir='ltr'><strong>cae-</strong></span> 
     </span>
    </p>
   </div>
   <div class='ocr_carea' id='block_1_113' title="bbox 2059 5531 3636 5602">
    <p class='ocr_par' dir='ltr' id='par_1_113' title="bbox 2059 5531 3636 5602">
     <span class='ocr_line' id='line_1_115' title="bbox 2059 5531 3636 5602; baseline 0.003 -16"><span class='ocrx_word' id='word_1_796' title='bbox 2059 5535 2200 5602; x_wconf 82' lang='lat' dir='ltr'><strong>pisse</strong></span> <span class='ocrx_word' id='word_1_797' title='bbox 2249 5531 2392 5602; x_wconf 82' lang='lat' dir='ltr'><strong>apud</strong></span> <span class='ocrx_word' id='word_1_798' title='bbox 2438 5531 2665 5596; x_wconf 63' lang='lat' dir='ltr'><strong>Graecos,</strong></span> <span class='ocrx_word' id='word_1_799' title='bbox 2709 5537 3149 5602; x_wconf 81' lang='lat' dir='ltr'><strong>quemadmodum</strong></span> <span class='ocrx_word' id='word_1_800' title='bbox 3189 5536 3300 5588; x_wconf 84' lang='lat' dir='ltr'><strong>alia</strong></span> <span class='ocrx_word' id='word_1_801' title='bbox 3347 5535 3636 5590; x_wconf 71' lang='lat' dir='ltr'><strong>Persarum</strong></span> 
     </span>
    </p>
   </div>
   <div class='ocr_carea' id='block_1_114' title="bbox 2061 5601 3631 5672">
    <p class='ocr_par' dir='ltr' id='par_1_114' title="bbox 2061 5601 3631 5672">
     <span class='ocr_line' id='line_1_116' title="bbox 2061 5601 3631 5672; baseline 0.003 -18"><span class='ocrx_word' id='word_1_802' title='bbox 2061 5601 2253 5656; x_wconf 83' lang='lat' dir='ltr'><strong>multa.</strong></span> <span class='ocrx_word' id='word_1_803' title='bbox 2298 5601 2352 5654; x_wconf 89' lang='lat' dir='ltr'><strong>Id</strong></span> <span class='ocrx_word' id='word_1_804' title='bbox 2391 5611 2569 5654; x_wconf 87' lang='lat' dir='ltr'><strong>tamen</strong></span> <span class='ocrx_word' id='word_1_805' title='bbox 2617 5602 2840 5656; x_wconf 79' lang='lat' dir='ltr'><strong>Allierto</strong></span> <span class='ocrx_word' id='word_1_806' title='bbox 2870 5603 2923 5656; x_wconf 88' lang='lat' dir='ltr'><strong>in</strong></span> <span class='ocrx_word' id='word_1_807' title='bbox 2961 5603 3232 5672; x_wconf 78' lang='lat' dir='ltr'><strong>ilesycliio</strong></span> <span class='ocrx_word' id='word_1_808' title='bbox 3269 5619 3372 5658; x_wconf 90' lang='lat' dir='ltr'><strong>non</strong></span> <span class='ocrx_word' id='word_1_809' title='bbox 3405 5607 3631 5669; x_wconf 83' lang='lat' dir='ltr'><strong>arridet,</strong></span> 
     </span>
    </p>
   </div>
   <div class='ocr_carea' id='block_1_115' title="bbox 2059 5672 3635 5742">
    <p class='ocr_par' dir='ltr' id='par_1_115' title="bbox 2059 5672 3635 5742">
     <span class='ocr_line' id='line_1_117' title="bbox 2059 5672 3635 5742; baseline 0.004 -18"><span class='ocrx_word' id='word_1_810' title='bbox 2059 5672 2151 5742; x_wconf 88' lang='lat' dir='ltr'><strong>qui</strong></span> <span class='ocrx_word' id='word_1_811' title='bbox 2177 5688 2290 5726; x_wconf 90' lang='lat' dir='ltr'><strong>rem</strong></span> <span class='ocrx_word' id='word_1_812' title='bbox 2326 5673 2540 5742; x_wconf 89' lang='lat' dir='ltr'><strong>quidem</strong></span> <span class='ocrx_word' id='word_1_813' title='bbox 2574 5687 2602 5725; x_wconf 90' lang='lat' dir='ltr'><strong>a</strong></span> <span class='ocrx_word' id='word_1_814' title='bbox 2641 5672 2841 5742; x_wconf 79' lang='lat' dir='ltr'><strong>Persis,</strong></span> <span class='ocrx_word' id='word_1_815' title='bbox 2870 5675 3197 5729; x_wconf 86' lang='lat' dir='ltr'><strong>vocabulum</strong></span> <span class='ocrx_word' id='word_1_816' title='bbox 3223 5690 3252 5728; x_wconf 86' lang='lat' dir='ltr'><strong>a</strong></span> <span class='ocrx_word' id='word_1_817' title='bbox 3288 5675 3492 5728; x_wconf 65' lang='lat' dir='ltr'><strong>Giteris</strong></span> <span class='ocrx_word' id='word_1_818' title='bbox 3511 5690 3635 5731; x_wconf 86' lang='lat' dir='ltr'><strong>esse</strong></span> 
     </span>
    </p>
   </div>
   <div class='ocr_carea' id='block_1_116' title="bbox 2058 5741 3635 5816">
    <p class='ocr_par' dir='ltr' id='par_1_116' title="bbox 2058 5741 3635 5816">
     <span class='ocr_line' id='line_1_118' title="bbox 2058 5741 3635 5816; baseline 0 -20"><span class='ocrx_word' id='word_1_819' title='bbox 2058 5741 2355 5816; x_wconf 58' lang='lat' dir='ltr'><strong>existimat.</strong></span> <span class='ocrx_word' id='word_1_820' title='bbox 2406 5741 2729 5816; x_wconf 75' lang='lat' dir='ltr'><strong>Est_antcm</strong></span> <span class='ocrx_word' id='word_1_821' title='bbox 2758 5741 3043 5816; x_wconf 31' lang='lat' dir='ltr'><strong>AHV§YCIIiQ</strong></span> <span class='ocrx_word' id='word_1_822' title='bbox 3091 5745 3425 5816; x_wconf 77' lang='grc' dir='ltr'>Παράδεισος</span> <span class='ocrx_word' id='word_1_823' title='bbox 3471 5745 3635 5816; x_wconf 81' lang='grc' dir='ltr'>τόπος</span> 
     </span>
    </p>
   </div>
   <div class='ocr_carea' id='block_1_117' title="bbox 2059 5807 3631 5886">
    <p class='ocr_par' dir='ltr' id='par_1_117' title="bbox 2059 5807 3631 5886">
     <span class='ocr_line' id='line_1_119' title="bbox 2059 5807 3631 5886; baseline 0.002 -22"><span class='ocrx_word' id='word_1_824' title='bbox 2059 5811 2280 5884; x_wconf 74' lang='grc' dir='ltr'>ἔνυδρος</span> <span class='ocrx_word' id='word_1_825' title='bbox 2327 5811 2448 5882; x_wconf 79' lang='grc' dir='ltr'>ήτοι</span> <span class='ocrx_word' id='word_1_826' title='bbox 2481 5809 2724 5884; x_wconf 78' lang='grc' dir='ltr'>εὔυδρος.</span> <span class='ocrx_word' id='word_1_827' title='bbox 2754 5813 2813 5867; x_wconf 79' lang='grc' dir='ltr'>ὲν</span> <span class='ocrx_word' id='word_1_828' title='bbox 2842 5807 3206 5886; x_wconf 73' lang='grc' dir='ltr'>περίπατοι</span> <span class='ocrx_word' id='word_1_829' title='bbox 3245 5827 3262 5870; x_wconf 90' lang='lat'><strong>:</strong></span> <span class='ocrx_word' id='word_1_830' title='bbox 3298 5814 3442 5868; x_wconf 82' lang='lat' dir='ltr'><strong>locus</strong></span> <span class='ocrx_word' id='word_1_831' title='bbox 3476 5807 3631 5869; x_wconf 54' lang='lat' dir='ltr'><strong>sciliQ</strong></span> 
     </span>
    </p>
   </div>
  </div>
