4102 6394
546 335 648 402 8H
1683 347 1744 406 S.
1785 345 2120 408 GREGORI

2222 351 2724 414 AGRlGENTlNI
3711 370 3804 433 812

617 448 699 504 Ad
729 465 914 505 rerum
948 450 1164 520 cupiam
1215 465 1451 521 eamque
1500 453 1962 523 magniﬁcentiam
2011 474 2136 528 pro-
2172 467 2212 522 Α

545 555 796 610 gressus,
825 557 950 613 quae
981 556 1204 598 summo
1236 544 1420 598 studio
1449 545 1506 600 in
1537 549 1908 618 voluptatibus
1937 565 2137 619 paran-

541 633 629 688 dis
663 634 1032 704 expromitur,
1083 651 1210 690 cum
1245 635 1300 690 in
1330 637 1419 692 bis
1451 632 1808 696 Ecclesiastes
1855 641 2002 696 nihil
2036 645 2127 698 Ιιοι

545 725 713 789 tuine,
749 726 887 781 nihil
919 728 1106 782 animo
1135 729 1350 784 ratione
1377 729 1607 800 praedito
1639 732 1864 803 dignun:
1892 735 2105 792 invenis

543 827 672 880 set;
698 828 1002 890 contraque
1031 835 1252 876 omnem
1300 823 1466 877 vitam
1519 823 1823 894 improbam
1865 835 1920 880 et
1953 826 2136 895 pravis

543 910 597 961 iu
636 910 801 964 rebus
835 920 1087 966 exactam
1133 901 1254 981 ipso
1287 911 1358 966 ab
1391 912 1620 967 exordio
1661 922 1712 968 et
1743 913 1994 977 celeriter
2032 930 2136 968 au-

543 997 838 1068 fugientem
885 1009 942 1055 et
969 1001 1036 1056 ad
1087 1001 1370 1056 interitum
1427 1000 1780 1058 festinantem
1825 1002 2132 1073 deprehen-

540 1091 734 1152 disset,
763 1091 855 1145 illa
885 1095 1260 1162 pronuntiarit
1288 1111 1304 1150 :
1341 1113 1359 1148 ι
1391 1094 1454 1149 Et
1484 1095 1700 1165 respexi
1729 1111 1831 1168 ego
1854 1099 1922 1153 ad
1947 1098 2132 1153 omnia

540 1198 704 1251 npera
752 1199 895 1250 mea,
937 1167 1342 1255 quieteceruut
1376 1204 1571 1242 manus
1614 1205 1771 1255 mea},
1802 1200 1857 1244 et
1891 1190 1946 1243 in
1978 1190 2132 1245 labo-

542 1291 678 1336 rem,
713 1292 825 1345 quo
857 1279 1232 1334 laboraveram
1269 1281 1540 1336 faciendo.
1566 1280 1630 1334 Et
1659 1298 1788 1337 cccc
1817 1283 2004 1337 oninia
2037 1297 2132 1337 va-

2326 462 2688 534 ’Λφικόμενος
2718 464 2747 518 ό
2793 462 3226 536 Ἐκκλησιαστὴς
3249 465 3386 537 πρός
3422 466 3520 536 τὴν
3549 467 3803 543 δαψίλειαν

2237 554 2333 605 καὶ
2357 553 2715 608 πολυτέλειαν
2776 555 2888 609 τῶν
2949 558 3073 611 καθ’
3130 558 3324 629 ἡδονὴν
3379 561 3803 636 ἐπιτηδευμάτωι

2237 645 2332 697 καί⁸
2359 647 2794 718 σπουδασμάτων
2823 649 2920 704 καὶ
2962 649 3130 720 μηδὲν
3161 651 3312 716 ἄξιον
3351 653 3450 720 τῆς
3478 656 3804 732 ἀνθρωπίνης

2237 739 2330 790 καὶ
2360 741 2554 809 νοερᾶς
2583 733 2764 811 ψυχῆς
2789 741 3044 794 ἐντεῦθεν
3069 743 3266 814 εὑρὼν.
3312 743 3450 797 ά).λὰ
3485 749 3660 800 πᾶσαν
3718 755 3803 824 τὴν

2237 827 2520 899 μοχθηρὰν
2579 829 2726 902 ζωὴν
2806 835 2902 886 καὶ
2972 831 3184 901 φαύλην
3259 835 3532 889 πολιτείαν
3581 839 3690 910 ἅμα
3735 846 3803 914 τῷ

2237 919 2488 985 γενέσθαι
2552 923 2648 976 καὶ
2712 923 2910 976 θάττον
2986 927 3393 998 άπογινομὲνην
3443 970 3458 993 ,
3513 935 3606 985 καὶ
3679 938 3800 1006 πρὸς

2235 1012 2576 1083 άνυπαρξίαν
2607 1015 2894 1086 χωροῦσαν
2925 1018 3271 1090 κατειληφὼς
3303 1022 3398 1074 καὶ
3430 1024 3627 1092 φήσας,
3668 1045 3679 1076 t
3705 1031 3800 1082 Καὶ

2235 1102 2512 1174 ἐπέϐλεψα
2542 1105 2655 1174 ἐγὼ
2686 1108 2744 1160 ὲν
2776 1109 2914 1162 πᾶσι
2954 1111 3227 1182 ποιήμασί
3262 1128 3393 1182 μου,
3436 1105 3517 1176 οἷς
3557 1118 3800 1188 ἐποίησαν

2233 1196 2291 1248 αἱ
2337 1198 2520 1270 χεῖρές
2563 1216 2689 1269 μου,
2728 1202 2825 1255 καὶ
2847 1201 2906 1254 ἐν
2938 1199 3222 1274 μόχθῳ,”ιῖ›
3252 1199 3534 1277 ἐμόχθησα
3562 1209 3650 1262 τοῦ
3668 1213 3802 1282 nati;-

2236 1304 2369 1340 σαι·
2407 1290 2506 1344 καὶ
2532 1289 2644 1346 ίδοὺ
2684 1292 2754 1346 τά
2800 1296 2985 1348 πάντα
3022 1297 3322 1368 ματαιότης
3358 1300 3454 1352 mi
3499 1303 3799 1374 προαίρεσις

2233 1380 2550 1452 πνεύματος
2577 1400 2591 1414 ο
2625 1385 2720 1438 καὶ
2740 1387 2842 1439 οὐκ
2872 1387 2990 1441 ἐστι
3020 1390 3311 1462 περίσσεια
3343 1391 3449 1444 ὑπὸ
3479 1393 3568 1446 τὸν
3603 1395 3793 1466 hirtam:

2232 1471 2482 1540 φρούδων
2509 1475 2826 1544 γενομένων
2858 1479 3080 1532 πάντων
3109 1480 3212 1551 τῆς
3239 1481 3446 1544 κακίας
3487 1483 3642 1538 εἰδῶν
3661 1499 3674 1514 ⁸
3713 1486 3799 1540 νῦν

2233 1564 2520 1634 συγκρίνει
2563 1565 2664 1638 τὴν
2693 1567 2952 1640 σώφρονα
2993 1571 3091 1626 καὶ
3121 1573 3468 1644 τεταγμένην
3498 1577 3598 1642 τὴν
3624 1579 3799 1646 σοφίας

2232 1651 2397 1725 ζωὴν,
2445 1654 2548 1726 τῆς
2586 1659 2740 1730 παρὰ
2759 1659 2854 1713 τοῦ
2885 1659 3024 1715 Θεοῦ
3054 1663 3302 1734 δηλονότι
3329 1665 3620 1738 δεδομένης
3646 1670 3793 1740 αὐτῷ,

2233 1745 2328 1799 καὶ
2373 1747 2511 1817 πρὸς
2548 1749 2677 1814 τοὺς
2715 1753 3077 1826 χαρακτῆρας
3109 1754 3527 1826 ἀνθελκυσάσης
3552 1761 3648 1830 τῆς
3686 1778 3796 1830 προ-

2226 1836 2397 1908 τέρας
2420 1843 2809 1914 πνευματικῆς
2840 1845 3238 1909 καταστάσεως
3265 1863 3277 1876 ·
3320 1849 3417 1900 καὶ
3445 1848 3580 1902 πολὺ
3606 1849 3663 1902 τὸ
3689 1850 3793 1904 διά-

2227 1947 2393 2001 φορον
2427 1932 2548 1986 καθ’
2566 1935 2842 2006 ὑπεροχὴν
2857 1937 2958 2007 τὴν
2986 1938 3126 2010 πρὸς
3158 1939 3222 1992 τὸ
3247 1938 3458 2010 βέλτιον
3523 1941 3694 2012 εὑρὼν
3712 1943 3794 1995 καὶ

2227 2023 2574 2095 κατειληφὼς
2600 2026 2701 2096 τῆς
2731 2028 2925 2098 σοφίας
2953 2029 3076 2099 ἤτοι
3107 2031 3452 2102 φρονήσεως,
3493 2031 3588 2084 καὶ
3627 2032 3792 2101 μέντοι

2225 2116 2322 2170 καὶ
2353 2119 2452 2188 τῆς
2477 2121 2784 2190 περιφορᾶς
2837 2120 3007 2191 ἧγουν
3052 2122 3385 2194 ἀφροσύνης.
3441 2123 3647 2176 Ἰἀυτὺν
3697 2112 3792 2192 γ’ὰρ

2225 2209 2464 2280 ἑκάτερα
2487 2209 2641 2280 δηλοῖ
2668 2212 2766 2264 καὶ
2797 2212 3151 2283 παρίστησιν.
3193 2215 3267 2268 Ἥ
3305 2231 3368 2268 τε
3400 2214 3513 2286 γὰρ
3541 2215 3792 2286 περιφορά

2232 2319 2368 2372 μετα
2379 2305 2501 2374 κίνη
2512 2322 2596 2357 σιν
2628 2305 2724 2359 καὶ
2761 2305 3078 2376 μεταϐολὴν
3105 2307 3238 2378 πρὸς
3256 2309 3424 2362 τοῦτο
3447 2310 3664 2362 κάκεῖνο
3689 2309 3792 2363 διας

2226 2395 2488 2465 σημαίνει
2547 2395 2739 2464 σαφῶς
2770 2413 2785 2426 ·
2813 2395 2851 2451 ἃ
2885 2397 2950 2466 δὴ
2979 2397 3080 2468 τῆς
3111 2398 3432 2469 ἀφροσύνης
3465 2399 3602 2452 εἰσὶν
3660 2398 3791 2452 ίδιώ-

2227 2501 2396 2555 ματα,
2427 2483 2611 2548 καθὼς
2651 2502 2786 2555 φησι
2831 2485 2894 2539 τὸ
2957 2485 3140 2555 λόγιον
3173 2487 3276 2558 τῆς
3335 2487 3488 2552 θείας
3545 2487 3787 2560 ι’ραφῆς·

2229 2595 2248 2628 ι
2299 2575 2357 2628 Ὀ
2390 2576 2582 2647 ἄφρων
2631 2577 2709 2642 ὡς
2765 2578 2970 2650 σελήνη
3008 2579 3341 2646 ἀλλοιοῦται,
3379 2598 3401 2632 ι
3463 2581 3563 2654 τὴν
3599 2577 3686 2634 ἐπὶ
3730 2580 3792 2634 τὰ

2225 2669 2392 2738 χείρω
2406 2686 2471 2722 πε
2481 2671 2710 2741 ριφοράν
2735 2669 2904 2724 αὐτοῦ
2920 2673 3014 2726 καὶ
3027 2673 3391 2744 παρατροπὴν
3411 2674 3616 2726 αἰνιττῦ
3625 2689 3787 2742 μενον.

2293 2759 2478 2814 Ταῦ-ια
2507 2761 2686 2813 τοίνυν
2722 2761 2976 2830 ἀλλήλοις
3025 2764 3296 2835 παραθεὶς
3356 2766 3458 2817 καὶ
3492 2765 3788 2833 συγκρίνας,

540 1370 685 1424 nitas
719 1378 773 1424 et
800 1373 1157 1443 praesumptio
1195 1373 1458 1444 spiritus;
1495 1383 1549 1428 et
1586 1390 1695 1430 non
1731 1385 1817 1431 est
1846 1375 2134 1430 abundan-

538 1461 610 1514 tia
637 1463 744 1518 sub
773 1466 910 1530 sole,
953 1485 971 1518 ι
1006 1466 1155 1536 quod
1189 1465 1406 1522 levitate
1437 1481 1538 1521 sua
1563 1481 1725 1522 omne
1757 1467 2012 1539 nequitiae
2035 1483 2130 1538 ge-

539 1571 641 1608 uus
671 1556 968 1628 dispercat.
1005 1555 1125 1613 Jam
1161 1559 1400 1619 sobriam
1431 1560 1882 1631 moderatamque
1910 1562 2132 1630 sapien-

535 1652 624 1704 ti:e
656 1652 818 1704 vitam
860 1667 1006 1706 nunc
1042 1653 1276 1715 confert,
1320 1653 1441 1722 ejus
1472 1654 1702 1720 scilicet,
1737 1668 1904 1724 quam
1953 1669 1982 1708 a
2018 1651 2130 1709 Deo

534 1751 842 1814 acceperat,
873 1744 940 1796 ad
977 1743 1216 1812 priorem
1247 1755 1453 1800 sanctae
1476 1745 1846 1801 institutionis
1881 1747 2122 1800 formam

537 1837 884 1902 revocantis;
919 1847 973 1892 et
1003 1836 1074 1890 ob
1108 1836 1373 1894 bonitatis
1397 1843 1774 1910 prmstautiam
1804 1850 2016 1896 tantum
2043 1841 2127 1896 in-

537 1940 746 1982 teresse
786 1911 1379 2000 discriminis'reperit
1423 1933 1812 2003 cognovitque,
1857 1943 2124 2002 quantum

533 2031 618 2076 cst
650 2021 791 2076 inter
829 2021 1156 2092 sapientiam
1208 2023 1324 2079 sive
1375 2025 1743 2094 prudentiam,
1784 2035 1838 2080 et
1878 2040 2123 2082 errorem

532 2117 709 2184 ipsum
745 2115 858 2188 48
886 2117 1002 2172 sive
1035 2116 1346 2173 stultitiam.
1394 2116 1532 2174 Nam
1569 2119 1710 2175 idem
1757 2129 1990 2190 utraque
2033 2136 2124 2176 so-

532 2215 667 2259 nant
697 2215 858 2276 atque
885 2207 1175 2278 designant
1210 2226 1225 2264 :
1266 2224 1394 2264 cum
1427 2223 1586 2264 error
1613 2209 2036 2264 mutabilitatem
2071 2219 2125 2264 et

532 2303 826 2355 transitum
858 2299 926 2354 ad
959 2301 1062 2356 hoc
1092 2309 1148 2356 et
1191 2301 1324 2356 illud
1357 2311 1543 2373 aperte
1593 2303 1886 2374 signiticet,
1933 2303 2123 2375 cujus-

529 2395 677 2448 mndi
725 2392 972 2464 proiecto
1006 2405 1135 2450 sunt
1170 2395 1500 2466 insipientia:
1549 2395 1932 2466 proprietates,
1969 2407 2027 2452 ut
2057 2398 2125 2452 il-

526 2486 617 2538 lud
663 2485 976 2541 divinarum
1035 2485 1369 2542 Litterarum
1427 2501 1529 2542 nos
1573 2487 1732 2544 doeet
1783 2489 2120 2544 oraculum:

530 2595 556 2628 τ
577 2577 791 2633 Stultus
815 2588 872 2633 ut
897 2579 1023 2635 luna
1052 2587 1296 2636 mutatur
1317 2580 1389 2647 ³¹,
1418 2599 1442 2631 ι’
1464 2595 1574 2652 quo
1596 2581 1884 2638 conversio
1909 2581 2030 2654 ejus
2053 2582 2121 2637 ad

524 2671 708 2741 pejora
741 2671 1051 2728 aberrantis
1083 2672 1383 2729 indicatur.

597 2763 692 2818 His
723 2765 890 2831 igitur
915 2766 1058 2819 inter
1105 2781 1163 2820 se
1190 2767 1406 2822 collatis
1443 2768 1910 2838 comparatisque,
1945 2784 2121 2838 quau-

522 2870 690 2924 quam
722 2854 991 2924 ejusmodi
1037 2863 1189 2920 sunt,
1217 2867 1278 2911 ut
1315 2866 1534 2927 propter
1567 2861 1784 2928 generis
1829 2861 2118 2913 diversita-

2222 2853 2400 2906 καίτοι
2441 2869 2504 2921 γε
2537 2853 2930 2924 συγκρίνεσθαι
2963 2853 3040 2925 μὴ
3071 2855 3356 2924 πεφυκότα
3403 2855 3494 2909 διὰ
3546 2854 3604 2908 τὸ
3657 2853 3792 2923 σφῶν

525 2959 632 3000 rem
661 2947 920 3015 componi
951 2947 1048 3000 vix
1095 2948 1348 3018 possint;
1405 2964 1530 3004 cum
1584 2949 1717 3003 illud
1747 2951 2022 3014 didicerit,
2063 2953 2116 3005 in

2223 2944 2565 3016 ἑτερογενὲς,
2593 2943 2688 2997 καὶ
2721 2943 2932 3015 σφόδρα
2960 2943 3062 3015 τὴν
3101 2943 3297 3012 σοφίαν
3362 2944 3488 3014 ἦτοι
3550 2941 3792 3014 φρόνησιν

523 3038 793 3108 sapientia
827 3038 941 3093 sive
993 3039 1282 3108 prudentia
1335 3041 1632 3095 maximam
1677 3043 1858 3096 iurssc
1911 3043 2118 3097 utilita-

2222 3037 2550 3107 ὀνησιφόρον
2572 3035 2748 3107 εὑρὼν
2779 3036 2874 3090 καὶ
2897 3035 3354 3108 λυσιτελεστάτην
3390 3052 3408 3068 °
3449 3037 3548 3106 τὴν
3584 3049 3790 3106 περιφο-

526 3141 659 3194 teut,
693 3145 936 3185 errorem
974 3145 1106 3184 vero
1131 3131 1247 3186 sive
1277 3132 1646 3201 insipientiam
1679 3149 1802 3187 cum
1837 3134 1994 3204 plane
2024 3134 2109 3189 fn-

2222 3132 2343 3204 ρὰν,
2376 3133 2548 3203 ἧγουν
2567 3131 2904 3202 ἀφροσύνην,
2928 3131 3187 3202 ἀνόνητον
3207 3129 3306 3184 καὶ
3337 3129 3623 3190 παντελῶς
3643 3125 3792 3197 ἀσύμ-

525 3223 674 3278 tilem
707 3233 762 3278 et
799 3222 1130 3292 ineptiarum
1177 3224 1427 3292 plenum,-
1455 3237 1567 3278 tum
1620 3227 1686 3280 ad
1719 3225 1933 3279 beatam
1987 3242 2110 3297 proc

2222 3243 2408 3297 εορον,
2431 3226 2526 3279 καὶ
2559 3224 2825 3297 μηδαμῶς
2852 3224 3312 3298 συμϐαλλομένην
3340 3225 3483 3297 πρὸς
3507 3226 3598 3278 τὸν
3627 3223 3791 3294 μακά-

525 3319 762 3386 bamque
816 3317 986 3369 vitam
1034 3315 1173 3370 nihil
1209 3317 1438 3370 omnino
1485 3317 1737 3372 conferre
1786 3335 1799 3372 :
1852 3319 2009 3387 quasi
2061 3320 2114 3373 in

2222 3335 2338 3390 ριον
2367 3321 2460 3372 καὶ
2495 3318 2788 3374 σπουδαῖον
2825 3319 2972 3390 βίον·
3010 3318 3204 3390 ὥσπερ
3235 3320 3318 3383 είς
3367 3319 3623 3388 μεγάλην
3677 3315 3792 3370 ἀθυ-

525 3421 778 3476 maguam
815 3405 986 3460 animi
1019 3407 1402 3475 aegritudinem
1437 3408 1732 3478 adductus,
1769 3413 1916 3480 quod
1949 3412 2120 3481 pleri-

2224 3413 2354 3482 μίαν
2384 3410 2556 3465 ἐλθὼν
2590 3411 2678 3466 διὰ
2708 3411 2772 3464 τὸ
2797 3412 2926 3475 τοὺς
2955 3410 3186 3476 πολλοὺς
3215 3409 3548 3483 ἀνθρώπους
3578 3411 3791 3482 αἱρετωο

521 3512 633 3567 que
667 3499 952 3552 hominum
992 3497 1322 3567 ﬂagitiosum
1359 3515 1694 3572 pravamque
1746 3503 1912 3557 vitam
1958 3514 2117 3574 opta-

2222 3502 2387 3574 τέραν
2418 3501 2676 3574 ἡγεῖσθαι
2709 3503 2810 3575 τὴν
2841 3505 3130 3577 μοχθηρὰν
3157 3505 3252 3558 καὶ
3292 3505 3518 3578 φαύλην
3549 3501 3709 3575 ζωὴν,
3737 3503 3792 3554 ὲκ

521 3591 774 3645 biliorem
818 3601 1034 3660 putent,
1067 3590 1156 3644 illa
1196 3592 1268 3645 ob
1303 3608 1574 3646 sumtuam
1616 3594 1694 3648 rei
1734 3595 2113 3664 indignitatem

2222 3591 2426 3662 πολλῆς
2464 3591 2779 3664 ἀμηχανίας
2807 3593 3114 3664 ἐπήγαγεν,
3145 3612 3166 3646 ι
3207 3593 3330 3648 Ὅτι
3377 3602 3471 3659 ’τις
3526 3592 3792 3664 ἄνθρωπος

521 3683 756 3754 subjecit
775 3683 802 3738 ε’
821 3702 839 3735 t
871 3683 1010 3750 Quia
1037 3683 1162 3753 quis
1185 3693 1269 3738 est
1291 3685 1477 3750 homo,
1504 3685 1597 3755 qui
1628 3686 1969 3755 ingredietur
1995 3699 2117 3759 post

2222 3683 2500 3738 ἐλεύσεται
2523 3683 2700 3738 όπίσω
2731 3685 2830 3754 τῆς
2852 3685 3050 3756 βουλῆς
3074 3702 3089 3749 ;
3113 3707 3136 3738 ι
3165 3687 3290 3740 ἀντὶ
3309 3686 3437 3755 τοῦ,
3467 3685 3647 3748 Μόνος
3665 3681 3793 3736 εκεί-

519 3775 858 3830 consilium?
894 3793 913 3826 ι
979 3773 1138 3830 Velut
1191 3776 1238 3830 si
1271 3776 1482 3830 diceret
1533 3793 1546 3830 :
1587 3777 1749 3833 Solus
1784 3779 1872 3834 ille
1915 3780 2116 3851 dignus

2222 3772 2306 3836 νός
2339 3773 2488 3826 ἐστιν
2517 3771 2668 3838 ἄξιος
2696 3771 2986 3848 ἄνθρωπος
3042 3775 3354 3841 καλεῖσθαι,
3411 3777 3513 3831 καὶ⁸
3551 3775 3648 3848 τὴν
3692 3787 3791 3825 τοι·

517 3877 624 3928 est,
665 3877 726 3921 ut
781 3869 947 3922 homo
981 3867 1314 3937 appelletur,
1355 3879 1409 3923 et
1455 3869 1738 3924 hominum
1776 3871 1832 3925 in
1883 3887 2116 3928 numero

2222 3863 2389 3955 αὐτην
2419 3863 2564 3934 ἔχειν
2594 3866 2928 3936 ὀνομασίαν,
2947 3866 3006 3930 ὃς
3037 3867 3309 3941 πρότερον
3355 3869 3476 3923 άπά
3489 3884 3633 3931 τινος
3673 3880 3789 3918 σκο·

519 3959 808 4024 habeatur,
840 3959 933 4028 qui
967 3959 1118 4028 prius
1151 3967 1410 4030 tauquam
1451 3976 1483 4014 e
1535 3963 1758 4030 specula
1788 3962 1974 4032 aliqua
2025 3974 2114 4018 at-

2222 3953 2472 4020 πιᾶςκαὶ
2499 3955 2668 4010 τόπου
2697 3958 2998 4029 περιόπτου
3047 3961 3142 4012 καὶ
3197 3960 3498 4032 μεταρσίου
3541 3958 3644 4029 τὴν
3696 3953 3788 4024 φύ-

515 4069 625 4124 que
654 4054 801 4108 edito
833 4053 1168 4124 sublimiun
1196 4054 1318 4108 loco
1359 4069 1553 4109 rerum
1579 4063 1836 4110 naturam
1869 4057 2019 4113 clare
2049 4073 2116 4113 ac

2222 4067 2300 4102 σιν
2333 4050 2440 4104 τῶν
2467 4051 2809 4122 πραγμάτων
2833 4052 3130 4124 διαϐλέψας
3147 4055 3364 4126 τρανῶς
3397 4055 3494 4110 καὶ
3519 4053 3690 4124 σκοπή
3700 4065 3789 4112 σας

513 4145 774 4200 distincte
802 4146 1209 4215 contcn‘tplatus
1231 4151 1412 4220 ,‘qua
1437 4147 1684 4217 eligenda
1727 4149 1839 4204 sint
1890 4160 1945 4205 et
1988 4168 2112 4222 qum

2222 4141 2480 4212 διακρίνει
2517 4143 2586 4196 τὰ
2614 4143 2809 4216 αἱρετὰ
2843 4146 2939 4198 καὶ
2981 4147 3079 4216 οὐχ
3112 4147 3333 4218 αἱρετά.
3371 4147 3560 4201 καὶτὰ
3593 4140 3788 4213 συμφέ-

513 4239 1039 4308 relinquettda,qu:e
1070 4239 1224 4293 utilia
1249 4249 1304 4292 et
1331 4255 1456 4309 tum
1483 4240 1852 4310 inulilia,qu:e
1877 4243 2108 4299 salutem

2222 4245 2379 4305 ροντα
2431 4235 2529 4289 καὶ
2589 4237 2907 4308 ἀσύμφορα,
2973 4239 3168 4292 καὶτὰ
3229 4239 3469 4310 πρόξενα
3504 4234 3784 4306 σωτηρίας.

512 4329 748 4384 afferant
783 4339 836 4384 et
865 4346 989 4400 qua:
1021 4331 1088 4384 ad
1129 4332 1412 4385 interitum
1451 4332 1746 4400 deducant,
1785 4349 1930 4390 unus
1959 4335 2106 4404 dijuo

2222 4327 2308 4380 Ital
2335 4327 2406 4380 τὰ
2434 4328 2571 4399 πρὸς
2591 4328 2874 4384 ἀπώλειαν
2909 4329 3258 4384 συνωθοῦντα
3288 4347 3302 4359 ο
3351 4331 3448 4384 καὶ
3507 4325 3786 4400 βουλευσά-

511 4423 660 4476 dicat
695 4439 706 4474 :
739 4421 988 4492 initoqtte
1017 4422 1251 4476 consilio
1273 4423 1354 4478 sic
1375 4424 1604 4477 meliora
1639 4434 1926 4495 praeoptat,
1953 4437 2015 4481 ut
2041 4444 2120 4480 rat

2222 4435 2375 4488 μενος
2404 4420 2581 4474 ἕλοιτο
2619 4421 2717 4492 τὴν
2752 4421 2969 4493 αἵρεσιν
2997 4420 3104 4474 τῶν
3133 4422 3488 4495 κρειττόνων,
3535 4421 3628 4476 καὶ
3667 4415 3787 4488 φεύ-

510 4525 818 4574 avcrselur,
865 4530 986 4584 qua:
1029 4530 1138 4568 non
1181 4515 1359 4569 solum
1409 4516 1664 4570 utilitatis
1705 4517 1845 4570 nihil
1875 4518 2099 4583 habent,

2222 4510 2352 4574 ξοιτο
2377 4511 2446 4564 τά
2481 4512 2554 4582 μὴ
2586 4511 2749 4583 μόνον
2778 4511 3096 4582 ὠφελοῦντα
3129 4513 3325 4584 μηδὲν,
3377 4513 3519 4568 ἀλλὰ
3553 4513 3645 4566 καὶ
3689 4525 3782 4564 παι

510 4609 605 4666 sed
637 4609 799 4662 etiam
831 4618 1032 4662 azterua
1065 4608 1130 4662 ad
1163 4608 1431 4678 supplicia
1468 4609 1871 4664 transmittunt.

579 4700 719 4756 Nam
778 4700 948 4754 homo
985 4700 1324 4769 hujusmodi,
1357 4701 1451 4770 qui
1494 4713 1709 4760 mature
1742 4700 1911 4756 vitam
1957 4703 2100 4772 opti-

508 4811 652 4852 mam
678 4795 1043 4865 amplectatur
1072 4803 1235 4862 atque
1257 4802 1585 4863 cognoscat,
1603 4808 1838 4864 eamque
1858 4795 2098 4865 sequiori

505 4896 864 4958 anteponens,
897 4887 1166 4956 pra:terita
1186 4899 1426 4954 quoque,
1451 4883 1737 4954 sapientia:
1768 4883 2100 4954 prudentia-

2212 4621 2278 4675 ρα
2291 4607 2574 4676 πέμποντα
2612 4609 2748 4679 πρὸς
2780 4607 3032 4673 κολάσεις
3060 4610 3476 4682 άτελευτήτους.

2296 4695 2354 4751 '0
2384 4698 2493 4770 γὰρ
2530 4698 2770 4764 τοιοῦτος
2785 4700 3439 4773 άνθρωπος,ὁπρότερον
3467 4699 3786 4772 βουλόμενος

2205 4780 2696 4858 καϊδιαγινὼσκων
2726 4791 2826 4862 τὴν
2861 4791 3328 4866 βελτίστηνζωὴν,
3359 4796 3459 4847 καὶ
3487 4790 3785 4864 προκρίνων

2203 4881 2408 4952 ταύτην
2421 4881 2524 4952 τῆς
2541 4883 2809 4953 χείρονος,
2837 4885 2933 4938 καὶ
2959 4885 3143 4955 μέντοι
3159 4889 3250 4939 καὶ
3278 4887 3491 4954 κατὰτὸ
3505 4880 3784 4939 ἀκόλουθον

503 4997 612 5050 que
642 4981 954 5049 o‘pportunn
986 4991 1119 5032 usus
1147 4977 1404 5041 consilio,
1440 4985 1658 5046 egregie
1688 4977 1945 5032 restituat
1974 4993 2098 5048 per-

2222 4974 2468 5044 τράττων
2493 4975 2566 5028 τά
2583 4977 3026 5048 παραλειφθέντα
3059 4981 3297 5049 κρείττω
3327 4979 3424 5032 καλ⁸
3439 4975 3788 5049 βελτίωπαρα
3833 5007 3842 5014 -

507 5074 795 5140 liriatquc;
829 5072 898 5135 is,
943 5070 1192 5140 inquam,
1227 5067 1353 5122 felix
1399 5083 1464 5122 ac
1503 5082 1693 5122 revera
1739 5071 1933 5123 beatus
1963 5077 2048 5124 est
2080 5089 2094 5125 :

500 5167 705 5236 quippe
737 5163 833 5234 qui
866 5165 1114 5218 studium
1157 5177 1318 5216 suum
1353 5161 1406 5214 in
1437 5175 1628 5216 eorum
1655 5161 1929 5216 honorum
1972 5178 2100 5234 pos-

501 5259 760 5312 sessione
801 5256 1036 5310 tolloect
1088 5255 1502 5326 impendatque,
1544 5269 1667 5324 quae
1699 5269 1826 5310 vera
1852 5264 1908 5312 et
1937 5271 2096 5312 man-

564 5394 612 5456 ,δι
647 5391 813 5448 Eceli.
849 5407 1018 5454 xxvtt,
1062 5391 1149 5448 l2.

498 5527 650 5596 inqui
682 5567 696 5589 ,
730 5526 864 5580 libro
895 5543 990 5597 pro
1021 5527 1090 5580 τά
1115 5537 1191 5580 est
1221 5527 1340 5588 σύν,
1371 5536 1421 5582 et
1464 5534 1744 5596 utrumque
1781 5529 1917 5582 nihil
1947 5529 2092 5583 uide-

500 5606 587 5650 tur
619 5599 688 5651 ad
713 5599 1028 5668 sententiam
1062 5599 1257 5667 facere,
1287 5601 1380 5651 sed
1411 5602 1984 5668 tantumirespoudere.
2005 5617 2095 5652 ar-

500 5668 665 5723 ticulo
715 5667 957 5723 Hebrwo.
1007 5668 1146 5722 'l‘utn
1205 5670 1258 5722 in
1315 5671 1589 5738 plerisque
1630 5667 1786 5738 libris
1826 5671 2089 5738 scriptum

499 5755 626 5794 esse
660 5741 835 5803 addit,
873 5740 1060 5792 Πάντα
1084 5741 1184 5810 ὅσα
1212 5737 1472 5810 ἐποίησεν
1501 5741 1559 5789 ὲν
1579 5737 1717 5810 αὐτῇ
1752 5757 1766 5772 ·
1801 5737 2090 5810 (ιιιωίὶιρηι

493 5813 639 5867 Satis
666 5813 904 5866 obscura
952 5829 963 5864 :
999 5818 1058 5864 ut
1101 5807 1436 5882 G-egoria'ua
1491 5807 1654 5863 lectio
1687 5807 1833 5865 caete
1854 5811 1902 5866 is
1949 5826 2092 5882 prae-

2200 5065 2302 5137 τῆς
2317 5070 2375 5119 ἐν
2399 5067 2563 5140 σοφίᾳ
2579 5069 2672 5120 καὶ
2686 5069 2948 5140 φρονήσει
2971 5072 3350 5142 γεγενημένης
3373 5070 3596 5142 βουλῆς,
3611 5064 3784 5120 εὐδαίσ
3861 5111 3876 5119 .

2204 5176 2322 5227 μων
2339 5159 2457 5213 ἐστὶ
2484 5161 2578 5213 καὶ
2601 5160 2681 5229 τῷ
2702 5159 2818 5212 δντι
2849 5162 3124 5231 μακάριος
3151 5179 3162 5192 ·
3198 5163 3274 5226 ῶς
3305 5162 3439 5234 περὶ
3467 5163 3570 5232 τὴν
3599 5158 3783 5228 κτῆσιν

2199 5251 2308 5304 τῶν
2328 5251 2498 5305 όντων
2531 5254 2625 5306 καὶ
2651 5252 2760 5306 τῶν
2774 5251 2990 5323 άληθῶς
3023 5252 3248 5322 ἀγαθῶν
3274 5253 3506 5324 θέμενος
3526 5253 3629 5322 τὴν
3655 5248 3784 5304 ίδίαν

2198 5537 2328 5586 stet.
2378 5528 2823 5596 sent'utiamque
2868 5529 3156 5584 absolvere
3195 5528 3496 5583 videatur:
3542 5523 3687 5596 vt-lut
3736 5523 3780 5572 si

2197 5600 2461 5666 scriptum
2495 5611 2640 5670 esset
2673 5617 2686 5653 :
2715 5593 2826 5652 Καὶ
2857 5601 2954 5652 σὺν
2983 5600 3123 5670 αὐτῇ
3159 5598 3470 5670 βουλῇ,ὅσα
3499 5593 3777 5670 huius“;

2197 5663 2340 5748 este,
2369 5669 2560 5748 tmesis
2596 5669 2685 5748 illa
2703 5672 2992 5748 poeticam
3027 5663 3547 5748 saiii_ét_liceptiam.
3573 5663 3778 5748 ({lytup-

2197 5740 2326 5810 legit
2354 5756 2372 5811 :7
2402 5739 2501 5802 ’ος
2524 5735 2878 5801 ἐπελεύσεται
2899 5740 3076 5794 ὀπίσω
3092 5735 3194 5811 τῆς
3219 5738 3442 5810 βουλῆς,
3475 5735 3576 5789 ὅσα
3599 5735 3776 5798 ἐποίη-

2199 5827 2292 5862 σεν
2319 5810 2480 5881 αὐτῇ.
3157 5810 3162 5811 ⁷
3261 5827 3265 5831 ·
