4102 6384
365 483 468 548 8ῗὶ1
1436 489 1521 550 'IN
1558 490 1998 550 ECCLES[.\S'I

2100 493 2144 552 ιῖ.
2180 519 2246 529 -··
2291 493 2441 552 LlB-
2471 495 2553 552 ll.
3554 483 3660 547 822

442 591 507 650 ὐ
531 597 632 666 μὲν
658 595 769 665 γὰρ
799 593 1064 666 φρόνιμος
1095 595 1190 650 καὶ
1238 597 1402 669 σοφὸς
1451 599 1672 654 πάντων
1723 600 1832 654 τῶν
1881 603 1998 671 ἐφ’,

2139 604 2276 659 Nam
2313 605 2556 674 prudens
2593 602 2813 672 quidem
2852 602 3192 673 sapiensque
3226 617 3289 656 ex
3323 598 3416 664 iis,
3449 613 3569 669 qua:
3606 615 3657 650 tu

368 693 499 762 ἡμῖν
544 690 614 743 τὰ
663 687 902 758 κρείττω
934 695 1028 742 καὶ
1057 687 1311 762 λυσιτελῆ
1348 691 1444 746 καὶ
1469 693 1712 747 σωστικὰ
1735 693 1968 764 προκρί-

372 798 476 834 νων
509 779 604 832 καὶ
635 777 1018 848 διαιρούμενος
1044 777 1200 849 δρᾷν,
1234 779 1304 831 τὰ
1330 779 1450 832 κατ’
1501 779 1820 834 ἐναντίωσιν
1875 783 1970 832 ἀν-

371 875 659 944 τικείμενα
687 873 880 946 πόρρω
908 871 1012 942 τῆς
1049 871 1188 936 ἰδίας
1221 873 1456 942 ἐξορίζει
1486 875 1580 929 καὶ
1602 873 1970 946 παραπέμπει

336 967 543 1034 αζωῆς.
611 957 736 1017 οἷον
805 964 906 1033 τὴν
954 964 1238 1034 ἀλήθειαν,
1303 966 1402 1035 τὴν
1460 957 1832 1036 δικαιοσύνην,
1875 965 1972 1035 τὴν

380 1053 817 1126 ὲπιείκειαν,τὴν
839 1055 1146 1125 πραότητα,
1178 1056 1277 1127 τὴν
1305 1057 1634 1128 ἀοργησίαν,
1667 1060 1768 1128 τὴν
1809 1059 1974 1124 ἐλεη-

388 1151 645 1220 μοσὲνην,
696 1148 788 1200 καὶ
839 1147 939 1218 τὴν
993 1149 1130 1217 πρὸς
1175 1148 1270 1200 τὸν
1336 1149 1568 1220 πλησίον
1601 1150 1844 1223 ἀγάπην,
1881 1149 1976 1202 καὶ

386 1241 492 1294 τῶν
537 1241 709 1294 ἄλλων
739 1238 950 1308 ἀρετῶν
1006 1238 1096 1292 τὸν
1159 1238 1484 1306 κατάλογον,
1533 1241 1630 1294 καὶ
1688 1239 1871 1310 πολλῷ
1919 1239 1977 1292 δὲ

382 1330 572 1402 πρώην
601 1332 700 1402 τὴν
733 1332 871 1402 πρὸς
898 1331 989 1382 τὸν
1022 1330 1156 1384 ίδιον
1191 1332 1424 1404 ποιητὴν
1466 1335 1561 1387 καὶ
1586 1332 1720 1387 Θεὸν
1753 1334 1848 1387 καὶ
1888 1334 1977 1388 δε·-

381 1425 592 1493 σπότην
615 1425 886 1494 εἰλικρινῆ
917 1423 1104 1477 πίστιν
1138 1425 1234 1477 καὶ
1279 1424 1506 1496 βεϐαίαν
1556 1425 1749 1480 ὲλπίδα
1791 1443 1980 1496 προτι-

384 1512 644 1584 μὼμενος
675 1515 768 1567 καὶ
800 1514 1115 1582 φυλάττων,
1161 1517 1270 1570 τῶν
1329 1518 1730 1588 ἀντικειμένων
1767 1519 1980 1584 τούτοις

379 1603 481 1666 τὰς
509 1603 780 1668 διαθέσεις
821 1605 918 1658 καὶ
947 1605 1180 1676 πράξεις
1218 1608 1463 1678 φευκτέις
1489 1609 1706 1680 ἡγεῖται
1735 1611 1831 1666 καὶ
1858 1628 1983 1665 στυ-

380 1695 580 1764 γητάς.
627 1696 685 1748 '0
718 1697 910 1768 ἄφρων
945 1697 1004 1750 δὲ
1039 1699 1218 1751 πάντα
1254 1699 1323 1772 τᾷ
1353 1699 1434 1768 τῷ
1463 1700 1614 1770 σοφῷ
1647 1702 1858 1770 φευκτά
1887 1702 1984 1755 καὶ

383 1785 633 1854 στυγητά
653 1785 1035 1857 λελογισμένα,
1061 1790 1212 1860 παρὰ
1238 1790 1328 1843 τὸν
1361 1792 1641 1858 πρέποντα
1666 1795 1868 1847 σκοπὸν
1892 1797 1986 1848 καὶ

382 1875 478 1931 τὸν
538 1877 665 1948 ὅρον
731 1879 826 1932 καὶ
888 1878 1046 1947 λόγον
1080 1883 1201 1950 -τῆς
1264 1884 1585 1955 φρονήσεως
1657 1885 1753 1940 καὶ
1797 1887 1986 1956 σοφίας

385 1967 733 2041 αίρετώτερα
762 1971 966 2042 μᾶλλον
993 1950 1320 2044 ἡγούμενος,
1362 1950 1458 2038 καὶ
1507 1977 1720 2043 τούτοις
1761 1950 1986 2051 ἐνασχο-
2021 1950 2059 2000 Β

386 2060 654 2130 λούμενος
719 2063 816 2116 καὶ
872 2063 1139 2133 θητεύων,
1199 2065 1613 2139 ἀποστρέφεται
1655 2071 1752 2124 καλ⁵
1791 2071 1985 2142 φεύγει

385 2153 502 2204 τῶν
537 2153 874 2225 εὑρεθέντων
903 2155 980 2226 τῷ
1013 2157 1164 2230 σοφῷ
1199 2157 1497 2212 λυσιτελῶν
1555 2162 1651 2215 καὶ
1705 2166 1986 2218 σωστικῶν

385 2245 492 2316 τὴν
531 2245 746 2316 αἵρεσιν
771 2248 868 2300 καὶ
894 2249 994 2319 τὴν
1037 2251 1255 2320 πρᾶξιν.
1301 2253 1390 2305 Ἐν
1425 2256 1540 2316 τοῖς
1583 2256 1844 2319 τοιούτοις
1895 2251 1988 2310 οὖν

387 2337 420 2390 ὁ
449 2336 616 2404 σοφὸς
641 2340 1113 2410 χαρακτηρίζεται
1137 2342 1230 2394 καὶ
1259 2345 1284 2395 ὀ
1315 2341 1528 2412 ἄφρων,
1559 2343 1676 2398 ἀλλ’
1694 2346 1796 2398 ούκ
1823 2346 1881 2398 ἐν
1911 2345 1990 2416 τῷ

388 2427 662 2498 ὑγιαίνειν
685 2429 718 2502 ῆ
741 2431 1152 2502 νοσηλεύεσθαι,
1179 2435 1275 2487 καὶ
1298 2437 1552 2490 πλουτεῖν
1581 2435 1613 2508 ἦ
1642 2437 1987 2508 πενητεύειν,

393 2521 497 2574 καὶ
539 2519 648 2574 τῶν
703 2523 1017 2591 προσόντων
1080 2525 1312 2596 πάσχειν
1378 2525 1476 2596 τὴν
1543 2527 1806 2600 στέρησιν
1833 2545 1848 2560 ο
1897 2529 1992 2584 καὶ

392 2609 508 2664 τῶν
554 2611 732 2666 ἄλλων
785 2615 884 2684 τῆς
927 2616 1280 2688 ἀνθρωπίνης
1311 2621 1602 2690 εἐτηρίας
1635 2623 1727 2676 καὶ
1765 2623 1995 2677 πολυτε-

395 2703 554 2767 λείας
584 2705 741 2758 είδῶν
767 2705 1022 2776 δέχεσθαι
1051 2709 1150 2771 τὰς
1185 2711 1508 2780 συμϐάσεις.
1564 2714 1596 2782 ἦ
1652 2715 1712 2767 τὸ
1759 2715 1992 2783 ἔμπαλιν

394 2793 642 2866 θλίψεων
684 2797 778 2851 καὶ
817 2797 1116 2852 κακώσεων
1152 2801 1248 2854 καὶ
1279 2802 1388 2854 τῶν
1419 2803 1690 2873 βιωτικῶν
1725 2821 1994 2875 πειρατη-

399 2883 538 2954 ρίων
617 2888 890 2958 ἀμέτοχον
951 2889 1304 2961 εὑρίσκεσθαι
1367 2893 1654 2956 παντελῶς
1702 2895 1796 2948 καὶ
1859 2894 1993 2948 καθ-

397 2975 430 3030 ύ
441 2977 660 3049 περθεν.

475 3069 666 3124 Τᾰῢτα
695 3071 806 3140 γὰρ
845 3056 956 3126 τῶν
991 3075 1092 3129 οὐκ
1143 3077 1230 3147 ἐφ’
1278 3079 1412 3148 ἡμῖν
1462 3079 1654 3146 όντων,
1704 3083 1846 3135 κατὰ
1895 3081 1994 3154 τὴν

395 3161 462 3216 ὲν
487 3159 566 3232 τῷ
588 3163 820 3233 παρόντι
840 3163 942 3236 βίῳ
965 3182 1295 3240 συγκεχωρη
1304 3169 1475 3242 μένην
1497 3171 1835 3242 ἀνωμαλίαν,
1864 3174 1996 3227 ἐκα-

397 3253 461 3305 τὲ
470 3270 552 3324 ρῳ
580 3254 974 3324 συμϐαίνουσιν
1003 3256 1062 3324 ἐξ
1091 3259 1212 3313 ίσου
1241 3261 1527 3328 πολλάκις,
1572 3263 1678 3318 κάν
1719 3267 1818 3337 ούχ
1865 3267 1998 3320 ἑκά-

396 3361 563 3413 τερος
591 3345 794 3416 ὁμοίως
823 3349 1276 3422 μεταχειρίζηται
1315 3352 1417 3418 τὰς
1473 3354 1728 3419 τοιαύτας
1779 3355 1994 3426 συμϐάν

404 3449 544 3499 σεις.
585 3434 647 3489 '0
675 3435 785 3508 γὰρ
836 3440 1002 3510 σοφὸς
1028 3441 1126 3496 καὶ
1162 3443 1264 3506 τὰς
1301 3446 1493 3513 ὑγείας
1531 3450 1625 3502 καὶ
1655 3449 1754 3512 τὰς
1781 3448 1993 3514 νόσους,

402 3527 505 3580 καὶ
551 3526 644 3581 τὸν
668 3528 902 3584 πλοῦτον
950 3535 1046 3586 καὶ
1074 3533 1176 3602 τὴν
1209 3537 1424 3603 πενίαν,
1452 3539 1550 3593 καὶ
1579 3541 1678 3608 τὴν
1703 3541 1870 3610 τιμὴν
1903 3543 1997 3596 καὶ

401 3619 784 3716 τὴνὲἀτιμίαν,
816 3625 913 3678 καὶ
939 3626 1042 3696 τὴν
1063 3626 1224 3692 δόξαν
1248 3631 1344 3683 καὶ
1374 3631 1473 3702 τὴν
1503 3632 1745 3700 ἀδοξίαν,
1779 3635 1872 3686 καὶ
1901 3635 1998 3698 τὰς

404 3712 836 3784 ἐπιδρομάςκαὶ
860 3716 1114 3788 δηῖώσεις
1150 3721 1245 3774 καὶ
1273 3722 1568 3793 λεηλασίας
1611 3725 1720 3778 τῶν
1769 3726 2000 3794 ἀλλοφύ-

401 3806 538 3873 λων,
587 3809 683 3861 καὶ
734 3809 836 3874 τὰς
891 3811 1192 3880 ἐπαγωγὰς
1225 3816 1472 3880 καὶτοὺς
1503 3819 1872 3890 ἐμπρησμοὺς
1907 3819 2002 3872 καὶ

407 3901 692 3969 σεισμοὺς,
743 3901 840 3955 καὶ
884 3903 985 3973 τῆς
1013 3903 1291 3977 ζωῆς¹τὴν
1325 3907 1610 3978 είρηναίαν
1639 3911 1998 3976 κατάστασιν,

403 3988 499 4042 διὰ
529 3989 632 4058 τῆς
664 3991 978 4063 προσούσης
1009 3996 1162 4067 αὐτῷ
1185 3999 1503 4070 φρονήσεως
1528 4001 1621 4062 καὶ
1648 4001 1843 4070 σοφίας
1867 4003 2003 4072 πρὸς

403 4083 470 4136 τὺ
502 4084 726 4154 ἄμεινον
763 4087 859 4139 καὶ
887 4075 1330 4162 λυσιτελέστερον
1365 4089 1692 4162 διατίθησιν,
1724 4094 1783 4147 ὲν
1839 4095 2007 4148 πᾶσιν

407 4176 755 4268 εὐχαριστῶν
782 4179 860 4249 τῷ
889 4179 1008 4252 Θεῷ
1053 4179 1134 4252 τῷ
1187 4183 1368 4237 πάντα
1406 4184 1586 4252 σοφῶς
1631 4187 2007 4257 οἰκονομοῦντι

408 4271 510 4323 καὶ
547 4272 963 4342 συμφερόντως,
1005 4275 1102 4328 καὶ
1157 4277 1594 4348 προσκαρτερῶν
1650 4281 1762 4343 τοῖς
1812 4281 2008 4346 δεινοῖς

406 4360 508 4412 καὶ
531 4362 644 4425 τοῖς
685 4361 974 4434 λυπηροῖς,
1012 4366 1106 4430 καὶ
1141 4366 1230 4424 διὰ
1264 4366 1366 4436 τῆς
1398 4369 1681 4440 ὑπομονῆς
1731 4369 2011 4444 ἀθλητικῷ

410 4451 670 4522 στεφάνῳ
699 4455 1425 4524 κατακοσμούμενος.ιούτε
1455 4458 1564 4530 γὰρ
1596 4461 1656 4512 ὲν
1707 4465 1828 4525 ταῖς
1873 4479 2013 4533 συμ-

409 4546 612 4598 ϐάσεσι
641 4543 747 4598 τῶν
805 4546 1106 4602 δοκούντων
1163 4551 1478 4622 περιχαρῶν
1533 4555 1626 4606 καὶ
1687 4557 2012 4624 κρειττόνων

2069 707 2342 770 potestate
2381 706 2567 751 nostra
2598 697 2702 751 sita
2741 707 2890 759 sunt,
2933 693 3394 765 praestantissima
3431 705 3664 761 quaeque

2071 789 2315 845 et'utilia
2349 799 2402 843 et
2433 787 2680 842 salubria
2721 794 3010 857 praeoptat,
3048 783 3266 854 sibique
3296 783 3362 838 ad
3387 783 3662 852 agendum

2073 890 2398 953 comparat;
2431 891 2654 945 czetera,
2687 895 2810 949 qua:
2853 879 2938 932 his
2987 877 3370 938 adversantur,
3409 873 3600 944 procul
3633 887 3664 927 a

2075 977 2184 1030 vita
2217 990 2315 1029 sua
2341 973 2587 1027 eliminat
2617 969 3046 1045 atqne’depellit.
3075 966 3372 1026 Veritatem
3401 967 3662 1020 nimirum

2077 1067 2451 1136 amplectitur,
2509 1064 2806 1134 justitiam,
2863 1059 3378 1119 mansuetudinem.
3425 1057 3667 1114 clemen-

2079 1161 2238 1222 tiam,
2273 1157 2611 1222 comitatcm,
2669 1152 3138 1216 misericordiam,
3181 1149 3505 1204 charitatem
3535 1162 3665 1217 erga

2080 1253 2398 1324 proximos,
2455 1261 2787 1306 caeterarum
2836 1247 3101 1302 virtutum
3151 1245 3346 1300 seriem
3378 1259 3394 1296 :
3432 1242 3668 1296 maxime

2081 1361 2212 1402 vero
2243 1347 2516 1402 sinceram
2544 1357 2675 1413 erga
2709 1341 2878 1396 Deum
2915 1349 2971 1395 et
2999 1337 3302 1392 Dominum
3327 1333 3668 1389 conditorem

2081 1451 2245 1493 suum
2276 1435 2436 1490 fidem
2461 1432 2786 1501 ﬁrmamque
2815 1443 2969 1500 spem
2999 1427 3236 1482 antefert
3259 1433 3421 1493 atque
3449 1431 3668 1476 tuetur:

2083 1541 2315 1600 qumque
2349 1525 2728 1596 oppositarum
2770 1535 2954 1576 rerum
2993 1533 3142 1574 curae
3170 1514 3674 1585 occupationesquc

2085 1627 2236 1684 sunt,
2279 1632 2372 1673 eas
2402 1615 2530 1686 fuga
2563 1613 2804 1684 odioque
2849 1610 3044 1682 dignas
3083 1608 3384 1664 existimat.
3429 1605 3500 1658 At
3542 1618 3674 1658 vero

2087 1711 2315 1774 stultus,
2348 1711 2726 1778 quaecunque“
2743 1703 2964 1775 sapiens
3011 1699 3269 1771 fugienda
3301 1699 3541 1768 odioque
3573 1696 3670 1750 ha-

2087 1803 2267 1862 benda
2321 1808 2529 1865 censet,
2577 1805 2912 1868 praepostere
2955 1794 3144 1850 omnia
3196 1799 3251 1847 et
3300 1798 3490 1844 contra
3540 1803 3675 1858 pru-

2085 1893 2290 1948 dentiae
2320 1889 2718 1960 sapientiaeque
2747 1887 2994 1941 rationes
3017 1883 3268 1954 eligenda
3297 1881 3400 1936 sibi
3433 1895 3545 1950 piae
3574 1894 3678 1934 cae-

2090 1985 2222 2041 teris
2251 1983 2582 2043 arbitratur,
2618 1979 2672 2033 in
2704 1979 2790 2032 his
2815 1993 2873 2032 se
2909 1984 3150 2039 exercet,
3201 1974 3288 2027 his
3330 1971 3582 2026 servilem
3621 1971 3675 2044 in

2089 2075 2312 2131 modum
2341 2087 2568 2144 cperam
2604 2079 2812 2125 navat:
2847 2083 2972 2138 quae
3009 2067 3234 2136 sapiens
3283 2063 3524 2117 salubria
3573 2060 3678 2132 sibi

2088 2180 2255 2239 atque
2295 2165 2450 2257 utilia
2475 2163 2562 2218 vel
2589 2163 2837 2218 delectus
2868 2175 3036 2216 causa
3063 2159 3148 2213 vel
3186 2155 3566 2226 occupationis
3595 2153 3679 2206 in-

2091 2259 2262 2321 venit,
2291 2273 2357 2312 ea
2402 2245 2691 2310 aversatur
2735 2268 2801 2308 ac
2847 2251 3004 2322 fugit.
3039 2249 3212 2304 Porro
3242 2249 3296 2303 in
3329 2247 3414 2325 his
3459 2245 3681 2316 sapiens

2091 2367 2156 2407 ac
2191 2350 2394 2406 stultus
2444 2362 2504 2404 se
2549 2345 2810 2417 produnt,
2871 2357 2978 2397 non
3040 2341 3087 2416 si
3139 2343 3278 2394 liene
3319 2337 3538 2392 valeant
3586 2345 3683 2390 aut

2093 2441 2286 2496 morbo
2325 2446 2634 2499 tententur,
2667 2450 2774 2489 non
2809 2433 2854 2488 si
2889 2432 3088 2487 divites
3121 2431 3232 2484 sint
3261 2437 3354 2482 aut
3387 2440 3678 2498 pauperes.

2095 2534 2174 2591 vel
2209 2543 2400 2606 partas
2421 2544 2554 2600 opes
2587 2529 2844 2584 amittant
2873 2543 2886 2580 :
2925 2541 3036 2596 non
3082 2523 3128 2580 si
3173 2521 3386 2578 caneris
3420 2521 3680 2577 humanae

2092 2622 2480 2698 prosperitatis
2527 2629 2583 2676 et
2637 2617 2936 2688 opulentia:
2968 2614 3130 2670 bonis
3162 2613 3464 2684 potiantur,
3516 2618 3612 2664 aut
3649 2623 3682 2664 e

2092 2717 2378 2774 contrario
2424 2710 2797 2770 calamitates,
2831 2722 3132 2772 aerumnas,
3173 2705 3384 2774 reliqua
3422 2704 3548 2757 vitae
3587 2717 3678 2770 pe-

2094 2811 2268 2864 ricula
2296 2807 2376 2862 sic
2403 2803 2690 2873 eﬂugiant,
2730 2799 2867 2862 nihil
2901 2808 2961 2868 ut
2995 2797 3268 2877 sensisse,
3317 2794 3449 2849 nihil
3483 2809 3685 2852 succu-

2095 2901 2283 2958 buisse
2315 2897 2633 2976 videantur,

2166 3082 2303 3136 Nam
2336 3081 2470 3144 haec,
2511 3087 2570 3132 ut
2603 3076 2734 3138 alia,
2767 3089 2890 3144 qua:
2937 3073 2989 3126 in
3042 3074 3314 3140 potestate
3364 3075 3550 3122 nostra
3583 3062 3687 3116 mi-
3775 3119 3785 3129 ε

2097 3177 2248 3232 nime
2298 3182 2447 3236 sunt,
2481 3179 2754 3244 quantum
2800 3179 3066 3222 concessa
3099 3161 3410 3216 viventibus
3441 3159 3686 3227 inatque-

2097 3269 2223 3324 litas
2267 3266 2494 3336 patitur,
2551 3263 2773 3332 utrique
2803 3271 2949 3326 saepe
2979 3255 3311 3323 contingunt
3355 3249 3686 3320 aequaliter:

2096 3360 2202 3416 etsi
2235 3358 2429 3414 iisdem
2475 3356 2530 3409 in
2575 3351 2788 3408 eventis
2831 3349 2974 3403 haud
3021 3346 3216 3402 eodem
3255 3343 3418 3398 modo
3459 3350 3689 3410 uterque

2097 3466 2160 3508 se
2185 3451 2349 3518 gerit.
2382 3447 2519 3502 Nam
2570 3444 2794 3514 sapiens
2842 3441 3042 3500 bonam
3087 3437 3461 3493 valetudinem
3505 3443 3560 3489 et
3592 3435 3689 3486 ad-

2097 3557 2342 3606 versam,
2379 3537 2604 3594 divitias
2629 3545 2683 3591 et
2715 3539 3117 3604 paupertatem,
3146 3529 3412 3584 honorem
3445 3535 3501 3580 et
3525 3525 3683 3594 igno-

2101 3635 2359 3698 miniam,
2412 3630 2646 3702 gloriam
2694 3625 2748 3682 e't
2793 3623 3118 3688 infamiam,
3165 3630 3278 3678 tum
3316 3617 3682 3676 incursiones.

2103 3725 2461 3788 vastationes,
2505 3719 2731 3789 rapinas
2758 3726 3174 3776 extraneorum,
3219 3721 3276 3766 et
3317 3708 3548 3764 hostiles
3591 3706 3694 3759 iu:-

2104 3822 2282 3884 petus,
2321 3809 2597 3874 incendia,
2632 3817 2794 3861 terra:
2834 3812 3042 3866 motus,
3087 3815 3194 3856 nec
3236 3799 3423 3854 minus
3467 3806 3692 3867 pecrata

2103 3904 2516 3974 tranquillaque
2541 3901 2667 3958 vitae
2695 3907 2950 3966 tempora
2983 3896 3057 3949 ita
3087 3893 3228 3948 duce
3261 3890 3532 3961 sapientia
3568 3904 3697 3958 prn-

2104 3999 2406 4066 dentiaque
2437 3994 2850 4063 complectitur,
2881 4000 2944 4043 ut
2977 3987 3173 4044 melior
3209 3985 3326 4055 ipse
3356 3987 3469 4048 liat,
3503 3992 3558 4035 et
3582 3980 3698 4035 fru-

2107 4103 2258 4146 ctum
2295 4090 2538 4156 aliquem
2576 4084 2764 4156 capiat
2793 4079 3052 4136 utilitatis
3089 4097 3104 4134 :
3139 4093 3266 4133 cum
3297 4084 3351 4131 et
3392 4075 3538 4136 Deo,
3571 4073 3698 4142 qui-

2107 4196 2329 4250 cunque
2367 4179 2441 4234 sit
2476 4193 2664 4233 rerum
2715 4184 2927 4240 status,
2989 4171 3199 4244 gratias
3244 4180 3373 4238 agat
3422 4167 3700 4236 sapienter

2109 4277 2295 4328 omnia
2323 4281 2378 4326 et
2410 4269 2623 4354 utiliter
2650 4266 3010 4338 gubernanti,
3052 4273 3107 4318 et
3141 4264 3375 4317 adversa
3415 4275 3478 4314 ac
3519 4257 3699 4313 tristia

2113 4365 2192 4421 sic
2225 4365 2384 4426 ferat,
2420 4351 2832 4417 ut'certamiuis
2854 4373 3119 4414 coronam
3154 4355 3260 4426 55
3295 4353 3559 4424 patientia
3585 4351 3701 4406 adi-

2114 4459 2380 4528 piscatur.
2421 4453 2614 4524 Neque
2643 4455 2796 4509 enim
2832 4451 2918 4506 vel
2968 4451 3023 4504 in
3074 4449 3288 4505 eventis
3319 4460 3536 4510 eorum,
3579 4459 3704 4514 quae

2114 4551 2274 4606 valde
2303 4550 2426 4604 laeta
2460 4556 2516 4602 et
2543 4546 2767 4616 potiora
2809 4543 3088 4606 videntur,
3127 4556 3300 4610 supra
3335 4538 3560 4593 modum
3589 4535 3704 4590 ela-

413 4637 447 4688 ύ
459 4637 778 4709 περαίρεται
800 4640 896 4693 καὶ
919 4639 1237 4710 διακέχυται
1259 4642 1358 4713 τὴν
1374 4643 1575 4716 ψυχὴν,
1595 4647 1691 4700 καὶ
1705 4647 1998 4719 ῥᾳστώναις

2117 4653 2230 4704 tus,
2265 4641 2468 4696 laetitia:
2497 4637 2727 4693 nimium
2759 4637 3027 4706 indulget,
3055 4635 3417 4701 animumque
3443 4629 3702 4690 remittit;

415 4727 724 4795 ἐκδίδωσιν,
751 4730 875 4786 οὔτε
899 4737 1021 4798 ταῖς
1069 4737 1179 4788 τῶν
1223 4735 1498 4790 ἀνιὼντων
1547 4739 1644 4792 καὶ
1697 4739 2013 4794 λυπούντων

416 4823 814 4892 συναντήσεσιν
859 4827 1092 4895 ἡττᾶται
1150 4828 1246 4880 καὶ
1285 4828 1770 4898 κατακάμπτ-εται.
1798 4829 2012 4884 καὶτὸν

413 4913 670 4982 ἡγεμόνα
709 4915 837 4984 νοῦν
867 4918 946 4977 εἰς
980 4917 1224 4982 ἀγεννεῖς
1261 4918 2013 4990 ἐκτραπῆναιδιενθυμήσεις

415 5005 666 5074 ἀφίησιν,
723 5009 780 5069 ὐ
811 5007 868 5064 δὲ
905 5010 1098 5080 ἀφρων
1157 5011 1424 5082 μηδαμῶς
1471 5011 1608 5082 ἔχων
1656 5013 1756 5082 τὴν
1811 4995 2020 5080 διακρι-

415 5096 582 5169 τικὴν
627 5098 730 5168 τῆς
768 5102 1088 5172 φρονήσεως
1141 5103 1476 5175 ἐπιστήμην,
1515 5106 1612 5156 ἐπὶ
1653 5104 1854 5167 πάσαις
1899 5106 2018 5168 ταῖς

417 5189 704 5256 τοιαύταις
739 5193 1078 5264 συμϐάσεσιν
1098 5193 1254 5262 αὔξει
1283 5195 1381 5260 τὰς
1417 5195 1718 5267 ἀλγηδόνας
1751 5198 1845 5250 καὶ
1891 5196 2018 5248 πολ-

419 5283 764 5348 λαπλασίους
789 5284 972 5355 ἑαυτῷ
999 5285 1186 5340 δίδωσι
1217 5287 1317 5350 τὰς
1343 5287 1636 5352 θλιπτικάς
1666 5289 2020 5360 περιστάσεις

416 5375 515 5429 διὰ
547 5379 648 5447 τῆς
681 5377 1134 5449 ἀνυπομονησίας
1164 5380 1260 5433 καὶ
1283 5379 1383 5450 τῆς
1431 5380 1750 5452 δυσφημίας
1789 5381 1884 5434 καὶ
1921 5380 2020 5450 τῆς

418 5469 798 5536 ἀνελπιστίας.

499 5560 626 5626 Πῶς
675 5559 770 5618 οὖν
814 5564 928 5631 οὐκ,
960 5563 1018 5616 ὲν
1063 5564 1198 5618 πᾶσι
1233 5565 1328 5618 καὶ
1361 5568 1476 5629 τοῖς
1505 5566 1592 5636 ἐφ’
1621 5567 1758 5638 ἡμῖν
1787 5569 1880 5620 καὶ
1908 5569 2022 5630 τοῖς

417 5651 530 5706 οὐκ
559 5652 643 5722 ἐφ’
668 5656 801 5724 ἡμῖν
823 5656 885 5708 τὺ
921 5653 1044 5708 καθ’
1083 5655 1358 5727 ὑπεροχὴν
1385 5656 1485 5728 τὴν
1511 5658 1648 5727 πρὸς
1679 5660 1742 5710 τὸ
1775 5661 2022 5726 κρεῖττον

419 5742 659 5817 εὓρηται
709 5747 790 5818 τῷ
840 5747 990 5819 σοφῷ
1044 5750 1140 5802 καὶ
1191 5749 1442 5820 φρονίμῳ
1469 5733 1730 5822 διάφορον
1763 5752 1903 5820 ὑπὲρ
1932 5751 2024 5803 τὸν

421 5833 642 5909 ἄφρονα
665 5839 757 5892 τὸν
788 5840 893 5892 κᾶν
921 5842 1034 5904 τοῖς
1069 5841 1154 5910 ἐφ’
1181 5841 1315 5912 ἡμῖν
1345 5843 1441 5894 καὶ
1477 5843 1590 5903 τοῖς
1634 5843 1734 5894 οὐκ
1766 5843 1850 5909 ἐφ’
1891 5844 2023 5910 ἡμῖν

431 5930 656 5994 φαύλως
699 5930 1040 6002 διακείμενον
1095 5935 1188 5986 καὶ
1238 5934 1522 6004 διᾴττοντα
1551 5937 1616 6007 τῇ
1659 5935 1894 6004 ζοφὼσει
1926 5935 2022 6003 τῆς

2119 4736 2205 4792 vel
2265 4733 2640 4805 ingruentium
2700 4744 2959 4785 curarum
3023 4737 3078 4783 et
3140 4726 3519 4780 molestiarum
3572 4722 3704 4775 moli

2118 4827 2431 4885 succumbit
2465 4839 2794 4894 oppressus,
2827 4830 2880 4876 et
2922 4821 3326 4891 principantem
3362 4817 3606 4870 animum
3638 4817 3702 4866 ad

2117 4919 2390 4992 ignobiles
2423 4914 2790 4987 cogitationes
2821 4910 3075 4968 converti
3119 4909 3348 4980 patitur.
3383 4908 3455 4962 At
3502 4894 3708 4960 stultus

2119 5022 2333 5078 contra,
2385 5010 2475 5066 cui
2522 5008 2832 5079 prudentiae
2887 5003 3121 5063 scientia
3172 5005 3237 5058 ad
3288 5000 3706 5071 diiudicandum

2119 5106 2295 5167 deest,
2332 5116 2680 5172 quaecunque
2738 5098 2818 5152 illi
2857 5096 3185 5166 contingant
3233 5092 3572 5172 huiusmodi,
3607 5091 3708 5144 dn-

2121 5197 2270 5250 lores
2301 5203 2485 5264 auget,
2516 5191 2899 5262 plurimasque
2939 5189 3056 5256 ipse
3089 5187 3193 5241 sibi
3234 5183 3580 5256 a'gritndinis
3611 5199 3708 5240 ινδ-ε

2120 5289 2220 5343 ctit
2255 5303 2479 5354 causas,
2511 5282 2872 5356 impotentiae,
2907 5281 3308 5344 maledictioni,
3335 5274 3709 5348 desperatinui

2121 5380 2423 5436 obnoxius.

2195 5556 2487 5625 Quomodo
2518 5556 2706 5626 igitur,
2739 5552 2856 5608 sive
2889 5567 2952 5606 ea
2985 5557 3230 5620 spectes.
3269 5565 3394 5617 quae
3433 5559 3620 5600 nostra
3655 5545 3708 5598 in

2127 5659 2394 5723 potestate
2427 5659 2574 5708 sunt,
2609 5648 2725 5702 sive
2749 5663 2835 5707 ea,
2861 5660 2984 5714 quae
3011 5643 3358 5696 extrinsecus
3382 5639 3710 5702 nhwninnt,

2129 5760 2237 5796 non
2279 5740 2376 5795 tibi
2425 5740 2481 5796 in
2538 5739 2812 5808 pulinrtlttt
2865 5745 2950 5788 stu
2980 5734 3048 5786 tio
3092 5730 3316 5800 sapiens
3361 5729 3716 5798 prudensque

2127 5836 2289 5904 longe
2319 5827 2491 5887 stnl'to
2534 5839 2792 5900 prmstarc
2836 5828 3108 5885 videatur,
3143 5822 3237 5890 qni
3270 5831 3322 5874 et
3362 5821 3415 5872 iu
3452 5821 3558 5877 his,
3591 5832 3716 5885 quae

2135 5945 2164 5982 a
2199 5926 2357 5980 nobis
2396 5927 2653 5995 pendent,
2691 5933 2743 5977 ct
2793 5923 2845 5975 in
2901 5916 3124 5986 reiiqttis
3159 5913 3420 5965 (minibus
3461 5907 3713 5977 nuprobe
