4102 6418
447 455 557 516 8Ξ9

445 661 616 722 ἐστὶν,
649 660 765 714 εἴτε
793 659 947 713 δοκεῖ
976 659 1139 729 σοφὸς
1171 661 1438 731 ὑπάρχειν
1463 662 1492 714 ὁ
1524 664 1616 716 τὸν
1652 666 1882 720 πλοῦτον
1905 686 2040 722 κατ-

447 753 591 824 έχων
647 754 744 807 καὶ
784 753 859 823 μὴ
917 753 1192 823 διανέμων
1235 757 1350 818 τοῖς
1397 756 1710 825 δεομένοις,
1765 758 1904 813 ἀλλὰ
1951 778 2047 813 τα-

451 845 782 918 μιευόμενος
829 844 996 912 αὐτὸν
1053 847 1166 908 τοῖς
1209 847 1426 917 ἐχθροῖς
1471 849 1566 902 καὶ
1609 852 1724 912 τοϊς
1769 849 2043 921 μισοῦσιν,

448 936 525 998 ὡς
582 936 844 1000 πολλάκις
885 935 1257 1007 συμϐέϐηκεν,
1292 936 1486 1008 ἄφρων
1517 939 1750 1008 εῦρηται
1802 942 1881 1012 τῷ
1929 942 2046 996 δντι

451 1032 551 1084 καὶ
585 1031 833 1101 μάταιος,
864 1027 958 1081 καὶ
987 1027 1216 1091 δικαίως
1243 1029 1468 1084 ἀκούσει
1498 1031 1753 1099 λέγοντος
1776 1034 1871 1088 τοῦ
1897 1033 2042 1088 Θεοῦ

455 1121 594 1192 πρὸς
633 1119 832 1175 αὐτόν’
874 1135 892 1173 ι
937 1118 1168 1188 Ἀφρον,
1211 1119 1386 1192 ταύτῃ
1416 1121 1484 1190 τῇ
1515 1122 1671 1174 νυκτὶ
1703 1121 1801 1192 τὴν
1869 1124 2047 1197 ψυχήν

457 1229 557 1266 σου
617 1209 941 1264 ἀπαιτοῦσιν
997 1208 1106 1262 ἀπὸ
1159 1209 1289 1263 σοῦ·
1345 1209 1383 1263 ἃ
1437 1211 1494 1264 δὲ
1539 1213 1888 1283 ἡτοίμασας,
1939 1216 2047 1269 τίνι

449 1302 641 1368 Eam;
693 1319 714 1354 ι
766 1301 828 1354 τὸ
869 1301 1001 1372 γὰρ,
1055 1319 1073 1351 ι
1125 1300 1244 1355 Τίνι
1278 1299 1471 1368 ἔσταις
1511 1322 1529 1354 ι
1563 1304 1663 1373 τὴν
1697 1307 1778 1369 είς
1817 1305 2046 1378 ἐχθροὺς

324 1409 336 1415 ·
445 1392 748 1448 αἰνίττεται
788 1392 889 1462 τῆς
914 1392 1008 1445 τοῦ
1045 1391 1278 1447 πλούτου
1321 1393 1642 1457 δεσποτείας
1673 1397 2042 1466 μετάπτωσιν,

443 1485 522 1546 ti);
550 1484 747 1554 γέγονε
779 1483 1059 1548 πολλάκις.
1092 1484 1192 1539 Διὰ
1237 1483 1397 1538 τοῦτο
1425 1485 1524 1538 καὶ
1565 1486 1728 1542 Δαϐὶδ
1758 1491 2046 1562 προφήτης

446 1573 624 1644 φησί·
664 1592 684 1628 ι
725 1571 1085 1646 Θησαυρίζει,
1121 1575 1216 1630 καὶ
1263 1577 1325 1630 οὐ
1371 1574 1636 1646 γινώσκει
1679 1579 1786 1634 τίνι
1826 1582 2045 1646 συνάξει

446 1665 612 1732 αὐτὰ,
651 1685 672 1720 ι
700 1665 779 1734 τῷ
819 1665 1225 1740 Ἐκκλησιαστῇ
1257 1667 1433 1737 λέγων
1473 1669 1805 1740 συμφώνως,
1843 1672 1920 1737 ὼς
1947 1675 2044 1726 ἁν-

441 1758 666 1812 τίπαλοι
695 1759 792 1813 καὶ
825 1758 1112 1829 μισοῦντες
1144 1760 1238 1814 τὸν
1273 1759 1368 1814 τοῦ
1399 1763 1793 1827 κεκοπιακότος
1837 1765 1932 1818 καὶ
1957 1766 2045 1820 διά

443 1850 659 1907 πολλῶν
737 1850 978 1921 ἱδρώτων
1031 1852 1125 1905 καὶ
1168 1854 1574 1925 περισπασμῶν
1619 1857 1713 1909 καὶ
1763 1857 2044 1926 μεριμνῶν

1559 458 1638 517 ΙΝ
1685 459 2269 526 EClZLESlA'S’l‘EN.
2305 494 2369 504 --
2391 467 2542 527 LIB.
2583 469 2668 528 II.

519 571 628 622 Καὶ
669 567 829 622 τοῦτο
858 569 966 638 γάρ
1000 570 1301 639 putarim};
1349 575 1530 624 ἐστίν·
1562 575 1671 627 εἴτε
1705 577 1812 645 γάρ
1849 578 2038 648 ἄφρων

2216 583 2324 654 59
2355 582 2625 639 Nimirum
2660 594 2714 640 et
2739 585 2842 642 hoc
2870 585 3087 642 vanitas
3115 599 3199 641 est
3235 607 3246 641 :
3281 587 3397 642 sive
3430 589 3576 644 enim
3608 593 3752 646 stul—
3841 570 3850 578 δ

3635 473 3746 539 830

2151 683 2236 729 tus
2266 677 2378 740 sit,
2421 676 2536 730 sive
2583 678 2804 746 sapiens
2836 679 3086 734 videatur
3128 694 3284 744 esse,
3318 679 3411 749 qui
3452 683 3741 750 pecuniam

2148 769 2400 822 recondit
2432 770 2805 838 ueglectisque
2832 771 3021 838 egenis
3042 813 3056 836 ,
3083 785 3204 826 eam
3244 771 3512 838 inimicis,
3541 783 3600 828 ut
3627 774 3742 844 plc-

2149 874 2382 928 rmnque
2410 860 2489 925 iit,
2533 870 2698 931 atque
2743 862 3072 918 adversariis
3107 874 3382 932 reservat;
3419 866 3621 922 stultus
3654 883 3743 921 rc-

2149 965 2275 1004 vera
2307 965 2373 1004 ac
2403 951 2628 1007 demens
2671 955 2926 1008 inventus
2955 961 3040 1008 est
3070 971 3082 1007 :
3117 954 3212 1022 qui
3243 963 3298 1009 et
3332 957 3532 1012 merito
3568 956 3738 1012 Deum

2148 1041 2333 1096 audiet
2360 1041 2464 1097 sibi
2495 1042 2887 1125 inclamautem
2914 1058 2930 1094 :
2978 1063 2997 1096 ι
3029 1043 3243 1108 Stulte,
3293 1046 3396 1100 hac
3430 1058 3588 1102 nocte
3617 1049 3740 1102 ani-

2150 1149 2294 1190 mam
2324 1143 2471 1188 tuam
2510 1131 2758 1204 repetunt
2792 1152 2823 1190 a
2857 1145 2944 1202 te;
2995 1152 3120 1206 qua:
3153 1147 3335 1192 autem
3366 1140 3602 1208 parasu,
3639 1155 3740 1194 cu-

2143 1225 2235 1293 jus
2257 1225 2454 1281 erunt?
2481 1247 2501 1280 ι
2541 1225 2678 1280 Nam
2718 1227 2872 1296 illud,
2907 1226 3078 1297 Cujus
3097 1237 3253 1282 erunt
3279 1229 3305 1281 .9
3331 1229 3642 1284 divitiarum
3683 1239 3738 1286 et

2147 1317 2488 1384 dominatus,
2537 1303 2684 1388 quod
2712 1335 2855 1390 saepe
2891 1321 3183 1390 contingit,
3223 1321 3638 1376 translationvm
3669 1323 3737 1377 ad

2147 1405 2400 1462 inimicos
2429 1407 2718 1477 designat;
2747 1408 2934 1478 itaque
2961 1419 3016 1463 et
3059 1408 3225 1464 David
3263 1412 3530 1481 propheta
3561 1413 3691 1470 dicit
3719 1430 3736 1466 :

2153 1515 2172 1549 ι
2202 1495 2514 1554 Thesauros
2544 1510 2704 1570 parat
2727 1541 2742 1564 ,
2775 1515 2876 1556 nec
2909 1501 3217 1572 cognoscit,
3249 1503 3338 1556 cui
3373 1519 3470 1558 eos
3503 1503 3574 1556 sit
3607 1518 3740 1557 cou-

2145 1601 2498 1660 grcgaturus,
2527 1609 2546 1644 ι
2584 1591 2725 1646 idem
2751 1605 2878 1646 cum
2909 1591 3243 1650 Ecclesiaste
3265 1594 3565 1662 allirmans,
3599 1611 3740 1663 quas

2147 1697 2347 1749 nempe
2386 1683 2434 1736 is
2473 1698 2606 1752 opes
2637 1683 2835 1749 labore
2857 1685 3030 1738 multo
3061 1694 3116 1740 et
3149 1687 3348 1741 sudore
3368 1727 3382 1750 ,
3411 1698 3575 1758 atque
3601 1704 3738 1743 con-

2147 1771 2390 1826 tentione
2419 1778 2475 1826 et
2503 1772 2804 1842 angoribus
2834 1783 2888 1827 et
2917 1774 3066 1829 curis
3103 1775 3474 1831 cumulaverit
3495 1817 3509 1834 .
3539 1777 3604 1830 ad
3640 1777 3742 1830 ini-

2150 1865 2323 1918 micos
2353 1879 2452 1919 eas
2480 1874 2536 1919 et
2567 1866 2914 1922 adversarios
2942 1883 3063 1923 esse
3091 1879 3452 1938 pervcnturas
3482 1909 3498 1935 ,
3552 1878 3612 1924 ut
3661 1871 3737 1924 illi

443 1944 546 1998 καὶ
588 1941 886 2016 φροντίδων
932 1941 1391 2014 συναθροισθέντα
1437 1945 1667 2002 πλοῦτον
1701 1947 1903 2014 ἕξουσι,
1947 1950 2038 2004 καὶ

2151 1955 2318 2024 hujus
2355 1955 2636 2012 laboribus
2690 1956 3065 2027 perfruantur.
3091 1931 3327 2016 idcirco
3382 1931 3740 2019 Ecclesiastes

442 2036 556 2098 τῶν
579 2033 786 2089 ἐκείνου
812 2034 1078 2104 καμάτων
1109 2035 1608 2093 καταπολαύσουσι.
1639 2038 1843 2092 Τούτου
1879 2039 2040 2112 χάριν

439 2131 471 2181 ὁ
523 2128 958 2200 Ἐκκλησιαστὴς
990 2128 1424 2198 καταγινώσκων
1463 2131 1558 2184 καὶ
1607 2133 2038 2205 καταμεμφόμε-

439 2239 535 2286 νος
559 2221 668 2292 τῶν
699 2220 957 2276 τοιούτων
990 2220 1242 2291 ἐπήγαγε
1271 2237 1286 2252 °

2003 2363 2032 2438 ς
2072 2363 2168 2420 ιχ.

515 2458 624 2513 Καὶ
643 2459 996 2530 ἐπέστρεψα
1014 2457 1130 2528 ἐγὼ
1151 2457 1260 2514 τοῦ
1289 2457 1714 2526 ἀποτάξασθαι
1733 2459 1808 2528 τῇ
1827 2459 2043 2529 καρδίᾳ

433 2570 560 2621 μου
581 2551 654 2604 ἐν
672 2551 853 2604 παντὶ
876 2551 1104 2620 μόχθῳ,
1124 2545 1174 2619 ᾧ
1199 2552 1516 2624 ἐμόχθησα
1544 2551 1664 2608 ὑπὸ
1695 2553 1804 2606 τὸν
1842 2551 2043 2619 ἣλιον,

2147 2050 2212 2102 ad
2256 2047 2574 2117 huiusmodi
2622 2049 2911 2104 hominum
2970 2050 3495 2107 condemnationem
3554 2067 3740 2122 repre-

2149 2140 2582 2210 hensionemque
2602 2139 2806 2212 adjecit
2836 2157 2853 2196 :

2214 2457 2380 2514 Vens.
2419 2459 2514 2526 20,
2545 2458 2640 2514 21.
2675 2457 2744 2512 Ει
2767 2473 3054 2513 conversus
3079 2473 3202 2512 sum
3228 2473 3344 2528 ego,
3375 2467 3437 2512 ut
3465 2459 3742 2512 renuntia-

2142 2567 2248 2606 rem
2280 2553 2430 2607 cordi
2458 2569 2570 2607 meo
2597 2553 2652 2606 in
2679 2555 2825 2605 omni
2851 2550 3055 2617 labore,
3081 2567 3186 2622 quo
3210 2550 3457 2606 laboravi
3484 2550 3579 2605 sub
3608 2553 3737 2622 sole,

439 2645 537 2697 ὅτι
565 2644 737 2702 ἐστιν
766 2642 1102 2711 ἅνθρωπος,
1149 2643 1240 2698 ὅτι
1271 2645 1497 2714 μόχθος
1533 2643 1724 2698 αὐτοῦ
1757 2643 1827 2697 ἐν
1858 2642 2038 2711 σοφίᾳ

2141 2647 2266 2714 quia
2295 2655 2370 2698 est
2397 2644 2551 2697 homo
2581 2683 2594 2706 ,
2626 2643 2756 2713 quia
2785 2643 2942 2696 labor
2968 2641 3084 2712 ejus
3109 2643 3163 2696 in
3195 2642 3458 2710 sapientia
3484 2651 3539 2696 et
3565 2642 3620 2694 in
3654 2657 3742 2710 σος

440 2735 546 2787 καὶ
583 2734 654 2787 ἐν
681 2735 900 2804 γνώσει
957 2734 1058 2789 καί
1105 2735 1176 2790 ἐν
1221 2733 1473 2803 ἀνδρείᾳ
1497 2750 1511 2763 ·
1561 2733 1660 2788 καὶ
1711 2731 2045 2802 ἄνθρωπος,

2143 2737 2377 2808 guitione
2405 2745 2454 2790 et
2485 2736 2540 2789 in
2563 2735 2759 2790 virtute
2785 2750 2804 2798 ;
2837 2743 2888 2788 et
2917 2734 3096 2799 homo,
3128 2734 3225 2804 qui
3248 2749 3352 2788 non
3381 2732 3649 2792 laboravit
3681 2733 3739 2788 in

443 2825 518 2892 ῥίς
549 2828 662 2880 οὐκ
699 2826 1046 2898 ὲμόχθησεν
1078 2826 1150 2880 ἐν
1196 2825 1380 2894 αὐτῷ,
1411 2824 1590 2880 δώσει
1642 2823 1806 2891 αὐτῷ
1829 2823 2038 2894 μερίδα

2141 2846 2220 2898 eo,
2251 2829 2397 2890 dabit
2428 2827 2512 2883 illi
2533 2838 2742 2900 partem
2769 2843 2923 2882 suam
2956 2825 3092 2899 (9i).

441 2916 659 2971 αὐτοῦ.

518 3009 562 3061 Τ
565 3009 641 3068 ῶν
673 3008 1110 3080 πολιτευομένων
1131 3009 1244 3073 τοῖς
1267 3007 1581 3082 ἀνθρώποις
1601 3009 1698 3064 καὶ
1717 3009 2048 3081 συμϐαινόν-

437 3117 557 3152 των
579 3101 942 3174 πραγμάτων,
965 3099 1354 3172 ἀπειροκάλοις
1385 3099 1589 3173 δηλαδὴ
1616 3101 1713 3155 καὶ
1735 3100 2046 3164 σπουδαίοις

2213 3005 2545 3062 Conditione
2571 3019 2844 3076 perpensa
2881 3019 3064 3061 rerum
3095 3019 3286 3065 earum,
3307 3044 3323 3070 ,
3375 3019 3500 3075 quae
3527 3005 3598 3061 ab
3636 3005 3739 3060 ho-

2146 3097 2391 3162 minibus
2434 3106 2736 3170 geruntur,
2769 3110 3004 3166 quaeque
3053 3095 3166 3167 60
3216 3095 3560 3161 inhonestis,
3597 3111 3742 3168 sa’pe

440 3192 711 3261 πολλάκις
755 3194 1139 3262 παρεξετάσας
1173 3193 1276 3263 τὴν
1321 3192 1505 3263 φύσιν,
1540 3195 1636 3248 καὶ
1664 3194 1764 3266 τὴν
1809 3195 2038 3249 ἄτακτον

2148 3195 2203 3242 et
2233 3187 2479 3242 honestis
2523 3186 2854 3256 contingunt
2883 3226 2898 3250 ,
2947 3194 3062 3238 tum
3093 3184 3446 3242 considerata
3475 3199 3600 3240 cum
3624 3187 3745 3241 ani-

440 3284 545 3338 καὶ
597 3284 719 3338 κατ’
769 3283 1027 3356 οὐδεμίαν
1060 3283 1387 3339 ἀκολουθίαν
1427 3285 1524 3338 τοῦ
1561 3285 1795 3340 πλούτου
1857 3302 2043 3356 παρα-

441 3377 674 3448 πομπὴν
735 3375 838 3447 τὴν
885 3375 1024 3447 πρὸς
1071 3376 1295 3448 ἑτέρους
1341 3380 1710 3449 χρυσομανεῖς
1763 3379 1859 3432 καὶ
1921 3395 2042 3447 φει-

432 3464 672 3532 δωλοὺς,
719 3469 768 3521 εί
811 3467 907 3521 καὶ
929 3467 1209 3532 κιναίδους
1252 3467 1348 3521 καὶ
1385 3469 1508 3532 ταῖς
1534 3467 1633 3537 τῆς
1679 3469 1884 3540 σαρκὸς
1917 3471 2042 3540 ὲπι-

459 3558 684 3630 θυμίαις
714 3557 1146 3628 δεδουλωμένους
1168 3559 1238 3628 τῇ
1275 3556 1488 3629 διανοίᾳ
1523 3559 1907 3622 κατοπτεύσας
1947 3561 2041 3614 καὶ

439 3649 734 3718 διαγνοὺς,
785 3645 992 3716 ἀγαθὸν
1025 3647 1386 3719 παράδειγμα
1427 3647 1647 3718 τίθησιν
1693 3649 1887 3703 ἑαυτὸν
1926 3651 2040 3712 τοῖς

445 3739 935 3810 μεταγενεστέροις
991 3736 1333 3802 ἀλλοιώσεως
1377 3738 1480 3808 τῆς
1525 3738 1664 3809 πρὸς
1701 3741 1772 3794 τά
1805 3740 2040 3812 κρείττω

441 3830 539 3884 καὶ
589 3828 894 3900 μεταϐολῆς
947 3828 1233 3900 βελτίστης
1280 3829 1376 3884 καὶ
1423 3827 1909 3902 λυσιτελεστάτης·
1951 3834 2038 3888 ἵνα

437 3923 510 3991 τῇ
541 3921 677 3990 πρὸς
725 3919 890 3974 αὑτὸν
925 3923 1160 3992 μιμήσει
1200 3921 1297 3975 καλ⁹
1324 3920 1529 3986 πάντες
1563 3920 1715 3976 ἄλλοι
1762 3923 1864 3994 τῆς
1901 3924 2038 3990 ίδίας

439 4011 708 4074 ἀϐουλίας
759 4013 856 4064 καὶ
905 4010 1355 4083 πονηροπραξίας
1403 4013 1852 4080 κατεγνωκότες,
1911 4017 2036 4069 ἐπι-

439 4104 752 4174 στρέψωσιν
799 4104 908 4157 ἀπὸ
938 4104 1041 4174 τῆς
1071 4104 1208 4176 πρὸς
1253 4105 1324 4158 τὰ
1373 4105 1546 4178 χείρω
1570 4108 2034 4178 κατολισθήτεως,

436 4195 538 4246 καὶ
565 4193 663 4264 τὴν
687 4193 824 4248 ίδίαν
853 4193 999 4266 ζωὴν
1025 4195 1468 4251 ἀνακαλέσωνται
1494 4198 1595 4269 τῆς
1615 4199 1751 4269 πρὸς
1778 4201 1848 4252 τὰ
1867 4201 2037 4272 χείρω

439 4285 655 4356 ροπῆςο
692 4288 826 4356 φησὶ
849 4287 958 4356 γάρ
985 4302 1000 4318 ο
1037 4305 1056 4338 ι
1100 4288 1210 4341 Καὶ
1249 4287 1566 4360 ἐπέστρεψα
1611 4289 1724 4359 ἐγὼ
1759 4290 1855 4344 τοῦ
1895 4293 2036 4347 ἀπο·

435 4375 708 4438 τάξασθαι
739 4378 808 4448 τῇ
845 4376 1046 4448 καρδίᾳ
1081 4395 1184 4448 μου
1227 4379 1322 4431 ἐπὶ
1373 4382 1540 4435 παντὶ
1576 4381 1783 4452 μόχθῳ,
1813 4375 1857 4450 ᾧ
1903 4383 2034 4454 ὲμό-

433 4467 620 4537 χθησα
657 4467 760 4520 ὑπὸ
785 4468 879 4520 τὸν
906 4467 1079 4536 ἥλιον,
1115 4470 1197 4522 ὅτι
1225 4469 1372 4524 ἔστιν
1399 4471 1708 4542 ἄνθρωπος,
1740 4473 1825 4526 ὅτι
1875 4475 1904 4526 ὁ
1937 4474 2034 4544 μό-

2147 3297 2237 3334 ηιο
2256 3295 2358 3334 suo
2389 3279 2721 3348 cognitaque
2751 3279 3049 3341 bonorum,
3069 3292 3193 3348 qua:
3228 3278 3380 3332 nullo
3415 3279 3612 3334 ordine
3645 3289 3742 3334 aut

2143 3371 2354 3424 delectu
2389 3369 2446 3425 fit
2472 3411 2488 3437 ,
2517 3369 2942 3425 transmissione
2973 3368 3040 3423 ad
3071 3370 3211 3425 alios
3231 3410 3248 3434 ,
3279 3371 3370 3440 qui
3400 3370 3521 3426 auri
3553 3385 3742 3425 amore

2144 3461 2362 3523 insani,
2409 3461 2506 3532 qui
2537 3461 2747 3517 sordidi
2791 3469 2958 3527 sunt,
2995 3460 3077 3515 vel
3113 3460 3276 3516 etiam
3330 3459 3540 3531 pudore
3588 3461 3741 3516 nullo

2141 3553 2406 3624 praediti,
2475 3553 2837 3624 corporisque
2907 3551 3302 3623 cupiditatibus
3361 3553 3575 3624 jamdiu
3637 3555 3739 3610 de-

2139 3642 2278 3710 diti;
2332 3643 2655 3714 praeclarum
2721 3645 2777 3698 in
2851 3657 2912 3698 se
2970 3643 3093 3711 ipso
3138 3643 3447 3714 exemplum
3506 3646 3740 3714 posteris

2140 3737 2400 3806 proponit
2452 3735 2778 3791 mutationis
2831 3734 3322 3804 conversionisque
3379 3736 3448 3790 ait
3510 3735 3737 3790 meliora

2139 3827 2361 3896 optimae
2390 3827 2553 3898 plane
2585 3836 2753 3896 atque
2783 3827 3094 3882 utilissimae
3122 3845 3135 3880 :
3166 3842 3277 3896 quo
3303 3827 3486 3882 caeteri
3517 3843 3738 3897 quoque

2139 3934 2332 3974 omnes
2362 3935 2429 3974 ex
2455 3919 2768 3974 imitatione
2801 3919 2924 3990 ejus
2953 3920 3317 3974 temeritatem
3347 3935 3504 3974 suam
3537 3919 3734 3990 nequi-

2139 4009 2381 4080 tiamque
2400 4009 2608 4078 perosi,
2639 4008 2788 4075 inde,
2817 4025 2929 4080 quo
2957 4011 3144 4081 pejora
3178 4019 3453 4069 Srctatttes
3485 4011 3733 4080 prolapsi

2138 4112 2286 4168 sunt,
2321 4102 2512 4173 pedem
2546 4101 2627 4158 sic
2655 4101 2918 4167 referant,
2952 4113 3011 4158 ut
3043 4113 3283 4159 veterem
3319 4104 3441 4159 vitae
3467 4118 3582 4158 sua:
3605 4120 3736 4174 pro-

2138 4197 2454 4266 pensionem
2507 4195 2563 4250 in
2618 4196 2816 4256 melius
2865 4195 3168 4251 reﬂectant.
3221 4195 3308 4250 Ait
3351 4195 3546 4250 enim:
3602 4214 3621 4248 ι
3671 4195 3738 4250 Ει

2137 4304 2438 4346 conversus
2485 4299 2620 4352 sum
2655 4303 2793 4360 ego,
2855 4297 2916 4343 ut
2973 4289 3352 4344 renuntiarent
3407 4289 3561 4343 cordi
3613 4303 3738 4344 meo

2137 4379 2192 4434 in
2237 4381 2388 4436 omni
2431 4380 2652 4448 labore,
2692 4394 2805 4450 quo
2852 4379 3099 4436 laboravi
3153 4381 3258 4434 sub
3296 4381 3454 4445 sole,
3499 4382 3629 4449 quia
3655 4388 3738 4434 est

2139 4471 2328 4537 homo,
2363 4473 2493 4542 quia
2522 4471 2679 4526 labor
2704 4472 2826 4542 ejus
2857 4472 2912 4526 in
2947 4473 3218 4542 sapientia
3251 4481 3305 4525 rt
3339 4473 3392 4525 iu
3420 4471 3738 4541 cognitione

435 4558 571 4627 χθος
600 4556 768 4610 αὑτοῦ
799 4559 858 4612 ὲν
888 4560 1053 4629 σοφίᾳ
1077 4560 1173 4613 καὶ
1207 4561 1266 4612 ὲν
1297 4562 1500 4627 γνώσει
1541 4563 1638 4615 καὶ
1664 4563 1910 4633 ἀνδρείᾳ.
1933 4565 2030 4618 καὶ

2141 4572 2194 4617 et
2222 4565 2459 4632 virtute;
2508 4573 2564 4620 et
2597 4565 2764 4620 homo
2800 4565 2893 4635 qui
2921 4581 3029 4622 nou
3068 4564 3342 4618 laboravit
3375 4565 3429 4617 in
3455 4579 3554 4623 eu.
3585 4563 3737 4617 dabit

437 4649 752 4721 ἅνθρωπος,
779 4651 839 4714 ὃς
877 4652 977 4705 οὐκ
1010 4651 1318 4723 ἐμόχθησεν
1349 4653 1521 4726 αὐτῷ,
1551 4653 1713 4708 δώσει
1747 4655 1900 4726 αὐτῷ
1931 4674 2032 4727 με-

441 4741 569 4814 ρίδα
601 4743 786 4796 αὐτοῦ.
829 4761 848 4796 ι
898 4744 1032 4799 Ἀπὸ
1060 4746 1290 4816 καρδίας
1322 4747 1416 4800 καὶ
1457 4747 1752 4813 διαθέσεως
1796 4750 2034 4820 ἀληθοῦς

437 4833 778 4903 ὲπέττρειξα,
805 4835 960 4904 φησὶ,
987 4836 1152 4890 παντὶ
1176 4837 1256 4907 τῷ
1277 4839 1670 4908 προσγεγονότι
1694 4857 1785 4910 μοι
1815 4841 2034 4914 πλούτῳ

437 4925 532 4978 διὰ
562 4926 776 4980 πολλῶν
810 4927 1026 4998 μόχθων
1052 4929 1146 4982 καὶ
1173 4929 1358 4983 κόπων
1385 4931 1479 4984 καὶ¹
1500 4934 1910 5005 περισπασμῶν
1933 4937 2030 4990 καὶ

437 5017 744 5087 φροντίδων
777 5018 995 5089 χαίρειν
1019 5021 1198 5075 εἰπεῖν
1231 5021 1328 5076 καὶ
1353 5023 1742 5094 διασκορπίσαι
1774 5027 1870 5080 καὶ
1913 5027 2030 5083 δια-

436 5111 629 5180 νεῖμαι
662 5113 774 5174 τοῖς
797 5110 1026 5165 ἐνδεέσι.
1052 5113 1131 5164 Δι’
1157 5115 1224 5184 ῆν
1265 5115 1482 5180 αἰτίαν;
1515 5116 1640 5169 Ὀτι
1677 5117 1787 5178 πᾶς
1817 5117 2033 5191 ἄνθρω-

436 5220 568 5270 πος,
603 5201 792 5272 φησὶν,
837 5203 866 5256 ὁ
913 5202 1194 5275 βουληθεὶς
1229 5207 1324 5260 καὶ
1360 5206 1642 5278 μοχθήσας
1677 5208 2032 5280 συναθροίσαι

437 5293 679 5349 πλούτου
709 5295 1050 5368 περιουσίαν,
1081 5297 1158 5360 ὡς
1193 5298 1613 5370 θαυμαστωθεὶς
1644 5303 1678 5374 ἢ
1711 5303 1801 5359 διὰ
1828 5305 2032 5376 πλῆθος

439 5386 658 5454 σοφίας,
696 5385 818 5457 ἦτοι
867 5388 1178 5458 μεταρσίων
1213 5389 1588 5461 θεωρημάτων
1622 5395 1902 5467 ἀκρότητα
1937 5399 2033 5450 καὶ

436 5477 647 5544 γνῶσιν
695 5477 855 5531 θείων
888 5479 984 5531 καὶ
1027 5477 1389 5549 ἀνθρωπίνων
1441 5485 1811 5554 πραγμάτων,
1857 5487 1890 5558 ἢ
1943 5487 2032 5541 διὰ

439 5569 750 5640 πολεμικὴν
773 5570 1049 5640 ἀνδρείαν,
1081 5571 1114 5640 ἢ
1141 5572 1242 5644 τὴν
1271 5573 1416 5627 κατὰ
1438 5575 1548 5628 τῶν
1573 5577 1892 5647 ἀλλοφύλων
1935 5581 2035 5634 καὶ

443 5663 779 5732 σωματικῶν
822 5663 1156 5730 ἀντιπάλων,
1203 5664 1236 5736 ἢ
1292 5666 1496 5737 μᾶλλον
1529 5672 1706 5724 εἰπεῖν
1753 5671 1853 5744 τὴν
1891 5674 2034 5726 κατὰ

518 5837 662 5922 (ιιι)
717 5836 870 5905 Apud
1095 5911 1106 5922 θ
1133 5841 1308 5912 luges,
1359 5844 1452 5898 τοῦ
1493 5847 1871 5922 ἀποτάξασθαι
1926 5851 2030 5922 τὴν

445 5908 672 5978 καρδίαν
726 5926 897 5980 μου...
948 5908 1391 5982 inferius-tero,
1477 5917 1572 5971 καὶ
1624 5908 2032 5991 ἄνθρωπος,ζι

2132 4653 2212 4707 illi
2247 4663 2458 4727 partem
2503 4670 2683 4711 suam.
2715 4674 2736 4708 ι
2790 4654 2870 4711 Ex
2913 4655 3141 4723 animo,
3187 4657 3408 4726 inquit,
3457 4670 3522 4722 ac
3553 4655 3735 4709 libens

2133 4747 2436 4818 volensque
2462 4749 2518 4804 in
2549 4764 2671 4802 eam
2703 4748 3158 4804 deliberationem
3195 4750 3315 4804 veni
3343 4788 3359 4812 ,
3403 4757 3461 4802 ut
3489 4748 3731 4812 divitiis,

2133 4854 2272 4919 quas
2299 4839 2482 4895 labore
2505 4841 2677 4894 multo
2698 4851 2753 4895 et
2780 4843 3032 4895 molestia
3060 4854 3112 4894 et
3134 4840 3491 4897 contentione
3517 4847 3571 4893 ct
3599 4855 3732 4894 cura

2134 4943 2480 5002 comparatas
2515 4934 2821 4996 habebam,
2860 4934 3136 4988 ttuivl't'sis
3170 4933 3532 4986 valediccreut
3561 4973 3576 4998 ,
3619 4948 3736 4987 ταδ’

2133 5040 2242 5098 que
2280 5025 2338 5080 in
2378 5026 2660 5098 egentium
2706 5040 2875 5096 opera
2924 5026 3254 5080 distributas
3318 5023 3732 5094 profunderem.

2134 5119 2309 5185 Quam
2343 5118 2412 5174 ob
2434 5118 2707 5174 causam?
2748 5117 2888 5185 Quia
2918 5118 3122 5181 omnis,
3156 5118 3378 5187 inquit,
3406 5115 3572 5171 homo
3593 5155 3608 5180 ,
3637 5117 3733 5186 qui

2133 5224 2358 5280 operam
2389 5224 2550 5264 suam
2581 5211 2797 5280 magnis
2830 5209 2888 5264 in
2949 5207 3149 5278 opibus
3216 5205 3575 5278 congerendis
3637 5221 3735 5276 po-

2137 5317 2268 5358 nere
2298 5301 2532 5368 maluit,
2557 5316 2724 5372 quam
2751 5299 3110 5356 admirandus
3152 5299 3270 5354 ﬁeri
3318 5299 3401 5351 vel
3450 5297 3735 5367 sapientiae

2137 5394 2527 5466 magnitudine,
2563 5409 2889 5464 summaque
2919 5392 3237 5448 sublimium
3276 5391 3636 5460 intelligentia
3666 5407 3730 5446 ac
3796 5392 3804 5399 ’

2135 5488 2446 5543 divinarum
2491 5489 2976 5557 humanarumque
3023 5501 3205 5539 rerum
3259 5485 3599 5554 etgnitiouc,
3641 5483 3728 5537 vel

2135 5579 2329 5634 bellica
2368 5581 2569 5636 virtute
2598 5596 2662 5635 ac
2690 5579 3008 5634 fortitudine
3051 5589 3243 5632 contra
3278 5586 3571 5633 extraneos
3601 5592 3729 5633 cor-

2136 5673 2286 5744 poris
2311 5673 2678 5739 adversarios,
2710 5673 2793 5726 vel
2828 5672 3008 5742 potius
3033 5681 3222 5726 eontra
3251 5670 3513 5740 impetum
3545 5669 3725 5725 domi-

2139 5851 2240 5936 ούκ
2284 5849 2590 5931 ᾖμόχθητεν
2631 5852 2687 5906 ἐν
2750 5850 2967 5922 αὐτῷ...
3013 5847 3226 5921 Olymp.
3285 5849 3446 5904 δώσει
3528 5848 3723 5922 μερίδα

2141 5938 2330 5975 αυτου.
