4036 6388
513 310 624 376 335
1631 301 1714 360 -s.
1755 296 2137 358 onsoonn
2191 296 2705 357 AGRIGENTINI
3657 301 3748 367 an;

508 428 630 476 ctor
662 419 789 489 ejus
817 417 895 474 sic
920 413 1243 471 formaverit
1275 426 1340 468 ac
1362 409 1730 474 constituerit,
1765 417 1824 460 ut
1869 407 1972 459 nisi
2014 403 2114 456 ali-

2217 401 2341 467 δοὺς
2376 404 2585 475 τροφὴν
2615 405 2768 478 πάσῃ
2806 405 2970 474 σαρκὶ
3009 402 3104 457 καὶ
3134 403 3246 467 τοῖς
3275 403 3507 466 νεοσσοῖς
3547 403 3644 456 τῶν
3670 423 3750 460 κο-

506 525 820 568 mentorum
855 510 1104 566 subsidio
1149 505 1450 564 sustentari
1501 517 1612 556 non
1657 499 1872 571 possit,
1907 495 2104 551 merito

2217 493 2400 563 ράκων
2443 499 2558 560 τοῖς
2587 497 3044 568 ἐπικαλουμένοις
3088 495 3271 548 αὐτόν.
3307 514 3328 546 ι
3359 495 3468 564 Τῆς
3504 495 3606 567 γὰρ
3645 501 3753 568 ῥευ-

504 616 560 662 et
587 605 958 660 Ecclesiastes
981 618 1012 657 a
1045 616 1212 655 manu
1239 598 1333 653 Dei
1359 610 1490 654 esse
1511 595 1671 661 dixit,
1700 591 1847 663 quod
1877 587 2106 644 mandu-

2217 585 2343 655 ’τῆς
2394 589 2556 660 ἡμῶν
2601 589 2819 658 φύσεως
2867 589 3042 653 οὕτως
3093 589 3196 642 ὑπὸ
3241 588 3336 641 τοῦ
3391 587 3754 658 διαπλάσαντος

505 710 716 758 ceruus,
751 694 1013 763 quodque
1041 691 1318 746 bibamus.

2217 677 2374 750 ιύτὴν
2416 681 2730 752 ὁρισθείσης
2778 683 2923 754 ἔχειν
2969 683 3069 753 τὴν
3109 682 3370 736 σύστασιν
3419 681 3504 734 διὰ
3544 683 3633 752 τῆς
3665 686 3756 739 τῶν

505 788 724 860 τροφῶν
763 785 1141 856 μεταλήψεως,
1173 783 1402 846 εἰκότως
1435 778 1547 835 ἀπὸ
1591 775 1774 850 χειρὸς
1819 769 1962 826 εἶναι
2005 767 2102 824 τοῦ
2176 767 2315 824 Θεοῦ
2381 774 2478 828 καὶ
2509 776 2538 830 ό
2579 775 3015 847 Ἐκκλησιαστὴς
3045 773 3217 845 ἔφησε
3251 773 3347 828 καὶ
3382 773 3443 828 τὸ
3470 777 3654 845 φαγεῖν
3683 781 3758 832 καὶ

503 881 566 934 τὸ
591 883 753 934 πιεῖν.
1935 889 1942 898 ·
2300 940 2319 948 β

582 972 854 1044 Supremo
905 971 1072 1042 igitur
1104 968 1378 1044 consilio,
1426 975 1480 1021 et
1517 962 1789 1034 singulari
1837 961 1928 1014 Dei
1973 971 2103 1028 erga

2278 951 2450 1009 Τοῦτο
2475 955 2570 1010 οὖν
2601 956 2718 1011 ἐστι
2756 957 2858 1027 τῆς
2899 956 3107 1038 ἄνωθεν
3135 958 3441 1028 ἠρτημένον
3468 957 3613 1022 θείας
3640 976 3758 1030 συμο

509 1041 765 1120 homines
804 1041 1149 1133 providentia
1184 1041 1237 1114 id
1274 1059 1436 1114 nobis
1478 1057 1723 1113 delatum
1751 1063 1856 1109 est.
1905 1053 1970 1106 At
2011 1065 2106 1106 co-

2217 1046 2410 1120 δουλῆς
2437 1049 2534 1102 καὶ
2561 1050 2944 1119 φιλανθρώπου
2975 1052 3234 1122 προνοίας
3252 1068 3266 1082 ·
3302 1047 3363 1103 τὸ
3392 1051 3451 1104 δὲ
3490 1053 3757 1124 κεχρῆσθαι

509 1157 977 1220 messationibus,
1015 1167 1214 1226 pr:eter
1253 1165 1418 1224 quam
1463 1151 1744 1221 opus'sit,
1787 1147 2102 1216 indulgere,

2217 1145 2331 1208 ταῖς
2362 1143 2512 1214 παρὰ
2542 1145 2642 1214 τὴν
2675 1144 2867 1214 χρείαν
2901 1143 3279 1213 ἀδδηφαγίαις,
3311 1145 3406 1196 καὶ
3444 1143 3542 1211 τῆς
3573 1145 3758 1212 φύσεως

509 1259 565 1303 et
610 1259 826 1316 natura;
867 1249 991 1318 plu.
1041 1246 1346 1300 concedere
1387 1259 1553 1314 quam
1595 1251 1774 1312 petat,
1823 1253 1992 1308 seque
2041 1237 2096 1289 in

2217 1233 2309 1302 τὴν
2339 1235 2674 1306 αὐτάρκειαν
2699 1235 3049 1306 ὑπερϐαίνειν
3079 1237 3175 1291 καὶ
3201 1236 3654 1308 κατεμφορεῖσθαι
3673 1237 3762 1290 τῶν

511 1343 825 1413 exquisitas
855 1343 1041 1396 omnis
1086 1339 1304 1408 generis
1346 1338 1538 1406 epulas
1583 1352 1647 1388 ac
1689 1334 1998 1403 potationes
2029 1330 2112 1381 in-

2217 1326 2630 1396 καρυκευτικῶν
2677 1327 2772 1380 xui.
2806 1327 3168 1381 παντοδαπῶν
3217 1325 3522 1397 βρωμάτων
3564 1329 3649 1380 καὶ
3678 1345 3763 1380 πο-

513 1435 828 1508 gurgitare;
895 1432 1192 1487 consilium
1255 1438 1339 1484 est
1391 1426 1726 1481 insatiabilis
1785 1422 2108 1486 voracisth

2217 1420 2427 1488 μάτων,
2455 1420 2513 1486 ἐξ
2547 1419 2852 1491 ἀκορέστου
2883 1421 2978 1474 καὶ
3004 1420 3379 1492 λαιμαργικῆς
3399 1419 3494 1472 τοῦ
3525 1421 3761 1490 σαρκικοῦ

513 1524 838 1596 cupiditatis
879 1540 894 1577 :
944 1520 1410 1592 quemadmodum
1463 1515 1684 1572 sordide
1731 1529 2004 1581 avari-que
2047 1525 2108 1564 se

2217 1510 2564 1580 φρονήματος
2609 1513 2801 1583 ἡδονῆς
2823 1529 2837 1544 ·
2884 1515 2915 1583 ἢ
2945 1513 3008 1566 τὸ
3056 1511 3316 1582 φειδωλὸν
3358 1509 3522 1579 εἶναι,
3557 1513 3644 1566 καὶ
3675 1532 3758 1582 φυ-

513 1635 740 1690 gercre,
772 1625 827 1672 et
857 1625 1078 1671 coactas
1108 1614 1292 1669 omnis
1317 1611 1536 1682 generis
1567 1624 1700 1678 opes
1743 1607 1814 1660 ita
1846 1618 2066 1660 servare
2091 1641 2106 1666 ,

2217 1602 2426 1656 λάττειν
2460 1603 2551 1656 τὸν
2591 1604 2837 1663 ποικίλον
2869 1607 2965 1660 καὶ
2996 1606 3342 1662 παντοδαπὸν
3395 1605 3638 1672 πλοῦτον,
3682 1610 3758 1661 καὶ

515 1723 576 1767 ιιι
627 1727 727 1781 pro
771 1711 1022 1780 portione
1065 1707 1262 1776 copiae,
1301 1718 1424 1774 qua:
1461 1702 1689 1756 domino
1732 1698 2010 1768 suppetit,
2052 1698 2105 1750 in

2217 1694 2289 1764 μὴ
2318 1694 2610 1750 διαδιδόναι
2641 1700 2754 1760 τοῖς
2778 1699 2968 1769 χρείαν
2997 1699 3182 1770 έχουσι
3213 1699 3356 1753 κατὰ
3374 1700 3475 1770 τὴν
3501 1698 3759 1781 ἀναλογίαν

512 1772 706 1860 eorum
733 1801 1022 1858 commoda
1057 1814 1167 1854 non
1198 1795 1590 1856 refundantur,
1623 1808 1764 1862 quos
1808 1791 2106 1844 necessitas

2217 1790 2310 1856 τῆς
2339 1788 2652 1860 προσούσης
2680 1790 2758 1860 τῷ
2792 1793 3118 1863 κεκτημένῳ
3145 1793 3489 1862 περιουσίας,
3519 1772 3622 1844 οὐκ
3640 1791 3760 1843 ἔστιν

513 1897 714 1968 premit
739 1935 756 1961 ,
791 1911 820 1949 a
852 1895 962 1949 Deo
1002 1907 1110 1948 non
1150 1901 1280 1946 est:
1328 1899 1626 1958 utrumque
1677 1886 1822 1941 enim
1872 1886 1941 1938 ab
1991 1898 2099 1936 una

513 1987 758 2044 hominis
807 1987 1094 2041 voluntate
1131 1992 1297 2054 atque
1339 1997 1602 2052 perverso
1643 1980 1877 2033 consilio
1919 1988 2098 2029 ortum

516 2082 718 2147 habet;
750 2094 926 2150 quare
961 2093 1086 2133 cum
1121 2076 1199 2141 id,
1232 2075 1380 2146 quod
1418 2073 1470 2127 in
1511 2071 1736 2126 homine
1767 2068 2102 2139 praecipuum

513 2183 636 2239 est,
664 2187 822 2227 mens
853 2179 1019 2240 atque
1050 2169 1194 2224 ratio
1215 2207 1231 2234 ,
1270 2176 1533 2236 tanquam
1561 2163 1615 2216 in
1653 2163 1972 2216 servitutem
2004 2158 2102 2212 ad-

515 2264 719 2328 ducta,
767 2262 970 2317 misere
1015 2259 1089 2316 ob
1138 2258 1424 2329 crapulam
1475 2255 1753 2320 hebescit,
1801 2267 1900 2306 nec
1946 2264 2105 2304 reno-

515 2358 636 2412 vari
680 2356 952 2411 divinitus
987 2364 1042 2407 et
1083 2349 1494 2422 cognitionibus
1533 2362 1597 2402 ac
1647 2344 1971 2400 ministeriis
2010 2357 2106 2412 par

517 2463 642 2504 esse
669 2458 851 2516 potest
884 2463 900 2511 ;
935 2457 1052 2500 tum
1085 2443 1292 2496 divitia:
1322 2443 1376 2495 in
1410 2440 1684 2494 malorum
1722 2446 1778 2491 et
1809 2434 2106 2504 ﬂagitiosa-

517 2557 640 2595 rum
677 2538 964 2592 hominum
1002 2536 1292 2589 commoda
1323 2530 1578 2602 seposita:
1609 2538 1812 2582 aeterna
1840 2525 2106 2594 supplicia

2210 1883 2273 1933 ἐκ
2301 1881 2394 1933 τοῦ
2426 1881 2588 1936 Θεοῦ.
2621 1883 2806 1954 Μόνης
2857 1885 2966 1956 γὰρ
2999 1885 3101 1956 τῆς
3144 1883 3496 1956 ἀνθρωπίνης
3531 1879 3758 1954 προαιρέλ

2210 1991 2348 2038 σεως
2382 1975 2477 2028 καὶ
2525 1977 2956 2048 πονηροδουλίας
2985 1978 3135 2032 ἐστὶν
3168 1963 3453 2051 ἑκάτερον,
3488 1979 3554 2032 δι’
3581 1957 3643 2049 ἧς
3685 1977 3763 2031 καὶ

2209 2068 2329 2129 ταῖς
2387 2069 2724 2138 κραιπὰλαις
2777 2069 3320 2141 καταδεδουλωμένος
3372 2070 3402 2122 ὁ
3453 2070 3764 2141 ταλαίπωρος

2210 2149 2499 2230 ἄνθρωπος
2535 2161 2774 2231 ἀμαυροῖ
2825 2162 2884 2214 τὸ
2911 2158 3009 2232 τῆς
3055 2161 3278 2234 λογικῆς
3311 2161 3494 2234 ψυχῆς
3535 2163 3764 2234 ἡγεμονι-

2210 2252 2306 2305 κὸν
2345 2253 2438 2304 καὶ
2489 2253 2626 2322 πρὸς
2673 2254 2770 2318 τὰς
2803 2254 2956 2318 θείας
2988 2254 3215 2319 νεώσεις
3265 2255 3364 2310 καὶ
3419 2254 3646 2326 θεωρίας
3689 2256 3764 2310 καὶ

2211 2341 2561 2414 λειτουργίας
2597 2343 2925 2417 καθίστησιν
2969 2347 3352 2420 ἀνενέργητον.
3402 2349 3509 2402 Καὶ
3540 2346 3768 2416 ταμιευό-

2215 2445 2378 2506 μενος
2422 2434 2500 2488 δὲ”
2526 2437 2664 2508 πρὸς
2713 2439 2936 2507 ἑτέρους
2987 2438 3296 2512 μοχθηροὺς
3352 2440 3450 2492 καὶ
3497 2437 3769 2508 φαύλουςό

2213 2533 2442 2598 πλοῦτος
2475 2535 2788 2605 προμνᾶται
2811 2537 2924 2598 τοῖς
2952 2533 3170 2605 ἔχουσιν
3211 2533 3379 2587 αὑτὸν
3410 2531 3770 2604 ἀτελευτήτονς

517 2627 941 2700 possessoribus
972 2636 1192 2696 parant.
1223 2622 1290 2678 Ut
1320 2624 1466 2676 enim
1498 2620 1732 2674 aliorum
1763 2619 1972 2672 tttiscrti
1999 2630 2104 2669 non

517 2734 669 2788 sunt,
697 2723 770 2776 ita
793 2721 940 2774 nulla
964 2719 1098 2789 ipsis
1132 2715 1510 2772 misericordia
1551 2714 1824 2768 tribuetur
1853 2727 1864 2760 :
1903 2710 2110 2780 quique

2213 2622 2498 2686 κολάσειςο
2533 2623 2608 2687 ὡς
2659 2623 2770 2696 γὰρ
2798 2625 2901 2678 οὐκ
2944 2623 3210 2696 ⁴ἠλέησαν,
3249 2623 3361 2677 οὐδ’
3396 2623 3550 2677 αὐτοὶ
3580 2621 3770 2684 πάντως

2215 2714 2602 2786 ἐλεηθήσονται
2620 2733 2635 2747 ο
2667 2715 2762 2770 καὶ
2793 2717 2906 2779 τοῖς
2937 2715 3014 2787 μὴ
3041 2714 3355 2792 δανείσασιν
3381 2713 3483 2768 οὐκ
3523 2709 3771 2782 ἀντιδοθήο

2219 2823 2372 2859 σεται
2401 2806 2555 2877 παρὰ
2583 2805 2677 2860 τοῦ
2709 2805 2968 2871 λαϐόντος
2993 2805 3140 2878 ΘεοῦΔ
3159 2805 3248 2860 διὰ
3280 2803 3383 2878 τῆς
3415 2803 3523 2858 τῶν
3555 2805 3772 2872 πενήτων

2218 2895 2437 2968 λήψεως
2532 2897 2822 2963 ἀντίδοσις.
3127 2873 3140 2892 Ι

519 2815 660 2869 nihil
689 2815 785 2868 ulli
822 2812 1352 2875 commodarérunt,
1381 2805 1496 2880 pari
1534 2805 1744 2862 ratione
1777 2821 1807 2858 a
1841 2800 1980 2864 Deo,
2013 2799 2108 2871 qui

518 2906 721 2960 donata
761 2903 950 2974 egenis
997 2903 1102 2959 sibi
1145 2905 1272 2958 data
1317 2909 1501 2971 putat,
1559 2897 1764 2952 nullam
1804 2893 2108 2950 mercedem

517 2996 716 3052 ferent.
2112 3038 2123 3050 .

597 3090 796 3144 Sobrie
822 3103 955 3160 ergo
973 3093 1240 3157 certoque
1271 3098 1519 3158 tempore
1553 3083 1887 3142 manducare
1913 3085 2026 3159 64
2047 3100 2112 3141 ac

2293 3083 2368 3138 Τὸ
2394 3082 2575 3138 τοίνυν
2625 3083 2922 3157 σωφρόνως
2951 3088 3042 3141 καὶ
3083 3077 3438 3156 τεταγμένως
3484 3086 3670 3154 φαγεῖν
3695 3077 3774 3136 καὶ

453 3191 464 3202 ·
521 3180 715 3237 bibere
738 3222 752 3246 ,
785 3191 949 3250 atque
975 3195 1038 3236 ea
1074 3195 1271 3250 agerc,
1317 3196 1442 3251 qua:
1484 3190 1682 3235 natura
1729 3188 1988 3252 tanquam
2017 3196 2112 3234 ne-

2220 3178 2390 3238 πιεῖν,
2421 3172 2516 3231 καὶ
2551 3169 2622 3230 τὰ
2657 3151 2811 3250 παρὰ
2839 3178 2937 3250 τῆς
2969 3176 3185 3248 φύσεως
3211 3151 3606 3249 ἀπαραιτήτως
3633 3176 3774 3240 ἀναγ-

520 3273 765 3326 nessaria
803 3272 1030 3327 omnino
1065 3271 1334 3340 requirit.
1367 3280 1421 3326 et
1448 3272 1654 3342 quibus
1681 3273 1728 3326 si
1756 3281 1974 3336 careat,
2017 3286 2116 3326 nec

2219 3264 2352 3323 καῖα
2399 3268 2714 3340 ζητούμενα
2759 3271 2932 3342 δρᾷν,
2981 3265 3056 3324 ὧν
3086 3265 3214 3326 ἄνευ
3261 3271 3364 3342 οὐχ
3410 3265 3522 3324 οἶόν
3551 3268 3608 3322 τέ
3650 3259 3775 3320 ἐστιν

523 3360 856 3418 incol'tnnem
889 3365 1070 3418 vivere
1108 3365 1272 3418 vitam
1299 3403 1314 3429 ,
1350 3380 1452 3420 nec
1505 3363 1788 3420 Couditori
1833 3375 1958 3429 tuo,
1994 3361 2116 3434 quae

2218 3361 2552 3431 ἐρρωμένως
2589 3359 2689 3431 ξῇν
2738 3363 2879 3432 πρὸς
2927 3361 3002 3432 τῷ
3051 3361 3147 3415 καὶ
3192 3360 3271 3432 τῷ
3321 3357 3650 3432 Δημιουργῷ
3695 3355 3776 3417 τὰς

519 3455 727 3521 tlebcs,
785 3457 1090 3510 ministeria
1138 3455 1358 3510 diurnis
1405 3453 1810 3526 nocturnisque
1860 3455 2116 3526 precibbs

2218 3450 2714 3523 κεχρεωστημένας
2746 3453 3058 3508 ἀποδιδόναι
3077 3453 3428 3524 λειτουργίας
3453 3453 3548 3506 καὶ
3573 3465 3777 3520 προσευ·

521 3548 784 3632 praestare
819 3549 998 3617 possis
1021 3589 1036 3613 ,
1079 3548 1280 3603 divina:
1317 3549 1510 3619 utique
1537 3544 1778 3604 dextera:
1806 3543 1924 3602 sive
1953 3547 2116 3604 boni-

2217 3545 2321 3616 κάς
2343 3547 2611 3618 ἡμερινὰς
2633 3549 2727 3600 καὶ
2749 3547 3092 3618 νυκτερινὰς,
3117 3547 3216 3618 τῆς
3239 3546 3396 3611 θείας
3414 3544 3614 3617 χειρὸς,
3635 3544 3777 3614 ᾖγουν

525 3638 660 3690 tatis
679 3647 733 3690 ct
759 3637 975 3690 consilii
1008 3652 1146 3706 Opus
1173 3643 1280 3691 est.
1305 3633 1375 3690 At
1403 3637 1547 3690 ultra
1580 3638 1802 3693 modum
1835 3645 1889 3691 et
1919 3645 2116 3709 praeter

2218 3637 2559 3708 ἁγαθότητος
2594 3638 2687 3692 καὶ
2723 3637 2942 3710 βουλῆς,
2977 3637 3141 3710 ἔργον
3175 3639 3325 3692 ἐστί’
3360 3638 3423 3692 τδ
3449 3638 3509 3692 δὲ
3552 3632 3778 3728 περιττίν

521 3721 740 3783 batur-az
777 3729 1160 3783 necessitatem
1203 3727 1353 3784 hisce
1399 3729 1722 3800 indulgere,
1755 3729 1932 3785 rabidi
1965 3729 2116 3784 insa-

2219 3729 2313 3782 καὶ
2345 3729 2442 3800 τῆς
2481 3729 2787 3798 ἀναγκαίας
2814 3730 3006 3802 χρείας
3034 3730 3320 3804 πόρρωθεν
3367 3730 3450 3794 ὃν,
3478 3729 3572 3799 τῆς
3599 3721 3779 3816 λυττώτ

519 3807 698 3888 hique
738 3812 944 3872 ventris
989 3828 1045 3873 et
1087 3834 1362 3888 perversa:
1399 3818 1742 3879 voluntatis.
1782 3833 1890 3873 non
1921 3818 2116 3872 divina:

2221 3837 2321 3892 σης
2367 3823 2463 3874 καὶ
2499 3819 2800 3892 μανιώδους
2834 3820 3070 3892 γαστρὸς
3117 3822 3216 3875 καὶ
3261 3820 3652 3894 προαιρέσεως,
3683 3807 3786 3868 ἀλλ’

517 3904 762 3964 “extera:
793 3923 887 3964 aut
916 3911 1086 3966 divini
1126 3912 1344 3966 ccasilii
1379 3927 1520 3982 opus
1551 3911 1773 3966 dixeris.
1799 3912 1977 3980 Atque
2015 3910 2116 3966 hoc

2218 3913 2341 3984 οὐχὶ
2377 3912 2478 3983 τῆς
2523 3913 2675 3978 θείας
2717 3913 2896 3985 χειρὸς
2929 3913 3026 3968 καὶ
3057 3911 3272 3984 βουλῆς.
3306 3912 3386 3966 Τδ
3436 3911 3570 3966 αύτδ
3613 3907 3666 3962 δέ
3711 3913 3779 3968 τις

522 3995 670 4057 idem
697 4005 892 4057 merito
917 4005 1042 4074 quis
1063 4004 1130 4059 de
1153 4003 1364 4059 divitiis
1388 4004 1850 4075 pronuntiaverit.
1880 4003 1948 4060 Ut
1969 4003 2116 4059 enim

2219 4007 2316 4059 καὶ
2363 4005 2491 4076 περὶ
2521 4005 2614 4059 τοῦ
2652 4003 2886 4061 πλούτου
2935 4007 3131 4078 φήσειε
3164 4005 3605 4078 οπροσηκόντωςο
3649 3997 3717 4061 ὡς
3759 3999 3782 4050 ὁ

517 4093 603 4183 ’ραι
623 4135 637 4160 ,
680 4103 818 4166 qlias
845 4097 950 4151 sibi
981 4097 1238 4153 homines
1269 4097 1444 4152 multo
1474 4097 1662 4153 labore
1691 4113 1756 4152 ac
1787 4094 1990 4153 sudore
2011 4139 2028 4163 ,
2063 4106 2116 4154 at

2223 4099 2324 4169 μὲν
2351 4102 2460 4154 ἀπὸ
2493 4093 2696 4171 μόχθου
2745 4101 2840 4154 καὶ
2891 4101 3060 4154 κόπου
3105 4098 3338 4153 καὶτῶν
3374 4096 3520 4152 ίδίων
3565 4091 3780 4165 ἱδρώτων

523 4189 748 4242 tenaces
786 4189 1038 4243 veritatis
1079 4199 1135 4245 et
1173 4190 1408 4260 iustitiae
1455 4190 1800 4260 pepererint,
1842 4191 2116 4261 siquidem

2219 4192 2298 4264 τῷ
2349 4193 2626 4266 ἀνθρώπῳ
2678 4191 3168 4264 συναθροιζόμενος
3223 4190 3456 4254 πλοῦτος
3514 4189 3648 4261 μετὰ
3693 4183 3779 4252 τῆς

524 4279 624 4348 Spe
665 4281 958 4336 Dominum
1012 4283 1349 4350 respiciant,
1387 4293 1442 4337 et
1479 4283 1668 4352 egenis
1712 4283 1833 4336 illas
1875 4299 1974 4354 pro
2018 4299 2116 4338 sua

2221 4285 2541 4357 πρεπούσης
2574 4284 2835 4357 ἀληθείας
2863 4286 2957 4338 καὶ
2979 4283 3331 4354 δικαιοσύνης
3358 4285 3470 4347 τοῖς
3501 4282 3674 4353 ἔχουσι
3695 4276 3778 4339 τὰς

527 4375 763 4441 quisque
807 4373 1073 4428 facilitate
1125 4375 1494 4440 distribuant,
1545 4375 1688 4431 bona
1731 4391 1820 4430 res
1863 4387 2020 4441 sunt,
2064 4384 2122 4430 et

529 4452 671 4552 bona
705 4462 943 4520 all‘e‘runt
978 4467 1294 4538 incorrupta
1321 4477 1488 4538 atque
1522 4478 1824 4538 perpetua;
1873 4468 1948 4524 ita
1979 4482 2115 4539 opes
2145 4504 2191 4561 Β

528 4547 656 4620 illac,
687 4573 825 4624 quas
855 4558 1107 4612 homines
1127 4597 1142 4624 ,
1177 4574 1508 4630 quacunque
1557 4561 1771 4615 ratione
1797 4559 2113 4630 potuerint,

529 4657 820 4718 congestas
875 4651 929 4703 in
985 4665 1085 4705 sua
1134 4651 1421 4706 commoda
1467 4651 1801 4718 absumunt,
1847 4665 2023 4722 neque
2063 4652 2114 4706 in

524 4736 805 4810 egentium
853 4743 917 4797 ac
959 4741 1341 4801 mendicorum
1387 4741 1697 4798 subsidium
1735 4743 2016 4808 deriiant,
2049 4741 2117 4798 de

526 4833 728 4900 quibus
784 4833 922 4888 dixit
1003 4833 1268 4890 Dominus
1313 4853 1327 4889 :
1386 4854 1405 4887 ι
1443 4834 1696 4902 Quandiu
1752 4835 1967 4892 fecistis
2023 4852 2118 4890 um

524 4922 592 4978 ‘cx
631 4926 718 4979 his
769 4925 1032 4980 fratribus
1081 4931 1220 4982 meis
1271 4927 1553 4995 minimis,
1599 4928 1735 4984 mihi
1780 4927 1990 4984 fecistis
2035 4927 2146 4997 “,1

528 5023 671 5072 mala
714 5035 800 5074 res
842 5021 1009 5085 Sunt,
1041 5031 1095 5074 et
1136 5021 1337 5076 malam
1371 5022 1532 5092 plane
1565 5022 1875 5079 mercedem
1911 5024 2122 5094 impor-

527 5120 666 5166 tant.

2221 4375 2445 4440 ἐλπίδας
2473 4377 2567 4430 ἐπὶ
2591 4375 2683 4430 τὸν
2710 4375 2940 4448 Κύριον,
2975 4377 3072 4430 καὶ
3097 4375 3416 4446 διανέμουσι
3445 4374 3542 4428 καὶ
3566 4372 3674 4435 τοῖς
3707 4369 3779 4420 ὲν-

2221 4467 2370 4523 δεέσι
2397 4468 2540 4523 κατὰ
2569 4470 2669 4540 τὴν
2697 4469 2994 4540 ἀναλογίαν
3037 4469 3138 4539 τῆς
3169 4467 3306 4532 ἰδίας
3331 4467 3635 4538 δυνάμεως,
3664 4463 3780 4528 ἀγα-

2221 4560 2314 4614 θόν
2345 4562 2582 4617 ἐστικαὶ
2611 4561 2872 4633 πρόξενος
2901 4561 3126 4631 ἀγαθῶν
3168 4561 3466 4631 ἀκηράτων
3497 4559 3588 4614 καὶ
3619 4556 3777 4610 διαιω-

2219 4649 2476 4716 νιζόντων
2498 4669 2512 4686 ο
2545 4653 2606 4706 τὸ
2644 4653 2701 4707 δὲ
2733 4653 2986 4706 πλουτεῖν
3019 4653 3142 4724 μὲν,
3171 4655 3248 4716 ὡς
3277 4653 3345 4708 ἄν
3391 4663 3473 4715 τις
3507 4652 3600 4705 καὶ
3635 4648 3779 4713 δυνη-

2221 4745 2340 4816 θείη
2375 4745 2658 4809 πλουτεῖν,
2710 4747 2791 4810 είς
2838 4747 3030 4798 ἑαυτὸν
3073 4745 3132 4798 δὲ
3185 4745 3282 4799 καὶ
3332 4744 3475 4815 πρὸς
3523 4745 3617 4806 τὰς
3663 4737 3780 4798 ἰδίας

2221 4838 2412 4910 χρείας
2439 4841 2508 4892 τὰ
2551 4837 2646 4892 τοῦ
2690 4838 2922 4892 πλούτου
2953 4837 3414 4910 προσαναλίσκειν
3435 4853 3448 4868 ο
3487 4837 3560 4908 μὴ
3587 4828 3780 4902 λαμόἀ·

2221 4946 2335 4983 νειν
2382 4929 2438 4982 δὲ
2467 4931 2760 4996 κοινωνοὺς
2795 4931 2897 4983 κᾶν
2932 4927 3106 5001 τούτῳ
3133 4929 3263 4992 τοὺς
3289 4928 3494 4991 ἐνδεεῖς
3523 4924 3614 4980 καὶ
3652 4937 3781 4976 πτω-

2219 5022 2482 5092 χεύοντας
2537 5025 2664 5094 περὶ
2713 5015 2790 5078 ὧν
2843 5019 2996 5078 εἶπεν
3057 5025 3086 5076 ὁ
3137 5019 3344 5092 Κύριος
3376 5035 3390 5049 ·
3422 5039 3442 5072 ι
3485 5017 3628 5093 "Ecp‘
3677 5016 3784 5069 ὅσον

2221 5115 2520 5184 ἐποιήσατε
2552 5115 2632 5166 ἑνὶ
2663 5113 2870 5168 τούτων
2913 5116 3022 5168 τῶν
3066 5114 3314 5184 ἀδελφῶν
3354 5128 3457 5182 μου
3487 5109 3594 5164 τῶν
3625 5102 3786 5174 ἔλαχε·

2107 5269 2120 5279 .
2224 5222 2388 5270 στων,
2420 5206 2544 5277 ἐμοὶ
2586 5207 2910 5278 ἐποιήσατε·
2949 5225 2966 5258 ι
2999 5207 3239 5278 πονηρόν
3282 5207 3400 5258 ἐστι
3434 5205 3527 5257 καὶ
3557 5195 3786 5268 πονηρῶν

3577 5281 3586 5299 \

603 5373 661 5432 Si
717 5375 842 5450 quis
890 5397 1022 5437 vero
1079 5385 1314 5455 mystico
1362 5387 1527 5440 etiam
1586 5401 1753 5442 sensu
1809 5387 1973 5442 verba
2029 5388 2122 5444 illa

531 5473 804 5526 (orm-dere
832 5484 888 5528 et
926 5475 1100 5530 bibere
1126 5478 1255 5531 velit
1289 5478 1660 5548 interpretari,
1693 5489 1754 5533 ut
1778 5480 1880 5536 hoc
1907 5485 2125 5550 proprie

531 5559 725 5618 (omni:
754 5568 821 5620 ab
853 5565 1178 5624 Ecclesiaste
1202 5570 1619 5628 den'ominatum
1647 5575 1979 5639 cetiteudat;
2014 5583 2122 5629 neu

609 5735 653 5776 δ”
687 5745 875 5803 Matth.
911 5766 1038 5815 ην,
1075 5751 1164 5805 40.

2225 5298 2638 5353 ἀνταποδόσεων
2669 5299 2953 5370 πρόξενον.
3483 5361 3491 5366 _

2292 5392 2354 5445 Et
2381 5391 2437 5445 δέ
2464 5409 2547 5456 τις
2580 5391 2871 5463 βουληθείη
2923 5393 3019 5447 καὶ
3067 5391 3478 5461 μυστικώτερον
3523 5382 3788 5442 ὑπολαβεῖν

2223 5483 2288 5538 τὸ
2317 5502 2334 5535 ι
2375 5487 2572 5552 φαγεῖν
2607 5502 2626 5535 ι
2663 5485 2758 5537 καὶ
2789 5502 2807 5534 ι
2861 5487 3027 5546 πιεῖν,
3069 5504 3088 5537 ι
3129 5485 3216 5537 ἴνα
3258 5483 3416 5536 τοῦτο
3464 5480 3558 5534 καὶ
3604 5473 3786 5544 κνρὲωτ

2233 5593 2251 5626 ι
2273 5559 2477 5643 Quoi»:
2500 5596 2516 5627 ι
2543 5575 2908 5645 ὀνομάζεσθαι
2932 5575 3010 5646 τῷ
3033 5575 3434 5646 Ἐκκλησιαστῄ
3458 5565 3788 5638 καταγγείλῃν
