4036 6388
466 363 570 431 διι
1535 369 1620 434 ΙΝ
1661 366 2244 440 ECCLESIASTEN-
2273 406 2343 418 —
2369 369 2518 442 LIB.
2557 375 2674 444 III.
2929 409 2944 421 -
3635 387 3741 462 812

462 474 788 547 ἁξιωθῶμεν
816 475 875 529 ἐν
899 475 1049 548 αὐτῷ
1070 475 1293 549 Χριστῷ
1313 476 1393 550 τῷ
1409 477 1603 549 Κυρίῳ
1629 479 1808 550 ἡμῶν,
1839 473 1883 548 ᾧ
1913 483 1945 550 ὴ
1971 481 2053 534 δό-

2160 499 2378 540 mantus
2407 503 2419 539 :
2452 501 2564 556 quo
2593 495 2647 541 et
2677 486 2949 544 caelorum
2989 500 3220 562 regnum
3251 505 3349 564 per
3375 495 3550 567 ipsum
3582 499 3745 557 Chri-

462 569 530 635 εα
568 567 661 622 καὶ
708 568 768 621 τὸ
817 567 1021 640 κράτος
1065 569 1164 623 σὺν
1195 568 1274 641 τῷ
1308 570 1711 641 παντοκράτορι
1745 572 1926 643 Ilotsz
1959 573 2053 626 καὶ

2163 585 2311 632 stum
2360 575 2657 632 Dominum
2691 587 2941 634 nostrum
2987 581 3383 652 adipiscamur.
3430 587 3744 662 Cui-gloria

460 659 542 730 τῷ
574 660 830 730 παναγίῳ
857 661 954 714 καὶ
985 659 1176 732 ἀγαθῷ
1219 662 1314 715 καὶ
1344 659 1597 732 ξωοποιῷ
1635 662 1916 732 Πνεύματι
1961 664 2052 718 νῦν

2160 677 2215 728 et
2266 667 2557 738 imperium
2613 683 2741 724 cum
2800 669 2962 725 Patre
3015 672 3394 744 omnipotente
3446 686 3502 732 et
3551 659 3746 734 saneto

461 753 554 807 καὶ
581 754 674 810 ἀεὶ
700 754 794 807 καὶ
825 755 903 818 εἰς
933 755 1062 818 τοὺς
1096 753 1299 819 αίῶνας
1328 753 1440 809 τῶν
1466 754 1701 812 αἰώνων.
1746 757 1942 828 Ἀμήν.

2163 754 2419 825 bonoque
2461 769 2529 810 ac
2563 755 2688 810 vita:
2728 767 2956 814 auctore
3007 758 3218 830 Spiritu
3250 779 3396 821 nunc
3431 775 3488 823 et
3529 759 3748 840 setiipcr

2158 854 2212 897 et
2242 845 2296 897 in
2329 844 2532 899 saecula
2564 846 2914 903 seculorum.
2947 849 3144 906 Amen.
3217 854 3220 858 ί

3621 1081 3629 1089 α
3647 1075 3690 1090 Δ..

1701 1214 2071 1299 ΛΟΓΟΣ
2107 1216 2528 1329 ΤΡΙΤΟΣ.

1599 1570 1948 1656 LIBER
2049 1569 2614 1675 TERTIUS.

2057 1804 2128 1828 ..ι

2039 1925 2147 1997 §l.

545 2037 673 2104 τοῖς
720 2035 914 2092 πᾶσιν
957 2039 990 2090 ὀ
1043 2035 1287 2106 χρόνος.
1326 2035 1424 2089 καὶ
1475 2014 1682 2104 καιρός
1741 2033 1821 2100 τῷ
1877 2037 2053 2092 παντί

2232 2035 2346 2107 68
2383 2034 2509 2092 CAP.
2553 2036 2654 2100 Ill,
2689 2033 2856 2093 Vens.
2907 2036 2958 2090 ί.
3004 2023 3260 2092 Omnibus
3297 2046 3504 2108 tempus
3550 2048 3648 2105 est,
3695 2051 3747 2096 et

2713 1863 2820 1928 ιτι
2869 1879 2913 1896 εκ

466 2131 764 2201 πράγματι
790 2130 911 2186 ὑπὸ
938 2129 1046 2184 τὸν
1067 2130 1349 2198 οὐρανόν.
1839 2197 1848 2202 α

538 2223 619 2276 Τὰ
645 2223 775 2292 περὶ
800 2221 902 2292 τῆς
931 2221 1151 2291 φύσεως
1179 2222 1287 2276 τῶν
1320 2222 1490 2277 ὄντων
1515 2223 1590 2287 ὡς
1613 2224 1722 2278 ἀπὸ
1759 2223 1957 2296 μέρους
1979 2225 2054 2278 δι’

461 2313 722 2380 «ξελθὼν,
752 2309 866 2368 οἷον
900 2314 1032 2384 περὶ
1073 2314 1176 2384 τῆς
1221 2314 1510 2386 ἀνθρώπου
1548 2315 1933 2386 παρελεύσεως
1963 2319 2060 2372 καὶ

461 2406 746 2475 γνώσεως,
777 2407 905 2476 περὶ
929 2407 1030 2476 τῆς
1049 2405 1462 2478 διαιωνιζούσης
1483 2408 1757 2480 ἑδραστῆς
1775 2409 1902 2480 γῆς,
1927 2410 2058 2480 περὶ

459 2499 566 2568 τῆς
583 2499 1010 2572 ἡλιακῆςιρορᾶς
1028 2497 1120 2552 καὶ
1143 2499 1436 2571 κινήσεως,
1466 2499 1594 2570 περὶ
1619 2517 1703 2571 χει
1711 2501 1942 2572 μάρῤων
1963 2503 2058 2562 καὶ

461 2587 730 2659 ποταμῶν
765 2588 859 2641 καὶ
892 2587 1190 2658 θαλάσσης,
1220 2589 1317 2642 καὶ
1345 2588 1662 2658 διαγγείλας
1704 2591 1803 2663 τὴν
1851 2592 2056 2647 ὑποτα-

393 2712 400 2718 -
455 2678 571 2750 γῆν
597 2664 691 2732 καὶ
720 2678 947 2750 θητείαν
981 2677 1092 2732 τῶν
1129 2679 1448 2748 κτισμάτων
1487 2680 1624 2751 πρὸς
1653 2679 1744 2734 τὸν
1777 2680 1910 2735 ἴδιον
1939 2683 2057 2736 κτί-

461 2788 600 2840 στην
621 2772 714 2824 καὶ
734 2771 966 2842 ποιητὴν
988 2772 1380 2843 ἀπαραιτήτως
1401 2773 1800 2844 ἐνεργουμένην
1823 2773 2056 2832 πάντοτε

461 2864 558 2918 καὶ
586 2865 729 2919 κατὰ
763 2865 949 2934 φύσιν,
976 2865 1072 2919 καὶ
1114 2865 1299 2936 μέντοι
1330 2865 1428 2920 καὶ
1457 2867 1600 2919 κατὰ
1631 2869 1869 2941 φυσικὴν
1901 2871 2058 2924 ἔναν-

460 2953 653 3008 τίωσιν
670 2967 686 2983 ⁶
714 2948 838 3007 εἶτα
858 2952 1188 3025 διαλαλήσας
1215 2971 1281 3008 πε
1291 2953 1344 3024 pl.
1366 2952 1475 3007 τῶν
1499 2957 2057 3026 παρακολουθούντων

2165 2127 2541 2196 tentpestivitas
2572 2129 2716 2181 omni
2743 2129 2818 2182 rei
2847 2127 2942 2182 sub
2973 2130 3102 2183 caelo
3127 2129 3224 2200 (4).

2231 2219 2534 2288 Postquam
2581 2219 2650 2274 de
2710 2234 2894 2274 rerum
2945 2230 3142 2276 natura
3198 2222 3356 2292 quasi
3418 2239 3516 2294 per
3563 2237 3747 2296 partes

2159 2310 2448 2377 disseruit,
2494 2311 2757 2367 nimirum
2801 2311 2872 2368 de
2911 2312 3152 2370 hominis
3185 2314 3417 2370 transitu
3457 2325 3518 2372 et
3556 2320 3747 2389 cogni-

2161 2401 2331 2466 tione,
2367 2401 2436 2456 de
2475 2410 2739 2472 perpetua
2783 2413 2944 2459 terra:
2972 2403 3297 2471 stabilitate,
3320 2405 3389 2462 de
3413 2409 3580 2464 solari
3615 2427 3748 2480 gyro

2160 2501 2328 2564 atque
2379 2504 2554 2560 motu,
2607 2494 2678 2550 de
2715 2497 3061 2552 torrentibus
3107 2505 3163 2553 et
3210 2495 3398 2555 ﬂuviis
3439 2509 3499 2557 et
3551 2504 3691 2558 mari
3731 2520 3746 2558 :

2111 2629 2118 2636 .
2161 2593 2278 2669 tum
2316 2601 2501 2642 rerum
2532 2587 2886 2644 conditarum
2929 2588 3258 2660 obsequium
3302 2589 3438 2647 illud
3477 2601 3533 2647 et
3567 2591 3748 2650 tamu-

2160 2677 2334 2734 latum
2368 2679 2699 2748 enuntiavit,
2740 2695 2904 2750 quem
2947 2681 3165 2737 auctori
3211 2697 3278 2738 ac
3318 2685 3594 2740 condit0ri
3641 2702 3748 2743 suo

2159 2771 2612 2828 constantissime
2661 2780 2717 2828 et
2763 2775 2830 2828 ad
2898 2782 3110 2829 natura:
3161 2776 3384 2830 modum
3442 2786 3498 2832 et
3549 2789 3748 2849 praeter

2160 2862 2336 2932 ipsam
2365 2877 2590 2934 quoque
2619 2873 2878 2920 naturam
2907 2857 3127 2936 semper
3155 2867 3419 2924 exhibent
3446 2887 3460 2922 :
3496 2884 3564 2926 ac
3591 2883 3747 2941 post--

2159 2971 2326 3028 quam
2353 2957 2520 3011 verba
2549 2955 2620 3012 de
2652 2956 2720 3011 iis
2755 2955 2909 3020 fecit,
2953 2971 3078 3026 quae
3119 2957 3464 3028 voluptarios
3493 2959 3748 3019 homines

461 3045 562 3100 καὶ
610 3045 1021 3117 συμϐαινόντων
1062 3045 1525 3117 τοῖς,φιληδόνοις
1571 3047 1906 3120 ἀνθρώποις,
1959 3051 2053 3106 καὶ

2155 3049 2503 3105 comitantur
2551 3063 2618 3105 ac
2665 3057 3119 3118 consequuntur.
3172 3049 3354 3120 deque
3399 3053 3667 3123 improbis
3693 3069 3750 3110 et

459 3138 872 3210 περισπασμῶν
910 3136 1206 3210 μοχθηρῶν
1232 3136 1292 3206 ἑξ
1321 3138 1602 3205 ἀϐουλίας,
1634 3141 1731 3194 καὶ⁹
1773 3141 1883 3196 τῶν
1917 3159 2053 3212 φαυ-

2161 3149 2370 3198 temere
2399 3142 2672 3212 susceptis
2705 3141 3164 3200 contentionibus
3196 3157 3263 3198 ac
3295 3128 3586 3214 ﬂagitiosis
3620 3163 3748 3218 pra‘

457 3230 705 3301 λοτήτων
727 3231 825 3285 καὶ
855 3223 1284 3302 κακοπραγιῶν,
1311 3231 1442 3301 περὶ
1464 3225 1541 3286 ὧν
1561 3233 1663 3286 καὶ
1687 3228 1837 3303 εἷειε,
1875 3251 1898 3287 ι
1929 3235 2053 3289 Μα-

2157 3235 2356 3304 visque
2377 3234 2562 3300 factis,
2599 3235 2668 3290 de
2684 3234 2886 3306 quibus
2920 3235 3085 3290 etiam
3117 3234 3256 3290 dixit
3285 3249 3301 3288 :
3331 3251 3356 3286 ι
3395 3233 3624 3293 Vanitas
3654 3254 3748 3292 ras

453 3313 684 3393 ταιότης
724 3323 1129 3394 ματαιοτήτων,
1175 3322 1246 3376 τὰ
1293 3323 1472 3379 πάντα
1524 3326 1826 3396 ματαιότης
1847 3342 1867 3356 '
1894 3345 1914 3378 ι
1960 3327 2053 3380 καὶ

2159 3326 2395 3382 uitatum
2427 3335 2485 3382 et
2513 3327 2702 3382 omnia
2733 3327 2983 3392 vanitas;
3021 3343 3044 3378 ι
3077 3341 3144 3381 ac
3168 3325 3368 3382 deinde
3393 3342 3492 3384 ens
3517 3329 3748 3384 damm-

455 3416 772 3484 καταγνοὺς
803 3415 901 3468 καὶ
935 3413 1451 3486 καταμεμψάμενος
1491 3416 1599 3470 τῶν
1643 3417 1702 3470 ὲν
1740 3418 2053 3490 εὐφροσύνῃ

2158 3416 2237 3472 vit
2273 3427 2328 3472 et
2358 3417 2729 3488 reprehendit,
2773 3417 2871 3488 qui
2917 3416 3164 3472 animum
3212 3417 3282 3472 ad
3328 3419 3496 3476 vitam
3557 3421 3744 3478 laetitia

455 3508 560 3562 καὶ
587 3506 783 3574 γέλωτι
813 3505 912 3576 ζῇν
938 3504 1038 3576 τὴν
1074 3505 1214 3564 ἰδίαν
1250 3505 1522 3576 ἀφιέντων
1551 3508 1802 3580 καρδίαν,
1833 3510 1928 3564 καλ⁸
1954 3509 2052 3564 τοῦ

457 3597 951 3671 συναθροισθέντος
979 3596 1168 3661 αὐτοῖς
1189 3596 1423 3652 πλούτου
1451 3597 1523 3652 τὰ
1553 3599 1670 3670 είδη
1702 3598 1920 3664 καὶτὰς
1945 3601 2056 3655 ὀνο-

461 3690 668 3761 μασίας
700 3691 892 3756 εἰπὼν,
919 3691 1014 3744 καὶ
1037 3689 1396 3761 στηλιτεύσας
1429 3691 1524 3744 καὶ
1557 3689 1936 3762 θριαμϐεύσας
1959 3693 2054 3747 καὶ

453 3781 637 3836 ταῦτα
695 3781 876 3836 πάντα
925 3783 1270 3854 ματαιότητα
1311 3771 1549 3846 καλέσας
1597 3784 1694 3838 καὶ
1726 3784 2054 3855 προαίρεσιν

455 3873 802 3944 πνεύματος,
841 3874 934 3928 καὶ
983 3873 1073 3928 διὰ
1114 3873 1274 3926 τοῦτο
1305 3873 1508 3944 μᾶλλον
1545 3861 1809 3944 ὑπερθεὶς
1835 3874 1936 3946 τὴν
1970 3890 2056 3928 σο·

455 3965 594 4033 φίαν
623 3968 719 4036 τῆς
742 3965 1062 4039 ἀφροσύνης
1084 3966 1184 4021 οὐκ
1203 3967 1556 4036 ἀσυγκρίτως
1575 3961 1744 4020 οὖσαν
1765 3966 2053 4035 κρείττονα

456 4058 558 4112 καὶ
587 4058 828 4114 νικῶσαν
853 4059 1085 4130 ἔχουσαν
1113 4059 1294 4132 ψῆφον
1319 4059 1414 4113 ἐπὶ
1435 4061 1571 4114 πᾶσι
1596 4061 1710 4123 τοῖς
1736 4059 2054 4131 κρατίστοις

453 4149 663 4223 δηλαδὴ
719 4151 818 4205 atat
867 4151 1188 4223 βελτίστοις,
1229 4152 1362 4222 ὅσην
1399 4151 1514 4223 ἔχει
1553 4151 1614 4206 τὸ
1660 4151 1776 4222 φῶς
1815 4152 1953 4224 πρὸς
1991 4153 2054 4206 τὸ

458 4241 695 4305 σκότος’
754 4241 1052 4297 κάντεῦθεν
1104 4241 1204 4315 τὴν
1251 4242 1390 4297 ίδίαν
1437 4242 1667 4311 καρδίαν
1714 4241 2054 4313 ἐπιστρέψας

456 4335 602 4405 πρὸς
657 4333 730 4389 τὰ
779 4334 997 4406 βελτίω,
1050 4334 1148 4390 καὶ
1210 4334 1406 4398 πείσας
1463 4333 1866 4421 ἀποτάξασθαι.
1887 4333 2053 4421 παντὶ

459 4426 726 4501 μοχθηρῷ
761 4427 948 4500 μόχθῳ
979 4428 1074 4486 καὶ
1103 4425 1168 4501 τῇ
1203 4428 1356 4501 φιλίᾳ
1387 4427 1482 4482 τοῦ
1517 4429 1725 4501 κόσμου
1747 4445 1760 4458 ·
1796 4411 1892 4482 νίἷν
1934 4411 2048 4482 δια-

450 4517 727 4588 λαμϐάνει
775 4519 908 4590 περὶ
949 4520 1042 4574 τοῦ
1087 4521 1283 4593 χρόνου
1327 4519 1424 4576 τοῦ
1479 4518 1656 4574 ταῦτα
1692 4519 1870 4574 πάντα
1901 4536 2052 4589 περι-

451 4610 676 4680 έχοντος
720 4611 817 4667 καὶ
862 4612 1204 4683 συνέχοντος,
1242 4613 1337 4667 καί
1383 4631 1538 4682 φησι,
1582 4631 1600 4664 ι
1638 4611 1764 4675 Τοῖς
1810 4613 1976 4666 πᾶσιν
2022 4613 2050 4664 ὁ

449 4694 653 4776 χρόνος
693 4707 787 4760 καὶ
830 4707 1026 4778 καιρὸς
1067 4708 1146 4780 τῷ
1180 4709 1344 4764 παντὶ
1370 4709 1659 4780 πράγματι
1699 4707 1803 4762 ὑπὸ
1836 4706 1926 4761 τδν
1959 4708 2050 4760 ού-

453 4797 641 4865 ρανόν.
669 4817 688 4850 ι
1856 4860 1861 4864 .

540 4887 704 4944 Ἀλλὰ
731 4889 823 4944 τὸν
870 4891 968 4961 μὲν
1001 4891 1193 4962 χρόνον
1231 4888 1308 4956 ὡς
1343 4891 1712 4962 γενικώτατον
1760 4899 1854 4950 καὶ
1889 4907 2045 4968 περι-

449 4979 826 5036 εκτικώτατον
858 4982 956 5036 καὶ
989 4981 1102 5036 τῶν
1144 4982 1392 5052 φυσικῶν
1429 4983 1778 5056 πραγμάτων
1807 4985 1902 5038 καὶ
1933 4987 2045 5040 τῶν

448 5073 602 5128 κατὰ
627 5073 900 5144 σύμϐασιν
927 5060 1354 5146 συμπιπτόντων
1377 5091 1392 5106 ν
1422 5074 1518 5128 καὶ
1567 5074 1754 5145 μέντοι
1791 5077 1888 5132 καὶ
1934 5077 2046 5132 τῶν

451 5165 686 5237 καιρῶν,
709 5161 792 5232 οἷς
815 5166 910 5221 καὶ
933 5167 1011 5232 ῶς
1035 5165 1203 5221 εἴδεσι
1229 5164 1323 5220 τοῦ
1351 5165 1546 5239 χρόνου
1577 5165 1840 5240 δευτέραν
1867 5168 2042 5235 τάξιν,

451 5255 601 5311 κατὰ
626 5257 726 5329 τὴν
752 5257 904 5311 θέσιν
929 5256 1038 5312 τῶν
1059 5241 1344 5328 ὀνομάτων
1367 5255 1654 5328 ἀπένειμε,
1690 5255 1768 5326 τῷ
1801 5257 1946 5328 λόγῳ
1969 5257 2048 5310 δι-

455 5348 644 5402 έλαϐε.
677 5347 745 5402 Et
767 5365 820 5402 τι
847 5349 948 5418 μὲν
977 5348 1086 5420 γὰρ
1116 5346 1329 5420 καιρὸς,
1353 5331 1517 5402 τοῦτο
1545 5348 1640 5401 καὶ
1681 5347 1872 5419 χρόνος
1897 5362 1909 5375 θ
1943 5346 2052 5400 ῶσ-

455 5457 566 5512 περ
613 5440 670 5494 εί
709 5458 761 5494 τι
806 5440 906 5512 μὲν
935 5439 1244 5512 ἄνθρωπος,
1303 5440 1465 5496 τοῦτο
1511 5441 1606 5495 καὶ
1649 5440 1786 5506 ζῶον
1812 5457 1826 5474 ο
1871 5439 1973 5493 οὐκ
2003 5439 2059 5494 ετ

452 5549 512 5586 τι
559 5531 615 5584 δὲ
672 5532 887 5603 χρόνος,
933 5531 1094 5585 τοῦτο
1139 5533 1237 5587 καὶ
1281 5533 1507 5604 καιρόςο
1545 5531 1736 5602 ὥσπερ
1765 5531 1878 5584 οὐδ’
1916 5532 1969 5585 εί
1998 5549 2054 5586 τι

365 5672 372 5680 .
457 5624 620 5692 ζῶον,
664 5626 824 5678 τοῦτο
865 5625 959 5679 καὶ
992 5625 1301 5696 ἄνθρωπος.
1335 5625 1542 5699 Χρόνος
1575 5625 1674 5696 μὲν
1705 5625 1814 5696 γάρ
1844 5621 1962 5678 ἐστὶ
1995 5624 2054 5677 τὸ

534 5801 610 5866 (ὃ)
642 5799 853 5874 Olymp.
885 5800 991 5854 ὑπὸ
1027 5801 1118 5854 τὸν
1147 5801 1318 5873 ἥλιον.

786 5897 1056 5954 Parnm.
1107 5893 1223 5955 Gn.
1253 5894 1520 5955 XCVIII.

2155 3507 2387 3578 risuque
2439 3507 2742 3578 jucundam
2801 3509 3256 3578 transtulerunt;
3325 3510 3747 3584 designatisqtm

2157 3601 2517 3668 divitiarum,
2573 3616 2714 3672 quas
2770 3600 2850 3656 illi
2916 3616 3286 3674 congessere,
3342 3606 3636 3673 generibus
3677 3623 3744 3659 ac

2156 3694 2499 3764 nominibus,
2535 3709 2695 3750 suam
2723 3693 2930 3764 cuique
2958 3693 3038 3750 rei
3067 3703 3254 3750 notam
3295 3694 3520 3762 inussit,
3552 3703 3741 3770 quasi-

2153 3801 2263 3856 que
2295 3785 2646 3857 tri'umphans
2690 3784 2992 3840 vanitatem
3034 3785 3220 3841 omnia
3247 3793 3304 3842 et
3331 3788 3560 3858 spiritus
3600 3806 3742 3860 prae-

2155 3876 2534 3946 sumptionem
2584 3874 3214 3950 appellavitaidemque
3239 3877 3568 3946 sapientiam
3607 3895 3738 3950 pro-

2153 3977 2341 4038 pterea
2402 3967 2851 4040 magniﬁcentius
2905 3967 3138 4032 extulit,
3196 3982 3430 4038 eamque
3493 3970 3740 4026 stultitiae

2154 4050 2562 4131 quodammodo
2611 4067 2990 4130 comparatam
3043 4056 3207 4130 longe
3234 4059 3524 4124 excellere,
3575 4070 3742 4129 atque

2155 4150 2212 4205 in
2272 4151 2364 4218 iis,
2419 4164 2544 4221 quae
2596 4149 3025 4221 praeclarissima
3075 4157 3130 4204 et
3181 4148 3389 4219 optima
3443 4149 3740 4217 habentur,

2154 4241 2506 4299 lucis‘instar
2531 4257 2645 4314 prae
2673 4240 2915 4298 tenebris
2946 4239 3134 4296 omnia
3168 4251 3432 4310 superare
3457 4242 3700 4298 ostendit
3727 4266 3739 4298 :

2155 4349 2221 4390 ac
2269 4334 2510 4404 denique
2567 4334 2756 4388 animo
2810 4329 2880 4388 ad
2926 4329 3156 4388 meliora
3207 4341 3499 4396 cnnverso,
3549 4347 3743 4387 omnes

2154 4426 2406 4482 hortatus
2445 4434 2550 4492 est,
2582 4433 2645 4480 ut
2679 4424 2856 4481 labori
2887 4425 3090 4496 cuique
3131 4431 3468 4495 praepositero
3495 4433 3552 4482 et
3579 4439 3742 4482 mun-

2153 4519 2312 4574 dana:
2367 4517 2628 4574 amicitia:
2679 4517 3028 4583 renuntient;
3077 4518 3144 4571 de
3179 4523 3424 4586 tempore
3460 4513 3574 4588 jam
3625 4533 3738 4575 scr-

2155 4625 2378 4666 monem
2410 4609 2672 4674 instituit,
2713 4623 2826 4681 quo
2860 4607 2978 4664 haec
3021 4609 3209 4664 omnia
3240 4609 3524 4680 complexa
3563 4613 3742 4666 conti-

2154 4710 2380 4769 nentur,
2437 4707 2602 4772 atque
2653 4702 2732 4756 ait
2787 4719 2801 4756 :
2864 4717 2885 4752 ι
2923 4699 3194 4756 Omnibus
3240 4709 3458 4771 tempus
3513 4710 3632 4765 est,
3686 4713 3743 4755 et

2154 4795 2556 4866 tempestivitas
2585 4795 2736 4850 omni
2769 4795 2846 4850 rei
2879 4794 2983 4849 sub
3015 4794 3180 4850 cmlo;
3220 4813 3240 4846 ι

2225 4888 2339 4960 69
2361 4889 2431 4943 At
2457 4895 2676 4958 tempus
2705 4887 2778 4941 ita
2811 4887 2978 4942 verbo
3013 4885 3267 4940 distinxit
3293 4886 3454 4956 quasi
3487 4885 3562 4950 id,
3591 4889 3738 4956 quod

2152 4980 2456 5053 generatim
2506 4979 2726 5049 lateque
2775 4991 2866 5034 res
2909 4979 3104 5034 omnes
3127 4977 3576 5048 comprehendit,
3627 4987 3737 5033 tam

2153 5088 2250 5129 eas
2275 5088 2398 5144 quae
2443 5080 2637 5127 natura
2672 5070 2830 5139 ﬁunt,
2863 5085 3029 5147 quam
3071 5085 3168 5126 eas
3207 5080 3561 5140 qum-uentu
3607 5087 3741 5128 con-

2155 5165 2424 5236 tingunt:
2465 5168 2630 5234 atque
2667 5163 2808 5220 adeo
2857 5163 3007 5234 ipsas
3048 5161 3216 5218 etiam
3259 5162 3736 5232 tempestivitalcs.

2119 5255 2360 5332 _quibus
2413 5262 2490 5322 et,
2537 5261 2799 5324 tanquam
2857 5251 3051 5308 formis
3103 5243 3277 5322 ipsius
3325 5254 3624 5324 temporis,
3675 5264 3740 5307 ut

2152 5363 2216 5403 ex
2247 5348 2536 5407 nominum
2575 5343 2942 5403 collocatione
2972 5357 3220 5417 apparet,
3256 5345 3506 5402 ordinem
3540 5361 3740 5403 secun-

2156 5439 2286 5493 dum
2319 5439 2592 5494 attribuit.
2623 5439 2762 5493 Nam
2787 5439 2932 5509 quod
2963 5437 3364 5508 tempestivitas
3393 5438 3483 5500 sit,
3522 5449 3742 5508 tempus

2153 5533 2316 5586 etiam
2373 5541 2477 5596 est,
2532 5532 2998 5604 quemadmodum
3054 5531 3197 5600 quod
3251 5531 3436 5592 homo.
3491 5531 3632 5584 idem
3685 5543 3740 5584 et

2157 5623 2361 5678 animal
2397 5641 2408 5677 :
2453 5631 2506 5678 at
2541 5632 2649 5678 non
2678 5624 2826 5692 quod
2875 5624 2944 5678 sit
2990 5632 3074 5677 tesi
3103 5637 3224 5692 pus,
3264 5621 3404 5676 idem
3438 5629 3492 5676 et
3529 5629 3742 5692 tempe-

3332 5829 3600 5948 217
