4036 6388
445 331 546 397 ενι

1588 326 1651 388 S.
1683 325 2062 390 GREGORII
2099 325 2615 392 AGRIGENTINI

3609 333 3708 400 848

369 485 377 497 .
443 443 580 498 turi
610 439 841 510 jamque
885 434 1184 508 intelligas,
1238 403 1347 508 qui.
1384 435 1452 494 ad
1503 435 1801 510 imaginem
1847 439 1944 498 Dei
1977 449 2025 498 ct

2131 442 2267 496 Θεοῦ
2295 443 2390 498 καὶ⁹
2425 443 2689 514 ὁμοίωσιν
2723 441 2983 513 γεγονὼς,
3019 443 3114 499 καὶ
3147 443 3322 517 ψυχὴν
3365 444 3550 518 λαχὼν
3581 449 3711 502 αὐτο

443 532 866 594 similitudinem
917 529 1196 597 conditus,
1251 529 1500 586 animum
1555 532 1768 588 arbitrii
1804 547 2030 604 compo-

446 639 553 684 tem
603 635 804 682 nactus
838 639 939 691 es,
980 630 1250 694 quantum
1289 623 1508 679 auctori
1551 632 1650 680 tuo
1691 639 1793 696 pro
1841 625 2028 682 collati

444 719 670 776 honoris
699 717 955 789 portione
981 715 1183 772 debeas
1208 715 1536 786 obsequium
1567 731 1634 771 ac
1663 715 2024 774 famulatum!

441 811 578 867 Nam
611 811 658 866 si
686 809 875 866 omnia
910 824 1068 864 suam
1099 823 1131 862 a
1161 807 1462 864 Conditore
1495 808 1617 880 ipso
1648 812 2030 880 Opportunita-

440 914 551 961 tem
593 903 794 960 sortita
837 911 990 969 sunt,
1037 901 1231 972 quidni
1271 901 1489 958 tribuas
1520 911 1578 958 tu
1618 917 1841 974 quoque
1867 917 2028 974 sepa-

439 1005 621 1054 ratum
671 994 896 1065 aliquod
957 995 1222 1065 temporis
1267 994 1375 1066 72
1406 994 1758 1050 intervallum
1813 996 2026 1051 auctori

442 1098 558 1152 tuo,
597 1099 659 1144 ut
711 1088 980 1145 meditere
1031 1097 1086 1144 et
1131 1103 1398 1159 agnoscas
1439 1088 1616 1158 ipsum
1663 1104 1786 1145 esse
1833 1088 2026 1155 Deum,

385 1225 398 1238 .
440 1191 608 1251 atque
637 1179 778 1236 adeo
829 1187 892 1234 ut
943 1179 1228 1249 praeceptis
1275 1179 1396 1249 ejus
1427 1188 1619 1236 sancte
1665 1180 2026 1251 obtemperes,

439 1276 496 1322 et
535 1272 684 1322 recte
719 1266 880 1322 factis
928 1267 997 1323 ad
1040 1267 1305 1324 bonitatis
1341 1268 1464 1340 ejus
1508 1269 1832 1340 dignitatem
1869 1285 2030 1326 acce-

439 1359 758 1436 das?'cum
806 1368 856 1415 te
899 1367 1094 1416 contra
1143 1375 1359 1416 summa
1401 1363 1685 1419 temeritas
1725 1363 1938 1419 caneris
1973 1363 2027 1418 in

440 1451 610 1507 rebus
642 1460 698 1507 et
745 1467 776 1506 a
808 1459 1025 1506 naturae
1063 1452 1323 1522 operibus
1356 1453 1708 1510 aberrantem
1757 1463 1814 1510 et
1852 1469 1884 1510 a
1931 1469 2028 1510 vo-

438 1543 698 1600 luntariis
737 1543 1029 1600 hominum
1073 1544 1272 1602 studiis
1301 1553 1678 1603 transversum
1723 1557 1870 1618 agat.
1902 1547 2030 1606 Haec

441 1632 727 1701 nimirum,
775 1649 900 1704 qua:
951 1634 1096 1692 dicta
1142 1642 1292 1700 sunt,
1335 1635 1445 1692 nisi
1492 1638 1714 1708 sapiens
1755 1637 2030 1697 Ecclesia-

442 1733 557 1780 stes
596 1724 652 1779 in
686 1724 797 1780 illis
824 1725 1007 1782 verbis
1037 1735 1359 1796 spectasset,
1391 1726 1598 1785 frustra
1623 1730 1785 1800 plane
1812 1747 1879 1788 ac
1907 1733 2028 1790 sine

443 1829 612 1871 causa
671 1830 735 1871 ea
788 1817 1132 1886 protulisset,
1185 1833 1310 1889 quas
1355 1832 1550 1876 omnes
1605 1829 1832 1878 norunt.
1885 1823 2024 1879 Cum

441 1922 572 1962 vero
609 1915 664 1963 et
711 1909 895 1978 partui
937 1918 992 1965 et
1024 1913 1192 1965 morti
1232 1925 1392 1968 suam
1433 1927 1556 1969 esse
1584 1912 1778 1970 horam
1821 1916 2028 1971 consti-

437 2008 611 2056 tutam
644 2017 809 2058 ncmo
853 2002 1161 2061 viventium
1199 2003 1438 2077 ignoret,
1481 2007 1552 2062 ad
1581 2007 2022 2080 obiurgationem

435 2109 669 2163 eorum,
720 2095 817 2166 qui
869 2110 1092 2167 semper
1144 2095 1203 2152 in
1260 2097 1474 2169 peccati
1523 2100 1782 2158 sordibus
1825 2101 2026 2160 misere

435 2195 751 2252 versantur,
794 2187 1071 2259 ejusmodi
1107 2188 1272 2248 dictis
1300 2207 1436 2250 usus
1473 2199 1580 2250 est.

509 2277 838 2349 Quanquam
881 2279 1187 2350 elegantior
1233 2289 1426 2338 eorum
1477 2285 1772 2342 verborum
1823 2268 2024 2345 sensus

435 2377 494 2426 et
523 2371 754 2441 mystice
783 2381 1038 2442 sumptus
1061 2373 1185 2430 talis
1211 2383 1330 2430 est:
1363 2374 1786 2446 Tempestivitas
1811 2387 1896 2434 est
1923 2389 2024 2436 sua

404 2461 622 2533 .timori
687 2462 804 2531 Dei,
861 2473 1125 2534 tanquam
1173 2464 1231 2520 in
1294 2474 1473 2533 utero,
1525 2465 1580 2521 in
1615 2477 1798 2524 mente
1835 2469 2024 2526 conci-

433 2553 662 2624 piendo,
711 2554 1110 2625 pariendisque
1152 2564 1305 2612 recte
1342 2555 1508 2614 factis
1549 2558 1794 2616 divinam
1839 2560 2025 2616 chari-

437 2653 606 2702 tatem
628 2661 740 2721 pra:
755 2662 816 2702 se
837 2646 1179 2704 ferentibus:
1197 2648 1665 2720 quemadmodum
1701 2650 1872 2708 lsaias
1899 2667 2026 2724 pro-

433 2735 600 2804 pheta
629 2735 770 2791 dixit
809 2753 823 2792 :
872 2755 892 2790 ι
929 2735 1072 2803 Quia
1116 2737 1174 2792 in
1215 2745 1374 2794 utero
1413 2740 1772 2812 concepimus
1805 2751 1861 2798 et
1892 2759 2022 2814 par-

435 2827 738 2884 turivimus
770 2837 936 2900 atque
981 2829 1274 2900 genuimus
1303 2831 1559 2903 spiritum
1607 2833 1824 2902 salutis,
1857 2850 2022 2906 quem

424 2915 778 2994 ,geslavimus
823 2939 992 2994 super
1033 2933 1238 2980 terram
1263 2923 1415 3000 (ll);
1453 2944 1474 2979 ι
1513 2941 1579 2983 ac
1609 2927 1844 2983 subinde
1897 2945 2022 2984 cor-

422 3016 592 3086 poris
647 3017 988 3087 protervitati
1037 3025 1346 3089 opportune
1393 3019 1794 3088 interimendas,
1845 3036 2022 3076 mem-

435 3109 664 3204 brisque
695 3110 802 3176 bis,
837 3110 1048 3204 quibus
1083 3112 1411 3204 premimur,
1451 3112 1865 3204 perdomandis.
1911 3114 2030 3170 Sua
2053 3146 2096 3204 ο

437 3201 570 3258 item
605 3203 992 3273 opportunitas
1021 3211 1126 3270 est,
1168 3211 1231 3259 ut
1263 3203 1581 3274 quicunque
1611 3196 1742 3260 recti
1775 3204 2022 3262 bonesti-

435 3310 547 3366 quc
577 3295 762 3350 studio
789 3303 1028 3364 tenetur,
1060 3295 1220 3367 quasi
1261 3297 1316 3352 in
1347 3306 1525 3367 prato,
1559 3306 1709 3354 serat
1745 3298 1799 3352 in
1835 3299 2022 3358 animo

437 3402 542 3443 suo
577 3387 890 3458 plantarum
924 3387 1100 3442 instar
1130 3387 1424 3459 praeclaras
1454 3403 1704 3459 quasque
1731 3397 1788 3444 et
1815 3374 2022 3445 virtute

438 3489 766 3549 praestantes
817 3483 1065 3535 actiones
1102 3498 1116 3534 :
1151 3488 1204 3536 et
1254 3494 1356 3536 sua
1407 3479 1543 3535 item
1597 3481 2022 3552 tempestivitate

437 3579 868 3626 eonsentaneam
899 3571 986 3626 his
1012 3571 1254 3640 quietem
1286 3571 1551 3642 assignet,
1585 3586 1890 3642 earumque
1913 3572 2022 3628 vim

436 3674 491 3720 et
532 3675 797 3720 conatum
843 3664 1240 3720 convenienter
1287 3663 1604 3729 imminuat,
1644 3655 1804 3736 quasi
1851 3666 2022 3722 otium

436 3768 650 3813 natura:
695 3757 1010 3828 impertitus
1038 3775 1052 3812 :
1085 3771 1212 3814 cum
1259 3771 1422 3814 secus
1470 3757 1515 3813 si
1570 3759 1685 3825 llat,
1728 3758 1786 3813 in
1828 3758 2026 3816 volun-

437 3851 581 3906 taria
635 3851 754 3920 ipsa
814 3849 943 3904 boni
1003 3849 1346 3922 appetitione
1397 3850 1659 3906 humanas
1714 3851 1862 3909 vires
1930 3853 2024 3908 diu

441 3941 790 3996 contentioni
825 3956 988 4010 pares
1018 3955 1143 3997 esse
1183 3956 1292 3997 non
1338 3941 1574 4012 possint.
1617 3943 1702 3998 lta
1729 3957 1834 4000 nos
1873 3941 2024 4012 ejus-

435 4032 588 4088 modi
617 4031 782 4088 eﬂ‘ata
800 4033 1208 4088 consideranda
1229 4033 1575 4100 censuimus,
1596 4042 1656 4088 ut
1679 4041 1734 4087 et
1752 4034 2023 4090 naturalis

435 4123 572 4178 ordo
603 4131 660 4177 et
695 4121 928 4194 mystica
981 4124 1126 4178 ratio
1173 4122 1408 4178 ferebat.
1463 4121 1642 4189 Quam
1692 4123 2022 4193 interpreta-

435 4215 645 4270 tionem
679 4230 745 4272 ea
777 4229 1002 4286 quoque
1039 4213 1326 4286 adjuvant,
1375 4229 1498 4288 qua:
1536 4224 1887 4288 sequuntur;
1927 4217 2024 4274 ad-

435 4307 516 4363 dit
546 4293 719 4376 cnim,
750 4315 914 4380 atque
938 4307 1057 4364 ait:

2131 533 2398 600 εξούσιον,
2427 533 2623 607 ἡλίκην
2657 533 2892 605 ὀφείλεις
2927 524 3074 606 ἔχειν
3118 535 3260 589 κατά
3289 536 3384 607 τὴν
3421 536 3712 607 ἀναλογίαν

2129 626 2230 696 τῆς
2253 625 2550 698 δεδομένης
2581 609 2662 679 σοι
2687 626 2854 697 τιμῆς
2891 625 2992 698 τὴν
3031 625 3167 696 πρὸς
3190 624 3282 680 τὸν
3317 626 3446 681 [διον
3484 628 3712 700 ποιητὴν

2131 715 2414 786 ὑποταγὴν
2454 715 2552 768 καὶ
2593 714 2836 786 θητείαν.
2880 715 2946 770 Εἰ
2977 715 3088 786 γὰρ
3117 715 3297 769 πάντα
3319 715 3411 769 τὸν
3441 715 3574 770 [διον
3607 716 3714 788 ἔχει

2131 806 2349 880 καιρὸν,
2379 805 2440 863 ὃν
2471 807 2499 860 ό
2524 807 2872 878 Δημιουργδς
2893 807 3077 871 αὐτοῖς
3103 807 3528 879 ἀπεκλήρωσεν,
3555 809 3617 862 οὐ
3642 808 3716 863 δί-

2129 897 2238 962 δως
2285 899 2350 952 σὺ
2395 895 2474 967 τῷ
2523 899 2723 968 ποιητῇ
2768 897 2864 950 σού
2915 915 3039 952 τινα
3089 898 3282 968 καιρὸν
3334 899 3718 972 ἀφωρισμένον

2131 987 2270 1058 πρὸς
2318 985 2380 1040 τδ
2429 987 2689 1058 σχολάσαι
2732 988 2828 1041 καί
2873 987 3099 1058 γνῶναι,
3148 989 3231 1043 ὄτι
3267 988 3381 1044 ἔστι
3428 990 3586 1056 Θεὸς,
3628 994 3719 1046 καὶ

2131 1081 2275 1138 κατά
2325 1080 2388 1135 τδ
2431 1080 2726 1137 ἀκόλουθον
2775 1082 2875 1147 τάς
2925 1083 3147 1148 ἐντολὰς
3195 1070 3361 1138 αὐτοῦ
3407 1085 3715 1153 φυλάττειν,

2129 1173 2428 1229 κάντεῦθεν
2465 1172 2949 1244 προσοικειοῦσθαι
2996 1177 3062 1247 τῇ
3090 1175 3217 1248 δόξῃ
3254 1175 3356 1246 τῆς
3380 1177 3720 1249 ἀγαθότητος

2130 1263 2298 1320 αὑτοῦ
2323 1265 2414 1320 διὰ
2441 1260 2750 1320 σπουδαίων
2777 1265 3066 1339 πράξεων;
3093 1268 3228 1322 ἀλλά
3256 1268 3462 1340 χείρων
3493 1269 3589 1324 καὶ
3613 1269 3719 1323 τῶν

2131 1356 2378 1430 φυσικῶν
2418 1357 2710 1430 ἐνεργειῶν
2753 1360 2849 1412 καί
2889 1359 3001 1413 τῶν
3030 1360 3328 1430 γνωμικῶν
3357 1362 3719 1434 ἐπιτηδευμά-

2129 1467 2240 1506 των
2270 1451 2328 1504 έν
2357 1452 2472 1515 τοῖς
2503 1450 2685 1516 ἄλλοις
2713 1451 2946 1525 εὑρίσκῃ
2991 1451 3082 1507 διά
3107 1453 3308 1525 πολλὴν
3341 1453 3626 1510 ἀϐουλίαν.
3660 1454 3718 1508 Εἰ

2133 1543 2211 1616 μὴ
2235 1544 2344 1616 γὰρ
2367 1542 2698 1598 ἀποϐλέπων
2723 1541 2861 1615 πρὸς
2885 1544 2977 1599 τὸν
2997 1543 3243 1599 τοιοῦτον
3267 1544 3472 1599 σκοπὸν
3504 1547 3532 1598 ό
3563 1546 3717 1615 σοφὸς

2144 1636 2580 1710 Ἐκκλησιαστὴς
2618 1631 2742 1691 εἰπε
2786 1636 2855 1692 τά
2883 1636 3170 1708 εἰρημένα,
3214 1637 3394 1707 μάτην
3423 1637 3602 1690 ταῦτα
3630 1639 3718 1692 καὶ

2133 1730 2406 1804 περιττῶς
2435 1725 2611 1796 εἶπεν,
2641 1729 2782 1800 ὅπερ
2807 1728 3050 1793 ἅπαντες
3081 1730 3253 1784 ῐσασι.
3301 1730 3412 1784 Καὶ
3440 1729 3536 1783 τὸν
3563 1730 3714 1784 τόκον
3751 1760 3758 1766 -

2135 1823 2246 1892 γάρ
2305 1821 2400 1876 καὶ
2459 1821 2690 1876 θάνατον
2741 1821 2917 1885 οὐδεὶς
2961 1823 3148 1891 ἀγνοεί
3190 1821 3298 1875 τῶν
3335 1822 3718 1892 μετασχόντων

2132 1915 2226 1972 τοῦ
2255 1915 2396 1987 βίου,
2427 1913 2620 1986 καιρὸν
2641 1913 2773 1968 ῐδιον
2807 1913 2954 1985 ἔχειν
2973 1931 2986 1944 ·
3011 1913 3150 1970 ἀλλά
3179 1914 3318 1985 πρὸς
3351 1913 3582 1985 ἔλεγχον
3614 1914 3716 1968 τῶν

2131 2007 2221 2063 ἀεὶ
2256 2001 2345 2078 ’τῇ
2402 2005 2639 2078 δυσωδίᾳ
2709 2004 2815 2076 τῆς
2872 2005 3151 2078 ἁμαρτίας
3210 2004 3715 2076 ἐγκαλινδουμέεοιων

2130 2097 2355 2167 ἀθλίως,
2391 2098 2664 2170 ἐχρήσατο
2695 2100 2807 2163 τοῖς
2835 2097 3099 2164 τοιούτοις
3129 2100 3338 2170 ῥητοῖς.

2212 2279 2274 2334 Ὅ
2310 2278 2496 2352 μέντοι
2526 2277 2954 2352 γλαφυρώτερος
2999 2279 3125 2344 νοῦς
3168 2279 3264 2336 καὶ
3299 2279 3716 2351 λαμϐανόμενος

2129 2369 2493 2440 ἀναγωγικῶς
2537 2369 2646 2424 τῶν
2690 2369 3002 2442 εἰρημένων
3035 2369 3278 2434 τοιοῦτός
3307 2371 3429 2424 ἐστι
3453 2387 3468 2402 ο
3515 2370 3713 2440 Καιρός

2129 2463 2278 2517 ἔστιν
2317 2461 2450 2526 ῐδιος
2493 2460 2588 2516 τοῦ
2626 2459 2926 2516 ,συλλαϐεῖν
2977 2462 3036 2516 έν
3086 2462 3307 2534 γαστρὶ,
3357 2462 3602 2534 δηλονότι
3649 2465 3710 2533 τῇ

2129 2542 2318 2628 νοητῇ,
2347 2555 2511 2626 φόϐον
2537 2553 2698 2619 Θεοῦ,
2725 2553 2822 2610 καὶ
2851 2557 3030 2610 τεκεῖν
3057 2556 3288 2630 πράξεις
3318 2557 3545 2626 ἀγάπης
3570 2555 3714 2616 θείας

2133 2649 2498 2720 σημαντικὰς,
2563 2647 2750 2713 καθώς
2801 2665 2970 2720 φησιν
3024 2651 3054 2702 ὁ
3114 2651 3406 2721 προφήτης
3451 2649 3709 2712 Ἡσαΐαςο

2135 2757 2156 2792 ι
2184 2739 2309 2792 Ὀτι
2339 2740 2397 2792 ὲν
2431 2739 2634 2812 γαστρὶ
2657 2739 2930 2810 ἐλάϐομεν
2966 2741 3058 2794 καὶ
3084 2740 3433 2813 ὼδινήσαμεν
3475 2741 3568 2793 καί
3599 2739 3713 2794 ἐτέ-

2131 2849 2301 2903 κομεν
2357 2831 2578 2902 πνεῦμα
2627 2832 2927 2904 σωτηρίας,
2984 2831 3013 2886 δ
3074 2835 3394 2905 ὲκυήσαμεν
3458 2834 3554 2888 ἐπὶ
3617 2832 3708 2904 τῆς

2129 2923 2236 2996 γῆς
2259 2940 2274 2956 ⁸
2314 2941 2334 2975 ι
2369 2921 2665 2979 κάντεῦθεν
2691 2922 3002 2987 ἀκολούθως
3028 2924 3086 2976 ὲν
3119 2923 3236 2995 ἰδίῳ
3263 2922 3446 2996 καιρῷ
3476 2922 3711 2978 θανατῶ·

2132 3033 2222 3070 σαι
2253 3015 2314 3070 τὸ
2349 3015 2608 3087 φρόνημα
2641 3015 2744 3086 τῆς
2779 3015 3002 3087 σαρκὸς,
3035 3015 3132 3070 καὶ
3154 3015 3446 3088 ’νεκρῶσαι
3483 3017 3552 3070 τά
3582 3015 3710 3085 μέλη

2129 3107 2200 3162 τὰ
2229 3107 2322 3160 ἐπὶ
2349 3108 2446 3178 τῆς
2473 3107 2598 3177 γῆς.
2631 3106 2840 3178 Καιρός
2875 3107 3025 3160 ἐστιν
3053 3107 3184 3172 ἴδιος
3286 3111 3398 3173 πᾶς
3431 3109 3461 3162 ό
3491 3107 3710 3168 φιλόκαο

2131 3199 2220 3252 λον
2253 3197 2348 3252 καὶ
2379 3197 2676 3252 σπουδαίαν
2703 3197 2842 3269 ἔχων
2869 3188 3190 3271 προαίρεσιν
3227 3201 3457 3268 φυτεύει
3495 3199 3574 3270 τῷ
3606 3198 3703 3252 λει·

2133 3287 2273 3360 μῶνι
2304 3288 2402 3358 τῆς
2432 3287 2659 3359 καρδίας
2688 3287 2758 3342 τά
2779 3288 3100 3342 παντοδαπά
3132 3289 3278 3356 φυτὰ
3305 3290 3419 3344 τῶν
3447 3291 3570 3344 κατ’
3595 3287 3712 3360 ἁρε-

2127 3381 2229 3453 τὴν
2259 3379 2844 3453 παραλαμϐανομένων
2890 3382 3342 3452 κατορθωμάτων
3362 3398 3376 3414 °
3415 3383 3511 3437 καὶ
3559 3381 3711 3436 πάλιν

2129 3473 2188 3528 ὲν
2230 3473 2346 3545 ἰδίῳ
2385 3471 2565 3545 καιρῷ
2609 3473 2828 3546 τίθησιν
2876 3473 2965 3528 ἐπ’
2997 3475 3182 3538 αὐτοῖς
3235 3475 3336 3547 τὴν
3387 3473 3710 3546 κατάλληλον

2131 3564 2366 3632 παῦλαν,
2391 3565 2487 3620 καί
2509 3563 2608 3636 τὴν
2637 3564 2787 3632 σφῶν
2821 3565 3061 3620 sumet
3083 3566 3413 3638 προσφόρως
3442 3551 3711 3637 ἐνέργειαν

2131 3657 2229 3711 καὶ
2281 3655 2502 3729 πρᾶξιν,
2535 3656 2612 3720 ὡς
2649 3657 2960 3711 ἀνάπαυσιν
3007 3661 3072 3729 τῇ
3106 3657 3266 3727 φύσει
3308 3659 3510 3725 διδοὺς,
3545 3659 3630 3712 διὰ
3655 3657 3710 3709 τὸ

2137 3750 2403 3823 μηδαμῶς
2451 3749 2660 3821 ἰσχύειν
2713 3749 3073 3806 συντετάσθαι
3125 3753 3247 3816 ταῖς
3303 3752 3711 3826 προαιρετικαῖς

2134 3841 2271 3912 πρὸς
2321 3841 2385 3894 τδ
2437 3840 2642 3910 ἀγαθὸν
2689 3841 2912 3910 ἐφέσεσι
2974 3842 3069 3895 καί
3129 3841 3478 3913 βουλήσεσιν.
3533 3839 3709 3901 Ούτως

2131 3936 2295 4007 ἡμεῖς
2313 3933 2382 3988 τά
2399 3933 2648 4004 παρόντα
2671 3935 2812 4005 ρητά
2833 3933 3074 3988 νοεῖσθαι
3100 3934 3282 3999 καλῶς
3311 3935 3706 4004 ὑπειλήφαμεν,

2129 4027 2373 4100 δηλονότι
2423 4027 2520 4080 καὶ
2566 4025 2708 4080 κατά
2767 4026 3004 4096 φυσικὴν
3061 4027 3390 4086 ἀκολουθίαν
3439 4027 3532 4084 καὶ
3580 4022 3709 4078 κατά

2129 4120 2224 4174 τὸν
2278 4117 2576 4188 ἀναγωγῆς
2625 4115 2806 4186 λόγον.
2861 4119 3214 4189 Παρεμπεδοῖ
3267 4118 3325 4172 δὲ
3373 4117 3472 4191 τὴν
3522 4113 3708 4190 ήμετέ·

2134 4229 2232 4287 ραν
2293 4210 2518 4286 ἐκδοχὴν
2563 4209 2654 4264 διά
2703 4209 2812 4266 τῶν
2859 4210 3179 4284 ἑπομένων·
3215 4213 3419 4280 ἐπάγει
3471 4212 3576 4283 γὰρ
3622 4205 3706 4263 καί

2131 4323 2288 4382 φησί’

2033 4517 2170 4590 ςιιι.

511 4640 680 4698 Vens.
722 4640 815 4696 30.
861 4639 1264 4712 Tempestivitas
1312 4645 1606 4711 occidendi,
1651 4657 1702 4702 et
1753 4618 2013 4722 tempesti-

2195 4656 2416 4726 Καιρὸς
2472 4655 2581 4710 τοῦ
2640 4654 3012 4722 ἀποκτεῖναι,
3068 4653 3171 4709 καί
3228 4651 3439 4724 καιρὸς
3477 4647 3582 4704 τοῦ
3626 4643 3704 4700 ἰά-

433 4733 568 4787 tn'tas
597 4733 848 4790 sanandi.

505 4824 644 4882 Nam
685 4829 733 4885 si
778 4829 949 4885 alium
978 4829 1268 4888 occidendi
1307 4832 1459 4889 nulla
1495 4849 1740 4905 unquam
1767 4845 1852 4893 est
1883 4845 2023 4894 tem-

435 4910 746 4992 pestivitas,
783 4925 929 4994 quod
965 4925 1240 4982 actionem
1272 4926 1550 4998 ejusmodi
1583 4928 1732 4985 Deus
1759 4929 2018 4996 vetuerit,

431 5029 497 5068 ac
531 5013 796 5072 detestari
827 5017 1064 5090 quisque
1095 5027 1152 5073 et
1182 5019 1366 5076 odisse
1399 5021 1626 5088 debeat;
1678 5020 1851 5094 liquet
1875 5022 2016 5094 jam,

2131 4749 2405 4908 damas}:
2426 4834 2604 4900 οὐδεὶς
2637 4834 2828 4906 καιρὸς
2867 4833 3114 4905 πέφυκεν
3145 4834 3458 4906 ἐπιτήδειος
3485 4827 3618 4902 πρὸς
3649 4821 3704 4878 τδ

2127 4927 2452 4984 ἀποκτεῖναί
2475 4945 2620 4992 τινα,
2647 4927 2749 4998 τῆς
2776 4925 3036 4997 τοιαύτης
3060 4925 3314 4998 πράξεως
3338 4915 3702 4996 ἀπηγορευμέ-

2124 5037 2224 5092 νης
2251 5018 2460 5085 θεόθεν,
2485 5018 2580 5072 καὶ
2606 5020 2773 5073 πᾶσιν
2795 5019 3144 5082 ἀπευκταέας
3167 5017 3264 5072 καὶ
3301 5013 3591 5087 στυγητῆς,
3622 5005 3702 5061 εὖ·

433 5104 542 5176 73
573 5106 642 5162 ab
677 5108 798 5180 ipso
829 5109 1098 5189 sapiente.
1120 5108 1460 5168 Ecclesiaste
1497 5127 1690 5168 ansam
1733 5113 1828 5170 hic
1859 5113 2023 5172 nobis

2130 5111 2300 5184 Βηλον,
2329 5110 2406 5176 ὡς
2438 5109 2805 5180 ἀναγωγικῶς
2835 5109 3056 5164 δίδωσιν
3086 5111 3223 5181 ἡμῖν
3256 5109 3457 5164 ἐννοεῖν
3485 5106 3514 5157 ό
3541 5097 3700 5189 ,σοφὸς

434 5199 665 5268 praeberi
724 5201 1086 5274 mysticarum
1147 5206 1720 5274 commentationum,
1777 5221 1904 5264 cum
1966 5215 2024 5264 et

2131 5202 2568 5274 Ἐκκλησιαστὴς
2595 5203 2689 5257 τοῦ
2723 5203 3048 5258 ἀποκτεῖναι
3073 5202 3166 5256 τὸν
3197 5201 3410 5274 καιρὸν,
3439 5201 3497 5252 ὲν
3525 5187 3569 5262 ᾧ
3599 5190 3698 5250 πᾶς

432 5291 725 5348 occidendi
784 5295 1270 5365 tempestivitatem
1343 5312 1469 5354 esse
1543 5298 1677 5354 dicit
1725 5314 1744 5355 ι·
1791 5313 2024 5370 eamque

2130 5296 2148 5350 5
2179 5293 2279 5367 ζῇν
2311 5293 2511 5350 ἐθέλων
2547 5295 2960 5366 πνευματικῶς,
2997 5295 3068 5350 τά
3101 5293 3342 5368 σαρκικά
3385 5288 3695 5362 φρονήματα

431 5397 594 5448 esse,
640 5384 844 5473 inqua
883 5389 978 5458 qui
1026 5390 1194 5445 vitam
1245 5405 1410 5460 agere
1457 5391 1799 5463 spiritualent
1838 5393 2021 5464 cupit,

399 5472 694 5564 Iobscenis
747 5478 1145 5548 cupiditatibus
1189 5481 1490 5554 pravisque
1547 5483 1888 5554 voluptatum
1934 5481 2016 5538 ai-

2119 5389 2216 5443 καί.
2259 5389 2358 5453 τὰς
2392 5389 2712 5460 φιληδόνους
2743 5391 2842 5462 τῆς
2873 5389 3149 5462 ἁμαρτίας
3185 5387 3510 5446 ἀποκτείνας
3551 5375 3693 5446 κινή-

2125 5497 2264 5548 σεις,
2289 5481 2560 5553 λαμϐάνει
2589 5483 2902 5553 πρόσφορον
2951 5481 3146 5553 καιρὸν
3191 5478 3445 5536 ἰάσασθαι
3484 5472 3550 5528 τὰ
3575 5481 3692 5522 συν-

507 5695 623 5779 (Η)
652 5697 807 5779 lsaias
829 5666 980 5764 xxvi,
1011 5703 1098 5771 18,
1122 5702 1216 5760 sed
1245 5703 1390 5776 apud
1415 5701 1560 5760 LXX
1592 5703 1922 5776 legimus....
1946 5705 2025 5760 Σω

2130 5703 2232 5768 δίας
2263 5721 2380 5772 σου,
2398 5704 2425 5759 ὃ
2445 5704 2798 5779 ἐποιήσαμεν
2826 5703 2921 5758 ἐπὶ
2937 5701 3037 5778 τῆς
3068 5706 3190 5778 γῆς.
3218 5703 3407 5762 Latina
3428 5708 3552 5754 vero
3579 5701 3686 5746 ωτι·

428 5768 525 5842 gis
546 5769 712 5828 etiam
739 5771 1077 5842 discrepant.
