4036 6382
362 297 464 367 εει

1473 311 1515 374 s
1573 317 1950 382 GREGORII
1983 321 2496 408 AGnIGEN'rtNI

3530 320 3639 388 85!

368 425 551 473 minus
579 413 780 474 divinat
831 415 1148 490 respondet.
1188 435 1314 476 cum
1346 423 1478 478 illud
1537 428 1818 494 omnibus,
1861 430 1946 486 in-

2058 435 2149 490 ᾶτε
2176 435 2242 508 δὴ
2275 439 2410 492 πᾶσι
2462 438 2557 492 καὶ
2593 437 2709 502 τοῖς
2752 434 2992 508 ἀμαθέσι
3039 434 3457 506 διεγνωσμένον.
3500 430 3636 489 Εἶτά

367 508 544 566 doctis
576 521 819 582 quoque,
875 510 1140 568 adnotutn
1170 512 1257 569 sit.
1293 514 1382 570 Ait
1415 516 1612 575 deinde
1673 517 1948 577 Ecclesia-

363 611 512 658 8W!

2059 545 2223 600 φησιν
2251 532 2278 583 ὁ
2309 529 2748 602 Ἑκκλησιαστής
2775 545 2791 561 ο

1934 723 1961 796 5
2003 725 2062 779 ιτ.

435 819 604 884 Vens.
638 829 694 885 4.
737 814 1134 902 Tempeslivilas
1165 832 1352 904 ﬂendi,
1380 844 1429 890 et
1473 837 1848 905 tempestivitas
1876 839 1947 890 ri-

363 920 558 978 dendi:
594 925 973 994 tempestivitas
1003 925 1316 998 plangendi,
1343 937 1391 983 et
1433 930 1806 1000 tempestivitas
1837 929 1948 984 sul-

365 1013 540 1068 tandi.
625 1039 630 1043 -

433 1105 643 1162 Auctor
675 1108 921 1178 Optimus
951 1117 1006 1166 et
1033 1110 1221 1167 virtuti
1251 1111 1528 1169 tradendae
1554 1129 1791 1185 superna
1851 1123 1947 1168 be-

363 1197 630 1269 nignitate
654 1201 984 1270 praepositus
1011 1203 1336 1258 mortalibus
1371 1206 1642 1261 universis
1677 1217 1947 1278 praecepta

366 1287 481 1356 dat,
517 1304 586 1344 ne
618 1291 690 1345 ob
713 1306 777 1346 ea
809 1308 932 1364 qure
977 1295 1030 1347 in
1057 1294 1160 1350 hoc
1189 1296 1314 1350 vitae
1343 1311 1407 1351 ac
1438 1299 1950 1355 tentatiouumcur-

366 1379 545 1434 rieulo
601 1381 830 1436 adversa
866 1395 930 1436 ac
970 1385 1199 1438 molesta
1239 1386 1596 1456 contingunt,
1655 1403 1949 1445 maerorem

367 1485 612 1540 unquam
629 1473 1119 1544 aegritudinemque
1140 1476 1445 1547 suscipiant
1463 1495 1474 1531 :
1493 1493 1617 1533 cum
1635 1478 1766 1534 illud
1780 1483 1952 1550 probo

367 1562 640 1626 noverint,
676 1563 999 1634 praesentem
1038 1567 1202 1622 vitam
1235 1584 1298 1622 ex
1323 1571 1622 1628 contrariis
1667 1583 1946 1642 constare,

2128 837 2342 906 Καιρὸς
2375 837 2481 892 τοῦ
2509 837 2800 905 κλαῦσαι,
2825 835 2926 891 καί
2961 833 3167 907 semper;
3201 835 3308 889 τοῦ
3340 834 3598 907 residuae
3619 853 3634 870 ·

2055 895 2260 998 scalpe;
2317 895 2428 983 τοῦ
2481 895 2825 999 κόψασθαιν,
2876 926 2976 982 καί
3037 895 3244 995 ρὲιὶιρὸς
3298 895 3406 981 τὸὖ
3454 925 3638 998 ὀρχή-

2055 1021 2301 1073 σασθαι.

2127 1109 2439 1180 Κράτιστος
2478 1109 2776 1182 εἰσηγητὴς
2822 1110 3236 1184 προχειρισθεὶς
3292 1110 3395 1182 τῆς
3431 1110 3636 1182 ἀρετῆς

2058 1197 2162 1252 ὑπὸ
2204 1199 2305 1269 τῆς
2355 1199 2566 1254 ἄνωθεν
2610 1199 2854 1270 χάριτος,
2879 1201 3005 1264 τοὺς
3066 1201 3172 1256 ἀνὰ
3223 1200 3323 1272 τὴν
3367 1200 3458 1270 ὑφ’
3487 1199 3638 1271 ἥλιον

2054 1289 2265 1354 πάντας
2317 1289 2556 1346 διδάσκει
2611 1290 2884 1361 μηδαμῶς
2930 1291 3252 1347 ἀποκναίειν
3308 1293 3402 1346 καὶ
3443 1291 3638 1362 δυσχε-

2057 1381 2265 1453 ραίνειν
2297 1383 2356 1436 ἐν
2395 1385 2510 1446 τοῖς
2539 1381 2904 1454 συμϐαίνουσι
2933 1383 3205 1456 λυπηροῖς
3231 1385 3311 1448 εἰς
3355 1383 3420 1436 τὸ
3452 1382 3638 1453 βιωτι-

2055 1474 2151 1528 κὸν
2179 1473 2340 1528 ’τοῦτο
2371 1476 2470 1540 τῆς
2501 1475 2647 1546 ζωῆς
2676 1477 2708 1546 ἡ
2720 1475 2836 1547 μῶν
2873 1478 3236 1549 πειρατήριον
3265 1491 3278 1505 ·
3321 1475 3419 1530 ἅτε
3454 1474 3519 1546 δὴ
3542 1491 3639 1528 σα-

2056 1565 2175 1638 φῶς
2209 1567 2616 1638 ἐπισταμένους
2639 1568 2710 1632 ὡς
2743 1571 2808 1621 ἐκ
2838 1568 2948 1621 τῶν
2975 1569 3237 1623 ἐναντίων
3265 1567 3386 1640 ἔχει
3420 1568 3519 1640 τὴν
3543 1568 3640 1622 σύ-

366 1654 420 1709 id
446 1667 553 1720 e81,
577 1671 643 1712 ex
687 1658 754 1712 iis
806 1673 929 1728 qua:
967 1659 1270 1714 humanum
1327 1660 1574 1716 animum
1615 1671 1825 1734 angunt
1884 1679 1951 1720 ac

2058 1677 2248 1716 στασιν
2275 1663 2302 1715 ὁ
2329 1661 2519 1732 παρὼν
2553 1659 2666 1729 βίος
2687 1677 2700 1692 ⁸
2736 1661 2984 1730 δηλονότι
3026 1661 3136 1715 τῶν
3189 1662 3504 1732 ἀλγούντων
3545 1661 3640 1716 καὶ

287 1822 300 1837 δ
367 1750 638 1813 cruciant,
681 1758 743 1804 ut
768 1749 896 1806 ﬂere
963 1751 1154 1821 perdiu
1193 1761 1248 1807 et
1296 1753 1406 1808 vim
1455 1753 1824 1828 l'acrymarum
1884 1771 1952 1812 ex

365 1840 547 1894 oculis
578 1849 840 1911 tanquam
877 1857 940 1896 ex
979 1841 1223 1898 fontibus
1249 1845 1507 1902 emittere
1552 1862 1860 1918 cogamur;
1899 1858 1954 1906 et

368 1945 440 1984 ex
494 1931 562 1988 iis
616 1947 742 2002 quas
799 1933 1112 1989 exhilarant
1167 1951 1234 1990 ac
1291 1936 1510 1993 lauandi
1565 1940 1952 2013 gaudendique

337 2033 690 2093 argumenta
721 2022 992 2093 praebent.
1023 2022 1159 2078 Nam
1189 2025 1303 2094 hoc;
1337 2027 1542 2084 diserte
1597 2030 1949 2101 signiﬁcavit,

367 2133 494 2174 cum
523 2115 665 2174 dixit
692 2135 706 2172 :
739 2136 758 2170 ι
789 2109 1213 2188 Τεηιροειίνῖιοέ
1242 2119 1482 2176 ridendi.
1522 2142 1542 2176 ›
1577 2121 1644 2177 Et
1702 2133 1944 2195 oportet,

362 2223 514 2274 cum,
541 2209 636 2278 qui
665 2207 834 2264 vitam
863 2224 1020 2264 suam
1053 2209 1356 2280 prudenter
1386 2212 1726 2278 moderatur,
1773 2231 1954 2286 neque

367 2301 424 2356 in
472 2301 584 2357 illis
613 2301 910 2370 desperare
941 2302 1337 2358 consolationis
1369 2302 1535 2371 diem,
1563 2320 1742 2376 neque
1774 2307 1829 2361 in
1867 2307 1954 2362 his

365 2388 506 2446 adeo
566 2381 772 2447 eﬂ‘u‘ndi
825 2405 891 2448 ac
955 2393 1158 2448 laetitiae
1216 2393 1496 2466 voluptate
1549 2395 1752 2464 eﬂ‘erri,
1788 2399 1949 2469 quasi

364 2481 508 2536 nihil
533 2481 647 2552 jam
677 2484 833 2539 triste
858 2485 1080 2540 evenire
1137 2487 1334 2556 possit.
1387 2483 1619 2543 Paratas
1675 2489 1859 2559 potius
1895 2490 1950 2545 in

363 2584 666 2646 utrumque
709 2591 808 2632 nos
843 2591 967 2634 esse
1011 2577 1287 2645 convenit,
1345 2587 1507 2651 atque
1573 2581 1647 2636 ita
1709 2583 1955 2654 cogitare

364 2669 664 2739 animoque
685 2671 1023 2740 perpendere
1053 2679 1366 2741 temporum
1402 2673 1572 2741 vices,
1617 2684 1676 2730 ut
1703 2685 1828 2745 post
1855 2677 1953 2730 tri-

363 2762 530 2816 stium
556 2771 612 2816 et
635 2761 994 2818 molestarum
1021 2777 1202 2817 rerum
1246 2762 1353 2833 75
1386 2773 1620 2821 eventus
1644 2765 1765 2822 laeta
1791 2781 1950 2837 pra!-

365 2855 662 2920 stolemur,
694 2855 976 2926 iidemque
1006 2865 1126 2926 post
1156 2855 1336 2913 fausta
1370 2858 1799 2928 atquejucunda
1847 2874 1951 2929 op-

2053 1753 2364 1808 κατώδυνον
2385 1754 2685 1809 ποιούντων
2717 1755 2816 1826 τὴν
2865 1755 3222 1828 ἀνθρωπίνην
3277 1753 3530 1827 καρδίαν,
3564 1755 3639 1818 ὡς

2053 1845 2114 1910 ἐξ
2144 1846 2391 1917 ᾀνάγκης
2423 1846 2519 1901 καλ⁵
2558 1845 2702 1900 κατὰ
2726 1845 2788 1899 τὸ
2828 1846 3124 1901 ἀκόλουθον
3174 1845 3387 1899 κλαίειν
3419 1846 3514 1898 καὶ
3543 1845 3638 1898 δα-

2053 1939 2239 2011 κρύων
2287 1937 2419 2011 ῥοὰς
2456 1937 2736 2010 πηγάξειν
2783 1937 2893 1992 ἀπὸ
2945 1938 3054 1991 τῶν
3097 1936 3435 2008 ὀφθαλμῶνι
3468 1935 3534 1989 ἐκ
3579 1951 3638 1990 τε

2053 2029 2164 2082 τῶν
2185 2027 2591 2100 εὑφραινὸντων
2649 2027 2746 2080 καὶ
2770 2025 3070 2096 γὰννυσθαι
3107 2025 3638 2100 παρασκευαζόντων

2056 2121 2150 2174 καὶ
2180 2119 2414 2192 χαίρειν.
2457 2117 2634 2172 Τοῦτο
2666 2119 2776 2190 γὰρ
2829 2118 3077 2189 ἔσήμανε
3115 2117 3402 2188 προδήλως
3429 2115 3518 2170 διὰ
3543 2114 3636 2171 τοῦ

2056 2211 2246 2280 φάναι,
2283 2228 2302 2260 ι
2343 2209 2547 2280 Καιρδς
2597 2206 2695 2262 τοῦ
2722 2208 2972 2278 γελάσαι.
3009 2226 3026 2260 ι
3054 2207 3165 2260 Καὶ
3195 2206 3301 2279 χρὴ
3329 2207 3420 2260 τὸν
3450 2206 3638 2278 φρονίο
3680 2281 3686 2289 η

2059 2321 2176 2376 μως
2205 2301 2512 2357 διῖθύνοντα
2562 2301 2663 2371 τὴν
2699 2299 2838 2354 ίδίαν
2884 2297 3053 2370 ζωὴν,
3102 2297 3244 2369 μήτε
3295 2296 3385 2350 ἐπ’
3412 2295 3640 2360 ὲκείνοις

2054 2391 2374 2456 ἀπελπίζειν
2402 2389 2595 2461 καιρὸν
2631 2389 3056 2460 παρακλήσεως,
3107 2385 3234 2457 μήτ’
3255 2386 3370 2438 ’ἐπὶ
3427 2385 3640 2448 τούτοις

2053 2482 2408 2556 διακεχύσθαι
2454 2479 2708 2536 τοσοῦτον
2757 2481 2814 2533 ὲν
2845 2481 2960 2544 τοῖς
3001 2478 3389 2550 εὐφραίνουσι,
3421 2475 3520 2532 καὶ
3545 2477 3642 2530 δα-

2053 2573 2225 2645 ψιλῶς
2265 2571 2740 2644 κατεμφορεῖσθαι
2801 2569 2906 2641 τῆς
2967 2569 3260 2642 θυμηδίας,
3311 2567 3386 2632 ὡς
3443 2569 3641 2639 ἥκιστα

2055 2665 2489 2739 συμϐησομένων
2514 2665 2622 2719 τῶν
2651 2662 2912 2736 λυπηρῶν
2933 2679 2948 2695 ·
2982 2661 3121 2716 ἀλλὰ
3149 2661 3445 2732 σωφρόνως
3473 2675 3648 2731 προσ-

2057 2759 2232 2813 ίεσθαι
2280 2759 2376 2812 καὶ
2431 2756 2640 2810 τούτων
2705 2755 2978 2809 κάκείνων
3045 2753 3145 2826 τὴν
3197 2752 3512 2825 σύμϐασιν,
3558 2753 3642 2805 ὲν-

2054 2849 2310 2912 νοοῦντας
2361 2846 2458 2901 καὶ
2497 2845 2996 2916 διενθυμουμένους
3044 2845 3144 2918 τὴν
3182 2843 3322 2916 πρὸς
3378 2843 3643 2916 ἀλλήλους

364 2947 674 3018 positorum
709 2947 936 3018 illapsus
961 2949 1381 3018 prospiciamus.
1417 2949 1531 3004 Hac
1558 2951 1706 3006 enim
1736 2951 1950 3006 ratione

2058 2939 2363 3012 μεταϐολὴν
2393 2937 2504 2992 τῶν
2533 2935 2742 3008 καιρῶν
2761 2977 2775 3002 ,
2810 2937 2906 2991 καὶ
2928 2934 3394 3007 ’καραδοκοῦντας
3437 2935 3506 2988 τὰ
3551 2951 3643 2988 κε-

365 3039 460 3110 qui
493 3054 552 3094 se
582 3039 902 3095 instruxerit
929 3055 992 3096 ac
1013 3041 1764 3110 praeparaverit,vitamillum
1791 3057 1950 3098 suam

369 3129 648 3198 sapienter
695 3128 1106 3200 prudenterque
1155 3129 1446 3186 traducere
1490 3131 1896 3201 comperientus
1935 3149 1950 3186 :

366 3226 431 3274 ut
481 3235 658 3289 neque
692 3219 746 3272 in
777 3219 916 3275 laetis
941 3219 1310 3291 jucundisque
1364 3221 1604 3276 exsultet
1661 3223 1950 3290 audacius,

367 3319 538 3382 atque
563 3313 631 3366 ad
661 3312 950 3366 inhonesta
987 3320 1380 3380 convertatur;
1409 3328 1589 3383 neque
1619 3314 1673 3369 in
1702 3314 1955 3370 adversis

369 3417 436 3458 ac
458 3402 710 3462 tristibus
741 3403 900 3474 plane
927 3403 1172 3458 animum
1201 3405 1446 3476 abjiciat,
1477 3412 1532 3460 et
1559 3405 1627 3459 ad
1658 3404 1952 3462 indecoras

367 3491 747 3564 querimonias
779 3492 1095 3548 descendat:

2057 3031 2304 3106 χαρμένα
2333 3029 2475 3102 μετὰ
2501 3028 2600 3101 τὴν
2633 3027 2912 3099 σύμϐασιν
2944 3028 3056 3082 τῶν
3101 3027 3382 3082 ἀνιώντων
3403 3028 3499 3081 καὶ
3529 3025 3644 3080 θλι-

2057 3125 2295 3180 ϐόντων*
2343 3125 2440 3178 καὶ
2471 3121 2635 3178 πάλιν
2659 3123 2724 3178 ἐκ
2755 3121 2867 3176 τῶν
2897 3120 3305 3194 εὖφραινόντων
3344 3121 3440 3173 καὶ
3489 3119 3628 3190 θυμ-

2057 3217 2218 3290 ηδίας
2255 3214 2581 3287 ποιητικῶν,
2607 3214 2708 3286 τὴν
2738 3213 2849 3268 τῶν
2871 3213 3268 3284 ἀντικειμένων
3297 3211 3640 3284 σύμπτωσιν.

2058 3309 2122 3362 Εί
2149 3307 2256 3379 γὰρ
2282 3305 2511 3360 τοιῶσδε
2537 3304 2848 3360 διακεῖσθαί
2873 3321 2960 3369 τις
2997 3302 3292 3372 ἄνθρωπος
3327 3301 3641 3374 βουληθείη,

2063 3399 2200 3471 μετὰ
2230 3399 2502 3462 συνέσεως
2532 3399 2626 3453 καὶ
2649 3398 2966 3470 φρονήσεως
3001 3394 3362 3468 εὑρεθήσεται
3381 3393 3482 3464 την
3508 3392 3644 3446 ἰδίαν

2059 3489 2313 3564 διῖθύνων
2364 3487 2705 3562 ζωὴν,ούτε
2757 3493 2871 3553 τοῖς
2927 3489 3283 3562 εὐφραίνουσι
3342 3487 3438 3541 καὶ
3483 3501 3648 3557 χαροο

258 4192 261 4194 .
370 4139 612 4196 ﬂendum
645 4141 736 4196 hic
761 4155 886 4196 esse
908 4156 973 4208 ac
1011 4139 1344 4210 plorandum
1406 4143 1841 4214 ululandumque
1877 4143 1946 4199 iis

369 3586 551 3647 ποιοῖς
596 3584 1070 3655 ὑπεραιρόμενος,
1107 3585 1204 3640 καὶ
1243 3585 1382 3658 πρὸς
1425 3586 1463 3642 θ,
1496 3587 1572 3657 μὴ
1612 3585 1773 3658 θέμις
1811 3584 2355 3658 παρεκτρεπὸμενος,
2413 3583 2537 3636 οὔτε
2600 3585 2712 3645 τοῖς
2765 3580 3011 3636 ἀδικοῦσι
3069 3579 3166 3635 καὶ
3195 3580 3472 3634 θλίϐουσιν
3489 3579 3648 3644 ἀγεν-

367 3675 478 3740 νῶς
503 3674 936 3746 ταπεινούμενος
965 3678 1061 3731 καὶ
1099 3679 1236 3750 πρὸς
1281 3680 1554 3751 ἀπρεπεῖς
1597 3679 1953 3751 ἐξελκόμενος
1986 3680 2205 3748 λόγους.
2605 3703 2612 3710 -

443 3765 559 3824 Hoc
590 3769 758 3838 igitur
781 3760 1054 3840 praecipue
1082 3779 1281 3838 natura
1309 3787 1494 3827 rerum
1526 3774 1806 3841 suspicari
1860 3789 1952 3828 nos

2139 3769 2312 3822 Τοῦτο
2342 3769 2444 3840 μὲν
2467 3763 2561 3822 οὖν
2608 3766 3038 3839 προηγουμένως
3093 3767 3242 3839 ἡμᾶς
3287 3765 3644 3836 ὑπειληφέναι

371 3861 519 3932 cogit
561 3881 576 3917 :
611 3861 869 3931 deinceps
907 3877 1038 3917 vero
1063 3864 1378 3932 persuadet,
1407 3872 1470 3918 ut
1498 3865 1564 3920 ad
1628 3865 1952 3934 interpreta-

2069 3863 2484 3932 καταναγκάζει
2523 3861 2632 3915 τῶν
2685 3859 3030 3932 πραγμάτων
3057 3861 3090 3930 ἡ
3123 3859 3285 3929 φύσις
3311 3876 3324 3891 ·
3357 3859 3554 3914 ἔπειτα
3590 3858 3647 3913 δι

371 3955 578 4012 tionem
629 3955 800 4008 etiam
820 3953 994 4024 magis
1029 3955 1376 4025 spiritualem
1400 3963 1769 4014 transeamus.
1821 3956 1952 4012 Nam

2069 3955 2164 4010 καὶ
2203 3953 2890 4026 πρὸςπνευματικωτέραν
2917 3953 3146 4026 ἐκδοχὴν
3186 3954 3279 4008 τὸν
3309 3953 3469 4022 λόγον
3521 3967 3648 4024 μετο

370 4063 512 4112 quos
541 4048 632 4104 hic
653 4048 927 4112 ducimus,
956 4047 1074 4103 dies
1129 4061 1255 4103 esse
1317 4049 1502 4106 luctus
1547 4051 1722 4119 dicit;
1773 4051 1952 4121 itaque

2068 4049 2302 4116 αγαγεῖν
2342 4047 2670 4116 εἰσηγεῖται.
2691 4045 2901 4118 Καιρὸν
2931 4045 3040 4116 γὰρ
3081 4040 3228 4100 εῖναι
3251 4043 3536 4116 κλαυθμοῦ
3559 4045 3648 4098 τὸν

2063 4136 2163 4208 τῆς
2192 4135 2432 4192 ἐνταῦθα
2465 4137 2762 4208 παροικίας
2806 4137 2962 4208 φησὶ,
2991 4137 3087 4191 καὶ
3139 4137 3248 4209 χρὴ
3299 4137 3513 4192 κλαίειν
3555 4138 3647 4190 καὶ

2059 4225 2532 4298 κατολοφύρεσθαι
2588 4227 2687 4280 καὶ
2721 4225 3116 4290 κατολολύζειν
3149 4229 3207 4280 ὲν
3255 4222 3424 4280 παντὶ
3472 4225 3648 4298 καιρῷ

373 4336 485 4392 quo
511 4322 564 4374 in
602 4321 787 4375 ruitura
817 4319 953 4384 vita,
1021 4335 1144 4375 cum
1186 4323 1410 4392 praemia
1437 4337 1628 4378 eorum
1678 4337 1803 4394 quae
1839 4337 1952 4393 ges-

2058 4319 2190 4380 τοὺς
2223 4315 2307 4369 ἔτι
2363 4317 2422 4370 ἐν
2443 4315 2524 4386 τῷ
2549 4315 2704 4386 τόπῳ
2730 4314 2826 4388 τοῦ
2850 4313 3212 4384 κλαυθμῶνος
3259 4311 3606 4386 ὑπάρχοντας
3630 4329 3644 4342 ·

327 4468 338 4476 ,
373 4415 572 4477 serint,
603 4412 766 4467 laturi
797 4421 948 4477 sunt,
987 4411 1168 4468 ridere
1196 4423 1404 4468 aeterno
1448 4414 1704 4482 possint;
1766 4429 1952 4484 quein-

2061 4406 2149 4461 ἵνα
2175 4405 2316 4462 κατὰ
2345 4405 2444 4477 τὴν
2479 4405 2785 4476 μέλλουσαν
2812 4402 2961 4475 ζωὴν
2986 4406 3047 4458 ὲν
3089 4402 3172 4475 τῷ
3204 4401 3384 4476 καιρῷ
3409 4403 3514 4475 τῆς
3545 4403 3648 4456 τῶν

372 4505 673 4562 admodum
697 4503 812 4560 veri
839 4511 1038 4558 auctor
1059 4503 1316 4560 Christus
1347 4513 1402 4559 et
1451 4503 1598 4560 Deus
1658 4513 1846 4561 noster
1903 4505 1952 4560 in

2061 4492 2416 4566 βεϐιωμένων
2459 4493 2874 4558 ἀνταποδόσεως
2923 4494 3160 4558 αἰωνίως
3201 4495 3520 4564 γελάσωσι·
3555 4511 3648 4548 κα·

373 4595 688 4667 Evangeliis
716 4595 976 4662 ostendit,
1028 4609 1153 4649 cum
1212 4595 1324 4649 ait:
1386 4613 1406 4646 ι
1447 4593 1598 4650 Beati
1655 4596 1751 4664 qui
1810 4610 1952 4651 nunc

2065 4586 2174 4651 θὼς
2199 4587 2228 4640 ὀ
2275 4587 2626 4660 ταυταληθὴς
2659 4585 2896 4658 Χριστὸς
2947 4586 3046 4640 καὶ
3090 4585 3222 4650 Θεὸς
3259 4586 3420 4656 ἡμῶν
3445 4587 3649 4654 ἀπεφὴ-

372 4231 654 4296 omnibus,
693 4232 788 4302 qui
831 4232 886 4286 in
925 4229 1086 4288 ﬂetus
1110 4231 1234 4287 loco
1260 4235 1568 4288 etiamnum
1621 4246 1954 4290 versantur:

371 4689 615 4760 plorant,
663 4688 794 4760 quia
847 4687 1107 4744 ridebunt
1154 4687 1314 4760 (l5);
1374 4709 1392 4742 ο
1463 4699 1519 4745 et
1563 4708 1575 4742 :
1633 4707 1652 4742 ι
1689 4688 1838 4745 Beati
1865 4689 1952 4760 qui

2067 4693 2198 4733 νατο
2237 4679 2465 4750 φάσκων
2508 4679 2569 4734 ὲν
2630 4679 2747 4742 τοῖς
2797 4677 3190 4748 Εὑαγγελίοις,
3222 4696 3241 4729 ι
3277 4677 3562 4748 Μακάριοι
3603 4676 3650 4728 οἱ
3752 4725 3766 4733 .

375 4786 584 4852 lugent,
615 4779 875 4850 quoniam
915 4778 1021 4849 ipsi
1051 4779 1486 4835 consolabuntur
1521 4779 1588 4812 ‘7'
1619 4797 1635 4846 ;
1677 4799 1696 4832 ι
1733 4788 1790 4836 et
1837 4794 1952 4836 rur-

2066 4768 2350 4834 κλαίοντες
2379 4769 2494 4836 νῦν,
2517 4771 2602 4824 ὅτι
2631 4771 2956 4839 γελάσονται
2978 4785 2992 4803 ο
3033 4788 3054 4822 ι
3093 4769 3212 4835 καὶ,
3243 4789 3263 4822 ι
3291 4769 3574 4840 Μακάριοι
3599 4770 3645 4822 οί

374 4889 511 4930 sus:
553 4892 572 4926 ι
620 4871 867 4929 Gaudete
897 4881 952 4927 et
999 4873 1276 4928 exsultate
1309 4873 1575 4942 quoniam
1603 4885 1816 4928 merces
1869 4885 1952 4926 ve-

2069 4860 2416 4927 πενθοῦντες,
2439 4861 2530 4915 ὅτι
2555 4861 2712 4915 αὑτοὶ
2763 4859 3288 4932 παρακληθήσονται
3311 4873 3326 4889 ⁸
3368 4879 3388 4912 ι
3425 4859 3522 4914 καὶ
3547 4859 3645 4913 πά-

373 4974 488 5023 stra
510 4965 733 5038 copiosa
765 4965 933 5042 estin
962 4965 1122 5022 ewlis
1156 4963 1220 5019 ⁸⁸.
1263 4984 1282 5018 ι

446 5121 708 5180 Fortasse
731 5137 862 5180 vero
891 5131 945 5178 et
969 5123 1078 5178 alio
1109 5136 1272 5178 sensu
1312 5121 1486 5191 accipi
1543 5137 1608 5176 ea
1665 5121 1831 5178 verba
1860 5134 1960 5190 par

376 5215 474 5271 sit.
529 5214 668 5272 Nam
700 5231 854 5294 _cum
915 5217 1092 5272 virtus
1153 5227 1386 5285 quaeque
1447 5215 1505 5268 in
1536 5214 1734 5270 'medio
1806 5222 1961 5279 stet,

377 5321 445 5364 ac
473 5309 784 5378 proximum
841 5307 944 5364 sibi
991 5319 1280 5364 excessum
1347 5321 1502 5374 atque
1559 5321 1622 5362 ac
1683 5303 1958 5362 defectum

377 5397 578 5466 evitet;
625 5399 784 5454 multi
836 5415 970 5455 vero
1022 5409 1077 5454 et
1117 5399 1171 5453 in
1230 5399 1534 5470 ploratibus
1593 5407 1647 5452 et
1699 5399 1754 5453 in
1827 5398 1960 5454 lieti-

376 5487 456 5544 tia
509 5489 821 5560 gaudii)un
881 5489 1107 5545 modum
1183 5499 1512 5546 transeant:
1572 5487 1764 5561 quidni
1843 5499 1960 5551 eos,

455 5575 526 5656 ’τέ
567 5576 763 5632 Matth.
802 5594 858 5647 ν,
895 5578 950 5636 5.
1024 5577 1073 5612 "
1115 5578 1252 5634 ibid.
1287 5579 1376 5634 12.

2067 4952 2173 5017 λιν,
2215 4972 2233 5004 ι
2269 4951 2508 5025 Χαίρετε
2537 4953 2632 5008 καὶ
2668 4951 3024 5019 ἀγαλλιᾶσθε,
3055 4951 3138 5007 ὅτι
3185 4953 3214 5006 ὁ
3248 4951 3442 5024 μισθὸς
3497 4949 3648 5021 ὑμῶν

2077 5043 2242 5108 πολὺς
2272 5046 2330 5098 ὲν
2368 5047 2482 5108 τοῖς
2503 5046 2776 5118 οὐρανοῖς.
2809 5063 2830 5098 ι

2143 5138 2300 5208 Τάχα
2322 5138 2378 5192 δὲ
2404 5138 2498 5192 καὶ
2521 5137 2696 5202 ἄλλως
2727 5136 3048 5206 ἐκδέξασθαι
3081 5137 3152 5191 τὰ
3186 5135 3457 5208 εἰρημένα
3491 5151 3653 5208 προσ-

2073 5229 2194 5302 ῆκε.
2237 5231 2348 5284 Καὶ
2377 5230 2487 5301 γὰρ
2541 5230 2730 5301 ἐπειδὴ
2785 5230 3019 5300 μεσότης
3062 5228 3213 5284 ἐστὶν
3267 5229 3440 5300 ἁρετὴ
3478 5229 3648 5292 πᾶσα,

2073 5322 2174 5395 τὴν
2221 5321 2755 5393 συμπαρακειμένην
2808 5321 3150 5394 ἑκατέρωθεν
3199 5319 3510 5394 ὑπερϐολὴν
3559 5321 3652 5376 καὶ

2077 5414 2306 5487 μείωσιν
2363 5413 2809 5486 παρεκκλίνουσα
2832 5431 2846 5444 θ
2885 5413 3072 5469 πολλοὶ
3099 5413 3158 5468 δὲ
3199 5417 3266 5486 τῇ
3295 5414 3536 5486 ἀμετρία
3558 5412 3647 5465 κέ-

2072 5523 2305 5580 χρηνται
2337 5508 2432 5562 καὶ
2467 5510 2537 5580 τῇ
2570 5506 2847 5580 ὑπερϐολῇ
2903 5498 3006 5562 κὰν
3051 5507 3167 5570 τοῖς
3211 5504 3512 5580 κλαυθμοῖς
3547 5505 3648 5557 κάν

441 5751 570 5821 (l3)
622 5753 757 5812 Luc.
829 5771 904 5821 ιι,
945 5752 1047 5820 25.
1101 5755 1307 5812 nostris
1349 5755 1407 5812 in
1459 5754 1724 5826 exemplis
1759 5761 1844 5811 est
1875 5754 1952 5808 ὅτι

2058 5749 2282 5812 λᾶσετι.
