4036 6430
403 379 515 446 857

1479 381 1566 443 IN
1595 380 2176 443 ECCLESIASTEN-
2216 406 2283 418 —
2318 384 2465 444 LIB.
2500 385 2616 446 III-

3577 399 3684 468 858

2014 493 2156 551 VIII.

479 592 699 664 Καιρὸς
767 594 877 652 τοῦ
937 593 1190 666 ζητῆσαι
1216 635 1232 664 ,
1294 593 1396 651 καί
1445 595 1657 664 καιρὸς
1712 593 1821 650 τοῦ
1874 495 1991 650 ἀεξ-

2101 495 2156 551 ll.
2948 519 2952 522 ·

2165 590 2336 649 Vens.
2377 592 2433 649 6.
2475 593 2874 666 Tempestivitas
2911 597 3244 670 acquirendi,
3280 609 3332 657 et
3367 607 3686 668 tempestivi-

407 686 645 742 ολέσαι.

481 777 548 832 Τί
578 777 855 850 ζητῆσαι;
889 777 1098 851 Σοφίαν
1140 779 1238 835 καὶ
1269 778 1474 849 γνῶσιν
1523 777 1678 849 παρά
1712 774 1870 843 Θεοῦ,
1895 775 1997 848 τὴν

406 865 760 939 ἀνθρωπίνην
801 869 1006 942 δηλαδὴ
1055 870 1150 925 καὶ
1209 867 1393 940 πολλῷ
1441 868 1646 940 μᾶλλον
1680 866 1781 940 την
1818 865 1997 935 θείαν,

405 957 479 1011 δι’
513 949 591 1012 ὧν
637 957 904 1030 σχοίημεν
953 960 1052 1016 καὶ
1111 959 1212 1032 τὴν
1264 959 1374 1014 τῶν
1431 959 1603 1014 ὄντων
1650 957 1994 1030 κατάληψιν·

406 1047 506 1101 καὶ
539 1046 866 1120 δυνηθῶμεν
895 1053 1185 1106 κατανοεῖν
1213 1051 1326 1106 ἀπὸ
1353 1051 1454 1121 τῆς
1491 1050 1758 1122 καλλονῆς
1779 1050 1876 1106 καὶ
1901 1049 1997 1105 τοῦ

408 1138 682 1209 μεγέθους
708 1141 819 1195 τῶν
853 1143 1156 1214 ὁρωμένων
1183 1144 1510 1214 κτισμάτων
1560 1142 1653 1198 τὸν
1682 1141 1998 1214 ὑπέρκαλον

406 1229 753 1302 Δημιουργδν
793 1232 890 1287 καὶ
919 1233 1053 1288 Θεὸν
1083 1234 1180 1289 καὶ
1223 1235 1505 1306 Δεσπότην
1529 1251 1544 1265 ο
1575 1233 1712 1289 ἀλλά
1739 1234 1836 1288 καὶ
1861 1234 1998 1306 πρὸς

405 1323 538 1386 τοὺς
589 1322 1024 1396 βρενθυομένους
1066 1328 1164 1382 καὶ
1210 1325 1604 1397 κομπάζοντας
1654 1327 1748 1380 ἐπὶ
1778 1328 1846 1398 τῇ
1906 1343 2000 1380 κο-

409 1415 584 1485 σμικῇ
621 1414 788 1487 σοφίᾳ
819 1417 912 1470 καὶ
935 1420 1001 1489 τῇ
1031 1418 1142 1473 τῶν
1186 1417 1424 1491 θύραθεν
1474 1417 1818 1490 μαθημάτων
1837 1417 1998 1489 δῆθεν

409 1506 728 1578 περιουσίᾳ,
759 1506 856 1561 καὶ
899 1507 1214 1572 λυττῶντας
1256 1508 1402 1563 κατά
1449 1509 1550 1578 τῆς
1593 1507 1854 1580 ἀληθείας
1899 1508 1998 1563 καὶ

404 1594 522 1648 τῶν
549 1582 853 1666 ὀρθοδόξων
875 1599 1188 1670 δογμάτων,
1206 1599 1570 1670 ὲξισχύσομεν
1598 1599 1872 1653 ποιεῖσθαι
1897 1599 1997 1665 τὰς

405 1687 770 1759 ἀντιρρήσεις
831 1689 1216 1761 προσφόρους,
1243 1689 1340 1743 καὶ
1404 1689 1508 1753 τὰς
1543 1687 1855 1752 ἀνασκευὰς
1888 1689 1998 1742 τῶν

405 1779 706 1848 ἐριστικῶν
773 1780 1208 1852 προϐλημάτων.
1239 1783 1410 1836 Ὅταν
1469 1781 1579 1852 γάρ
1640 1779 1866 1852 τοιαύτη
1911 1798 1998 1844 τις

405 1869 618 1940 ἅμιλλα
649 1871 882 1941 γένηται
932 1873 1088 1944 παρά
1125 1872 1236 1926 τῶν
1263 1873 1582 1944 συνηγόρων
1606 1871 1702 1926 καλ⁸
1747 1873 1998 1925 συνιστό-

2104 693 2186 738 tas
2213 685 2490 753 perdendi.
3332 731 3343 743 .

2171 773 2316 841 Quid
2345 776 2708 847 acquirendi?
2741 777 3085 851 Sapientiam
3119 790 3175 838 et
3204 785 3574 856 cognitionem
3615 804 3686 845 ex

2101 861 2238 929 Deo,
2279 863 2579 920 humanam
2624 867 2836 940 utique,
2883 871 3166 944 multoque
3209 871 3386 948 magis
3414 877 3682 950 divinam,

2101 971 2339 1028 quarum
2371 971 2475 1029 ope
2521 959 2942 1033 intelligentiam
2983 978 3203 1034 eorum,
3243 983 3369 1040 quae
3399 981 3548 1036 sunt,
3592 987 3688 1028 as-

2101 1063 2434 1120 sequamur,
2499 1057 2556 1106 et
2601 1065 2668 1107 ex
2717 1053 3134 1123 pulchritudine
3186 1072 3253 1114 ac
3303 1060 3686 1131 magnitudine

2101 1142 2451 1199 conditarum
2482 1159 2690 1214 rerum,
2734 1161 2876 1216 quas
2919 1147 3098 1204 oculis
3140 1155 3687 1220 usurpamus,-Con-

2101 1232 2341 1290 ditorem
2374 1241 2429 1291 et
2465 1235 2635 1292 Deum
2654 1247 2820 1310 atque
2842 1237 3136 1294 Dominum
3155 1241 3322 1314 longe
3341 1245 3687 1314 praestantis-

2102 1324 2306 1380 simum
2335 1328 2700 1400 contemplari
2733 1329 3013 1400 possimus
3041 1347 3058 1385 :
3092 1341 3206 1387 tum
3234 1333 3403 1389 etiam
3431 1349 3530 1390 eos
3589 1337 3686 1408 qui

2102 1415 2248 1472 fastu
2284 1417 2436 1485 elati,
2491 1421 2785 1476 mundanae
2833 1423 3118 1492 sapientiae
3162 1433 3219 1479 et
3261 1423 3685 1496 disciplinarum
3747 1478 3752 1483 .

2099 1517 2456 1565 externarum
2493 1512 2650 1582 copia
2680 1513 3029 1582 superbiunt,
3063 1530 3128 1570 ac
3156 1531 3342 1571 veram
3369 1527 3686 1589 rectamque

2101 1599 2412 1655 doctrinam
2467 1601 2854 1668 insectantur,
2910 1603 3162 1659 refellere
3214 1615 3562 1676 opportune,
3629 1617 3686 1664 et

2103 1695 2389 1763 Captiones
2441 1695 2688 1766 ipsorum
2759 1698 3041 1754 discutere
3094 1698 3398 1758 valeamus.
3455 1691 3685 1768 Quoties

2102 1787 2366 1841 nimirum
2397 1788 2466 1842 ab
2509 1787 2663 1844 hisce
2707 1791 2914 1846 erroris
2961 1789 3274 1846 fautoribus
3320 1806 3384 1846 ac
3433 1795 3684 1862 patronis

2101 1877 2156 1930 in
2186 1887 2466 1934 certamen
2498 1893 2780 1944 vocemur,
2812 1881 3095 1936 caelestem
3137 1897 3167 1934 a
3207 1881 3319 1936 Deo
3353 1883 3683 1953 sapientiam

410 1977 521 2033 ρων
546 1963 640 2016 τοῦ
671 1963 930 2034 ψεύδους,
959 1963 1067 2036 χρὴ
1095 1963 1192 2018 καὶ
1235 1966 1382 2035 ἡμᾶς
1423 1965 1606 2034 ζητεῖν
1655 1964 1810 2036 παρὰ
1859 1963 1995 2018 Θεοῦ

2102 1970 2407 2040 inquirere,
2428 1979 2486 2026 et
2507 1970 2762 2026 humanae
2789 1987 3013 2042 quoque
3025 1972 3323 2041 sapientia:
3342 1976 3684 2044 perceptioni

404 2053 506 2123 τὴν
535 2054 746 2110 ἀνωθεν
782 2055 978 2125 σοφίαν
1000 2071 1016 2086 ⁶
1045 2055 1426 2126 ἐπιμελεῖσθαι
1469 2056 1527 2109 δὲ
1561 2049 1656 2110 καὶ
1691 2056 1876 2126 ζητεῖν
1899 2059 1995 2111 καὶ

402 2145 506 2214 τὴν
544 2145 644 2216 τῆς
671 2147 1024 2218 ἀνθρωπίνης
1060 2145 1251 2215 σοφίας
1289 2146 1561 2218 ἀνάληψιν
1599 2149 1736 2219 πρός
1764 2148 1824 2201 τὸ
1855 2165 1994 2202 παν-

404 2237 638 2307 ταχὸθεν
671 2238 1000 2309 εὐδοκιμεῖν,
1027 2238 1122 2292 καὶ
1151 2241 1376 2309 κρατεῖν
1404 2239 1514 2292 τῶν
1543 2241 1852 2301 ἀντιπάλων
1889 2241 1988 2312 τῆς

407 2328 688 2398 ἀληθείας.
725 2330 896 2384 Ὅταν
951 2330 1008 2383 δὲ
1045 2331 1239 2400 καιρὸς
1301 2331 1533 2402 εἰρήνης
1596 2333 1692 2385 καὶ⁹
1741 2331 1988 2403 γαλήνης

407 2421 579 2486 ἐστὶν,
609 2421 822 2485 οὐδενὸς
855 2421 1324 2493 ἀναρριπίζοντος
1355 2425 1413 2476 ἐν
1449 2426 1515 2492 τῇ
1559 2424 1866 2494 Ἐκκλησία
1896 2423 1993 2477 τοῦ

413 2509 653 2581 Χριστοῦ
707 2511 955 2582 ταραχὰς
1011 2513 1106 2566 καὶ
1136 2511 1302 2578 ζάλας
1334 2513 1366 2584 ἦ
1400 2514 1724 2581 κακοδοξίας
1751 2515 1784 2586 ἢ
1810 2532 1993 2585 παρα-

410 2603 596 2673 μόνων
627 2603 800 2674 ἔργων
833 2605 934 2666 τὰς
981 2603 1334 2674 φαυλότητας
1377 2605 1470 2657 καὶ
1524 2605 1991 2675 πονηροπραξῖας,

402 2693 716 2763 τηνικαῦτα
763 2693 870 2764 χρὴ
915 2695 1015 2764 τὴν
1054 2695 1154 2764 μὲν
1195 2694 1545 2766 ἀνθρωπίνην
1589 2696 1854 2750 ἀπολέσαι
1903 2715 1993 2751 σο-

403 2784 563 2850 φίαν,
591 2785 668 2848 ὡς
696 2787 901 2856 ἥκιστα
945 2787 1358 2853 λυσιτελοῦσαν,
1411 2789 1508 2842 καὶ
1542 2789 1756 2844 παῦλαν
1789 2791 1995 2846 ἐπιθεῖ-

403 2893 495 2928 ναι
520 2879 643 2940 ταῖς
667 2878 790 2931 κατ’
813 2879 986 2949 αὐτὴν
1016 2882 1110 2934 καὶ
1141 2882 1269 2952 περὶ
1287 2881 1456 2952 αὐτὴν
1485 2883 1767 2952 ἀσχολίαις
1785 2902 1798 2915 ·
1822 2902 1993 2956 προσ-

403 2971 685 3040 ευκαιρεῖν
707 2969 764 3024 δὲ
794 2973 888 3024 καὶ
920 2973 1209 3042 σχολάζειν
1245 2974 1440 3044 μόναις
1483 2979 1603 3039 ταῖς
1658 2982 1998 3049 προσευχαῖς

2097 2079 2319 2134 operam
2355 2065 2488 2120 dare
2523 2080 2750 2120 necesse
2781 2079 2862 2121 εει
2887 2107 2899 2130 ,
2928 2081 3040 2136 quo
3067 2066 3122 2119 in
3158 2066 3416 2124 omnibus
3443 2069 3682 2138 probati,

2097 2157 2347 2212 veritatis
2362 2157 2714 2212 adversarios
2734 2173 3080 2228 superemus.
3099 2159 3168 2213 At
3196 2175 3318 2212 cum
3345 2175 3446 2229 pax
3470 2160 3575 2214 erit
3597 2170 3684 2216 at-

2097 2263 2206 2318 que
2230 2249 2520 2314 serenitas,
2563 2248 2672 2318 79
2709 2259 2768 2302 ut
2795 2249 3099 2304 Ecclesiam
3131 2248 3338 2306 Christi
3365 2251 3526 2306 nulla:
3557 2266 3685 2306 exa-

2100 2341 2274 2411 gitent
2303 2340 2500 2404 turbae,
2533 2341 2695 2394 nullae
2725 2342 3000 2410 procellae,
3026 2357 3136 2396 non
3162 2357 3344 2410 prava:
3369 2342 3682 2413 Opiniones,
3783 2338 3788 2342 ’

2101 2447 2210 2486 non
2231 2445 2488 2501 perversa
2504 2441 2669 2502 atque
2692 2433 2937 2502 improba
2958 2433 3242 2488 hominum
3263 2434 3541 2501 facinora;
3567 2444 3682 2490 tum

2101 2537 2228 2575 vero
2248 2522 2544 2576 humanam
2567 2518 2796 2592 perdere
2813 2524 3141 2593 sapientiam
3167 2534 3402 2595 oportet,
3425 2536 3685 2596 tanquam

2101 2614 2332 2669 minime
2359 2613 2763 2685 proﬁcientem,
2815 2625 2871 2670 et
2921 2616 3145 2670 modum
3193 2616 3686 2674 exercitationibus

2100 2709 2169 2762 iis
2197 2724 2424 2778 ponere,
2461 2724 2600 2778 quas
2633 2709 2754 2778 ejus
2796 2724 2961 2764 causa
2994 2709 3352 2778 suscipimus,
3397 2718 3454 2764 ut
3485 2724 3686 2778 oppor-

2101 2809 2233 2854 tune
2264 2801 2520 2870 precibus
2550 2810 2762 2854 tantum
2805 2811 2859 2855 et
2888 2799 3361 2856 obsecrationibus
3403 2815 3684 2867 vacemus,

2101 2908 2167 2948 ac
2207 2893 2478 2962 justitiam
2513 2903 2700 2948 sancte
2738 2893 3008 2958 colentes,
3051 2891 3295 2948 ccclesiis
3328 2891 3482 2962 regni
3509 2891 3684 2947 haere-

2107 2985 2333 3039 ditatem
2375 2987 2749 3055 acquiramus.
2785 2985 2877 3040 Ait
2913 2984 3112 3039 deinde
3141 3002 3156 3039 :

403 3064 502 3116 καὶ
533 3063 788 3134 δεήσεσι,
821 3067 915 3120 καὶ
965 3066 1152 3137 ζητεῖν
1201 3069 1553 3140 κατορθῶσαι
1595 3071 1694 3143 τὴν
1728 3073 1822 3128 τοῦ
1853 3075 1990 3130 Θεοῦ
2061 3080 2416 3154 δικαιοσύνην
2442 3123 2456 3150 ,
2525 3083 2618 3136 καὶ
2665 3081 2768 3153 τὴν
2819 3081 3193 3153 κληρονομίαν
3235 3081 3418 3154 εὑρεῖν
3451 3080 3549 3150 τῆς
3575 3081 3686 3139 τῶν

401 3155 652 3225 οὐρανῶν
684 3157 986 3228 βασιλείας.
1017 3156 1154 3215 Εἶτά
1177 3178 1335 3232 φησι·

2021 3283 2112 3340 ΙΧ.

476 3382 697 3450 Καιρὸς
760 3385 869 3440 τοῦ
922 3384 1219 3455 φυλάξαι,
1263 3388 1361 3441 καὶ
1409 3389 1617 3458 καιρὸς
1669 3393 1775 3447 τοῦ
1823 3394 1995 3449 ἐκϐα-

2173 3381 2570 3449 Tempestivitas
2611 3382 2969 3446 custodiendi,
3019 3390 3068 3435 et
3115 3383 3493 3450 tempestivitas
3532 3382 3690 3434 emit-

403 3472 562 3528 λεῖν.

480 3569 548 3622 Τί
576 3569 850 3639 φυλάξαι;
878 3572 995 3636 Τὰς
1032 3574 1092 3626 ὲν
1123 3571 1201 3644 τῷ
1225 3573 1417 3644 ἀγαθῷ
1447 3575 1712 3648 θησαυρῷ
1739 3581 1839 3650 τῆς
1861 3600 1998 3652 nap-

403 3661 525 3725 δίας
563 3663 938 3734 ἀποκειμένας
967 3665 1180 3733 ἀγαθὰς
1214 3667 1422 3730 ἐννοίας
1457 3669 1550 3721 καὶ
1577 3670 1747 3738 σοφὰς
1772 3673 2000 3742 εἰσηγή-

410 3754 704 3818 σεις,ὄταν
760 3755 1132 3826 ἀνεπιτήδειοι
1181 3757 1488 3828 βλέπωνται
1536 3763 1738 3824 πάντες
1775 3762 1825 3814 oi
1877 3762 2000 3816 τού-

405 3859 518 3896 των
554 3843 842 3914 μέλλοντες
883 3848 1135 3900 έπατεινο
1204 3847 1393 3912 καθὼς
1438 3851 1469 3902 ὁ
1524 3849 1730 3921 Κύριος
1785 3861 2020 3922 παρεγ·,’

405 3934 582 4008 γύησε
631 3935 883 4007 λέγων,-ι
915 3939 1008 4010 Μὴ
1043 3938 1246 4012 βάλητε
1293 3942 1422 4005 τούς
1457 3944 1804 4014 μαργαρίτας
1835 3945 1992 4016 ὑμῶν

407 4027 726 4099 ἔμπροσθεν
751 4030 860 4084 τῶν
888 4031 1109 4102 χοίρων,
1147 4032 1235 4085 ἵνα
1284 4033 1360 4103 μὴ
1403 4037 1869 4106 καταπατήσωσιν
1899 4027 1996 4090 αὐ-

404 4121 558 4184 τοὺς,
597 4121 697 4175 καὶ
728 4121 1064 4193 στραφέντες
1100 4123 1338 4194 ῥήξωσιν
1370 4125 1537 4195 ὑμᾶς.
1575 4145 1594 4178 ι
1635 4112 1640 4116 ’

480 4211 638 4265 Ἔστι
657 4212 715 4266 δὲ
746 4213 910 4268 πάλιν
940 4213 1134 4286 καιρδς
1165 4215 1455 4286 προσφυὴς
1486 4219 1579 4270 καὶ
1632 4205 1990 4291 κατάλληλος,

408 4303 467 4355 ἐν
499 4297 600 4373 ᾧρ
628 4304 835 4374 ἀγαθὸς
870 4305 1156 4379 ἄνθρωπος
1197 4291 1400 4361 ἐκποῦ
1452 4308 1658 4377 ἀγαθοῦ
1712 4310 1990 4382 θησαυροῦ

409 4479 645 4548 longior,
679 4481 846 4535 modo
869 4481 1086 4537 brevior
1113 4493 1463 4546 occurreret,
1503 4483 1596 4537 sed
1631 4499 1774 4539 unus
1814 4485 1987 4539 idem-

406 4565 516 4619 que
547 4551 600 4604 in
649 4553 905 4605 omnibus
943 4553 1010 4606 ad
1061 4569 1162 4607 nos
1200 4554 1553 4620 pervenisset.
1607 4554 1877 4608 Czeternm
1913 4555 1985 4609 ob

406 4621 771 4690 Apocalypsin
814 4623 1155 4687 potissimum
1184 4621 1444 4690 Θεολὸγον
1473 4627 1679 4677 dictum
1713 4623 1982 4679 Joannem

407 4689 692 4768 Ιξιιοίιρςιιε
720 4691 859 4744 idem
893 4693 1150 4768 opinatur
1178 4693 1414 4768 [ihiJ._p.
1445 4693 1572 4756 8.30,
1615 4694 1641 4764 §
1681 4694 1800 4768 28).
1832 4703 1986 4748 ratus

408 4758 758 4854 ght'istianos
805 4758 1020 4843 veteres
1081 4765 1150 4816 ob
1188 4758 1430 4854 'totlilla.
1471 4758 1729 4854 mystcria
1761 4758 1982 4817 'nomen
2022 4800 2062 4854 ο

406 4827 604 4904 .ioanni
639 4831 989 4904 imposuisse,
1025 4848 1137 4904 quo
1160 4831 1320 4904 apud
1350 4827 1560 4904 veteres
1595 4843 1765 4902 poeta:
1806 4850 1985 4904 quan-

408 4902 589 4972 doque
611 4908 667 4954 et
697 4903 1008 4958 sacerdotes
1030 4902 1084 4955 et
1117 4902 1431 4972 philosophi
1462 4911 1516 4956 et
1550 4915 1762 4971 epoptte
1791 4902 1984 4972 appel-

413 4970 502 5024 lati
526 4970 760 5024 fuerant.
778 4971 946 5024 Atilla
965 4970 1312 5026 communior
1335 4972 1620 5026 doctorum
1640 4970 1934 5038 sententia,
1955 4990 1986 5026 a

409 5041 612 5096 divinis
630 5041 934 5110 tractandis
961 5057 1081 5096 eam
1105 5042 1180 5094 illi
1205 5041 1622 5110 appellationem
1644 5043 1986 5097 attributam.

477 5111 595 5180 (ill)
623 5109 814 5164 Matth.
840 5127 942 5171 vu.
969 5113 1023 5165 6.
1059 5112 1164 5166 Sed
1193 5109 1289 5166 hic
1315 5114 1515 5166 omissa
1548 5113 1637 5166 illa
1677 5117 1735 5166 ὲν
1758 5117 1872 5176 τοῖς
1901 5130 1990 5166 πο-

413 5180 500 5253 σὶν
526 5181 978 5253 αὐτῶνηὸ-ἰιῐιίιὶα
1003 5197 1102 5235 nos
1127 5183 1282 5253 docet
1306 5181 1765 5253 Chrysostomus,
1809 5185 1992 5253 ipsum

412 5251 520 5305 hoc
549 5250 752 5304 Christi
782 5251 989 5304 dictum
1016 5252 1296 5318 prtelatus.
1329 5250 1601 5306 Ait'enim
1635 5273 1649 5306 :
1697 5250 1998 5307 Ἀκουέτω-

414 5337 512 5374 σαν
533 5323 584 5374 oi
826 5321 921 5410 καὶ
937 5321 1263 5410 ιδιδιφοιφόρως
1290 5322 1426 5408 πρὸς
1456 5321 1706 5410 ἀποίητα-ς
1729 5323 1997 5410 ’διαλεγό-

415 5406 586 5459 μενοι.
621 5390 759 5444 Οὐδὲ
791 5390 898 5456 γὰο
934 5393 1052 5446 ἐκεῖ
1095 5390 1223 5462 περὶ
1263 5390 1448 5462 χοίρου
1495 5392 1757 5464 αἰσθητοῦ
1797 5395 1825 5446 ὁ
1859 5394 1997 5463 Χρι-

413 5462 536 5524 στὸς
561 5461 728 5530 λέγει,
758 5443 896 5532 ἀλλά
911 5462 1038 5532 τοὺς
1063 5460 1346 5532 χοιρώδεις
1367 5461 1474 5515 τῶν
1496 5463 1593 5516 ἀνθ
1604 5464 1802 5532 ρώπων
1823 5465 1994 5516 αἰνιτ-

409 5529 790 5618 τξμενος⁷..καὶ
824 5529 1029 5618 ὁμοίως
1061 5529 1174 5618 τοῖς
1224 5531 1441 5618 ἀλόγοις
1467 5529 1983 5618 έγκυλινδουμένους

410 5600 488 5670 τῷ
525 5603 625 5671 τῆς
655 5601 932 5688 ἁμαρτίας
962 5600 1230 5671 βορϐόρῳ,
1288 5601 1564 5658 παιδεύων
1605 5604 1753 5674 ἡμᾶς
1781 5600 1984 5688 ειδέναι

412 5675 507 5742 καὶ
536 5688 860 5742 προσωπων
909 5671 1197 5742 διαφορὰν,
1241 5672 1334 5742 καὶ,
1371 5672 1648 5738 πολιτείας
1705 5673 1987 5738 ὲπιζητειν

410 5740 726 5814 ἀκρίϐειαν)
753 5741 919 5814 ἡνίκα
951 5740 1017 5814 ᾷν
1045 5740 1140 5814 δέῃ
1167 5757 1222 5792 τι
1262 5741 1370 5814 τῶν
1403 5742 1573 5814 θείων
1592 5745 1791 5812 λογίων
1825 5745 1994 5814 ἐκκα-

414 5807 660 5878 λύπτειν,
692 5807 785 5865 ἵνα
799 5811 877 5884 μὴ
903 5807 1189 5876 κάκείνους
1206 5811 1301 5868 καὶ
1320 5813 1547 5888 ἑαυτοὺς
1567 5807 1959 5886 λυμαινώμεθα
1980 5829 1991 5839 ’

2105 3475 2268 3528 tendi.

2176 3565 2319 3632 Quid
2357 3566 2750 3622 custodiendi?
2778 3565 2960 3622 Βόηθε
3005 3567 3242 3630 scilicet,
3276 3582 3416 3636 quas
3448 3566 3502 3619 in
3543 3567 3689 3619 hono

2103 3661 2304 3714 mentis
2353 3660 2610 3714 thesauro
2661 3659 2912 3714 conditas
2966 3658 3268 3721 habemus,
3327 3657 3692 3728 cogitationes

2105 3757 2164 3806 et
2209 3751 2366 3820 plena
2416 3751 2704 3821 sapientia:
2746 3751 3098 3816 documenta,
3148 3749 3392 3820 quandiu
3437 3748 3530 3818 qui
3574 3749 3691 3802 haec

2105 3839 2346 3896 audituri
2378 3851 2529 3904 sunt,
2559 3840 2802 3895 nondum
2833 3840 3018 3894 idonei
3048 3839 3341 3894 videantur
3376 3857 3392 3894 :
3425 3838 3691 3908 quemad—

2105 3931 2332 3986 modum
2381 3940 2438 3987 et
2481 3929 2736 3988 Christus
2788 3930 3164 4000 praescripsit,
3215 3944 3340 3984 cum
3393 3929 3503 3984 ait:
3556 3946 3576 3980 ι
3611 3925 3690 3982 Ne

2104 4023 2336 4077 mittatis
2371 4023 2701 4093 margaritas
2735 4031 2948 4077 vestras
2994 4027 3120 4076 ante
3161 4035 3364 4091 porcos
3395 4062 3410 4088 ,
3456 4035 3530 4083 ne,
3552 4035 3690 4076 con-

2103 4115 2323 4172 culcent
2352 4130 2471 4182 eas,
2501 4121 2557 4170 et
2591 4113 2845 4170 conversi
2871 4113 3192 4184 dirumpant
3228 4129 3326 4169 vos
3350 4113 3484 4186 (21).
3520 4132 3540 4164 ι

2169 4214 2238 4266 At
2261 4219 2344 4266 est
2365 4225 2587 4282 quoque
2617 4225 2717 4265 sua
2744 4209 2919 4280 probo
2959 4208 3075 4262 viro
3100 4203 3548 4279 "tempestivitas,
3581 4221 3690 4278 qua

2111 4304 2179 4360 de
2216 4305 2362 4360 bono
2399 4303 2597 4359 mentis
2629 4302 2888 4358 thesauro
2922 4303 3064 4356 bona
3113 4315 3367 4370 supernae
3405 4301 3691 4356 charitatis

2093 4485 2144 4537 oi
2178 4483 2284 4553 γὰρ
2314 4483 2550 4536 τοιοῦτοι
2580 4481 2640 4534 οὐ
2677 4482 2836 4553 μόνον
2857 4482 3007 4536 οὐδὲν
3041 4481 3419 4553 κερδαίνουσιν
3454 4481 3562 4553 ἀπὸ
3583 4481 3694 4534 τῶν

2095 4550 2431 4624 λεγομένων,
2469 4553 2604 4624 ἀλλὰ
2633 4550 2728 4605 καὶ
2764 4552 2891 4614 τοὺς
2938 4552 3312 4624 ἀνεξετάστως
3342 4550 3694 4624 παραθέντας

2093 4619 2446 4693 τοῦςκαλοὺς
2464 4622 2691 4693 τούτους
2727 4625 3098 4693 μαργαρίτας,
3124 4624 3206 4684 είς
3250 4623 3312 4675 τὸ
3349 4619 3482 4674 αὐτὸ
3508 4619 3694 4693 αὐτοῖς

2096 4695 2371 4764 βάραθρον
2401 4692 2502 4764 τῆς
2524 4691 3447 4764 ἀπωλείαςήπολλάκιςῖκατήγαγον.
3472 4691 3692 4764 Διὸᾼχρῂ

2097 4760 2236 4830 μετά
2273 4760 2564 4834 ἀκριϐείας
2594 4761 2788 4834 ταῦτα
2815 4760 3362 4834 παραφυλάττεσθαι,
3394 4761 3499 4834 ἵνα
3519 4760 3595 4830 μὴ
3622 4760 3692 4813 τά

2095 4829 2236 4887 αὐτὰ
2261 4829 2374 4896 τοῖς
2426 4831 2519 4885 νῦν
2574 4829 2940 4900 ἀπατηθεῖσίν
2986 4829 3386 4899 ὑπομένωμεν.
3446 4829 3689 4884 Itlest:

2094 4904 2356 4966 Audiant,
2382 4903 2601 4972 quisine
2623 4901 2928 4954 discrimine
2948 4901 3270 4972 simpliciter
3294 4916 3413 4972 cunt
3443 4900 3692 4972 omnibus

2096 4969 2492 5042 colloquuntur.
2532 4969 2886 5042 Nequeenim
2919 4971 2990 5023 ibi
3039 4970 3285 5042 Christus
3342 4969 3406 5042 de
3449 4969 3692 5042 sensibili

2097 5041 2257 5113 porco
2287 5044 2558 5112 praecepit,
2595 5043 2684 5094 sed
2711 5041 2946 5113 homines
2983 5041 3218 5113 porcinis
3253 5041 3486 5113 moribus
3520 5041 3690 5110 signi-

2097 5110 2242 5182 ﬁcat,
2273 5110 2366 5182 qui
2398 5113 2535 5165 sicut
2564 5117 2722 5164 bruta
2760 5111 2856 5163 illa
2875 5112 2927 5164 in
2950 5112 3150 5180 peccati
3178 5111 3291 5162 luto
3320 5110 3688 5177 involvuntur,

2095 5186 2428 5247 docensnos,
2482 5191 2539 5234 ut
2590 5197 2940 5250 personarum
2996 5182 3356 5235 diversitatem
3400 5182 3690 5251 dignosca-

2099 5270 2236 5316 mns,
2261 5263 2308 5306 et
2351 5255 2472 5306 uiue
2516 5253 2750 5306 rationes
2785 5252 3118 5318 inquiramns
3157 5291 3171 5316 ,
3217 5251 3430 5320 quando
3467 5250 3688 5320 aliquid

2097 5325 2406 5377 divinorum
2434 5322 2766 5393 eloquioruin
2814 5339 3078 5393 exponere
3091 5337 3240 5393 _opus
3281 5321 3444 5393 fuerit
3477 5362 3493 5388 ,
3542 5337 3606 5374 ne
3636 5330 3690 5375 et

2096 5393 2222 5448 illos
2251 5402 2299 5446 et
2328 5391 2698 5462 nosmetipsos
2731 5392 3013 5446 ltedamus.
3054 5391 3198 5445 Nunt
3229 5392 3320 5460 qui
3369 5392 3504 5446 tales
3537 5401 3686 5458 sunt,

2101 5480 2202 5518 non
2235 5464 2409 5516 solum
2439 5463 2574 5517 nihil
2596 5463 2733 5517 lucri
2763 5478 2826 5516 ea:
2875 5463 3034 5516 dictis
3067 5463 3285 5531 capiunt
3313 5503 3328 5526 ,
3361 5462 3453 5517 sed
3483 5471 3533 5516 et
3574 5477 3684 5527 eos,

2057 5585 2064 5594 _
2100 5537 2190 5604 qui
2221 5534 2388 5588 bonas
2415 5533 2541 5588 illas
2573 5535 2903 5602 margaritas
2931 5533 3128 5603 absque
3171 5532 3545 5604 disquisitione
3574 5531 3688 5604 illis

2101 5602 2505 5674 proposuerant,
2545 5604 2817 5674 secuntiin
2844 5620 2956 5658 sua:
2997 5602 3313 5672 perditionis
3362 5602 3688 5674 profundum

2103 5673 2238 5740 saepe
2274 5684 2666 5736 pertraxerunt.
2717 5673 2847 5726 Ideo
2881 5689 3001 5727 cum
3047 5674 3322 5743 diligentia
3365 5673 3692 5743 observanda

2105 5757 2225 5799 sunt
2258 5745 2386 5804 Ιιωσ,
2433 5753 2512 5814 rei
2528 5747 2723 5814 eadem
2741 5745 3032 5810 patiamur.
3078 5741 3196 5814 quae
3223 5742 3326 5807 illi,
3357 5744 3452 5810 qui
3481 5743 3566 5796 hic
3596 5741 3693 5796 de~

2108 5817 2241 5886 capti
2272 5826 2413 5870 sunt.
2448 5813 2627 5887 (To'm.
2660 5813 2750 5882 ιν,
2789 5814 2937 5869 hom.
2971 5815 3038 5870 16
3067 5813 3121 5870 in
3153 5814 3314 5879 Gem,
3355 5830 3409 5869 n.
3446 5815 3528 5884 2.)
