4036 6402
511 329 645 444 εει-
1580 347 1664 408 IN
1707 348 2290 417 ECCLESIASTEN.
2333 385 2400 394 -
2435 359 2581 421 LIB.
2615 361 2732 422 III.
3691 380 3798 444 862

511 441 767 553 Ξκὲψεων
792 444 916 553 Ξιαὶ⁵
930 444 1031 553 τῂν
1061 447 1344 521 ἀντίληψιν
1388 453 1523 527 πρὸς
1569 457 1711 512 αὐτὰ
1749 461 1842 513 καὶ
1869 461 1966 532 τὴν
1995 480 2065 533 κη

2201 474 2306 534 est,
2343 469 2395 522 in
2425 469 2831 538 sollicitudine;
2858 473 2950 542 qui
2980 473 3293 542 miseretur,
3315 477 3367 533 in
3394 479 3668 540 hilaritate
3685 491 3785 553 ⁸⁸.»

501 529 764 603 δεμονίαν
789 532 1192 605 ὲπιδειξὼμεθα
1225 539 1319 592 καὶ
1349 541 1450 612 τὴν
1482 544 1740 615 πρόνοιαν
1761 563 1774 576 ·
1807 567 1826 600 ι
1968 529 2100 622 προ-

503 625 805 696 ’ἱστάμενος
847 645 866 676 »
907 629 1040 700 γὰρ,
1073 647 1093 680 ι
1136 631 1194 683 ὲν
1219 633 1446 704 σπουδῇ,
1481 635 1510 688 ὁ
1555 635 1757 702 ἐλεῶν,
1807 640 1864 693 ὲν
1913 641 2093 712 ίλαρόο

501 735 654 790 τητι,
695 737 714 770 ι
753 719 890 788 φησί
945 737 1050 774 που
1091 719 1305 788 Παῦλος
1339 725 1368 778 ὁ
1395 723 1574 796 μέγας
1605 728 1927 796 ἁπῦστολος.
1958 731 2092 788 Εἶτά

501 827 676 884 φησιν
713 811 1172 886 Ἑκκλησιαστής⁸

572 1045 790 1113 Καιρός
829 1046 939 1101 τοῦ
967 1046 1175 1118 σιγᾷν,
1209 1046 1312 1103 καὶ
1341 1051 1550 1118 καιρὸς
1575 1051 1686 1106 τοῦ
1711 1053 1948 1108 λαλεῖν.

573 1135 780 1201 Ταῦτα,
812 1137 874 1190 τὸ
908 1135 1093 1208 σιγᾷν
1125 1139 1371 1208 δηλονότι
1405 1141 1500 1194 καὶ
1532 1142 1593 1195 τὸ
1648 1145 1885 1210 λαλεῖν,
1953 1161 2087 1216 συμ-

501 1229 1007 1298 περιλαμϐάνονται
1037 1233 1132 1284 καὶ
1160 1217 1760 1302 συμπεριεχονταιταῖς
1789 1237 2091 1308 διαιρέσεσι

499 1321 596 1373 καὶ
619 1324 749 1381 ταῖς
779 1321 1194 1392 ἀπαριθμήσεσι
1222 1323 1330 1376 τῶν
1361 1325 1673 1395 εἰρημένων
1707 1327 1924 1384 ἁνόπιν.
1973 1329 2090 1382 Πᾶν

499 1412 633 1481 γὰρ,
667 1413 696 1465 ὅ
728 1430 897 1482 φησιν
925 1416 1014 1465 ἐπ’
1050 1415 1302 1478 ἐκείνοις,
1341 1417 1561 1486 Καιρὸς
1589 1418 1696 1472 τοῦ
1719 1417 1930 1487 ῥῆξαι,
1991 1421 2088 1473 καὶ

497 1505 695 1570 semper,
742 1503 844 1556 τοῦ
884 1504 1176 1572 φυλάξαι,
1213 1507 1310 1558 καὶ
1346 1508 1555 1576 καιρὸς
1608 1509 1717 1562 τοῦ
1777 1509 2083 1573 ἐκϐαλεῖν,

499 1597 596 1648 καὶ
622 1599 824 1664 χαίρεις
861 1595 968 1650 τοῦ
996 1595 1266 1662 ζητῆσαι,
1299 1599 1396 1652 καὶ
1441 1601 1666 1668 καιρὸς·
1704 1602 1814 1656 τοῦ
1864 1601 2087 1656 ἀπολέ-

496 1703 630 1746 σαι,
667 1689 759 1740 διαὶ
794 1688 864 1740 τὰ
903 1687 1206 1756 λελεγμένα
1233 1687 1447 1755 τούτοις
1483 1693 1906 1762 παραπλησίως,
1949 1693 2090 1763 μετὰ

491 1777 593 1830 τοῦ
626 1779 844 1851 σιγᾷνῆ
871 1777 968 1832 τοῦ
995 1780 1176 1833 λαλεῖν
1209 1782 1460 1850 γίνεσθαι
1491 1783 1781 1855 προδήλως
1833 1784 2088 1854 πεφύκα-

495 1887 606 1924 σιν.
646 1871 836 1936 Οὐδεὶς
870 1873 978 1944 γὰρ
1043 1867 1156 1936 οἷός
1193 1874 1255 1926 τέ
1287 1877 1404 1928 ἐστι
1465 1874 1600 1946 δρᾷν
1629 1876 1665 1947 ἢ
1720 1873 2008 1947 διάρρηξιν
2049 1875 2080 1948 ἢ

495 1961 819 2031 συνάφειαν,
848 1964 882 2033 ἦ
961 1963 1210 2036 φυλακὴν
1264 1965 1298 2038 ἢ
1371 1966 1628 2039 ἐκϐολὴν,
1675 1967 1709 2038 ἢ
1769 1969 2000 2040 ζήτησιν
2049 1967 2084 2038 ἢ

495 2051 804 2116 ἀπώλειαν,
835 2053 868 2124 ἢ
899 2055 1196 2125 περίληψιν
1226 2055 1258 2128 ἢ
1291 2058 1615 2130 μακρυσμδν
1661 2059 1769 2112 ἀπὸ
1803 2059 2076 2132 περιλήμ-

493 2159 692 2210 ματος,
719 2143 842 2196 οὐδέ
873 2161 924 2198 τι
953 2145 1064 2198 τῶν
1095 2146 1176 2199 ἔτι
1207 2149 1642 2220 προειρημένων,
1666 2150 1715 2202 sl
1753 2148 1828 2220 μὴ
1855 2153 2088 2220 σιγήσας

487 2233 622 2287 καθ’
647 2235 898 2288 ἑκούσιον
928 2236 1202 2308 βούλησιν,
1233 2237 1266 2308 ἢ
1302 2238 1377 2308 μὴ
1407 2239 1647 2311 λαλήσας
1677 2238 1840 2294 πάλιν
1896 2239 2086 2293 εὐκαί-

497 2339 630 2396 ρως.
665 2321 836 2394 Εἴπερ
862 2324 971 2395 γὰρ
998 2325 1126 2378 ἄνευ
1159 2325 1252 2378 τοῦ
1290 2325 1450 2396 σιγᾷν
1481 2325 1513 2396 ἢ
1543 2326 1643 2379 τοῦ
1677 2325 1864 2380 λαλεῖν
1893 2325 1954 2378 οὐ
2003 2325 2083 2378 δι-

496 2415 768 2482 έγνωσται
795 2433 870 2480 τι,
896 2417 979 2480 τίς
1002 2415 1063 2469 τὸ
1096 2417 1316 2470 σύνολον
1352 2419 1530 2470 ποιεῖν
1562 2420 1680 2490 ἐρεῖ
1703 2435 1754 2471 τι
1784 2419 1895 2470 τῶν
1946 2433 2084 2486 προ-

497 2505 843 2586 λελεγμένων
883 2505 1196 2574 συζυγιῶν;
1232 2508 1292 2560 Εἰ
1322 2507 1380 2561 δὲ
1423 2507 1604 2570 τοῦτο,
1661 2507 1778 2572 πῶς
1814 2507 2086 2571 ἰδιάζοντα

492 2599 690 2669 καιρὸν
718 2597 794 2668 τῷ
836 2599 996 2670 σιγᾷν
1029 2599 1125 2652 καὶ
1152 2599 1230 2669 τῷ
1263 2599 1446 2653 λαλεῖν
1490 2600 1519 2652 ὀ
1571 2600 1733 2669 σοφὸς
1787 2599 2086 2668 ἀπένειμεν

439 2672 456 2683 ⁸
505 2690 944 2763 Ἐκκλησιαστής
969 2711 983 2760 ;
1011 2695 1060 2746 εί
1100 2693 1209 2764 γὰρ
1239 2695 1472 2749 ἕκαστον
1501 2695 1611 2748 τῶν
1635 2693 1775 2749 κατὰ
1823 2693 2085 2762 συζυγίαν

489 2785 652 2856 παρὰ
699 2785 797 2839 τοῦ
868 2785 1303 2850 Ἐκκλησιαστοῦ
1365 2785 1712 2856 λελεγμένων
1751 2785 1812 2838 οὐ
1868 2784 2084 2852 πέφυκε

489 2877 744 2946 γίνεσθαι
767 2879 934 2950 χωρὶς
959 2877 1054 2932 τοῦ
1083 2879 1242 2948 σιγᾷν
1271 2877 1302 2948 ἢ
1335 2877 1431 2931 τοῦ
1453 2877 1654 2939 λαλεῖν,
1678 2878 1730 2929 τί
1761 2877 1962 2944 δήποτε
1987 2874 2084 2928 νῦν

2208 554 2632 628 ἀίκὶιίιιιοιῖιιιη
2683 561 2738 616 in
2784 563 2908 618 loco
2955 562 3162 622 Paulus
3209 583 3441 642 magnus
3487 579 3794 646 apostolus.

2207 651 2371 708 Addit
2398 653 2592 709 deinde
2619 652 2987 714 Ecclesiastes
3019 675 3034 712 :

2067 933 2219 1011 §Xl.

2235 1050 2638 1120 Tempestivitas
2685 1053 2922 1117 tacendi,
2954 1063 3003 1107 et
3045 1057 3426 1125 tempestivitas
3471 1058 3748 1130 loquendi,

2264 1139 2413 1196 lstud
2465 1149 2640 1196 tacere
2672 1151 2840 1212 atque
2897 1145 3039 1198 istud
3093 1143 3241 1216 loqui
3295 1146 3350 1201 in
3399 1150 3788 1220 superioribus

2193 1229 2564 1285 divisionibus
2610 1240 2779 1301 atque
2821 1234 3340 1291 enumerationibns
3381 1240 3786 1309 comprehensa

2195 1318 2387 1387 utique
2435 1319 2757 1389 inclusaque
2808 1330 2978 1375 sunt:
3014 1337 3140 1375 nam
3173 1339 3295 1392 qua:
3331 1327 3512 1383 verbis
3553 1327 3662 1386 illis
3702 1330 3786 1386 sl-

2195 1409 2562 1480 gnilicantur,
2615 1411 2992 1480 tempestivitas
3025 1412 3329 1480 avellendi;
3384 1428 3459 1482 et,
3507 1419 3780 1488 tempeati-

2194 1500 2329 1553 vitas
2372 1501 2742 1562 custodiendi;
2790 1511 2864 1565 et,
2903 1505 3280 1571 tempestivitas
3327 1506 3646 1574 emittendi;
3695 1518 3772 1576 et,

2195 1588 2573 1656 tempestivitas
2603 1589 2916 1659 acquirendi
2943 1601 3058 1658 ;et,
3091 1590 3468 1662 tempestioitas
3497 1597 3773 1666 perdendi,

2192 1691 2423 1746 quaeque
2459 1677 2544 1732 his
2574 1666 2779 1733 similia
2815 1679 3087 1736 hactenus
3115 1684 3431 1750 retulimus,
3461 1687 3648 1742 omnia
3699 1688 3778 1744 si-

2192 1769 2366 1824 lentio
2397 1779 2494 1825 aut
2543 1771 2760 1842 loquela
2814 1773 3002 1843 peragi
3037 1774 3392 1830 manifestum
3441 1785 3547 1832 est.
3589 1778 3780 1849 Neque
3841 1821 3850 1828 ρ

2190 1861 2336 1916 enim
2370 1861 2662 1933 quisquam
2695 1865 2829 1918 dare
2856 1877 3082 1934 Operam
3133 1876 3332 1934 potest,
3364 1854 3422 1921 ut
3455 1869 3654 1925 avellat
3683 1882 3780 1928 aut

2190 1964 2444 2018 consuat,
2473 1955 2749 2010 custodiat
2772 1963 2867 2009 aut
2891 1957 3128 2020 emittat,
3158 1959 3407 2026 acquirat
3433 1971 3528 2015 aut
3558 1964 3772 2032 perdat,

2201 2043 2542 2115 amplexetur
2575 2054 2670 2100 aut
2714 2046 2784 2100 ab
2828 2048 3172 2118 amplexibus
3209 2051 3448 2116 recedat,
3493 2053 3580 2107 vel
3619 2053 3778 2108 deni-

2197 2151 2304 2206 que
2333 2137 2480 2192 aliud
2522 2137 2651 2208 quid
2693 2147 2820 2208 agat
2851 2153 3210 2210 eorum-qua:
3251 2141 3359 2197 huc
3413 2158 3590 2214 usque
3626 2144 3774 2202 dicta

2188 2235 2344 2291 sunt,
2376 2227 2510 2298 quin
2537 2236 2593 2282 et
2617 2227 2814 2282 silendi
2851 2243 3019 2299 quam
3069 2229 3307 2285 voluerit
3355 2221 3535 2302 legem
3571 2243 3770 2298 servet,

2184 2326 2239 2374 et
2267 2316 2408 2370 idem
2437 2331 2632 2371 rursus
2655 2332 2722 2370 ex
2753 2316 3162 2386 opportunitate
3193 2317 3476 2388 loquatur,
3501 2317 3774 2376 Nimirum

2188 2409 2234 2464 si
2285 2409 2422 2463 nihil
2459 2407 2580 2463 sine
2620 2408 2837 2462 silentio
2875 2417 2930 2462 et
2968 2408 3182 2480 loquela
3228 2409 3434 2466 factum
3481 2412 3771 2477 novimus,

2193 2499 2318 2568 quis
2343 2499 2446 2554 hoc
2483 2499 2586 2554 sibi
2619 2499 2846 2563 tribuat,
2881 2508 2939 2554 ut
2961 2500 3190 2556 omnino
3232 2501 3440 2572 aliquid
3469 2517 3536 2557 ex
3564 2503 3631 2557 iis
3653 2519 3776 2574 qua

2159 2589 2480 2659 .conjuncta
2521 2590 2926 2655 recensuimus,
2959 2600 3222 2660 praestare
3254 2593 3362 2649 alia
3397 2593 3609 2649 ratione
3637 2609 3770 2664 pos-

2185 2681 2260 2738 sit
2289 2681 2312 2734 ?
2344 2681 2398 2734 ld
2428 2695 2558 2736 vero
2592 2681 2637 2734 si
2674 2681 2750 2735 ita
2780 2692 2885 2747 est,
2931 2683 3211 2753 quomodo
3249 2699 3409 2739 suam
3457 2684 3680 2740 silentio
3717 2693 3774 2740 et

2189 2773 2428 2842 loquelae
2461 2771 2938 2843 tctnpestivitatem
2963 2774 3186 2844 sapiens
3225 2773 3585 2832 Ecclesiastes
3616 2773 3774 2830 attri-'

2186 2865 2336 2921 buit?
2364 2881 2598 2936 cumque
2628 2866 2762 2921 nihil
2791 2882 2857 2922 ex
2892 2867 2961 2924 iis
3004 2881 3128 2937 quae
3161 2867 3250 2923 ille
3278 2868 3728 2924 commemoravit
3751 2907 3769 2934 ,

492 2967 810 3034 ἰδιαζόντως
856 2971 1010 3043 φησὶ,
1043 2987 1065 3023 ι
1105 2969 1314 3040 Καιρὺς
1342 2967 1438 3023 τοῦ
1467 2971 1628 3042 σιγᾷν
1655 2970 1750 3023 καὶ
1776 2967 1967 3039 καιρὸς
1985 2965 2077 3020 τοῦ

2185 2958 2306 3015 sine
2350 2958 2571 3014 silentio
2604 2967 2658 3013 et
2695 2959 2913 3029 loquela
2949 2958 3066 3014 ﬁeri
3102 2960 3216 3016 ullo
3257 2961 3418 3016 modo
3447 2960 3640 3030 possit,
3659 2975 3773 3016 cur

485 3059 678 3114 λαλεῖν
698 3077 713 3127 ;
757 3079 777 3112 ι

573 3231 716 3284 ’Δλλ’
749 3231 864 3302 ἔχει
891 3229 1051 3285 λύσιν
1080 3232 1113 3302 ἡ
1141 3231 1346 3302 ἀπορία
1371 3232 1632 3302 τοιαύτην
1663 3249 1676 3262 ο
1727 3233 1810 3286 ὅτι
1842 3231 2080 3284 ἕκαστον

490 3325 596 3396 μὲν
624 3325 732 3377 τῶν
763 3325 1219 3396 προλελεγμένων
1247 3323 1543 3394 συζυγιῶν,
1579 3326 1628 3377 εἰ
1657 3326 1754 3378 καὶ
1774 3327 1849 3394 μὴ
1863 3325 2077 3390 πέφυκε

483 3418 662 3490 χωρὶς
699 3417 794 3471 τοῦ
827 3419 988 3487 σιγᾷν
1015 3417 1050 3488 ἢ
1073 3417 1170 3470 τοῦ
1204 3416 1406 3483 λαλεῖν,
1434 3416 1549 3470 ἀλλ’
1582 3417 1641 3483 ἐξ
1687 3417 1890 3487 ἑτέρων
1943 3417 2078 3470 ὑπο-

480 3507 759 3577 κειμένων
787 3508 1134 3578 πραγμάτων
1159 3507 1436 3578 λαμϐάνον
1466 3509 1678 3569 καὶτὰς
1705 3507 1900 3578 ἀρχὰς,
1935 3505 2078 3560 οὕτω

479 3600 703 3655 δίδωσιν
731 3597 954 3668 εὔλογον
991 3600 1269 3670 πρόφασιν
1301 3599 1379 3670 τῷ
1431 3599 1705 3672 ἀνθρώπῳ
1765 3599 1860 3654 τοῦ
1915 3601 2076 3670 σιγᾷν

478 3691 520 3762 ἦ
549 3691 643 3744 τοῦ
675 3691 858 3746 λαλεῖν
879 3707 892 3721 '
929 3693 1024 3745 καὶ
1049 3695 1375 3762 προηγεῖται
1406 3691 1506 3762 μὲν
1537 3693 1570 3762 ἡ
1606 3691 1742 3760 πρὸς
1768 3691 1830 3744 τὸ
1859 3689 2076 3744 ὑποκεί-

483 3793 650 3848 μενον
686 3779 920 3849 πρᾶγμα
950 3777 1134 3848 κρίσις
1163 3779 1261 3848 τῆς
1310 3780 1707 3850 προαιρέσεως,
1766 3780 1959 3833 ἕπεται
2015 3780 2075 3833 δὲ

477 3868 623 3939 πρὸς
670 3868 772 3939 τὴν
803 3871 861 3922 ὲν
899 3867 976 3938 τῷ
1010 3872 1298 3940 πράγματι
1347 3868 1601 3940 βούλησιν
1630 3869 1692 3922 τὸ
1725 3871 1886 3942 σιγᾷν
1930 3870 1965 3940 ἦ
2013 3869 2074 3922 τὸ

497 3956 702 4011 λαλείνο
743 3953 878 4024 οἷον,
908 3957 1096 4030 καιρός
1125 3960 1243 4012 ἐστι
1272 3958 1365 4012 τοῦ
1394 3957 1626 4030 ζητῆσαι
1647 3975 1662 3991 ο
1699 3958 1876 4014 λαλῶν
1897 3963 2073 4013 ποιεῖ-

478 4067 574 4108 ται
603 4051 697 4106 τοῦ
734 4053 1099 4123 προκειμένου
1125 4052 1222 4124 τὴν
1264 4052 1494 4123 ζήτησιν
1527 4067 1541 4082 ’
1591 4057 1790 4124 καιρός
1815 4055 1930 4106 ἐστι
1973 4053 2068 4108 τοῦ

475 4143 776 4198 ἀπολέσαιο
811 4144 982 4213 σιγῶν
1029 4143 1124 4196 καὶ
1157 4144 1535 4214 παρασιωπῶν
1567 4147 1804 4198 ποιεῖται
1829 4144 1918 4200 διὰ
1971 4147 2069 4218 τῆς

477 4236 885 4307 παρασλέψεως
923 4237 1018 4292 καὶ
1057 4238 1542 4307 παρασιωπήσεως
1609 4237 1704 4290 τοῦ
1740 4239 2068 4309 πράγματος

2185 3057 2369 3104 tamen
2407 3049 2498 3104 hic
2529 3049 2808 3120 sigillatim
2869 3051 3240 3120 pronuntiat:
3279 3070 3299 3105 ι
3348 3050 3772 3123 Tempestivitas

2181 3143 2397 3197 tacendi
2425 3151 2479 3198 et
2510 3143 2909 3212 tempestivitas
2943 3143 3242 3214 loquendi?
3277 3164 3296 3198 ι

2255 3233 2418 3302 Atqui
2441 3233 2843 3287 dubitationem
2876 3235 3036 3289 istam
3071 3235 3254 3296 tollas.
3286 3235 3332 3291 si
3365 3235 3772 3290 animadverte-

2180 3323 2282 3390 ris,
2323 3323 2539 3394 singula
2585 3324 2673 3378 illa
2703 3326 2876 3394 paria,
2900 3341 3020 3396 qua:
3061 3325 3317 3394 superius
3339 3326 3765 3391 enuntiavimus,

2179 3413 2283 3468 etsi
2316 3413 2420 3468 huc
2467 3423 2659 3468 natura
2711 3415 3022 3484 requirunt,
3068 3425 3128 3470 ut
3160 3415 3392 3470 omnino
3423 3415 3642 3470 silentio
3675 3423 3771 3469 aut

2177 3504 2395 3576 loquela
2425 3505 2535 3576 82
2562 3505 2694 3560 [iant
2714 3506 2840 3573 ,-sic
2857 3516 3041 3562 tamen
3073 3505 3282 3560 homini
3316 3505 3522 3574 justam
3557 3504 3768 3560 tacendi

2178 3607 2276 3650 aut
2308 3595 2565 3665 loquendi
2591 3598 2940 3652 occasionem
2965 3596 3115 3663 dare,
3145 3603 3205 3650 ut
3235 3595 3347 3665 ipsa
3375 3596 3479 3650 hoc
3507 3603 3602 3650 aut
3634 3593 3769 3650 illud

2176 3689 2464 3743 exordium
2517 3689 2642 3742 aliis
2688 3705 2752 3742 ex
2795 3689 2964 3743 rebus
3001 3688 3243 3758 capiant,
3293 3703 3434 3758 quas
3487 3685 3768 3756 subiectas

2177 3779 2428 3834 habent:
2467 3789 2578 3832 tum
2617 3778 2892 3848 judicium
2945 3779 3166 3848 quidem
3217 3779 3365 3832 circa
3411 3793 3526 3832 rem
3579 3776 3768 3846 subje-

2177 3880 2318 3926 ctam
2349 3870 2671 3924 antecedere
2715 3869 3022 3936 voluntati;
3063 3869 3239 3939 ipsum
3281 3877 3464 3922 autem
3500 3876 3680 3922 tacere
3711 3875 3767 3921 et

2178 3964 2327 4034 loqui
2360 3973 2475 4018 tum
2506 3963 2794 4032 consequi,
2823 3977 2948 4017 cum
2977 3961 3091 4030 jam
3121 3959 3380 4014 voluntas
3409 3959 3462 4013 in
3487 3974 3546 4012 re
3574 3955 3764 4028 subje-

2175 4065 2260 4110 ('ta
2323 4065 2578 4111 versatur
2610 4073 2623 4108 :
2668 4042 2727 4134 ugt
2756 4054 2819 4134 _si
2857 4053 3256 4123 tempestivitas
3291 4053 3364 4107 sit
3407 4048 3763 4121 acquimndi,

2173 4148 2406 4217 loquens
2450 4146 2528 4201 rei
2579 4125 2845 4215 subjectae
2905 4144 3322 4214 inquisitionem
3382 4142 3671 4198 instituit:
3713 4142 3762 4198 si

2173 4238 2568 4306 tempestivitas
2597 4237 2665 4292 sit
2695 4235 2981 4306 perdendi,
3017 4235 3240 4291 silentio
3281 4219 3469 4291 tacens
3498 4251 3598 4306 per
3625 4249 3764 4290 con-

477 4329 583 4400 τὴν
640 4327 944 4382 ἀπώλειαν.
995 4329 1231 4398 Ὁμοίως
1260 4329 1333 4380 δὲ·
1351 4329 1445 4382 καὶ
1475 4329 1562 4398 ἐφ’
1593 4330 1810 4400 ἑκάστῳ
1833 4331 1942 4384 τῶν
1967 4331 2065 4384 άλ-

2183 4329 2470 4383 niventiam
2495 4343 2560 4383 ac
2583 4328 2926 4383 reticentiam
2954 4327 3032 4382 rei
3053 4327 3410 4382 amissionem
3441 4326 3595 4381 facit.
3631 4324 3758 4380 Pari

473 4419 589 4474 λων
625 4419 957 4492 φιλοκρινεῖν
987 4438 1074 4485 τις
1115 4421 1184 4474 τὰ
1213 4419 1440 4474 τοιαῦτα
1490 4421 1838 4492 βουλόμενος,
1896 4424 2065 4494 εὑρή-

475 4527 566 4566 σει
594 4514 694 4582 τὴν
727 4513 850 4584 ῖσην
889 4513 984 4566 καὶ
1016 4515 1116 4583 τὴν
1146 4513 1318 4582 αὐτὴν
1342 4513 1620 4568 ἀπόδοσιν.
1666 4513 1933 4568 Ἐνταῦθα
1986 4513 2064 4580 δὲ,

475 4603 648 4678 χωρὶς
681 4603 844 4658 ἄλλου
875 4605 1020 4668 τινὸς
1058 4604 1530 4676 προῦποκειμένου
1590 4605 1917 4676 πράγματος
1974 4604 2068 4659 τοῦ

471 4695 993 4764 καταναγκάζοντος
1021 4696 1182 4768 σιγᾷν
1211 4695 1245 4768 ἢ
1285 4695 1489 4758 λαλεῖν,
1522 4695 1654 4750 ἴδιον
1688 4697 1804 4766 ἔχει
1847 4697 2060 4769 καιρόν.

478 4787 595 4842 Καὶ
618 4787 768 4841 δοκεῖ
810 4786 970 4841 τοῦτό
1005 4804 1123 4852 πως
1161 4781 1302 4842 εἶναι
1349 4787 1789 4843 καθολικώτατον
1847 4788 2066 4844 πάντων

478 4878 592 4933 τῶν
623 4881 681 4934 ὲν
714 4878 791 4944 τῷ
836 4879 938 4952 βίῳ
959 4879 1336 4950 πραγμάτων.
1399 4881 1740 4952 Ἐνεργεῖται
1801 4881 1902 4952 μὲν
1955 4881 2065 4954 γὰρ

487 4971 587 5026 καὶ
615 4972 706 5025 ἐπὶ
740 4972 942 5035 πάσαις
971 4973 1092 5036 ταῖς
1145 4971 1578 5044 προειρημέναις
1629 4971 1935 5042 συζυγίαις,
1988 4973 2065 5038 ὡς

474 5063 728 5136 ἔφθημεν
761 5065 1164 5130 είπόντες,τοῖς
1197 5063 1322 5118 νοῦν
1351 5064 1568 5134 ἔχουσιν
1602 5065 1938 5137 ἐρρωμένον,
1967 5067 2065 5119 καὶ

473 5157 546 5212 τὰ
575 5158 860 5228 φωνητικὰ
878 5155 981 5229 τῆς
997 5155 1284 5222 διαλέξεως
1301 5156 1512 5230 ὂργανα
1531 5159 1768 5229 πάμπαν
1781 5157 2060 5229 ἀλώὸηταο

476 5249 976 5322 παραλαμϐάνεται
1002 5249 1061 5303 δὲ
1089 5249 1186 5304 καὶ
1214 5251 1308 5303 ἐπὶ
1345 5251 1516 5304 πᾶσιν
1547 5249 1730 5314 ἄλλοις
1758 5251 1852 5304 καὶ
1902 5251 2067 5306 πνευ-

478 5345 735 5412 ματικοῖς
751 5344 846 5396 καὶ⁵
867 5343 1224 5412 σωματικοῖς,
1255 5342 1354 5397 καὶ.
1373 5342 1540 5408 θείοις
1567 5342 1662 5398 καὶ¹
1677 5341 2060 5416 ἀνθρωπίνοις.

473 5434 722 5506 Πάρεστι
759 5431 855 5488 τοῦ
905 5433 1239 5503 καθευδῆσαι
1291 5435 1531 5507 καιρόςς
1579 5435 1863 5490 ἀκολουθεῖ
1913 5453 2064 5506 τηνι-

471 5525 654 5581 καῦτα
677 5525 741 5581 τὸ
770 5526 932 5596 σιγᾷν
953 5523 1190 5587 πάντως.
1221 5525 1546 5597 Ἑξανέστης
1569 5526 1664 5580 τοῦ
1690 5525 1860 5581 ὕπνου
1895 5544 1909 5592 ;
1940 5527 2061 5580 τότε

471 5617 673 5690 καιρός
696 5619 812 5670 ἐστι
841 5617 936 5670 τοῦ
967 5617 1058 5671 λα)
1071 5619 1170 5673 εῖν.
1196 5617 1615 5691 Προσελψωθας
1637 5621 1696 5673 ὲν
1713 5620 2062 5692 ,προσήκοντι

549 5773 596 5806 ⁸⁸
629 5772 789 5829 Rom.
828 5787 924 5835 xu,
955 5773 1008 5828 8.

2173 4430 2356 4475 autem
2389 4418 2553 4500 modo
2591 4419 2646 4474 in
2681 4419 2918 4474 aliorum
2960 4420 3214 4492 singulis,
3250 4419 3298 4474 si
3342 4418 3466 4489 quis
3493 4417 3623 4474 talia
3647 4423 3762 4474 ὀι-

2170 4511 2409 4582 pendere
2457 4511 2716 4575 voluerit,
2776 4511 3014 4567 similem
3051 4511 3411 4583 eamdemque
3459 4510 3760 4568 convenire

2169 4607 2613 4677 explanationem
2652 4609 2980 4678 comperiet.
3017 4607 3118 4665 Hic
3141 4606 3311 4674 vero,
3349 4607 3480 4677 quin
3511 4606 3620 4662 alia
3664 4619 3758 4662 res

2171 4699 2280 4755 ulla
2319 4697 2570 4768 subjecta
2610 4697 2708 4763 sit,
2735 4714 2858 4769 (ποτε
2889 4699 3279 4756 necessitatem
3316 4695 3511 4752 alerat
3538 4694 3754 4754 tacendi

2169 4799 2265 4848 aut
2303 4789 2590 4862 loquendi,
2619 4790 2842 4860 propria
2871 4790 3092 4862 utrique
3111 4791 3190 4845 rei
3225 4788 3628 4860 tempestivitas
3666 4801 3757 4842 as.

2172 4885 2441 4954 signatur.
2463 4881 2644 4952 Atque
2666 4884 2781 4938 haec
2806 4883 2918 4939 duo
2940 4884 2994 4938 in
3026 4883 3312 4938 hominum
3335 4881 3443 4936 vita
3469 4877 3604 4936 illud
3628 4893 3754 4935 esse

2167 4977 2576 5049 quodammoJo
2633 4975 2910 5040 videntur,
2977 4974 3126 5047 quod
3173 4989 3244 5031 ex
3300 4973 3560 5028 omnibus
3589 4970 3756 5026 rebus
3806 5030 3822 5045 ,

2168 5069 2417 5125 maxime
2452 5076 2657 5140 pateat.
2705 5065 2842 5124 Cum
2875 5067 3022 5122 enim
3062 5067 3115 5122 in
3141 5067 3396 5136 'paribus
3427 5065 3538 5120 illis
3569 5065 3753 5119 omni-

2173 5163 2278 5219 bus
2322 5178 2444 5234 quae
2467 5170 2624 5217 antea
2647 5161 3047 5224 recensuimus,
3073 5158 3344 5230 siquidem
3362 5165 3418 5214 et
3435 5173 3570 5213 sana
3598 5171 3755 5212 mens

2167 5256 2260 5322 sit,
2288 5263 2344 5310 et
2365 5255 2625 5325 loquendi
2659 5253 2894 5309 facultas
2914 5253 3159 5320 innoxia,
3194 5250 3494 5322 plurimum
3527 5249 3750 5313 valent;

2165 5357 2281 5402 tum
2316 5355 2367 5400 et
2387 5346 2568 5402 locum
2587 5346 2674 5402 his
2691 5359 2813 5402 esse
2835 5345 3048 5400 caeteris
3087 5343 3141 5399 in
3166 5343 3331 5399 rebus
3357 5347 3603 5412 apparet,
3636 5341 3756 5396 sive

2167 5439 2508 5511 spiritalibus
2537 5439 2656 5495 sive
2677 5436 2983 5508 corporeis,
3014 5436 3130 5492 sive
3167 5433 3374 5490 divinis
3413 5433 3528 5488 sive
3558 5432 3755 5486 huma-

2168 5532 2276 5586 nis.
2316 5520 2482 5601 Finge
2520 5530 2832 5586 dormiendi
2882 5529 3073 5584 horam
3115 5529 3307 5584 adesse
3345 5527 3498 5595 :jam
3556 5534 3611 5580 et
3654 5521 3753 5578 tibi

2169 5622 2388 5692 penitus
2421 5621 2710 5678 tacendum
2751 5621 2951 5688 est.,At
3005 5621 3050 5677 si
3092 5633 3288 5676 somno
3335 5615 3756 5688 expergefactus
