4036 6398
423 343 533 410 869

1486 331 1568 392 ΙΝ
1600 305 2182 390 ECCLESIASTEN.
2221 342 2288 353 —
2316 315 2469 377 LIB.
2507 314 2626 376 III.

3615 313 3722 374 87ft

425 437 668 532 μάλιστα
691 451 900 508 τούτων
935 449 1138 522 ἐδεήθη
1171 447 1268 504 καὶ
1295 446 1488 520 χρείαν
1518 443 1644 515 έσχε
1675 441 1785 496 τῶν
1815 433 2034 492 ἐννοιῶν

2139 427 2340 482 simum
2390 435 2444 482 et
2480 425 2771 482 sententiis
2807 434 2860 480 et
2916 423 3172 480 formulis
3203 438 3342 496 epus
3398 424 3520 481 fuit.
3563 425 3722 483 Post-

423 531 518 608 καὶ
542 549 657 606 τῶν
683 531 907 612 λέξεων.
941 542 1083 616 Περὶ⁵
1114 542 1226 614 γὰρ
1255 541 1349 595 τοῦ
1381 539 1578 612 χρόνου
1595 531 1890 605 διειληφὼς
1929 532 2024 587 καὶ

421 646 534 700 τῶν
562 640 707 698 κατά
742 635 1010 704 συζυγίαν
1050 635 1264 709 καιρῶν
1317 630 1720 704 ἀντικειμένως
1774 627 2024 699 παραλη-

311 729 316 732 ’
424 735 701 807 φθέντων,
738 731 836 786 καὶ
861 729 1206 800 θεασάμενος
1233 725 1336 798 τῆς
1389 723 1745 796 ἀνθρωπίνης
1807 718 2026 790 φύσεως

423 828 526 901 τὴν
559 826 877 888 ἀσθένειαν,
909 823 987 888 ὡς
1014 821 1120 878 οὐκ
1177 818 1574 890 ἐξικνουμένης
1621 816 1715 871 τὸν
1773 811 2027 868 τοσοῦτον

426 921 598 976 κόπον
629 916 797 988 δῆθεν
833 913 1272 986 ἀναλαμϐάνειν,
1327 911 1423 966 καὶ
1472 907 1839 983 περισκοπεῖν
1893 902 2026 958 ἐκάο

429 1030 561 1068 στου
584 1011 916 1084 πράγματος
943 1007 1040 1062 τοῦ
1071 1004 1243 1062 καλοῦ
1271 1005 1368 1060 καὶ
1400 1001 1772 1075 συμφέροντος
1809 997 1960 1052 ἀντιο
1972 996 2028 1049 ἐ-

427 1123 535 1170 τως
563 1099 993 1175 λαμϐανομένου
1041 1101 1138 1155 καὶ
1160 1097 1347 1170 ζητεῖν
1378 1097 1471 1151 τὸν
1501 1093 1716 1166 καιρὸν,
1741 1089 1856 1146 ἀλλ’
1891 1087 2028 1157 ἰλιγς

426 1187 637 1266 γῖώσης
695 1194 837 1266 πρὸς
889 1192 989 1258 ea;
1041 1190 1334 1261 γεγονυίας
1381 1187 1676 1260 διαιρέσεις
1729 1183 1882 1254 παρά
1929 1178 2027 1234 τοῦ

442 1286 887 1360 Ἐκκλησιαστοῦ
917 1285 1029 1339 τῶν
1077 1281 1481 1353 ἀντικειμένων
1539 1276 1771 1349 καιρῶν,
1826 1275 2028 1346 χρῆναι

433 1381 617 1443 καλῶς
647 1380 803 1452 ᾠήθη
843 1377 1131 1446 συντόμως
1187 1376 1330 1444 ἄγαν
1363 1375 1457 1429 καὶ
1487 1371 1582 1428 νῦν
1615 1367 1775 1435 αὖθις
1811 1369 2027 1421 συστεῖ-

430 1472 523 1526 λαι
571 1470 634 1526 τὺ
686 1470 960 1544 φρύαγμα
1003 1467 1104 1538 τῆς
1157 1467 1394 1538 οἰήσεως
1444 1465 1545 1536 τῆς
1593 1459 2030 1535 περιαπωμένης

436 1561 569 1635 περὶ
618 1559 720 1632 τὴν
773 1559 973 1629 κτῆσιν
1013 1556 1124 1612 τῶν
1189 1555 1440 1628 ματαίων
1505 1553 1600 1608 καὶ
1655 1549 2030 1622 φθειρομένων

433 1651 619 1723 ψυχῆς
649 1650 790 1722 πρὸς
835 1648 1176 1720 ἀπράγμονα
1232 1645 1330 1700 καὶ
1369 1641 1655 1706 παντελῶς
1714 1639 2032 1709 ἀπερίσπας

437 1757 565 1796 στον
597 1740 742 1812 ζωήν
781 1739 878 1793 καὶ
914 1735 1266 1808 γαληνιῶσαν
1323 1735 1664 1789 κατάστασιν
1714 1729 2028 1800 συνωθῆσαι

431 1835 538 1906 τὴν
572 1831 944 1924 φιλόπλουτον
976 1829 1228 1900 γνώμην.

505 1911 610 1980 Διά
661 1924 824 1978 τοῦτό
867 1939 1054 1994 φησιν,
1105 1938 1127 1972 ι
1163 1919 1259 1984 Τίς
1289 1917 1579 1990 περίσσεια
1615 1914 1712 1969 τοῦ
1748 1911 2032 1976 ποιοῦντος

435 2019 495 2072 ἐν
525 2013 608 2081 οἷς
644 2015 810 2078 αὐτὸς
841 2013 1066 2086 μοχθεῖ;
1108 2030 1127 2065 ι
1176 2009 1461 2082 μονονουχὶ
1511 2006 1622 2078 γάρ
1655 2021 1845 2076 φησιν,
1879 2003 1942 2056 Εἰ
1972 2000 2032 2056 δέ

437 2108 570 2180 περὶ
602 2108 824 2163 πάντων
849 2104 958 2158 τῶν
991 2103 1133 2158 κατά
1164 2101 1260 2156 τὸν
1293 2100 1407 2172 βίον
1445 2098 1666 2169 ἀγαθῶν
1711 2097 1807 2152 καὶ
1853 2095 2032 2150 καλῶν

436 2202 556 2258 καὶ.
581 2197 882 2254 λυσιτελῶν
928 2197 1056 2250 ἴδιον
1103 2195 1217 2266 ἐγὼ
1249 2193 1444 2265 καιρὸν
1490 2191 1628 2261 ἔφην
1655 2189 1930 2260 ὑπάρχειν
1953 2180 1982 2218 ”
2005 2187 2034 2241 ό

435 2294 497 2349 δὲ
548 2290 720 2354 πολὺς
773 2289 1086 2358 ἄνθρωπος,
1123 2285 1474 2348 κατοκλάσας
1513 2281 1642 2354 περὶ
1692 2280 1793 2350 τὴν
1823 2277 2032 2333 τούτων

447 2383 702 2456 μελέτην,
737 2381 800 2435 οὐ
836 2381 1088 2452 βούλεται
1116 2376 1325 2432 τιθέναι
1355 2373 1594 2444 σπουδὴν
1622 2374 1681 2426 ἐν
1712 2373 1826 2434 τοῖς
1857 2368 2036 2424 τοιού-

443 2491 595 2539 τοις,
633 2471 767 2526 ἀλλά
801 2470 962 2542 μόνον
997 2469 1207 2522 ἐκεῖνον
1241 2467 1387 2537 ἔχειν
1419 2463 1594 2518 ἐθέλει
1626 2463 1719 2516 τὸν
1757 2475 2036 2532 περισπα-

447 2566 590 2639 σμδν
615 2566 709 2620 καὶ
737 2563 832 2618 τὸν
865 2562 1089 2634 μόχθον,
1123 2561 1189 2614 δι’
1217 2554 1280 2616 οὗ
1317 2555 1664 2634 συναθροίσει
1692 2555 1789 2609 καὶ
1817 2549 2036 2618 συνάξει

443 2655 890 2714 πολλαπλασίονα
953 2655 1053 2710 καὶ
1127 2651 1475 2708 παντοδαπὸν
1539 2649 1631 2705 τὸν
1679 2647 2038 2720 φθειρόμενον

442 2748 702 2816 πλοῦτον,
731 2749 828 2804 καὶ
856 2746 1131 2821 μηδεμίαν
1159 2745 1346 2816 ὄνησιν
1369 2741 1737 2815 προξενοῦντα
1765 2742 1877 2804 τοῖς
1905 2755 2040 2810 κτη-

449 2843 733 2916 σαμένοις,
767 2839 910 2912 πλὴν
938 2836 1033 2892 τοῦ
1071 2839 1266 2909 φαγεῖν
1300 2837 1396 2890 καὶ
1425 2837 1574 2889 πιεῖν
1593 2851 1608 2867 ο
1641 2833 1852 2888 εῑπάτω
1878 2830 2038 2886 ποίαν

449 2934 774 3006 περίσσειαν
819 2927 1155 2997 ἐπελπίζων,
1203 2929 1302 2984 καὶ
1351 2929 1490 3000 πρὸς
1527 2927 1682 2980 ποῖον
1713 2923 2040 2980 ἀποϐλέπων

2112 1349 2330 1408 'eorum
2388 1367 2585 1408 rursus
2647 1351 3080 1420 comprimeret,

2134 534 2299 591 quam
2333 518 2480 574 enim
2525 517 2593 573 de
2627 526 2872 588 tempore
2900 532 2964 573 ac
3003 517 3072 573 de
3116 517 3454 588 comparatis
3499 517 3724 588 opposi-

2133 625 2318 667 tarum
2361 625 2553 666 rerum
2593 610 3112 680 tempestivita'libus
3142 609 3424 676 disseruit,
3465 611 3724 666 humanae

2135 713 2347 760 naturae
2390 704 2828 759 imbecillitatem
2879 703 3312 774 contemplatus,
3351 719 3473 774 quae
3509 713 3722 760 tantum

2135 798 2244 853 sibi
2273 798 2517 852 laborem
2553 812 2836 853 assumere
2863 811 2970 852 non
2999 805 3210 868 pergat,
3247 807 3306 850 ut
3337 796 3391 850 in
3427 796 3518 851 illa
3547 812 3715 866 oppoo

2135 891 2333 948 sitione
2368 892 2638 962 cujusque
2664 891 2744 944 rei
2777 889 2932 945 boum
2960 899 3122 959 atque
3153 889 3306 943 utilis
3327 891 3723 959 tempestivita-

2136 986 2242 1038 lem
2274 981 2580 1053 distinguat
2607 989 2775 1050 atque
2810 982 3110 1052 perquirat,
3141 981 3445 1050 eademque
3484 981 3549 1034 ad
3587 997 3724 1034 con-

2133 1077 2342 1134 ’trarias
2386 1078 2572 1148 potius
2607 1075 3105 1145 tempestivitates,
3169 1087 3310 1143 quas
3363 1071 3722 1128 Ecclesiastes

2135 1168 2468 1238 designavit,
2507 1167 2668 1238 quasi
2715 1164 2980 1236 vertigine
3019 1164 3344 1238 delabatur“
3391 1178 3568 1232 operae
3601 1179 3724 1231 pre-

2137 1259 2270 1313 tium
2325 1257 2505 1323 duxit,
2557 1257 2605 1313 si
2659 1257 2742 1312 vel
2789 1257 2968 1311 obiter
3013 1255 3104 1311 hic
3152 1255 3317 1309 etiam
3373 1253 3722 1309 insolentiam

3159 1363 3396 1417 quorum
3457 1361 3591 1402 cura
3664 1347 3722 1400 in

2141 1440 2310 1495 rebus
2340 1441 2500 1496 vanis
2533 1449 2586 1495 ct
2619 1440 2803 1495 animo
2849 1439 3186 1512 perniciosis
3220 1445 3331 1492 tota
3362 1445 3632 1500 versatur,
3669 1447 3724 1490 et

2140 1529 2312 1586 simul
2342 1529 2568 1584 eosdem
2607 1545 2636 1584 a
2674 1528 2991 1582 divitiarum
3028 1525 3324 1595 cupiditate
3371 1525 3436 1577 ad
3477 1521 3723 1590 quietam

2138 1623 2312 1676 vitam
2365 1637 2432 1677 ac
2465 1631 2644 1676 tutum
2676 1621 2786 1692 87
2819 1619 2984 1692 plane
3013 1616 3485 1688 tranquillumque
3518 1625 3722 1670 statum

2139 1715 2475 1771 traduceret.

2207 1889 2422 1946 idcirco
2451 1889 2574 1954 ait;
2601 1906 2621 1940 ι
2647 1887 2783 1954 Quae
2812 1886 3148 1942 abundantia
3167 1883 3420 1941 facientis
3438 1885 3492 1938 in
3521 1883 3726 1953 quibus

2135 1981 2252 2053 ipse
2285 1981 2540 2037 laborat?
2584 1999 2603 2032 ι
2635 1981 2783 2035 velut
2832 1979 2879 2035 si
2916 1979 3126 2034 diceret
3156 1995 3172 2032 ;
3209 1977 3413 2032 Rerum
3467 1975 3722 2046 equidem

2135 2072 2384 2127 omnium
2433 2087 2552 2139 quae
2583 2073 2654 2126 in'
2684 2072 2794 2126 vita
2837 2079 2965 2128 sunt
3013 2071 3158 2126 bona
3209 2078 3302 2124 aut
3355 2068 3580 2138 pulchra
3629 2072 3726 2119 aut

2136 2162 2310 2235 utilia,
2367 2163 2643 2232 propriam
2709 2177 2835 2216 esse
2889 2160 3376 2230 tempestivitatem
3436 2156 3721 2220 iudicavi;
3817 2160 3834 2168 ·

2133 2270 2260 2312 cum
2311 2264 2492 2310 tamen
2543 2256 2790 2326 plerique
2834 2255 3122 2312 hominum
3155 2254 3208 2307 in
3242 2267 3432 2308 eorum
3466 2263 3602 2305 cura
3640 2248 3722 2300 la-

2135 2348 2356 2413 bantur,
2393 2362 2494 2403 nee
2532 2348 2871 2419 diligentiam
2925 2347 2996 2402 ob
3029 2361 3092 2402 ea
3134 2346 3300 2400 ullam
3341 2343 3606 2398 adhibere
3633 2355 3727 2394 ve-

2136 2441 2282 2508 lint;
2339 2448 2504 2511 atque
2533 2456 2702 2494 unum
2750 2440 2909 2502 illum
2945 2453 3156 2509 magnae
3203 2431 3591 2490 sollicitudinis
3645 2430 3726 2484 la-

2138 2533 2330 2590 borem
2395 2532 2588 2588 subire
2645 2543 2876 2598 alnent,
2948 2545 3058 2601 quo
3115 2529 3320 2582 multas
3369 2514 3486 2580 'sibi
3541 2521 3726 2578 omnis

2139 2627 2358 2698 generis
2389 2641 2524 2698 opes
2554 2627 2912 2694 eaducasque
2939 2623 3158 2678 divitias
3178 2627 3528 2690 comparent,
3557 2615 3723 2680 unde.

2139 2732 2265 2772 cum
2301 2716 2481 2786 adepti
2515 2715 2742 2778 fuerint,
2774 2715 2979 2768 nullam
3011 2720 3211 2784 praeter
3237 2710 3420 2764 cibum
3453 2715 3508 2762 et
3533 2714 3726 2778 potum

2141 2809 2432 2863 utilitatem
2473 2806 2694 2863 auferre
2725 2807 2980 2877 possint;
3024 2803 3236 2868 dicant,
3273 2815 3383 2871 qua
3437 2795 3728 2853 abundan-

2142 2901 2230 2958 tia:
2261 2915 2376 2974 spe,
2414 2914 2592 2972 quove
2626 2899 2730 2954 sibi
2762 2897 3096 2968 compendio
3138 2894 3210 2950 iis
3251 2909 3282 2949 e
3317 2893 3482 2948 rebus
3519 2904 3726 2960 propo-

451 2984 1049 3098 ᾟνὲισὶῴὲρᾷνξ
1093 2984 1176 3086 οῖς
1229 2984 1410 3084 αὐτὸς.
1445 2984 1644 3090 εθρεθῇ
1685 3014 1902 3088 μοχθῶν
1945 3015 2034 3070 καὶ

2143 2993 2284 3060 site,
2331 3009 2472 3064 quas
2502 2993 2648 3048 duro
2686 2991 3004 3061 miseroque
3035 2988 3222 3046 studio
3255 2984 3538 3058 prosecuti
3574 2992 3726 3047 sunt,

447 3115 1008 3188 ταλαιπωρούμενος,
1061 3110 1427 3186 αἱρετώτερον
1483 3109 1658 3164 οῐεται
1707 3107 1899 3162 τοῦτον
1947 3105 2040 3160 τὸν

451 3209 652 3280 μόχθον
681 3207 778 3262 καὶ
809 3207 904 3261 τὸν
935 3204 1322 3277 περισπασμδν
1364 3203 1457 3257 καὶ
1487 3203 1581 3256 τὸν
1611 3201 1781 3255 κόπον
1809 3199 1908 3270 τῆς
1941 3197 2037 3252 ἐπὶ

446 3300 514 3370 τῇ
548 3295 768 3369 εὑρέσει
811 3295 922 3351 τῶν
960 3295 1292 3366 προσφόρων
1337 3291 1548 3362 καιρῶν
1577 3288 1899 3362 ἐπιμελείας
1941 3287 2038 3342 καὶ

447 3389 735 3461 ζητήσεως
780 3389 877 3442 καὶ
905 3387 1126 3460 νήψεως
1156 3383 1452 3459 εὐτρεχοῢς
1483 3384 1582 3438 καὶ
1621 3375 2048 3458 νηφαλιότητοςί

447 3482 552 3537 [vat
563 3481 838 3553 μηδέποτε
865 3481 1220 3552 διαμαρτήσῃ
1247 3479 1346 3550 τῆς
1367 3477 1581 3548 ἀγαθῆς
1609 3476 1705 3530 καὶ
1729 3472 2039 3538 λυσιτελοῦς

449 3570 708 3641 πράξεως
728 3587 744 3636 ;

533 3663 675 3718 Ἀλλ’
729 3661 973 3736 εὔδηλον,
1019 3663 1097 3728 ὡς
1137 3662 1397 3734 οὐδεμίαν
1453 3663 1776 3734 περίσσειαν
1823 3659 2038 3725 ἐλπίζει

449 3753 842 3808 λυσιτελοῦσαν
873 3753 970 3809 καὶ
1001 3754 1298 3826 σωστικὴν,
1325 3754 1450 3808 οὐδὲ
1477 3754 1670 3826 κέρδος
1689 3752 2036 3824 ὀνησιφόρον.

466 3846 554 3910 Ὠς
579 3847 690 3917 γὰρ
725 3846 934 3900 ἐπίπαν
963 3843 1312 3916 ἢφθονηθεὶς
1347 3843 1436 3898 διὰ
1456 3843 1548 3898 τὸν
1583 3842 1818 3896 πλοῦτον
1847 3844 1876 3894 ό
1902 3858 2038 3894 κατ-

449 3938 594 4008 έχων
641 3937 804 3993 αὑτὸν
837 3937 970 4009 παρ’
991 3936 1194 4007 ἑτέρων
1221 3934 1613 4006 ἐπεϐουλεύθη,
1643 3935 1738 3990 καὶ
1763 3933 2040 3996 διαϐολαῖς

450 4031 658 4102 ἐϐλήθη
703 4031 798 4086 καὶ
828 4029 1222 4100 συκοφαντίαις
1267 4029 1716 4102 χαλεπωτάταιςο
1750 4027 1846 4080 καὶ
1899 4027 2040 4097 μετά

446 4123 549 4178 τοῦ
604 4123 840 4177 πλούτου
894 4123 990 4176 καὶ
1047 4123 1147 4193 τῆς
1208 4121 1344 4184 ίδίας
1388 4119 1551 4190 ,ζωῆς
1604 4117 1888 4190 ἐζημιώθη
1940 4118 2039 4189 τὴν

451 4213 727 4286 ὓπαρξινο
763 4213 797 4282 ἢ
833 4212 1012 4267 πολλά
1065 4213 1312 4283 μογήσας
1363 4213 1458 4266 καὶ
1511 4209 1907 4282 κακοπαθήσας
1946 4211 2040 4265 καὶ

449 4301 815 4377 τληπαθήσπς
861 4305 952 4360 διά
983 4305 1082 4376 τήν
1133 4306 1228 4358 τοῦ
1277 4303 1511 4359 πλούτου
1561 4305 1906 4376 συνάθροισιν
1946 4304 2038 4360 τόν

449 4399 716 4468 ἐξαπίνης
737 4397 1165 4468 ἀπροσδοκήτως
1190 4396 1490 4451 ἐπελθόντα
1511 4396 1743 4450 θάνατον
1772 4396 1918 4467 ἔσχε,
1944 4395 2038 4448 καὶ

2143 3085 2388 3141 laborem
2439 3084 2608 3164 istum
2663 3091 2718 3138 et
2769 3081 3080 3138 molestiam
3117 3088 3172 3136 ct
3205 3093 3397 3134 curam
3451 3077 3726 3148 potiorem

2065 3157 2109 3216 (ἶ
2144 3184 2360 3248 putant,
2395 3157 2560 3247 quam
2615 3188 2736 3230 eam
2781 3172 3152 3242 diligentiam,
3209 3185 3334 3241 qua:
3367 3169 3422 3224 in
3458 3175 3729 3238 opportu-

2141 3268 2314 3323 nitate
2343 3281 2528 3322 rerum
2554 3263 2937 3336 investiganda
2967 3271 3226 3334 ponatur,
3255 3268 3350 3316 aut
3379 3275 3546 3332 quam
3575 3257 3724 3312 illam
3751 3282 3763 3294 -

2140 3358 2494 3416 sobrietatem
2548 3371 2614 3412 ac
2653 3357 2914 3412 solertem
2952 3353 3398 3424 temperantiam,
3441 3367 3565 3422 qua:
3603 3365 3728 3421 per-

2141 3459 2304 3522 petuo
2334 3464 2436 3506 nos
2465 3449 2609 3505 intra
2641 3448 2777 3504 recti
2808 3455 2864 3504 et
2895 3445 3048 3502 utilis
3075 3447 3212 3501 lines
3241 3442 3566 3503 contineat?

2209 3653 2378 3724 Atqui
2409 3653 2582 3724 liquet
2611 3652 2881 3724 profecto,
2916 3651 3122 3708 nullam
3165 3650 3253 3707 his
3282 3651 3470 3706 utilem
3505 3650 3721 3722 copiam

2141 3759 2207 3802 ac
2233 3747 2560 3813 salutarem,
2584 3745 2795 3800 nullum
2823 3760 2946 3800 esse
2973 3743 3322 3800 commodum
3349 3751 3446 3798 aut
3469 3757 3726 3812 compen-

2139 3839 2336 3904 dium,
2397 3839 2546 3908 quod
2606 3846 2848 3909 sperent.
2909 3835 3047 3891 Nam
3103 3835 3198 3906 qui
3253 3834 3460 3890 divitiis
3513 3834 3726 3906 potitus

2141 3931 2328 3998 fuerit,
2364 3929 2526 3987 livori
2567 3930 2796 3986 omnino
2824 3937 2880 3985 et
2909 3929 3133 3985 invidiae
3165 3928 3462 3989 obnoxius,
3495 3935 3548 3984 et
3586 3927 3726 3983 insi-

2139 4024 2248 4080 diis
2275 4039 2595 4095 oppressns,
2647 4031 2702 4079 et
2731 4022 3029 4080 calumniis
3077 4031 3245 4092 atque
3275 4015 3560 4076 conviciis
3598 4035 3726 4092 gra-

2139 4116 2384 4172 vissimis
2442 4115 2724 4186 appetitus
2771 4125 2876 4180 est,
2931 4123 2990 4170 ut
3034 4114 3348 4169 divitiarum
3396 4113 3562 4168 etiam
3598 4128 3722 4169 cum

2139 4205 2260 4276 ipsa
2313 4206 2426 4262 vita
2485 4205 2854 4262 substantiam
2897 4204 3174 4260 amitteret
3227 4223 3242 4259 :
3299 4203 3482 4274 itaque
3534 4203 3726 4258 multis

2137 4313 2306 4369 opum
2347 4297 2818 4368 congerendarum
2850 4311 3024 4352 causa
3053 4294 3342 4354 laboribus
3369 4304 3424 4350 et
3459 4293 3726 4350 aerumnis

2138 4403 2282 4460 aegre
2339 4385 2670 4450 exantlatis,
2727 4393 2958 4441 mortem
3023 4385 3322 4455 improviso
3381 4384 3726 4453 ingruentem

449 4491 780 4561 κατέπεμπε
810 4489 905 4542 τὸν
930 4488 1162 4541 πλοῦτον
1191 4489 1304 4552 τοῖς
1322 4487 1540 4559 ἐχθροῖς
1558 4487 1653 4540 καὶ
1672 4485 1947 4556 μισοῦσιν.
1971 4487 2034 4540 Εἰ

2143 4478 2359 4544 sensit,
2412 4488 2464 4533 et
2521 4477 2743 4533 divitias
2802 4477 3044 4532 inimicis
3111 4471 3558 4547 adversariisque
3607 4475 3728 4532 suis

449 4581 512 4636 δέ
537 4563 704 4652 μηδὲν
720 4577 984 4648 περισσὸν
1019 4577 1115 4630 καὶ
1137 4577 1406 4630 σωστικὸν
1438 4575 1734 4646 εὑρίσκεις,
1756 4575 2034 4646 ἄνθρωπε,

448 4671 540 4725 διὰ
563 4668 936 4724 τοῦ’τοιούτου
968 4667 1356 4741 περισπασμοῦ
1388 4669 1482 4722 καὶ
1507 4667 1802 4740 μόχθου,τί
1835 4669 2035 4740 δήποτε

453 4761 532 4834 μὴ
557 4760 859 4835 διαρρήξας
897 4761 994 4815 καλ¹
1025 4760 1350 4814 καταλιπὼν
1389 4761 1490 4824 τὰς
1548 4761 1742 4832 ἄρχεις
1775 4747 2034 4833 τὰς’κατ-

450 4852 683 4924 εχούσας
707 4869 767 4906 σε
792 4851 932 4924 πρὸς
959 4851 1059 4924 τήν
1091 4850 1188 4906 τοῦ
1228 4853 1437 4922 κόσμου
1473 4851 1658 4921 φιλίαν
1689 4853 1781 4905 καὶ
1815 4851 1913 4922 τήν
1941 4851 2037 4905 τοῦ

451 4945 690 5000 πλούτου
707 4945 1105 5017 προσπάθειαν,
1128 4943 1456 5015 μεταϐαλεῖς
1471 4943 1568 4997 καὶ
1589 4942 1917 5014 μεταθήσεις
1936 4944 2038 5015 τήν

451 5035 776 5104 ἐπιμέλειαν
793 5036 991 5091 καὶτὸν
1009 5036 1210 5107 μόχθον
1231 5036 1290 5088 ὲν
1305 5037 1370 5106 τῇ
1387 5033 1677 5106 ἀνευρέσει
1695 5035 1800 5088 τῶν
1816 5035 2038 5104 ἀγαθῶν

452 5128 550 5182 καὶ
586 5127 882 5189 λυσιτελῶν
911 5145 972 5182 τε
1003 5129 1099 5182 καὶ
1144 5127 1430 5183 σωστικῶν
1466 5127 1562 5182 καὶ
1595 5127 1695 5193 τῆς
1735 5127 1928 5198 ψυχῆς.
1942 5129 2039 5183 καὶ

451 5217 550 5274 τοῦ
583 5217 878 5289 σώματοςς
915 5239 935 5272 ι
973 5219 1160 5274 Πάντα
1191 5219 1300 5290 γὰρ
1327 5220 1467 5275 καλά
1489 5223 1548 5274 ἐν
1570 5219 1748 5293 καιρῷ
1781 5221 1981 5276 αὐτῶν.
2013 5239 2032 5273 ι

451 5311 568 5364 Καὶ
609 5310 692 5364 δεῖ
729 5327 790 5362 σε
829 5311 922 5364 τὸν
958 5311 1151 5382 καιρὸν
1184 5311 1418 5365 ἑκάστου
1455 5311 1781 5382 πράγματος
1830 5311 2036 5384 ζητεῖν,

453 5402 550 5465 καὶ
623 5402 816 5473 μηδενὶ
881 5401 944 5456 τὸ
1017 5403 1284 5474 παράπαν
1361 5403 1636 5474 ἀκαίρως,
1696 5403 2035 5474 κεχρῆσθαι,

457 5494 593 5566 μηδὲ
647 5493 726 5564 τῷ
769 5496 967 5564 φαγεῖν
1028 5494 1164 5566 μηδὲ
1193 5495 1272 5565 τῷ
1325 5497 1490 5558 πιεῖν,
1529 5497 1666 5567 μήτε
1699 5494 1778 5565 τῷ
1829 5494 2038 5550 κλαίειν

525 5689 640 5777 (il)
661 5688 938 5777 _S_iiperius
976 5689 1198 5777 quidem
1233 5689 1489 5777 legimus.
1519 5690 2032 5777 ἐνκαιρῷαύτοῦς

455 5767 515 5818 ιιι
543 5761 629 5820 hic
655 5763 944 5828 scriptum,
993 5763 1052 5815 ἐν
1104 5760 1286 5832 καιρῷ
1313 5760 1543 5840 αὐτῶν·
1580 5760 1649 5814 ad
1695 5760 2035 5830 Symmachi,

2142 4568 2473 4625 transmisit.
2525 4567 2684 4634 Quod
2731 4567 2778 4624 si
2831 4567 2990 4632 nihil,
3039 4581 3074 4622 ο
3113 4566 3387 4633 mortalis,
3435 4565 3584 4636 quod
3638 4581 3727 4620 re-

2140 4661 2371 4726 dundet,
2407 4659 2546 4715 nihil
2582 4659 2730 4731 quod
2763 4659 2994 4714 salutem
3041 4658 3198 4725 ferat,
3245 4659 3304 4713 in
3339 4658 3529 4714 labore
3565 4670 3728 4712 cura-

2139 4771 2248 4828 que
2279 4754 2444 4820 inest,
2474 4769 2642 4824 quam
2673 4753 2886 4808 divitiis
2925 4753 3187 4824 parandis
3221 4751 3594 4822 impcnderis;
3626 4764 3728 4806 cur

2141 4847 2440 4917 aliquando
2491 4847 2626 4901 retia
2665 4847 2793 4912 ista,
2830 4861 2952 4916 qua:
2989 4855 3040 4901 te
3075 4846 3352 4900 mundana
3391 4843 3634 4900 amicitia
3671 4851 3728 4897 et

2139 4939 2461 4996 divitiarum
2515 4953 2705 4993 amore
2763 4949 2986 5008 captum
3037 4938 3372 5009 impediunt.
3433 4952 3542 4992 non
3593 4951 3727 4990 con-

2141 5031 2350 5087 scindis
2379 5045 2446 5086 ac
2475 5030 2726 5085 deseris?
2753 5043 2870 5096 cur,
2908 5038 3118 5084 mutato
3148 5028 3355 5091 studio,
3386 5027 3726 5098 diligentiam

2140 5132 2308 5194 atque
2339 5122 2584 5177 laborem
2645 5121 2714 5176 ad
2765 5120 3036 5176 bonarum
3068 5130 3233 5192 atque
3267 5119 3482 5176 utilium
3517 5134 3726 5184 rerum,

2141 5233 2263 5289 quae
2319 5217 2540 5287 corpori
2591 5227 2647 5272 et
2704 5216 2902 5272 anima:
2951 5217 3196 5288 prosint,
3250 5217 3728 5288 investigationem

2142 5325 2250 5364 non
2289 5309 2599 5366 transfers?
2643 5329 2662 5362 ι
2701 5307 2974 5366 Universa
3003 5312 3149 5366 enim
3179 5311 3321 5366 bona
3353 5309 3408 5364 in
3445 5311 3728 5380 tempesti-

2141 5401 2310 5456 vitate
2355 5415 2452 5456 sua
2473 5401 2610 5474 (51).
2653 5421 2672 5454 ι
2709 5401 2776 5457 Et
2816 5411 3058 5473 oportet,
3091 5411 3152 5457 ut
3180 5403 3448 5476 cujusque
3479 5403 3556 5457 rei
3589 5413 3728 5459 tem-

2140 5493 2504 5564 pestivitatem
2545 5495 2662 5566 ipse
2703 5496 2976 5566 inquiras,
3009 5505 3064 5552 et
3105 5497 3254 5552 nulla
3285 5497 3513 5552 omnino
3548 5497 3731 5554 utaris

2139 5701 2358 5755 Opil‘lOl’,
2383 5691 2738 5752 sententiam.
2777 5694 2869 5764 qui
2902 5710 2965 5748 ea
2997 5697 3165 5752 verba
3197 5695 3278 5754 sic
3300 5691 3540 5750 reddidit
3564 5711 3577 5750 :
3603 5694 3726 5749 Κη-

2141 5757 2231 5808 λδν
2263 5757 2496 5808 ἕκαστον
2527 5764 2585 5808 ἐν
2617 5763 2794 5808 amtor?)
2841 5765 2974 5808 ἰδία.»

2203 5773 2231 5810 ν
2263 5757 2496 5814 ἕκαστον
2527 5764 2585 5814 ἐν
2617 5757 2809 5832 καιριῖἶ
2841 5765 2978 5832 ἰδίῳ.
