4036 6418
373 385 479 448 83')

1429 391 1513 453 IN
1555 391 2140 456 ECCLESIASTEN.
2188 421 2250 429 —
2279 395 2425 454 LIB.
2462 395 2574 455 IlI.

3565 393 3672 456 εδδ

361 505 576 569 ,κόσμον
631 497 1076 572 αὖτεξουσιότητι
1115 500 1294 572 ψυχῆς
1344 501 1576 570 λογικῆς
1629 504 1724 556 καὶ
1773 505 1964 574 νοερᾶς

2089 505 2239 559 ibcro
2272 505 2556 558 rationalis
2595 501 3058 572 intelligentisque
3102 501 3270 556 animi
3306 501 3536 557 arbitrio
3573 519 3670 556 ev—

371 591 777 662 ἑτι,μήθη,οΰτε
820 594 956 663 πρὸς
1003 593 1192 659 κρίσιν
1235 593 1537 664 ἀχθήσεται
1582 595 1643 648 τὸ
1676 597 1958 666 παράπαν,

371 684 480 738 οὐδ’
512 683 865 754 ἀνταμεεψεις
909 685 1022 750 ἕξει
1059 687 1314 756 πράξεων
1364 687 1588 756 ἀγαθῶν
1637 688 1669 757 ῆ
1721 689 1959 757 φαῦλων.

373 778 590 832 Οὐκοῦν
628 778 656 830 ὅ
693 794 860 846 φησιν
893 779 922 831 6
955 778 1413 852 Ἐκκλησιαστὴς,
1449 800 1467 834 ι
1499 784 1625 836 ’Ότι
1652 782 1839 852 καιρὸς
1887 781 1965 853 τῷ

374 870 541 924 παντὶ
592 870 886 940 πράγματι
939 873 1036 926 καὶ
1078 873 1172 926 ἐπὶ
1229 876 1395 928 παντὶ
1428 877 1722 945 ποιήματι,
1757 895 1776 926 ι
1817 876 1968 945 δηὶοῖ

375 963 674 1034 προφανῶς
701 964 800 1034 τὴν
827 964 1140 1037 ὡρισμένην
1167 968 1225 1020 ὲν
1259 967 1396 1038 τῷδε
1421 968 1499 1038 τῷ
1534 968 1634 1037 βίῳ
1674 965 1822 1036 ζωὴν
1872 969 1966 1022 καὶ

373 1053 652 1123 διαγωγὴν
693 1057 789 1107 καὶ
821 1054 1082 1128 διαμονὴν
1114 1057 1212 1110 καὶ
1243 1057 1351 1110 τῶν
1383 1058 1690 1130 ἀνθρώπων
1731 1060 1828 1112 καὶ
1858 1060 1966 1111 τῶν

373 1141 740 1210 ἅλλωνζώων
768 1143 1024 1198 ἁπάντων
1049 1159 1062 1172 ’
1099 1144 1182 1197 ἔτι
1220 1146 1278 1199 δὲ
1313 1147 1408 1198 καὶ
1445 1148 1544 1216 τῆς
1576 1148 1837 1218 οὐρανίας
1873 1150 1967 1202 καὶ

380 1235 898 1306 κυκλοφορουμένης
929 1239 1198 1306 κινήσεως
1233 1241 1328 1293 καὶ
1361 1241 1460 1309 τῆς
1489 1242 1592 1310 γῆς
1619 1242 1675 1295 δὲ
1725 1242 1816 1295 καὶ
1866 1242 1967 1312 τῆς

380 1325 689 1395 σαὶὰσσηςς
723 1326 896 1381 ’Ὀταν
947 1328 1004 1380 δὲ
1055 1329 1225 1398 πέρας
1265 1331 1483 1402 δέξηται
1530 1333 1624 1386 καὶ
1671 1333 1880 1386 παῦλαν
1933 1336 1966 1404 ἡ

378 1417 639 1482 σύστασις
669 1419 768 1488 τῆς
803 1421 1106 1491 ἐνεστώσης
1139 1422 1286 1493 ζωῆς
1306 1440 1318 1452 ·
1352 1425 1653 1496 τηνικαῦτα
1678 1427 1858 1498 κρίσις
1887 1429 1966 1481 δι-

379 1511 513 1564 καία
545 1515 833 1582 γενήσεται
863 1515 957 1568 καὶ
994 1516 1329 1585 κατάλληλος
1372 1519 1752 1585 ἀνταπόδοσις,
1785 1521 1969 1590 μόνοις

377 1603 579 1673 δηλαδὴ
608 1608 720 1668 τοῖς
747 1603 974 1676 λαχοῦσι
1003 1607 1157 1678 παρὰ
1185 1609 1280 1662 τοῦ
1303 1611 1650 1682 Δημιουργοῦ
1681 1613 1860 1686 ψυχὴν
1885 1614 1970 1666 λο-

378 1695 547 1765 γικήν
576 1712 636 1747 τε
677 1699 771 1748 καὶ
817 1697 1034 1767 νοερὰν,
1069 1700 1144 1762 ὼς
1175 1699 1272 1771 τὴν
1305 1701 1390 1768 ἐφ’
1417 1688 1655 1775 ἑκάτερα
1691 1706 1970 1776 κεκτημέ-

378 1803 494 1848 νοις
538 1787 879 1858 προαίρεσιν.
914 1791 1084 1844 Τοῦτο
1124 1792 1234 1863 γὰρ
1276 1795 1502 1864 ἑμπεδοῖ
1530 1798 1776 1866 φάσκων,
1814 1819 1833 1850 ι
1865 1800 1968 1852 Σὺν

2071 608 2324 653 ornatum
2364 607 2467 661 est,
2503 607 2668 667 atque
2708 598 2844 652 adeo
2885 611 2982 650 nec
3010 595 3208 665 jttdieii
3245 611 3385 652 onus
3437 595 3666 659 subibit,

2071 707 2171 744 nec
2207 689 2346 744 male
2379 697 2474 743 aut
2507 697 2657 742 recte
2691 687 2964 742 factorum
2994 685 3478 755 compensationes
3509 685 3664 740 feret.

2067 780 2188 835 Jam
2225 780 2372 850 quod
2403 781 2479 834 ait
2511 779 2900 838 Ecclesiastes,
2944 797 2962 829 ι
2995 775 3480 846 tempestivitatem
3517 775 3664 828 omni

2073 874 2147 927 rei
2173 889 2314 935 esse,
2343 880 2397 927 et
2439 885 2605 940 super
2635 884 2800 924 omne
2840 866 3066 934 factum,
3102 886 3121 920 ι
3161 882 3342 922 nonne
3372 863 3667 921 manifesto

2072 965 2335 1028 declarat,
2365 963 2646 1018 deﬁnitam
2684 962 2827 1032 apud
2864 976 2964 1016 nos
2996 961 3160 1014 vitam
3195 969 3248 1015 et
3292 959 3585 1014 stationem
3613 967 3666 1012 et

2073 1073 2282 1110 moram
2319 1072 2444 1111 cum
2495 1055 2779 1110 hominum
2833 1063 2946 1107 tum
2985 1061 3306 1106 ceterorum
3348 1050 3511 1105 etiam
3546 1051 3664 1104 ani-

2027 1214 2035 1221 _
2076 1151 2340 1204 mantinm
2377 1168 2390 1204 :
2435 1149 2660 1218 insuper
2691 1147 2996 1202 cmlestium
3033 1147 3160 1199 item
3207 1142 3660 1203 conversionum,

2075 1257 2138 1296 ac
2171 1252 2328 1295 terra:
2361 1240 2526 1296 etiam
2558 1249 2612 1294 et
2653 1239 2860 1294 maris?
2887 1254 3050 1309 porro
3094 1237 3183 1292 ubi
3219 1237 3502 1307 praesentis
3541 1236 3662 1289 vitae

2075 1334 2392 1388 constitutio
2427 1333 2587 1387 tinem
2613 1333 2966 1403 quietemque
2995 1331 3285 1396 habuerit;
3320 1329 3658 1398 tumjustum

2076 1428 2166 1482 ﬁet
2189 1426 2459 1498 judicium
2495 1436 2550 1481 et
2581 1436 2948 1480 consentanea
2987 1425 3356 1478 remuneratio
3389 1421 3522 1494 (47),
3553 1423 3661 1476 uti-

2077 1539 2182 1590 que
2215 1529 2435 1590 propter
2465 1533 2560 1574 cos
2593 1527 2826 1581 tantum,
2863 1517 2956 1586 qui
2991 1517 3061 1570 ab
3105 1525 3328 1570 auctore
3355 1531 3458 1569 suo
3493 1514 3662 1567 ratio-

2075 1615 2254 1668 nalem
2289 1621 2342 1666 et
2371 1611 2762 1680 intclligentem
2801 1609 3047 1664 animum
3086 1608 3230 1660 nacti
3264 1616 3423 1672 sunt;
3464 1606 3662 1676 quippe

2077 1711 2168 1777 qui
2213 1707 2382 1761 libera
2409 1705 2662 1776 eligendi.
2704 1703 2849 1774 quod
2885 1702 3128 1766 mallent,
3165 1699 3658 1766 facultatepra-tiiti

2077 1803 2318 1858 fuerunt.
2358 1801 2492 1855 Nam
2534 1801 2586 1854 id
2637 1797 2992 1854 Ecclesiastes
3032 1797 3341 1859 conﬁrmat,
3375 1810 3498 1850 cum
3531 1794 3601 1847 ait
3646 1812 3659 1844 :

375 1878 476 1930 τὸν
499 1878 706 1931 δίκαιον
737 1881 952 1934 καὶτὸν
978 1883 1146 1955 ἀσεϐῆ
1185 1879 1364 1955 κρινεῖ
1405 1889 1432 1940 6
1470 1888 1627 1950 Θεός.
1667 1909 1686 1942 ι
1739 1891 1972 1962 ’Δσεϐὴς

2083 1917 2098 1948 ι
2128 1895 2344 1950 Iustum
2377 1904 2432 1949 et
2463 1892 2688 1962 impium
2718 1891 2988 1962 iudicabit
3031 1889 3195 1943 Deus.
3232 1907 3250 1939 ι
3304 1886 3489 1958 Neque
3515 1887 3659 1939 enim

379 1970 494 2038 γὰρ
527 1970 621 2023 καὶ
655 1969 864 2035 δίκαιος
890 1975 1068 2036 οὐδεὶς
1095 1975 1255 2040 ἄλλος
1283 1977 1510 2048 εὕρηται
1541 1980 1600 2033 τὸ
1624 1981 1902 2051 παράπαν,
1936 1982 1968 2054 ἢ

381 2065 857 2136 προσαγορεύεται
883 2067 990 2120 τῶν
1019 2069 1341 2138 πεφυκότων
1372 2071 1520 2140 παρὰ
1541 2071 1632 2126 τὸν
1661 2073 1966 2144 ἄνθρωπον.

380 2155 556 2209 Τοῦτο
613 2157 722 2228 γὰρ
773 2159 1073 2212 αἰνίττεται
1122 2163 1226 2214 κάν
1280 2166 1391 2226 τοῖς
1440 2165 1726 2234 ἑπομένοις
1778 2166 1969 2229 εἰπὼν,

385 2267 408 2296 1
443 2244 586 2305 Εἷς-ια
622 2249 733 2318 ἐγὼ
759 2251 818 2301 ὲν
849 2251 1047 2323 καρδία
1081 2270 1183 2322 μου
1218 2253 1347 2325 περὶ
1379 2254 1567 2318 λαλιᾶς
1599 2257 1730 2308 υἱῶν
1765 2257 1973 2328 ἀνθρὼ-

383 2357 514 2405 που,
549 2341 632 2394 ὅτι
671 2343 942 2414 διακρινεῖ
983 2347 1184 2410 αὐτοὺς
1212 2349 1240 2400 6
1269 2347 1421 2411 Θεὸς,
1458 2366 1475 2398 ι
1507 2347 1832 2419 ἀνθρώπους
1859 2353 1972 2402 εἰσ-

389 2430 539 2497 άγων
571 2431 849 2501 πανταχοῦ
896 2433 1024 2496 τοὺς
1052 2436 1633 2506 εἰσπραχθησομένους
1665 2439 1762 2502 τὰς
1794 2439 1970 2504 δίκας,

393 2521 490 2574 καὶ
533 2521 958 2593 κριθησομένους
1003 2525 1132 2596 περὶ
1180 2519 1255 2578 ὧν
1302 2527 1660 2597 διεπράξαντο
1700 2530 1842 2582 κατὰ
1875 2530 1973 2598 τῆς

391 2611 623 2682 γνώμης
651 2614 992 2686 αὐθαίρετον.

471 2705 536 2758 Ὃ
562 2705 618 2759 δέ
649 2723 804 2778 φησι,
837 2725 856 2758 ι
895 2708 1032 2779 Περὶ
1062 2709 1274 2774 λαλιᾶς,
1337 2730 1355 2762 ι
1393 2712 1488 2764 τοῦ
1521 2712 1725 2782 Κυρίου
1757 2713 1974 2783 προδιαε

385 2797 595 2868 γράφει
617 2799 708 2851 τὸν
738 2799 895 2868 λόγον
917 2802 1008 2854 τὸν
1040 2803 1496 2874 ἀποφαινόμενον,
1531 2805 1625 2858 καὶ
1651 2807 1776 2874 περὶ
1801 2806 1973 2875 ἀργοῦ

386 2887 554 2958 λόγου
599 2889 782 2944 δοῦναι
820 2893 978 2961 λόγον
1011 2895 1068 2948 ἐν
1099 2895 1282 2966 ἡμέρα
1329 2899 1427 2966 τῆς
1460 2897 1694 2963 κρίσεως
1723 2898 1846 2961 τοὺς
1881 2899 1976 2950 ἀν-

388 2981 666 3052 θρώπους.
721 2981 780 3036 ’0
832 2983 1014 3054 μέντοι
1066 2989 1352 3056 προφήτης
1399 2987 1562 3040 Δαϐὶδ
1609 2991 1668 3043 ἐν
1704 2989 1974 3060 πνεύματι

389 3073 535 3142 ἁγίῳ
564 3077 659 3130 καὶ
682 3077 864 3136 πλεῖον
888 3075 1008 3131 εἷπε
1037 3079 1144 3130 τῶν
1174 3081 1482 3151 εἰρημένων
1503 3097 1516 3112 °
1544 3083 1676 3153 φησὶ
1706 3083 1814 3154 γὰρ
1841 3084 1976 3154 πρὸς

387 3167 486 3218 τὸν
518 3167 627 3220 τῶν
669 3168 806 3222 ὅλων
835 3169 988 3235 Θεὸν,
1026 3189 1045 3222 ι
1088 3171 1208 3224 ’Ότι
1249 3173 1504 3242 ἐνθύμιον
1542 3175 1829 3244 ἀνθρώπου
1891 3177 1976 3243 ἐξ·

386 3259 794 3332 ομολογήσεταε
826 3277 929 3314 σοι.
969 3280 987 3312 ι
1024 3263 1330 3333 Παρίστησί
1356 3283 1418 3334 γε
1454 3267 1561 3336 μὴν
1591 3269 1804 3330 καὶτὰς
1851 3271 1980 3340 περὶ

389 3350 585 3414 λαλιᾶς
617 3354 724 3404 τῶν
752 3353 883 3406 υἱῶν
911 3355 1006 3408 τοῦ
1051 3353 1339 3426 ἀνθρώπου
1385 3357 1686 3422 καταδίκας
1737 3361 1831 3412 καὶ
1883 3378 1981 3414 κα-

387 3444 680 3513 τικρίσεις
723 3447 825 3499 κάν
859 3449 972 3510 τοῖς
1015 3449 1369 3519 Εὑαγγελίοις
1405 3451 1629 3520 φάσκων
1671 3441 1700 3505 ὃ
1738 3451 1974 3522 Κύριος·

399 3553 418 3584 ι
473 3535 568 3588 Ἐκ
594 3537 702 3590 τῶν
732 3539 906 3606 λόγων
938 3557 1030 3592 σου
1063 3539 1420 3612 δικαιωθήσῃ,
1459 3542 1552 3594 καὶ
1579 3542 1645 3595 ἐκ
1673 3541 1780 3596 τῶν
1807 3542 1982 3611 λόγων

394 3645 496 3680 σου
543 3629 1012 3703 καταδικασθήσῃ.
1060 3650 1077 3682 ι
1123 3631 1196 3685 Τὸ
1237 3632 1315 3695 δὲ,
1351 3653 1369 3684 ι
1407 3635 1686 3702 Διακρινεί
1733 3635 1927 3697 αὐτοὺς
1954 3637 1982 3686 6

393 3720 558 3783 Θεὸς,
614 3739 632 3772 ι
672 3724 814 3776 κατὰ
867 3724 966 3794 μὲν
994 3723 1086 3776 τὸν
1130 3725 1322 3794 καιρὸν
1372 3725 1470 3793 τῆς
1519 3724 1984 3797 ἐνανθρωπήσεως
2016 3715 2031 3721 ’

399 3810 500 3865 τοῦ
547 3813 785 3884 Χριστοῦ
841 3815 934 3868 καὶ
991 3815 1240 3885 Σωτῆρος
1295 3815 1474 3886 ἡμῶν,
1531 3815 1772 3869 δείκνυσι
1829 3818 1924 3869 καὶ
1957 3819 1984 3871 6

405 3903 717 3975 Βαπτιστὴς
775 3904 1028 3975 Ἰωάννης
1079 3907 1207 3976 περὶ
1260 3905 1425 3959 αὑτοῦ
1478 3907 1672 3975 λέγων,
1725 3929 1741 3959 ι
1801 3903 1875 3961 Οῧ
1925 3911 1986 3963 τὸ

402 3994 577 4047 πτύον
597 3995 654 4047 ὲν
681 3998 746 4067 τῇ
777 3997 920 4068 χειρὶ
949 3997 1137 4062 αὑτοῦ,
1172 3998 1267 4052 καὶ
1299 3999 1644 4069 διακαθαριεῖ
1671 4003 1769 4070 τὴν
1802 4003 1986 4056 ἅλωνα

401 4085 593 4148 αὑτοῦ,
623 4087 717 4138 καὶ
764 4087 983 4152 συνάξει
1011 4089 1101 4141 τὸν
1141 4092 1288 4142 σῖτον
1329 4087 1492 4144 αὑτοῦ
1539 4095 1617 4155 εἰς
1647 4093 1745 4162 τὴν
1778 4095 1986 4167 ἀποθή-

401 4195 532 4248 κην,
571 4181 634 4232 τὸ
683 4181 740 4235 δὲ
794 4183 997 4253 ἄχυρον
1053 4183 1392 4238 κατακαύσει
1443 4185 1577 4256 πυρὶ
1631 4187 1900 4258 ὰσδέστῳ.
1964 4209 1982 4242 ι

403 4271 568 4325 Κατὰ
599 4273 656 4326 δὲ
683 4274 771 4327 τὸν
806 4276 996 4346 καιρὸν
1027 4277 1124 4348 τῆς
1156 4278 1367 4342 ἐνδόξου
1403 4279 1497 4332 καὶ
1531 4279 1768 4352 φοϐερᾶς
1807 4281 1990 4336 δευτε-

406 4381 512 4434 ρας
568 4364 734 4418 αὐτοῦ
787 4369 1096 4438 παρουσίας
1161 4369 1434 4424 δείκνυσιν
1488 4371 1652 4433 αὐτὸς
1708 4375 1914 4437 ἐκεῖνος
1965 4377 1992 4428 6

405 4456 845 4527 θεαρχικώτατος
873 4459 1044 4528 Λόγος
1083 4463 1179 4515 καὶ
1209 4463 1443 4532 Χριστὸς
1483 4464 1575 4517 καὶ
1609 4464 1798 4535 Σωτὴρ
1833 4466 1993 4534 ἡμῶν

2074 1989 2279 2056 impius
2329 1993 2383 2042 et
2428 1986 2613 2056 justus
2669 1982 2903 2037 inveniri
2943 1981 3086 2036 alius
3124 1979 3399 2050 quispiam
3457 1985 3656 2046 potest.

2074 2090 2256 2134 anteo
2305 2079 2528 2133 nomine
2559 2085 2755 2146 prazter
2798 2074 3077 2128 hominem
3133 2073 3409 2126 in-rerum
3464 2079 3658 2123 natura

2074 2172 2352 2242 appellari.
2391 2169 2547 2236 Quod
2596 2169 2665 2223 iis
2710 2167 2876 2221 etiam
2911 2165 3204 2240 signiﬁcat,
3236 2177 3355 2228 quae
3385 2158 3614 2224 subjecit
3643 2175 3656 2210 :

2081 2283 2100 2316 ι
2131 2263 2250 2317 Dixi
2291 2277 2390 2333 ego
2421 2263 2472 2316 in
2521 2259 2684 2315 corde
2717 2273 2838 2311 meo
2873 2257 2940 2311 de
2976 2254 3187 2324 loquela
3217 2247 3450 2304 ﬁliorum
3481 2250 3658 2302 homi-

2076 2356 2182 2418 nis.
2215 2355 2344 2425 quia
2379 2352 2655 2423 separabit
2691 2350 2813 2404 illos
2851 2347 3018 2411 Deus,
3049 2365 3066 2396 ι
3113 2342 3364 2397 homines
3397 2340 3660 2395 inducens

2078 2445 2342 2514 undique,
2377 2443 2471 2513 qui
2520 2457 2712 2512 pmnas
2742 2438 2972 2500 solvere,
3007 2446 3060 2488 et
3083 2434 3350 2504 judicium
3379 2431 3565 2486 Subire
3595 2435 3661 2484 de

2079 2539 2144 2593 iis
2176 2537 2399 2598 debent,
2433 2550 2554 2605 qua:
2579 2549 2646 2588 ex
2679 2533 2849 2586 libero
2883 2528 3052 2583 animi
3083 2525 3312 2580 arbitrio
3334 2525 3616 2580 admisere.

2148 2715 2304 2782 Quou
2354 2725 2484 2767 vero
2534 2709 2666 2765 dicit
2697 2727 2715 2759 ι
2743 2707 2819 2761 De
2863 2706 3105 2775 loquela,
3137 2723 3155 2756 ι
3210 2704 3274 2757 ad
3306 2701 3524 2756 Domini
3581 2702 3662 2756 di-

2077 2819 2222 2862 ctum
2262 2805 2503 2875 pertinet
2531 2799 2900 2864 admonentis,
2931 2799 2984 2853 in
3014 2798 3110 2852 illo
3136 2795 3330 2868 judicii
3362 2795 3450 2850 die
3487 2793 3664 2848 Immi-

2079 2913 2176 2951 nes
2211 2897 2293 2950 vel
2339 2897 2405 2951 de
2433 2895 2600 2948 verbo
2633 2892 2812 2946 otioso
2861 2890 3128 2945 rationem
3165 2903 3288 2942 esse
3332 2886 3661 2942 reddituros.

2080 2987 2402 3056 Quanquam
2454 2983 2621 3038 David
2659 2985 2922 3054 propheta
2973 2986 3168 3036 sancto
3203 2975 3408 3047 Spiritu
3453 2977 3665 3031 adlatus

2081 3079 2167 3132 his
2219 3077 2354 3148 ipsis
2385 3077 2508 3146 plus
2562 3074 2764 3144 aliquid
2806 3072 3151 3129 enuntiavit:
3182 3070 3262 3125 sic
3307 3069 3452 3122 enim
3497 3067 3662 3122 Deum

2007 3198 2048 3254 ο
2085 3171 2328 3225 universi
2373 3169 2673 3238 alloquitur
2706 3187 2718 3221 :
2759 3185 2778 3216 ι
2814 3165 3085 3232 Quoniam
3128 3161 3384 3234 cogitatio
3424 3161 3666 3214 hominis

2083 3263 2434 3319 conﬁtebitur
2482 3262 2580 3316 tibi
2605 3263 2671 3314 “.
2709 3279 2726 3311 ι
2765 3260 3062 3314 Enimvero
3105 3257 3170 3310 ad
3203 3270 3420 3325 pmnam
3453 3264 3506 3307 et
3531 3269 3666 3306 eon-

2083 3358 2486 3412 demnationem
2522 3354 2741 3424 loquclw
2767 3353 3002 3424 ﬁliorum
3035 3350 3148 3420 98
3177 3349 3419 3404 hominis
3443 3362 3506 3402 ea
3531 3362 3669 3415 quo—

2085 3467 2192 3520 que
2217 3458 2488 3520 spectant,
2521 3465 2642 3519 quae
2666 3445 2930 3501 Dominus
2965 3445 3020 3498 in
3047 3443 3354 3514 Evangeliis
3387 3442 3463 3496 ait
3493 3460 3507 3496 :
3541 3459 3558 3490 ι
3589 3439 3666 3493 Ex

2085 3545 2268 3597 verbis
2301 3543 2408 3596 tuis
2430 3539 2846 3610 justiticaheris,
2877 3547 2930 3593 et
2961 3553 3025 3592 ex
3055 3537 3236 3592 verbis
3269 3536 3376 3590 tuis
3417 3533 3671 3588 condem-

2087 3635 2398 3690 naberis".
2441 3652 2458 3684 ι
2506 3631 2644 3687 Tum
2676 3631 2807 3686 illud
2843 3650 2855 3684 :
2897 3649 2914 3680 ι
2949 3627 3236 3698 Separabit
3280 3626 3403 3680 illos
3449 3627 3608 3682 Dens.
3646 3644 3662 3673 ι

2087 3731 2132 3782 si
2191 3729 2256 3782 ad
2313 3735 2530 3796 tempus
2575 3723 2783 3778 referas
2838 3719 3312 3776 inltun'tanationis
3360 3717 3562 3771 Christi
3621 3729 3672 3767 et

2047 3855 2058 3865 ι
2091 3819 2405 3876 Servatoris
2439 3816 2636 3880 nostri,
2663 3813 2905 3870 ostendit
2928 3814 3094 3868 etiam
3125 3811 3370 3867 Joannes
3403 3809 3668 3878 Baptista,

2089 3928 2212 3966 cum
2247 3910 2315 3965 de
2370 3910 2489 3980 ipso
2523 3908 2698 3964 dicit:
2736 3925 2754 3958 ι
2785 3906 2955 3978 Cujus
2995 3905 3360 3960 ventilabrum
3416 3903 3468 3956 in
3509 3919 3670 3957 manu

2090 4006 2231 4070 ejus,
2265 4012 2317 4056 et
2358 4000 2608 4069 purgabit
2647 4013 2832 4052 aream
2866 4013 3047 4056 suam.
3090 4004 3145 4050 et
3178 3992 3537 4063 congregabit
3578 3995 3675 4044 lli-

2094 4096 2262 4150 Iirnm
2314 4108 2476 4146 suum
2522 4093 2574 4145 in
2615 4093 2896 4154 horreum,
2950 4088 3134 4159 paleas
3175 4095 3358 4140 autem
3391 4084 3676 4138 comhutet
3733 4094 3740 4101 '

2095 4191 2218 4254 igne
2257 4183 2692 4252 inexstinguibili
2717 4183 2782 4235 ⁷³.
2817 4200 2834 4234 ι
2879 4182 2974 4235 Sin
3002 4195 3132 4234 vero
3163 4189 3376 4247 tempus
3414 4177 3676 4245 respicias

2094 4279 2323 4352 gloriosi
2369 4277 2532 4332 simul
2583 4286 2748 4346 atque
2798 4274 3060 4330 terribilis
3103 4273 3372 4326 adventus
3421 4270 3542 4337 ejus
3589 4285 3677 4321 se-

2096 4373 2289 4438 cundi,
2325 4371 2562 4424 Verbum
2604 4369 2783 4438 ipsum
2820 4367 3065 4422 divinum
3110 4376 3483 4434 aeternumque
3521 4362 3680 4417 Clu-i-

2097 4477 2216 4520 slus
2259 4473 2315 4520 et
2352 4465 2613 4520 Servator
2649 4470 2841 4517 noster
2886 4461 3152 4524 declarat,
3203 4459 3293 4513 ubi
3341 4459 3455 4512 ait:
3492 4475 3509 4506 ι
3543 4457 3676 4510 (.nm

405 4548 554 4602 οὕτω
596 4551 860 4620 φάσκων·
901 4573 919 4606 ι
961 4554 1128 4608 Ὅταν
1163 4555 1218 4608 δὲ
1274 4555 1400 4627 ἐλοῃ
1443 4559 1471 4609 6
1500 4557 1626 4620 Υἱὸς
1655 4556 1750 4610 τοῦ
1781 4559 1984 4626 ἀνθρὼ-

2097 4567 2280 4612 autem
2323 4555 2536 4611 venerit
2565 4553 2742 4608 Filius
2783 4553 3024 4608 hominis
3061 4553 3113 4606 in
3149 4551 3436 4621 majestate
3470 4563 3591 4605 sua.
3629 4559 3681 4600 et

407 4659 516 4694 που
551 4644 608 4695 ἐν
650 4647 716 4714 τῇ
752 4643 879 4717 δόξῃ
911 4647 1098 4707 αὑτοῦ,
1128 4648 1222 4700 καὶ
1263 4649 1466 4712 πάντες
1506 4649 1554 4701 0i
1593 4651 1740 4716 ἅγιοι
1769 4651 1990 4718 ἄγγελοι

410 4733 534 4803 μετ’
565 4735 753 4800 αὐτοῦ,
795 4739 916 4790 τότε
951 4738 1167 4791 καθίσει
1215 4740 1308 4791 ἐπὶ
1345 4739 1536 4807 θρόνου
1582 4741 1740 4811 δόξης
1787 4742 1952 4796 αὑτοῦ
1975 4759 1988 4771 ·

409 4830 511 4882 καὶ
545 4831 971 4902 συναχθήσονται
1002 4825 1505 4902 ἔμπροσθενάὺτοῦ
1545 4835 1722 4888 πάντα
1749 4835 1816 4890 τὰ
1841 4837 1993 4905 ἔθνη,

411 4921 516 4975 καὶ
559 4922 776 4994 ἀφοριεῐ
806 4924 1004 4986 αὐτοὺς
1046 4923 1143 4979 ἀπ’
1191 4923 1458 4994 ἀλλήλων,
1504 4923 1693 4994 ὥσπερ
1722 4928 1750 4980 ὁ
1792 4927 1994 4996 ποιμὴν

2099 4664 2290 4703 mones
2333 4647 2508 4702 sancti
2561 4645 2738 4716 angeli
2783 4660 2908 4700 cum
2947 4659 3036 4709 eo,
3085 4655 3215 4700 tunc
3265 4641 3472 4696 sedebit
3517 4654 3669 4705 Stin"!

2101 4742 2283 4796 sedem
2341 4741 2645 4809 majestatis
2707 4753 2856 4802 suae;
2914 4745 2966 4790 et
3023 4734 3502 4805 congregalmntor
3555 4745 3681 4784 ante

2101 4847 2226 4886 cum
2263 4847 2456 4884 omnes
2495 4837 2710 4898 gentes,
2759 4835 2814 4880 et
2859 4825 3136 4896 separabit
3177 4838 3275 4877 eos
3309 4823 3376 4874 ab
3423 4819 3678 4872 imit-em.

2105 4926 2248 4979 sicut
2297 4931 2482 4991 pastor
2531 4929 2782 4990 segregat
2825 4933 2956 4972 oves
3008 4916 3077 4972 ab
3127 4914 3296 4968 lia-dis
3329 4932 3340 4966 :
3375 4921 3429 4966 ct
3477 4917 3681 4964 statuet

491 5147 534 5178 '“
569 5143 714 5202 Psal.
748 5161 888 5201 Lxxv
917 5189 930 5210 ,
960 5147 1011 5202 11
1035 5187 1048 5200 .
1121 5129 1167 5180 ’ἶ
1209 5147 1397 5208 Matth.
1430 5163 1527 5214 xu,
1559 5149 1648 5203 δῖ.
1725 5148 1770 5178 ⁷³
1795 5147 1924 5221 Luc.
1954 5164 2036 5216 ιιι,
2073 5149 2156 5212 17,

495 5397 605 5473 (4⁸7)
627 5399 968 5473 Eademhaec
997 5401 1162 5456 rel'ert
1193 5401 1593 5473 Hieronymus;
1625 5401 1705 5457 sic
1743 5403 1884 5457 enim
1909 5401 2014 5455 Ec-

408 5471 714 5525 clesiasten
759 5469 966 5524 inducit
1001 5487 1160 5526 sensa
1203 5488 1298 5527 sua
1349 5469 1709 5542 explicantem
1739 5491 1783 5528 ει
1821 5473 2010 5526 Postea

419 5556 554 5612 vero
584 5556 707 5596 cum
753 5541 918 5594 corde
957 5557 1076 5595 meo
1103 5541 1431 5612 colloquens
1447 5550 1502 5596 et
1531 5553 1807 5611 reputans,
1847 5543 2009 5599 intel-

422 5611 554 5673 l-xi,
603 5627 710 5679 non
749 5627 844 5680 per
889 5621 1068 5678 partes
1119 5611 1284 5666 Deum
1337 5623 1388 5666 et
1437 5627 1535 5681 per
1564 5614 1810 5681 singulos
1861 5629 2007 5668 nunc

418 5683 694 5750 judicare,
745 5681 839 5736 sed
873 5681 926 5735 in
978 5681 1224 5736 futurum
1281 5693 1492 5750 tempus
1543 5699 1822 5738 reservare
1860 5683 2008 5752 judi—

423 5753 596 5812 cium,
649 5760 708 5804 ut
741 5765 932 5806 omnes
979 5753 1178 5820 pariter
1219 5753 1556 5818 jnrlicentur,
1601 5763 1654 5806 et
1703 5755 2002 5808 secundum

425 5820 762 5878 voluntatem
796 5831 850 5877 et
880 5836 1042 5894 opera
1068 5837 1164 5877 sua
1199 5823 1270 5877 ibi
1303 5823 1582 5896 recipiant.
1615 5822 1725 5878 lloc
1758 5835 1840 5879 est
1863 5823 2006 5879 enim

2110 5403 2251 5471 quod
2287 5401 2400 5455 ait:
2439 5400 2504 5454 Et
2537 5411 2738 5468 tempus
2765 5398 2921 5471 omni
2945 5394 3204 5471 voluntati
3241 5399 3319 5471 et.
3339 5407 3494 5471 super
3537 5404 3688 5442 enim

2111 5459 2313 5541 factum
2349 5472 2443 5530 ibi.
2478 5472 2530 5525 id
2555 5459 2648 5524 est.
2672 5471 2726 5524 in
2753 5469 2983 5541 judicio.
3016 5463 3238 5541 quando
3283 5459 3690 5540 Dominusecem

2113 5527 2250 5610 perit
2281 5527 2550 5611 judicare.
2583 5549 2714 5612 tunc
2745 5527 2928 5612 futura
2970 5527 3313 5612 esi__veritas,_
3339 5544 3503 5612 nunc
3544 5527 3689 5612 inju-

2110 5601 2254 5667 stitia
2281 5601 2626 5667 'dominatur
2675 5611 2729 5664 in
2767 5610 2988 5664 mundo.
3045 5605 3176 5659 Tale
3224 5601 3353 5672 quid
3389 5610 3444 5672 et
3491 5601 3547 5653 in
3593 5601 3691 5652 Sa-

2111 5685 2331 5751 pientia,
2358 5698 2479 5751 qua:
2525 5682 2618 5735 filii
2654 5680 2844 5734 Sirach
2879 5677 3210 5751 inscribitur
3245 5671 3445 5740 ’(Eccli.
3496 5685 3689 5751 xitum,

2107 5740 2198 5818 ιἒϐ)
2227 5740 2454 5820 legionis
2486 5771 2499 5808 :
2535 5751 2618 5804 Ne
2645 5751 2844 5804 dixeris
2871 5766 2890 5804 :
2916 5748 3056 5814 Quid
3083 5755 3160 5800 est
3190 5745 3304 5820 hoc.
3330 5751 3422 5795 aut
3462 5740 3589 5809 quid
3615 5746 3690 5792 est

2111 5825 2243 5878 illud
2264 5819 2492 5878 ?’omm'a
2531 5823 2666 5878 enim
2705 5829 2933 5889 tempore
2962 5835 3056 5874 suo
3086 5819 3434 5886 requirentur.
3476 5830 3496 5866 ›
