4036 6378
262 366 383 433 889

1321 370 1402 428 ΙΝ
1462 367 2042 428 liCCLESHSTEN.
2080 393 2136 400 —
2178 367 2317 425 LIB.
2369 365 2485 424 ΙΠ.

3445 361 3550 426 820

262 476 793 549 παντοκρατορικῆς
826 475 1094 544 Προνοίας
1129 462 1322 546 λόγοθς
1375 479 1727 548 ὴθετηκότες,
1764 478 1858 532 καὶ

1976 479 2067 530 bus
2094 484 2237 530 totos
2281 491 2341 530 se
2371 475 2724 535 addixerunt,
2760 484 2818 527 ut
2876 487 2984 526 non
3020 471 3198 527 solum
3233 473 3446 528 consilii
3487 491 3552 530 ac

222 602 233 610 -
263 571 482 634 πάσαις
513 565 979 640 πονηροπραξίαις
1009 567 1256 631 ἐκδότους
1313 571 1453 638 σφᾶς
1485 569 1684 630 αὐτοὺς
1723 569 1858 622 ἀποο

261 663 569 732 φήναντες,
605 659 700 712 καὶ
749 658 957 728 σφόδρα
1003 658 1113 710 τῶν
1150 659 1474 731 ἀκαθάρτων
1512 660 1714 725 ἡδονῶν
1760 661 1858 728 ὲμ-

262 750 626 822 φορηθέντες,
663 749 738 812 ὡς
770 747 980 816 ἀλόγως
1028 749 1124 801 καὶ
1173 752 1538 820 παραφρόνως
1585 749 1859 802 διατεθέν-

257 859 407 906 τεςρ
438 843 533 896 καὶ
583 841 752 910 μηδὲν
787 840 938 906 ἄξιον
985 841 1209 911 λογικῆς
1249 841 1429 911 ψυχῆς
1482 842 1858 910 ἐπινοήσαντες,

259 933 415 989 ἀλλὰ
437 933 499 986 τὺ
531 933 605 1002 μὴ
635 933 695 985 ὃν
734 935 825 986 καὶ
859 933 920 986 τὸ
951 931 1144 1003 ψεῦδος
1173 933 1246 996 ὡς
1281 933 1541 1003 ἀλήθειαν
1569 933 1860 999 καταγγείο

260 1028 488 1091 λαντες,
521 1025 616 1077 καὶ
663 1025 724 1078 τὸ
757 1025 872 1094 φῶς
923 1027 1134 1088 σκότος,
1171 1025 1267 1078 καὶ
1303 1025 1366 1078 τὸ
1417 1025 1584 1078 καλὸν
1620 1027 1860 1094 πονηρὸν

262 1117 673 1186 ὀνομάσαντες’
724 1116 924 1182 ὁμοίως
955 1116 1186 1178 ἐκείνοις
1219 1115 1358 1183 πρὸς
1399 1116 1462 1168 τὸ
1489 1115 1586 1168 τοῦ
1627 1115 1858 1169 θανάτου

268 1206 680 1276 καταντήσουσι
719 1206 888 1268 τέλος,
924 1207 1182 1276 οὐδεμίαν
1212 1206 1420 1276 ἀγαθὴν
1471 1206 1663 1260 ἐλπίδα
1709 1225 1860 1277 χειρ-

265 1295 599 1363 αγωγοῦσαν
629 1295 828 1357 αὐτοὺς
857 1295 1074 1364 ἔχοντες
1107 1297 1244 1368 πρὸς
1289 1297 1387 1367 τὴν
1419 1297 1566 1367 ζωὴν
1605 1299 1705 1369 τὴν
1733 1299 1862 1351 αἰώ-

263 1401 391 1438 νιον
411 1402 425 1416 ·
456 1385 572 1439 ἀλλ’
607 1385 684 1448 ὡς
709 1386 770 1451 ἐξ
799 1385 914 1438 ἴσου
951 1387 1043 1438 καὶ
1075 1387 1471 1458 παραπλησίως
1498 1391 1610 1452 τοῖς
1639 1390 1860 1458 κτήνεσι

261 1475 581 1548 ζήσαντες,
634 1476 777 1530 οὕτω
840 1477 933 1530 καὶ
989 1475 1334 1546 θνήσκοντες.
1401 1477 1618 1549 Ἐπειδὴ
1679 1495 1699 1528 t
1769 1479 1862 1531 καὶ

261 1567 500 1638 πνεῦμα
541 1569 598 1622 ἓν
647 1570 783 1622 πᾶσι
824 1587 842 1620 ι
880 1567 1090 1636 πέφυκε
1115 1571 1228 1632 τοῖς
1261 1569 1545 1633 τοιούτοις.
1598 1571 1722 1624 Εἴτε
1751 1569 1862 1640 γὰρ

259 1659 370 1712 τὸν
399 1660 536 1728 ἀέρα
568 1657 806 1728 πνεῦμά
839 1677 994 1731 φησι,
1035 1659 1328 1724 δείκνυσιν,
1362 1661 1439 1722 ὡς
1478 1662 1666 1714 τοῦτον
1703 1662 1861 1732 μόνον

261 1750 582 1823 εὑρέθησαν
625 1751 984 1814 ἀναπνέοντες
1031 1751 1122 1803 τὸν
1167 1750 1304 1819 ἀέρα
1345 1751 1440 1804 καὶ
1487 1753 1538 1804 οἱ
1587 1752 1734 1806 ἄθεοι
1768 1754 1861 1806 καὶ

1967 567 2168 622 utentis
2196 575 2452 636 expertes
2482 564 2617 618 nihil
2648 565 2900 618 rationali
2931 563 3156 633 dignum
3191 565 3379 616 animo
3405 567 3553 634 cogi-

1961 667 2103 722 tent,
2139 658 2231 712 sed
2264 659 2426 710 etiam
2471 658 2617 726 quod
2655 656 2878 709 minime
2919 666 3002 710 est
3045 664 3098 709 et
3146 657 3293 725 quod
3327 657 3578 716 l‘alsum,‘

1967 751 2123 819 quasi
2156 767 2339 804 verum
2369 749 2618 814 eil‘erant,
2655 749 2948 818 lumenque
2977 749 3229 804 tenebras
3258 757 3313 802 et
3345 749 3548 800 bonum

1969 843 2326 897 denomiuent
2361 842 2569 896 malum
2601 861 2613 894 :
2647 844 2838 910 utique
2893 841 2930 893 ii
2983 857 3138 910 teque
3179 855 3243 894 ac
3277 841 3550 908 jumenta,

1967 951 2093 988 etim
2145 936 2336 989 mortis
2391 933 2600 987 exitum
2645 933 2946 996 habebunt,
2986 931 3129 986 bona
3169 940 3228 986 ut
3268 947 3387 1002 spe,
3428 946 3551 1000 quae

1969 1037 2230 1079 a-lcrnam
2285 1025 2350 1079 ad
2402 1027 2570 1080 vitam
2617 1024 2874 1088 deducat,
2931 1025 3081 1078 omni
3135 1039 3202 1078 ex
3249 1033 3404 1093 parte
3457 1038 3550 1077 ca-

1971 1129 2162 1182 ream;
2223 1131 2276 1170 et
2322 1133 2556 1187 quorum
2591 1117 2826 1170 vivendo
2867 1131 3182 1182 expressere
3225 1119 3414 1178 vitam,
3458 1130 3554 1170 eo-

1971 1211 2216 1265 rumdem
2265 1219 2322 1264 ιιι
2368 1220 2600 1264 mortem
2634 1209 2948 1263 decedendo
3003 1208 3304 1265 imitemur.
3339 1207 3552 1276 Quippe

1968 1314 2022 1358 et
2070 1322 2088 1354 ‹
2119 1303 2358 1372 Spiritus
2407 1303 2488 1356 his
2541 1319 2684 1356 unus
2736 1303 2998 1356 omnibus
3043 1309 3172 1355 est:
3209 1320 3226 1352 ι
3281 1300 3549 1369 siquidem

1968 1397 2113 1450 enim
2137 1385 2318 1450 aerem
2349 1396 2613 1463 Spiritum
2639 1395 2788 1454 dicit,
2821 1393 2952 1446 illud
2974 1393 3332 1449 demonstrat.
3358 1393 3550 1445 atheos

1970 1488 2106 1544 istos
2155 1497 2209 1541 et
2245 1488 2462 1555 impios
2505 1489 2861 1554 impurosque
2910 1485 3164 1538 homines
3218 1483 3350 1536 nihil
3401 1481 3550 1536 aliud

1969 1580 2312 1649 praestitisse,
2365 1593 2530 1646 quam
2586 1587 2644 1630 ut
2687 1577 3051 1630 animantium
3102 1574 3348 1627 omnium
3401 1587 3554 1626 more

1967 1686 2146 1724 aerem
2195 1670 2549 1738 respirarent,
2592 1668 2740 1720 nulla
2774 1669 3002 1720 omnino
3045 1666 3158 1719 veri
3213 1661 3548 1732 agnoscendi

1970 1780 2102 1819 cura
2133 1771 2385 1830 suscepta
2417 1761 2551 1832 (δυ).
2591 1760 2684 1814 Siu
2733 1770 2910 1813 autem
2942 1758 3202 1826 Spiritum
3239 1758 3325 1810 hic
3354 1756 3554 1808 volun-

260 1840 582 1906 δυσσεϐεῖς,
630 1841 725 1894 καὶ
771 1841 820 1894 οἱ
867 1839 1060 1909 φαῦλοι
1093 1841 1188 1893 καὶ
1231 1840 1473 1910 βέϐηλοι,
1510 1842 1646 1912 πρὸς
1677 1842 1735 1894 ὃν
1767 1843 1862 1896 καὶ

1976 1864 2130 1909 tatem
2181 1854 2419 1916 vocavit,
2477 1851 2944 1921 quemadmodum
2998 1849 3158 1917 100
3205 1845 3376 1902 Osras
3425 1861 3552 1914 pro-

263 1933 386 1986 τῶν
416 1933 632 2002 κτηνῶν
669 1935 698 1986 ὁ
745 1933 1068 2002 κατάλογος,
1120 1931 1380 2002 οὐδεμίαν
1429 1935 1685 2002 φροντίδα
1735 1935 1866 2006 περ),

266 2023 378 2094 τῆς
408 2025 516 2076 τῶν
546 2025 890 2096 πραγμάτων
912 2024 1168 2095 ἀληθείας
1190 2023 1479 2088 λαὸόντες·
1509 2027 1618 2077 εῐτε
1646 2045 1663 2077 ι
1697 2026 1864 2079 πνεῦ-

272 2131 361 2184 μα
410 2135 430 2168 ι
482 2115 583 2186 τὴν
631 2117 950 2187 προαίρεσιν
995 2117 1250 2188 ὠνόμασε
1297 2118 1414 2180 νῦν,
1465 2117 1648 2180 καθώς
1699 2137 1866 2187 φησιν

282 2208 452 2278 Ὠσηὲ
485 2211 513 2261 ό
540 2211 854 2280 προφήτης*
890 2229 909 2260 ι
943 2211 1067 2262 Ὅτι
1101 2210 1374 2279 πνεύματι
1413 2211 1666 2280 πορνείας
1699 2211 1866 2265 ἐπλα-

271 2299 524 2370 νήθησαν
543 2317 557 2329 ·
593 2318 610 2351 ι
642 2300 735 2352 καὶ
764 2299 948 2362 πάλιν,
979 2319 999 2352 ε
1041 2301 1162 2355 Ὅτι
1194 2299 1413 2371 πνεῦμα
1440 2302 1696 2372 πορνείας
1715 2302 1864 2354 ἐστὶν

279 2391 345 2445 ὲν
370 2391 570 2454 αὐτοῖς,
603 2411 620 2442 ι
651 2391 752 2462 τὴν
781 2391 1133 2464 ἀνθρωπίνην
1163 2395 1484 2464 προαίρεσιν
1511 2396 1600 2449 καὶ
1635 2395 1864 2466 γνώμην

283 2478 434 2532 οὕτω
475 2482 947 2554 προσαγορεύσας
1001 2485 1101 2556 τὴν
1151 2485 1320 2556 αὐτὴν
1363 2492 1476 2551 τοῖς
1525 2485 1866 2558 βοσκήμασιν

283 2571 436 2643 ἔχειν
481 2575 767 2639 ἀϐουλίαν,
828 2575 1012 2648 ἔργοις
1063 2577 1248 2641 αὐτοῖς
1307 2579 1883 2650 παρεμπεδώσαντες,

1969 1948 2127 2016 pheta
2188 1947 2287 2010 ait,
2349 1965 2368 1996 ι
2402 1944 2638 2014 Spiritus
2695 1945 2841 1998 enim
2893 1941 3284 2004 fornicationis
3336 1939 3552 2005 decepit

1966 2056 2062 2095 eos
2085 2040 2166 2104 ";
2200 2058 2218 2090 ι
2258 2055 2323 2094 ac
2355 2055 2574 2092 rursum
2613 2057 2626 2091 :
2669 2055 2687 2088 ι
2715 2037 2854 2103 Quia
2913 2036 3141 2105 spiritus
3173 2031 3554 2086 fornicationis

1970 2130 2022 2184 in
2067 2131 2246 2184 medio
2277 2145 2468 2182 eorum
2513 2127 2698 2189 est";
2729 2146 2745 2178 ι
2783 2127 3081 2180 humanum
3126 2139 3322 2192 nempe
3350 2136 3554 2190 propo-

1969 2223 2135 2274 situm
2183 2230 2236 2272 et
2265 2221 2602 2272 voluntatem
2639 2221 2719 2273 sic
2767 2219 3089 2286 appellans;
3135 2217 3262 2268 illud
3293 2213 3556 2267 Eimiesia-

1971 2321 2082 2364 stes
2106 2313 2370 2375 declarat,
2407 2327 2500 2364 eos
2545 2327 2652 2363 non
2698 2311 2880 2364 minus
2911 2325 3072 2378 quam
3110 2308 3344 2376 pecudes
3373 2304 3554 2372 inopia

1972 2403 2188 2455 consilii
2220 2403 2524 2465 laborasse,
2557 2403 2648 2472 qni
2689 2400 2849 2454 factis
2877 2415 3035 2470 pares
3067 2414 3126 2450 se
3156 2406 3320 2465 atque
3345 2394 3556 2448 similes

1975 2495 2388 2549 irrationalilnts
2428 2494 2695 2564 jumentis
2742 2508 2865 2547 esse
2915 2489 3319 2546 conﬁrmarint.
3368 2487 3558 2555 Itaque

1975 2582 2043 2637 de
2067 2584 2150 2636 his
2183 2586 2371 2654 utique
2401 2585 2536 2653 ipsis
2567 2585 2765 2652 adjecit
2799 2601 2812 2638 :
3399 2581 3411 2590 ’

280 2667 845 2739 παρασυμϐληθέντες
895 2671 1006 2733 τοῖς
1039 2674 1258 2742 κτήνεσι
1299 2673 1412 2735 τοῖς
1457 2673 1726 2744 ἀνοήτοις,
1768 2674 1863 2728 καὶ
1921 2675 2278 2746 ὁμοιωθέντες
2345 2677 2550 2741 αὐτοῖς.
2594 2677 2814 2748 Ἀμέλει
2849 2675 3026 2730 τοίνυν
3095 2669 3354 2742 περὶτῶν
3384 2666 3562 2722 τοιού-

275 2781 391 2818 των
426 2765 676 2834 ἐπήγαγε
703 2781 716 2800 ο

1882 2863 2024 2918 XXI.

359 2953 467 3008 Καὶ
502 2953 558 3006 τί
587 2954 1035 3024 ἐπερίσσευσεν
1065 2958 1378 3026 ἅνθρωπος
1407 2960 1565 3027 παρὰ
1607 2960 1673 3012 τὸ
1706 2864 1863 3028 ’κτῆὲ-

1976 2865 2024 2918 .l.

2040 2959 2208 3014 Vsus.
2266 2959 2352 3014 l9.
2395 2956 2466 3012 Et
2512 2957 2640 3028 quid
2691 2956 2979 3012 abundavit
3030 2955 3185 3008 homo
3231 2969 3264 3008 a
3317 2949 3564 3020 pecude?

279 3063 392 3112 νος
413 3063 432 3109 ;
465 3047 668 3100 οὐδέν.

357 3134 447 3208 Τῷ
491 3133 717 3207 ὀνόμᾶτι
770 3139 918 3210 μόνῳ
963 3139 1532 3210 παραλαμϐανόμενον
1558 3140 1890 3212 ἄνθρωπον,-

274 3228 438 3282 οὐδὲν
465 3229 522 3283 δὲ
550 3229 650 3300 τῆς
681 3232 938 3302 τοιαύτης
991 3230 1360 3303 προσηγορίας
1405 3233 1494 3286 διὰ
1539 3233 1648 3286 τῶν
1693 3233 1867 3303 ἔργων

275 3321 728 3394 ἐπιδεικνύμενον
766 3325 937 3392 ἄξιον,
995 3326 1162 3397 μηδὲν
1195 3325 1340 3395 ἔχειν
1390 3326 1718 3380 διατείνεται
1773 3327 1868 3380 τοῦ

273 3415 519 3486 κτήνους
544 3415 801 3486 περισσὸν
823 3417 903 3480 εἰς
930 3415 1197 3485 ὠφέλειαν
1223 3417 1318 3472 καὶ
1349 3417 1624 3490 σωτηρίαν
1653 3418 1830 3488 ψυχῆς
1852 3434 1864 3445 ’

275 3507 378 3563 ἅτε
415 3506 480 3578 δὴ
517 3507 656 3562 κατά
687 3507 754 3561 τὰ
787 3509 930 3562 αύτά
960 3510 1053 3566 καὶ
1085 3510 1348 3574 ὡσαύτως
1393 3511 1587 3580 ἐκείνῳ
1619 3509 1870 3562 πολιτευ-

279 3600 544 3670 σάμενον.
594 3601 741 3673 Πλὴν
792 3605 842 3656 εἰ
879 3603 952 3672 μή
1007 3619 1092 3664 τις
1141 3601 1379 3672 ἔμπαλιν
1425 3602 1686 3672 περισσὸν
1739 3602 1868 3672 εἴπῃ

282 3692 520 3762 κτήνους
542 3693 687 3764 ἔχειν
715 3695 804 3745 τὸν
827 3693 1049 3746 τοιῶσδε
1076 3694 1321 3764 ζήσαντα
1353 3693 1720 3764 παραφρόνως
1767 3694 1868 3763 τὴν

289 3783 676 3855 διαδεξομένην
706 3787 872 3839 αὐτὸν
907 3789 967 3840 ἐν
997 3789 1062 3857 τῇ
1094 3787 1202 3839 τῶν
1241 3785 1591 3856 βεόιωμένων
1635 3787 1874 3839 ἀνταπο·

284 3873 437 3928 δόσει
483 3877 748 3947 τιμωρίαν
799 3878 894 3931 καὶ
938 3878 1158 3932 κόλασιν
1205 3878 1587 3946 ἀτελεύτητον.
1650 3878 1868 3946 Ἀμέλει

281 3965 469 4018 τοίνυν
495 3968 799 4032 ταλανίζων
823 3967 916 4020 τοῦ
943 3967 1184 4021 τοιούτου
1234 3967 1524 4038 ἀνθρώπου
1549 3967 1646 4038 τὴν
1671 3967 1871 4035 διαγω-

279 4057 396 4127 γὴν
423 4075 516 4112 και
554 4060 720 4130 ζωὴν,
756 4062 978 4135 ἀμέσως
1007 4062 1286 4132 ἐπήγαγεν
1313 4078 1330 4095 ο

1971 3053 2106 3106 nihil
2137 3050 2274 3122 (5|).

2040 3142 2332 3198 Hominem
2377 3143 2602 3198 nomine
2634 3151 2793 3198 tenus
2838 3151 3149 3212 acceptum,
3187 3152 3236 3194 et
3264 3140 3356 3208 qui
3399 3137 3562 3194 factis

1969 3249 2028 3289 se
2083 3234 2252 3288 nullis
2305 3233 2393 3286 tali
2447 3233 2672 3303 dignum
2729 3233 3098 3302 appellatione
3161 3228 3452 3292 ostendat,
3515 3229 3559 3280 si

1969 3328 2139 3380 animi
2171 3326 2469 3381 utilitatem
2513 3327 2862 3393 salutemque
2905 3335 3143 3394 spectes,
3182 3321 3334 3375 nulla
3380 3335 3438 3374 re
3469 3335 3564 3388 po-

1971 3421 2166 3474 tiorem
2212 3433 2336 3474 esse
2385 3417 2670 3473 contendit
2709 3433 2874 3488 quam
2926 3418 3228 3486 pecudem;
3273 3422 3559 3484 postquam
3633 3429 3647 3442 ι

1971 3526 2103 3566 sane
2123 3509 2269 3564 circa
2294 3509 2510 3573 eadem,
2548 3511 2855 3579 eodemque
2890 3509 3051 3562 modo
3078 3517 3241 3574 atque
3277 3521 3466 3574 pecus,
3506 3505 3560 3557 in

1971 3600 2083 3656 vita
2122 3612 2374 3656 versatus
2433 3609 2562 3656 est:
2595 3601 2700 3656 nisi
2755 3611 2950 3655 contra
3006 3601 3131 3670 quis
3183 3599 3375 3668 pecudi
3419 3613 3561 3667 pne-

1975 3702 2124 3748 stare
2161 3693 2329 3758 dicat,
2363 3693 2513 3762 quod
2546 3693 2656 3747 vita
2695 3703 2804 3746 tam
2837 3692 3004 3747 stulte
3035 3671 3178 3756 acta,
3211 3705 3370 3759 [neua
3403 3690 3560 3742 illum

1974 3782 2318 3852 subsequens
2360 3797 2426 3858 ale
2477 3783 2806 3853 supplicium
2857 3791 3121 3837 a'ternum
3169 3789 3406 3843 maneat,
3437 3794 3561 3834 cum

1973 3889 2170 3928 eorum
2203 3889 2328 3943 quae
2359 3875 2716 3944 gesserimus,
2748 3888 2962 3928 merces
2989 3873 3188 3940 cuique
3220 3887 3318 3925 sua
3351 3871 3562 3924 tribue-

1973 3975 2105 4032 tur;
2143 3975 2430 4035 propterea
2461 3966 2649 4034 utique
2690 3964 2932 4018 hominis
2973 3962 3242 4032 ejusmodi
3297 3961 3565 4016 conditio-

1973 4075 2098 4113 nem
2139 4059 2420 4126 vitamqne
2451 4057 2900 4120 commiseratus,
2936 4057 3132 4125 adjecit
3167 4053 3456 4124 protinus:

1801 4177 1828 4246 θ
1862 4173 2026 4229 xxu.

363 4271 487 4326 Ὅτι
513 4271 582 4325 τὰ
605 4273 804 4326 πάντα
831 4273 1160 4340 ματαιότης
1180 4287 1197 4304 ⁶
1233 4271 1306 4325 τὰ
1334 4272 1531 4325 πάντα
1561 4273 1874 4340 πορεύεται
1909 4277 1951 4329 D

284 4363 444 4433 ,πρὸς
488 4367 678 4418 τόπον
724 4365 832 4418 ἕνα
857 4381 870 4394 ο
933 4362 1005 4416 τὰ
1058 4364 1256 4418 πάντα
1311 4365 1550 4432 ἐγένετο
1596 4364 1715 4432 ἀπὸ
1770 4363 1875 4415 τοῦ

289 4456 458 4530 χοὸς,
492 4448 593 4510 ita}
627 4459 698 4511 τὰ
742 4457 938 4510 πάντα
975 4456 1321 4525 ἐπιστρέφει
1375 4456 1526 4524 πρός
1561 4455 1668 4509 τὸν
1699 4455 1872 4524 χοῦν.

365 4546 450 4599 Τὰ
491 4546 690 4610 πάντα,
743 4547 904 4610 mia;
963 4545 1204 4615 δηλονότι
1253 4546 1323 4600 τὰ
1380 4544 1730 4606 κακοῆούλως
1782 4547 1876 4598 καὶ

288 4636 644 4707 κακοφρόνως
676 4635 946 4706 λεγόμενα
992 4635 1086 4688 καὶ
1114 4635 1462 4705 διοικούμενα
1514 4637 1609 4688 καὶ
1644 4635 1875 4706 πραττόσ

293 4747 437 4800 μενα
489 4729 639 4801 παρὰ
688 4730 796 4782 τῶν
849 4728 1158 4797 μισοκάλων
1208 4725 1546 4799 ἀνθρώπων,
1599 4727 1708 4779 τῶν
1755 4727 1875 4780 κατ’

289 4823 479 4878 εἰκόνα
509 4823 608 4892 μὲν
632 4821 768 4875 Θεοῦ
802 4822 896 4874 καὶ
933 4820 1193 4890 ὁμοίωσιν
1219 4810 1552 4886 γεγονότων,
1588 4822 1653 4891 τῇ
1685 4819 1740 4870 δὲ
1769 4817 1877 4870 τῶν

291 4914 592 4986 κτημάτων
645 4913 872 4977 ἀϐουλία
921 4913 1016 4964 καὶ
1067 4911 1180 4982 ζωῇ
1213 4912 1307 4964 καὶ
1341 4911 1586 4981 διαγωγῇ
1620 4911 1759 4978 σφᾶς
1787 4912 1879 4964 αὺ-

290 5009 422 5070 τοὺς
453 5007 937 5077 ἀφομοιωσάντων,
966 5002 1060 5055 καὶ
1093 5003 1488 5073 παραπλησεως
1524 5003 1754 5064 ἐκείνοις
1780 5001 1879 5072 ζηο

294 5103 507 5157 σάντων
531 5121 544 5133 ·
582 5099 679 5154 καὶ
705 5097 794 5152 διὰ
830 5096 988 5150 τοῦτο
1021 5097 1118 5148 σὺν
1165 5095 1348 5156 αὐτοῖς
1380 5093 1877 5164 ἀποστρεφομένων

293 5197 379 5259 εἰς
408 5194 500 5248 τὸν
530 5193 659 5264 χοῦν
691 5194 874 5262 μόνον,
908 5193 966 5256 ἐξ
995 5184 1056 5242 οὗ
1097 5189 1192 5241 καὶ
1239 5187 1525 5254 γεγόνασιν
1545 5202 1558 5214 ·
1599 5187 1657 5238 οὐ
1693 5184 1878 5254 μέντοι

293 5288 356 5344 δὲ
384 5287 478 5343 καὶ
509 5288 648 5358 πρὸς
690 5286 790 5354 τὴν
841 5281 1100 5352 οὐρανίαν
1147 5279 1293 5351 ζωὴν
1337 5277 1592 5331 ἀνιόντων
1640 5279 1734 5330 καὶ
1779 5278 1880 5349 τῆς

371 5463 419 5496 ⁷⁸
445 5461 583 5516 Osee
633 5477 706 5526 ιν,
745 5459 825 5514 12.
905 5458 948 5488 ⁷⁸
980 5461 1119 5514 Osce
1148 5472 1201 5514 ν.
1227 5457 1276 5512 ι.

373 5601 488 5671 (50)
529 5603 620 5658 Sic
668 5603 720 5672 in
776 5599 1020 5672 Vulgatis
1067 5601 1320 5668 legimus,
1367 5599 1628 5672 Similiter
1672 5601 1873 5672 spirant

298 5677 522 5738 omnia;
579 5683 633 5727 et
687 5671 1050 5740 Symmachus
1103 5672 1400 5734 transtulit,
1468 5671 1561 5723 καὶ
1633 5671 1877 5740 ἀναπνοὴ

297 5746 464 5816 ὁμοία
491 5745 686 5816 πᾶσιν,
711 5759 904 5811 nempe
934 5755 1103 5793 acrem
1135 5742 1314 5792 omnia
1350 5741 1523 5794 eodem
1556 5741 1706 5793 modo
1742 5744 1880 5793 acri-

303 5815 452 5885 pittnt
481 5825 528 5868 et
565 5815 804 5868 reddunt.
1709 5819 1726 5833 ι

2057 4267 2219 4324 Vens.
2255 4267 2344 4322 20.
2391 4266 2533 4334 Quia
2559 4265 2735 4318 omnia
2767 4263 2974 4316 vanitas
2999 4277 3016 4314 :
3046 4259 3222 4313 ontnia
3244 4267 3462 4329 pergunt
3494 4261 3564 4311 ad

1975 4360 2149 4414 locum
2177 4373 2379 4422 unum;
2415 4357 2596 4410 omnia
2627 4355 2774 4425 facta
2799 4363 2923 4406 sunt
2954 4358 3019 4406 de
3048 4351 3280 4422 pulvere,
3315 4360 3363 4404 et
3384 4351 3563 4404 omnia

1978 4462 2316 4507 revertuntur
2351 4452 2404 4503 in
2433 4450 2698 4518 pulverem
2724 4447 2857 4517 (5'2).

2044 4543 2264 4606 Omnia,
2326 4542 2534 4611 inquit;
2592 4548 2648 4596 at
2691 4538 2988 4608 quaenam?
3038 4536 3110 4590 Ea
3161 4537 3392 4598 scilicet,
3443 4551 3566 4604 quae

1976 4651 2231 4705 perverse
2265 4635 2567 4700 insaneque
2600 4631 2880 4695 dicuntur,
2910 4629 3388 4687 administrantur,
3431 4627 3563 4679 ﬁunt

1977 4730 2045 4783 ab
2078 4727 2400 4781 hominibus
2438 4726 2782 4783 honestatem
2816 4722 3052 4792 perosis,
3077 4722 3170 4790 qui
3199 4723 3300 4775 etsi
3328 4720 3393 4772 ad
3433 4721 3564 4779 iuua-

1978 4821 2158 4890 ginum
2207 4817 2740 4885 similitudinemque
2773 4815 2867 4868 Dei
2919 4813 3048 4868 facti
3113 4813 3561 4879 sunt,jumento-

1983 4928 2100 4966 rum
2133 4921 2310 4965 tamen
2342 4909 2717 4980 stupiditatem
2742 4915 2797 4960 et
2825 4907 2994 4959 vitam
3023 4913 3076 4959 et
3107 4906 3476 4976 conditionem
3510 4910 3560 4956 in

1985 5017 2044 5056 se
2080 5002 2210 5069 ipsis
2247 4999 2643 5067 exprimentes,
2681 4994 3000 5048 eormndem
3043 4991 3152 5046 fere
3191 4993 3434 5058 vestigiis
3481 4992 3561 5043 in-

1981 5094 2208 5148 sistunt.
2247 5091 2433 5160 Itaque
2477 5103 2600 5141 cum
2636 5088 2742 5140 illis
2775 5101 2900 5141 eum
2927 5085 3308 5138 tantummodo
3356 5086 3408 5138 in
3446 5085 3563 5152 p..l-

1986 5201 2168 5241 verem
2217 5185 2577 5252 rediguntur,
2631 5181 2774 5235 unde
2817 5179 2980 5233 etiam
3027 5179 3355 5234 exstiterunt
3398 5196 3410 5231 :
3462 5193 3563 5230 nec

1987 5278 2264 5333 caelestem
2319 5276 2385 5332 ad
2434 5275 2599 5328 vitam
2649 5271 2948 5344 progressi,
3001 5271 3316 5326 beatitatem
3373 5273 3561 5324 mterni

2055 5596 2167 5663 (Si)
2209 5594 2418 5664 Oiymp.
2463 5591 3178 5664 καὶ-οὐδὲνπεριέσσευσεν.

2055 5657 2167 5734 (52)
2209 5657 2312 5717 Sed
2360 5657 2500 5731 apu-l
2550 5662 2687 5715 LXX
2720 5657 3404 5734 desilit-raturquopstie'tnzt.
3442 5665 3558 5734 tum

1987 5727 2080 5804 pro
2113 5727 2428 5805 ἐπιστρέφει
2464 5735 2657 5801 legitur
2684 5732 3012 5799 επιστρὲνζει.
3048 5732 3259 5800 Ulymp.
3290 5730 3368 5789 εἰς
3396 5727 3559 5779 τόπον

1987 5810 2083 5860 ἕνα
2115 5810 2179 5859 τὰ
2210 5809 2382 5859 πάντα
2425 5807 2691 5871 ἐγένοντο.
2721 5840 2734 5853 .
2767 5841 2778 5853 .
