4036 6414
209 368 306 434 837

1265 371 1344 431 IN
1392 368 1974 459 ECCIJESIASTEN.
2007 393 2073 400 -
2113 369 2261 427 LIB.
2309 371 2422 430 ili.

3362 377 3468 440 893

211 485 364 554 μερδς
394 483 582 538 αὑτοῦ.
626 502 644 535 ι
685 482 964 552 Λαμεάνει
999 482 1110 552 γὰρ
1153 486 1181 537 ὁ
1209 483 1493 553 ἄνθρωπος
1527 483 1780 552 καὶπρὸς

1889 490 2001 530 tum
2038 492 2279 545 quoque,
2311 495 2438 532 cum
2463 480 2530 534 ad
2569 479 2690 535 vitae
2719 492 2916 536 metam
2946 485 3273 552 pervenerit,
3305 485 3470 541 veluti

210 577 266 627 τὸ
309 575 398 628 τοῦ
429 575 548 646 βίου
584 576 754 645 πέρας
785 573 957 629 ἐλθὼν
991 571 1103 628 οἶόν
1135 593 1258 630 τινα
1291 575 1485 645 μερίδα
1517 576 1608 628 καὶ
1651 577 1785 644 κλη-

210 673 462 738 ρονομίαν
508 685 605 730 τλς
645 668 784 730 ιδίας
822 669 1050 734 πράξεις
1085 667 1204 736 μεθ’
1249 667 1444 722 ἑαυτοῦ
1470 684 1482 696 ·
1528 669 1785 738 ταύτητοι

208 757 325 823 μετ’
353 755 694 826 εὐφροσύνης
745 758 1071 825 μεθίσταται
1119 759 1218 828 τῆς
1261 758 1786 828 πολυαμαρτήμονος

206 849 299 899 καὶ
355 847 848 918 πολυπαθεστάτης
904 851 1000 902 καὶ
1051 850 1414 902 πολυθλίπτου
1473 849 1639 920 ζωῆς,
1691 849 1786 902 καὶ

202 938 298 1006 τὴν
343 939 622 1009 μακαρίαν
655 941 903 1010 εὑρίσκει
932 942 1084 1010 λῆξιν
1117 940 1226 993 τῶν
1257 941 1316 1004 ἐξ
1352 941 1548 1002 αἰῶνος
1591 940 1780 1008 ἁγίων.

205 1033 356 1084 Πᾶσα
401 1031 510 1100 γὰρ
562 1032 595 1100 ή
651 1031 853 1102 σπουδὴ
905 1034 980 1099 τῷ
1043 1032 1440 1103 Ἐκκλησιαστῇ
1493 1032 1786 1101 πρόκειται

202 1121 298 1176 νῦν
355 1123 662 1191 ἀποστῆσαι
715 1124 808 1176 τὸν
860 1123 1201 1193 ἀνθρώπινον
1255 1123 1382 1177 νοῦν
1430 1123 1530 1194 τῆς
1595 1123 1785 1194 ὑλικῆς

207 1215 574 1286 προσπαθείας
611 1215 828 1285 καὶτῆς
863 1215 956 1268 τοῦ
987 1217 1193 1284 κόσμου
1242 1216 1449 1284 φιλίας,
1479 1217 1572 1269 ml.
1599 1216 1786 1286 πόρρω

209 1310 298 1362 καὶ
329 1309 545 1378 μακρὰν
591 1310 868 1380 ἀποφῆναι
910 1309 1021 1360 τῶν
1061 1309 1328 1380 ὲμπαθῶν
1377 1309 1654 1380 σαρκικῶν
1690 1307 1786 1360 καὶ

201 1399 506 1471 βδελυκτῶν
560 1399 786 1471 ἡδονῶν.
855 1401 1154 1471 Μονονουχὶ
1208 1401 1316 1471 γάρ
1373 1417 1542 1470 φησι·
1596 1400 1784 1466 Σύνες,

197 1494 476 1564 ἄνθρωπε,
527 1492 582 1544 τί
629 1492 858 1561 ἀγαθὸν,
891 1492 984 1546 καὶ
1028 1493 1259 1563 ποίησον
1311 1493 1464 1557 αὐτὸ,
1519 1493 1613 1546 καὶ
1653 1492 1782 1546 λάϐε

196 1585 296 1638 καὶ
348 1585 414 1638 σὺ
456 1583 615 1636 τοῦτο
649 1583 850 1654 μερίδα
879 1584 1161 1655 φρονίμως
1203 1585 1262 1651 ἐξ
1311 1581 1388 1639 ὧν
1425 1585 1784 1656 συνήθροισας

195 1675 382 1746 ἑαυτῷ
410 1675 774 1730 παντοδαπῶν
808 1676 964 1728 εἱδῶν
989 1675 1082 1728 τοῦ
1117 1676 1349 1729 πλούτου
1378 1676 1466 1729 διὰ
1496 1677 1602 1728 τῶν
1639 1676 1784 1728 ἰδίων

196 1767 384 1820 κόπων
413 1767 507 1820 καὶ
539 1767 779 1838 μόχθων,
813 1768 901 1820 ἵνα
936 1767 1278 1838 θησαυρίσας
1309 1770 1366 1820 ἐν
1395 1771 1645 1838 οὐρανοῖς
1675 1767 1784 1821 τῶν

1888 575 2096 635 partem
2132 569 2426 636 quanniam
2474 571 2588 624 sive
2622 573 2988 629 baei'editatcm
3031 574 3170 629 facta
3218 591 3316 630 sua
3349 595 3363 631 :
3393 579 3475 630 id-

1888 659 2034 712 circo
2059 675 2122 713 ex
2159 659 2262 714 hac
2288 661 2418 724 vita,
2455 678 2617 730 quam
2651 665 2839 720 multis
2865 667 3157 720 obnoxiam
3189 669 3472 723 erroribus

1886 761 1939 804 et
1974 752 2132 806 [nalis
2163 754 2424 822 curisque
2455 756 2830 824 compluribus
2863 759 3119 813 refertam
3147 764 3322 828 novit,
3345 778 3468 816 cum

1889 842 2075 896 latitia
2134 845 2508 915 transmigrat,
2569 849 2890 918 beatamque
2939 852 3146 906 invenit
3203 856 3468 924 requiem,

1888 953 1992 1005 qua
2037 938 2248 992 caelites
2291 948 2551 1008 perpetua
2589 940 2868 996 fruuntur.
2909 941 3080 997 Totus
3125 946 3273 998 enim
3311 947 3367 1000 in
3407 966 3474 1000 eo

1889 1029 1980 1083 hic:
2013 1041 2097 1084 est
2132 1033 2352 1100 sapiens
2383 1031 2766 1094 Ecclesiastes,
2805 1047 2864 1088 ut
2904 1035 3198 1089 humanam
3231 1049 3471 1092 mentem

1889 1136 1918 1175 a
1969 1124 2304 1202 caducarum
2358 1140 2541 1178 rerum
2592 1125 2895 1194 cupiditate
2943 1139 2996 1182 et
3045 1129 3234 1182 mundi
3288 1146 3474 1184 amore

1889 1213 2146 1277 abducat,
2173 1224 2336 1284 atque
2369 1216 2438 1269 ab
2463 1217 2613 1269 omni
2649 1217 3014 1272 immoderato
3043 1219 3238 1273 aﬂectu
3277 1222 3473 1276 obsce-

1888 1306 2084 1374 nisque
2124 1306 2378 1376 corporis
2410 1308 2786 1375 voluptatibus
2815 1308 3012 1361 eiiiciat
3048 1324 3216 1378 quam
3249 1311 3473 1366 alienis—

1885 1397 2103 1452 simam.
2139 1398 2268 1454 Haec
2301 1401 2447 1454 enim
2484 1401 2896 1470 quodammodo
2935 1402 3132 1455 eﬂatur
3161 1420 3174 1456 :
3208 1403 3472 1474 iutellige.

1886 1507 1920 1546 0
1951 1495 2216 1558 mortalis,
2259 1495 2392 1564 quid
2439 1497 2508 1550 sit
2557 1497 2785 1560 bonum,
2819 1507 2986 1567 alque
3023 1497 3178 1568 105
3211 1498 3261 1552 id
3315 1514 3471 1568 urge,

1888 1583 1939 1638 id
1979 1585 2075 1639 tibi
2110 1587 2328 1655 sapiens
2359 1589 2518 1656 quasi
2561 1598 2768 1658 partem
2817 1592 3020 1644 sumito
3047 1607 3112 1646 ex
3143 1593 3320 1647 iismet
3354 1608 3475 1646 om-

1889 1676 1974 1730 nis
2006 1679 2227 1746 generis
2276 1679 2505 1744 divitiis,
2557 1696 2699 1748 quas
2745 1683 2898 1738 curis
2947 1693 3001 1737 et
3044 1683 3328 1740 laboribus
3366 1685 3474 1738 tuis

1887 1770 2112 1838 coegisti
2146 1787 2158 1823 :
2190 1786 2320 1840 quo,
2375 1780 2662 1840 postquam
2695 1774 2764 1826 de
2802 1785 2948 1829 recte
2993 1774 3156 1830 iactis
3197 1775 3471 1845 ejusmodi

191 1856 458 1912 τοιούτων
503 1874 586 1910 σοι
616 1857 940 1928 ποιημάτων
977 1859 1074 1911 καὶ
1101 1859 1276 1930 ἔργων
1303 1860 1401 1930 τὴν
1433 1859 1642 1927 ἀγαθὴν
1672 1877 1781 1928 με-

1888 1859 2086 1913 bonam
2127 1861 2182 1914 in
2235 1862 2406 1915 caelos
2443 1874 2650 1930 partem
2705 1864 3062 1932 praemiseris,
3115 1864 3363 1920 eamdem
3415 1863 3470 1919 in

196 1951 344 2020 ρίδα,
374 1949 546 2022 λάϐῃς
591 1951 762 2020 αὐτὴν
813 1951 872 2003 ὲν
917 1952 1104 2022 ἡμέρᾳ
1155 1953 1255 2022 τῆς
1289 1953 1522 2022 κρίσεως
1553 1952 1646 2004 καὶ
1687 1951 1786 2022 τῆς

192 2040 312 2093 τῶν
339 2039 690 2110 βεϐιωμένων
723 2041 1159 2106 ἀνταποδόσεως.
1198 2041 1355 2096 Οὕτω
1386 2043 1448 2114 δὴ
1479 2044 1572 2096 καὶ
1603 2045 1630 2096 ὁ
1673 2043 1786 2096 Κύ-

196 2149 318 2203 ριος
366 2133 756 2203 παρεγγύησεν
802 2135 862 2186 ἐν
898 2135 1256 2204 Εὑαγγελίοις
1309 2135 1515 2188 εἰπὼν·
1565 2154 1585 2186 ι
1629 2134 1788 2205 Ποιή-

193 2239 331 2278 σατε
360 2223 454 2278 οὖν
488 2210 648 2294 ὑμεῖς
694 2225 882 2292 φίλους
911 2228 976 2279 ἐκ
1008 2227 1099 2280 τοῦ
1133 2229 1390 2294 Μαμωνᾶ
1421 2228 1521 2294 τῆς
1553 2226 1782 2290 ἀδικίας,

193 2314 289 2367 ἵνα
341 2315 599 2382 δέξωνται
653 2315 799 2385 ὑμᾶς
853 2317 934 2378 εἰς
983 2317 1084 2379 τὰς
1145 2317 1350 2385 σκηνὰς
1413 2317 1511 2387 τῆς
1564 2315 1782 2370 αἰωνίου

198 2403 374 2475 ζωῆς.
417 2425 435 2458 ι
472 2405 602 2460 Εἷτά
643 2421 808 2474 φησιν
855 2408 884 2460 ό
923 2405 1354 2476 Ἐκκλησιαστής
1380 2422 1396 2436 ο

1880 1948 2072 2018 judicii
2110 1960 2166 2003 et
2217 1951 2530 2020 promeritae
2578 1953 3042 2008 remunerationis
3079 1954 3167 2009 die
3213 1955 3470 2020 recipias.

1884 2037 1962 2091 lla
2003 2054 2134 2092 sane
2165 2048 2219 2092 et
2257 2038 2518 2094 Dominus
2555 2041 2606 2092 in
2653 2041 2964 2110 Evangeliis
2995 2041 3304 2105 admonuit,
3343 2057 3470 2097 cum

1885 2128 1962 2178 ait
2019 2145 2032 2183 :_
2091 2147 2109 2178 ι
2144 2127 2334 2182 Facite
2373 2128 2541 2198 igitur
2592 2145 2690 2184 vos
2737 2131 2804 2185 de
2850 2129 3104 2186 Mamona
3161 2133 3470 2202 iniquitatis
3561 2199 3576 2213 _

1885 2225 2138 2289 amicos,
2213 2233 2272 2276 ut
2329 2225 2595 2294 recipiant
2659 2243 2757 2281 vos
2820 2227 2888 2282 in
2933 2229 3280 2283 tabernacula
3351 2228 3473 2282 vita:

1892 2322 2108 2367 acterna:
2139 2313 2274 2383 (62).
2308 2334 2326 2366 ι
2364 2314 2530 2370 Addit
2573 2311 2769 2371 deinde
2803 2320 3021 2388 sapiens
3056 2317 3419 2374 Ecclesiastes
3453 2335 3466 2372 :

1727 2515 1954 2590 gxxv.

279 2609 412 2662 Ὀτι
452 2612 541 2676 τίς
567 2611 692 2676 ἄξει
731 2611 917 2666 αὐτὸν
965 2613 1071 2666 τοῦ
1118 2612 1290 2678 ἰδεῖν,
1350 2614 1420 2667 ἐν
1452 2607 1499 2681 ᾧ
1544 2615 1786 2683 γένηται

183 2703 329 2771 μετ’
361 2703 588 2767 αὑτόν;

268 2794 534 2848 Τουτέστι
557 2836 572 2860 ,
611 2795 706 2858 Τίς
740 2795 860 2862 ἄξει
885 2797 976 2850 τὸν
1005 2796 1263 2850 πλούσιον
1295 2799 1432 2868 μετὰ
1464 2797 1563 2870 τὴν
1597 2797 1787 2850 τελευ-

189 2886 300 2958 τὴν
325 2888 419 2940 καὶ
451 2888 550 2958 τὴν
577 2888 904 2954 ἁποϐίωσιν,
946 2889 1042 2942 ἐὰν
1073 2890 1147 2960 μὴ
1180 2891 1389 2962 συνήσῃ
1418 2889 1528 2954 ζῶν
1557 2889 1640 2942 ἔτι
1671 2889 1788 2943 δια-

194 2981 386 3048 νεῖμαι
415 2979 604 3034 τοῦτον
644 2985 758 3044 τοῖς
792 2981 998 3035 ὲνδεέσι
1037 2983 1133 3036 καὶ
1163 2981 1400 3052 πένησι,
1431 2979 1528 3034 τοῦ
1571 2981 1700 3034 ἰδεῖν
1729 2982 1787 3035 ἐν

1959 2609 2127 2663 Vsus.
2161 2609 2252 2662 22.
2286 2607 2422 2674 Quia
2446 2611 2561 2677 quis
2585 2609 2812 2662 adducet
2845 2627 2984 2674 eum,
3018 2619 3074 2664 ut
3112 2611 3278 2666 rideat
3315 2611 3366 2663 in
3398 2611 3472 2665 il—

1886 2700 2002 2765 lud,
2041 2701 2183 2771 quod
2218 2701 2460 2770 futurum
2488 2711 2564 2754 est
2595 2710 2712 2770 post
2753 2702 2926 2770 ipsum
2967 2703 3118 2772 (65)?

1955 2791 2090 2857 Quis
2135 2791 2351 2846 scilicet
2406 2789 2628 2844 divitem
2677 2800 2802 2860 post
2867 2790 3028 2845 tinem
3080 2793 3470 2865 interitumque

1884 2886 2042 2956 ejus,
2081 2885 2184 2939 nisi
2219 2901 2344 2940 cum
2377 2885 2621 2949 viveret,
2665 2885 2851 2955 egenis
2889 2885 3004 2954 ipse
3031 2897 3084 2942 et
3135 2890 3480 2963 pauperibus.

1884 2977 2102 3032 divitias
2137 2979 2548 3032 distribuendas
2569 2977 2846 3032 curaverit
2873 2995 2887 3044 ;
2922 2979 3068 3048 quis,
3097 2979 3343 3050 inquam,
3373 2983 3470 3036 ad-

193 3071 396 3141 ἐκείνῳ
417 3071 493 3141 τῷ
517 3071 794 3144 ἀνθρώπῳ
825 3073 902 3144 τῷ
937 3073 1055 3144 μετ’
1079 3075 1242 3129 αὐτὸν
1273 3075 1636 3146 διαδεξομένῳ
1657 3075 1785 3138 τοὺς

1888 3070 2050 3124 ducet
2089 3079 2147 3124 ut
2176 3085 2243 3125 eo
2301 3070 2356 3124 in
2391 3071 2609 3124 homine
2631 3109 2645 3134 ,
2681 3071 2774 3140 qui
2815 3082 2939 3140 post
2970 3073 3150 3140 ipsum
3182 3073 3471 3131 haeredita-

192 3161 411 3214 ἐκείνου
474 3160 713 3232 μόχθους
779 3165 874 3216 καὶ
917 3165 1157 3231 κόπους,
1209 3165 1262 3220 τί
1307 3170 1638 3240 γενήσεται,
1691 3169 1786 3222 καὶ

190 3255 362 3306 ποίαν
392 3253 505 3318 ἔξει
536 3255 874 3310 κατάστασιν
904 3257 1232 3322 διοικήσεως
1251 3255 1418 3332 ςτΑρα
1444 3263 1554 3331 γὰρ
1579 3264 1606 3315 ὁ
1631 3261 1790 3317 πλοῦ-

186 3361 287 3408 τος
323 3347 476 3418 παρὰ
505 3347 600 3400 τοῦ
627 3347 770 3401 κατὰ
799 3349 1055 3421 διαδοχὴν
1089 3352 1503 3423 παραλαϐόντος
1524 3357 1604 3418 εἰς
1628 3354 1784 3425 ἐλεη-

190 3435 445 3507 μοσύνας
484 3438 582 3490 καὶ
618 3437 886 3510 διανομὰς
931 3441 1167 3510 πτωχῶν
1207 3443 1302 3495 καὶ
1334 3441 1527 3514 χρείαν
1559 3433 1787 3498 τῶνέν-

185 3527 334 3591 δεῶς
373 3527 610 3598 ἐχόντων
659 3531 1020 3604 εὑρεθήσεται
1079 3521 1490 3604 διοικούμενος
1536 3535 1569 3606 ἢ
1610 3537 1788 3589 ταῦτα

191 3619 300 3691 μὲν
340 3620 598 3690 οὐδαμῶς
639 3619 829 3688 ἔσται,
864 3623 1004 3693 μετὰ
1036 3623 1290 3694 μεθύσων
1316 3625 1374 3677 δὲ
1421 3626 1518 3681 καὶ
1546 3642 1787 3696 κραιπα-

190 3710 416 3780 ληστῶν
453 3711 547 3764 καὶ
600 3714 815 3784 πορνῶν
839 3717 934 3767 καὶ
974 3714 1360 3784 πορνοϐοσκῶν
1395 3716 1786 3788 καταναλωθῆ-

199 3810 363 3852 σεται
416 3803 551 3872 πρὸς
597 3803 822 3858 πλείονα
865 3805 1196 3877 κατάκρισιν
1243 3806 1339 3860 τοῦ
1387 3809 1580 3880 πρώην
1622 3812 1786 3863 αὑτὸν

193 3889 424 3962 ἔχοντος
467 3895 560 3947 καὶ
593 3896 670 3966 μὴ
719 3895 1215 3968 διασκορπίσαντος
1247 3899 1652 3970 φιλανθρώπως
1691 3901 1787 3954 καὶ

189 3981 472 4046 θεοσεϐῶς
521 3985 666 4038 κατὰ
716 3984 776 4038 τὸ
843 3989 1263 4058 γεγραμμένον·
1320 4007 1338 4040 ι
1389 3989 1784 4060 Ἐσκόρπισεν,

185 4073 373 4128 ἔδωκε
405 4078 519 4139 τοῖς
557 4078 824 4147 πένησιν·
856 4082 889 4149 ἡ
931 4080 1251 4150 δικαιοσύνη
1305 4083 1470 4135 αὑτοῦ
1511 4083 1666 4152 μένει
1705 4085 1785 4148 είς

181 4166 288 4220 τὸν
333 4167 511 4220 αἰῶνα
558 4169 652 4222 τοῦ
707 4171 944 4236 αἰῶνος,
979 4192 996 4224 ι
1044 4173 1159 4227 ἀλλ’
1203 4173 1442 4244 ἔμπαλιν
1480 4176 1662 4230 αἰτίαν
1691 4179 1786 4231 καὶ

184 4261 480 4330 ’πρόφασιν
509 4265 890 4334 παρασχόντος
911 4266 1006 4319 καὶ
1034 4269 1145 4330 τοῖς
1175 4270 1659 4340 μεταγενεστέρως
1689 4272 1786 4324 αὺι

179 4351 291 4405 τὸν
350 4354 613 4422 ἐσχηκόσι
660 4356 797 4427 πρὸς
843 4358 1232 4430 ἀνοσιουργίας
1281 4363 1377 4414 καὶ
1427 4379 1784 4434 πονηροπρα-

1889 3171 1996 3216 tem
2049 3161 2330 3218 laboribus
2369 3161 2490 3232 ejus
2552 3171 2606 3214 et
2644 3161 2942 3239 sudoribus
2984 3173 3197 3232 partam
3251 3165 3468 3232 adierit,

1889 3253 2019 3306 illud
2049 3253 2260 3316 videat,
2314 3252 2460 3322 quod
2495 3252 2620 3315 ﬁet,
2661 3263 2714 3307 et
2741 3269 2906 3322 quam
2936 3253 2984 3308 is
3017 3270 3197 3310 rerum
3235 3257 3470 3312 admini-

1885 3345 2210 3400 strationem
2259 3345 2546 3400 instituet?
2582 3345 2727 3399 Num
2761 3345 2908 3398 enim
2953 3347 3058 3402 iste
3084 3365 3223 3418 quas
3249 3349 3472 3405 divitias

1887 3441 2260 3495 successionis
2281 3440 2406 3508 jure
2433 3440 2664 3510 accepit,
2700 3454 2796 3494 eas
2823 3438 2876 3492 in
2909 3441 3164 3496 solatium
3191 3444 3468 3514 egentium

1885 3530 2264 3596 distribuisse,
2309 3541 2477 3601 atque
2542 3531 2616 3584 in'
2647 3545 2807 3585 usum
2859 3533 3183 3586 miserorum
3237 3532 3473 3586 admini-

1887 3629 2096 3676 strasse
2129 3621 2476 3676 invenietur?
2501 3621 2584 3676 An
2613 3621 2748 3675 nihil
2775 3623 2971 3678 horum
3004 3623 3164 3692 plane
3199 3622 3468 3686 futurum,

1885 3727 2092 3782 easque
2125 3728 2250 3767 cum
2283 3713 2451 3768 ebriis
2496 3714 2676 3783 potius
2708 3724 2764 3769 et
2798 3715 3302 3778 comessatoribus,
3344 3729 3468 3768 cum

1887 3803 2086 3858 scortis
2138 3804 2540 3874 lenonibusque
2578 3805 2668 3860 ille
2689 3805 2993 3869 -absumet,
3048 3805 3114 3858 ad
3160 3805 3468 3876 graviorem

1886 3895 2007 3965 ejus
2031 3896 2545 3950 condemnationem
2570 3939 2586 3963 ,
2617 3897 2710 3966 qui
2746 3897 2898 3966 prius
2931 3897 3204 3966 possedit,
3231 3911 3332 3950 nec
3361 3895 3466 3948 bu-

1887 3989 2123 4042 maniter
2149 4003 2242 4044 eas
2291 3989 2486 4058 pieque
2508 3989 2790 4058 dispersit,
2823 3988 3288 4058 quemadmodum
3329 3988 3467 4042 scri-

1885 4085 2039 4147 ptum
2069 4086 2154 4131 est
2189 4079 2260 4129 :‘t
2298 4076 2606 4147 Dispersit,
2651 4079 2798 4132 dedit
2843 4077 3210 4146 pauperibus;
3250 4076 3463 4144 justitia

1885 4171 2006 4237 ejus
2047 4177 2230 4223 manet
2257 4170 2311 4224 in
2345 4169 2607 4224 saeculum
2643 4169 3302 4236 saeculi'°;nsedcansam
3334 4183 3469 4223 con--

1887 4271 1970 4315 tra
1995 4270 2050 4315 et
2079 4263 2426 4320 occasionem
2455 4263 2690 4332 posteris
2717 4277 2939 4332 quoque
2966 4261 3217 4332 praebuit,
3241 4261 3303 4316 ad
3328 4276 3473 4331 quos

1886 4355 1993 4410 illae
2038 4369 2336 4424 pervenere
2360 4396 2376 4420 ,
2409 4365 2471 4408 ut
2507 4355 2730 4424 impiam
2774 4354 3182 4423 pessimumque
3219 4355 3348 4406 vitze
3387 4367 3472 4406 ra-

184 4442 348 4508 ξίας,
391 4449 941 4516 παρεκτρεπομένοις
984 4450 1039 4502 δὲ
1087 4453 1183 4504 καὶ
1229 4453 1366 4523 πρὸς
1397 4455 1651 4525 ἁρπαγὰς
1687 4457 1782 4509 καὶ

1888 4458 2091 4509 tionem
2147 4452 2384 4518 inirent,
2425 4465 2526 4504 nec
2556 4451 2841 4519 rapiendi,
2877 4446 3344 4518 concupiscendi,
3387 4462 3474 4500 ca-

181 4536 521 4603 πλεονεξίας
549 4540 642 4592 καὶ
676 4543 1050 4610 συκοφαντίας
1081 4544 1160 4596 ἔτι
1194 4533 1338 4600 κατὰ
1370 4547 1431 4600 τὸ
1465 4548 1688 4617 μᾶλλον,
1706 4548 1784 4612 ὡς

177 4627 298 4680 οὐκ
360 4629 726 4700 ὲςαρκοῦντος
775 4630 869 4685 τοῦ
941 4635 1392 4706 περιενεχθέντος
1448 4641 1529 4702 εἰς
1581 4639 1783 4702 αὐτοὺς

179 4719 441 4772 πλούτου
472 4722 802 4794 παραλόγως
831 4727 925 4778 καὶ
955 4726 1238 4798 δυστυχῶς
1271 4729 1406 4798 πρὸς
1441 4731 1780 4802 ὲξυπηρέτη-

181 4827 280 4862 σιν
327 4811 432 4879 τῆς
475 4813 762 4882 φιληδόνου
798 4813 966 4884 ζωῆς.
1018 4815 1190 4870 Τοῦτο
1217 4817 1328 4888 γὰρ
1358 4819 1662 4874 αἰνίττεται
1699 4821 1786 4874 διὰ

176 4905 301 4958 τῶν
335 4907 628 4976 ἑπομένων
651 4925 666 4939 ·
701 4910 836 4979 φησὶ
865 4911 973 4982 γάρ
999 4927 1012 4940 °

1886 4545 2188 4600 lumniandi
2229 4543 2396 4596 ullum
2445 4540 2689 4596 facerent
2723 4540 2885 4596 linem
2911 4557 2926 4594 :
2957 4539 3115 4611 quasi
3162 4554 3318 4608 opes,
3347 4554 3472 4608 quae

1891 4621 2096 4694 temere
2128 4637 2236 4691 illis
2277 4635 2680 4704 infeliciterque
2707 4634 3057 4689 obvenissimt
3081 4634 3193 4694 ,-ad
3221 4633 3472 4700 volupta-

1891 4731 1988 4784 riae
2015 4729 2137 4782 vitae
2171 4709 2474 4780 ministeria
2500 4725 2660 4793 plane
2693 4737 2802 4778 non
2836 4723 3159 4778 subicerent.
3182 4721 3299 4776 Hoc
3321 4721 3468 4774 enim

1893 4825 1962 4878 iis
1995 4822 2287 4894 signiﬁcat,
2323 4837 2443 4890 quae
2473 4828 2812 4886 sequuntur;
2844 4819 3042 4886 quippe
3078 4817 3150 4870 ait
3183 4833 3196 4868 :

1532 5031 1541 5039 ·
1595 5029 1754 5099 me
1789 5026 1816 5099 ς
1854 5009 2044 5077 x‘xvr.

279 5113 670 5184 Ἐπέστρεψα
725 5117 872 5188 ἐγὼ,
921 5120 1021 5173 καί
1070 5117 1238 5175 εἶδον
1290 5121 1624 5191 συμπάσας
1682 5125 1786 5187 τὰς

174 5207 620 5271 συκοφαντίας
649 5205 754 5271 τὰς
783 5208 1102 5276 γινομένας
1135 5213 1255 5266 ὑπὸ
1288 5212 1397 5266 τὸν
1429 5213 1609 5280 ἣλιον·
1629 5229 1642 5242 ·
1685 5213 1783 5265 καὶ

173 5291 367 5348 εἶδον
400 5293 670 5362 δάκρυον
717 5296 835 5350 τῶν
877 5302 1494 5370 συκοφαντουμένων,
1533 5305 1628 5359 καὶ
1675 5306 1785 5357 οὐκ

170 5388 376 5440 ἐστιν
401 5385 606 5452 αὐτοῖς
637 5390 668 5440 ὁ
707 5389 1102 5456 παρακαλῶν·
1153 5392 1250 5446 καὶ
1283 5394 1400 5446 ἀπὸ
1431 5395 1630 5462 χειρὸς
1668 5411 1783 5448 συ-

261 5517 315 5549 ⁸⁰
349 5515 498 5571 Psal.
533 5531 666 5585 cxn,
707 5517 760 5573 9.

264 5653 392 5727 (69..)
434 5653 568 5707 Luc.
599 5670 709 5719 xvi,
739 5653 792 5708 9.
833 5653 926 5708 Sic
949 5663 1138 5727 tamen
1182 5653 1469 5727 in__Gra2cis
1512 5655 1787 5727 exempla-

167 5725 352 5785 ribus
389 5727 534 5792 leges
569 5741 580 5776 :
625 5726 894 5794 Ποιήσατε
941 5725 1156 5786 ἑαυτοῖς
1197 5725 1384 5792 φίλους
1421 5729 1485 5779 ἐκ
1526 5726 1620 5777 τοῦ
1667 5727 1782 5778 Μα-

163 5797 362 5872 μωνᾶ
394 5796 490 5863 τῆς
523 5795 754 5858 ἀδικίας,
785 5797 868 5848 ἵνα
893 5797 1020 5848 ὅταν
1051 5794 1334 5862 ἐκλίπητε,
1361 5795 1616 5858 δέξωνται
1646 5797 1788 5860 ὑμᾶς

1965 5118 2097 5170 CAP.
2127 5115 2216 5171 IV.
2252 5132 2407 5169 veris.
2453 5115 2565 5168 1-5.
2599 5113 2842 5170 Conrerii
2879 5128 2971 5182 ego
3003 5128 3102 5175 me,
3135 5119 3184 5165 et
3212 5110 3320 5196 vidi
3351 5110 3470 5163 uni-

1891 5229 2064 5267 versas
2084 5200 2378 5266 calumnias
2395 5229 2510 5282 qua:
2535 5214 2670 5280 ﬁunt
2697 5211 2791 5263 sub
2811 5210 2954 5273 sole;
2975 5219 3024 5262 el
3049 5209 3153 5262 vidi
3177 5208 3469 5276 lacrymam

1888 5323 2102 5370 eorum,
2158 5309 2246 5374 qui
2297 5305 2618 5358 calumniam
2652 5305 2946 5365 sustinent,
3005 5316 3051 5355 et
3102 5317 3204 5353 non
3250 5309 3325 5352 es!
3383 5299 3471 5367 qui

1889 5403 2190 5456 curtsoletur
2223 5420 2308 5457 eos
2339 5421 2356 5456 :
2387 5409 2434 5455 et
2466 5401 2527 5454 de
2570 5417 2730 5454 manu
2762 5398 3202 5453 calumniantium
3231 5412 3316 5450 eos
3357 5396 3468 5464 [ur-

1843 5725 1847 5730 .
1896 5664 1974 5726 είς
2004 5663 2100 5724 τὰς
2129 5667 2377 5728 αἰωνίους
2403 5667 2626 5734 σκηνάς.

1968 5735 2076 5804 Ησῧ)
2118 5736 2331 5806 Olymp.
2359 5739 2414 5788 ἐν
2445 5731 2506 5804 ᾤ’
2525 5737 2589 5788 ἂν
2613 5737 2857 5805 γένηται.
