4036 6382
267 305 394 376 905

1382 304 1464 370 IVN
1493 303 2084 369 ECCLESIASTEN.
2112 332 2178 342 —
2207 305 2352 366 LIB.
2402 305 2519 368 III.

3477 311 3580 373 903

276 386 441 479 ἔστιν
473 423 506 494 ἡ
537 419 653 492 Cum
687 417 872 490 ὑμῶν;
905 417 1072 490 ἀτμὶς
1115 421 1225 490 γάρ
1255 418 1406 474 ἐστιν
1447 423 1482 492 ή
1531 421 1672 493 πρὸς
1703 421 1883 490 ὀλίγον

1993 419 2155 489 110
2181 427 2266 475 est
2296 418 2366 474 ad
2396 417 2674 474 modicum
2705 431 2929 488 parens,
2959 425 3016 472 et
3039 416 3300 488 deinceps
3326 422 3557 474 eatermi

279 513 638 588 φαινομένη.
681 511 876 566 ἔπειτα
922 509 981 564 δέ
1022 511 1116 564 καὶ
1160 511 1576 584 ἀφανιζομένη·
1625 513 1748 567 ἀντὶ
1789 512 1885 566 τοῦ

276 609 473 663 λαλεῖν
499 607 669 678 ὑμᾶς,
697 604 794 658 ἐὰν
817 605 846 658 ὁ
873 603 1080 676 Κύριος
1102 604 1332 679 θελήσῃ,
1360 607 1458 660 καὶ
1486 606 1770 678 ζήσωμεν,
1792 605 1890 659 καὶ

281 703 616 771 ποιήσωμεν
646 696 812 750 τοῦτο
841 696 876 769 ἢ
907 697 1106 752 ἐκεῖνο.
1135 696 1250 751 Νῦν
1280 697 1338 750 δὲ
1365 697 1647 768 καυχᾶσθε
1673 700 1732 751 ἐν
1764 697 1895 760 ταῖς

279 790 652 857 ἅλαζωνείαις
680 787 860 862 ὑμῶν»
905 789 1064 843 Πᾶσα
1107 786 1380 860 καύχησις
1411 787 1636 860 τοιαύτη
1670 787 1890 858 πονηρά

277 882 460 936 ἐστιν.
495 899 516 932 ι

373 976 434 1029 ’0
471 972 663 1043 μέντοι
697 974 863 1040 σοφδς
892 969 1328 1040 Ἔκκλησιαστὴς
1355 969 1413 1023 ἐν
1436 968 1654 1038 ὀλίγαις
1680 967 1885 1036 λέξεσι,

284 1072 416 1134 ταῖς
443 1065 588 1121 κατὰ
621 1063 913 1136 συνήθειαν
937 1061 1089 1132 αὐτῷ
1128 1061 1751 1133 παραλαμϐανομέναιςς
1780 1062 1889 1116 πᾶ-

293 1177 398 1215 σαν
433 1155 862 1228 καθυπογράφει
889 1154 987 1224 τὴν
1016 1151 1415 1224 ματαιοπονίαν
1443 1151 1554 1206 τῶν
1577 1154 1890 1223 ἐμματαιαο

291 1251 498 1318 ζόντων
543 1253 659 1314 τοῖς
709 1245 863 1308 ιδίοις
903 1245 1130 1316 μόχθοις
1178 1243 1274 1298 καὶ
1313 1243 1542 1312 κόποις,
1581 1243 1678 1299 καὶ
1718 1243 1888 1316 μηδὲν

283 1341 488 1412 ὕφελος
534 1338 769 1410 ψυχικὸν
806 1337 992 1407 σφίσιν
1033 1337 1221 1400 αὐτοῖς
1268 1335 1676 1406 προξενούντων
1699 1355 1712 1368 ο
1749 1335 1889 1389 ἀλλὰ

288 1431 562 1495 πολλάκις
612 1429 709 1483 καὶ
750 1426 888 1499 πρὸς
919 1425 1091 1489 αὑτὰς
1136 1424 1236 1488 τὰς
1279 1423 1472 1495 χρείας
1501 1424 1603 1493 τῆς
1637 1422 1884 1492 φύσεως,

281 1523 384 1578 διὰ
409 1523 509 1596 τὴν
535 1519 826 1592 φειδωλίαν
851 1517 948 1572 καὶ
981 1517 1080 1588 τὴν
1110 1514 1615 1586 φιλοκτημοσύνην,
1650 1513 1887 1579 ἐλλιπῶς

286 1616 388 1670 καὶ
433 1615 572 1686 μετὰ
603 1611 808 1684 πολλῆς
836 1609 1044 1672 ἐνδείας
1078 1609 1193 1671 τοῖς
1245 1606 1383 1678 πρὸς
1409 1605 1712 1678 διατροφὴν
1749 1609 1888 1662 ἀπο-

286 1705 656 1779 κεχρημένων
689 1701 956 1770 ἀβούλως.
997 1699 1219 1771 ⁹Δμέλει
1249 1699 1430 1753 τοίνυν
1471 1699 1729 1770 ἐπήγαγε
1749 1715 1766 1731 ο

1989 511 2235 567 nabitur.
2268 511 2376 566 Pro
2401 524 2469 568 eo
2493 518 2554 566 ut
2589 510 2826 566 dicatis:
2854 509 2914 564 Si
2946 509 3216 566 Dominus
3247 509 3504 576 voluerit,
3526 521 3580 567 ct

1988 603 2036 659 si
2067 602 2389 666 vixerimus,
2431 601 2701 658 iaciemus
2729 602 2838 658 hoc
2879 613 2976 657 aut
3010 601 3166 657 illud.
3200 601 3362 658 Nunc
3391 612 3576 658 autem

1987 694 2279 750 exsultatis
2325 695 2380 748 in
2429 693 2706 765 superbiis
2747 693 2968 750 vestris.
3041 694 3233 750 Omnis
3282 695 3582 751 exsultatio

1990 787 2116 842 talis
2141 785 2384 856 maligna
2419 794 2505 839 est
2539 783 2678 856 (70).
2717 803 2738 838 ι

2058 877 2359 933 Enimvero
2405 878 2626 948 sapiens
2666 877 3030 933 Ecclesiastes
3061 879 3250 948 paucis
3275 921 3290 945 ,
3331 889 3389 936 ut
3421 881 3579 949 solet,
3655 905 3658 914 -

1986 959 2176 1026 verbis
2205 986 2365 1038 usus,
2395 985 2596 1024 vanam
2633 985 2856 1025 onmem
2895 985 3088 1026 eorum
3117 972 3383 1028 describit
3421 973 3581 1028 solli-
3654 1009 3662 1036 ε

1985 1062 2289 1118 citudinem
2319 1103 2335 1128 ,
2387 1062 2483 1133 qui
2531 1077 2698 1132 opera
2745 1077 2846 1118 sua
2891 1071 2948 1118 et
2991 1064 3346 1120 contentione
3394 1067 3580 1121 inania

1987 1161 2266 1209 sectantes
2287 1193 2303 1220 ,
2337 1153 2552 1208 nullum
2597 1153 2702 1208 sibi
2733 1155 2803 1208 ad
2832 1154 3031 1208 animae
3059 1155 3352 1210 utilitatem
3395 1159 3582 1212 subsi-

1987 1245 2140 1300 dium
2174 1255 2420 1316 parant:
2460 1246 2594 1316 quin
2629 1261 2771 1316 sape
2821 1245 2890 1325 ad
2943 1247 3061 1316 ipsa
3103 1248 3228 1302 vitae
3270 1249 3582 1313 commoda,

1990 1338 2350 1409 parcimonite
2395 1338 2584 1394 studio
2632 1347 2798 1408 atque
2847 1339 3097 1394 avaritiae
3148 1356 3355 1408 causa,
3402 1357 3473 1396 ne
3530 1343 3584 1396 id

1990 1428 2216 1500 quidem
2239 1469 2254 1496 ,
2304 1429 2451 1500 quod
2487 1430 2624 1486 satis
2658 1429 2768 1496 sit,
2805 1440 3056 1497 sumunt,
3101 1440 3156 1486 et
3188 1435 3257 1487 de
3309 1433 3585 1489 alimentis

1987 1537 2208 1594 quoque
2253 1523 2464 1594 aliquid
2515 1523 2620 1578 sibi
2669 1523 2872 1580 misere
2916 1524 3343 1597 ineonsulteque
3397 1528 3586 1583 decere

1990 1625 2149 1686 punt.
2177 1617 2368 1688 itaque
2405 1616 2614 1687 adjecit
2649 1635 2664 1684 ι

1835 1815 2084 1876 XXVIII.

441 1842 454 1848 “
1835 1816 1883 1872 Χ

363 1916 608 1987 ’Ἄφρων
642 1913 959 1983 περιέλαϐε
984 1911 1093 1978 τὰς
1115 1909 1321 1982 χεῖρας
1358 1911 1549 1966 αὐτοῦ
1568 1952 1584 1977 ,
1617 1910 1717 1966 καὶ
1745 1816 1883 1966 uic-

1993 1819 2084 1876 Ill.

2071 1914 2238 1974 Vsus.
2271 1917 2328 1972 5.
2359 1915 2574 1973 Stultus
2611 1920 2918 1988 complexus
2966 1929 3048 1974 est
3097 1936 3288 1974 manus
3329 1937 3490 1988 suas,
3535 1933 3586 1978 ει

283 2009 476 2081 ἐφαγε
512 2009 623 2073 τὰς
652 2005 886 2074 σάρκας
916 2003 1130 2061 αὑτοῦ.

361 2101 498 2164 Ταῖς
523 2099 636 2170 γὰρ
675 2095 1006 2161 ἀποτεύξεσι
1034 2095 1148 2148 τῶν
1185 2093 1560 2150 ἐλπισθέντων
1587 2096 1710 2158 ταῖς
1743 2094 1886 2148 κατὰ

279 2193 390 2265 τὴν
415 2193 650 2264 ἤπειρον
675 2190 770 2243 καὶ
795 2189 894 2257 τὴν
921 2187 1202 2242 θάλασσαν
1233 2186 1552 2258 ἐμπορίαις,
1581 2187 1664 2250 είς
1691 2186 1888 2240 τοσαύ-

277 2301 392 2356 την
439 2283 794 2354 περιίσταται
838 2279 1041 2350 θλῖψιν,
1073 2279 1167 2332 καὶ
1214 2278 1576 2349 τηλικαύταις
1625 2278 1886 2348 ἀλγηδόσι

287 2377 391 2430 καὶ
424 2374 750 2445 καρδιακαῖς
793 2370 1062 2440 ἀθυμίαις
1106 2370 1587 2435 καταδαπτίζεται
1627 2368 1727 2440 τὴν
1765 2369 1887 2424 διά-

296 2484 482 2522 νοιαν·
525 2465 690 2536 ἡνίκα
736 2463 974 2535 μάλιστα
1007 2461 1146 2533 πρὸς
1191 2461 1270 2532 τῷ
1319 2461 1489 2532 μηδὲν
1524 2461 1788 2532 κερδᾶναι
1825 2461 1888 2515 τὸ

294 2557 548 2622 σύνολον,
580 2557 671 2608 καὶ
693 2545 755 2606 τὸ
774 2549 1124 2621 καταϐληθὲν
1151 2549 1585 2622 προσαπώλεσεν
1619 2547 1886 2621 ἀργύριον

283 2649 389 2704 καὶ
419 2646 660 2720 χρυσίον,
708 2645 785 2708 ὡς
812 2643 908 2698 καὶ
938 2641 1040 2706 τὰς
1087 2643 1284 2714 τρίχας
1308 2643 1408 2712 τῆς
1459 2641 1599 2704 ιδίας
1639 2639 1886 2710 κεφαλῆς

281 2737 515 2803 τίλλειν,
557 2737 655 2790 καὶ
685 2736 986 2806 πειρᾶσθαι
1012 2734 1107 2789 καὶ
1139 2735 1241 2796 τὰς
1269 2733 1482 2804 σάρκας
1509 2733 1880 2802 καταφαγεῖν.

284 2831 358 2884 Τί
390 2833 590 2904 δήποτε
617 2829 676 2883 δὲ
703 2828 864 2882 τοῦτο
891 2827 1202 2893 πέπονθενς
1233 2824 1379 2892 Ὅτι,
1412 2826 1582 2897 φησὶ,
1614 2843 1883 2896 κατεσφι-

285 2923 500 2994 γμένας
529 2915 647 2993 εἷχε
677 2921 778 2986 τὰς
810 2923 1000 2992 χεῖρας
1035 2919 1173 2991 πρὸς
1210 2920 1274 2972 τὸ
1309 2919 1584 2992 μηδεμίαν
1607 2920 1886 2976 ποιεῖσθαι

281 3017 528 3072 διάδοσιν
577 3014 672 3068 καὶ
713 3012 975 3084 διανομὴν
1013 3015 1130 3077 τοῖς
1164 3015 1406 3082 πτωχοῖς
1439 3015 1536 3067 καὶ
1573 3016 1687 3079 τοῖς
1717 3015 1890 3086 πένη-

287 3124 380 3164 σιν
400 3126 414 3141 ο
441 3107 558 3162 ἀλλ’
590 3105 806 3159 ἔνδοθεν
835 3105 936 3176 τῆς
970 3103 1322 3176 περιλήψεως
1356 3105 1466 3158 τῶν
1508 3104 1654 3161 ἰδίων
1679 3107 1884 3177 χειρῶν

283 3200 630 3274 περικλείειν
676 3200 773 3254 καὶ
815 3198 1190 3270 περιγράφειν
1241 3197 1334 3251 τὸν
1390 3197 1884 3271 συναθροιζόμενον

1993 2008 2224 2063 comedit
2257 2025 2444 2064 carnes
2477 2025 2606 2064 suas
2637 2011 2776 2080 (7i).
3041 2081 3049 2087 _

2066 2093 2118 2149 Is
2159 2095 2362 2166 quippe
2420 2098 2876 2169 compendiorum
2940 2115 3036 2170 spe
3087 2099 3404 2170 frustratus,
3461 2120 3587 2176 qua:

1993 2195 2140 2242 terra
2177 2189 2431 2259 marique
2476 2199 2816 2261 speraverat,
2853 2201 3007 2249 tanta
3039 2195 3206 2250 animi
3238 2197 3461 2252 tristitia
3492 2213 3589 2268 op-

1995 2277 2272 2348 primitur,
2301 2288 2360 2335 et
2389 2279 2581 2337 dolore
2629 2291 2784 2338 tanto
2819 2291 2986 2354 atque
3020 2284 3349 2356 aegritudine
3393 2287 3587 2346 obrui:-

1930 2382 1948 2394 ·
1993 2375 2106 2433 tur,
2155 2369 2462 2438 praesertim
2504 2371 2651 2440 quod
2685 2372 2754 2427 ad
2802 2373 2974 2428 totius
3019 2373 3161 2430 lucri
3195 2375 3585 2432 detrimentum

1993 2461 2208 2532 argenti
2251 2461 2418 2518 etiam
2453 2470 2620 2533 atque
2652 2463 2773 2518 auri
2803 2464 2918 2532 jam
2969 2468 3192 2536 expensi
3241 2468 3459 2538 jactura
3490 2485 3588 2525 ac-

1993 2552 2242 2619 cesserit,
2301 2563 2360 2608 ut
2393 2555 2622 2625 capillos
2653 2555 2756 2610 sibi
2797 2557 2993 2612 evellat
3030 2558 3247 2628 capitis,
3274 2568 3331 2616 et
3361 2575 3584 2617 carnem

1994 2660 2152 2701 suam
2188 2660 2379 2702 morsu
2413 2655 2582 2718 petat.
2614 2647 2682 2703 At
2712 2663 2953 2719 quonam
2989 2660 3150 2721 pacto
3176 2651 3247 2706 ad
3274 2655 3378 2709 hoc
3404 2669 3588 2726 usque

1993 2736 2252 2793 devenit?
2283 2735 2446 2804 Quia,
2489 2737 2691 2808 inquit,
2739 2755 2940 2795 manus
2971 2741 3164 2796 habuit
3195 2743 3475 2810 astrictus,
3518 2765 3588 2803 ne

1992 2829 2128 2900 quid
2179 2828 2328 2885 dono
2362 2831 2757 2903 egenis-atque
2806 2833 3144 2903 pauperibus
3187 2836 3584 2905 distribuerct;

1993 2921 2270 2993 idemque,
2297 2933 2566 2994 quantum
2599 2923 2856 2981 manibus
2883 2940 3082 2996 capere
3124 2927 3244 2983 suis
3281 2938 3490 2998 posset,
3528 2929 3586 2983 iu

1993 3015 2242 3080 collectis
2273 3015 2473 3086 opibus
2520 3015 2916 3072 concludendis
2951 3017 3588 3092 circumscribendisque

1993 3118 2142 3165 totus
2169 3108 2306 3164 fuit:
2331 3123 2511 3180 neque
2541 3108 2627 3164 his
2656 3110 2725 3165 ad
2750 3109 3069 3180 quotidiana
3089 3113 3584 3168 uaturaesubsidia

1996 3201 2297 3257 liberaliter
2349 3217 2415 3258 ac
2440 3201 2677 3274 benigne
2719 3217 2856 3257 usus
2887 3210 3010 3268 est,
3049 3204 3147 3260 sed
3199 3205 3357 3261 vanis
3399 3205 3586 3276 potius

282 3295 525 3350 πλοῦτον
546 3311 560 3325 ·
597 3293 724 3350 οὐδὲ
754 3291 893 3364 πρὸς
934 3293 1034 3356 τὰς
1064 3291 1378 3360 ἀναγκαίας
1406 3292 1601 3362 χρείας
1637 3293 1738 3362 τῆς
1778 3292 1882 3362 φύε

1991 3295 2272 3350 laboribus
2303 3294 2566 3365 curisque
2600 3294 2861 3350 inanibus
2891 3309 3059 3366 opum
3084 3299 3584 3367 comparandarum

281 3407 432 3454 σεως
455 3386 760 3456 ἐλευθέρως
795 3383 946 3455 αὐτῷ
968 3383 1314 3456 κεχρημένος
1345 3385 1440 3438 καὶ
1469 3383 1734 3454 δαψιλῶς,
1751 3384 1887 3438 ἀλλὰ

281 3483 387 3538 καὶ
417 3482 545 3546 τοὺς
587 3479 828 3550 μόχθους
869 3477 964 3532 καὶ
1009 3476 1216 3542 κόπους
1243 3476 1723 3548 καταϐαλλόμενος
1761 3478 1888 3540 τοὺς

281 3573 556 3646 ματαίους
589 3571 688 3625 καὶ
713 3570 1006 3642 περιττοὺς
1047 3569 1186 3641 πρὸς
1223 3571 1322 3640 τὴν
1353 3567 1562 3624 τούτων
1597 3569 1888 3641 συνάθροιυ

283 3680 400 3728 σιν,
435 3661 529 3716 καὶ
572 3661 830 3732 χαλεπῶς
861 3659 1179 3731 τληπαθῶν,
1213 3659 1310 3711 καὶ
1333 3659 1423 3713 διὰ
1456 3660 1518 3712 τὸ
1550 3661 1652 3731 τῆς
1680 3677 1886 3730 προαι-

291 3755 502 3826 ρέσεως
555 3755 783 3824 ἀγεννὲς
845 3753 941 3806 καὶ
1009 3751 1554 3822 καταδεδουλωμένον
1613 3754 1739 3816 ταῖς
1793 3751 1889 3806 τοῦ

287 3847 523 3901 πλούτου
578 3847 968 3918 προσθήκαις,
1027 3845 1233 3916 ἥκιστα
1292 3846 1416 3908 ταῖς
1491 3849 1728 3916 τροφαῖς
1791 3846 1890 3902 καὶ

281 3939 503 4011 χρείαις
540 3939 643 4010 τῆς
703 3940 924 4008 φύσεως
963 3938 1064 4008 τὴν
1098 3935 1546 4009 ἐπιζητουμένην
1575 3939 1888 3994 ἀνάπαυσιν

279 4030 670 4103 χαριζόμενος.
719 4031 796 4084 Οὐ
830 4030 944 4101 γάρ
995 4030 1111 4102 ᾔδει
1144 4029 1236 4084 διὰ
1271 4029 1477 4100 πολλὴν
1509 4032 1882 4103 άποπληξίαν,

275 4124 370 4178 ὅτι
426 4123 629 4194 μᾶλλον
680 4121 1050 4194 αἱρετώτερόν
1100 4123 1219 4176 ἐστι
1279 4123 1377 4177 καὶ
1431 4123 1878 4197 λυσιτελέστερον

277 4217 522 4289 βραχεῖα
568 4219 663 4271 καὶ
701 4216 1048 4288 σκληροτέρα
1081 4201 1388 4288 μετάληψις
1415 4218 1628 4289 τροφῆς
1655 4218 1881 4282 ἀκόπως

274 4311 690 4382 προστιθεμένη
739 4311 878 4380 πρὸς
910 4309 1218 4378 ἀναγκαίαν
1258 4310 1452 4381 χρείαν
1495 4311 1594 4382 τῆς
1639 4311 1885 4380 φύσεως,

1986 3402 2154 3443 causa
2204 3387 2483 3456 susceptis
2526 3401 2597 3442 ac
2651 3386 2923 3454 toleratis,
2971 3388 3225 3445 illiberali
3284 3392 3586 3463 servilique

1986 3478 2175 3532 animo
2208 3477 2263 3531 in
2295 3478 2618 3533 divitiarum
2661 3489 3018 3548 augmentum
3063 3480 3322 3537 alimenta
3373 3484 3479 3540 sibi
3531 3497 3586 3540 et

1987 3571 2278 3626 commoda
2340 3579 2394 3626 ει
2449 3570 2818 3626 necessariam
2877 3581 3088 3628 naturae
3153 3574 3392 3644 quietem
3443 3577 3580 3632 sub-

1989 3664 2148 3719 duxit
2179 3662 2318 3735 (72).
2372 3661 2601 3718 Summa
2631 3663 2779 3718 enim
2811 3665 3012 3720 mentis
3065 3644 3382 3736 stupiditate
3423 3669 3580 3738 ιιι

1993 3759 2283 3828 ignoravit,
2319 3765 2527 3826 quanto
2559 3756 2855 3827 optabilior
2889 3757 2960 3812 sit
2992 3766 3158 3829 atque
3189 3760 3377 3822 utilior
3397 3761 3584 3836 bnevjs

1987 3863 2054 3903 ac
2083 3849 2274 3904 durior
2296 3849 2406 3904 cibi
2436 3848 2680 3919 gustatio
2705 3849 2824 3904 sine
2861 3849 2973 3904 ullo
3011 3849 3202 3906 labore
3231 3853 3299 3907 ad
3329 3868 3585 3908 necessa-

1986 3942 2132 3997 rium
2159 3951 2555 3997 uaturaausum
2588 3941 2850 4012 appositi,
2893 3958 3059 4014 quam
3091 3943 3277 4000 lautus
3326 3945 3585 4015 magniﬁ-

1984 4047 2195 4103 cusque
2223 4035 2522 4102 apparatus
2568 4021 2974 4102 exquisitarum
3019 4033 3245 4105 dapium
3285 4043 3449 4105 atque
3483 4051 3584 4106 po-

1990 4123 2202 4178 tionu'm
2231 4163 2245 4187 .
2277 4126 2400 4192 Quae
2438 4122 2545 4178 nisi
2593 4122 2781 4178 labore
2826 4123 3005 4180 multo:
3033 4140 3100 4181 ac
3146 4125 3350 4182 sudore
3389 4127 3580 4181 taliqu

1990 4231 2176 4271 rerum
2201 4213 2433 4270 studiosi
2463 4229 2792 4286 comparare
2825 4231 2933 4272 non
2977 4228 3228 4288 possunt.
3282 4217 3580 4290 Propterea

1993 4306 2226 4377 subjecit
2257 4325 2270 4360 :

275 4401 738 4480 vbntp‘ouqulsla;
764 4402 860 4455 καὶ
890 4399 1246 4464 πολυτελείας
1317 4401 1742 4480 καρυκευτικῶν
1801 4399 2112 4472 βρωμάτων
2157 4397 2254 4450 καὶ
2285 4397 2550 4468 πομάτων
2585 4401 2728 4471 μετὰ
2774 4401 2986 4455 πολλῶν
3051 4401 3270 4473 μόχθων
3334 4405 3430 4458 καὶ
3491 4404 3582 4455 κνι-

274 4511 404 4547 πων
429 4491 803 4564 εὑρισκομένη
833 4491 950 4554 τοῖς
991 4486 1251 4562 ζητοῦσιν
1273 4489 1880 4564 αὖτήν.Τούτου⁵χᾶριν
1919 4491 2208 4562 ἐπήγαγεὂ
2331 4491 2338 4501 “
2407 4505 2412 4512 ·
2617 4487 2624 4495 ’
2684 4499 2694 4508 '

1800 4637 2056 4731 μω.

364 4807 618 4879 Ἀγαθὸν
657 4803 956 4874 πλήρωμα
984 4803 1139 4874 μετὰ
1171 4801 1394 4872 δρακὸς
1435 4802 1838 4870 ἀναπαύσεως
1859 4843 1874 4869 ,

2053 4804 2220 4859 Vsus.
2253 4803 2306 4857 6.
2351 4803 2502 4857 Bona
2528 4794 2807 4874 plenitudo
2841 4817 2960 4856 cum
2980 4801 3183 4872 pugillo
3213 4804 3465 4873 requietis
3490 4822 3580 4858 su-
3682 4769 3689 4812 :

264 4898 433 4967 ὑπὲρ
473 4895 844 4966 πληρώματα
879 4895 992 4950 δύο
1029 4893 1271 4965 δρακών
1302 4895 1538 4964 μόχθου
1583 4895 1685 4950 καὶ
1725 4911 1871 4964 προ-

266 4992 566 5078 αιρέσεως
581 4990 964 5076 πνεύματος.

361 5153 471 5223 (70)
512 5151 632 5209 Jac.
666 5168 742 5217 tv,
774 5153 865 5211 15.
901 5152 962 5208 ln
994 5153 1202 5209 nostris
1227 5150 1498 5221 exemplis
1527 5158 1683 5206 est...
1727 5149 1881 5205 Ἀντί

265 5225 374 5281 τοῦ
405 5225 588 5298 λέγειν

350 5297 462 5363 (7i)
483 5293 488 5294 7
509 5297 581 5350 At
609 5293 769 5350 LXX
815 5293 1088 5350 habent...

265 5385 308 5425 α
320 5367 469 5424 ὒτοῦ.
1245 5402 1250 5406 ι

347 5438 464 5510 (72)
485 5436 645 5510 Quod
663 5436 764 5510 Abic
789 5436 1012 5510 dicitur,
1041 5433 1362 5510 Complexus
1384 5443 1464 5510 est
1491 5451 1690 5510 manus
1721 5451 1870 5501 suas,

261 5505 614 5583 proverbiale
642 5507 851 5583 dictum
895 5506 1095 5583 Drusio
1123 5505 1726 5583 videtur-atl_pigritiam
1767 5521 1870 5583 no—

265 5577 516 5637 iandam.
555 5577 741 5649 (Prov.
779 5578 864 5643 ll,
897 5579 992 5634 lib.
1034 5593 1119 5643 ιιι,
1163 5593 1220 5633 ιι.
1253 5577 1368 5645 ει).
1415 5577 1493 5649 Ae
1519 5577 1604 5632 bis
1634 5591 1769 5633 sane
1811 5577 1867 5632 in

264 5647 587 5708 Proverbiis
653 5650 967 5704 Salomonis
1036 5649 1338 5704 dictionem
1405 5647 1722 5717 bujusmodi
1799 5664 1866 5703 ro

1149 5293 1263 5349 Kal
1307 5291 1482 5364 ἔφαγε
1517 5290 1619 5358 τὰς
1664 5291 1880 5364 σάρκας

259 5719 441 5779 sensu
487 5731 808 5790 usurpatam
850 5719 1098 5777 invenies
1147 5727 1264 5788 (vt,
1317 5719 1516 5790 Ιθςίει
1562 5717 1862 5790 χειῇ-55).
1943 5756 1951 5762 ι

257 5792 507 5851 Necesse
537 5787 668 5863 ergo
707 5801 792 5846 est
817 5831 832 5857 ,
887 5790 980 5860 qui
1012 5806 1102 5846 res
1138 5787 1268 5846 suas
1313 5789 1672 5862 ncgligat,‘ut
1719 5787 1865 5845 fame

481 5885 541 5950 ’ἶ
588 5887 864 5946 Ριιτιιοιη
894 5885 1012 5945 Gn.
1045 5885 1318 5946 XCVlll.
1359 5954 1364 5959 _

1981 4913 2074 4966 per
2099 4894 2452 4965 plenitudine:
2483 4893 3077 4964 duorum.pugillorttm
3117 4893 3318 4950 laboris
3352 4907 3403 4952 et
3437 4916 3564 4968 prm-

1980 4988 2302 5058 sumptiom’s
2341 4987 2567 5056 spiritus
2602 4987 2738 5060 (75).

1983 5148 2218 5206 subinde
2247 5147 2636 5224 discrucietur.
2667 5146 2772 5224 Sed
2791 5149 3399 5224 Anostri_i_nterpretatio
3417 5165 3576 5224 mque

1979 5227 2217 5283 constat,
2247 5228 2302 5273 et
2335 5218 2611 5292 acuminis
2635 5220 2762 5289 plus
2789 5220 2976 5274 habet.
2995 5219 3108 5277 Has
3134 5218 3346 5276 scilicet
3379 5218 3574 5292 poenas

1976 5295 2111 5362 dare
2143 5291 2474 5362 avaros-ait.
2514 5299 2576 5345 ut
2601 5301 2808 5360 quanto
2862 5294 2914 5345 in
2945 5293 3183 5348 aliorum
3211 5291 3454 5362 egestate
3495 5296 3574 5349 le-

1975 5361 2154 5416 vanda
2179 5361 2529 5418 remissiores
2561 5363 2692 5426 sint,
2734 5370 2890 5418 tanto
2924 5363 2977 5416 in
3011 5379 3072 5418 se
3100 5361 3266 5432 ipsos
3297 5365 3575 5432 parcimo-

1974 5435 2081 5488 nite
2117 5433 2300 5488 studio
2322 5432 2674 5505 crudeliores
2719 5432 2874 5505 (iant.
2920 5433 3054 5500 Quae
3085 5443 3272 5490 autem
3321 5435 3572 5505 subjicit.

1977 5521 2043 5560 ea
2069 5513 2201 5560 sunt
2222 5503 2542 5576 anticipatio
2582 5504 2830 5575 quaedam
2857 5546 2874 5570 ,
2910 5515 2970 5560 ut
2997 5520 3326 5576 responsum
3359 5503 3576 5564 refellat

1977 5591 2194 5636 eorum,
2224 5575 2320 5646 qui
2351 5575 2560 5631 divitiis
2595 5591 2653 5631 se
2687 5576 2909 5632 studere
2942 5593 3008 5632 ea
3051 5575 3234 5646 mente
3261 5577 3472 5645 dicunt,
3515 5591 3575 5635 ut

1977 5645 2276 5720 aliquando
2301 5645 2408 5720 sibi
2437 5646 2716 5720 otiquset
2731 5646 2899 5720 lautis
2921 5664 3044 5704 esse
3075 5645 3257 5702 liceat.

2050 5715 2316 5789 (725)7'Sed
2349 5715 2490 5787 apud
2534 5715 2676 5772 LXX
2711 5718 2863 5772 deest
2894 5720 3036 5788 μετὰ
3059 5759 3072 5782 .
3106 5734 3228 5787 quae
3256 5722 3571 5789 praepositio

1976 5789 2118 5860 apud
2149 5788 2542 5860 Symmachum
2575 5789 2771 5859 legitur
2797 5789 3164 5860 pust691xé;.
3371 5788 3388 5809 ³

3207 5881 3281 5943 29
