  <div class='ocr_page' id='page_1' title='image "/cluster/home/n/w/nwhite01/storage/ocr_20150623/98/coo.31924054870021/472.png"; bbox 0 0 4036 6376; ppageno 0'>
   <div class='ocr_carea' id='block_1_1' title="bbox 228 393 346 465">
    <p class='ocr_par' dir='ltr' id='par_1_1' title="bbox 228 393 346 465">
     <span class='ocr_line' id='line_1_1' title="bbox 228 393 346 465; baseline -0.025 0"><span class='ocrx_word' id='word_1_1' title='bbox 228 393 346 465; x_wconf 74' lang='grc' dir='ltr'><strong>ξΞἸ</strong></span> 
     </span>
    </p>
   </div>
   <div class='ocr_carea' id='block_1_2' title="bbox 1309 395 2426 459">
    <p class='ocr_par' dir='ltr' id='par_1_2' title="bbox 1309 395 2426 459">
     <span class='ocr_line' id='line_1_2' title="bbox 1309 395 2426 459; baseline -0.003 -2"><span class='ocrx_word' id='word_1_2' title='bbox 1309 399 1393 459; x_wconf 79' lang='grc' dir='ltr'><strong>ΙΝ</strong></span> <span class='ocrx_word' id='word_1_3' title='bbox 1432 395 2014 458; x_wconf 74' lang='lat' dir='ltr'><strong>ECCLESIASTEN.</strong></span> <span class='ocrx_word' id='word_1_4' title='bbox 2055 421 2124 430; x_wconf 89' lang='lat'><em>-</em></span> <span class='ocrx_word' id='word_1_5' title='bbox 2149 396 2300 455; x_wconf 89' lang='lat' dir='ltr'><strong>LIB.</strong></span> <span class='ocrx_word' id='word_1_6' title='bbox 2332 395 2426 456; x_wconf 76' lang='lat' dir='ltr'><strong>IV.</strong></span> 
     </span>
    </p>
   </div>
   <div class='ocr_carea' id='block_1_3' title="bbox 3394 375 3530 442">
    <p class='ocr_par' dir='ltr' id='par_1_3' title="bbox 3394 375 3530 442">
     <span class='ocr_line' id='line_1_3' title="bbox 3394 375 3530 442; baseline -0.059 0"><span class='ocrx_word' id='word_1_7' title='bbox 3394 375 3530 442; x_wconf 64' lang='lat'><strong>918».</strong></span> 
     </span>
    </p>
   </div>
   <div class='ocr_carea' id='block_1_4' title="bbox 233 495 1841 578">
    <p class='ocr_par' dir='ltr' id='par_1_4' title="bbox 233 504 1823 578">
     <span class='ocr_line' id='line_1_4' title="bbox 233 504 1823 578; baseline -0.003 -18"><span class='ocrx_word' id='word_1_8' title='bbox 233 509 430 577; x_wconf 81' lang='grc' dir='ltr'>ἑτέραν</span> <span class='ocrx_word' id='word_1_9' title='bbox 453 505 831 578; x_wconf 84' lang='grc' dir='ltr'>ἀπειρημένην</span> <span class='ocrx_word' id='word_1_10' title='bbox 849 504 1268 578; x_wconf 70' lang='grc' dir='ltr'>κατολισθῆσαν,</span> <span class='ocrx_word' id='word_1_11' title='bbox 1287 507 1364 571; x_wconf 84' lang='grc' dir='ltr'>ὡς</span> <span class='ocrx_word' id='word_1_12' title='bbox 1388 505 1823 578; x_wconf 64' lang='grc' dir='ltr'>ὑπενηφὲγμένον</span> 
     </span>
    </p>
   </div>
   <div class='ocr_carea' id='block_1_5' title="bbox 1945 495 3513 578">
    <p class='ocr_par' dir='ltr' id='par_1_5' title="bbox 1945 495 3513 570">
     <span class='ocr_line' id='line_1_5' title="bbox 1945 495 3513 570; baseline -0.01 -10"><span class='ocrx_word' id='word_1_13' title='bbox 1945 505 2101 570; x_wconf 87' lang='lat' dir='ltr'><strong>lium,</strong></span> <span class='ocrx_word' id='word_1_14' title='bbox 2137 505 2224 558; x_wconf 86' lang='lat' dir='ltr'><strong>vel</strong></span> <span class='ocrx_word' id='word_1_15' title='bbox 2285 505 2339 558; x_wconf 90' lang='lat' dir='ltr'><strong>in</strong></span> <span class='ocrx_word' id='word_1_16' title='bbox 2404 501 2626 557; x_wconf 88' lang='lat' dir='ltr'><strong>vetitam</strong></span> <span class='ocrx_word' id='word_1_17' title='bbox 2677 497 2849 554; x_wconf 18' lang='lat' dir='ltr'><strong>aliam.</strong></span> <span class='ocrx_word' id='word_1_18' title='bbox 2896 495 3164 552; x_wconf 75' lang='lat' dir='ltr'><strong>actionem</strong></span> <span class='ocrx_word' id='word_1_19' title='bbox 3245 501 3513 545; x_wconf 73' lang='lat' dir='ltr'><strong>corruens</strong></span> 
     </span>
    </p>
   </div>
   <div class='ocr_carea' id='block_1_6' title="bbox 218 596 1823 670">
    <p class='ocr_par' dir='ltr' id='par_1_6' title="bbox 218 596 1823 670">
     <span class='ocr_line' id='line_1_6' title="bbox 218 596 1823 670; baseline -0.001 -18"><span class='ocrx_word' id='word_1_20' title='bbox 218 602 350 664; x_wconf 71' lang='grc' dir='ltr'>ταῖς</span> <span class='ocrx_word' id='word_1_21' title='bbox 399 599 598 669; x_wconf 76' lang='grc' dir='ltr'>ῥοπαῖς</span> <span class='ocrx_word' id='word_1_22' title='bbox 650 597 746 652; x_wconf 70' lang='grc' dir='ltr'>καὶ</span> <span class='ocrx_word' id='word_1_23' title='bbox 804 597 1092 668; x_wconf 83' lang='grc' dir='ltr'>βουλήσεσι</span> <span class='ocrx_word' id='word_1_24' title='bbox 1141 601 1241 670; x_wconf 74' lang='grc' dir='ltr'>τῆς</span> <span class='ocrx_word' id='word_1_25' title='bbox 1284 597 1485 669; x_wconf 80' lang='grc' dir='ltr'>ψυχῆς.</span> <span class='ocrx_word' id='word_1_26' title='bbox 1521 597 1736 668; x_wconf 82' lang='grc' dir='ltr'>Ταύτης</span> <span class='ocrx_word' id='word_1_27' title='bbox 1767 596 1823 650; x_wconf 75' lang='grc' dir='ltr'>δὲ</span> 
     </span>
    </p>
   </div>
   <div class='ocr_carea' id='block_1_7' title="bbox 220 687 1826 764">
    <p class='ocr_par' dir='ltr' id='par_1_7' title="bbox 220 687 1826 764">
     <span class='ocr_line' id='line_1_7' title="bbox 220 687 1826 764; baseline -0.002 -20"><span class='ocrx_word' id='word_1_28' title='bbox 220 689 720 764; x_wconf 81' lang='grc' dir='ltr'>προπεπτωκυίας.</span> <span class='ocrx_word' id='word_1_29' title='bbox 751 690 845 742; x_wconf 74' lang='grc' dir='ltr'>καὶ</span> <span class='ocrx_word' id='word_1_30' title='bbox 867 687 960 742; x_wconf 87' lang='grc' dir='ltr'><strong>τοῦ</strong></span> <span class='ocrx_word' id='word_1_31' title='bbox 983 687 1235 759; x_wconf 86' lang='grc' dir='ltr'>σώματος</span> <span class='ocrx_word' id='word_1_32' title='bbox 1268 705 1332 742; x_wconf 88' lang='grc' dir='ltr'><strong>συ</strong></span> <span class='ocrx_word' id='word_1_33' title='bbox 1342 688 1710 760; x_wconf 75' lang='grc' dir='ltr'>μπτωθέντος,</span> <span class='ocrx_word' id='word_1_34' title='bbox 1728 687 1826 748; x_wconf 79' lang='grc' dir='ltr'><strong>οὐκ</strong></span> 
     </span>
    </p>
   </div>
   <div class='ocr_carea' id='block_1_8' title="bbox 223 781 1818 855">
    <p class='ocr_par' dir='ltr' id='par_1_8' title="bbox 223 781 1818 855">
     <span class='ocr_line' id='line_1_8' title="bbox 223 781 1818 855; baseline -0.003 -17"><span class='ocrx_word' id='word_1_35' title='bbox 223 784 344 854; x_wconf 77' lang='grc' dir='ltr'>ἔχει</span> <span class='ocrx_word' id='word_1_36' title='bbox 376 783 562 855; x_wconf 85' lang='grc' dir='ltr'>χώραν</span> <span class='ocrx_word' id='word_1_37' title='bbox 592 781 684 834; x_wconf 79' lang='grc' dir='ltr'><strong>τὸν</strong></span> <span class='ocrx_word' id='word_1_38' title='bbox 713 781 810 836; x_wconf 78' lang='grc' dir='ltr'><strong>ἕνα</strong></span> <span class='ocrx_word' id='word_1_39' title='bbox 837 781 1018 850; x_wconf 87' lang='grc' dir='ltr'>λέγειν</span> <span class='ocrx_word' id='word_1_40' title='bbox 1051 783 1261 846; x_wconf 81' lang='grc' dir='ltr'>πεσεῖν,</span> <span class='ocrx_word' id='word_1_41' title='bbox 1293 781 1429 834; x_wconf 78' lang='grc' dir='ltr'>ἀλλὰ</span> <span class='ocrx_word' id='word_1_42' title='bbox 1465 782 1593 844; x_wconf 80' lang='grc' dir='ltr'>τοὺς</span> <span class='ocrx_word' id='word_1_43' title='bbox 1635 781 1818 850; x_wconf 76' lang='grc' dir='ltr'>ἀμφο‹</span> 
     </span>
    </p>
   </div>
   <div class='ocr_carea' id='block_1_9' title="bbox 223 863 1828 948">
    <p class='ocr_par' dir='ltr' id='par_1_9' title="bbox 223 863 1828 948">
     <span class='ocr_line' id='line_1_9' title="bbox 223 863 1828 948; baseline -0.006 -17"><span class='ocrx_word' id='word_1_44' title='bbox 223 877 427 948; x_wconf 86' lang='grc' dir='ltr'>τέρους</span> <span class='ocrx_word' id='word_1_45' title='bbox 446 892 460 907; x_wconf 76' lang='grc'><strong><em>⁸</em></strong></span> <span class='ocrx_word' id='word_1_46' title='bbox 491 874 821 946; x_wconf 78' lang='grc' dir='ltr'><strong>ἀμφοτέρων</strong></span> <span class='ocrx_word' id='word_1_47' title='bbox 837 873 894 926; x_wconf 79' lang='grc' dir='ltr'><strong>δὲ</strong></span> <span class='ocrx_word' id='word_1_48' title='bbox 915 873 1306 937; x_wconf 79' lang='grc' dir='ltr'><strong>πεπτωκότων,</strong></span> <span class='ocrx_word' id='word_1_49' title='bbox 1331 863 1490 936; x_wconf 83' lang='grc' dir='ltr'><strong>πῶςό</strong></span> <span class='ocrx_word' id='word_1_50' title='bbox 1521 869 1828 934; x_wconf 76' lang='grc' dir='ltr'><strong>πεπτωκὼς</strong></span> 
     </span>
    </p>
   </div>
   <div class='ocr_carea' id='block_1_10' title="bbox 223 963 1824 1037">
    <p class='ocr_par' dir='ltr' id='par_1_10' title="bbox 223 963 1824 1037">
     <span class='ocr_line' id='line_1_10' title="bbox 223 963 1824 1037; baseline -0.006 -14"><span class='ocrx_word' id='word_1_51' title='bbox 223 969 345 1025; x_wconf 78' lang='grc' dir='ltr'>τδν,</span> <span class='ocrx_word' id='word_1_52' title='bbox 378 967 614 1021; x_wconf 77' lang='grc' dir='ltr'>πεσόντα</span> <span class='ocrx_word' id='word_1_53' title='bbox 661 965 994 1037; x_wconf 83' lang='grc' dir='ltr'>διαναστήσῃ</span> <span class='ocrx_word' id='word_1_54' title='bbox 1037 964 1178 1018; x_wconf 79' lang='grc' dir='ltr'>κατὰ</span> <span class='ocrx_word' id='word_1_55' title='bbox 1217 965 1308 1017; x_wconf 82' lang='grc' dir='ltr'><strong>τὸν</strong></span> <span class='ocrx_word' id='word_1_56' title='bbox 1359 963 1824 1032; x_wconf 77' lang='grc' dir='ltr'>Ἑκκλησιαστήνς</span> 
     </span>
    </p>
   </div>
   <div class='ocr_carea' id='block_1_11' title="bbox 229 1054 1828 1129">
    <p class='ocr_par' dir='ltr' id='par_1_11' title="bbox 229 1054 1828 1129">
     <span class='ocr_line' id='line_1_11' title="bbox 229 1054 1828 1129; baseline -0.004 -17"><span class='ocrx_word' id='word_1_57' title='bbox 229 1059 432 1112; x_wconf 84' lang='grc' dir='ltr'>Τοίνυν</span> <span class='ocrx_word' id='word_1_58' title='bbox 471 1057 736 1129; x_wconf 77' lang='grc' dir='ltr'>ἐκατέρου</span> <span class='ocrx_word' id='word_1_59' title='bbox 799 1057 1054 1120; x_wconf 79' lang='grc' dir='ltr'>πεσόντος</span> <span class='ocrx_word' id='word_1_60' title='bbox 1092 1055 1370 1128; x_wconf 73' lang='grc' dir='ltr'>οὐδέτερος</span> <span class='ocrx_word' id='word_1_61' title='bbox 1421 1054 1684 1126; x_wconf 77' lang='grc' dir='ltr'>διεγεῖραι</span> <span class='ocrx_word' id='word_1_62' title='bbox 1735 1054 1828 1106; x_wconf 73' lang='grc' dir='ltr'><strong>τὸν</strong></span> 
     </span>
    </p>
   </div>
   <div class='ocr_carea' id='block_1_12' title="bbox 227 1145 1828 1224">
    <p class='ocr_par' dir='ltr' id='par_1_12' title="bbox 227 1145 1828 1224">
     <span class='ocr_line' id='line_1_12' title="bbox 227 1145 1828 1224; baseline -0.005 -19"><span class='ocrx_word' id='word_1_63' title='bbox 227 1153 422 1224; x_wconf 79' lang='grc' dir='ltr'>ἓτερον</span> <span class='ocrx_word' id='word_1_64' title='bbox 455 1145 566 1212; x_wconf 71' lang='grc' dir='ltr'>οἷός</span> <span class='ocrx_word' id='word_1_65' title='bbox 593 1149 652 1202; x_wconf 89' lang='grc' dir='ltr'><strong>τέ</strong></span> <span class='ocrx_word' id='word_1_66' title='bbox 680 1149 797 1202; x_wconf 77' lang='grc' dir='ltr'>ἐστι</span> <span class='ocrx_word' id='word_1_67' title='bbox 829 1148 966 1220; x_wconf 79' lang='grc' dir='ltr'>πρὸς</span> <span class='ocrx_word' id='word_1_68' title='bbox 1005 1147 1103 1216; x_wconf 78' lang='grc' dir='ltr'><strong>τὴν</strong></span> <span class='ocrx_word' id='word_1_69' title='bbox 1141 1147 1249 1200; x_wconf 89' lang='grc' dir='ltr'><strong>τῶν</strong></span> <span class='ocrx_word' id='word_1_70' title='bbox 1288 1145 1468 1200; x_wconf 84' lang='grc' dir='ltr'>καλῶν</span> <span class='ocrx_word' id='word_1_71' title='bbox 1498 1146 1706 1200; x_wconf 83' lang='grc' dir='ltr'>στάσιν.</span> <span class='ocrx_word' id='word_1_72' title='bbox 1755 1145 1828 1198; x_wconf 83' lang='grc' dir='ltr'>Τὸ</span> 
     </span>
    </p>
   </div>
   <div class='ocr_carea' id='block_1_13' title="bbox 237 1237 1827 1314">
    <p class='ocr_par' dir='ltr' id='par_1_13' title="bbox 237 1237 1827 1314">
     <span class='ocr_line' id='line_1_13' title="bbox 237 1237 1827 1314; baseline -0.003 -19"><span class='ocrx_word' id='word_1_73' title='bbox 237 1240 399 1314; x_wconf 81' lang='grc' dir='ltr'>σῶμα</span> <span class='ocrx_word' id='word_1_74' title='bbox 425 1242 533 1312; x_wconf 79' lang='grc' dir='ltr'><strong>γὰρ</strong></span> <span class='ocrx_word' id='word_1_75' title='bbox 561 1241 620 1294; x_wconf 75' lang='grc' dir='ltr'>οὺ</span> <span class='ocrx_word' id='word_1_76' title='bbox 659 1241 930 1310; x_wconf 70' lang='grc' dir='ltr'>πέφυκεν·</span> <span class='ocrx_word' id='word_1_77' title='bbox 959 1240 994 1310; x_wconf 85' lang='grc' dir='ltr'>ὴ</span> <span class='ocrx_word' id='word_1_78' title='bbox 1025 1239 1081 1293; x_wconf 83' lang='grc' dir='ltr'><strong>δὲ</strong></span> <span class='ocrx_word' id='word_1_79' title='bbox 1105 1238 1252 1310; x_wconf 72' lang='grc' dir='ltr'>ψυχὴ</span> <span class='ocrx_word' id='word_1_80' title='bbox 1289 1238 1390 1292; x_wconf 78' lang='grc' dir='ltr'><strong>κᾶν</strong></span> <span class='ocrx_word' id='word_1_81' title='bbox 1429 1238 1670 1308; x_wconf 70' lang='grc' dir='ltr'>πέφυκεν</span> <span class='ocrx_word' id='word_1_82' title='bbox 1691 1237 1827 1291; x_wconf 73' lang='grc' dir='ltr'>ἀλλὰ</span> 
     </span>
    </p>
   </div>
   <div class='ocr_carea' id='block_1_14' title="bbox 233 1329 1828 1405">
    <p class='ocr_par' dir='ltr' id='par_1_14' title="bbox 233 1329 1828 1405">
     <span class='ocr_line' id='line_1_14' title="bbox 233 1329 1828 1405; baseline -0.01 -19"><span class='ocrx_word' id='word_1_83' title='bbox 233 1333 663 1405; x_wconf 76' lang='grc' dir='ltr'>προηγουμένως</span> <span class='ocrx_word' id='word_1_84' title='bbox 682 1331 880 1402; x_wconf 77' lang='grc' dir='ltr'>ἑαυτὴν</span> <span class='ocrx_word' id='word_1_85' title='bbox 900 1329 1142 1402; x_wconf 74' lang='grc' dir='ltr'>ἐξεγερεῖ</span> <span class='ocrx_word' id='word_1_86' title='bbox 1158 1331 1258 1402; x_wconf 81' lang='grc' dir='ltr'>τῆς</span> <span class='ocrx_word' id='word_1_87' title='bbox 1273 1330 1658 1402; x_wconf 75' lang='grc' dir='ltr'>ἁμαρτητικῆς</span> <span class='ocrx_word' id='word_1_88' title='bbox 1687 1347 1828 1401; x_wconf 55' lang='lat' dir='ltr'><strong>cup...</strong></span> 
     </span>
    </p>
   </div>
   <div class='ocr_carea' id='block_1_15' title="bbox 233 1421 1830 1494">
    <p class='ocr_par' dir='ltr' id='par_1_15' title="bbox 233 1421 1830 1494">
     <span class='ocr_line' id='line_1_15' title="bbox 233 1421 1830 1494; baseline -0.003 -16"><span class='ocrx_word' id='word_1_89' title='bbox 233 1424 500 1487; x_wconf 75' lang='grc' dir='ltr'>πτώσεως</span> <span class='ocrx_word' id='word_1_90' title='bbox 523 1424 610 1476; x_wconf 71' lang='grc' dir='ltr'>διὰ</span> <span class='ocrx_word' id='word_1_91' title='bbox 647 1425 746 1494; x_wconf 84' lang='grc' dir='ltr'>τῆς</span> <span class='ocrx_word' id='word_1_92' title='bbox 781 1422 1096 1494; x_wconf 75' lang='grc' dir='ltr'>μετανοίαςο</span> <span class='ocrx_word' id='word_1_93' title='bbox 1133 1421 1323 1476; x_wconf 71' lang='grc' dir='ltr'>ἔπειτα</span> <span class='ocrx_word' id='word_1_94' title='bbox 1355 1423 1410 1474; x_wconf 79' lang='grc' dir='ltr'>δὲ</span> <span class='ocrx_word' id='word_1_95' title='bbox 1456 1421 1550 1475; x_wconf 67' lang='grc' dir='ltr'><strong>καὶ</strong></span> <span class='ocrx_word' id='word_1_96' title='bbox 1577 1421 1638 1476; x_wconf 77' lang='grc' dir='ltr'>τὺ</span> <span class='ocrx_word' id='word_1_97' title='bbox 1669 1421 1830 1492; x_wconf 85' lang='grc' dir='ltr'>σῶμα</span> 
     </span>
    </p>
   </div>
   <div class='ocr_carea' id='block_1_16' title="bbox 232 1512 1830 1588">
    <p class='ocr_par' dir='ltr' id='par_1_16' title="bbox 232 1512 1830 1588">
     <span class='ocr_line' id='line_1_16' title="bbox 232 1512 1830 1588; baseline -0.003 -17"><span class='ocrx_word' id='word_1_98' title='bbox 232 1515 704 1588; x_wconf 82' lang='grc' dir='ltr'>συνεγερθήσεται</span> <span class='ocrx_word' id='word_1_99' title='bbox 751 1515 970 1580; x_wconf 76' lang='grc' dir='ltr'>πάντως</span> <span class='ocrx_word' id='word_1_100' title='bbox 1015 1515 1152 1586; x_wconf 77' lang='grc' dir='ltr'>αὐτῇ</span> <span class='ocrx_word' id='word_1_101' title='bbox 1191 1515 1288 1578; x_wconf 81' lang='grc' dir='ltr'>τὰς</span> <span class='ocrx_word' id='word_1_102' title='bbox 1325 1514 1480 1584; x_wconf 82' lang='grc' dir='ltr'>ἡνίας</span> <span class='ocrx_word' id='word_1_103' title='bbox 1505 1512 1704 1586; x_wconf 75' lang='grc' dir='ltr'>ἐχούσῃ</span> <span class='ocrx_word' id='word_1_104' title='bbox 1736 1515 1830 1567; x_wconf 75' lang='grc' dir='ltr'><strong>καὶ</strong></span> 
     </span>
    </p>
   </div>
   <div class='ocr_carea' id='block_1_17' title="bbox 233 1603 1730 1678">
    <p class='ocr_par' dir='ltr' id='par_1_17' title="bbox 233 1603 1730 1678">
     <span class='ocr_line' id='line_1_17' title="bbox 233 1603 1730 1678; baseline -0.002 -18"><span class='ocrx_word' id='word_1_105' title='bbox 233 1607 297 1660; x_wconf 73' lang='grc' dir='ltr'>τὸ</span> <span class='ocrx_word' id='word_1_106' title='bbox 320 1607 519 1678; x_wconf 82' lang='grc' dir='ltr'>κράτος</span> <span class='ocrx_word' id='word_1_107' title='bbox 541 1607 640 1676; x_wconf 81' lang='grc' dir='ltr'>τῆς</span> <span class='ocrx_word' id='word_1_108' title='bbox 669 1605 766 1658; x_wconf 73' lang='grc' dir='ltr'>ἐπὶ</span> <span class='ocrx_word' id='word_1_109' title='bbox 800 1605 859 1660; x_wconf 80' lang='grc' dir='ltr'>τὸ</span> <span class='ocrx_word' id='word_1_110' title='bbox 883 1607 1130 1676; x_wconf 81' lang='grc' dir='ltr'>κρεῖττον</span> <span class='ocrx_word' id='word_1_111' title='bbox 1158 1605 1192 1678; x_wconf 84' lang='grc' dir='ltr'>ἢ</span> <span class='ocrx_word' id='word_1_112' title='bbox 1226 1605 1286 1658; x_wconf 83' lang='grc' dir='ltr'>τὸ</span> <span class='ocrx_word' id='word_1_113' title='bbox 1315 1606 1498 1676; x_wconf 85' lang='grc' dir='ltr'>χεῖρον</span> <span class='ocrx_word' id='word_1_114' title='bbox 1537 1603 1730 1674; x_wconf 79' lang='grc' dir='ltr'>ῥοπῆς.</span> 
     </span>
    </p>
   </div>
   <div class='ocr_carea' id='block_1_18' title="bbox 307 1785 1830 1875">
    <p class='ocr_par' dir='ltr' id='par_1_18' title="bbox 307 1785 1830 1875">
     <span class='ocr_line' id='line_1_18' title="bbox 307 1785 1830 1875; baseline -0.001 -35"><span class='ocrx_word' id='word_1_115' title='bbox 307 1787 372 1840; x_wconf 83' lang='lat' dir='ltr'><strong>Ei</strong></span> <span class='ocrx_word' id='word_1_116' title='bbox 426 1785 484 1840; x_wconf 88' lang='grc' dir='ltr'><strong>δέ</strong></span> <span class='ocrx_word' id='word_1_117' title='bbox 534 1803 618 1875; x_wconf 67' lang='grc' dir='ltr'><strong>τις</strong></span> <span class='ocrx_word' id='word_1_118' title='bbox 663 1785 954 1859; x_wconf 76' lang='grc' dir='ltr'>βουληθείη</span> <span class='ocrx_word' id='word_1_119' title='bbox 999 1785 1098 1856; x_wconf 82' lang='grc' dir='ltr'>τῆς</span> <span class='ocrx_word' id='word_1_120' title='bbox 1153 1785 1449 1856; x_wconf 83' lang='grc' dir='ltr'>ἀναγωγῆς</span> <span class='ocrx_word' id='word_1_121' title='bbox 1495 1787 1612 1850; x_wconf 85' lang='grc' dir='ltr'>τοῖς</span> <span class='ocrx_word' id='word_1_122' title='bbox 1649 1785 1830 1856; x_wconf 88' lang='grc' dir='ltr'>λόγοις</span> 
     </span>
    </p>
   </div>
   <div class='ocr_carea' id='block_1_19' title="bbox 234 1874 1830 1946">
    <p class='ocr_par' dir='ltr' id='par_1_19' title="bbox 234 1874 1830 1946">
     <span class='ocr_line' id='line_1_19' title="bbox 234 1874 1830 1946; baseline -0.001 -16"><span class='ocrx_word' id='word_1_123' title='bbox 234 1874 748 1946; x_wconf 83' lang='grc' dir='ltr'>ἀλληγορικώτερον</span> <span class='ocrx_word' id='word_1_124' title='bbox 803 1874 1145 1946; x_wconf 81' lang='grc' dir='ltr'>ἑρμηνεῦσαι</span> <span class='ocrx_word' id='word_1_125' title='bbox 1193 1874 1256 1928; x_wconf 87' lang='grc' dir='ltr'><strong>τὸ</strong></span> <span class='ocrx_word' id='word_1_126' title='bbox 1307 1875 1622 1946; x_wconf 73' lang='grc' dir='ltr'>εἰρημένον,</span> <span class='ocrx_word' id='word_1_127' title='bbox 1669 1876 1830 1929; x_wconf 84' lang='grc' dir='ltr'>τοῦτο</span> 
     </span>
    </p>
   </div>
   <div class='ocr_carea' id='block_1_20' title="bbox 241 1965 1828 2038">
    <p class='ocr_par' dir='ltr' id='par_1_20' title="bbox 241 1965 1828 2038">
     <span class='ocr_line' id='line_1_20' title="bbox 241 1965 1828 2038; baseline 0.004 -23"><span class='ocrx_word' id='word_1_128' title='bbox 241 1967 444 2037; x_wconf 73' lang='grc' dir='ltr'>μᾶλλον</span> <span class='ocrx_word' id='word_1_129' title='bbox 463 1965 867 2038; x_wconf 79' lang='grc' dir='ltr'>προαχθήσεται</span> <span class='ocrx_word' id='word_1_130' title='bbox 898 1967 992 2020; x_wconf 71' lang='grc' dir='ltr'><strong>καὶ</strong></span> <span class='ocrx_word' id='word_1_131' title='bbox 1011 1968 1204 2036; x_wconf 83' lang='grc' dir='ltr'>νοῆσαι</span> <span class='ocrx_word' id='word_1_132' title='bbox 1239 1967 1332 2020; x_wconf 73' lang='grc' dir='ltr'><strong>καὶ</strong></span> <span class='ocrx_word' id='word_1_133' title='bbox 1361 1969 1538 2020; x_wconf 87' lang='grc' dir='ltr'>εἰπεῖν</span> <span class='ocrx_word' id='word_1_134' title='bbox 1557 1981 1570 1996; x_wconf 79' lang='grc'><em>’</em></span> <span class='ocrx_word' id='word_1_135' title='bbox 1599 1965 1675 2030; x_wconf 75' lang='grc' dir='ltr'>ὡς</span> <span class='ocrx_word' id='word_1_136' title='bbox 1706 1985 1828 2038; x_wconf 85' lang='grc' dir='ltr'>τρι-</span> 
     </span>
    </p>
   </div>
   <div class='ocr_carea' id='block_1_21' title="bbox 241 2057 1832 2130">
    <p class='ocr_par' dir='ltr' id='par_1_21' title="bbox 241 2057 1832 2130">
     <span class='ocr_line' id='line_1_21' title="bbox 241 2057 1832 2130; baseline 0.001 -19"><span class='ocrx_word' id='word_1_137' title='bbox 241 2059 445 2130; x_wconf 86' lang='grc' dir='ltr'>μεροῦς</span> <span class='ocrx_word' id='word_1_138' title='bbox 477 2059 577 2130; x_wconf 84' lang='grc' dir='ltr'>τῆς</span> <span class='ocrx_word' id='word_1_139' title='bbox 597 2058 778 2130; x_wconf 76' lang='grc' dir='ltr'>ψυχῆς</span> <span class='ocrx_word' id='word_1_140' title='bbox 815 2057 1307 2130; x_wconf 81' lang='grc' dir='ltr'>ὑπαρχούσης,ὂίτε</span> <span class='ocrx_word' id='word_1_141' title='bbox 1343 2057 1407 2130; x_wconf 82' lang='grc' dir='ltr'><strong>δὴ</strong></span> <span class='ocrx_word' id='word_1_142' title='bbox 1437 2058 1496 2111; x_wconf 78' lang='grc' dir='ltr'>τὸ</span> <span class='ocrx_word' id='word_1_143' title='bbox 1525 2057 1832 2126; x_wconf 80' lang='grc' dir='ltr'>λογιστικὸν</span> 
     </span>
    </p>
   </div>
   <div class='ocr_carea' id='block_1_22' title="bbox 239 2146 1829 2222">
    <p class='ocr_par' dir='ltr' id='par_1_22' title="bbox 239 2146 1829 2222">
     <span class='ocr_line' id='line_1_22' title="bbox 239 2146 1829 2222; baseline -0.001 -17"><span class='ocrx_word' id='word_1_144' title='bbox 239 2151 334 2205; x_wconf 85' lang='grc' dir='ltr'>καὶ</span> <span class='ocrx_word' id='word_1_145' title='bbox 363 2150 426 2204; x_wconf 81' lang='grc' dir='ltr'><strong>τὸ</strong></span> <span class='ocrx_word' id='word_1_146' title='bbox 463 2149 863 2221; x_wconf 72' lang='grc' dir='ltr'>ἐπιθυμητικόν</span> <span class='ocrx_word' id='word_1_147' title='bbox 887 2167 946 2204; x_wconf 89' lang='grc' dir='ltr'><strong>τε</strong></span> <span class='ocrx_word' id='word_1_148' title='bbox 973 2146 1068 2204; x_wconf 75' lang='grc' dir='ltr'><strong>καὶ</strong></span> <span class='ocrx_word' id='word_1_149' title='bbox 1099 2148 1335 2218; x_wconf 78' lang='grc' dir='ltr'>θυμικὸν</span> <span class='ocrx_word' id='word_1_150' title='bbox 1363 2149 1548 2219; x_wconf 79' lang='grc' dir='ltr'>σαφῶς</span> <span class='ocrx_word' id='word_1_151' title='bbox 1577 2147 1829 2222; x_wconf 77' lang='grc' dir='ltr'>ἐχούσης,</span> 
     </span>
    </p>
   </div>
   <div class='ocr_carea' id='block_1_23' title="bbox 236 2239 1832 2311">
    <p class='ocr_par' dir='ltr' id='par_1_23' title="bbox 236 2239 1832 2311">
     <span class='ocr_line' id='line_1_23' title="bbox 236 2239 1832 2311; baseline 0.001 -17"><span class='ocrx_word' id='word_1_152' title='bbox 236 2239 437 2308; x_wconf 74' lang='grc' dir='ltr'>ἀγαθοὶ</span> <span class='ocrx_word' id='word_1_153' title='bbox 490 2239 1018 2310; x_wconf 79' lang='grc' dir='ltr'>παραληφθήσονται</span> <span class='ocrx_word' id='word_1_154' title='bbox 1059 2239 1206 2294; x_wconf 82' lang='grc' dir='ltr'><strong>κατά</strong></span> <span class='ocrx_word' id='word_1_155' title='bbox 1250 2241 1312 2294; x_wconf 82' lang='grc' dir='ltr'><strong>τὸ</strong></span> <span class='ocrx_word' id='word_1_156' title='bbox 1349 2240 1554 2311; x_wconf 83' lang='grc' dir='ltr'>μᾶλλον</span> <span class='ocrx_word' id='word_1_157' title='bbox 1587 2239 1682 2294; x_wconf 83' lang='grc' dir='ltr'><strong>τοῦ</strong></span> <span class='ocrx_word' id='word_1_158' title='bbox 1715 2242 1832 2306; x_wconf 78' lang='grc' dir='ltr'>ἐνὸς</span> 
     </span>
    </p>
   </div>
   <div class='ocr_carea' id='block_1_24' title="bbox 241 2329 1834 2402">
    <p class='ocr_par' dir='ltr' id='par_1_24' title="bbox 241 2329 1834 2402">
     <span class='ocr_line' id='line_1_24' title="bbox 241 2329 1834 2402; baseline 0.003 -20"><span class='ocrx_word' id='word_1_159' title='bbox 241 2329 448 2384; x_wconf 78' lang='grc' dir='ltr'>τούτων</span> <span class='ocrx_word' id='word_1_160' title='bbox 469 2369 484 2395; x_wconf 89' lang='grc'><strong>,</strong></span> <span class='ocrx_word' id='word_1_161' title='bbox 523 2331 570 2384; x_wconf 81' lang='grc' dir='ltr'><strong>οί</strong></span> <span class='ocrx_word' id='word_1_162' title='bbox 599 2330 693 2384; x_wconf 77' lang='grc' dir='ltr'><strong>δύο</strong></span> <span class='ocrx_word' id='word_1_163' title='bbox 721 2329 856 2402; x_wconf 81' lang='grc' dir='ltr'>πρὸς</span> <span class='ocrx_word' id='word_1_164' title='bbox 888 2330 948 2384; x_wconf 83' lang='grc' dir='ltr'><strong>τὸ</strong></span> <span class='ocrx_word' id='word_1_165' title='bbox 975 2330 1178 2398; x_wconf 76' lang='grc' dir='ltr'>ἀγαθὸν</span> <span class='ocrx_word' id='word_1_166' title='bbox 1214 2331 1704 2402; x_wconf 77' lang='grc' dir='ltr'>συμφωνήσαντες,</span> <span class='ocrx_word' id='word_1_167' title='bbox 1739 2333 1834 2386; x_wconf 88' lang='grc' dir='ltr'><strong>καί</strong></span> 
     </span>
    </p>
   </div>
   <div class='ocr_carea' id='block_1_25' title="bbox 246 2420 1835 2500">
    <p class='ocr_par' dir='ltr' id='par_1_25' title="bbox 246 2420 1835 2500">
     <span class='ocr_line' id='line_1_25' title="bbox 246 2420 1835 2500; baseline 0.004 -28"><span class='ocrx_word' id='word_1_168' title='bbox 246 2420 326 2492; x_wconf 79' lang='grc' dir='ltr'>τῷ</span> <span class='ocrx_word' id='word_1_169' title='bbox 356 2422 650 2493; x_wconf 75' lang='grc' dir='ltr'>λογιστικῷ</span> <span class='ocrx_word' id='word_1_170' title='bbox 684 2423 841 2494; x_wconf 84' lang='grc' dir='ltr'>μέρει</span> <span class='ocrx_word' id='word_1_171' title='bbox 871 2421 964 2500; x_wconf 81' lang='grc' dir='ltr'><strong>τοῦ</strong></span> <span class='ocrx_word' id='word_1_172' title='bbox 991 2423 1396 2493; x_wconf 73' lang='grc' dir='ltr'>ἐπιθυμητικοῦ</span> <span class='ocrx_word' id='word_1_173' title='bbox 1427 2425 1835 2497; x_wconf 81' lang='grc' dir='ltr'>κατακολουθή-</span> 
     </span>
    </p>
   </div>
   <div class='ocr_carea' id='block_1_26' title="bbox 252 2512 1830 2586">
    <p class='ocr_par' dir='ltr' id='par_1_26' title="bbox 252 2512 1830 2586">
     <span class='ocr_line' id='line_1_26' title="bbox 252 2512 1830 2586; baseline 0.006 -24"><span class='ocrx_word' id='word_1_174' title='bbox 252 2528 445 2576; x_wconf 86' lang='grc' dir='ltr'>σαντος</span> <span class='ocrx_word' id='word_1_175' title='bbox 471 2513 562 2567; x_wconf 71' lang='grc' dir='ltr'><strong>ἐπὶ</strong></span> <span class='ocrx_word' id='word_1_176' title='bbox 588 2517 704 2576; x_wconf 84' lang='grc' dir='ltr'>ταῖς</span> <span class='ocrx_word' id='word_1_177' title='bbox 743 2513 853 2566; x_wconf 87' lang='grc' dir='ltr'><strong>τῶν</strong></span> <span class='ocrx_word' id='word_1_178' title='bbox 881 2512 1167 2584; x_wconf 82' lang='grc' dir='ltr'>βελτιόνων</span> <span class='ocrx_word' id='word_1_179' title='bbox 1197 2515 1454 2583; x_wconf 75' lang='grc' dir='ltr'>ἐκλογαῖς</span> <span class='ocrx_word' id='word_1_180' title='bbox 1484 2517 1580 2570; x_wconf 76' lang='grc' dir='ltr'>καὶ</span> <span class='ocrx_word' id='word_1_181' title='bbox 1603 2517 1830 2586; x_wconf 81' lang='grc' dir='ltr'>ῥοπαῖς·</span> 
     </span>
    </p>
   </div>
   <div class='ocr_carea' id='block_1_27' title="bbox 248 2601 1834 2680">
    <p class='ocr_par' dir='ltr' id='par_1_27' title="bbox 248 2601 1834 2680">
     <span class='ocr_line' id='line_1_27' title="bbox 248 2601 1834 2680; baseline 0.004 -24"><span class='ocrx_word' id='word_1_182' title='bbox 248 2601 388 2658; x_wconf 84' lang='grc' dir='ltr'>ἀλλὰ</span> <span class='ocrx_word' id='word_1_183' title='bbox 434 2605 530 2658; x_wconf 73' lang='grc' dir='ltr'><strong>καὶ</strong></span> <span class='ocrx_word' id='word_1_184' title='bbox 577 2604 807 2678; x_wconf 80' lang='grc' dir='ltr'>θατέρου</span> <span class='ocrx_word' id='word_1_185' title='bbox 846 2605 1076 2670; x_wconf 77' lang='grc' dir='ltr'>τούτων,</span> <span class='ocrx_word' id='word_1_186' title='bbox 1118 2607 1239 2675; x_wconf 78' lang='grc' dir='ltr'>ἦτοι</span> <span class='ocrx_word' id='word_1_187' title='bbox 1281 2607 1377 2661; x_wconf 89' lang='grc' dir='ltr'><strong>τοῦ</strong></span> <span class='ocrx_word' id='word_1_188' title='bbox 1432 2607 1834 2680; x_wconf 71' lang='grc' dir='ltr'>ἐπιθυμητικοῦ</span> 
     </span>
    </p>
   </div>
   <div class='ocr_carea' id='block_1_28' title="bbox 247 2693 1835 2772">
    <p class='ocr_par' dir='ltr' id='par_1_28' title="bbox 247 2693 1835 2772">
     <span class='ocr_line' id='line_1_28' title="bbox 247 2693 1835 2772; baseline 0.007 -27"><span class='ocrx_word' id='word_1_189' title='bbox 247 2693 386 2764; x_wconf 84' lang='grc' dir='ltr'>πρὸς</span> <span class='ocrx_word' id='word_1_190' title='bbox 411 2693 448 2750; x_wconf 79' lang='grc' dir='ltr'><strong>ἀ</strong></span> <span class='ocrx_word' id='word_1_191' title='bbox 484 2696 560 2768; x_wconf 84' lang='grc' dir='ltr'>μὴ</span> <span class='ocrx_word' id='word_1_192' title='bbox 587 2697 749 2768; x_wconf 83' lang='grc' dir='ltr'>θέμις</span> <span class='ocrx_word' id='word_1_193' title='bbox 780 2697 1286 2768; x_wconf 86' lang='grc' dir='ltr'>παρεκτραπέντος,</span> <span class='ocrx_word' id='word_1_194' title='bbox 1307 2699 1507 2772; x_wconf 76' lang='grc' dir='ltr'>ῥᾳδίως</span> <span class='ocrx_word' id='word_1_195' title='bbox 1539 2701 1672 2754; x_wconf 77' lang='grc' dir='ltr'>αὐτὸ</span> <span class='ocrx_word' id='word_1_196' title='bbox 1699 2701 1835 2768; x_wconf 78' lang='grc' dir='ltr'>πρὸς</span> 
     </span>
    </p>
   </div>
   <div class='ocr_carea' id='block_1_29' title="bbox 247 2787 1835 2862">
    <p class='ocr_par' dir='ltr' id='par_1_29' title="bbox 247 2787 1835 2862">
     <span class='ocr_line' id='line_1_29' title="bbox 247 2787 1835 2862; baseline 0.003 -24"><span class='ocrx_word' id='word_1_197' title='bbox 247 2787 312 2840; x_wconf 76' lang='grc' dir='ltr'><strong>τὸ</strong></span> <span class='ocrx_word' id='word_1_198' title='bbox 339 2787 548 2856; x_wconf 80' lang='grc' dir='ltr'>βέλτιον</span> <span class='ocrx_word' id='word_1_199' title='bbox 584 2788 886 2856; x_wconf 75' lang='grc' dir='ltr'>ἐπανάξειο</span> <span class='ocrx_word' id='word_1_200' title='bbox 920 2788 1015 2843; x_wconf 84' lang='grc' dir='ltr'><strong>τοῦ</strong></span> <span class='ocrx_word' id='word_1_201' title='bbox 1055 2789 1369 2858; x_wconf 83' lang='grc' dir='ltr'>λογιστικοῦ</span> <span class='ocrx_word' id='word_1_202' title='bbox 1412 2790 1547 2861; x_wconf 83' lang='grc' dir='ltr'>πρὸς</span> <span class='ocrx_word' id='word_1_203' title='bbox 1595 2789 1835 2862; x_wconf 82' lang='grc' dir='ltr'>ἐνθυμή-</span> 
     </span>
    </p>
   </div>
   <div class='ocr_carea' id='block_1_30' title="bbox 255 2877 1885 2954">
    <p class='ocr_par' dir='ltr' id='par_1_30' title="bbox 255 2877 1885 2954">
     <span class='ocr_line' id='line_1_30' title="bbox 255 2877 1885 2954; baseline 0.006 -26"><span class='ocrx_word' id='word_1_204' title='bbox 255 2893 366 2942; x_wconf 80' lang='grc' dir='ltr'>σεις</span> <span class='ocrx_word' id='word_1_205' title='bbox 383 2877 771 2950; x_wconf 84' lang='grc' dir='ltr'>ὑπενεχθέντος</span> <span class='ocrx_word' id='word_1_206' title='bbox 795 2880 1054 2946; x_wconf 78' lang='grc' dir='ltr'>ἀτόπους,</span> <span class='ocrx_word' id='word_1_207' title='bbox 1069 2879 1164 2934; x_wconf 77' lang='grc' dir='ltr'><strong>καὶ</strong></span> <span class='ocrx_word' id='word_1_208' title='bbox 1189 2882 1689 2954; x_wconf 76' lang='grc' dir='ltr'>παραρυέντοςτῆς</span> <span class='ocrx_word' id='word_1_209' title='bbox 1708 2883 1838 2954; x_wconf 85' lang='grc' dir='ltr'>ἀλη-</span> <span class='ocrx_word' id='word_1_210' title='bbox 1871 2886 1885 2896; x_wconf 83' lang='grc'><strong>⁸</strong></span> 
     </span>
    </p>
   </div>
   <div class='ocr_carea' id='block_1_31' title="bbox 257 2967 1838 3046">
    <p class='ocr_par' dir='ltr' id='par_1_31' title="bbox 257 2967 1838 3046">
     <span class='ocr_line' id='line_1_31' title="bbox 257 2967 1838 3046; baseline 0.007 -26"><span class='ocrx_word' id='word_1_211' title='bbox 257 2967 379 3032; x_wconf 85' lang='grc' dir='ltr'>θοῦς</span> <span class='ocrx_word' id='word_1_212' title='bbox 415 2971 778 3042; x_wconf 78' lang='grc' dir='ltr'>καταλήψεως</span> <span class='ocrx_word' id='word_1_213' title='bbox 809 2971 916 3026; x_wconf 89' lang='grc' dir='ltr'><strong>τῶν</strong></span> <span class='ocrx_word' id='word_1_214' title='bbox 944 2974 1311 3045; x_wconf 76' lang='grc' dir='ltr'>πραγμάτων,</span> <span class='ocrx_word' id='word_1_215' title='bbox 1343 2975 1404 3028; x_wconf 79' lang='grc' dir='ltr'><strong>τὸ</strong></span> <span class='ocrx_word' id='word_1_216' title='bbox 1433 2975 1838 3046; x_wconf 75' lang='grc' dir='ltr'>ἐπιθυμητικὸν</span> 
     </span>
    </p>
   </div>
   <div class='ocr_carea' id='block_1_32' title="bbox 259 3042 1836 3136">
    <p class='ocr_par' dir='ltr' id='par_1_32' title="bbox 259 3042 1836 3136">
     <span class='ocr_line' id='line_1_32' title="bbox 259 3042 1836 3136; baseline 0.005 -22"><span class='ocrx_word' id='word_1_217' title='bbox 259 3063 420 3134; x_wconf 75' lang='grc' dir='ltr'>μέρος</span> <span class='ocrx_word' id='word_1_218' title='bbox 453 3064 552 3134; x_wconf 84' lang='grc' dir='ltr'>τῆς</span> <span class='ocrx_word' id='word_1_219' title='bbox 592 3065 730 3134; x_wconf 79' lang='grc' dir='ltr'>πρὸς</span> <span class='ocrx_word' id='word_1_220' title='bbox 759 3063 849 3119; x_wconf 81' lang='grc' dir='ltr'>τὸν</span> <span class='ocrx_word' id='word_1_221' title='bbox 879 3042 1228 3132; x_wconf 50' lang='grc' dir='ltr'>ὲπὶξπάντων</span> <span class='ocrx_word' id='word_1_222' title='bbox 1253 3065 1386 3120; x_wconf 76' lang='grc' dir='ltr'>Θεὸν</span> <span class='ocrx_word' id='word_1_223' title='bbox 1437 3042 1678 3136; x_wconf 72' lang='grc' dir='ltr'>ἐφέσεως</span> <span class='ocrx_word' id='word_1_224' title='bbox 1708 3071 1836 3122; x_wconf 84' lang='grc' dir='ltr'>ἀντ·-</span> 
     </span>
    </p>
   </div>
   <div class='ocr_carea' id='block_1_33' title="bbox 253 3155 1838 3226">
    <p class='ocr_par' dir='ltr' id='par_1_33' title="bbox 253 3155 1838 3226">
     <span class='ocr_line' id='line_1_33' title="bbox 253 3155 1838 3226; baseline 0.004 -19"><span class='ocrx_word' id='word_1_225' title='bbox 253 3156 529 3224; x_wconf 81' lang='grc' dir='ltr'>εχόμενον,</span> <span class='ocrx_word' id='word_1_226' title='bbox 558 3155 652 3209; x_wconf 76' lang='grc' dir='ltr'><strong>καὶ</strong></span> <span class='ocrx_word' id='word_1_227' title='bbox 696 3155 797 3226; x_wconf 82' lang='grc' dir='ltr'>τῆς</span> <span class='ocrx_word' id='word_1_228' title='bbox 829 3155 1064 3226; x_wconf 78' lang='grc' dir='ltr'>ἀληθοῦς</span> <span class='ocrx_word' id='word_1_229' title='bbox 1089 3156 1454 3226; x_wconf 84' lang='grc' dir='ltr'>διαγνώσεως,</span> <span class='ocrx_word' id='word_1_230' title='bbox 1473 3158 1838 3213; x_wconf 82' lang='grc' dir='ltr'>ἀνασκευάσει</span> 
     </span>
    </p>
   </div>
   <div class='ocr_carea' id='block_1_34' title="bbox 251 3247 1840 3336">
    <p class='ocr_par' dir='ltr' id='par_1_34' title="bbox 251 3247 1840 3336">
     <span class='ocr_line' id='line_1_34' title="bbox 251 3247 1840 3336; baseline 0.003 -34"><span class='ocrx_word' id='word_1_231' title='bbox 251 3247 346 3302; x_wconf 67' lang='grc' dir='ltr'><strong>τοῦ</strong></span> <span class='ocrx_word' id='word_1_232' title='bbox 379 3247 690 3316; x_wconf 81' lang='grc' dir='ltr'>λογιστικοῦ</span> <span class='ocrx_word' id='word_1_233' title='bbox 720 3249 820 3336; x_wconf 68' lang='grc' dir='ltr'><strong>τῂν</strong></span> <span class='ocrx_word' id='word_1_234' title='bbox 851 3249 1217 3320; x_wconf 78' lang='grc' dir='ltr'>παρέγκλισιν</span> <span class='ocrx_word' id='word_1_235' title='bbox 1277 3251 1370 3304; x_wconf 71' lang='grc' dir='ltr'><strong>καὶ</strong></span> <span class='ocrx_word' id='word_1_236' title='bbox 1422 3255 1840 3322; x_wconf 72' lang='grc' dir='ltr'>παρεκτροπὴν.</span> 
     </span>
    </p>
   </div>
   <div class='ocr_carea' id='block_1_35' title="bbox 253 3337 1843 3414">
    <p class='ocr_par' dir='ltr' id='par_1_35' title="bbox 253 3337 1843 3414">
     <span class='ocr_line' id='line_1_35' title="bbox 253 3337 1843 3414; baseline 0.002 -20"><span class='ocrx_word' id='word_1_237' title='bbox 253 3339 367 3394; x_wconf 69' lang='grc' dir='ltr'>Καὶ</span> <span class='ocrx_word' id='word_1_238' title='bbox 393 3337 628 3404; x_wconf 83' lang='grc' dir='ltr'>σώζεται</span> <span class='ocrx_word' id='word_1_239' title='bbox 673 3339 734 3393; x_wconf 82' lang='grc' dir='ltr'>τὸ</span> <span class='ocrx_word' id='word_1_240' title='bbox 786 3340 972 3410; x_wconf 71' lang='grc' dir='ltr'>ῥητὸν,</span> <span class='ocrx_word' id='word_1_241' title='bbox 1003 3341 1078 3404; x_wconf 81' lang='grc' dir='ltr'>ὡς</span> <span class='ocrx_word' id='word_1_242' title='bbox 1110 3340 1373 3412; x_wconf 77' lang='grc' dir='ltr'>ἐκατέρου</span> <span class='ocrx_word' id='word_1_243' title='bbox 1417 3341 1550 3408; x_wconf 86' lang='grc' dir='ltr'>παρ’</span> <span class='ocrx_word' id='word_1_244' title='bbox 1577 3342 1843 3414; x_wconf 80' lang='grc' dir='ltr'>ἐκατέρου</span> 
     </span>
    </p>
   </div>
   <div class='ocr_carea' id='block_1_36' title="bbox 253 3431 1842 3506">
    <p class='ocr_par' dir='ltr' id='par_1_36' title="bbox 253 3431 1842 3506">
     <span class='ocr_line' id='line_1_36' title="bbox 253 3431 1842 3506; baseline 0.002 -20"><span class='ocrx_word' id='word_1_245' title='bbox 253 3431 651 3500; x_wconf 75' lang='grc' dir='ltr'>διεγερθέντος.</span> <span class='ocrx_word' id='word_1_246' title='bbox 686 3433 825 3486; x_wconf 67' lang='grc' dir='ltr'>Οὐαὶ</span> <span class='ocrx_word' id='word_1_247' title='bbox 857 3433 913 3486; x_wconf 82' lang='grc' dir='ltr'>δὲ</span> <span class='ocrx_word' id='word_1_248' title='bbox 951 3433 1170 3504; x_wconf 86' lang='grc' dir='ltr'>θατέρῳ</span> <span class='ocrx_word' id='word_1_249' title='bbox 1204 3435 1412 3488; x_wconf 75' lang='grc' dir='ltr'>τούτων</span> <span class='ocrx_word' id='word_1_250' title='bbox 1444 3435 1566 3504; x_wconf 76' lang='grc' dir='ltr'>ήτοι</span> <span class='ocrx_word' id='word_1_251' title='bbox 1601 3436 1680 3506; x_wconf 86' lang='grc' dir='ltr'><strong>τῷ</strong></span> <span class='ocrx_word' id='word_1_252' title='bbox 1719 3437 1842 3490; x_wconf 83' lang='grc' dir='ltr'>ἐπι-</span> 
     </span>
    </p>
   </div>
   <div class='ocr_carea' id='block_1_37' title="bbox 255 3521 1850 3603">
    <p class='ocr_par' dir='ltr' id='par_1_37' title="bbox 255 3521 1850 3603">
     <span class='ocr_line' id='line_1_37' title="bbox 255 3521 1850 3603; baseline 0.005 -25"><span class='ocrx_word' id='word_1_253' title='bbox 255 3523 564 3598; x_wconf 65' lang='grc' dir='ltr'>θδμητικῷ,</span> <span class='ocrx_word' id='word_1_254' title='bbox 596 3526 727 3580; x_wconf 83' lang='grc' dir='ltr'>ὅταν</span> <span class='ocrx_word' id='word_1_255' title='bbox 759 3530 861 3583; x_wconf 81' lang='grc' dir='ltr'><strong>οὑκ</strong></span> <span class='ocrx_word' id='word_1_256' title='bbox 889 3527 988 3600; x_wconf 75' lang='grc' dir='ltr'><strong>ἔχῃ</strong></span> <span class='ocrx_word' id='word_1_257' title='bbox 1021 3528 1258 3600; x_wconf 59' lang='grc' dir='ltr'>τὴνςάπὺ</span> <span class='ocrx_word' id='word_1_258' title='bbox 1285 3529 1380 3583; x_wconf 88' lang='grc' dir='ltr'><strong>τοῦ</strong></span> <span class='ocrx_word' id='word_1_259' title='bbox 1410 3529 1718 3598; x_wconf 85' lang='grc' dir='ltr'>λογιστικοῦ</span> <span class='ocrx_word' id='word_1_260' title='bbox 1750 3521 1850 3603; x_wconf 59' lang='grc' dir='ltr'><strong>μέέ</strong></span> 
     </span>
    </p>
   </div>
   <div class='ocr_carea' id='block_1_38' title="bbox 260 3617 1845 3694">
    <p class='ocr_par' dir='ltr' id='par_1_38' title="bbox 260 3617 1845 3694">
     <span class='ocr_line' id='line_1_38' title="bbox 260 3617 1845 3694; baseline 0.003 -22"><span class='ocrx_word' id='word_1_261' title='bbox 260 3635 384 3689; x_wconf 85' lang='grc' dir='ltr'>ρους</span> <span class='ocrx_word' id='word_1_262' title='bbox 423 3617 678 3690; x_wconf 85' lang='grc' dir='ltr'>βοήθειαν</span> <span class='ocrx_word' id='word_1_263' title='bbox 703 3620 799 3679; x_wconf 74' lang='grc' dir='ltr'>καὶ</span> <span class='ocrx_word' id='word_1_264' title='bbox 836 3621 973 3693; x_wconf 81' lang='grc' dir='ltr'>πρὸς</span> <span class='ocrx_word' id='word_1_265' title='bbox 1003 3620 1074 3674; x_wconf 85' lang='grc' dir='ltr'>τὰ</span> <span class='ocrx_word' id='word_1_266' title='bbox 1103 3621 1339 3694; x_wconf 82' lang='grc' dir='ltr'>κρείττω</span> <span class='ocrx_word' id='word_1_267' title='bbox 1373 3621 1666 3691; x_wconf 88' lang='grc' dir='ltr'>διέγερσιν.</span> <span class='ocrx_word' id='word_1_268' title='bbox 1698 3624 1845 3676; x_wconf 84' lang='grc' dir='ltr'>Κατ-</span> 
     </span>
    </p>
   </div>
   <div class='ocr_carea' id='block_1_39' title="bbox 259 3707 1846 3784">
    <p class='ocr_par' dir='ltr' id='par_1_39' title="bbox 259 3707 1846 3784">
     <span class='ocr_line' id='line_1_39' title="bbox 259 3707 1846 3784; baseline 0.004 -23"><span class='ocrx_word' id='word_1_269' title='bbox 259 3707 547 3764; x_wconf 87' lang='grc' dir='ltr'>ολισθαίνει</span> <span class='ocrx_word' id='word_1_270' title='bbox 596 3712 706 3784; x_wconf 78' lang='grc' dir='ltr'><strong>γὰρ</strong></span> <span class='ocrx_word' id='word_1_271' title='bbox 757 3712 900 3783; x_wconf 79' lang='grc' dir='ltr'>πρὸς</span> <span class='ocrx_word' id='word_1_272' title='bbox 937 3713 1244 3783; x_wconf 78' lang='grc' dir='ltr'>βλαπτικὰς</span> <span class='ocrx_word' id='word_1_273' title='bbox 1279 3712 1575 3784; x_wconf 73' lang='grc' dir='ltr'>ἐπιθυμίας</span> <span class='ocrx_word' id='word_1_274' title='bbox 1613 3714 1708 3768; x_wconf 70' lang='grc' dir='ltr'><strong>καὶ</strong></span> <span class='ocrx_word' id='word_1_275' title='bbox 1740 3713 1846 3784; x_wconf 82' lang='grc' dir='ltr'><strong>ψυ-</strong></span> 
     </span>
    </p>
   </div>
   <div class='ocr_carea' id='block_1_40' title="bbox 207 3802 1844 3878">
    <p class='ocr_par' dir='ltr' id='par_1_40' title="bbox 207 3802 1844 3878">
     <span class='ocr_line' id='line_1_40' title="bbox 207 3802 1844 3878; baseline 0.005 -24"><span class='ocrx_word' id='word_1_276' title='bbox 207 3860 211 3864; x_wconf 49' lang='grc'><strong>,</strong></span> <span class='ocrx_word' id='word_1_277' title='bbox 259 3802 556 3874; x_wconf 74' lang='grc' dir='ltr'>χοφθόρους</span> <span class='ocrx_word' id='word_1_278' title='bbox 600 3805 821 3878; x_wconf 83' lang='grc' dir='ltr'>μυρίας.</span> <span class='ocrx_word' id='word_1_279' title='bbox 858 3806 1030 3862; x_wconf 84' lang='grc' dir='ltr'>Τοῦτο</span> <span class='ocrx_word' id='word_1_280' title='bbox 1060 3805 1117 3862; x_wconf 82' lang='grc' dir='ltr'>δὲ</span> <span class='ocrx_word' id='word_1_281' title='bbox 1151 3805 1451 3876; x_wconf 78' lang='grc' dir='ltr'>πάσχουσιν</span> <span class='ocrx_word' id='word_1_282' title='bbox 1489 3807 1540 3860; x_wconf 89' lang='grc' dir='ltr'><strong>οί</strong></span> <span class='ocrx_word' id='word_1_283' title='bbox 1588 3805 1844 3877; x_wconf 79' lang='grc' dir='ltr'>λωϐησά-</span> 
     </span>
    </p>
   </div>
   <div class='ocr_carea' id='block_1_41' title="bbox 261 3895 1845 3971">
    <p class='ocr_par' dir='ltr' id='par_1_41' title="bbox 261 3895 1845 3971">
     <span class='ocr_line' id='line_1_41' title="bbox 261 3895 1845 3971; baseline 0.003 -23"><span class='ocrx_word' id='word_1_284' title='bbox 261 3895 410 3965; x_wconf 87' lang='grc' dir='ltr'>μένοι</span> <span class='ocrx_word' id='word_1_285' title='bbox 445 3897 539 3950; x_wconf 73' lang='grc' dir='ltr'>καὶ</span> <span class='ocrx_word' id='word_1_286' title='bbox 575 3896 991 3968; x_wconf 82' lang='grc' dir='ltr'>διαφθείραντες</span> <span class='ocrx_word' id='word_1_287' title='bbox 1033 3897 1377 3971; x_wconf 72' lang='grc' dir='ltr'>αὐθαιρέτως</span> <span class='ocrx_word' id='word_1_288' title='bbox 1407 3897 1504 3970; x_wconf 78' lang='grc' dir='ltr'>τὴν</span> <span class='ocrx_word' id='word_1_289' title='bbox 1537 3897 1720 3969; x_wconf 84' lang='grc' dir='ltr'>κρίσιν</span> <span class='ocrx_word' id='word_1_290' title='bbox 1751 3897 1845 3954; x_wconf 86' lang='grc' dir='ltr'><strong>τοῦ</strong></span> 
     </span>
    </p>
   </div>
   <div class='ocr_carea' id='block_1_42' title="bbox 255 3984 1848 4066">
    <p class='ocr_par' dir='ltr' id='par_1_42' title="bbox 255 3984 1848 4066">
     <span class='ocr_line' id='line_1_42' title="bbox 255 3984 1848 4066; baseline 0.004 -28"><span class='ocrx_word' id='word_1_291' title='bbox 255 3984 566 4054; x_wconf 80' lang='grc' dir='ltr'>λογιστικοῦ</span> <span class='ocrx_word' id='word_1_292' title='bbox 597 3987 822 4066; x_wconf 79' lang='grc' dir='ltr'>μέρους,</span> <span class='ocrx_word' id='word_1_293' title='bbox 849 3988 944 4042; x_wconf 74' lang='grc' dir='ltr'>καὶ</span> <span class='ocrx_word' id='word_1_294' title='bbox 973 3988 1168 4062; x_wconf 85' lang='grc' dir='ltr'>νεκρὸν</span> <span class='ocrx_word' id='word_1_295' title='bbox 1196 3988 1292 4042; x_wconf 74' lang='grc' dir='ltr'>καὶ</span> <span class='ocrx_word' id='word_1_296' title='bbox 1319 3987 1606 4053; x_wconf 84' lang='grc' dir='ltr'>παντελῶς</span> <span class='ocrx_word' id='word_1_297' title='bbox 1626 3990 1848 4060; x_wconf 85' lang='grc' dir='ltr'>ἀνενέρ-</span> 
     </span>
    </p>
   </div>
   <div class='ocr_carea' id='block_1_43' title="bbox 255 4078 1847 4154">
    <p class='ocr_par' dir='ltr' id='par_1_43' title="bbox 255 4078 1847 4154">
     <span class='ocr_line' id='line_1_43' title="bbox 255 4078 1847 4154; baseline 0.006 -26"><span class='ocrx_word' id='word_1_298' title='bbox 255 4091 422 4146; x_wconf 87' lang='grc' dir='ltr'>γητον</span> <span class='ocrx_word' id='word_1_299' title='bbox 465 4078 871 4150; x_wconf 78' lang='grc' dir='ltr'>ἀποφήναντες.</span> <span class='ocrx_word' id='word_1_300' title='bbox 919 4079 1081 4134; x_wconf 87' lang='grc' dir='ltr'>Ἀλλά</span> <span class='ocrx_word' id='word_1_301' title='bbox 1119 4079 1307 4134; x_wconf 75' lang='grc' dir='ltr'>καὶτὸ</span> <span class='ocrx_word' id='word_1_302' title='bbox 1353 4080 1590 4152; x_wconf 76' lang='grc' dir='ltr'>ἔμπαλιν</span> <span class='ocrx_word' id='word_1_303' title='bbox 1619 4083 1742 4136; x_wconf 77' lang='grc' dir='ltr'>οὐαὶ</span> <span class='ocrx_word' id='word_1_304' title='bbox 1767 4083 1847 4154; x_wconf 83' lang='grc' dir='ltr'>τῷ</span> 
     </span>
    </p>
   </div>
   <div class='ocr_carea' id='block_1_44' title="bbox 255 4167 1848 4245">
    <p class='ocr_par' dir='ltr' id='par_1_44' title="bbox 255 4167 1848 4245">
     <span class='ocr_line' id='line_1_44' title="bbox 255 4167 1848 4245; baseline 0.004 -25"><span class='ocrx_word' id='word_1_305' title='bbox 255 4167 556 4240; x_wconf 87' lang='grc' dir='ltr'>λογιστικῷ</span> <span class='ocrx_word' id='word_1_306' title='bbox 597 4171 755 4243; x_wconf 83' lang='grc' dir='ltr'>μέρει</span> <span class='ocrx_word' id='word_1_307' title='bbox 783 4172 880 4242; x_wconf 78' lang='grc' dir='ltr'>τῆς</span> <span class='ocrx_word' id='word_1_308' title='bbox 908 4171 1110 4242; x_wconf 82' lang='grc' dir='ltr'>ψυχῆς,</span> <span class='ocrx_word' id='word_1_309' title='bbox 1141 4172 1270 4226; x_wconf 84' lang='grc' dir='ltr'>ὅταν</span> <span class='ocrx_word' id='word_1_310' title='bbox 1299 4173 1400 4226; x_wconf 84' lang='grc' dir='ltr'><strong>οὐκ</strong></span> <span class='ocrx_word' id='word_1_311' title='bbox 1439 4172 1540 4245; x_wconf 79' lang='grc' dir='ltr'><strong>ἔχῃ</strong></span> <span class='ocrx_word' id='word_1_312' title='bbox 1563 4173 1624 4226; x_wconf 74' lang='grc' dir='ltr'>τὸ</span> <span class='ocrx_word' id='word_1_313' title='bbox 1655 4173 1848 4228; x_wconf 74' lang='grc' dir='ltr'>ἐπιθυ-</span> 
     </span>
    </p>
   </div>
   <div class='ocr_carea' id='block_1_45' title="bbox 261 4261 1846 4336">
    <p class='ocr_par' dir='ltr' id='par_1_45' title="bbox 261 4261 1846 4336">
     <span class='ocr_line' id='line_1_45' title="bbox 261 4261 1846 4336; baseline 0.004 -22"><span class='ocrx_word' id='word_1_314' title='bbox 261 4261 495 4331; x_wconf 77' lang='grc' dir='ltr'>μητικὸν</span> <span class='ocrx_word' id='word_1_315' title='bbox 523 4263 860 4335; x_wconf 82' lang='grc' dir='ltr'>τεταγμένον</span> <span class='ocrx_word' id='word_1_316' title='bbox 893 4263 1030 4336; x_wconf 78' lang='grc' dir='ltr'>πρὸς</span> <span class='ocrx_word' id='word_1_317' title='bbox 1055 4264 1156 4336; x_wconf 78' lang='grc' dir='ltr'>τὴν</span> <span class='ocrx_word' id='word_1_318' title='bbox 1177 4262 1330 4317; x_wconf 87' lang='grc' dir='ltr'>θείαν</span> <span class='ocrx_word' id='word_1_319' title='bbox 1385 4265 1697 4336; x_wconf 83' lang='grc' dir='ltr'>ἀγάπησιν·</span> <span class='ocrx_word' id='word_1_320' title='bbox 1751 4265 1846 4320; x_wconf 74' lang='grc' dir='ltr'>ἅτε</span> 
     </span>
    </p>
   </div>
   <div class='ocr_carea' id='block_1_46' title="bbox 257 4353 1848 4429">
    <p class='ocr_par' dir='ltr' id='par_1_46' title="bbox 257 4353 1848 4429">
     <span class='ocr_line' id='line_1_46' title="bbox 257 4353 1848 4429; baseline 0.004 -24"><span class='ocrx_word' id='word_1_321' title='bbox 257 4353 322 4420; x_wconf 80' lang='grc' dir='ltr'>δὴ</span> <span class='ocrx_word' id='word_1_322' title='bbox 355 4355 808 4426; x_wconf 81' lang='grc' dir='ltr'>πυρπολούμενον</span> <span class='ocrx_word' id='word_1_323' title='bbox 842 4358 907 4425; x_wconf 83' lang='grc' dir='ltr'>τῇ</span> <span class='ocrx_word' id='word_1_324' title='bbox 944 4355 1184 4426; x_wconf 84' lang='grc' dir='ltr'>συντόνῳ</span> <span class='ocrx_word' id='word_1_325' title='bbox 1223 4355 1412 4424; x_wconf 80' lang='grc' dir='ltr'>ἐφέσει</span> <span class='ocrx_word' id='word_1_326' title='bbox 1457 4357 1556 4426; x_wconf 83' lang='grc' dir='ltr'>τῆς</span> <span class='ocrx_word' id='word_1_327' title='bbox 1615 4357 1752 4429; x_wconf 76' lang='grc' dir='ltr'>πρὸς</span> <span class='ocrx_word' id='word_1_328' title='bbox 1780 4357 1848 4412; x_wconf 82' lang='grc' dir='ltr'>τὰ</span> 
     </span>
    </p>
   </div>
   <div class='ocr_carea' id='block_1_47' title="bbox 258 4445 1847 4520">
    <p class='ocr_par' dir='ltr' id='par_1_47' title="bbox 258 4445 1847 4520">
     <span class='ocr_line' id='line_1_47' title="bbox 258 4445 1847 4520; baseline 0.003 -22"><span class='ocrx_word' id='word_1_329' title='bbox 258 4445 429 4516; x_wconf 86' lang='grc' dir='ltr'>νοητά</span> <span class='ocrx_word' id='word_1_330' title='bbox 459 4445 554 4500; x_wconf 73' lang='grc' dir='ltr'><strong>καὶ</strong></span> <span class='ocrx_word' id='word_1_331' title='bbox 583 4447 702 4500; x_wconf 83' lang='grc' dir='ltr'>θεῖα</span> <span class='ocrx_word' id='word_1_332' title='bbox 731 4445 1016 4516; x_wconf 86' lang='grc' dir='ltr'>βελτίστης</span> <span class='ocrx_word' id='word_1_333' title='bbox 1051 4445 1454 4516; x_wconf 80' lang='grc' dir='ltr'>προσνεύσεως.</span> <span class='ocrx_word' id='word_1_334' title='bbox 1484 4447 1711 4502; x_wconf 81' lang='grc' dir='ltr'>Πεσόντι</span> <span class='ocrx_word' id='word_1_335' title='bbox 1737 4449 1847 4520; x_wconf 84' lang='grc' dir='ltr'>γὰρ</span> 
     </span>
    </p>
   </div>
   <div class='ocr_carea' id='block_1_48' title="bbox 1931 581 3511 666">
    <p class='ocr_par' dir='ltr' id='par_1_48' title="bbox 1931 581 3511 666">
     <span class='ocr_line' id='line_1_48' title="bbox 1931 581 3511 666; baseline -0.011 -16"><span class='ocrx_word' id='word_1_336' title='bbox 1931 605 2192 666; x_wconf 77' lang='lat' dir='ltr'><strong>tanquam</strong></span> <span class='ocrx_word' id='word_1_337' title='bbox 2227 593 2424 650; x_wconf 77' lang='lat' dir='ltr'><strong>animae</strong></span> <span class='ocrx_word' id='word_1_338' title='bbox 2453 591 2823 665; x_wconf 85' lang='lat' dir='ltr'><strong>propensione</strong></span> <span class='ocrx_word' id='word_1_339' title='bbox 2850 603 2915 642; x_wconf 87' lang='lat' dir='ltr'><strong>ac</strong></span> <span class='ocrx_word' id='word_1_340' title='bbox 2937 586 3218 641; x_wconf 80' lang='lat' dir='ltr'><strong>voluntate</strong></span> <span class='ocrx_word' id='word_1_341' title='bbox 3245 581 3511 636; x_wconf 76' lang='lat' dir='ltr'><strong>delatum.</strong></span> 
     </span>
    </p>
   </div>
   <div class='ocr_carea' id='block_1_49' title="bbox 1925 679 3511 752">
    <p class='ocr_par' dir='ltr' id='par_1_49' title="bbox 1925 679 3511 752">
     <span class='ocr_line' id='line_1_49' title="bbox 1925 679 3511 752; baseline -0.013 -11"><span class='ocrx_word' id='word_1_342' title='bbox 1925 685 2127 741; x_wconf 77' lang='lat' dir='ltr'><strong>Anima</strong></span> <span class='ocrx_word' id='word_1_343' title='bbox 2171 699 2303 740; x_wconf 89' lang='lat' dir='ltr'><strong>vero</strong></span> <span class='ocrx_word' id='word_1_344' title='bbox 2350 682 2640 752; x_wconf 76' lang='lat' dir='ltr'><strong>praelapsa,</strong></span> <span class='ocrx_word' id='word_1_345' title='bbox 2689 679 3041 748; x_wconf 88' lang='lat' dir='ltr'><strong>collapsoque</strong></span> <span class='ocrx_word' id='word_1_346' title='bbox 3096 687 3209 727; x_wconf 86' lang='lat' dir='ltr'><strong>una</strong></span> <span class='ocrx_word' id='word_1_347' title='bbox 3258 682 3511 740; x_wconf 84' lang='lat' dir='ltr'><strong>corpore,</strong></span> 
     </span>
    </p>
   </div>
   <div class='ocr_carea' id='block_1_50' title="bbox 1927 761 3516 849">
    <p class='ocr_par' dir='ltr' id='par_1_50' title="bbox 1927 761 3516 849">
     <span class='ocr_line' id='line_1_50' title="bbox 1927 761 3516 849; baseline -0.013 -14"><span class='ocrx_word' id='word_1_348' title='bbox 1927 766 2031 836; x_wconf 83' lang='lat' dir='ltr'><strong>diei</strong></span> <span class='ocrx_word' id='word_1_349' title='bbox 2090 779 2316 849; x_wconf 86' lang='lat' dir='ltr'><strong>nequit,</strong></span> <span class='ocrx_word' id='word_1_350' title='bbox 2379 792 2547 832; x_wconf 90' lang='lat' dir='ltr'><strong>unum</strong></span> <span class='ocrx_word' id='word_1_351' title='bbox 2606 768 2992 830; x_wconf 82' lang='lat' dir='ltr'><strong>tantummodo</strong></span> <span class='ocrx_word' id='word_1_352' title='bbox 3051 765 3362 829; x_wconf 81' lang='lat' dir='ltr'><strong>cecidisse,</strong></span> <span class='ocrx_word' id='word_1_353' title='bbox 3420 761 3516 816; x_wconf 85' lang='lat' dir='ltr'><strong>sed</strong></span> 
     </span>
    </p>
   </div>
   <div class='ocr_carea' id='block_1_51' title="bbox 1928 856 3514 942">
    <p class='ocr_par' dir='ltr' id='par_1_51' title="bbox 1928 856 3514 942">
     <span class='ocr_line' id='line_1_51' title="bbox 1928 856 3514 942; baseline -0.013 -14"><span class='ocrx_word' id='word_1_354' title='bbox 1928 881 2226 942; x_wconf 90' lang='lat' dir='ltr'><strong>utrumque</strong></span> <span class='ocrx_word' id='word_1_355' title='bbox 2269 869 2563 926; x_wconf 89' lang='lat' dir='ltr'><strong>dicendum</strong></span> <span class='ocrx_word' id='word_1_356' title='bbox 2614 875 2700 921; x_wconf 91' lang='lat' dir='ltr'><strong>est</strong></span> <span class='ocrx_word' id='word_1_357' title='bbox 2739 870 3038 938; x_wconf 64' lang='lat' dir='ltr'><strong>:ptroquc</strong></span> <span class='ocrx_word' id='word_1_358' title='bbox 3090 866 3274 912; x_wconf 90' lang='lat' dir='ltr'><strong>autem</strong></span> <span class='ocrx_word' id='word_1_359' title='bbox 3339 856 3514 924; x_wconf 86' lang='lat' dir='ltr'><strong>lapso,</strong></span> 
     </span>
    </p>
   </div>
   <div class='ocr_carea' id='block_1_52' title="bbox 1927 949 3514 1035">
    <p class='ocr_par' dir='ltr' id='par_1_52' title="bbox 1927 949 3514 1035">
     <span class='ocr_line' id='line_1_52' title="bbox 1927 949 3514 1035; baseline -0.015 -14"><span class='ocrx_word' id='word_1_360' title='bbox 1927 962 2207 1035; x_wconf 90' lang='lat' dir='ltr'><strong>quomodo</strong></span> <span class='ocrx_word' id='word_1_361' title='bbox 2231 961 2326 1032; x_wconf 89' lang='lat' dir='ltr'><strong>qui</strong></span> <span class='ocrx_word' id='word_1_362' title='bbox 2367 958 2588 1023; x_wconf 87' lang='lat' dir='ltr'><strong>cecidit,</strong></span> <span class='ocrx_word' id='word_1_363' title='bbox 2635 963 2695 1012; x_wconf 92' lang='lat' dir='ltr'><strong>ut</strong></span> <span class='ocrx_word' id='word_1_364' title='bbox 2724 953 3084 1009; x_wconf 81' lang='lat' dir='ltr'><strong>Ecclesiastes</strong></span> <span class='ocrx_word' id='word_1_365' title='bbox 3113 950 3214 1015; x_wconf 89' lang='lat' dir='ltr'><strong>ait,</strong></span> <span class='ocrx_word' id='word_1_366' title='bbox 3238 949 3514 1018; x_wconf 60' lang='lat' dir='ltr'><strong>jacentei-n</strong></span> 
     </span>
    </p>
   </div>
   <div class='ocr_carea' id='block_1_53' title="bbox 1929 1041 3518 1127">
    <p class='ocr_par' dir='ltr' id='par_1_53' title="bbox 1929 1041 3518 1127">
     <span class='ocr_line' id='line_1_53' title="bbox 1929 1041 3518 1127; baseline -0.013 -16"><span class='ocrx_word' id='word_1_367' title='bbox 1929 1055 2145 1127; x_wconf 78' lang='lat' dir='ltr'><strong>erigat?</strong></span> <span class='ocrx_word' id='word_1_368' title='bbox 2175 1053 2320 1122; x_wconf 83' lang='lat' dir='ltr'><strong>Quin</strong></span> <span class='ocrx_word' id='word_1_369' title='bbox 2351 1053 2516 1108; x_wconf 88' lang='lat' dir='ltr'><strong>etiam</strong></span> <span class='ocrx_word' id='word_1_370' title='bbox 2549 1049 2819 1104; x_wconf 87' lang='lat' dir='ltr'><strong>alterutro</strong></span> <span class='ocrx_word' id='word_1_371' title='bbox 2859 1052 3073 1118; x_wconf 85' lang='lat' dir='ltr'><strong>tantum</strong></span> <span class='ocrx_word' id='word_1_372' title='bbox 3113 1041 3288 1112; x_wconf 82' lang='lat' dir='ltr'><strong>lapso,</strong></span> <span class='ocrx_word' id='word_1_373' title='bbox 3321 1045 3518 1094; x_wconf 79' lang='lat' dir='ltr'><strong>neuter</strong></span> 
     </span>
    </p>
   </div>
   <div class='ocr_carea' id='block_1_54' title="bbox 1930 1133 3519 1214">
    <p class='ocr_par' dir='ltr' id='par_1_54' title="bbox 1930 1133 3519 1214">
     <span class='ocr_line' id='line_1_54' title="bbox 1930 1133 3519 1214; baseline -0.013 -8"><span class='ocrx_word' id='word_1_374' title='bbox 1930 1150 1996 1206; x_wconf 87' lang='lat' dir='ltr'><strong>ad</strong></span> <span class='ocrx_word' id='word_1_375' title='bbox 2030 1149 2389 1214; x_wconf 80' lang='lat' dir='ltr'><strong>honestarum</strong></span> <span class='ocrx_word' id='word_1_376' title='bbox 2419 1158 2604 1199; x_wconf 90' lang='lat' dir='ltr'><strong>rerum</strong></span> <span class='ocrx_word' id='word_1_377' title='bbox 2633 1148 2834 1196; x_wconf 90' lang='lat' dir='ltr'><strong>statum</strong></span> <span class='ocrx_word' id='word_1_378' title='bbox 2860 1149 3122 1193; x_wconf 90' lang='lat' dir='ltr'><strong>revocare</strong></span> <span class='ocrx_word' id='word_1_379' title='bbox 3157 1133 3390 1188; x_wconf 88' lang='lat' dir='ltr'><strong>alterum</strong></span> <span class='ocrx_word' id='word_1_380' title='bbox 3420 1145 3519 1201; x_wconf 82' lang='lat' dir='ltr'><strong>po-</strong></span> 
     </span>
    </p>
   </div>
   <div class='ocr_carea' id='block_1_55' title="bbox 1930 1225 3520 1310">
    <p class='ocr_par' dir='ltr' id='par_1_55' title="bbox 1930 1225 3520 1310">
     <span class='ocr_line' id='line_1_55' title="bbox 1930 1225 3520 1310; baseline -0.013 -14"><span class='ocrx_word' id='word_1_381' title='bbox 1930 1249 2057 1297; x_wconf 83' lang='lat' dir='ltr'><strong>test.</strong></span> <span class='ocrx_word' id='word_1_382' title='bbox 2085 1239 2303 1310; x_wconf 87' lang='lat' dir='ltr'><strong>Corpus</strong></span> <span class='ocrx_word' id='word_1_383' title='bbox 2337 1237 2486 1294; x_wconf 90' lang='lat' dir='ltr'><strong>enim</strong></span> <span class='ocrx_word' id='word_1_384' title='bbox 2511 1237 2758 1306; x_wconf 81' lang='lat' dir='ltr'><strong>ineptum</strong></span> <span class='ocrx_word' id='word_1_385' title='bbox 2792 1238 2990 1285; x_wconf 89' lang='lat' dir='ltr'><strong>natura</strong></span> <span class='ocrx_word' id='word_1_386' title='bbox 3021 1234 3106 1284; x_wconf 88' lang='lat' dir='ltr'><strong>est</strong></span> <span class='ocrx_word' id='word_1_387' title='bbox 3133 1245 3146 1281; x_wconf 90' lang='lat'><strong>:</strong></span> <span class='ocrx_word' id='word_1_388' title='bbox 3179 1225 3364 1280; x_wconf 88' lang='lat' dir='ltr'><strong>anima</strong></span> <span class='ocrx_word' id='word_1_389' title='bbox 3387 1237 3520 1278; x_wconf 79' lang='lat' dir='ltr'><strong>vero</strong></span> 
     </span>
    </p>
   </div>
   <div class='ocr_carea' id='block_1_56' title="bbox 1930 1311 3518 1405">
    <p class='ocr_par' dir='ltr' id='par_1_56' title="bbox 1930 1311 3518 1405">
     <span class='ocr_line' id='line_1_56' title="bbox 1930 1311 3518 1405; baseline -0.014 -14"><span class='ocrx_word' id='word_1_390' title='bbox 1930 1348 2250 1405; x_wconf 84' lang='lat' dir='ltr'><strong>quanquam</strong></span> <span class='ocrx_word' id='word_1_391' title='bbox 2297 1311 2498 1386; x_wconf 83' lang='lat' dir='ltr'><strong>idonea</strong></span> <span class='ocrx_word' id='word_1_392' title='bbox 2528 1334 2636 1390; x_wconf 89' lang='lat' dir='ltr'><strong>est,</strong></span> <span class='ocrx_word' id='word_1_393' title='bbox 2681 1321 3034 1392; x_wconf 86' lang='lat' dir='ltr'><strong>semetipsam</strong></span> <span class='ocrx_word' id='word_1_394' title='bbox 3090 1326 3270 1373; x_wconf 85' lang='lat' dir='ltr'><strong>tamen</strong></span> <span class='ocrx_word' id='word_1_395' title='bbox 3302 1313 3458 1386; x_wconf 84' lang='lat' dir='ltr'><strong>prius</strong></span> <span class='ocrx_word' id='word_1_396' title='bbox 3485 1327 3518 1368; x_wconf 73' lang='grc' dir='ltr'>ι</span> 
     </span>
    </p>
   </div>
   <div class='ocr_carea' id='block_1_57' title="bbox 1931 1407 3520 1498">
    <p class='ocr_par' dir='ltr' id='par_1_57' title="bbox 1931 1407 3520 1498">
     <span class='ocr_line' id='line_1_57' title="bbox 1931 1407 3520 1498; baseline -0.016 -15"><span class='ocrx_word' id='word_1_397' title='bbox 1931 1426 2144 1498; x_wconf 86' lang='lat' dir='ltr'><strong>peccati</strong></span> <span class='ocrx_word' id='word_1_398' title='bbox 2175 1425 2331 1494; x_wconf 86' lang='lat' dir='ltr'><strong>lapsu</strong></span> <span class='ocrx_word' id='word_1_399' title='bbox 2366 1418 2691 1491; x_wconf 85' lang='lat' dir='ltr'><strong>poenitentia</strong></span> <span class='ocrx_word' id='word_1_400' title='bbox 2721 1414 3005 1473; x_wconf 76' lang='lat' dir='ltr'><strong>excitabit.</strong></span> <span class='ocrx_word' id='word_1_401' title='bbox 3031 1409 3174 1466; x_wconf 90' lang='lat' dir='ltr'><strong>Tum</strong></span> <span class='ocrx_word' id='word_1_402' title='bbox 3201 1407 3440 1476; x_wconf 87' lang='lat' dir='ltr'><strong>denique</strong></span> <span class='ocrx_word' id='word_1_403' title='bbox 3466 1415 3520 1459; x_wconf 90' lang='lat' dir='ltr'><strong>et</strong></span> 
     </span>
    </p>
   </div>
   <div class='ocr_carea' id='block_1_58' title="bbox 1933 1503 3517 1588">
    <p class='ocr_par' dir='ltr' id='par_1_58' title="bbox 1933 1503 3517 1588">
     <span class='ocr_line' id='line_1_58' title="bbox 1933 1503 3517 1588; baseline -0.015 -15"><span class='ocrx_word' id='word_1_404' title='bbox 1933 1532 2134 1588; x_wconf 89' lang='lat' dir='ltr'><strong>corpus</strong></span> <span class='ocrx_word' id='word_1_405' title='bbox 2169 1515 2409 1586; x_wconf 75' lang='lat' dir='ltr'><strong>erigetur</strong></span> <span class='ocrx_word' id='word_1_406' title='bbox 2437 1511 2665 1568; x_wconf 85' lang='lat' dir='ltr'><strong>omnino</strong></span> <span class='ocrx_word' id='word_1_407' title='bbox 2696 1523 2822 1564; x_wconf 90' lang='lat' dir='ltr'><strong>cum</strong></span> <span class='ocrx_word' id='word_1_408' title='bbox 2850 1507 2968 1578; x_wconf 88' lang='lat' dir='ltr'><strong>ipsa</strong></span> <span class='ocrx_word' id='word_1_409' title='bbox 2997 1503 3245 1560; x_wconf 84' lang='lat' dir='ltr'><strong>habenas</strong></span> <span class='ocrx_word' id='word_1_410' title='bbox 3271 1505 3517 1568; x_wconf 74' lang='lat' dir='ltr'><strong>regente,</strong></span> 
     </span>
    </p>
   </div>
   <div class='ocr_carea' id='block_1_59' title="bbox 1933 1594 3520 1680">
    <p class='ocr_par' dir='ltr' id='par_1_59' title="bbox 1933 1594 3520 1680">
     <span class='ocr_line' id='line_1_59' title="bbox 1933 1594 3520 1680; baseline -0.017 -13"><span class='ocrx_word' id='word_1_411' title='bbox 1933 1625 1998 1667; x_wconf 87' lang='lat' dir='ltr'><strong>ac</strong></span> <span class='ocrx_word' id='word_1_412' title='bbox 2045 1605 2467 1680; x_wconf 83' lang='lat' dir='ltr'><strong>propensionem</strong></span> <span class='ocrx_word' id='word_1_413' title='bbox 2521 1603 2588 1659; x_wconf 91' lang='lat' dir='ltr'><strong>ad</strong></span> <span class='ocrx_word' id='word_1_414' title='bbox 2639 1603 2844 1657; x_wconf 88' lang='lat' dir='ltr'><strong>bonum</strong></span> <span class='ocrx_word' id='word_1_415' title='bbox 2893 1604 2947 1654; x_wconf 89' lang='lat' dir='ltr'><strong>et</strong></span> <span class='ocrx_word' id='word_1_416' title='bbox 2989 1594 3204 1651; x_wconf 83' lang='lat' dir='ltr'><strong>malum</strong></span> <span class='ocrx_word' id='word_1_417' title='bbox 3259 1597 3520 1661; x_wconf 87' lang='lat' dir='ltr'><strong>tanquam</strong></span> 
     </span>
    </p>
   </div>
   <div class='ocr_carea' id='block_1_60' title="bbox 1931 1697 2530 1758">
    <p class='ocr_par' dir='ltr' id='par_1_60' title="bbox 1931 1697 2530 1758">
     <span class='ocr_line' id='line_1_60' title="bbox 1931 1697 2530 1758; baseline -0.007 -2"><span class='ocrx_word' id='word_1_418' title='bbox 1931 1701 2153 1758; x_wconf 91' lang='lat' dir='ltr'><strong>domina</strong></span> <span class='ocrx_word' id='word_1_419' title='bbox 2190 1697 2530 1752; x_wconf 87' lang='lat' dir='ltr'><strong>moderante.</strong></span> 
     </span>
    </p>
   </div>
   <div class='ocr_carea' id='block_1_61' title="bbox 2008 1777 3522 1862">
    <p class='ocr_par' dir='ltr' id='par_1_61' title="bbox 2008 1777 3522 1862">
     <span class='ocr_line' id='line_1_61' title="bbox 2008 1777 3522 1862; baseline -0.012 -14"><span class='ocrx_word' id='word_1_420' title='bbox 2008 1792 2170 1862; x_wconf 78' lang='lat'><strong>119</strong></span> <span class='ocrx_word' id='word_1_421' title='bbox 2192 1789 2249 1846; x_wconf 91' lang='lat' dir='ltr'><strong>Si</strong></span> <span class='ocrx_word' id='word_1_422' title='bbox 2284 1789 2409 1860; x_wconf 82' lang='lat' dir='ltr'><strong>quis</strong></span> <span class='ocrx_word' id='word_1_423' title='bbox 2443 1799 2623 1843; x_wconf 91' lang='lat' dir='ltr'><strong>autem</strong></span> <span class='ocrx_word' id='word_1_424' title='bbox 2649 1786 2954 1842; x_wconf 90' lang='lat' dir='ltr'><strong>orationem</strong></span> <span class='ocrx_word' id='word_1_425' title='bbox 2989 1780 3260 1862; x_wconf 65' lang='lat' dir='ltr'><strong>attollere,</strong></span> <span class='ocrx_word' id='word_1_426' title='bbox 3295 1787 3350 1834; x_wconf 90' lang='lat' dir='ltr'><strong>et</strong></span> <span class='ocrx_word' id='word_1_427' title='bbox 3378 1777 3522 1833; x_wconf 86' lang='lat' dir='ltr'><strong>dicta</strong></span> 
     </span>
    </p>
   </div>
   <div class='ocr_carea' id='block_1_62' title="bbox 1938 1867 3524 1952">
    <p class='ocr_par' dir='ltr' id='par_1_62' title="bbox 1938 1867 3524 1952">
     <span class='ocr_line' id='line_1_62' title="bbox 1938 1867 3524 1952; baseline -0.013 -13"><span class='ocrx_word' id='word_1_428' title='bbox 1938 1879 2349 1952; x_wconf 90' lang='lat' dir='ltr'><strong>interpretando</strong></span> <span class='ocrx_word' id='word_1_429' title='bbox 2389 1875 2705 1946; x_wconf 75' lang='lat' dir='ltr'><strong>allegoriam</strong></span> <span class='ocrx_word' id='word_1_430' title='bbox 2741 1875 2894 1944; x_wconf 86' lang='lat' dir='ltr'><strong>sequi</strong></span> <span class='ocrx_word' id='word_1_431' title='bbox 2932 1871 3208 1936; x_wconf 81' lang='lat' dir='ltr'><strong>maluerit,</strong></span> <span class='ocrx_word' id='word_1_432' title='bbox 3247 1867 3380 1923; x_wconf 92' lang='lat' dir='ltr'><strong>illud</strong></span> <span class='ocrx_word' id='word_1_433' title='bbox 3423 1881 3524 1936; x_wconf 87' lang='lat' dir='ltr'><strong>po-</strong></span> 
     </span>
    </p>
   </div>
   <div class='ocr_carea' id='block_1_63' title="bbox 1939 1959 3525 2044">
    <p class='ocr_par' dir='ltr' id='par_1_63' title="bbox 1939 1959 3525 2044">
     <span class='ocr_line' id='line_1_63' title="bbox 1939 1959 3525 2044; baseline -0.015 -13"><span class='ocrx_word' id='word_1_434' title='bbox 1939 1976 2050 2031; x_wconf 89' lang='lat' dir='ltr'><strong>tius</strong></span> <span class='ocrx_word' id='word_1_435' title='bbox 2073 1973 2320 2044; x_wconf 83' lang='lat' dir='ltr'><strong>cogitare</strong></span> <span class='ocrx_word' id='word_1_436' title='bbox 2351 1979 2516 2039; x_wconf 90' lang='lat' dir='ltr'><strong>atque</strong></span> <span class='ocrx_word' id='word_1_437' title='bbox 2547 1969 2734 2024; x_wconf 87' lang='lat' dir='ltr'><strong>dicere</strong></span> <span class='ocrx_word' id='word_1_438' title='bbox 2771 1979 2999 2022; x_wconf 89' lang='lat' dir='ltr'><strong>necesse</strong></span> <span class='ocrx_word' id='word_1_439' title='bbox 3030 1963 3130 2028; x_wconf 90' lang='lat' dir='ltr'><strong>sit;</strong></span> <span class='ocrx_word' id='word_1_440' title='bbox 3161 1975 3286 2016; x_wconf 90' lang='lat' dir='ltr'><strong>cum</strong></span> <span class='ocrx_word' id='word_1_441' title='bbox 3325 1959 3525 2026; x_wconf 79' lang='lat' dir='ltr'><strong>tripar-</strong></span> 
     </span>
    </p>
   </div>
   <div class='ocr_carea' id='block_1_64' title="bbox 1938 2047 3527 2126">
    <p class='ocr_par' dir='ltr' id='par_1_64' title="bbox 1938 2047 3527 2126">
     <span class='ocr_line' id='line_1_64' title="bbox 1938 2047 3527 2126; baseline -0.012 -9"><span class='ocrx_word' id='word_1_442' title='bbox 1938 2063 2040 2117; x_wconf 86' lang='lat' dir='ltr'><strong>tito</strong></span> <span class='ocrx_word' id='word_1_443' title='bbox 2066 2060 2249 2116; x_wconf 89' lang='lat' dir='ltr'><strong>anima</strong></span> <span class='ocrx_word' id='word_1_444' title='bbox 2291 2056 2698 2120; x_wconf 72' lang='lat' dir='ltr'><strong>consideretur,</strong></span> <span class='ocrx_word' id='word_1_445' title='bbox 2747 2055 2948 2126; x_wconf 83' lang='lat' dir='ltr'><strong>quippe</strong></span> <span class='ocrx_word' id='word_1_446' title='bbox 2981 2047 3442 2124; x_wconf 3' lang='lat' dir='ltr'><strong>qumqmanifesto</strong></span> <span class='ocrx_word' id='word_1_447' title='bbox 3471 2057 3527 2100; x_wconf 89' lang='lat' dir='ltr'><strong>et</strong></span> 
     </span>
    </p>
   </div>
   <div class='ocr_carea' id='block_1_65' title="bbox 1939 2139 3524 2224">
    <p class='ocr_par' dir='ltr' id='par_1_65' title="bbox 1939 2139 3524 2224">
     <span class='ocr_line' id='line_1_65' title="bbox 1939 2139 3524 2224; baseline -0.013 -12"><span class='ocrx_word' id='word_1_448' title='bbox 1939 2156 2234 2221; x_wconf 87' lang='lat' dir='ltr'><strong>rationem,</strong></span> <span class='ocrx_word' id='word_1_449' title='bbox 2251 2161 2304 2208; x_wconf 90' lang='lat' dir='ltr'><strong>et</strong></span> <span class='ocrx_word' id='word_1_450' title='bbox 2321 2152 2620 2224; x_wconf 87' lang='lat' dir='ltr'><strong>appetitum</strong></span> <span class='ocrx_word' id='word_1_451' title='bbox 2633 2191 2646 2215; x_wconf 91' lang='lat'><strong>,</strong></span> <span class='ocrx_word' id='word_1_452' title='bbox 2660 2158 2715 2206; x_wconf 86' lang='lat' dir='ltr'><strong>et</strong></span> <span class='ocrx_word' id='word_1_453' title='bbox 2739 2145 3091 2202; x_wconf 89' lang='lat' dir='ltr'><strong>irascentiam</strong></span> <span class='ocrx_word' id='word_1_454' title='bbox 3120 2139 3524 2211; x_wconf 87' lang='lat' dir='ltr'><strong>complectitur.</strong></span> 
     </span>
    </p>
   </div>
   <div class='ocr_carea' id='block_1_66' title="bbox 1939 2232 3528 2311">
    <p class='ocr_par' dir='ltr' id='par_1_66' title="bbox 1939 2232 3528 2311">
     <span class='ocr_line' id='line_1_66' title="bbox 1939 2232 3528 2311; baseline -0.013 -8"><span class='ocrx_word' id='word_1_455' title='bbox 1939 2247 2115 2303; x_wconf 91' lang='lat' dir='ltr'><strong>multo</strong></span> <span class='ocrx_word' id='word_1_456' title='bbox 2138 2245 2433 2302; x_wconf 83' lang='lat' dir='ltr'><strong>validiores</strong></span> <span class='ocrx_word' id='word_1_457' title='bbox 2457 2238 2792 2311; x_wconf 87' lang='lat' dir='ltr'><strong>deprehendi</strong></span> <span class='ocrx_word' id='word_1_458' title='bbox 2819 2237 2978 2292; x_wconf 90' lang='lat' dir='ltr'><strong>binas</strong></span> <span class='ocrx_word' id='word_1_459' title='bbox 3003 2236 3123 2304; x_wconf 86' lang='lat' dir='ltr'><strong>ejus</strong></span> <span class='ocrx_word' id='word_1_460' title='bbox 3153 2232 3312 2298; x_wconf 89' lang='lat' dir='ltr'><strong>quasi</strong></span> <span class='ocrx_word' id='word_1_461' title='bbox 3345 2240 3528 2302; x_wconf 77' lang='lat' dir='ltr'><strong>partes</strong></span> 
     </span>
    </p>
   </div>
   <div class='ocr_carea' id='block_1_67' title="bbox 1941 2333 3524 2402">
    <p class='ocr_par' dir='ltr' id='par_1_67' title="bbox 1941 2333 3524 2402">
     <span class='ocr_line' id='line_1_67' title="bbox 1941 2333 3524 2402; baseline -0.013 -8"><span class='ocrx_word' id='word_1_462' title='bbox 1941 2338 1996 2394; x_wconf 90' lang='lat' dir='ltr'><strong>in</strong></span> <span class='ocrx_word' id='word_1_463' title='bbox 2042 2337 2188 2393; x_wconf 88' lang='lat' dir='ltr'><strong>bono</strong></span> <span class='ocrx_word' id='word_1_464' title='bbox 2235 2333 2667 2398; x_wconf 81' lang='lat' dir='ltr'><strong>consentientes,</strong></span> <span class='ocrx_word' id='word_1_465' title='bbox 2714 2344 2881 2402; x_wconf 86' lang='lat' dir='ltr'><strong>quam</strong></span> <span class='ocrx_word' id='word_1_466' title='bbox 2931 2341 3095 2384; x_wconf 87' lang='lat' dir='ltr'><strong>unam</strong></span> <span class='ocrx_word' id='word_1_467' title='bbox 3131 2333 3364 2389; x_wconf 90' lang='lat' dir='ltr'><strong>tantum,</strong></span> <span class='ocrx_word' id='word_1_468' title='bbox 3401 2337 3524 2378; x_wconf 90' lang='lat' dir='ltr'><strong>cum</strong></span> 
     </span>
    </p>
   </div>
   <div class='ocr_carea' id='block_1_68' title="bbox 1943 2417 3532 2500">
    <p class='ocr_par' dir='ltr' id='par_1_68' title="bbox 1943 2417 3532 2500">
     <span class='ocr_line' id='line_1_68' title="bbox 1943 2417 3532 2500; baseline -0.009 -16"><span class='ocrx_word' id='word_1_469' title='bbox 1943 2443 2140 2500; x_wconf 88' lang='lat' dir='ltr'><strong>nempe</strong></span> <span class='ocrx_word' id='word_1_470' title='bbox 2193 2427 2466 2482; x_wconf 85' lang='lat' dir='ltr'><strong>rationem</strong></span> <span class='ocrx_word' id='word_1_471' title='bbox 2525 2425 2583 2480; x_wconf 92' lang='lat' dir='ltr'><strong>in</strong></span> <span class='ocrx_word' id='word_1_472' title='bbox 2643 2424 2913 2479; x_wconf 89' lang='lat' dir='ltr'><strong>bonarum</strong></span> <span class='ocrx_word' id='word_1_473' title='bbox 2962 2434 3146 2476; x_wconf 86' lang='lat' dir='ltr'><strong>rerum</strong></span> <span class='ocrx_word' id='word_1_474' title='bbox 3207 2417 3532 2472; x_wconf 56' lang='lat' dir='ltr'><strong>delectu‘et</strong></span> 
     </span>
    </p>
   </div>
   <div class='ocr_carea' id='block_1_69' title="bbox 1943 2508 3528 2594">
    <p class='ocr_par' dir='ltr' id='par_1_69' title="bbox 1943 2508 3528 2594">
     <span class='ocr_line' id='line_1_69' title="bbox 1943 2508 3528 2594; baseline -0.011 -16"><span class='ocrx_word' id='word_1_475' title='bbox 1943 2521 2356 2578; x_wconf 87' lang='lat' dir='ltr'><strong>consectatione</strong></span> <span class='ocrx_word' id='word_1_476' title='bbox 2413 2517 2692 2594; x_wconf 87' lang='lat' dir='ltr'><strong>appetitus</strong></span> <span class='ocrx_word' id='word_1_477' title='bbox 2751 2513 3112 2584; x_wconf 86' lang='lat' dir='ltr'><strong>subsequitur</strong></span> <span class='ocrx_word' id='word_1_478' title='bbox 3165 2510 3302 2582; x_wconf 73' lang='lat'><strong>(84).</strong></span> <span class='ocrx_word' id='word_1_479' title='bbox 3353 2508 3528 2576; x_wconf 81' lang='lat' dir='ltr'><strong>Quin-</strong></span> 
     </span>
    </p>
   </div>
   <div class='ocr_carea' id='block_1_70' title="bbox 1942 2602 3532 2680">
    <p class='ocr_par' dir='ltr' id='par_1_70' title="bbox 1942 2602 3532 2680">
     <span class='ocr_line' id='line_1_70' title="bbox 1942 2602 3532 2680; baseline -0.01 -12"><span class='ocrx_word' id='word_1_480' title='bbox 1942 2613 2106 2668; x_wconf 91' lang='lat' dir='ltr'><strong>etiam</strong></span> <span class='ocrx_word' id='word_1_481' title='bbox 2142 2612 2368 2666; x_wconf 89' lang='lat' dir='ltr'><strong>alteram</strong></span> <span class='ocrx_word' id='word_1_482' title='bbox 2405 2609 2662 2674; x_wconf 90' lang='lat' dir='ltr'><strong>istarum,</strong></span> <span class='ocrx_word' id='word_1_483' title='bbox 2714 2605 2763 2662; x_wconf 89' lang='lat' dir='ltr'><strong>si</strong></span> <span class='ocrx_word' id='word_1_484' title='bbox 2799 2619 2876 2680; x_wconf 83' lang='lat' dir='ltr'><strong>se</strong></span> <span class='ocrx_word' id='word_1_485' title='bbox 2907 2604 2976 2660; x_wconf 91' lang='lat' dir='ltr'><strong>ad</strong></span> <span class='ocrx_word' id='word_1_486' title='bbox 3013 2602 3202 2658; x_wconf 87' lang='lat' dir='ltr'><strong>illicita</strong></span> <span class='ocrx_word' id='word_1_487' title='bbox 3240 2607 3532 2654; x_wconf 61' lang='lat' dir='ltr'><strong>convertc«</strong></span> 
     </span>
    </p>
   </div>
   <div class='ocr_carea' id='block_1_71' title="bbox 1943 2690 3532 2774">
    <p class='ocr_par' dir='ltr' id='par_1_71' title="bbox 1943 2690 3532 2774">
     <span class='ocr_line' id='line_1_71' title="bbox 1943 2690 3532 2774; baseline -0.009 -17"><span class='ocrx_word' id='word_1_488' title='bbox 1943 2702 2036 2769; x_wconf 87' lang='lat' dir='ltr'><strong>rit,</strong></span> <span class='ocrx_word' id='word_1_489' title='bbox 2056 2701 2371 2774; x_wconf 77' lang='lat' dir='ltr'><strong>appetitum</strong></span> <span class='ocrx_word' id='word_1_490' title='bbox 2421 2699 2652 2762; x_wconf 87' lang='lat' dir='ltr'><strong>scilicet,</strong></span> <span class='ocrx_word' id='word_1_491' title='bbox 2686 2695 2846 2752; x_wconf 85' lang='lat' dir='ltr'><strong>facile</strong></span> <span class='ocrx_word' id='word_1_492' title='bbox 2888 2695 3032 2750; x_wconf 86' lang='lat' dir='ltr'><strong>ratio</strong></span> <span class='ocrx_word' id='word_1_493' title='bbox 3072 2692 3139 2748; x_wconf 89' lang='lat' dir='ltr'><strong>ad</strong></span> <span class='ocrx_word' id='word_1_494' title='bbox 3169 2690 3396 2746; x_wconf 83' lang='lat' dir='ltr'><strong>meliora</strong></span> <span class='ocrx_word' id='word_1_495' title='bbox 3445 2705 3532 2744; x_wconf 86' lang='lat' dir='ltr'><strong>re-</strong></span> 
     </span>
    </p>
   </div>
   <div class='ocr_carea' id='block_1_72' title="bbox 1943 2783 3531 2859">
    <p class='ocr_par' dir='ltr' id='par_1_72' title="bbox 1943 2783 3531 2859">
     <span class='ocr_line' id='line_1_72' title="bbox 1943 2783 3531 2859; baseline -0.009 -8"><span class='ocrx_word' id='word_1_496' title='bbox 1943 2797 2138 2859; x_wconf 85' lang='lat' dir='ltr'><strong>ducet;</strong></span> <span class='ocrx_word' id='word_1_497' title='bbox 2168 2805 2222 2848; x_wconf 91' lang='lat' dir='ltr'><strong>et</strong></span> <span class='ocrx_word' id='word_1_498' title='bbox 2271 2792 2316 2848; x_wconf 88' lang='lat' dir='ltr'><strong>si</strong></span> <span class='ocrx_word' id='word_1_499' title='bbox 2359 2793 2501 2847; x_wconf 87' lang='lat' dir='ltr'><strong>ratio</strong></span> <span class='ocrx_word' id='word_1_500' title='bbox 2531 2791 2598 2846; x_wconf 89' lang='lat' dir='ltr'><strong>ad</strong></span> <span class='ocrx_word' id='word_1_501' title='bbox 2636 2789 2906 2846; x_wconf 89' lang='lat' dir='ltr'><strong>absurdas</strong></span> <span class='ocrx_word' id='word_1_502' title='bbox 2949 2785 3321 2858; x_wconf 69' lang='lat' dir='ltr'><strong>cogitationes</strong></span> <span class='ocrx_word' id='word_1_503' title='bbox 3353 2783 3531 2838; x_wconf 84' lang='lat' dir='ltr'><strong>delata</strong></span> 
     </span>
    </p>
   </div>
   <div class='ocr_carea' id='block_1_73' title="bbox 1945 2875 3530 2952">
    <p class='ocr_par' dir='ltr' id='par_1_73' title="bbox 1945 2875 3530 2952">
     <span class='ocr_line' id='line_1_73' title="bbox 1945 2875 3530 2952; baseline -0.01 -8"><span class='ocrx_word' id='word_1_504' title='bbox 1945 2887 2130 2950; x_wconf 85' lang='lat' dir='ltr'><strong>fuerit,</strong></span> <span class='ocrx_word' id='word_1_505' title='bbox 2155 2897 2208 2942; x_wconf 86' lang='lat' dir='ltr'><strong>et</strong></span> <span class='ocrx_word' id='word_1_506' title='bbox 2255 2903 2284 2942; x_wconf 91' lang='lat' dir='ltr'><strong>a</strong></span> <span class='ocrx_word' id='word_1_507' title='bbox 2319 2901 2445 2942; x_wconf 87' lang='lat' dir='ltr'><strong>vera</strong></span> <span class='ocrx_word' id='word_1_508' title='bbox 2485 2900 2667 2940; x_wconf 90' lang='lat' dir='ltr'><strong>rerum</strong></span> <span class='ocrx_word' id='word_1_509' title='bbox 2703 2880 3196 2952; x_wconf 89' lang='lat' dir='ltr'><strong>comprehensione</strong></span> <span class='ocrx_word' id='word_1_510' title='bbox 3226 2875 3530 2937; x_wconf 83' lang='lat' dir='ltr'><strong>deﬂexerit,</strong></span> 
     </span>
    </p>
   </div>
   <div class='ocr_carea' id='block_1_74' title="bbox 1948 2967 3533 3050">
    <p class='ocr_par' dir='ltr' id='par_1_74' title="bbox 1948 2967 3533 3050">
     <span class='ocr_line' id='line_1_74' title="bbox 1948 2967 3533 3050; baseline -0.011 -15"><span class='ocrx_word' id='word_1_511' title='bbox 1948 2980 2242 3050; x_wconf 88' lang='lat' dir='ltr'><strong>appetitus,</strong></span> <span class='ocrx_word' id='word_1_512' title='bbox 2289 2978 2383 3050; x_wconf 92' lang='lat' dir='ltr'><strong>qui</strong></span> <span class='ocrx_word' id='word_1_513' title='bbox 2438 2978 2493 3032; x_wconf 91' lang='lat' dir='ltr'><strong>in</strong></span> <span class='ocrx_word' id='word_1_514' title='bbox 2539 2975 2708 3031; x_wconf 88' lang='lat' dir='ltr'><strong>Deum</strong></span> <span class='ocrx_word' id='word_1_515' title='bbox 2755 2973 2998 3029; x_wconf 82' lang='lat' dir='ltr'><strong>universi</strong></span> <span class='ocrx_word' id='word_1_516' title='bbox 3049 2969 3326 3027; x_wconf 87' lang='lat' dir='ltr'><strong>desiderio</strong></span> <span class='ocrx_word' id='word_1_517' title='bbox 3361 2967 3533 3022; x_wconf 76' lang='lat' dir='ltr'><strong>fertur</strong></span> 
     </span>
    </p>
   </div>
   <div class='ocr_carea' id='block_1_75' title="bbox 1946 3060 3529 3138">
    <p class='ocr_par' dir='ltr' id='par_1_75' title="bbox 1946 3060 3529 3138">
     <span class='ocr_line' id='line_1_75' title="bbox 1946 3060 3529 3138; baseline -0.01 -14"><span class='ocrx_word' id='word_1_518' title='bbox 1946 3086 2250 3138; x_wconf 84' lang='lat' dir='ltr'><strong>verumque</strong></span> <span class='ocrx_word' id='word_1_519' title='bbox 2305 3077 2453 3124; x_wconf 90' lang='lat' dir='ltr'><strong>amat</strong></span> <span class='ocrx_word' id='word_1_520' title='bbox 2479 3066 2773 3136; x_wconf 90' lang='lat' dir='ltr'><strong>judicium,</strong></span> <span class='ocrx_word' id='word_1_521' title='bbox 2822 3063 3056 3120; x_wconf 87' lang='lat' dir='ltr'><strong>rationis</strong></span> <span class='ocrx_word' id='word_1_522' title='bbox 3105 3060 3529 3116; x_wconf 85' lang='lat' dir='ltr'><strong>declinationem</strong></span> 
     </span>
    </p>
   </div>
   <div class='ocr_carea' id='block_1_76' title="bbox 1946 3151 3562 3230">
    <p class='ocr_par' dir='ltr' id='par_1_76' title="bbox 1946 3151 3562 3230">
     <span class='ocr_line' id='line_1_76' title="bbox 1946 3151 3562 3230; baseline -0.01 -15"><span class='ocrx_word' id='word_1_523' title='bbox 1946 3175 2304 3230; x_wconf 86' lang='lat' dir='ltr'><strong>erroremque</strong></span> <span class='ocrx_word' id='word_1_524' title='bbox 2349 3157 2684 3214; x_wconf 80' lang='lat' dir='ltr'><strong>emendabit.</strong></span> <span class='ocrx_word' id='word_1_525' title='bbox 2731 3161 2913 3226; x_wconf 86' lang='lat' dir='ltr'><strong>Atque</strong></span> <span class='ocrx_word' id='word_1_526' title='bbox 2969 3153 3110 3210; x_wconf 90' lang='lat' dir='ltr'><strong>adeo</strong></span> <span class='ocrx_word' id='word_1_527' title='bbox 3144 3162 3254 3209; x_wconf 89' lang='lat' dir='ltr'><strong>stat</strong></span> <span class='ocrx_word' id='word_1_528' title='bbox 3294 3151 3562 3213; x_wconf 71' lang='lat' dir='ltr'><strong>dictum,</strong></span> 
     </span>
    </p>
   </div>
   <div class='ocr_carea' id='block_1_77' title="bbox 1947 3245 3532 3322">
    <p class='ocr_par' dir='ltr' id='par_1_77' title="bbox 1947 3245 3532 3322">
     <span class='ocr_line' id='line_1_77' title="bbox 1947 3245 3532 3322; baseline -0.006 -15"><span class='ocrx_word' id='word_1_529' title='bbox 1947 3267 2141 3322; x_wconf 92' lang='lat' dir='ltr'><strong>nempe</strong></span> <span class='ocrx_word' id='word_1_530' title='bbox 2181 3253 2414 3306; x_wconf 88' lang='lat' dir='ltr'><strong>alterum</strong></span> <span class='ocrx_word' id='word_1_531' title='bbox 2445 3251 2516 3306; x_wconf 88' lang='lat' dir='ltr'><strong>ab</strong></span> <span class='ocrx_word' id='word_1_532' title='bbox 2542 3250 2717 3306; x_wconf 85' lang='lat' dir='ltr'><strong>altero</strong></span> <span class='ocrx_word' id='word_1_533' title='bbox 2742 3247 2938 3304; x_wconf 87' lang='lat' dir='ltr'><strong>attolli.</strong></span> <span class='ocrx_word' id='word_1_534' title='bbox 2979 3245 3074 3301; x_wconf 76' lang='lat' dir='ltr'><strong>Va:</strong></span> <span class='ocrx_word' id='word_1_535' title='bbox 3113 3255 3296 3301; x_wconf 90' lang='lat' dir='ltr'><strong>autem</strong></span> <span class='ocrx_word' id='word_1_536' title='bbox 3326 3245 3532 3299; x_wconf 82' lang='lat' dir='ltr'><strong>alteru-</strong></span> 
     </span>
    </p>
   </div>
   <div class='ocr_carea' id='block_1_78' title="bbox 1947 3337 3534 3414">
    <p class='ocr_par' dir='ltr' id='par_1_78' title="bbox 1947 3337 3534 3414">
     <span class='ocr_line' id='line_1_78' title="bbox 1947 3337 3534 3414; baseline -0.006 -14"><span class='ocrx_word' id='word_1_537' title='bbox 1947 3345 2015 3400; x_wconf 89' lang='lat' dir='ltr'><strong>tri</strong></span> <span class='ocrx_word' id='word_1_538' title='bbox 2049 3359 2262 3412; x_wconf 85' lang='lat' dir='ltr'><strong>earum,</strong></span> <span class='ocrx_word' id='word_1_539' title='bbox 2288 3345 2407 3400; x_wconf 91' lang='lat' dir='ltr'><strong>sive</strong></span> <span class='ocrx_word' id='word_1_540' title='bbox 2449 3342 2741 3414; x_wconf 87' lang='lat' dir='ltr'><strong>appetitui,</strong></span> <span class='ocrx_word' id='word_1_541' title='bbox 2775 3341 3216 3412; x_wconf 87' lang='lat' dir='ltr'><strong>quotiescunque</strong></span> <span class='ocrx_word' id='word_1_542' title='bbox 3252 3338 3329 3392; x_wconf 91' lang='lat' dir='ltr'><strong>illi</strong></span> <span class='ocrx_word' id='word_1_543' title='bbox 3365 3337 3534 3392; x_wconf 78' lang='lat' dir='ltr'><strong>ratio-</strong></span> 
     </span>
    </p>
   </div>
   <div class='ocr_carea' id='block_1_79' title="bbox 1946 3427 3532 3502">
    <p class='ocr_par' dir='ltr' id='par_1_79' title="bbox 1946 3427 3532 3502">
     <span class='ocr_line' id='line_1_79' title="bbox 1946 3427 3532 3502; baseline -0.004 -12"><span class='ocrx_word' id='word_1_544' title='bbox 1946 3436 2034 3492; x_wconf 87' lang='lat' dir='ltr'><strong>nis</strong></span> <span class='ocrx_word' id='word_1_545' title='bbox 2060 3435 2330 3490; x_wconf 74' lang='lat' dir='ltr'><strong>auxilium</strong></span> <span class='ocrx_word' id='word_1_546' title='bbox 2371 3444 2427 3489; x_wconf 91' lang='lat' dir='ltr'><strong>ct</strong></span> <span class='ocrx_word' id='word_1_547' title='bbox 2461 3435 2874 3489; x_wconf 89' lang='lat' dir='ltr'><strong>incitamentum</strong></span> <span class='ocrx_word' id='word_1_548' title='bbox 2921 3433 2989 3488; x_wconf 85' lang='lat' dir='ltr'><strong>ad</strong></span> <span class='ocrx_word' id='word_1_549' title='bbox 3027 3432 3246 3502; x_wconf 88' lang='lat' dir='ltr'><strong>potiora</strong></span> <span class='ocrx_word' id='word_1_550' title='bbox 3277 3427 3532 3486; x_wconf 82' lang='lat' dir='ltr'><strong>defuerit.</strong></span> 
     </span>
    </p>
   </div>
   <div class='ocr_carea' id='block_1_80' title="bbox 1951 3522 3536 3596">
    <p class='ocr_par' dir='ltr' id='par_1_80' title="bbox 1951 3522 3536 3596">
     <span class='ocr_line' id='line_1_80' title="bbox 1951 3522 3536 3596; baseline -0.004 -14"><span class='ocrx_word' id='word_1_551' title='bbox 1951 3528 2030 3583; x_wconf 84' lang='lat' dir='ltr'><strong>Ad</strong></span> <span class='ocrx_word' id='word_1_552' title='bbox 2059 3529 2227 3585; x_wconf 73' lang='lat' dir='ltr'><strong>noxia</strong></span> <span class='ocrx_word' id='word_1_553' title='bbox 2252 3528 2400 3583; x_wconf 91' lang='lat' dir='ltr'><strong>enim</strong></span> <span class='ocrx_word' id='word_1_554' title='bbox 2433 3527 2702 3584; x_wconf 88' lang='lat' dir='ltr'><strong>desideria</strong></span> <span class='ocrx_word' id='word_1_555' title='bbox 2737 3536 2794 3582; x_wconf 92' lang='lat' dir='ltr'><strong>et</strong></span> <span class='ocrx_word' id='word_1_556' title='bbox 2832 3525 3111 3596; x_wconf 88' lang='lat' dir='ltr'><strong>quaslibet</strong></span> <span class='ocrx_word' id='word_1_557' title='bbox 3140 3522 3310 3578; x_wconf 89' lang='lat' dir='ltr'><strong>animi</strong></span> <span class='ocrx_word' id='word_1_558' title='bbox 3342 3537 3536 3578; x_wconf 91' lang='lat' dir='ltr'><strong>corru-</strong></span> 
     </span>
    </p>
   </div>
   <div class='ocr_carea' id='block_1_81' title="bbox 1947 3613 3535 3693">
    <p class='ocr_par' dir='ltr' id='par_1_81' title="bbox 1947 3613 3535 3693">
     <span class='ocr_line' id='line_1_81' title="bbox 1947 3613 3535 3693; baseline -0.007 -16"><span class='ocrx_word' id='word_1_559' title='bbox 1947 3621 2125 3693; x_wconf 83' lang='lat' dir='ltr'><strong>ptelas</strong></span> <span class='ocrx_word' id='word_1_560' title='bbox 2179 3620 2469 3675; x_wconf 86' lang='lat' dir='ltr'><strong>delabitur.</strong></span> <span class='ocrx_word' id='word_1_561' title='bbox 2520 3619 2701 3689; x_wconf 82' lang='lat' dir='ltr'><strong>Atque</strong></span> <span class='ocrx_word' id='word_1_562' title='bbox 2749 3619 2866 3674; x_wconf 84' lang='lat' dir='ltr'><strong>haec</strong></span> <span class='ocrx_word' id='word_1_563' title='bbox 2915 3617 2986 3673; x_wconf 90' lang='lat' dir='ltr'><strong>iis</strong></span> <span class='ocrx_word' id='word_1_564' title='bbox 3035 3615 3385 3683; x_wconf 81' lang='lat' dir='ltr'><strong>contingunt,</strong></span> <span class='ocrx_word' id='word_1_565' title='bbox 3437 3613 3535 3682; x_wconf 91' lang='lat' dir='ltr'><strong>qui</strong></span> 
     </span>
    </p>
   </div>
   <div class='ocr_carea' id='block_1_82' title="bbox 1948 3706 3539 3784">
    <p class='ocr_par' dir='ltr' id='par_1_82' title="bbox 1948 3706 3539 3784">
     <span class='ocr_line' id='line_1_82' title="bbox 1948 3706 3539 3784; baseline -0.008 -15"><span class='ocrx_word' id='word_1_566' title='bbox 1948 3721 2143 3784; x_wconf 89' lang='lat' dir='ltr'><strong>sponte</strong></span> <span class='ocrx_word' id='word_1_567' title='bbox 2165 3727 2266 3767; x_wconf 89' lang='lat' dir='ltr'><strong>sua</strong></span> <span class='ocrx_word' id='word_1_568' title='bbox 2291 3711 2522 3767; x_wconf 79' lang='lat' dir='ltr'><strong>rationis</strong></span> <span class='ocrx_word' id='word_1_569' title='bbox 2545 3709 2814 3782; x_wconf 90' lang='lat' dir='ltr'><strong>judicium</strong></span> <span class='ocrx_word' id='word_1_570' title='bbox 2860 3707 3192 3765; x_wconf 87' lang='lat' dir='ltr'><strong>contumelia</strong></span> <span class='ocrx_word' id='word_1_571' title='bbox 3230 3706 3381 3760; x_wconf 86' lang='lat' dir='ltr'><strong>illata</strong></span> <span class='ocrx_word' id='word_1_572' title='bbox 3415 3718 3539 3774; x_wconf 88' lang='lat' dir='ltr'><strong>per-</strong></span> 
     </span>
    </p>
   </div>
   <div class='ocr_carea' id='block_1_83' title="bbox 1947 3795 3538 3877">
    <p class='ocr_par' dir='ltr' id='par_1_83' title="bbox 1947 3795 3538 3877">
     <span class='ocr_line' id='line_1_83' title="bbox 1947 3795 3538 3877; baseline -0.008 -17"><span class='ocrx_word' id='word_1_573' title='bbox 1947 3795 2252 3877; x_wconf 78' lang='lat' dir='ltr'><strong>verterunt,</strong></span> <span class='ocrx_word' id='word_1_574' title='bbox 2292 3804 2578 3874; x_wconf 89' lang='lat' dir='ltr'><strong>ipsamque</strong></span> <span class='ocrx_word' id='word_1_575' title='bbox 2603 3801 2756 3856; x_wconf 78' lang='lat' dir='ltr'><strong>velut</strong></span> <span class='ocrx_word' id='word_1_576' title='bbox 2789 3809 3062 3856; x_wconf 89' lang='lat' dir='ltr'><strong>mortuam</strong></span> <span class='ocrx_word' id='word_1_577' title='bbox 3107 3806 3273 3867; x_wconf 87' lang='lat' dir='ltr'><strong>atque</strong></span> <span class='ocrx_word' id='word_1_578' title='bbox 3311 3796 3538 3850; x_wconf 89' lang='lat' dir='ltr'><strong>omnino</strong></span> 
     </span>
    </p>
   </div>
   <div class='ocr_carea' id='block_1_84' title="bbox 1948 3882 3538 3956">
    <p class='ocr_par' dir='ltr' id='par_1_84' title="bbox 1948 3882 3538 3956">
     <span class='ocr_line' id='line_1_84' title="bbox 1948 3882 3538 3956; baseline -0.009 -6"><span class='ocrx_word' id='word_1_579' title='bbox 1948 3895 2178 3950; x_wconf 85' lang='lat' dir='ltr'><strong>inertem</strong></span> <span class='ocrx_word' id='word_1_580' title='bbox 2210 3893 2522 3948; x_wconf 88' lang='lat' dir='ltr'><strong>reddidere.</strong></span> <span class='ocrx_word' id='word_1_581' title='bbox 2562 3890 2632 3945; x_wconf 82' lang='lat' dir='ltr'><strong>At</strong></span> <span class='ocrx_word' id='word_1_582' title='bbox 2667 3906 2697 3946; x_wconf 91' lang='lat' dir='ltr'><strong>e</strong></span> <span class='ocrx_word' id='word_1_583' title='bbox 2721 3889 3024 3956; x_wconf 79' lang='lat' dir='ltr'><strong>contrario</strong></span> <span class='ocrx_word' id='word_1_584' title='bbox 3064 3902 3146 3942; x_wconf 66' lang='grc' dir='ltr'><strong>ναι</strong></span> <span class='ocrx_word' id='word_1_585' title='bbox 3176 3885 3278 3956; x_wconf 89' lang='lat' dir='ltr'><strong>ipsi</strong></span> <span class='ocrx_word' id='word_1_586' title='bbox 3313 3882 3538 3948; x_wconf 84' lang='lat' dir='ltr'><strong>rationi,</strong></span> 
     </span>
    </p>
   </div>
   <div class='ocr_carea' id='block_1_85' title="bbox 1947 3978 3540 4058">
    <p class='ocr_par' dir='ltr' id='par_1_85' title="bbox 1947 3978 3540 4058">
     <span class='ocr_line' id='line_1_85' title="bbox 1947 3978 3540 4058; baseline -0.006 -18"><span class='ocrx_word' id='word_1_587' title='bbox 1947 3988 2388 4058; x_wconf 85' lang='lat' dir='ltr'><strong>quotiescunque</strong></span> <span class='ocrx_word' id='word_1_588' title='bbox 2415 3983 2718 4054; x_wconf 86' lang='lat' dir='ltr'><strong>appetitum</strong></span> <span class='ocrx_word' id='word_1_589' title='bbox 2749 3983 2856 4039; x_wconf 89' lang='lat' dir='ltr'><strong>sibi</strong></span> <span class='ocrx_word' id='word_1_590' title='bbox 2881 3981 3162 4036; x_wconf 87' lang='lat' dir='ltr'><strong>addictum</strong></span> <span class='ocrx_word' id='word_1_591' title='bbox 3187 3994 3296 4034; x_wconf 91' lang='lat' dir='ltr'><strong>non</strong></span> <span class='ocrx_word' id='word_1_592' title='bbox 3333 3978 3540 4032; x_wconf 81' lang='lat' dir='ltr'><strong>habue-</strong></span> 
     </span>
    </p>
   </div>
   <div class='ocr_carea' id='block_1_86' title="bbox 1949 4072 3536 4148">
    <p class='ocr_par' dir='ltr' id='par_1_86' title="bbox 1949 4072 3536 4148">
     <span class='ocr_line' id='line_1_86' title="bbox 1949 4072 3536 4148; baseline -0.008 -14"><span class='ocrx_word' id='word_1_593' title='bbox 1949 4079 2045 4147; x_wconf 90' lang='lat' dir='ltr'><strong>rit,</strong></span> <span class='ocrx_word' id='word_1_594' title='bbox 2073 4077 2234 4148; x_wconf 86' lang='lat' dir='ltr'><strong>cujus</strong></span> <span class='ocrx_word' id='word_1_595' title='bbox 2257 4090 2370 4148; x_wconf 76' lang='lat' dir='ltr'><strong>‘ope</strong></span> <span class='ocrx_word' id='word_1_596' title='bbox 2395 4077 2460 4132; x_wconf 88' lang='lat' dir='ltr'><strong>ad</strong></span> <span class='ocrx_word' id='word_1_597' title='bbox 2491 4077 2740 4132; x_wconf 87' lang='lat' dir='ltr'><strong>divinam</strong></span> <span class='ocrx_word' id='word_1_598' title='bbox 2769 4076 3095 4132; x_wconf 78' lang='lat' dir='ltr'><strong>eharitatem</strong></span> <span class='ocrx_word' id='word_1_599' title='bbox 3123 4072 3332 4142; x_wconf 84' lang='lat' dir='ltr'><strong>aspiret</strong></span> <span class='ocrx_word' id='word_1_600' title='bbox 3360 4088 3374 4124; x_wconf 92' lang='lat'><strong>:</strong></span> <span class='ocrx_word' id='word_1_601' title='bbox 3410 4086 3536 4125; x_wconf 87' lang='lat' dir='ltr'><strong>cum</strong></span> 
     </span>
    </p>
   </div>
   <div class='ocr_carea' id='block_1_87' title="bbox 1949 4166 3540 4245">
    <p class='ocr_par' dir='ltr' id='par_1_87' title="bbox 1949 4166 3540 4245">
     <span class='ocr_line' id='line_1_87' title="bbox 1949 4166 3540 4245; baseline -0.008 -15"><span class='ocrx_word' id='word_1_602' title='bbox 1949 4175 1998 4232; x_wconf 88' lang='lat' dir='ltr'><strong>is</strong></span> <span class='ocrx_word' id='word_1_603' title='bbox 2027 4174 2382 4245; x_wconf 88' lang='lat' dir='ltr'><strong>potissimum</strong></span> <span class='ocrx_word' id='word_1_604' title='bbox 2413 4173 2726 4227; x_wconf 83' lang='lat' dir='ltr'><strong>vehementi</strong></span> <span class='ocrx_word' id='word_1_605' title='bbox 2757 4172 2948 4226; x_wconf 85' lang='lat' dir='ltr'><strong>ardeat</strong></span> <span class='ocrx_word' id='word_1_606' title='bbox 2973 4168 3271 4232; x_wconf 86' lang='lat' dir='ltr'><strong>desiderio,</strong></span> <span class='ocrx_word' id='word_1_607' title='bbox 3299 4174 3354 4220; x_wconf 81' lang='lat' dir='ltr'><strong>et</strong></span> <span class='ocrx_word' id='word_1_608' title='bbox 3383 4166 3450 4222; x_wconf 88' lang='lat' dir='ltr'><strong>ad</strong></span> <span class='ocrx_word' id='word_1_609' title='bbox 3476 4180 3540 4220; x_wconf 91' lang='lat' dir='ltr'><strong>ea</strong></span> 
     </span>
    </p>
   </div>
   <div class='ocr_carea' id='block_1_88' title="bbox 1949 4261 3545 4338">
    <p class='ocr_par' dir='ltr' id='par_1_88' title="bbox 1949 4261 3545 4338">
     <span class='ocr_line' id='line_1_88' title="bbox 1949 4261 3545 4338; baseline -0.006 -16"><span class='ocrx_word' id='word_1_610' title='bbox 1949 4267 2308 4322; x_wconf 87' lang='lat' dir='ltr'><strong>inclinatione</strong></span> <span class='ocrx_word' id='word_1_611' title='bbox 2351 4265 2556 4338; x_wconf 88' lang='lat' dir='ltr'><strong>optima</strong></span> <span class='ocrx_word' id='word_1_612' title='bbox 2605 4265 2811 4328; x_wconf 89' lang='lat' dir='ltr'><strong>tendat,</strong></span> <span class='ocrx_word' id='word_1_613' title='bbox 2845 4279 2968 4334; x_wconf 69' lang='lat' dir='ltr'><strong>qua:</strong></span> <span class='ocrx_word' id='word_1_614' title='bbox 3005 4271 3189 4318; x_wconf 90' lang='lat' dir='ltr'><strong>mente</strong></span> <span class='ocrx_word' id='word_1_615' title='bbox 3232 4261 3545 4332; x_wconf 86' lang='lat' dir='ltr'><strong>percipiun-</strong></span> 
     </span>
    </p>
   </div>
   <div class='ocr_carea' id='block_1_89' title="bbox 1949 4352 3545 4426">
    <p class='ocr_par' dir='ltr' id='par_1_89' title="bbox 1949 4352 3545 4426">
     <span class='ocr_line' id='line_1_89' title="bbox 1949 4352 3545 4426; baseline -0.004 -14"><span class='ocrx_word' id='word_1_616' title='bbox 1949 4367 2063 4423; x_wconf 90' lang='lat' dir='ltr'><strong>tur,</strong></span> <span class='ocrx_word' id='word_1_617' title='bbox 2090 4365 2145 4412; x_wconf 90' lang='lat' dir='ltr'><strong>et</strong></span> <span class='ocrx_word' id='word_1_618' title='bbox 2177 4357 2362 4412; x_wconf 86' lang='lat' dir='ltr'><strong>divina</strong></span> <span class='ocrx_word' id='word_1_619' title='bbox 2401 4365 2551 4412; x_wconf 87' lang='lat' dir='ltr'><strong>sunt.</strong></span> <span class='ocrx_word' id='word_1_620' title='bbox 2587 4356 2806 4412; x_wconf 77' lang='lat' dir='ltr'><strong>Rationi</strong></span> <span class='ocrx_word' id='word_1_621' title='bbox 2836 4355 3110 4426; x_wconf 88' lang='lat' dir='ltr'><strong>siquidem</strong></span> <span class='ocrx_word' id='word_1_622' title='bbox 3157 4354 3214 4408; x_wconf 89' lang='lat' dir='ltr'><strong>in</strong></span> <span class='ocrx_word' id='word_1_623' title='bbox 3250 4352 3545 4408; x_wconf 83' lang='lat' dir='ltr'><strong>irrationa-</strong></span> 
     </span>
    </p>
   </div>
   <div class='ocr_carea' id='block_1_90' title="bbox 1948 4445 3545 4520">
    <p class='ocr_par' dir='ltr' id='par_1_90' title="bbox 1948 4445 3545 4520">
     <span class='ocr_line' id='line_1_90' title="bbox 1948 4445 3545 4520; baseline -0.006 -14"><span class='ocrx_word' id='word_1_624' title='bbox 1948 4451 2090 4508; x_wconf 86' lang='lat' dir='ltr'><strong>biles</strong></span> <span class='ocrx_word' id='word_1_625' title='bbox 2123 4449 2458 4520; x_wconf 89' lang='lat' dir='ltr'><strong>cupiditates</strong></span> <span class='ocrx_word' id='word_1_626' title='bbox 2499 4449 2737 4519; x_wconf 70' lang='lat' dir='ltr'><strong>delapsae</strong></span> <span class='ocrx_word' id='word_1_627' title='bbox 2777 4449 2982 4503; x_wconf 74' lang='lat' dir='ltr'><strong>nullam</strong></span> <span class='ocrx_word' id='word_1_628' title='bbox 3017 4447 3293 4518; x_wconf 88' lang='lat' dir='ltr'><strong>appetitus</strong></span> <span class='ocrx_word' id='word_1_629' title='bbox 3337 4445 3545 4500; x_wconf 82' lang='lat' dir='ltr'><strong>utilita-</strong></span> 
     </span>
    </p>
   </div>
   <div class='ocr_carea' id='block_1_91' title="bbox 259 4537 1841 4612">
    <p class='ocr_par' dir='ltr' id='par_1_91' title="bbox 259 4537 1841 4610">
     <span class='ocr_line' id='line_1_91' title="bbox 259 4537 1841 4610; baseline 0.002 -21"><span class='ocrx_word' id='word_1_630' title='bbox 259 4539 340 4600; x_wconf 75' lang='grc' dir='ltr'><strong>εἰς</strong></span> <span class='ocrx_word' id='word_1_631' title='bbox 370 4537 714 4608; x_wconf 86' lang='grc' dir='ltr'>παραλόγους</span> <span class='ocrx_word' id='word_1_632' title='bbox 754 4537 1083 4609; x_wconf 75' lang='grc' dir='ltr'>ἐνθυμήσεις</span> <span class='ocrx_word' id='word_1_633' title='bbox 1119 4537 1196 4608; x_wconf 83' lang='grc' dir='ltr'><strong>τῷ</strong></span> <span class='ocrx_word' id='word_1_634' title='bbox 1233 4537 1528 4609; x_wconf 82' lang='grc' dir='ltr'>λογιστικῷ</span> <span class='ocrx_word' id='word_1_635' title='bbox 1567 4539 1748 4610; x_wconf 82' lang='grc' dir='ltr'>μέρει,</span> <span class='ocrx_word' id='word_1_636' title='bbox 1788 4540 1841 4592; x_wconf 67' lang='grc' dir='ltr'>τὲ</span> 
     </span>
    </p>
   </div>
   <div class='ocr_carea' id='block_1_92' title="bbox 1945 4537 3546 4612">
    <p class='ocr_par' dir='ltr' id='par_1_92' title="bbox 1955 4537 3546 4612">
     <span class='ocr_line' id='line_1_92' title="bbox 1955 4537 3546 4612; baseline -0.006 -15"><span class='ocrx_word' id='word_1_637' title='bbox 1955 4551 2064 4598; x_wconf 92' lang='lat' dir='ltr'><strong>tem</strong></span> <span class='ocrx_word' id='word_1_638' title='bbox 2096 4540 2488 4612; x_wconf 85' lang='lat' dir='ltr'><strong>suppeditabit,</strong></span> <span class='ocrx_word' id='word_1_639' title='bbox 2525 4553 2816 4610; x_wconf 88' lang='lat' dir='ltr'><strong>postquam</strong></span> <span class='ocrx_word' id='word_1_640' title='bbox 2850 4539 2958 4593; x_wconf 87' lang='lat' dir='ltr'><strong>vim</strong></span> <span class='ocrx_word' id='word_1_641' title='bbox 2991 4553 3148 4594; x_wconf 88' lang='lat' dir='ltr'><strong>suam</strong></span> <span class='ocrx_word' id='word_1_642' title='bbox 3177 4537 3546 4605; x_wconf 61' lang='lat' dir='ltr'><strong>virtutemque</strong></span> 
     </span>
    </p>
   </div>
   <div class='ocr_carea' id='block_1_93' title="bbox 262 4626 1853 4699">
    <p class='ocr_par' dir='ltr' id='par_1_93' title="bbox 262 4626 1853 4699">
     <span class='ocr_line' id='line_1_93' title="bbox 262 4626 1853 4699; baseline 0.001 -19"><span class='ocrx_word' id='word_1_643' title='bbox 262 4627 664 4699; x_wconf 77' lang='grc' dir='ltr'>ἐπιθυμητικὸν</span> <span class='ocrx_word' id='word_1_644' title='bbox 699 4626 955 4698; x_wconf 80' lang='grc' dir='ltr'>οὐδεμίαν</span> <span class='ocrx_word' id='word_1_645' title='bbox 985 4626 1256 4696; x_wconf 79' lang='grc' dir='ltr'>ὠφέλειαν</span> <span class='ocrx_word' id='word_1_646' title='bbox 1300 4628 1707 4699; x_wconf 81' lang='grc' dir='ltr'>πρυτανεύσει’</span> <span class='ocrx_word' id='word_1_647' title='bbox 1755 4629 1853 4682; x_wconf 83' lang='grc' dir='ltr'>ἆτε</span> 
     </span>
    </p>
   </div>
   <div class='ocr_carea' id='block_1_94' title="bbox 259 4717 1856 4789">
    <p class='ocr_par' dir='ltr' id='par_1_94' title="bbox 259 4717 1856 4789">
     <span class='ocr_line' id='line_1_94' title="bbox 259 4717 1856 4789; baseline 0.003 -19"><span class='ocrx_word' id='word_1_648' title='bbox 259 4717 326 4789; x_wconf 84' lang='grc' dir='ltr'>δὴ</span> <span class='ocrx_word' id='word_1_649' title='bbox 343 4719 442 4788; x_wconf 84' lang='grc' dir='ltr'>τὴν</span> <span class='ocrx_word' id='word_1_650' title='bbox 484 4719 621 4772; x_wconf 87' lang='grc' dir='ltr'>ἰδίαν</span> <span class='ocrx_word' id='word_1_651' title='bbox 657 4718 934 4773; x_wconf 85' lang='grc' dir='ltr'>ἀπολέσαν</span> <span class='ocrx_word' id='word_1_652' title='bbox 963 4718 1272 4789; x_wconf 78' lang='grc' dir='ltr'>ἐνέργειαν.</span> <span class='ocrx_word' id='word_1_653' title='bbox 1305 4718 1379 4772; x_wconf 67' lang='lat' dir='ltr'><strong>re</strong></span> <span class='ocrx_word' id='word_1_654' title='bbox 1411 4719 1546 4773; x_wconf 79' lang='grc' dir='ltr'>αὐτὸ</span> <span class='ocrx_word' id='word_1_655' title='bbox 1592 4719 1648 4772; x_wconf 79' lang='grc' dir='ltr'>δὲ</span> <span class='ocrx_word' id='word_1_656' title='bbox 1694 4720 1856 4775; x_wconf 88' lang='grc' dir='ltr'>τοῦτο</span> 
     </span>
    </p>
   </div>
   <div class='ocr_carea' id='block_1_95' title="bbox 262 4809 1853 4884">
    <p class='ocr_par' dir='ltr' id='par_1_95' title="bbox 262 4809 1853 4884">
     <span class='ocr_line' id='line_1_95' title="bbox 262 4809 1853 4884; baseline 0.004 -22"><span class='ocrx_word' id='word_1_657' title='bbox 262 4809 528 4881; x_wconf 82' lang='grc' dir='ltr'>θεώρημα</span> <span class='ocrx_word' id='word_1_658' title='bbox 557 4810 899 4880; x_wconf 80' lang='grc' dir='ltr'>ληφθήσεται</span> <span class='ocrx_word' id='word_1_659' title='bbox 933 4813 1068 4866; x_wconf 73' lang='grc' dir='ltr'>κάπὶ</span> <span class='ocrx_word' id='word_1_660' title='bbox 1101 4813 1199 4882; x_wconf 78' lang='grc' dir='ltr'>τῆς</span> <span class='ocrx_word' id='word_1_661' title='bbox 1230 4811 1337 4867; x_wconf 84' lang='grc' dir='ltr'><strong>τῶν</strong></span> <span class='ocrx_word' id='word_1_662' title='bbox 1387 4811 1714 4884; x_wconf 74' lang='grc' dir='ltr'>ἀμφοτέρων</span> <span class='ocrx_word' id='word_1_663' title='bbox 1751 4831 1853 4868; x_wconf 87' lang='grc' dir='ltr'>κα-</span> 
     </span>
    </p>
   </div>
   <div class='ocr_carea' id='block_1_96' title="bbox 262 4901 1854 4975">
    <p class='ocr_par' dir='ltr' id='par_1_96' title="bbox 262 4901 1854 4975">
     <span class='ocr_line' id='line_1_96' title="bbox 262 4901 1854 4975; baseline 0.006 -21"><span class='ocrx_word' id='word_1_664' title='bbox 262 4901 588 4974; x_wconf 83' lang='grc' dir='ltr'>θευδήσεως,</span> <span class='ocrx_word' id='word_1_665' title='bbox 623 4905 717 4958; x_wconf 77' lang='grc' dir='ltr'>καὶ</span> <span class='ocrx_word' id='word_1_666' title='bbox 768 4905 868 4974; x_wconf 83' lang='grc' dir='ltr'>τῆς</span> <span class='ocrx_word' id='word_1_667' title='bbox 893 4905 984 4959; x_wconf 84' lang='grc' dir='ltr'><strong>τοῦ</strong></span> <span class='ocrx_word' id='word_1_668' title='bbox 1018 4907 1166 4968; x_wconf 81' lang='grc' dir='ltr'>ἑνός’</span> <span class='ocrx_word' id='word_1_669' title='bbox 1199 4907 1227 4958; x_wconf 83' lang='grc' dir='ltr'>ὁ</span> <span class='ocrx_word' id='word_1_670' title='bbox 1257 4904 1311 4958; x_wconf 86' lang='grc' dir='ltr'><strong>δέ</strong></span> <span class='ocrx_word' id='word_1_671' title='bbox 1342 4922 1478 4975; x_wconf 80' lang='grc' dir='ltr'>φησι</span> <span class='ocrx_word' id='word_1_672' title='bbox 1506 4923 1521 4938; x_wconf 80' lang='grc' dir='ltr'><strong>ο</strong></span> <span class='ocrx_word' id='word_1_673' title='bbox 1555 4923 1574 4956; x_wconf 75' lang='grc' dir='ltr'><strong>ι</strong></span> <span class='ocrx_word' id='word_1_674' title='bbox 1615 4907 1726 4960; x_wconf 84' lang='grc' dir='ltr'>Καὶ</span> <span class='ocrx_word' id='word_1_675' title='bbox 1759 4909 1854 4962; x_wconf 76' lang='grc' dir='ltr'><strong>ἐὰν</strong></span> 
     </span>
    </p>
   </div>
   <div class='ocr_carea' id='block_1_97' title="bbox 263 4994 1855 5069">
    <p class='ocr_par' dir='ltr' id='par_1_97' title="bbox 263 4994 1855 5069">
     <span class='ocr_line' id='line_1_97' title="bbox 263 4994 1855 5069; baseline 0.005 -23"><span class='ocrx_word' id='word_1_676' title='bbox 263 4995 679 5069; x_wconf 80' lang='grc' dir='ltr'>ὲπικραταιωθῇ</span> <span class='ocrx_word' id='word_1_677' title='bbox 710 4998 739 5050; x_wconf 87' lang='grc' dir='ltr'><strong>ό</strong></span> <span class='ocrx_word' id='word_1_678' title='bbox 771 4994 876 5064; x_wconf 75' lang='grc' dir='ltr'>εἷς,</span> <span class='ocrx_word' id='word_1_679' title='bbox 904 5001 952 5053; x_wconf 82' lang='lat' dir='ltr'><strong>oi</strong></span> <span class='ocrx_word' id='word_1_680' title='bbox 981 4997 1074 5050; x_wconf 78' lang='grc' dir='ltr'><strong>δύο</strong></span> <span class='ocrx_word' id='word_1_681' title='bbox 1105 4997 1398 5068; x_wconf 82' lang='grc' dir='ltr'>στήσονται</span> <span class='ocrx_word' id='word_1_682' title='bbox 1435 4997 1724 5053; x_wconf 86' lang='grc' dir='ltr'>κατέναντι</span> <span class='ocrx_word' id='word_1_683' title='bbox 1755 5001 1855 5054; x_wconf 82' lang='grc' dir='ltr'><strong>αὐ-</strong></span> 
     </span>
    </p>
   </div>
   <div class='ocr_carea' id='block_1_98' title="bbox 261 5089 1856 5162">
    <p class='ocr_par' dir='ltr' id='par_1_98' title="bbox 261 5089 1856 5162">
     <span class='ocr_line' id='line_1_98' title="bbox 261 5089 1856 5162; baseline 0.003 -20"><span class='ocrx_word' id='word_1_684' title='bbox 261 5089 380 5156; x_wconf 89' lang='grc' dir='ltr'>τοῦ,</span> <span class='ocrx_word' id='word_1_685' title='bbox 421 5109 439 5140; x_wconf 75' lang='grc' dir='ltr'><strong>ι</strong></span> <span class='ocrx_word' id='word_1_686' title='bbox 483 5091 582 5144; x_wconf 77' lang='grc' dir='ltr'>καὶ</span> <span class='ocrx_word' id='word_1_687' title='bbox 603 5091 665 5144; x_wconf 82' lang='grc' dir='ltr'>τὸ</span> <span class='ocrx_word' id='word_1_688' title='bbox 695 5091 928 5162; x_wconf 78' lang='grc' dir='ltr'>θυμικὸν</span> <span class='ocrx_word' id='word_1_689' title='bbox 962 5091 1300 5162; x_wconf 86' lang='grc' dir='ltr'>παρεισάγει</span> <span class='ocrx_word' id='word_1_690' title='bbox 1337 5091 1436 5157; x_wconf 83' lang='grc' dir='ltr'>τῆς</span> <span class='ocrx_word' id='word_1_691' title='bbox 1456 5089 1640 5161; x_wconf 83' lang='grc' dir='ltr'>ψυχῆς</span> <span class='ocrx_word' id='word_1_692' title='bbox 1669 5092 1856 5162; x_wconf 89' lang='grc' dir='ltr'>μέρος,</span> 
     </span>
    </p>
   </div>
   <div class='ocr_carea' id='block_1_99' title="bbox 265 5179 1854 5254">
    <p class='ocr_par' dir='ltr' id='par_1_99' title="bbox 265 5179 1854 5254">
     <span class='ocr_line' id='line_1_99' title="bbox 265 5179 1854 5254; baseline 0.003 -21"><span class='ocrx_word' id='word_1_693' title='bbox 265 5183 346 5244; x_wconf 83' lang='grc' dir='ltr'><strong>είς</strong></span> <span class='ocrx_word' id='word_1_694' title='bbox 393 5179 648 5251; x_wconf 77' lang='grc' dir='ltr'>βοήθειαν</span> <span class='ocrx_word' id='word_1_695' title='bbox 675 5182 1070 5254; x_wconf 84' lang='grc' dir='ltr'>εὑρισκόμενον</span> <span class='ocrx_word' id='word_1_696' title='bbox 1095 5181 1190 5236; x_wconf 86' lang='grc' dir='ltr'><strong>τοῦ</strong></span> <span class='ocrx_word' id='word_1_697' title='bbox 1219 5181 1531 5250; x_wconf 83' lang='grc' dir='ltr'>λογιστικοῦ</span> <span class='ocrx_word' id='word_1_698' title='bbox 1572 5182 1854 5252; x_wconf 85' lang='grc' dir='ltr'>πολλάκις,</span> 
     </span>
    </p>
   </div>
   <div class='ocr_carea' id='block_1_100' title="bbox 266 5269 1856 5346">
    <p class='ocr_par' dir='ltr' id='par_1_100' title="bbox 266 5269 1856 5346">
     <span class='ocr_line' id='line_1_100' title="bbox 266 5269 1856 5346; baseline 0.004 -22"><span class='ocrx_word' id='word_1_699' title='bbox 266 5269 300 5342; x_wconf 81' lang='grc' dir='ltr'>ἢ</span> <span class='ocrx_word' id='word_1_700' title='bbox 328 5271 422 5326; x_wconf 91' lang='grc' dir='ltr'><strong>τοῦ</strong></span> <span class='ocrx_word' id='word_1_701' title='bbox 456 5272 861 5344; x_wconf 78' lang='grc' dir='ltr'>ἐπιθυμητικοῦ</span> <span class='ocrx_word' id='word_1_702' title='bbox 897 5274 1033 5346; x_wconf 82' lang='grc' dir='ltr'>πρὸς</span> <span class='ocrx_word' id='word_1_703' title='bbox 1065 5275 1164 5346; x_wconf 83' lang='grc' dir='ltr'><strong>τὴν</strong></span> <span class='ocrx_word' id='word_1_704' title='bbox 1190 5273 1284 5328; x_wconf 90' lang='grc' dir='ltr'><strong>τοῦ</strong></span> <span class='ocrx_word' id='word_1_705' title='bbox 1323 5274 1572 5329; x_wconf 77' lang='grc' dir='ltr'>διαϐόλου</span> <span class='ocrx_word' id='word_1_706' title='bbox 1618 5277 1714 5331; x_wconf 75' lang='grc' dir='ltr'>καὶ</span> <span class='ocrx_word' id='word_1_707' title='bbox 1745 5276 1856 5331; x_wconf 87' lang='grc' dir='ltr'><strong>τῶν</strong></span> 
     </span>
    </p>
   </div>
   <div class='ocr_carea' id='block_1_101' title="bbox 267 5361 1856 5439">
    <p class='ocr_par' dir='ltr' id='par_1_101' title="bbox 267 5361 1856 5439">
     <span class='ocr_line' id='line_1_101' title="bbox 267 5361 1856 5439; baseline 0.004 -22"><span class='ocrx_word' id='word_1_708' title='bbox 267 5361 442 5434; x_wconf 78' lang='grc' dir='ltr'>ἔργων</span> <span class='ocrx_word' id='word_1_709' title='bbox 472 5365 640 5419; x_wconf 89' lang='grc' dir='ltr'>αὐτοῦ</span> <span class='ocrx_word' id='word_1_710' title='bbox 670 5367 999 5438; x_wconf 87' lang='grc' dir='ltr'>κινουμένην</span> <span class='ocrx_word' id='word_1_711' title='bbox 1031 5369 1222 5439; x_wconf 78' lang='grc' dir='ltr'>ὀργὴν,</span> <span class='ocrx_word' id='word_1_712' title='bbox 1267 5367 1298 5436; x_wconf 81' lang='grc' dir='ltr'>ἦ</span> <span class='ocrx_word' id='word_1_713' title='bbox 1335 5368 1484 5437; x_wconf 80' lang='grc' dir='ltr'>παρὰ</span> <span class='ocrx_word' id='word_1_714' title='bbox 1515 5368 1612 5422; x_wconf 86' lang='grc' dir='ltr'><strong>τοῦ</strong></span> <span class='ocrx_word' id='word_1_715' title='bbox 1645 5368 1856 5438; x_wconf 76' lang='grc' dir='ltr'>λογιζο-</span> 
     </span>
    </p>
   </div>
   <div class='ocr_carea' id='block_1_102' title="bbox 273 5455 1855 5530">
    <p class='ocr_par' dir='ltr' id='par_1_102' title="bbox 273 5455 1855 5530">
     <span class='ocr_line' id='line_1_102' title="bbox 273 5455 1855 5530; baseline 0.004 -23"><span class='ocrx_word' id='word_1_716' title='bbox 273 5455 434 5524; x_wconf 87' lang='grc' dir='ltr'>μένου</span> <span class='ocrx_word' id='word_1_717' title='bbox 481 5457 542 5510; x_wconf 83' lang='grc' dir='ltr'><strong>τὸ</strong></span> <span class='ocrx_word' id='word_1_718' title='bbox 581 5459 850 5527; x_wconf 78' lang='grc' dir='ltr'>κρεῖττον,</span> <span class='ocrx_word' id='word_1_719' title='bbox 881 5459 915 5529; x_wconf 80' lang='grc' dir='ltr'><strong>ἢ</strong></span> <span class='ocrx_word' id='word_1_720' title='bbox 954 5458 1108 5530; x_wconf 74' lang='grc' dir='ltr'>παρὰ</span> <span class='ocrx_word' id='word_1_721' title='bbox 1155 5457 1250 5512; x_wconf 87' lang='grc' dir='ltr'><strong>τοῦ</strong></span> <span class='ocrx_word' id='word_1_722' title='bbox 1303 5459 1705 5530; x_wconf 78' lang='grc' dir='ltr'>ἐπιθυμοῦντος</span> <span class='ocrx_word' id='word_1_723' title='bbox 1745 5459 1855 5514; x_wconf 85' lang='grc' dir='ltr'><strong>τῶν</strong></span> 
     </span>
    </p>
   </div>
   <div class='ocr_carea' id='block_1_103' title="bbox 268 5546 1852 5622">
    <p class='ocr_par' dir='ltr' id='par_1_103' title="bbox 268 5546 1852 5622">
     <span class='ocr_line' id='line_1_103' title="bbox 268 5546 1852 5622; baseline 0.004 -22"><span class='ocrx_word' id='word_1_724' title='bbox 268 5546 591 5618; x_wconf 77' lang='grc' dir='ltr'>ἀμεινόνων.</span> <span class='ocrx_word' id='word_1_725' title='bbox 624 5549 748 5603; x_wconf 90' lang='grc' dir='ltr'><strong>Τῶν</strong></span> <span class='ocrx_word' id='word_1_726' title='bbox 779 5549 835 5602; x_wconf 81' lang='grc' dir='ltr'><strong>δὲ</strong></span> <span class='ocrx_word' id='word_1_727' title='bbox 883 5549 1052 5622; x_wconf 85' lang='grc' dir='ltr'>τριῶν</span> <span class='ocrx_word' id='word_1_728' title='bbox 1111 5553 1318 5604; x_wconf 86' lang='grc' dir='ltr'>τούτων</span> <span class='ocrx_word' id='word_1_729' title='bbox 1369 5551 1469 5621; x_wconf 83' lang='grc' dir='ltr'><strong>τὴν</strong></span> <span class='ocrx_word' id='word_1_730' title='bbox 1529 5548 1852 5622; x_wconf 79' lang='grc' dir='ltr'>συμφωνίαν</span> 
     </span>
    </p>
   </div>
   <div class='ocr_carea' id='block_1_104' title="bbox 342 5707 1861 5792">
    <p class='ocr_par' dir='ltr' id='par_1_104' title="bbox 342 5707 1861 5792">
     <span class='ocr_line' id='line_1_104' title="bbox 342 5707 1861 5792; baseline 0.003 -30"><span class='ocrx_word' id='word_1_731' title='bbox 342 5708 456 5792; x_wconf 60' lang='grc'>(84)</span> <span class='ocrx_word' id='word_1_732' title='bbox 496 5707 598 5792; x_wconf 65' lang='lat' dir='ltr'><strong>Hie</strong></span> <span class='ocrx_word' id='word_1_733' title='bbox 644 5725 776 5792; x_wconf 70' lang='lat' dir='ltr'><strong>vero</strong></span> <span class='ocrx_word' id='word_1_734' title='bbox 819 5710 1196 5792; x_wconf 76' lang='lat' dir='ltr'><strong>Olympiodori</strong></span> <span class='ocrx_word' id='word_1_735' title='bbox 1244 5712 1648 5792; x_wconf 63' lang='lat' dir='ltr'><strong>auctoritatem</strong></span> <span class='ocrx_word' id='word_1_736' title='bbox 1675 5720 1731 5792; x_wconf 78' lang='lat' dir='ltr'><strong>et</strong></span> <span class='ocrx_word' id='word_1_737' title='bbox 1767 5712 1861 5768; x_wconf 88' lang='lat' dir='ltr'><strong>do-</strong></span> 
     </span>
    </p>
   </div>
   <div class='ocr_carea' id='block_1_105' title="bbox 272 5781 1857 5852">
    <p class='ocr_par' dir='ltr' id='par_1_105' title="bbox 272 5781 1857 5852">
     <span class='ocr_line' id='line_1_105' title="bbox 272 5781 1857 5852; baseline 0.001 -17"><span class='ocrx_word' id='word_1_738' title='bbox 272 5781 504 5852; x_wconf 83' lang='lat' dir='ltr'><strong>ctrinam</strong></span> <span class='ocrx_word' id='word_1_739' title='bbox 529 5781 838 5836; x_wconf 86' lang='lat' dir='ltr'><strong>clanculum</strong></span> <span class='ocrx_word' id='word_1_740' title='bbox 872 5781 1237 5852; x_wconf 75' lang='lat' dir='ltr'><strong>amplexatur.</strong></span> <span class='ocrx_word' id='word_1_741' title='bbox 1272 5784 1362 5852; x_wconf 88' lang='lat' dir='ltr'><strong>qui</strong></span> <span class='ocrx_word' id='word_1_742' title='bbox 1394 5783 1516 5836; x_wconf 88' lang='lat' dir='ltr'><strong>aliis</strong></span> <span class='ocrx_word' id='word_1_743' title='bbox 1537 5783 1720 5837; x_wconf 83' lang='lat' dir='ltr'><strong>verbis</strong></span> <span class='ocrx_word' id='word_1_744' title='bbox 1743 5799 1857 5837; x_wconf 87' lang='lat' dir='ltr'><strong>rem</strong></span> 
     </span>
    </p>
   </div>
   <div class='ocr_carea' id='block_1_106' title="bbox 273 5851 1861 5926">
    <p class='ocr_par' dir='ltr' id='par_1_106' title="bbox 273 5851 1861 5926">
     <span class='ocr_line' id='line_1_106' title="bbox 273 5851 1861 5926; baseline 0 -17"><span class='ocrx_word' id='word_1_745' title='bbox 273 5851 522 5909; x_wconf 75' lang='lat' dir='ltr'><strong>eamdem</strong></span> <span class='ocrx_word' id='word_1_746' title='bbox 568 5853 940 5922; x_wconf 81' lang='lat' dir='ltr'><strong>persequitur,</strong></span> <span class='ocrx_word' id='word_1_747' title='bbox 966 5851 1144 5924; x_wconf 13' lang='lat' dir='ltr'><strong>ﬁatque</strong></span> <span class='ocrx_word' id='word_1_748' title='bbox 1185 5871 1215 5910; x_wconf 87' lang='lat' dir='ltr'><strong>e</strong></span> <span class='ocrx_word' id='word_1_749' title='bbox 1259 5851 1492 5911; x_wconf 83' lang='lat' dir='ltr'><strong>duarum</strong></span> <span class='ocrx_word' id='word_1_750' title='bbox 1542 5853 1700 5924; x_wconf 84' lang='lat' dir='ltr'><strong>quasi</strong></span> <span class='ocrx_word' id='word_1_751' title='bbox 1741 5870 1861 5926; x_wconf 81' lang='lat' dir='ltr'><strong>par-</strong></span> 
     </span>
    </p>
   </div>
   <div class='ocr_carea' id='block_1_107' title="bbox 1953 4628 3547 4706">
    <p class='ocr_par' dir='ltr' id='par_1_107' title="bbox 1953 4628 3547 4706">
     <span class='ocr_line' id='line_1_107' title="bbox 1953 4628 3547 4706; baseline -0.006 -16"><span class='ocrx_word' id='word_1_752' title='bbox 1953 4634 2269 4706; x_wconf 86' lang='lat' dir='ltr'><strong>perdiderit.</strong></span> <span class='ocrx_word' id='word_1_753' title='bbox 2301 4633 2595 4688; x_wconf 85' lang='lat' dir='ltr'><strong>Enimvero</strong></span> <span class='ocrx_word' id='word_1_754' title='bbox 2632 4631 3016 4688; x_wconf 85' lang='lat' dir='ltr'><strong>consideratio</strong></span> <span class='ocrx_word' id='word_1_755' title='bbox 3042 4629 3360 4700; x_wconf 82' lang='lat' dir='ltr'><strong>hujusumdi</strong></span> <span class='ocrx_word' id='word_1_756' title='bbox 3393 4628 3446 4682; x_wconf 89' lang='lat' dir='ltr'><strong>in</strong></span> <span class='ocrx_word' id='word_1_757' title='bbox 3478 4628 3547 4682; x_wconf 84' lang='lat' dir='ltr'><strong>iis</strong></span> 
     </span>
    </p>
   </div>
   <div class='ocr_carea' id='block_1_108' title="bbox 1952 4717 3544 4796">
    <p class='ocr_par' dir='ltr' id='par_1_108' title="bbox 1952 4717 3544 4796">
     <span class='ocr_line' id='line_1_108' title="bbox 1952 4717 3544 4796; baseline -0.006 -15"><span class='ocrx_word' id='word_1_758' title='bbox 1952 4740 2175 4796; x_wconf 91' lang='lat' dir='ltr'><strong>quoque</strong></span> <span class='ocrx_word' id='word_1_759' title='bbox 2194 4728 2378 4780; x_wconf 89' lang='lat' dir='ltr'><strong>locum</strong></span> <span class='ocrx_word' id='word_1_760' title='bbox 2407 4725 2630 4789; x_wconf 88' lang='lat' dir='ltr'><strong>habeat,</strong></span> <span class='ocrx_word' id='word_1_761' title='bbox 2655 4739 2780 4795; x_wconf 88' lang='lat' dir='ltr'><strong>quae</strong></span> <span class='ocrx_word' id='word_1_762' title='bbox 2805 4723 2872 4778; x_wconf 90' lang='lat' dir='ltr'><strong>de</strong></span> <span class='ocrx_word' id='word_1_763' title='bbox 2896 4723 3232 4776; x_wconf 88' lang='lat' dir='ltr'><strong>dormitione</strong></span> <span class='ocrx_word' id='word_1_764' title='bbox 3256 4717 3544 4774; x_wconf 78' lang='lat' dir='ltr'><strong>amborum</strong></span> 
     </span>
    </p>
   </div>
   <div class='ocr_carea' id='block_1_109' title="bbox 1951 4810 3545 4887">
    <p class='ocr_par' dir='ltr' id='par_1_109' title="bbox 1951 4810 3545 4887">
     <span class='ocr_line' id='line_1_109' title="bbox 1951 4810 3545 4887; baseline -0.007 -13"><span class='ocrx_word' id='word_1_765' title='bbox 1951 4827 2006 4874; x_wconf 89' lang='lat' dir='ltr'><strong>et</strong></span> <span class='ocrx_word' id='word_1_766' title='bbox 2060 4819 2226 4872; x_wconf 89' lang='lat' dir='ltr'><strong>unius</strong></span> <span class='ocrx_word' id='word_1_767' title='bbox 2270 4817 2484 4887; x_wconf 88' lang='lat' dir='ltr'><strong>prolata</strong></span> <span class='ocrx_word' id='word_1_768' title='bbox 2519 4827 2670 4872; x_wconf 90' lang='lat' dir='ltr'><strong>sunt.</strong></span> <span class='ocrx_word' id='word_1_769' title='bbox 2707 4814 2862 4882; x_wconf 83' lang='lat' dir='ltr'><strong>Quod</strong></span> <span class='ocrx_word' id='word_1_770' title='bbox 2907 4823 3091 4868; x_wconf 90' lang='lat' dir='ltr'><strong>autem</strong></span> <span class='ocrx_word' id='word_1_771' title='bbox 3129 4813 3277 4868; x_wconf 85' lang='lat' dir='ltr'><strong>dicat</strong></span> <span class='ocrx_word' id='word_1_772' title='bbox 3312 4833 3324 4866; x_wconf 87' lang='lat'><strong>:</strong></span> <span class='ocrx_word' id='word_1_773' title='bbox 3356 4829 3374 4862; x_wconf 82' lang='grc' dir='ltr'><strong>ι</strong></span> <span class='ocrx_word' id='word_1_774' title='bbox 3405 4810 3469 4864; x_wconf 84' lang='grc' dir='ltr'>Ει</span> <span class='ocrx_word' id='word_1_775' title='bbox 3499 4811 3545 4865; x_wconf 89' lang='lat' dir='ltr'><strong>si</strong></span> 
     </span>
    </p>
   </div>
   <div class='ocr_carea' id='block_1_110' title="bbox 1953 4907 3548 4972">
    <p class='ocr_par' dir='ltr' id='par_1_110' title="bbox 1953 4907 3548 4972">
     <span class='ocr_line' id='line_1_110' title="bbox 1953 4907 3548 4972; baseline -0.005 -8"><span class='ocrx_word' id='word_1_776' title='bbox 1953 4908 2248 4964; x_wconf 86' lang='lat' dir='ltr'><strong>invaluerit</strong></span> <span class='ocrx_word' id='word_1_777' title='bbox 2293 4923 2458 4972; x_wconf 87' lang='lat' dir='ltr'><strong>unus,</strong></span> <span class='ocrx_word' id='word_1_778' title='bbox 2492 4908 2604 4962; x_wconf 90' lang='lat' dir='ltr'><strong>duo</strong></span> <span class='ocrx_word' id='word_1_779' title='bbox 2647 4909 2872 4962; x_wconf 88' lang='lat' dir='ltr'><strong>stabunt</strong></span> <span class='ocrx_word' id='word_1_780' title='bbox 2902 4907 3164 4961; x_wconf 87' lang='lat' dir='ltr'><strong>adversus</strong></span> <span class='ocrx_word' id='word_1_781' title='bbox 3189 4920 3314 4960; x_wconf 82' lang='lat' dir='ltr'><strong>cum</strong></span> <span class='ocrx_word' id='word_1_782' title='bbox 3335 4944 3350 4968; x_wconf 91' lang='lat'><strong>,</strong></span> <span class='ocrx_word' id='word_1_783' title='bbox 3383 4923 3402 4956; x_wconf 74' lang='grc' dir='ltr'><strong>ι</strong></span> <span class='ocrx_word' id='word_1_784' title='bbox 3441 4907 3548 4957; x_wconf 87' lang='lat' dir='ltr'><strong>ira-</strong></span> 
     </span>
    </p>
   </div>
   <div class='ocr_carea' id='block_1_111' title="bbox 1958 4991 3548 5066">
    <p class='ocr_par' dir='ltr' id='par_1_111' title="bbox 1958 4991 3548 5066">
     <span class='ocr_line' id='line_1_111' title="bbox 1958 4991 3548 5066; baseline -0.006 -10"><span class='ocrx_word' id='word_1_785' title='bbox 1958 4999 2224 5056; x_wconf 75' lang='lat' dir='ltr'><strong>scentium</strong></span> <span class='ocrx_word' id='word_1_786' title='bbox 2255 5011 2476 5066; x_wconf 91' lang='lat' dir='ltr'><strong>quoque</strong></span> <span class='ocrx_word' id='word_1_787' title='bbox 2521 5005 2782 5066; x_wconf 86' lang='lat' dir='ltr'><strong>tanquam</strong></span> <span class='ocrx_word' id='word_1_788' title='bbox 2813 4995 3012 5050; x_wconf 74' lang='lat' dir='ltr'><strong>animae</strong></span> <span class='ocrx_word' id='word_1_789' title='bbox 3049 5005 3260 5064; x_wconf 87' lang='lat' dir='ltr'><strong>partem</strong></span> <span class='ocrx_word' id='word_1_790' title='bbox 3303 4991 3548 5047; x_wconf 87' lang='lat' dir='ltr'><strong>introdu-</strong></span> 
     </span>
    </p>
   </div>
   <div class='ocr_carea' id='block_1_112' title="bbox 1957 5082 3547 5160">
    <p class='ocr_par' dir='ltr' id='par_1_112' title="bbox 1957 5082 3547 5160">
     <span class='ocr_line' id='line_1_112' title="bbox 1957 5082 3547 5160; baseline -0.006 -14"><span class='ocrx_word' id='word_1_791' title='bbox 1957 5091 2052 5158; x_wconf 87' lang='lat' dir='ltr'><strong>cit,</strong></span> <span class='ocrx_word' id='word_1_792' title='bbox 2081 5105 2208 5160; x_wconf 83' lang='lat' dir='ltr'><strong>quae</strong></span> <span class='ocrx_word' id='word_1_793' title='bbox 2234 5103 2377 5158; x_wconf 63' lang='lat' dir='ltr'><strong>saepe</strong></span> <span class='ocrx_word' id='word_1_794' title='bbox 2402 5085 2606 5144; x_wconf 86' lang='lat' dir='ltr'><strong>rationi</strong></span> <span class='ocrx_word' id='word_1_795' title='bbox 2635 5087 2718 5142; x_wconf 86' lang='lat' dir='ltr'><strong>vel</strong></span> <span class='ocrx_word' id='word_1_796' title='bbox 2751 5085 3021 5157; x_wconf 85' lang='lat' dir='ltr'><strong>appetitui</strong></span> <span class='ocrx_word' id='word_1_797' title='bbox 3061 5084 3268 5140; x_wconf 80' lang='lat' dir='ltr'><strong>auxilio</strong></span> <span class='ocrx_word' id='word_1_798' title='bbox 3292 5083 3442 5138; x_wconf 82' lang='lat' dir='ltr'><strong>venit</strong></span> <span class='ocrx_word' id='word_1_799' title='bbox 3478 5082 3547 5136; x_wconf 86' lang='lat' dir='ltr'><strong>ad</strong></span> 
     </span>
    </p>
   </div>
   <div class='ocr_carea' id='block_1_113' title="bbox 1955 5173 3545 5248">
    <p class='ocr_par' dir='ltr' id='par_1_113' title="bbox 1955 5173 3545 5248">
     <span class='ocr_line' id='line_1_113' title="bbox 1955 5173 3545 5248; baseline -0.008 -10"><span class='ocrx_word' id='word_1_800' title='bbox 1955 5181 2095 5238; x_wconf 88' lang='lat' dir='ltr'><strong>iram</strong></span> <span class='ocrx_word' id='word_1_801' title='bbox 2124 5179 2393 5236; x_wconf 84' lang='lat' dir='ltr'><strong>adversus</strong></span> <span class='ocrx_word' id='word_1_802' title='bbox 2421 5177 2704 5234; x_wconf 89' lang='lat' dir='ltr'><strong>diabolum</strong></span> <span class='ocrx_word' id='word_1_803' title='bbox 2746 5177 2978 5248; x_wconf 88' lang='lat' dir='ltr'><strong>ejusque</strong></span> <span class='ocrx_word' id='word_1_804' title='bbox 3027 5185 3203 5246; x_wconf 69' lang='lat' dir='ltr'><strong>erepta</strong></span> <span class='ocrx_word' id='word_1_805' title='bbox 3241 5173 3545 5233; x_wconf 88' lang='lat' dir='ltr'><strong>incitatam,</strong></span> 
     </span>
    </p>
   </div>
   <div class='ocr_carea' id='block_1_114' title="bbox 1955 5267 3544 5345">
    <p class='ocr_par' dir='ltr' id='par_1_114' title="bbox 1955 5267 3544 5345">
     <span class='ocr_line' id='line_1_114' title="bbox 1955 5267 3544 5345; baseline -0.01 -12"><span class='ocrx_word' id='word_1_806' title='bbox 1955 5278 2072 5333; x_wconf 88' lang='lat' dir='ltr'><strong>sive</strong></span> <span class='ocrx_word' id='word_1_807' title='bbox 2108 5275 2257 5345; x_wconf 88' lang='lat' dir='ltr'><strong>quis,</strong></span> <span class='ocrx_word' id='word_1_808' title='bbox 2314 5273 2446 5342; x_wconf 91' lang='lat' dir='ltr'><strong>quid</strong></span> <span class='ocrx_word' id='word_1_809' title='bbox 2482 5271 2837 5342; x_wconf 68' lang='lat' dir='ltr'><strong>praestantius</strong></span> <span class='ocrx_word' id='word_1_810' title='bbox 2881 5271 2952 5324; x_wconf 90' lang='lat' dir='ltr'><strong>sit</strong></span> <span class='ocrx_word' id='word_1_811' title='bbox 3024 5271 3249 5339; x_wconf 81' lang='lat' dir='ltr'><strong>cogitet,</strong></span> <span class='ocrx_word' id='word_1_812' title='bbox 3304 5267 3420 5322; x_wconf 89' lang='lat' dir='ltr'><strong>sive</strong></span> <span class='ocrx_word' id='word_1_813' title='bbox 3459 5280 3544 5327; x_wconf 86' lang='lat' dir='ltr'><strong>ea,</strong></span> 
     </span>
    </p>
   </div>
   <div class='ocr_carea' id='block_1_115' title="bbox 1953 5359 3546 5440">
    <p class='ocr_par' dir='ltr' id='par_1_115' title="bbox 1953 5359 3546 5440">
     <span class='ocr_line' id='line_1_115' title="bbox 1953 5359 3546 5440; baseline -0.008 -18"><span class='ocrx_word' id='word_1_814' title='bbox 1953 5384 2076 5440; x_wconf 68' lang='lat' dir='ltr'><strong>quae</strong></span> <span class='ocrx_word' id='word_1_815' title='bbox 2099 5367 2309 5439; x_wconf 88' lang='lat' dir='ltr'><strong>potiora</strong></span> <span class='ocrx_word' id='word_1_816' title='bbox 2336 5372 2490 5428; x_wconf 88' lang='lat' dir='ltr'><strong>sunt,</strong></span> <span class='ocrx_word' id='word_1_817' title='bbox 2522 5363 2900 5432; x_wconf 88' lang='lat' dir='ltr'><strong>concupiscat.</strong></span> <span class='ocrx_word' id='word_1_818' title='bbox 2929 5361 3138 5418; x_wconf 87' lang='lat' dir='ltr'><strong>llarum</strong></span> <span class='ocrx_word' id='word_1_819' title='bbox 3163 5373 3349 5416; x_wconf 88' lang='lat' dir='ltr'><strong>autem</strong></span> <span class='ocrx_word' id='word_1_820' title='bbox 3383 5359 3546 5414; x_wconf 90' lang='lat' dir='ltr'><strong>trium</strong></span> 
     </span>
    </p>
   </div>
   <div class='ocr_carea' id='block_1_116' title="bbox 1956 5449 3545 5525">
    <p class='ocr_par' dir='ltr' id='par_1_116' title="bbox 1956 5449 3545 5525">
     <span class='ocr_line' id='line_1_116' title="bbox 1956 5449 3545 5525; baseline -0.008 -11"><span class='ocrx_word' id='word_1_821' title='bbox 1956 5461 2121 5516; x_wconf 86' lang='lat' dir='ltr'><strong>veluti</strong></span> <span class='ocrx_word' id='word_1_822' title='bbox 2169 5458 2369 5514; x_wconf 73' lang='lat' dir='ltr'><strong>animae</strong></span> <span class='ocrx_word' id='word_1_823' title='bbox 2395 5455 2634 5525; x_wconf 88' lang='lat' dir='ltr'><strong>partium</strong></span> <span class='ocrx_word' id='word_1_824' title='bbox 2673 5455 2837 5525; x_wconf 76' lang='lat'><strong>120</strong></span> <span class='ocrx_word' id='word_1_825' title='bbox 2860 5453 3160 5510; x_wconf 89' lang='lat' dir='ltr'><strong>concordia</strong></span> <span class='ocrx_word' id='word_1_826' title='bbox 3198 5460 3254 5506; x_wconf 82' lang='lat' dir='ltr'><strong>et</strong></span> <span class='ocrx_word' id='word_1_827' title='bbox 3302 5449 3545 5504; x_wconf 71' lang='lat' dir='ltr'><strong>funiculo</strong></span> 
     </span>
    </p>
   </div>
   <div class='ocr_carea' id='block_1_117' title="bbox 1960 5543 3547 5624">
    <p class='ocr_par' dir='ltr' id='par_1_117' title="bbox 1960 5543 3547 5624">
     <span class='ocr_line' id='line_1_117' title="bbox 1960 5543 3547 5624; baseline -0.008 -16"><span class='ocrx_word' id='word_1_828' title='bbox 1960 5551 2163 5624; x_wconf 88' lang='lat' dir='ltr'><strong>triplici</strong></span> <span class='ocrx_word' id='word_1_829' title='bbox 2207 5550 2549 5622; x_wconf 79' lang='lat' dir='ltr'><strong>designatur,</strong></span> <span class='ocrx_word' id='word_1_830' title='bbox 2599 5548 2693 5619; x_wconf 90' lang='lat' dir='ltr'><strong>qui</strong></span> <span class='ocrx_word' id='word_1_831' title='bbox 2729 5547 2947 5604; x_wconf 79' lang='lat' dir='ltr'><strong>diﬂicile</strong></span> <span class='ocrx_word' id='word_1_832' title='bbox 2993 5545 3314 5618; x_wconf 85' lang='lat' dir='ltr'><strong>rumpitur:</strong></span> <span class='ocrx_word' id='word_1_833' title='bbox 3348 5543 3547 5615; x_wconf 77' lang='lat' dir='ltr'><strong>quippe</strong></span> 
     </span>
    </p>
   </div>
   <div class='ocr_carea' id='block_1_118' title="bbox 1955 5701 3545 5780">
    <p class='ocr_par' dir='ltr' id='par_1_118' title="bbox 1955 5701 3545 5780">
     <span class='ocr_line' id='line_1_118' title="bbox 1955 5701 3545 5780; baseline -0.003 -16"><span class='ocrx_word' id='word_1_834' title='bbox 1955 5710 2089 5765; x_wconf 88' lang='lat' dir='ltr'><strong>tium</strong></span> <span class='ocrx_word' id='word_1_835' title='bbox 2123 5709 2422 5768; x_wconf 84' lang='lat' dir='ltr'><strong>concordia</strong></span> <span class='ocrx_word' id='word_1_836' title='bbox 2474 5710 2585 5780; x_wconf 87' lang='lat' dir='ltr'><strong>ipse</strong></span> <span class='ocrx_word' id='word_1_837' title='bbox 2623 5708 2787 5763; x_wconf 88' lang='lat' dir='ltr'><strong>etiam</strong></span> <span class='ocrx_word' id='word_1_838' title='bbox 2826 5705 2940 5780; x_wconf 62' lang='lat' dir='ltr'><strong>lii-ri</strong></span> <span class='ocrx_word' id='word_1_839' title='bbox 2989 5705 3087 5780; x_wconf 79' lang='lat' dir='ltr'><strong>ait,</strong></span> <span class='ocrx_word' id='word_1_840' title='bbox 3130 5712 3198 5780; x_wconf 76' lang='lat' dir='ltr'><strong>ut</strong></span> <span class='ocrx_word' id='word_1_841' title='bbox 3231 5701 3386 5780; x_wconf 62' lang='lat' dir='ltr'><strong>tertia</strong></span> <span class='ocrx_word' id='word_1_842' title='bbox 3413 5716 3545 5780; x_wconf 70' lang='lat' dir='ltr'><strong>_st_H_‘-</strong></span> 
     </span>
    </p>
   </div>
   <div class='ocr_carea' id='block_1_119' title="bbox 1953 5771 3558 5922">
    <p class='ocr_par' dir='ltr' id='par_1_119' title="bbox 1953 5771 3558 5922">
     <span class='ocr_line' id='line_1_119' title="bbox 1953 5771 3558 5922; baseline -0.004 -87"><span class='ocrx_word' id='word_1_843' title='bbox 1953 5783 2238 5922; x_wconf 58' lang='lat' dir='ltr'><strong>(-urgbstE.)</strong></span> <span class='ocrx_word' id='word_1_844' title='bbox 2278 5795 2340 5836; x_wconf 86' lang='lat' dir='ltr'><strong>ac</strong></span> <span class='ocrx_word' id='word_1_845' title='bbox 2389 5771 2553 5850; x_wconf 65' lang='lat' dir='ltr'><strong>pcncs</strong></span> <span class='ocrx_word' id='word_1_846' title='bbox 2614 5781 2826 5850; x_wconf 83' lang='lat' dir='ltr'><strong>priores</strong></span> <span class='ocrx_word' id='word_1_847' title='bbox 2877 5778 2964 5832; x_wconf 85' lang='lat' dir='ltr'><strong>illa</strong></span> <span class='ocrx_word' id='word_1_848' title='bbox 3010 5776 3236 5831; x_wconf 80' lang='lat' dir='ltr'><strong>victoria</strong></span> <span class='ocrx_word' id='word_1_849' title='bbox 3277 5774 3347 5827; x_wconf 82' lang='lat' dir='ltr'><strong>sit</strong></span> <span class='ocrx_word' id='word_1_850' title='bbox 3389 5771 3558 5844; x_wconf 48' lang='lat' dir='ltr'><strong>(iride</strong></span> 
     </span>
     <span class='ocr_line' id='line_1_120' title="bbox 1953 5867 2546 5922; baseline -0.007 -15"><span class='ocrx_word' id='word_1_851' title='bbox 1953 5867 2005 5922; x_wconf 88' lang='lat' dir='ltr'><strong>p.</strong></span> <span class='ocrx_word' id='word_1_852' title='bbox 2076 5869 2108 5906; x_wconf 74' lang='grc' dir='ltr'><strong>ο</strong></span> <span class='ocrx_word' id='word_1_853' title='bbox 2249 5890 2262 5905; x_wconf 93' lang='grc'><strong>.</strong></span> <span class='ocrx_word' id='word_1_854' title='bbox 2543 5881 2546 5883; x_wconf 53' lang='grc' dir='ltr'><strong>λ</strong></span> 
     </span>
    </p>
   </div>
   <div class='ocr_carea' id='block_1_120' title="bbox 1953 5867 2546 5922">
    <p class='ocr_par' dir='ltr' id='par_1_120' title="bbox 1953 5867 2546 5922">
     <span class='ocr_line' id='line_1_121' title="bbox 1953 5867 2546 5922; baseline -0.005 -15"><span class='ocrx_word' id='word_1_855' title='bbox 1953 5867 2005 5922; x_wconf 88' lang='lat' dir='ltr'><strong>p.</strong></span> <span class='ocrx_word' id='word_1_856' title='bbox 2039 5867 2142 5908; x_wconf 75' lang='grc' dir='ltr'><strong>σου</strong></span> <span class='ocrx_word' id='word_1_857' title='bbox 2176 5867 2262 5922; x_wconf 65' lang='grc' dir='ltr'>ιι).</span> <span class='ocrx_word' id='word_1_858' title='bbox 2543 5881 2546 5883; x_wconf 52' lang='grc' dir='ltr'><strong>λ</strong></span> 
     </span>
    </p>
   </div>
  </div>
