4036 6388
1598 287 1634 319 .
2349 275 2372 287 δ

355 367 454 438 931
746 365 753 370 ’
1457 361 1518 422 Β.
1553 360 1932 423 GREGORII
1968 361 2482 426 AGRIGENTINI
3532 355 3645 430 [ΒΞ

330 503 465 566 _que
496 486 791 550 habituris,
823 483 1000 552 deque
1047 476 1276 548 perlidia
1314 474 1653 540 Judzeorum,
1682 475 1776 543 qui
1817 482 1944 528 ante

2060 490 2131 526 τιν
2153 476 2234 539 είς
2263 477 2428 532 αὐτὸν
2449 479 2751 543 πιστεύειν,
2800 479 2894 534 καὶ
2926 476 3024 540 τὰς
3075 473 3297 538 ἐλπίδας
3339 473 3509 545 ἔχειν.
3540 474 3646 527 καὶ

357 579 535 643 fuere,
585 577 790 648 quique
821 581 966 644 post,
995 571 1112 626 sive
1143 567 1592 631 novissimorum,
1625 581 1768 636 quos
1793 574 1847 620 et
1885 568 1937 618 in

2060 568 2143 640 τῆς
2169 573 2432 636 ἀπιστίας
2453 572 2564 628 τῶν
2583 573 2855 629 Ἰουδαίων
2890 571 3201 643 ἔμπροσθεν
3226 571 3332 625 καὶ.
3345 571 3452 626 τῶν
3478 570 3620 624 δπισ

356 685 424 724 eo
459 681 744 737 nunquam
801 665 1040 718 laetatum
1087 659 1154 713 iri
1217 655 1604 727 praenuntiavit
1637 675 1650 710 :
1685 656 1941 711 oninibus

357 759 592 816 subinde
629 756 937 812 volentibus
979 761 1170 806 auctor
1195 760 1299 814 est,
1325 756 1384 802 ut
1409 748 1719 823 ad.utilium
1760 763 1940 801 rerum

309 910 320 920 ,
359 849 828 920 comparationem
863 825 1080 899 veritati
1111 841 1509 910 obsequantur.
1543 835 1782 903 Etenim,
1817 852 1941 892 cum

359 942 672 998 divinarum
704 939 1039 994 Litterarum
1084 936 1438 996 documenta,
1494 945 1616 1001 qua:
1660 929 1834 985 sacris
1886 929 1941 982 in

359 1035 577 1106 templis
621 1033 826 1102 ubique
871 1038 1144 1084 terrarum
1176 1025 1471 1081 exstructis
1518 1025 1794 1094 leguntur,
1844 1037 1940 1076 co-

359 1128 654 1201 gitationes
696 1124 860 1194 128
885 1119 1173 1176 hominum
1205 1118 1504 1184 illustrent,
1555 1117 1771 1172 dicente
1806 1115 1944 1171 Isaia

357 1221 624 1294 propheta
665 1235 679 1273 :
729 1235 748 1269 ι
791 1215 1064 1282 Quoniam
1112 1213 1296 1267 lumen
1341 1208 1600 1264 mandata
1647 1216 1740 1263 tua
1779 1222 1946 1278 super

360 1328 564 1370 terram
589 1312 671 1378 9';
714 1329 734 1362 ι
791 1324 856 1364 ac
895 1323 1120 1364 rursum
1172 1303 1502 1376 proverbiali
1549 1302 1776 1358 oraculo
1819 1316 1946 1370 pro-

361 1408 654 1461 nuntiante
681 1420 695 1457 :
727 1418 746 1452 ι
772 1399 1016 1455 Lucerna
1046 1397 1363 1452 mandatum
1389 1395 1523 1466 legis
1539 1405 1594 1450 et
1615 1395 1862 1449 lumen“
1885 1412 1896 1447 :
1923 1413 1940 1446 ι

361 1497 658 1558 collsilium
707 1493 840 1560 dat,
897 1501 957 1546 ut
1009 1490 1105 1560 qui
1144 1489 1240 1545 Dei
1280 1489 1504 1543 domum
1540 1495 1732 1558 petunt
1784 1496 1947 1553 atque

363 1589 771 1662 ingrediuntur,
810 1585 1000 1656 pedem
1031 1583 1222 1652 utique
1253 1581 1590 1646 custodiant,
1639 1595 1752 1650 quo
1779 1577 1948 1633 vcsti-

333 1685 512 1754 _gium
548 1681 778 1747 l‘aciunt,
815 1687 872 1733 at
925 1691 1082 1747 atque
1135 1675 1435 1746 spiritalem
1485 1671 1644 1743 quasi
1695 1685 1946 1742 gressum

363 1776 740 1838 moderentur,
793 1779 855 1824 ut
898 1783 1079 1838 neque
1115 1767 1282 1822 citius
1315 1765 1711 1836 digrediautur,
1761 1778 1826 1818 ac
1855 1762 1944 1817 di-

359 1867 513 1930 ‘vina,
567 1879 689 1935 quat
727 1863 1003 1929 leguntur,
1049 1858 1253 1928 scripta
1302 1864 1718 1912 contemnentes
1770 1853 1946 1924 negli-

363 1963 522 2024 gant;
558 1965 736 2021 neque
791 1950 838 2004 si
872 1949 1022 2002 intus
1063 1947 1120 2000 in
1161 1945 1364 2016 templo
1391 1945 1705 2016 pet-sistant,
1740 1943 1946 2013 procul

364 2049 663 2102 stationem
717 2041 976 2104 habeant,
1027 2047 1083 2094 et
1137 2039 1312 2094 sacris
1361 2037 1416 2092 in
1462 2035 1686 2091 Litteris
1722 2033 1947 2089 minime

365 2137 566 2193 initiati
597 2133 946 2205 reperiantur
977 2149 992 2186 :
1031 2129 1165 2202 quin
1207 2129 1472 2200 accedant
1503 2127 1699 2198 magis,
1730 2136 1785 2182 et
1815 2139 1948 2196 pro-

363 2229 558 2302 pinqui
613 2228 942 2290 consistant,
1001 2210 1113 2294 quo
1169 2240 1199 2278 a
1264 2222 1570 2293 legentibus
1635 2220 1947 2276 divinorum

363 2322 757 2394 prophetarum
819 2315 1044 2372 oracula
1105 2312 1364 2369 hauriant
1424 2314 1492 2368 ad
1543 2311 1946 2368 adolescentem

366 2416 543 2478 illum,
587 2426 750 2482 quem
786 2407 1361 2470 commemoravimus,
1411 2418 1724 2475 novumque
1772 2403 1947 2460 Adam

366 2505 696 2577 spectantia,
733 2517 856 2570 quae
890 2501 1070 2570 ipsum
1096 2515 1162 2554 ex
1205 2496 1428 2570 Virgine
1460 2497 1632 2552 Deum
1669 2497 1949 2553 hominem

365 2597 709 2652 nasciturum
750 2593 1140 2664 praenuntiant,
1165 2602 1220 2648 et
1259 2591 1426 2646 vitam
1471 2591 1592 2660 ejus
1632 2605 1952 2662 moramque

369 2693 510 2745 inter
541 2687 790 2742 homines
829 2685 1139 2755 designant,
1192 2698 1256 2738 ac
1301 2681 1415 2738 Deo
1467 2682 1686 2753 dignam
1740 2681 1950 2737 doctri-

367 2799 543 2848 nam,
577 2791 632 2836 et
684 2780 825 2834 mira
877 2788 1044 2849 atque
1096 2777 1518 2833 innumerabilia
1564 2777 1849 2853 miracula,
1897 2785 1953 2832 et

365 2872 735 2929 voluntariam
797 2871 852 2924 in
893 2885 1058 2925 cruce
1111 2878 1344 2923 mortem
1379 2908 1394 2934 ,
1424 2876 1478 2922 et
1506 2867 1872 2938 sepulturam,
1899 2875 1954 2922 et

369 2967 513 3020 intra
560 2963 704 3018 diem
765 2961 992 3017 tertium
1048 2960 1611 3024 resurrectionem,et
1660 2975 1950 3016 ascensura

367 3056 436 3111 ad
473 3047 697 3120 etclam,
752 3059 808 3106 et
854 3051 1179 3106 descensum
1234 3050 1354 3120 ejus
1413 3039 1716 3106 secundum
1764 3046 1954 3122 gloria:

2043 649 2158 727 θεν,
2186 663 2356 732 ἤγουν
2413 665 2678 735 ἐσχάτων,
2710 663 2806 730 οὓς
2837 664 2932 718 καὶ
2971 661 3240 733 μηδαμῶς
3262 661 3647 734 εὐφρανθήσε-

2045 752 2169 808 σθαι
2198 755 2665 827 προκατήγγειλεν
2707 757 2794 809 ἐπ’
2823 753 3006 824 αὐτῷ·
3042 754 3333 824 παρεγγυᾷ
3387 753 3482 806 νῦν
3506 753 3646 807 ἀκο-

2045 847 2253 912 λούθως
2281 851 2447 904 παντὶ
2501 850 2580 922 τῷ
2611 848 2924 922 βουλομένῳ
2955 837 3031 919 τῇ
3082 846 3314 918 ἀληθείᾳ
3357 845 3647 901 πείθεσθαι

2045 941 2183 1012 πρὸς
2213 941 2313 1011 τὴν
2333 941 2443 997 τῶν
2465 943 2854 1014 συμφερόντων
2880 939 3168 1012 ἀνάληψιν.
3193 940 3304 994 Καὶ
3327 939 3434 1010 γὰρ
3451 939 3647 1010 έπειδὴ

2045 1035 2219 1086 πᾶσαι.
2253 1032 2595 1090 διδασκαλίαι
2617 1034 2726 1090 τῶν
2745 1033 3122 1088 θεοπνεύστων
3149 1033 3386 1106 Γραφῶν
3409 1033 3508 1090 ἐπὶ
3531 1032 3648 1086 τῶν

2047 1123 2150 1176 ἀνὰ
2173 1125 2356 1178 πᾶσαν
2383 1123 2482 1194 τὴν
2501 1125 2604 1178 ύπὺ
2627 1124 2721 1178 τὸν
2739 1125 2972 1198 οὐρανὸν
2995 1123 3460 1195 οἰκοδομηθέντων
3479 1122 3649 1177 θείων

2049 1213 2234 1285 σηκῶν
2253 1215 2766 1286 ἀναγινωσκόμεναι
2793 1214 3091 1286 φωτίζουσι
3110 1216 3239 1279 τοὺς
3255 1213 3648 1284 διαλογισμοὺς

2045 1307 2156 1361 τῶν
2195 1306 2520 1378 ἀνθρώπων,
2557 1309 2724 1379 φησὶν
2755 1310 2783 1362 ό
2813 1311 3106 1380 προφήτης
3153 1307 3380 1370 Ἡσαΐας
3400 1321 3414 1337 ο
3447 1324 3466 1358 ι
3495 1307 3649 1359 Διότι

2049 1398 2165 1468 φῶς
2187 1399 2258 1452 τὰ
2285 1398 2692 1470 προστάγματά
2720 1415 2812 1452 σου
2842 1399 2938 1452 ἐπὶ
2965 1397 3064 1470 τῆς
3097 1398 3200 1470 γῆς
3223 1415 3238 1430 ο
3271 1415 3291 1449 ι
3339 1396 3434 1450 καὶ
3477 1395 3650 1450 πάλιν

2046 1492 2076 1544 ὁ
2113 1491 2483 1563 παροιμιακδς
2527 1489 2687 1560 λόγος
2711 1507 2724 1521 °
2772 1509 2793 1542 ι
2819 1490 3031 1560 Λύχνος
3091 1490 3280 1562 ἐντολὴ
3338 1489 3504 1560 νόμου
3551 1487 3652 1542 καὶ

2049 1583 2182 1654 φῶς.
2206 1602 2226 1637 ι
2269 1581 2692 1652 Ἀσφαλίζεσθαι
2721 1582 3081 1655 συμϐουλεύει
3113 1583 3204 1638 τὸν
3240 1581 3399 1644 πόδα,
3440 1581 3532 1635 τὸν
3557 1581 3650 1635 αἱ·

2049 1675 2245 1748 σθητὸν
2265 1675 2467 1747 δηλαδὴ
2494 1679 2589 1728 καὶ
2623 1675 2836 1746 νοητὸν,
2875 1677 2990 1740 τοῖς
3028 1667 3258 1744 ξῖσιοῦσι
3285 1673 3376 1728 καὶ
3416 1688 3649 1744 tropaeo-

2054 1772 2238 1841 μένοις
2263 1773 2344 1836 είς
2379 1767 2528 1824 οἷκον
2555 1771 2648 1825 τοῦ
2670 1770 2808 1824 Θεοῦ
2838 1770 2972 1842 πρὸς
3002 1771 3066 1824 τὸ
3095 1771 3172 1842 μὴ
3216 1771 3414 1824 θᾶττον
3441 1768 3651 1836 ἐξιέναι

2051 1865 2146 1918 καὶ
2171 1862 2550 1933 παραῦλέπειν
2570 1852 2943 1935 καιπαρορᾷν
2974 1861 3499 1932 ἀναγινωσκομένας
3546 1861 3653 1923 τὰς

2053 1954 2204 2018 θείας
2226 1955 2452 2025 Γραφάς
2473 1971 2487 1984 ·
2521 1955 2556 2026 ἢ
2592 1953 2781 2024 μένειν
2816 1953 2916 2024 μὲν
2945 1953 3096 2015 tm;
3143 1953 3236 2007 τοῦ
3262 1953 3412 2007 θείου
3447 1952 3648 2024 σηκοῦ,

2053 2041 2428 2118 πόρρωθεν’δὲ
2456 2045 2556 2117 τὴν
2592 2046 2780 2100 στάσιν
2809 2045 3153 2118 ποιούμενον,
3170 2043 3652 2116 ἁμυσταγώγητον

2053 2137 2404 2210 εὑρίσκεσθαι
2426 2137 2536 2191 τῶν
2571 2137 2732 2192 θείων
2763 2137 2998 2210 Γραφῶν
3020 2155 3034 2169 ·
3071 2137 3211 2192 ἀλλὰ
3258 2137 3652 2210 προσεγγίζειν

2059 2231 2260 2303 μᾶλλον
2289 2233 2386 2286 καὶ
2414 2231 2814 2302 προσπελάζειν
2841 2231 2936 2286 καὶ
2959 2230 3228 2301 σύνεγγυς
3266 2230 3518 2286 ἵστασθαι
3537 2231 3651 2285 τῶν

2055 2323 2540 2392 ἀναγινωσκόντων
2567 2323 2668 2386 τὰς
2711 2323 3050 2394 προρρήσεις
3077 2321 3186 2394 τῶν
3237 2323 3400 2378 θείων
3433 2323 3655 2394 ὑποφη·

2055 2410 2164 2466 τῶν
2193 2413 2293 2473 τὰς
2317 2405 2454 2483 ’περὶ
2477 2410 2574 2464 τοῦ
2600 2410 2858 2482 ῥηθέντος
2879 2410 3166 2465 νεανίσκου
3187 2412 3282 2466 καὶ
3297 2411 3420 2466 νέου
3451 2412 3647 2484 Ἀδὰμ,

2057 2502 2650 2574 προκαταγγελλούσας
2705 2503 2801 2558 καὶ
2843 2501 2943 2574 τὴν
2977 2503 3313 2576 παρθενικὴν
3349 2504 3515 2559 αὐτοῦ
3554 2506 3653 2558 καὶ

2057 2593 2382 2665 θεανδρικὴν
2403 2592 2681 2663 γέννησιν,
2707 2592 2804 2646 καὶ
2820 2590 2920 2663 τὴν
2947 2590 3231 2662 διατρισὴν
3254 2590 3424 2646 αὐτοῦ
3449 2590 3544 2645 καὶ
3563 2590 3652 2644 δι-

2057 2685 2312 2756 αγωγὴν,
2347 2684 2444 2738 καὶ
2473 2683 2574 2748 τὰς
2614 2683 2941 2754 θεοπρεπεῖς
2963 2682 3280 2754 είσηγήσεις
3313 2683 3409 2736 καὶ
3434 2683 3650 2754 θαυμαο

2055 2777 2305 2839 τοποιίας
2338 2775 2599 2845 ἀπείρους
2651 2777 2746 2829 καὶ
2790 2775 3148 2848 παραδόξους,
3175 2777 3272 2828 καὶ
3302 2775 3402 2848 τὴν
3431 2773 3650 2829 έθελούο

2061 2886 2172 2924 σιον
2199 2868 2528 2937 σταύρωσιν,
2564 2869 2660 2922 καὶ
2717 2866 2816 2940 τὴν
2854 2869 3055 2938 ταφὴν,
3075 2869 3173 2920 καὶ
3205 2868 3306 2941 τὴν
3344 2867 3649 2939 τριήμερόν

2059 2962 2300 3032 ἔγερσιν,
2329 2960 2426 3016 καὶ
2451 2961 2558 3033 τὴν
2589 2961 2671 3024 είς
2697 2960 2965 3033 οὐρανοὺς
2994 2961 3372 3032 ἀναφοίτησιν,
3423 2959 3524 3016 καὶ
3552 2956 3650 3030 τὴν

2057 3055 2323 3127 δευτέραν
2365 3053 2576 3121 ἔνδοξον
2628 3053 3230 3125 αύτοῠ“καταφοίτησιν
3272 3049 3452 3122 αὖθις,
3486 3054 3650 3126 ἡνίκα

369 3149 618 3218 plenum,
655 3159 782 3201 cum
814 3143 882 3200 de
912 3143 1170 3198 omnibus
1205 3143 1522 3199 hominibus
1551 3143 1820 3216 judicium
1854 3145 1953 3198 ha-

2063 3148 2248 3221 μέλλει
2279 3147 2487 3220 κρίνειν
2520 3145 2731 3206 πάντας
2754 3144 3098 3217 ἀνθρώπους,
3137 3147 3232 3200 καὶ⁴
3271 3147 3400 3211 τοὺς
3431 3146 3651 3201 πιστεύο

368 3241 592 3296 bilurus
621 3245 727 3300 est,
752 3246 862 3291 tam
887 3236 954 3290 de
979 3235 1047 3290 iis
1079 3235 1172 3306 qui
1195 3235 1568 3300 crediderunt,
1595 3251 1760 3306 quam
1787 3237 1854 3292 de
1883 3235 1952 3291 iis

2060 3255 2258 3304 σαντας
2294 3239 2390 3292 καὶ
2434 3237 2564 3302 τοὺς
2621 3236 3140 3308 μὴ·πιστεύσαντας
3179 3237 3261 3302 εἰς
3311 3238 3497 3304 αὐτὸν,
3552 3239 3650 3293 καὶ

369 3333 465 3404 qui
496 3346 602 3386 non
631 3327 1004 3392 crediderunt,
1029 3341 1094 3382 ac
1109 3342 1210 3396 pro
1231 3325 1730 3398 cujusquejmeritis
1743 3326 1950 3398 justam

2060 3334 2152 3406 τὴν
2183 3333 2397 3400 ἑκάστῳ
2436 3329 2654 3384 δικαίαν
2709 3329 2806 3382 καὶ
2845 3329 3156 3400 πρόσφορον
3184 3330 3480 3384 ἀποδοῦναι
3525 3345 3647 3384 κατ’

368 3433 457 3484 est
509 3423 834 3480 sententiam
884 3420 1360 3490 pronuntiaturus.
1393 3419 1528 3486 Hos,
1582 3423 1780 3492 inquit,
1833 3439 1953 3478 ser-

2060 3423 2211 3489 ὰξίαν
2237 3421 2418 3492 δίκην.
2459 3419 2700 3484 Τούτων,
2757 3419 2916 3491 φησὶ,
2945 3419 3254 3474 σπούδασον
3293 3421 3508 3475 ἐπαΐειν
3539 3420 3649 3473 τῶν

371 3531 566 3572 mones
607 3513 796 3583 audire
829 3512 1077 3574 studeas,
1113 3511 1216 3566 hos
1249 3527 1423 3576 ames,
1463 3511 1550 3568 his
1576 3513 1829 3582 accedas,
1869 3513 1955 3569 his

2060 3519 2254 3587 λόγων,
2283 3513 2488 3568 τούτων
2521 3512 2806 3583 ὲράσθητι,
2827 3510 3036 3575 τούτοις
3061 3506 3330 3584 πλησίάζε
3361 3513 3454 3568 καὶ
3483 3530 3650 3585 προσ⁴

371 3612 648 3672 advertas,
677 3607 764 3660 his
788 3619 952 3659 aures
981 3604 1213 3658 libenter
1247 3604 1496 3674 praebeas
1535 3605 1632 3675 (4).

449 3721 470 3752 ι
505 3700 682 3768 Super
703 3697 908 3752 donum
935 3694 1314 3764 insipientium
1351 3695 1686 3751 sacriﬁcium
1713 3707 1900 3752 tuum:
1932 3717 1952 3752 ι

371 3806 566 3848 eorum
603 3789 834 3850 scilicet,
886 3787 982 3856 qui
1016 3784 1243 3840 Judaica
1289 3786 1425 3857 legis
1475 3787 1746 3842 sacrificia
1797 3788 1960 3844 stulte

371 3871 541 3954 atque
571 3878 978 3948 intempestive,
1019 3885 1186 3946 atque
1218 3875 1358 3931 ultra
1391 3877 1685 3932 terminum
1719 3885 1776 3932 et
1804 3893 1960 3932 men-

374 3983 485 4030 tem
520 3981 577 4029 et
604 3969 898 4028 consilium
937 3967 1058 4037 ejus
1089 3967 1348 4031 offerunt,
1382 3967 1476 4036 qui
1509 3967 1626 4053 lia-ac
1661 3969 1815 4038 prius
1839 3968 1960 4024 fieri

373 4075 683 4138 opportune
728 4061 964 4119 sancivit
1006 4067 1168 4128 atque
1201 4059 1536 4130 praescripsit
1566 4077 1580 4114 :
1619 4079 1640 4109 ι
1677 4059 1816 4126 Quia
1864 4075 1959 4114 ne~
1993 4093 2005 4104 ι

372 4150 561 4216 sciunt
613 4157 758 4226 quod
813 4153 1023 4209 faciunt
1082 4151 1322 4216 bonum;
1385 4169 1404 4202 ι
1475 4151 1529 4206 id
1575 4160 1696 4219 est,
1751 4150 1957 4207 nullam

381 4250 542 4320 129
572 4250 886 4312 utilitatem,
935 4245 1084 4298 nulla
1129 4241 1442 4307 commoda,
1477 4243 1687 4298 nullam
1726 4246 1959 4299 salutem

377 4341 651 4399 sacriﬁcia
681 4338 1000 4410 hujusmodi
1035 4337 1278 4407 praebent
1309 4337 1397 4401 iis,
1429 4336 1523 4405 qui
1557 4336 1671 4390 haec
1699 4350 1850 4390 nunc
1879 4335 1962 4388 vel

381 4435 596 4490 faciunt
622 4432 707 4486 vel
732 4439 953 4486 curant.
985 4429 1116 4484 l’ost
1141 4429 1436 4484 adventum
1459 4429 1605 4483 enim
1636 4437 1802 4498 atque
1827 4442 1964 4497 prae-

2057 3610 2274 3680 έγγιζε,
2303 3607 2400 3661 καὶ
2421 3604 2711 3677 βουλήθητι
2743 3603 2954 3658 τούτων
2984 3604 3224 3660 ἀκούειν.

2135 3721 2154 3754 ι
2195 3699 2366 3770 Ὑπὲρ
2389 3699 2529 3768 δόμα
2559 3685 2666 3750 τῶν
2693 3687 2968 3766 ἀφρόνων”
2992 3695 3152 3750 θυσία
3184 3713 3280 3750 σου
3299 3711 3314 3726 ⁶
3349 3715 3368 3749 ι
3405 3697 3650 3752 τουτέστι

2057 3793 2168 3848 τῶν
2197 3792 2296 3854 τὰς
2329 3786 2632 3848 Ἰουδαϊκὰς
2687 3787 2782 3840 καὶ
2815 3786 3046 3856 νομικὰς
3106 3788 3526 3859 προσφερόντων
3559 3791 3654 3842 ου..

2063 3886 2184 3948 σίας
2200 3883 2452 3956 ἀφρόνως
2478 3881 2572 3935 καὶ¹
2591 3879 2742 3952 παρὰ
2766 3878 2860 3933 τδν
2879 3879 3094 3951 καιρὸν,
3108 3880 3201 3934 καὶ
3218 3881 3372 3952 παρὰ
3389 3881 3482 3935 τὸν
3504 3883 3649 3952 ὅρον,

2062 3979 2157 4033 καὶ⁸
2178 3976 2330 4048 παρὰ
2361 3975 2454 4028 τὸν
2477 3972 2678 4027 σκοπὸν
2704 3971 2802 4024 καὶ
2824 3971 2924 4044 τὴν
2948 3972 3142 4044 βουλὴν
3169 3973 3264 4027 τοῦ
3293 3975 3494 4038 ταύτας
3527 3976 3653 4043 πρὶν

2062 4071 2337 4140 εὐκαίρως
2371 4064 2836 4136 νομοθετήσαντος
2885 4065 2979 4116 καὶ
3033 4065 3439 4134 προστάξαντος
3485 4065 3650 4121 θύειν.

2070 4182 2090 4214 ι
2112 4162 2237 4215 Ὅτι
2254 4159 2355 4212 οὐκ
2382 4157 2520 4210 εἰσιν
2544 4156 2746 4218 εἰδότες
2767 4153 2862 4208 τοῦ
2887 4157 3062 4209 ποιεῖν
3093 4155 3258 4210 καλόν
3279 4171 3327 4208 ἰ
3352 4157 3650 4220 τουτέστιν,

2065 4253 2217 4308 οὐδὲν
2239 4249 2566 4320 ὀνησιφόρον
2593 4249 2688 4302 καὶ
2710 4247 2973 4319 πρόξενον
3003 4247 3328 4320 εὐεργεσίας
3349 4251 3444 4303 καὶ
3479 4267 3653 4319 etot-q-

2070 4345 2192 4418 ρίας
2217 4336 2272 4396 αἱ
2302 4341 2548 4396 τοιαῦται
2581 4339 2764 4394 θυσίαι
2789 4340 3092 4412 παρέχουσι
3115 4343 3229 4404 τοῖς
3256 4341 3654 4415 προσφέρουσιν

2069 4435 2260 4500 αὑτὰς,
2291 4433 2324 4505 ἢ
2348 4435 2458 4494 τοῖς
2485 4431 2812 4502 προσέχουσι
2840 4428 3012 4484 θύειν.
3043 4431 3198 4485 Μετὰ
3221 4432 3332 4502 γὰρ
3347 4431 3446 4504 τὴν
3479 4432 3658 4500 ἄφιξιν

380 4525 614 4582 sentiam
675 4521 1025 4594 praenuntiati
1079 4520 1442 4575 adolescentis
1492 4519 1732 4589 novique
1787 4517 1956 4573 Adam

2070 4529 2161 4580 καὶ
2186 4526 2285 4596 τὴν
2315 4523 2619 4594 παρουσίαν
2648 4521 2745 4574 τοῦ
2777 4521 3356 4592 προκαταγγελθέντος
3374 4524 3657 4578 νεανίσκου

378 4616 560 4671 danda
611 4615 777 4686 opera
830 4623 915 4668 est
967 4611 1242 4668 sacriﬁcio
1297 4611 1476 4666 laudis
1533 4619 1589 4665 et
1647 4611 1963 4665 rationabili

379 4707 578 4772 cultui,
613 4706 682 4760 de
721 4703 926 4775 quibus
957 4702 1128 4758 divini
1178 4701 1458 4772 propheta:
1487 4699 1768 4754 vaticinati
1814 4709 1963 4762 sunt,

379 4813 505 4870 quae
525 4797 640 4869 jam
673 4797 973 4853 constituta
1005 4793 1215 4849 exitum
1250 4793 1490 4846 habuere
1523 4806 1686 4845 suum
1729 4807 1743 4844 ε
1780 4791 1854 4844 ita
1908 4800 1968 4844 υι

489 4959 536 4991 ’³
579 4958 684 5012 lsa.
731 4972 902 5022 xxvr,
970 4954 1026 5009 9.
1137 4954 1184 4986 ³⁸
1228 4952 1385 5006 Prov.
1433 4967 1520 5019 vt,
1569 4950 1662 5006 93.

454 5089 532 5164 (4)
561 5088 693 5164 Quae
723 5088 1075 5164 fueratapud
1101 5085 1366 5164 ⁸Ηιιιιιτιξοε
1394 5086 1760 5164 consuetudo,
1789 5095 1849 5164 ut
1874 5103 1970 5158 per

381 5159 553 5218 festOs
583 5162 700 5214 dies
729 5161 872 5216 sacri
916 5159 1063 5213 Libri
1099 5159 1152 5212 in
1198 5174 1390 5214 eorum
1431 5159 1792 5213 conventibus
1827 5159 1970 5228 lege-

386 5241 596 5294 rentur,
651 5245 771 5284 eam
821 5231 1056 5284 subinde
1095 5230 1238 5298 apud
1278 5229 1626 5283 Christianos
1675 5243 1867 5284 onmes
1913 5231 1969 5283 in

383 5303 520 5373 ipsis
558 5301 817 5356 Ecclesia:
851 5300 1400 5373 esprdiisinductam
1424 5301 1756 5373 semperque
1790 5310 1971 5353 reten-

385 5367 496 5428 tam
517 5380 756 5427 constat.
804 5374 878 5425 De
903 5367 1146 5440 Epistula
1173 5387 1272 5426 sua
1301 5368 1508 5426 Paulus
1523 5371 1592 5424 ad
1615 5367 1970 5425 Gulossenses

384 5443 578 5498 scribit
611 5460 626 5496 :
667 5441 736 5496 Et
777 5457 897 5495 cum
927 5439 1060 5494 lecta
1094 5441 1256 5510 fuerit
1281 5443 1420 5510 apud
1457 5457 1544 5495 vos
1571 5439 1812 5508 Epistola
1834 5439 1966 5506 haec,

385 5515 571 5584 facile,
603 5522 660 5565 ut
699 5523 748 5584 c_t
786 5509 1296 5584 iniLaodicensium
1318 5509 1321 5510 ⁷
1343 5511 1580 5584 Ecclesia
1616 5511 1826 5584 legatur
1857 5526 1876 5565 :
1923 5523 2015 5565 et.

383 5581 524 5650 eain,
555 5598 674 5654 qua:
709 5581 1120 5636 Laodicensium
1157 5592 1256 5646 est,
1291 5598 1376 5636 vos
1409 5583 1596 5654 legatis
1634 5581 1862 5652 (Coloss.
1894 5598 1970 5654 tv,

387 5601 524 5650 eam,
592 5601 674 5637 ua:
709 5601 1120 5636 Laoatceustum
1157 5601 1256 5646 est,
1291 5601 1376 5636 υοε
1409 5601 1596 5654 tegam
1634 5601 1862 5652 ιυοιυδδ.
1896 5601 1970 5645 ιγ,

387 5654 502 5725 16).
555 5601 728 5725 ﬁrmo
779 5653 1027 5708 iteratam
1047 5655 1261 5725 saepius
1306 5654 1502 5708 horum
1552 5655 1840 5708 lectionem
1872 5653 1970 5707 de-

386 5723 558 5780 clarat
587 5723 840 5779 Justinus
885 5725 988 5778 sub
1035 5723 1196 5790 finem
1225 5725 1502 5794 Apologia:
1531 5739 1646 5780 suae
1677 5726 1930 5778 secundze
1955 5743 1968 5778 :

388 5795 500 5850 Kal
537 5796 606 5850 τὰ
653 5794 1203 5866 ἀπομνημυκιεύματα
1261 5795 1369 5848 τῶν
1441 5794 1780 5860 ἀποστόλων,
1827 5794 1859 5864 ἢ
1903 5799 1972 5850 τὰ

2069 4623 2164 4676 καὶ
2194 4622 2316 4674 νέου
2340 4619 2516 4690 ’Λδὰμ
2541 4618 2623 4672 δεῖ
2639 4619 2929 4690 προσέχειν
2963 4619 3066 4690 τῆς
3115 4620 3378 4684 αἰνέσεως
3403 4624 3470 4694 τῇ
3501 4620 3658 4690 θυσία

2071 4715 2164 4769 καὶ
2208 4715 2274 4785 τῇ
2301 4711 2494 4782 λογικῇ
2524 4709 2754 4782 λατρεία
2777 4711 2846 4781 τῇ
2895 4711 3332 4785 καταγγελθείσῃ
3378 4715 3530 4785 παρὰ
3552 4713 3659 4767 τῶν

2071 4807 2234 4861 θείων
2267 4805 2398 4876 πρὶν
2429 4801 2749 4874 προφητῶν,
2777 4804 2844 4872 τῇ
2869 4801 3204 4875 έκὸεὸηκυίᾳ
3223 4803 3396 4858 δὲκαὶ
3423 4804 3662 4876 λαϐούσῃ

2073 5087 2486 5172 συγγράμματα
2513 5086 2624 5141 τῶν
2651 5087 2950 5172 προφητῶν
2974 5090 3435 5172 ἀναχινῴσκεται,
3467 5097 3662 5170 μέχρις

2073 5156 2353 5235 ἐγχωρεῖ(
2403 5156 2547 5235 ξεῖ-τα.
2577 5156 2949 5235 ’παυσαμένου
2990 5156 3105 5235 ’τοῦ
3156 5156 3658 5235 ἀναγινώσκοντος,

2073 5228 2357 5312 προεστὼς
2399 5228 2505 5310 διὰ⁴
2533 5229 2694 5312 λόγου
2737 5228 2837 5302 τήν
2885 5232 3170 5312 νουθεσίαν
3209 5228 3306 5312 κα)
3357 5228 3662 5312 πρόκλησιν

2073 5299 2170 5378 θεῇς
2210 5299 2320 5353 τῶν
2365 5299 2548 5378 καλῶν
2595 5299 2808 5378 τούτων
2836 5305 3120 5373 μιμήσεως
3147 5299 3416 5363 ποιεῖταιί
3455 5309 3510 5364 ld
3556 5299 3661 5378 cst,

2075 5371 2147 5424 Et
2178 5371 2563 5446 commentaria
2603 5371 2973 5446 apostolorum
3007 5385 3100 5428 aut
3134 5379 3335 5446 scripta
3378 5371 3660 5446 ριόρίιειυ-ἰ
3751 5383 3770 5390 “

2074 5457 2216 5499 rum.
2254 5443 2429 5510 quoad
2473 5451 2676 5510 tempus
2722 5443 2851 5511 fert,
2901 5444 3167 5515 leguntur.
3221 5443 3428 5506 Deinde
3468 5443 3658 5506 lectore

2073 5515 2395 5586 quiescente,
2437 5526 2632 5580 prwses
2662 5515 2988 5586 orationem,
3032 5532 3141 5586 qua
3173 5518 3479 5584 admoneat,
3511 5531 3561 5576 et
3590 5522 3657 5574 ad

2074 5583 2364 5655 pra-claras
2395 5597 2485 5636 eas
2528 5598 2610 5636 res
2654 5583 2944 5638 imitandus
2985 5583 3248 5655 hortetur,
3291 5583 3473 5646 habet.
3499 5590 3658 5646 Chri-

2076 5654 2384 5731 stianorum
2397 5667 2605 5731 nempe
2621 5667 2924 5731 conventus
2945 5654 3350 5731 describit,qui
3377 5676 3655 5716 sacrorum

2075 5739 2255 5802 causa
2275 5723 2715 5802 celebrabantur.
2771 5727 2904 5782 Vide
2941 5729 3105 5782 etiam
3155 5723 3556 5788 Tert'ullianum
3601 5731 3656 5788 in

2077 5791 2300 5882 Α-ροίόθ.
2333 5809 2390 5848 ιι.
2423 5791 2512 5848 59.
