4036 6378
452 335 560 424 935
647 319 654 325 ’

1628 347 1690 410 8.
1725 345 2102 410 GBEGORII
2113 340 2226 404 ἈΟ
2237 341 2368 404 RIG
2383 336 2648 402 ENTINI

3654 334 3772 403 936

457 467 629 534 enim,
659 463 863 536 inquit,
895 459 1094 528 edocti,
1122 459 1208 516 his
1241 457 1444 515 initiati
1467 458 1773 532 mysteriis,
1801 467 1968 530 atque
1993 457 2049 513 in

2173 449 2554 523 ιισανθρώπου
2587 447 2687 502 καὶ
2719 444 3077 518 μισοχρίστου
3116 444 3211 499 καὶ
3238 443 3565 515 δυσμενοῦς.
3615 447 3660 498 Τ
3663 445 3770 500 ού-

457 575 589 617 vera
617 556 966 630 professione
994 553 1104 609 Deo
1132 549 1384 607 universi
1410 558 1736 608 constanter
1760 551 2050 606 adhaeren-

461 661 564 718 tes,
599 658 804 704 aeterna
834 645 977 716 apud
1007 658 1136 698 eum
1174 643 1364 698 laetitia
1411 640 1794 714 perfruemini.
1829 642 1986 698 Sicut
2021 655 2054 696 e

461 738 742 798 contrario
781 739 878 808 qui
925 736 1155 792 minime
1199 735 1554 808 crediderint,
1590 733 1710 791 sive
1740 734 1809 790 de
1833 733 2051 806 primis,

462 833 580 890 sive
615 833 684 888 de
710 829 1054 895 novissimis,
1084 828 1238 884 omni
1270 843 1498 898 prorsus
1529 827 1732 899 gaudio
1761 826 2052 891 carebunt,

463 924 610 997 quod
668 933 725 980 ct
779 923 837 978 in
894 922 1036 993 ipso,
1071 928 1128 976 et
1182 935 1282 992 per
1326 918 1506 991 ipsum
1556 917 1678 973 dari
1714 917 1896 982 debet,
1937 926 2052 971 tam

466 1019 557 1073 hic
601 1031 702 1087 per
737 1016 1028 1087 mysticam
1062 1013 1564 1084 participationem,
1595 1025 1762 1080 quam
1804 1010 1860 1065 in
1893 1009 2059 1064 coelo-

464 1127 588 1167 rum
633 1124 806 1182 regno
849 1107 1075 1179 vitaque
1125 1105 1334 1162 futura.
1372 1105 1562 1177 Itaque
1603 1117 1823 1160 rursum
1859 1101 2060 1174 adjecit

466 1204 655 1260 statim
687 1217 737 1256 :.

2159 557 2272 596 των
2297 541 2428 610 γὰρ,
2455 537 2640 610 φησιν,
2673 534 2982 602 ἑπαῖόντες,
3007 533 3102 589 καὶ
3127 535 3248 597 ταῖς
3275 533 3554 600 τοιαύταις
3584 551 3771 606 μυστ·-

2159 633 2432 704 αγωγίαις
2489 629 2918 694 πιστευθέντες,ο
2947 627 3044 682 καὶ
3092 627 3488 698 βεδαιωθέντες
3528 631 3612 690 είς
3657 629 3772 698 τὴν

2158 724 2432 795 εἰλικρινῆ
2464 722 2654 776 πίστιν
2680 721 2782 792 τὴν
2809 719 2947 792 πρὸς
2973 720 3065 773 τὸν
3099 721 3192 773 ἐπὶ
3215 720 3439 776 πάντων
3469 721 3629 786 Θεδν,
3660 721 3769 774 εὐ-

2160 815 2542 889 φρανθήσεσθε
2571 812 2660 868 ἐπ’
2681 811 2838 882 αὐτῷ
2859 811 2958 882 τὴν
2982 809 3204 865 αἰώνιον
3235 811 3604 884 εὐφροσύνην.
3629 813 3775 866 Ὠσ-

2162 924 2270 978 περ
2296 903 2536 976 ἔμπαλιν
2560 907 2609 957 οἱ
2643 901 2721 974 μὴ
2748 901 3148 962 πιστεύσαντες
3175 901 3271 956 καὶ
3294 902 3404 956 τῶν
3440 903 3773 974 ἔμπροσθεν

2156 1000 2251 1054 καὶ
2275 997 2386 1052 τῶν
2425 996 2692 1066 ἐσχάτων,
2716 993 3260 1065 ἀποστερηθήσονται
3285 995 3470 1066 πάσης
3494 993 3771 1066 εὐφροεύ-

2157 1108 2259 1162 νης
2306 1089 2408 1160 τῆς
2457 1087 2546 1140 ἐπ’
2581 1085 2754 1157 αὐτῷ,
2791 1086 2886 1138 καὶ
2929 1083 2999 1138 δι’
3023 1084 3196 1139 αὐτοῦ
3241 1084 3639 1156 δοθησομένης,
3671 1087 3777 1139 καὶ

2095 1232 2100 1236 ,
2161 1181 2257 1234 νῦν
2311 1179 2401 1234 διὰ
2440 1180 2544 1250 τῆς
2593 1177 2867 1250 μυστικῆς
2903 1175 3288 1247 μεταλήψεως,
3319 1177 3416 1232 καὶ
3470 1179 3620 1231 κατὰ
3665 1177 3776 1248 τὴν

2167 1271 2472 1342 μέλλουσαν
2503 1269 2652 1339 ζωὴν
2684 1269 2744 1322 ὲν
2771 1271 2836 1338 τῇ
2873 1266 3126 1338 βασιλείᾳ
3149 1266 3256 1320 τῶν
3284 1267 3548 1338 οὐρανῶν.
3600 1268 3778 1339 Ἀμέ-

2163 1361 2244 1416 λει
2268 1363 2452 1414 τοίνυν
2481 1360 2704 1432 ὰμέσως
2732 1359 2894 1424 αὖθις
2923 1360 3176 1440 επήγαγε
3206 1373 3222 1387 ο

2053 1477 2082 1549 §
2125 1474 2192 1531 v.

539 1605 671 1662 Car.
694 1602 1013 1667 V.Vens.2,
1034 1601 1088 1657 ⁸5.
1107 1599 1238 1656 Noli
1261 1600 1518 1672 festinare
1544 1599 1602 1654 in
1634 1613 1723 1653 ore
1754 1604 1864 1663 tuo,
1890 1604 1940 1650 et
1971 1611 2063 1649 cor

2235 1593 2332 1662 Μὴ
2368 1592 2600 1648 σπεῦδε
2629 1591 2729 1646 ἐπὶ
2761 1591 3017 1662 στόματί
3062 1607 3227 1658 σουν
3252 1592 3354 1646 καὶ
3398 1593 3618 1660 καρδία
3646 1609 3776 1648 σου

475 1709 621 1755 tuum
641 1715 742 1753 non
760 1705 1000 1769 properet
1012 1696 1081 1749 ad
1096 1693 1470 1765 proferendum
1489 1693 1699 1748 verbum
1713 1691 1770 1744 in
1787 1695 2066 1758 conspectu

475 1791 574 1846 Dei
601 1807 621 1846 :
648 1792 774 1863 quia
787 1793 938 1849 .Deus
966 1790 1020 1843 in
1053 1788 1200 1852 caelo,
1233 1797 1280 1842 et
1311 1795 1368 1841 tu
1397 1801 1555 1856 super
1583 1794 1802 1839 terram.
1837 1779 2068 1852 Propter

473 1882 570 1936 hoc
591 1883 698 1936 sint
726 1882 879 1934 verba
927 1889 1018 1932 tua
1053 1893 1226 1948 pauca
1246 1892 1266 1940 ,°
1301 1876 1428 1948 quia
1471 1875 1683 1929 advenit
1717 1873 1977 1928 somnium
2007 1873 2067 1924 in

473 1974 819 2029 multitudine
839 1971 1256 2036 sollicitudinis;
1279 1977 1452 2025 etnox
1473 1966 1628 2022 stulti
1648 1967 1702 2021 in
1723 1964 2067 2021 multitudine

469 2079 771 2120 sermonum
803 2055 906 2133 (Ἰ).
1341 2070 1350 2077 ’

401 2304 412 2320 δ
543 2236 822 2308 Hactenus
865 2235 1087 2308 sapiens
1137 2231 1502 2291 Ecclesiastes
1564 2245 1664 2287 eos
1717 2229 2062 2294 cohortatus,

472 2329 570 2400 qui
592 2329 819 2385 domum
852 2327 944 2382 Dei
972 2325 1378 2396 ingrediuntur,
1409 2339 1478 2379 ne
1502 2335 1854 2394 praeprOpcre
1881 2321 2066 2376 disce-

475 2419 627 2483 dant;
661 2431 806 2489 neve
831 2414 962 2470 dum
995 2415 1145 2468 intus
1178 2423 1382 2480 astant,
1409 2412 1630 2468 divinas
1663 2411 1903 2468 Litteras
1933 2425 2068 2466 con-

473 2509 755 2565 temnendi
797 2507 984 2562 animo
1033 2516 1130 2562 aut
1171 2505 1467 2561 cavillandi
1513 2505 1698 2560 studio
1729 2503 1978 2568 audiant,
2010 2509 2068 2556 at

473 2613 694 2653 omnem
726 2607 784 2652 ut
808 2612 998 2652 curam
1025 2612 1094 2652 ac
1122 2596 1463 2667 diligentiam
1500 2595 1656 2673 131
1688 2591 2064 2665 praesel'erant,

473 2697 931 2758 concurrantque
963 2697 1020 2742 et
1047 2689 1315 2744 accedant
1343 2687 1593 2757 propius,
1639 2694 1697 2740 ut
1727 2699 1852 2756 quae
1885 2683 2067 2754 perle-

473 2786 700 2849 guntur,
737 2776 1056 2842 exaudiant,
1087 2777 1205 2832 sive
1233 2791 1301 2832 ex
1329 2775 1484 2831 N'ovo
1515 2778 1632 2832 sive
1661 2789 1730 2830 ex
1757 2772 1941 2829 Veteri
1964 2770 2068 2830 Te.

475 2877 776 2934 stamento,
806 2869 953 2924 unde
981 2876 1241 2924 :eternatn
1267 2868 1434 2922 vitam
1467 2867 1812 2938 salutemque
1843 2864 2067 2920 haurire

473 2970 742 3032 Ροεευιιις
794 2964 872 3016 ait
902 2961 1104 3032 quippe
1133 2959 1402 3016 Dominus
1437 2975 1452 3012 :
1485 2977 1504 3010 ι
1547 2936 1885 3014 Scrutamini
1917 2954 2065 3012 Scri-
2093 2936 2138 2996 C-

473 3063 684 3126 pturas,
737 3053 868 3124 quia
918 3053 1123 3124 putatis
1183 3053 1236 3108 in
1273 3051 1412 3123 ipsis
1447 3051 1621 3106 vitam
1653 3059 1920 3106 aeternam
1964 3047 2066 3102 ha-

475 3146 608 3203 bere
637 3146 720 3216 ⁹⁹;
753 3164 773 3198 ι
821 3160 969 3200 nunc
1025 3145 1188 3200 aliam
1241 3158 1438 3199 rursus
1499 3142 1798 3213 impietatis
1839 3154 2064 3197 causam

476 3241 700 3307 avertit,
733 3247 1056 3314 perpetuam
1098 3255 1117 3289 ι
1150 3236 1232 3293 ori
1265 3235 1577 3292 custodiam
1623 3235 1930 3306 ponendam
1969 3233 2068 3289 ad-

477 3347 734 3395 monens,
764 3338 819 3384 et
842 3329 1006 3383 labiis
1043 3346 1061 3378 ι
1107 3329 1311 3381 ostium
1340 3322 1834 3390 circumstantiaa‘,
1874 3341 1894 3374 ι
1929 3336 2069 3391 quo-

475 3423 802 3490 tiescunque
847 3435 1037 3476 sacras
1073 3418 1311 3478 Litteras
1345 3417 1599 3480 audiunt,
1631 3414 1874 3470 divinam
1913 3413 2067 3466 illam

474 3525 533 3572 et
563 3512 1156 3583 charitate—insignem,
1189 3520 1246 3566 at
1284 3509 1508 3564 minime
1542 3507 1911 3578 indagahilem
1945 3505 2071 3561 Uni-

477 3607 645 3678 geniti
679 3605 1192 3661 inhumanationem
1221 3642 1236 3668 ,
1264 3602 1350 3666 vel
1379 3609 1678 3672 antequam
1730 3599 1902 3662 fleret,
1927 3613 2067 3666 prte-

478 3700 820 3764 nuntiantes,
859 3699 944 3752 vel
972 3702 1270 3766 postquam
1303 3691 1552 3764 perfecta
1583 3693 1696 3758 est;
1723 3699 2069 3754 enarrantes,

473 3804 548 3868 ac
573 3787 874 3844 divinitatis
903 3785 1026 3856 ejus
1061 3794 1114 3838 et
1142 3784 1400 3854 potentiae
1433 3776 1902 3852 magniﬁcentiam
1938 3794 2072 3849 pro-

479 3881 712 3936 dentes:
738 3896 806 3934 ne
829 3879 1039 3933 scilicet
1071 3877 1336 3932 audacter
1363 3889 1428 3930 ac
1459 3884 1687 3936 temere,
1715 3887 1857 3942 quos
1882 3885 2071 3926 secum

479 3975 586 4046 ipsi
641 3972 1003 4035 meditantur,
1058 3967 1398 4024 inﬁdelitatis
1449 3980 1734 4022 sermones
1786 3963 2076 4036 proferant

481 4069 666 4134 labiis,
705 4081 772 4122 ac
811 4081 926 4122 rem
959 4063 1072 4119 Deo
1098 4063 1380 4134 indignam
1419 4075 1546 4116 esse
1577 4060 1848 4126 dictitcnt,
1891 4059 2072 4128 ipsum

481 4159 746 4216 incll‘abili
808 4172 939 4228 erga
997 4156 1253 4212 homines
1309 4169 1499 4210 amore
1541 4152 1820 4208 hominem
1869 4151 2072 4206 factum

479 4266 628 4317 esse,
655 4249 838 4320 qualis
866 4251 1104 4318 quisque
1133 4255 1386 4302 nostrum
1423 4253 1530 4310 est,
1561 4244 1655 4315 qui
1689 4258 1854 4314 supra
1891 4241 2076 4296 homi-

481 4358 611 4398 nem
641 4341 828 4402 fuerit,
850 4355 916 4396 ac
938 4339 1169 4409 formam
1199 4338 1270 4393 ab
1289 4351 1357 4394 eo
1386 4337 1524 4392 serui
1554 4345 1885 4406 assumptant
1907 4336 1949 4400 ',
1980 4332 2075 4404 qui

457 4449 702 4491 omnem
736 4432 953 4488 excedit
978 4430 1372 4496 substantiam,
1404 4443 1739 4499 omnemque
1787 4441 2079 4498 supergre-

481 4527 635 4582 ditur
661 4523 1085 4595 intelligentiam
1119 4531 1284 4594 atque
1307 4521 1904 4591 circumscriptionem,
1936 4533 2080 4574 unus

480 4615 1060 4688 incomprehensibilis
1088 4632 1102 4670 :
1135 4623 1192 4670 at
1223 4622 1416 4672 contra
1444 4623 1504 4670 ut
1538 4614 1664 4669 inde
1693 4619 1924 4668 avocent
1955 4610 2078 4668 ani-

480 4729 654 4780 mum,
690 4724 930 4782 eumque
966 4709 1307 4780 cupidiorem
1349 4723 1415 4763 ac
1456 4707 1848 4764 studiosiorem
1888 4714 2077 4761 osten-

477 4808 612 4862 dant
637 4804 1074 4868 institutionum,
1099 4817 1219 4872 qua:
1249 4801 1425 4856 sacris
1456 4800 1512 4854 in
1545 4799 1770 4854 Litteris
1793 4797 2076 4854 continen-

477 4905 570 4952 tur
600 4896 744 4952 circa
775 4909 840 4948 ea
871 4907 995 4962 quae
1047 4901 1103 4946 et
1133 4891 1284 4945 credi
1313 4906 1343 4945 a
1371 4890 1531 4946 nobis
1572 4900 1626 4945 et
1656 4888 1898 4960 parendo
1933 4902 2076 4958 prae-

478 4989 616 5046 stari
649 4995 906 5058 Oporteat
943 5003 958 5042 :
986 4985 1172 5050 itaque
1193 4984 1369 5038 multo
1392 4982 1568 5054 magis
1601 4991 1851 5047 caveant,
1881 4995 1948 5034 ne
1967 4978 2076 5035 sibi

475 5099 544 5138 ex
567 5097 666 5136 ore
694 5081 924 5134 verbum
961 5077 1182 5132 excidat
1213 5075 1552 5130 infidelitatis
1588 5085 1683 5130 aut
1721 5071 2080 5144 blasphemiae

476 5175 744 5231 adversus
786 5187 912 5226 enin
947 5171 1044 5239 qui
1078 5185 1181 5224 nos
1213 5167 1462 5222 condidit
1505 5175 1672 5238 atque
1703 5165 1986 5231 formavit,
2015 5171 2075 5219 et

477 5265 764 5322 ren0vabit
801 5276 1024 5320 rursum
1071 5261 1434 5332 restituetque
1466 5275 1532 5316 ac
1563 5259 1621 5314 in
1647 5259 1846 5316 melius
1885 5266 2074 5314 trans-

475 5357 759 5414 formabit.

547 5607 594 5637 ’⁸³
619 5605 783 5660 Joun.
807 5622 859 5670 v,
887 5606 979 5660 59.
1064 5607 1080 5636 ¹
1111 5603 1260 5662 Psal.
1295 5618 1398 5659 cst.
1427 5645 1442 5670 ,
1475 5602 1530 5658 5.
1615 5603 1637 5634 ⁸
1669 5599 1909 5674 Philipp.
1945 5621 2008 5674 ll,
2045 5603 2100 5660 7.

2161 1684 2250 1755 μὴ
2306 1685 2612 1754 ταχυνέτω
2673 1683 2984 1755 ἐξενέγκαι
3029 1684 3218 1753 λόγον
3271 1683 3387 1752 πρὸ
3433 1685 3776 1752 προσώπου

2167 1777 2276 1833 τοῦ
2313 1777 2485 1841 Θεοῦ,
2515 1776 2606 1830 ὅτι
2651 1779 2684 1830 ό
2714 1775 2859 1843 Θεὸς
2896 1775 2968 1830 ἐν
3006 1774 3087 1842 τῷ
3118 1775 3379 1844 οὐρανῷ,
3420 1778 3522 1832 καὶ
3550 1778 3636 1833 σὺ
3665 1777 3779 1834 ἐπὶ

2168 1869 2280 1938 τῆς
2349 1867 2483 1940 γῆς.
2535 1871 2642 1926 Διὰ
2701 1868 2882 1923 τοῦτο
2950 1869 3234 1923 ἔστωσαν
3290 1871 3346 1923 ol
3406 1871 3575 1938 λόγοι
3647 1887 3780 1926 σου

2153 1956 2393 2032 ’ὀλίγοιο
2450 1960 2542 2016 ὅτι
2591 1961 2980 2032 παραγίνεται
3046 1960 3342 2015 ἐνύπνιον
3408 1961 3481 2015 ἐν
3540 1964 3778 2031 πλήθει

2085 2125 2108 2133 _
2167 2053 2540 2124 πειρασμοῦ·
2609 2053 2708 2106 καί
2761 2050 2932 2122 φωνὴ
2982 2051 3247 2121 ἄφρονος
3287 2053 3358 2118 ἐν
3395 2053 3617 2120 πλήθει
3659 2053 3780 2108 λό-

2167 2163 2309 2216 γων.
2557 2197 2562 2203 ,

2251 2235 2723 2310 ’Λσφαλισάμενος
2763 2235 2792 2289 ὁ
2825 2234 2992 2304 σοφὸς
3031 2234 3474 2308 Ἐκκλησιαστὴς
3507 2239 3640 2302 τοὺς
3670 2238 3781 2292 ἁν-

2169 2326 2446 2398 θρώπους,
2479 2328 2557 2399 μὴ
2583 2327 2799 2398 ταχέως
2827 2326 3032 2394 ἐξιέναι
3059 2326 3156 2381 τοῦ
3178 2328 3331 2382 οίκου
3354 2328 3450 2382 τοῦ
3475 2329 3616 2384 Θεοῦ
3645 2331 3781 2394 τοὺς

2167 2419 2252 2482 είς
2295 2419 2459 2474 αὐτὸν
2507 2419 2815 2482 εἰσιόνταςο
2869 2419 3010 2490 μήτε
3043 2419 3150 2492 μὴν
3193 2420 3251 2474 ὲν
3281 2419 3418 2492 οἴκῳ
3453 2420 3592 2475 Θεοῦ
3629 2439 3783 2494 παρ-

2171 2509 2501 2582 ισταμένους
2537 2509 3036 2582 καταφρονητικῶς
3081 2511 3178 2562 καὶ
3208 2511 3781 2586 παραλελογισμένως

2168 2603 2308 2672 πρὸς
2349 2603 2450 2672 τὴν
2481 2602 2749 2674 ἀκρόασιν
2788 2601 3125 2656 διατίθεσθαι
3157 2602 3265 2656 τῶν
3292 2603 3454 2658 θείων
3494 2606 3779 2678 Γραφῶνο

2167 2694 2307 2748 ἀλλὰ
2349 2696 2534 2748 πᾶσαν
2566 2694 2893 2765 ἐπιμέλειαν
2926 2695 3021 2749 καὶ
3067 2697 3308 2768 σπουδὴν
3352 2698 3778 2754 ἐπιδείκνυσθαι

2169 2792 2264 2842 καὶ
2289 2787 2604 2859 συντρέχειν
2628 2787 2724 2841 καὶ
2746 2787 3145 2864 προσεγγίζειν
3166 2787 3263 2842 καὶ
3287 2788 3612 2860 πλησιάζειν
3636 2792 3780 2862 πρὸς

2169 2881 2232 2934 τὸ
2273 2879 2498 2934 ἀκούειν
2530 2879 2641 2934 τῶν
2674 2881 3204 2952 ἀναγινωσκομένων
3237 2883 3478 2954 Γραφῶν
3519 2883 3624 2956 τῆς
3654 2885 3777 2939 Πα-

2170 2973 2332 3038 λαιᾶς
2379 2973 2478 3026 καὶ
2520 2972 2732 3044 Καινῆς
2761 2973 3060 3044 Διαθήκης,
3093 2975 3160 3027 δι’
3191 2967 3266 3030 ὧν
3307 2977 3376 3029 τὰ
3403 2975 3778 3050 προξενοῦντα

2171 3065 2274 3136 τὴν
2317 3063 2538 3118 αἰώνιον
2587 3062 2736 3136 ζωὴν
2783 3065 2879 3118 καλ⁵
2925 3057 3205 3136 σωτηρίαν
3249 3063 3638 3137 εὑρίσκουσιν·
3673 3070 3781 3124 καὶ

2172 3155 2284 3228 γάρ
2307 3173 2472 3228 φησιν
2496 3158 2524 3210 ὁ
2548 3154 2757 3228 Κύριος
2777 3173 2790 3187 σ
2820 3174 2839 3208 ι
2882 3155 3172 3228 Ἐρευνᾶτε
3197 3155 3296 3220 τὰς
3322 3157 3574 3230 Γραφὰς,
3599 3159 3678 3214 ὅτι
3713 3161 3780 3216 ἐν

2174 3248 2366 3313 αὐταῖς
2393 3249 2604 3302 δοκεῖτε
2633 3246 2782 3320 ζωὴν
2806 3247 3028 3301 αίώνιον
3050 3247 3195 3319 ἔχειν
3217 3266 3228 3280 ·
3271 3267 3289 3300 ι
3328 3248 3425 3303 νῦν
3457 3247 3614 3313 αὖθις
3650 3237 3779 3304 έτέξ

2179 3355 2279 3411 ραν
2312 3339 2572 3410 ἀσεϐείας
2603 3339 2784 3394 αἰτίαν
2816 3340 3272 3412 προαναστέλλει.
3316 3342 3652 3414 παρεγγυῶν
3687 3361 3780 3396 τι-

2176 3430 2328 3485 θέναι
2359 3449 2379 3482 ι
2419 3431 2668 3502 φυλακὴν
2699 3433 2758 3485 ὲν
2786 3431 2866 3503 τῷ
2891 3431 3123 3501 στόματι
3164 3451 3184 3483 ι
3225 3433 3485 3497 πάντοτε,
3519 3435 3612 3487 καὶ
3656 3434 3782 3499 τόῖς

2177 3523 2382 3595 χείλεσι
2419 3540 2438 3573 ι
2477 3521 2649 3592 θύραν
2687 3521 2974 3593 περιοχῆς,
3014 3539 3034 3573 ι
3073 3521 3238 3592 ἡνίκα
3285 3523 3417 3593 περὶ
3461 3520 3562 3592 τῆς
3613 3519 3784 3588 ἀνεξ-

2181 3614 2458 3685 ιχνιάστου
2505 3613 2600 3666 καὶ
2636 3611 3027 3682 φιλανθρώπου
3059 3611 3154 3666 καὶ
3185 3611 3339 3677 θείας
3387 3611 3781 3684 σωματώσεως

2177 3703 2273 3758 τοῦ
2309 3702 2652 3772 Μονογενοῦς
2685 3703 2995 3768 ἐπαΐουσιν,
3021 3703 3055 3772 ἢ
3085 3703 3195 3774 πρὸ
3222 3702 3316 3757 τοῦ
3347 3703 3603 3772 γενέσθαι
3634 3722 3780 3776 προ-
3859 3753 3876 3766 ,

2179 3792 2569 3865 αγορευουσῶν
2597 3791 2710 3846 τῶν
2733 3791 2896 3845 θείων
2917 3791 3174 3862 Γραφῶν,
3199 3792 3231 3865 ἢ
3266 3793 3405 3862 μετὰ
3434 3794 3495 3848 τὸ
3517 3794 3775 3863 γενέσθαι

2178 3887 2585 3958 διηγουμένων,
2616 3886 2710 3939 καὶ
2741 3884 3097 3956 φανερουσῶν
3121 3886 3192 3938 τὰ
3225 3887 3492 3956 μεγαλεῖα
3523 3885 3778 3958 τῆςρεό-

2179 3993 2344 4048 τητος
2398 3975 2564 4028 αὑτοῦ
2615 3974 2710 4028 καὶ
2757 3973 3079 4042 δυνάμεως⁹
3131 3973 3269 4028 ἀλλὰ
3324 3971 3402 4045 μὴ
3445 3975 3587 4044 μετά
3623 3990 3776 4040 τινος

2181 4067 2474 4130 αὐθαδείας
2522 4067 2619 4124 καὶΙ
2661 4065 2990 4136 ταχύτητος,
3031 4065 3133 4135 τῆς
3186 4065 3450 4130 ἀπιστίας
3509 4069 3779 4137 προάγειν

2180 4161 2308 4224 τοὺς
2335 4159 2531 4227 λόγους
2561 4157 2650 4212 διὰ
2677 4157 2788 4211 τῶν
2811 4157 3060 4228 χειλέων,
3086 4155 3182 4220 οὓς
3210 4158 3269 4212 ὲν
3295 4160 3362 4228 τῇ
3397 4157 3550 4227 σφῶν
3577 4159 3780 4233 καρδίᾳ

2182 4249 2595 4318 διενθυμείσθαι
2625 4247 2900 4317 λέγοντες,
2931 4247 3151 4312 ἀνάξιον
3179 4243 3320 4300 εῖναι
3351 4247 3488 4300 Θεοῦ
3521 4251 3778 4318 γενέσθαι

2179 4339 2267 4394 διὰ
2298 4337 2711 4410 φιλανθρωπίαν
2744 4337 2974 4408 ἄφατον,
2997 4337 3290 4408 ἄνθρωπον
3311 4337 3389 4402 ὡς
3418 4337 3650 4393 ἕκαστον
3680 4340 3780 4394 ἄν-

2177 4433 2420 4504 θρωπον,
2467 4432 2571 4485 κᾶν
2625 4432 3068 4504 ὑπεράνθρωπον
3113 4431 3326 4500 γέγονε,
3381 4434 3478 4486 καὶ
3531 4432 3782 4504 μορφὴν

2175 4523 2405 4580 δούλου
2439 4524 2652 4578 λαϐεῖν
2691 4525 2784 4579 τὸν
2810 4525 3138 4596 ὑπερούσιον
3167 4525 3267 4578 καὶ
3297 4527 3482 4597 πάσης
3517 4529 3781 4599 ἐπέκεινα

2175 4614 2544 4688 καταλήψεως
2571 4615 2665 4668 καὶ
2691 4615 3044 4688 περιγραφῆς
3076 4615 3172 4668 καὶ
3202 4616 3368 4685 μόνον
3393 4615 3776 4690 ἀπερινόητον·

2177 4705 2314 4761 ἀλλὰ
2350 4707 2446 4760 καὶ
2483 4705 2584 4778 τὴν
2622 4706 2856 4779 καρδίαν
2889 4707 3215 4776 ἀφιστάνειν
3259 4710 3352 4763 καὶ
3401 4727 3784 4783 προσεκτικω-

2178 4796 2347 4868 τέραν
2377 4797 2477 4851 καὶ
2517 4798 2945 4869 νουνεχεστέραν
2976 4797 3352 4854 ἐπιδεικνύναι
3389 4805 3513 4866 ταῖς
3555 4805 3784 4876 εἰσηγή-

2179 4903 2300 4940 σεσι
2342 4887 2451 4942 τῶν
2487 4888 2652 4944 θείων
2694 4890 2735 4942 Γ
2739 4889 2951 4961 ραφῶν,
2985 4891 3122 4960 πρὸς
3154 4890 3217 4944 τὸ
3252 4893 3389 4946 πᾶσι
3413 4898 3527 4958 τοῖς
3566 4895 3658 4948 ὑπ’
3682 4897 3785 4949 αὐο

2175 4979 2288 5032 τῶν
2320 4979 2642 5052 λεγομένοις
2679 4982 2775 5036 καὶ
2815 4982 3097 5036 πιστεύειν
3133 4984 3227 5036 καὶ
3270 4985 3592 5056 πειθαρχεῖν
3614 5003 3630 5018 '
3677 4991 3780 5042 καὶ

2180 5073 2364 5146 πολλῷ
2411 5075 2468 5129 δὲ
2513 5076 2716 5145 μᾶλλον
2753 5074 2828 5148 μὴ
2868 5079 3206 5151 προσφέρειν
3238 5079 3326 5134 διὰ
3369 5079 3465 5134 τοῦ
3510 5082 3784 5152 στόματος

2179 5165 2342 5235 λόγον
2396 5168 2657 5233 ἀπιστίας
2698 5167 2731 5238 ἢ
2775 5169 3130 5243 βλασφημίας
3177 5173 3321 5226 κατὰ
3365 5172 3462 5226 τοῦ
3494 5173 3785 5237 κτίσαντες

2184 5258 2334 5330 ἡμᾶς
2361 5259 2456 5314 καὶ
2481 5260 2998 5332 διαμορφὼσαντος,
3025 5263 3120 5318 καὶ
3145 5263 3310 5318 πάλιν
3336 5265 3784 5330 ἀνακαινίσοντος

2183 5352 2283 5404 καὶ
2331 5355 2924 5426 μεταστοιχειώσοντος
2957 5362 3052 5412 καὶ
3087 5358 3224 5430 πρὸς
3253 5359 3317 5414 τὸ
3354 5362 3604 5430 κρεῖττον
3643 5361 3784 5414 ἁνα-

2183 5444 2588 5518 μορφὼσοντος.

573 5723 627 5796 7)
663 5721 875 5791 Olvnip.
913 5722 1090 5796 ὲντῷ
1121 5722 1336 5795 οὐρανῷ
1409 5723 1538 5786 ἄνω,
1590 5722 1686 5775 καὶ
1741 5723 1808 5777 σὺ
1867 5723 1961 5776 ἐπὶ
2017 5726 2118 5795 τῆς
2159 5722 2266 5793 γῆς
2326 5725 2498 5780 κάτω.
2539 5767 2550 5780 .
2587 5764 2602 5778 .
2637 5726 2730 5780 ἐπὶ
2781 5727 2991 5782 τούτων
3043 5727 3291 5782 ἔστωσαν
3322 5726 3373 5782 oi
3409 5725 3579 5796 λόγοι.
3613 5760 3633 5784 ο
3658 5766 3676 5785 .
3714 5727 3779 5783 ἓν

478 5793 670 5866 π).ἠο·-ι
713 5795 1052 5865 πειρασμῶν.
