  <div class='ocr_page' id='page_1' title='image "/cluster/home/n/w/nwhite01/storage/ocr_20150623/98/coo.31924054870021/482.png"; bbox 0 0 4036 6378; ppageno 0'>
   <div class='ocr_carea' id='block_1_1' title="bbox 359 416 467 480">
    <p class='ocr_par' dir='ltr' id='par_1_1' title="bbox 359 416 467 480">
     <span class='ocr_line' id='line_1_1' title="bbox 359 416 467 480; baseline 0.009 -1"><span class='ocrx_word' id='word_1_1' title='bbox 359 416 467 480; x_wconf 81' lang='lat'><strong>937</strong></span> 
     </span>
    </p>
   </div>
   <div class='ocr_carea' id='block_1_2' title="bbox 1431 399 2571 479">
    <p class='ocr_par' dir='ltr' id='par_1_2' title="bbox 1431 399 2571 479">
     <span class='ocr_line' id='line_1_2' title="bbox 1431 399 2571 479; baseline 0.002 -2"><span class='ocrx_word' id='word_1_2' title='bbox 1431 409 1519 477; x_wconf 87' lang='lat' dir='ltr'><strong>IN</strong></span> <span class='ocrx_word' id='word_1_3' title='bbox 1559 399 2140 476; x_wconf 79' lang='lat' dir='ltr'><strong>ECCLESIASTEN.</strong></span> <span class='ocrx_word' id='word_1_4' title='bbox 2181 437 2252 448; x_wconf 86' lang='lat'><strong>--</strong></span> <span class='ocrx_word' id='word_1_5' title='bbox 2290 412 2440 477; x_wconf 87' lang='lat' dir='ltr'><strong>LIB.</strong></span> <span class='ocrx_word' id='word_1_6' title='bbox 2471 413 2571 479; x_wconf 74' lang='lat' dir='ltr'><strong>TV.</strong></span> 
     </span>
    </p>
   </div>
   <div class='ocr_carea' id='block_1_3' title="bbox 3522 420 3629 485">
    <p class='ocr_par' dir='ltr' id='par_1_3' title="bbox 3522 420 3629 485">
     <span class='ocr_line' id='line_1_3' title="bbox 3522 420 3629 485; baseline 0.009 -1"><span class='ocrx_word' id='word_1_7' title='bbox 3522 420 3629 485; x_wconf 79' lang='lat'><strong>938</strong></span> 
     </span>
    </p>
   </div>
   <div class='ocr_carea' id='block_1_4' title="bbox 428 518 1964 604">
    <p class='ocr_par' dir='ltr' id='par_1_4' title="bbox 428 519 1942 600">
     <span class='ocr_line' id='line_1_4' title="bbox 428 519 1942 600; baseline -0.003 -18"><span class='ocrx_word' id='word_1_8' title='bbox 428 526 601 582; x_wconf 83' lang='grc' dir='ltr'>Τοῦτο</span> <span class='ocrx_word' id='word_1_9' title='bbox 631 526 742 600; x_wconf 72' lang='grc' dir='ltr'>γὰρ</span> <span class='ocrx_word' id='word_1_10' title='bbox 785 519 1044 598; x_wconf 74' lang='grc' dir='ltr'>σημαίνει</span> <span class='ocrx_word' id='word_1_11' title='bbox 1080 525 1268 596; x_wconf 85' lang='grc' dir='ltr'>σαφῶς</span> <span class='ocrx_word' id='word_1_12' title='bbox 1307 524 1338 579; x_wconf 80' lang='grc' dir='ltr'><strong><em>ὃ</em></strong></span> <span class='ocrx_word' id='word_1_13' title='bbox 1367 542 1524 596; x_wconf 88' lang='grc' dir='ltr'>φησι,</span> <span class='ocrx_word' id='word_1_14' title='bbox 1563 543 1583 577; x_wconf 78' lang='grc' dir='ltr'><strong>ι</strong></span> <span class='ocrx_word' id='word_1_15' title='bbox 1625 525 1740 596; x_wconf 83' lang='grc' dir='ltr'>Πρδ</span> <span class='ocrx_word' id='word_1_16' title='bbox 1772 539 1942 597; x_wconf 83' lang='grc' dir='ltr'>προσ-</span> 
     </span>
    </p>
   </div>
   <div class='ocr_carea' id='block_1_5' title="bbox 2065 518 3632 604">
    <p class='ocr_par' dir='ltr' id='par_1_5' title="bbox 2115 518 3632 604">
     <span class='ocr_line' id='line_1_5' title="bbox 2115 518 3632 604; baseline 0.009 -30"><span class='ocrx_word' id='word_1_17' title='bbox 2115 518 2251 576; x_wconf 84' lang='lat' dir='ltr'><strong>Nam</strong></span> <span class='ocrx_word' id='word_1_18' title='bbox 2277 524 2382 578; x_wconf 91' lang='lat' dir='ltr'><strong>hoc</strong></span> <span class='ocrx_word' id='word_1_19' title='bbox 2415 533 2603 596; x_wconf 88' lang='lat' dir='ltr'><strong>aperte</strong></span> <span class='ocrx_word' id='word_1_20' title='bbox 2631 524 2876 582; x_wconf 89' lang='lat' dir='ltr'><strong>indicant</strong></span> <span class='ocrx_word' id='word_1_21' title='bbox 2908 525 3072 584; x_wconf 86' lang='lat' dir='ltr'><strong>verba</strong></span> <span class='ocrx_word' id='word_1_22' title='bbox 3103 527 3217 594; x_wconf 89' lang='lat' dir='ltr'><strong>illa,</strong></span> <span class='ocrx_word' id='word_1_23' title='bbox 3255 548 3272 582; x_wconf 80' lang='grc' dir='ltr'><strong>ι</strong></span> <span class='ocrx_word' id='word_1_24' title='bbox 3302 527 3360 585; x_wconf 85' lang='lat' dir='ltr'><strong>In</strong></span> <span class='ocrx_word' id='word_1_25' title='bbox 3390 545 3632 604; x_wconf 77' lang='lat' dir='ltr'><strong>conspe—</strong></span> 
     </span>
    </p>
   </div>
   <div class='ocr_carea' id='block_1_6' title="bbox 345 615 1940 688">
    <p class='ocr_par' dir='ltr' id='par_1_6' title="bbox 345 615 1940 688">
     <span class='ocr_line' id='line_1_6' title="bbox 345 615 1940 688; baseline -0.003 -16"><span class='ocrx_word' id='word_1_26' title='bbox 345 618 505 672; x_wconf 85' lang='grc' dir='ltr'>ὡπου</span> <span class='ocrx_word' id='word_1_27' title='bbox 534 616 630 672; x_wconf 81' lang='grc' dir='ltr'>τοῦ</span> <span class='ocrx_word' id='word_1_28' title='bbox 656 617 815 682; x_wconf 86' lang='grc' dir='ltr'>Θεοῦ,</span> <span class='ocrx_word' id='word_1_29' title='bbox 853 638 872 670; x_wconf 74' lang='grc' dir='ltr'><strong>ι</strong></span> <span class='ocrx_word' id='word_1_30' title='bbox 911 619 1160 672; x_wconf 83' lang='grc' dir='ltr'><strong>τουτέστι</strong></span> <span class='ocrx_word' id='word_1_31' title='bbox 1185 617 1328 671; x_wconf 85' lang='grc' dir='ltr'><strong>κατά</strong></span> <span class='ocrx_word' id='word_1_32' title='bbox 1359 617 1616 688; x_wconf 80' lang='grc' dir='ltr'>βούλησιν</span> <span class='ocrx_word' id='word_1_33' title='bbox 1641 617 1736 669; x_wconf 75' lang='grc' dir='ltr'><strong>καὶ</strong></span> <span class='ocrx_word' id='word_1_34' title='bbox 1755 615 1940 686; x_wconf 74' lang='grc' dir='ltr'>ψῆφον</span> 
     </span>
    </p>
   </div>
   <div class='ocr_carea' id='block_1_7' title="bbox 339 705 1940 782">
    <p class='ocr_par' dir='ltr' id='par_1_7' title="bbox 339 705 1940 782">
     <span class='ocr_line' id='line_1_7' title="bbox 339 705 1940 782; baseline -0.007 -12"><span class='ocrx_word' id='word_1_35' title='bbox 339 712 740 782; x_wconf 77' lang='grc' dir='ltr'><strong>ἀντικειμένην</strong></span> <span class='ocrx_word' id='word_1_36' title='bbox 768 713 835 782; x_wconf 78' lang='grc' dir='ltr'>τῇ</span> <span class='ocrx_word' id='word_1_37' title='bbox 870 709 1034 782; x_wconf 77' lang='grc' dir='ltr'>βουλῇ</span> <span class='ocrx_word' id='word_1_38' title='bbox 1074 709 1169 764; x_wconf 68' lang='grc' dir='ltr'><strong>καὶ</strong></span> <span class='ocrx_word' id='word_1_39' title='bbox 1193 709 1359 781; x_wconf 79' lang='grc' dir='ltr'>ψήφῳ</span> <span class='ocrx_word' id='word_1_40' title='bbox 1387 711 1488 773; x_wconf 81' lang='grc' dir='ltr'>τῆς</span> <span class='ocrx_word' id='word_1_41' title='bbox 1510 707 1606 762; x_wconf 79' lang='grc' dir='ltr'>τοῦ</span> <span class='ocrx_word' id='word_1_42' title='bbox 1636 705 1774 760; x_wconf 79' lang='grc' dir='ltr'>Θεοῦ</span> <span class='ocrx_word' id='word_1_43' title='bbox 1811 707 1940 777; x_wconf 85' lang='grc' dir='ltr'>βου-</span> 
     </span>
    </p>
   </div>
   <div class='ocr_carea' id='block_1_8' title="bbox 342 790 1943 875">
    <p class='ocr_par' dir='ltr' id='par_1_8' title="bbox 342 790 1943 875">
     <span class='ocr_line' id='line_1_8' title="bbox 342 790 1943 875; baseline -0.006 -18"><span class='ocrx_word' id='word_1_44' title='bbox 342 803 451 875; x_wconf 78' lang='grc' dir='ltr'>λῆς</span> <span class='ocrx_word' id='word_1_45' title='bbox 481 804 578 859; x_wconf 77' lang='grc' dir='ltr'>καὶ</span> <span class='ocrx_word' id='word_1_46' title='bbox 613 790 849 874; x_wconf 80' lang='grc' dir='ltr'>κρίσεως</span> <span class='ocrx_word' id='word_1_47' title='bbox 880 801 1324 873; x_wconf 79' lang='grc' dir='ltr'>ἀγαθοπρεποῦς.</span> <span class='ocrx_word' id='word_1_48' title='bbox 1371 800 1430 854; x_wconf 83' lang='lat'><strong>&#39;0</strong></span> <span class='ocrx_word' id='word_1_49' title='bbox 1459 801 1570 870; x_wconf 84' lang='grc' dir='ltr'><strong>γὰρ</strong></span> <span class='ocrx_word' id='word_1_50' title='bbox 1609 817 1626 850; x_wconf 84' lang='grc' dir='ltr'><strong>ι</strong></span> <span class='ocrx_word' id='word_1_51' title='bbox 1657 797 1814 862; x_wconf 75' lang='grc' dir='ltr'>Θεὸς,</span> <span class='ocrx_word' id='word_1_52' title='bbox 1840 811 1943 866; x_wconf 82' lang='grc' dir='ltr'>φη-</span> 
     </span>
    </p>
   </div>
   <div class='ocr_carea' id='block_1_9' title="bbox 345 890 1942 968">
    <p class='ocr_par' dir='ltr' id='par_1_9' title="bbox 345 890 1942 968">
     <span class='ocr_line' id='line_1_9' title="bbox 345 890 1942 968; baseline -0.005 -18"><span class='ocrx_word' id='word_1_53' title='bbox 345 898 461 962; x_wconf 69' lang='grc' dir='ltr'>σιν,</span> <span class='ocrx_word' id='word_1_54' title='bbox 491 899 551 950; x_wconf 80' lang='grc' dir='ltr'><strong>ἐν</strong></span> <span class='ocrx_word' id='word_1_55' title='bbox 579 895 658 967; x_wconf 85' lang='grc' dir='ltr'>τῷ</span> <span class='ocrx_word' id='word_1_56' title='bbox 685 895 924 968; x_wconf 80' lang='grc' dir='ltr'>οὐρανῷ,</span> <span class='ocrx_word' id='word_1_57' title='bbox 958 895 1055 949; x_wconf 81' lang='grc' dir='ltr'><strong>καὶ</strong></span> <span class='ocrx_word' id='word_1_58' title='bbox 1099 897 1167 950; x_wconf 82' lang='grc' dir='ltr'><strong>σὺ</strong></span> <span class='ocrx_word' id='word_1_59' title='bbox 1207 895 1300 948; x_wconf 80' lang='grc' dir='ltr'>ἐπὶ</span> <span class='ocrx_word' id='word_1_60' title='bbox 1330 894 1430 966; x_wconf 78' lang='grc' dir='ltr'>τῆς</span> <span class='ocrx_word' id='word_1_61' title='bbox 1455 893 1580 964; x_wconf 79' lang='grc' dir='ltr'>γῆς,</span> <span class='ocrx_word' id='word_1_62' title='bbox 1608 912 1626 943; x_wconf 70' lang='grc' dir='ltr'><strong>ι</strong></span> <span class='ocrx_word' id='word_1_63' title='bbox 1661 891 1724 944; x_wconf 78' lang='grc' dir='ltr'>τὸ</span> <span class='ocrx_word' id='word_1_64' title='bbox 1753 890 1942 958; x_wconf 76' lang='grc' dir='ltr'>διάφοο</span> 
     </span>
    </p>
   </div>
   <div class='ocr_carea' id='block_1_10' title="bbox 350 979 1943 1058">
    <p class='ocr_par' dir='ltr' id='par_1_10' title="bbox 350 979 1943 1058">
     <span class='ocr_line' id='line_1_10' title="bbox 350 979 1943 1058; baseline -0.004 -18"><span class='ocrx_word' id='word_1_65' title='bbox 350 1004 454 1057; x_wconf 85' lang='grc' dir='ltr'><strong>ρον</strong></span> <span class='ocrx_word' id='word_1_66' title='bbox 482 987 750 1058; x_wconf 80' lang='grc' dir='ltr'>ἑκατέρου</span> <span class='ocrx_word' id='word_1_67' title='bbox 787 985 1070 1058; x_wconf 84' lang='grc' dir='ltr'>παριστῶν</span> <span class='ocrx_word' id='word_1_68' title='bbox 1096 985 1187 1041; x_wconf 82' lang='grc' dir='ltr'><strong>διὰ</strong></span> <span class='ocrx_word' id='word_1_69' title='bbox 1226 985 1337 1040; x_wconf 88' lang='grc' dir='ltr'><strong>τῶν</strong></span> <span class='ocrx_word' id='word_1_70' title='bbox 1366 984 1698 1056; x_wconf 79' lang='grc' dir='ltr'><strong>εἰρημένων,</strong></span> <span class='ocrx_word' id='word_1_71' title='bbox 1731 979 1943 1051; x_wconf 85' lang='grc' dir='ltr'>ἀνθρὼ-</span> 
     </span>
    </p>
   </div>
   <div class='ocr_carea' id='block_1_11' title="bbox 347 1073 1944 1150">
    <p class='ocr_par' dir='ltr' id='par_1_11' title="bbox 347 1073 1944 1150">
     <span class='ocr_line' id='line_1_11' title="bbox 347 1073 1944 1150; baseline -0.004 -18"><span class='ocrx_word' id='word_1_72' title='bbox 347 1096 458 1133; x_wconf 80' lang='grc' dir='ltr'><strong>που</strong></span> <span class='ocrx_word' id='word_1_73' title='bbox 486 1074 692 1150; x_wconf 76' lang='grc' dir='ltr'>δηλαδὴ</span> <span class='ocrx_word' id='word_1_74' title='bbox 721 1079 820 1132; x_wconf 66' lang='grc' dir='ltr'><strong>καὶ</strong></span> <span class='ocrx_word' id='word_1_75' title='bbox 851 1078 1010 1133; x_wconf 78' lang='grc' dir='ltr'>Θεοῦ.</span> <span class='ocrx_word' id='word_1_76' title='bbox 1044 1077 1315 1150; x_wconf 79' lang='grc' dir='ltr'><strong>Καθάπερ</strong></span> <span class='ocrx_word' id='word_1_77' title='bbox 1343 1076 1475 1146; x_wconf 86' lang='grc' dir='ltr'>γὰρ,</span> <span class='ocrx_word' id='word_1_78' title='bbox 1507 1076 1695 1146; x_wconf 74' lang='grc' dir='ltr'>φησὶν,</span> <span class='ocrx_word' id='word_1_79' title='bbox 1723 1076 1752 1127; x_wconf 89' lang='grc' dir='ltr'>ὁ</span> <span class='ocrx_word' id='word_1_80' title='bbox 1781 1073 1944 1145; x_wconf 84' lang='grc' dir='ltr'>ούρα-</span> 
     </span>
    </p>
   </div>
   <div class='ocr_carea' id='block_1_12' title="bbox 349 1162 1945 1242">
    <p class='ocr_par' dir='ltr' id='par_1_12' title="bbox 349 1162 1945 1242">
     <span class='ocr_line' id='line_1_12' title="bbox 349 1162 1945 1242; baseline -0.004 -20"><span class='ocrx_word' id='word_1_81' title='bbox 349 1170 448 1235; x_wconf 82' lang='grc' dir='ltr'><strong>νδς</strong></span> <span class='ocrx_word' id='word_1_82' title='bbox 505 1170 922 1242; x_wconf 79' lang='grc' dir='ltr'><strong>ὑπερανέστηκε</strong></span> <span class='ocrx_word' id='word_1_83' title='bbox 977 1171 1077 1240; x_wconf 84' lang='grc' dir='ltr'>τῆς</span> <span class='ocrx_word' id='word_1_84' title='bbox 1125 1171 1230 1240; x_wconf 85' lang='grc' dir='ltr'>γῆς</span> <span class='ocrx_word' id='word_1_85' title='bbox 1283 1167 1653 1242; x_wconf 82' lang='grc' dir='ltr'>ἀσυγκρίτως,</span> <span class='ocrx_word' id='word_1_86' title='bbox 1703 1162 1800 1218; x_wconf 77' lang='grc' dir='ltr'>καὶ</span> <span class='ocrx_word' id='word_1_87' title='bbox 1845 1164 1945 1234; x_wconf 84' lang='grc' dir='ltr'>τὴν</span> 
     </span>
    </p>
   </div>
   <div class='ocr_carea' id='block_1_13' title="bbox 355 1255 1946 1334">
    <p class='ocr_par' dir='ltr' id='par_1_13' title="bbox 355 1255 1946 1334">
     <span class='ocr_line' id='line_1_13' title="bbox 355 1255 1946 1334; baseline -0.006 -18"><span class='ocrx_word' id='word_1_88' title='bbox 355 1263 639 1334; x_wconf 82' lang='grc' dir='ltr'>ὑπεροχὴν</span> <span class='ocrx_word' id='word_1_89' title='bbox 686 1261 824 1332; x_wconf 79' lang='grc' dir='ltr'>πρὸς</span> <span class='ocrx_word' id='word_1_90' title='bbox 849 1262 948 1332; x_wconf 82' lang='grc' dir='ltr'><strong>τὴν</strong></span> <span class='ocrx_word' id='word_1_91' title='bbox 969 1261 1073 1333; x_wconf 81' lang='grc' dir='ltr'>γῆν</span> <span class='ocrx_word' id='word_1_92' title='bbox 1103 1261 1218 1332; x_wconf 72' lang='grc' dir='ltr'>ἔχει</span> <span class='ocrx_word' id='word_1_93' title='bbox 1255 1259 1538 1320; x_wconf 79' lang='grc' dir='ltr'><strong>παντελῶς</strong></span> <span class='ocrx_word' id='word_1_94' title='bbox 1577 1255 1946 1328; x_wconf 73' lang='grc' dir='ltr'>ὕπερόάλλου-</span> 
     </span>
    </p>
   </div>
   <div class='ocr_carea' id='block_1_14' title="bbox 359 1347 1947 1424">
    <p class='ocr_par' dir='ltr' id='par_1_14' title="bbox 359 1347 1947 1424">
     <span class='ocr_line' id='line_1_14' title="bbox 359 1347 1947 1424; baseline -0.006 -17"><span class='ocrx_word' id='word_1_95' title='bbox 359 1371 486 1419; x_wconf 85' lang='grc' dir='ltr'>σαν,</span> <span class='ocrx_word' id='word_1_96' title='bbox 514 1355 590 1418; x_wconf 82' lang='grc' dir='ltr'>ὡς</span> <span class='ocrx_word' id='word_1_97' title='bbox 620 1353 756 1424; x_wconf 84' lang='grc' dir='ltr'>μηδὲ</span> <span class='ocrx_word' id='word_1_98' title='bbox 781 1353 866 1406; x_wconf 71' lang='grc' dir='ltr'><strong>σοι</strong></span> <span class='ocrx_word' id='word_1_99' title='bbox 893 1351 1458 1424; x_wconf 77' lang='grc' dir='ltr'>καταλαμϐανομένην</span> <span class='ocrx_word' id='word_1_100' title='bbox 1480 1365 1494 1378; x_wconf 86' lang='grc'><strong>·</strong></span> <span class='ocrx_word' id='word_1_101' title='bbox 1526 1348 1712 1418; x_wconf 86' lang='grc' dir='ltr'>πολλῷ</span> <span class='ocrx_word' id='word_1_102' title='bbox 1745 1347 1947 1418; x_wconf 83' lang='grc' dir='ltr'>μᾶλλον</span> 
     </span>
    </p>
   </div>
   <div class='ocr_carea' id='block_1_15' title="bbox 359 1441 1948 1516">
    <p class='ocr_par' dir='ltr' id='par_1_15' title="bbox 359 1441 1948 1516">
     <span class='ocr_line' id='line_1_15' title="bbox 359 1441 1948 1516; baseline -0.005 -15"><span class='ocrx_word' id='word_1_103' title='bbox 359 1447 753 1516; x_wconf 77' lang='grc' dir='ltr'><strong>ἀκατάληπτον</strong></span> <span class='ocrx_word' id='word_1_104' title='bbox 783 1445 914 1500; x_wconf 79' lang='grc' dir='ltr'>ὅντα</span> <span class='ocrx_word' id='word_1_105' title='bbox 961 1446 1058 1499; x_wconf 75' lang='grc' dir='ltr'>καὶ</span> <span class='ocrx_word' id='word_1_106' title='bbox 1088 1444 1368 1508; x_wconf 83' lang='grc' dir='ltr'>παντελῶς</span> <span class='ocrx_word' id='word_1_107' title='bbox 1403 1441 1810 1514; x_wconf 76' lang='grc' dir='ltr'>ἀνεξιχνίαστον</span> <span class='ocrx_word' id='word_1_108' title='bbox 1854 1441 1948 1493; x_wconf 83' lang='grc' dir='ltr'><strong>τὸν</strong></span> 
     </span>
    </p>
   </div>
   <div class='ocr_carea' id='block_1_16' title="bbox 355 1532 1951 1607">
    <p class='ocr_par' dir='ltr' id='par_1_16' title="bbox 355 1532 1951 1607">
     <span class='ocr_line' id='line_1_16' title="bbox 355 1532 1951 1607; baseline -0.003 -17"><span class='ocrx_word' id='word_1_109' title='bbox 355 1537 520 1597; x_wconf 83' lang='grc' dir='ltr'>Θεὸν,</span> <span class='ocrx_word' id='word_1_110' title='bbox 561 1535 830 1607; x_wconf 75' lang='grc' dir='ltr'>μηδαμῶς</span> <span class='ocrx_word' id='word_1_111' title='bbox 879 1535 1202 1607; x_wconf 81' lang='grc' dir='ltr'>πειραθείης</span> <span class='ocrx_word' id='word_1_112' title='bbox 1239 1535 1509 1600; x_wconf 79' lang='grc' dir='ltr'>εὐθύνειν,</span> <span class='ocrx_word' id='word_1_113' title='bbox 1539 1533 1616 1598; x_wconf 83' lang='grc' dir='ltr'>ὡς</span> <span class='ocrx_word' id='word_1_114' title='bbox 1655 1532 1776 1604; x_wconf 76' lang='grc' dir='ltr'>οὐχὶ</span> <span class='ocrx_word' id='word_1_115' title='bbox 1817 1548 1951 1602; x_wconf 86' lang='grc' dir='ltr'>πρε-</span> 
     </span>
    </p>
   </div>
   <div class='ocr_carea' id='block_1_17' title="bbox 357 1624 1951 1698">
    <p class='ocr_par' dir='ltr' id='par_1_17' title="bbox 357 1624 1951 1698">
     <span class='ocr_line' id='line_1_17' title="bbox 357 1624 1951 1698; baseline -0.002 -18"><span class='ocrx_word' id='word_1_116' title='bbox 357 1629 576 1691; x_wconf 78' lang='grc' dir='ltr'>πόντως</span> <span class='ocrx_word' id='word_1_117' title='bbox 607 1629 914 1698; x_wconf 84' lang='grc' dir='ltr'>ποιήσαντα</span> <span class='ocrx_word' id='word_1_118' title='bbox 939 1628 1036 1680; x_wconf 75' lang='grc' dir='ltr'><strong>καὶ</strong></span> <span class='ocrx_word' id='word_1_119' title='bbox 1059 1627 1152 1680; x_wconf 72' lang='grc' dir='ltr'>τὸν</span> <span class='ocrx_word' id='word_1_120' title='bbox 1175 1625 1308 1680; x_wconf 82' lang='grc' dir='ltr'>ἴδιον</span> <span class='ocrx_word' id='word_1_121' title='bbox 1332 1624 1462 1679; x_wconf 86' lang='grc' dir='ltr'>Υίὸν</span> <span class='ocrx_word' id='word_1_122' title='bbox 1487 1624 1951 1691; x_wconf 81' lang='grc' dir='ltr'>ἐξαποστείλαντα</span> 
     </span>
    </p>
   </div>
   <div class='ocr_carea' id='block_1_18' title="bbox 357 1717 1953 1792">
    <p class='ocr_par' dir='ltr' id='par_1_18' title="bbox 357 1717 1953 1792">
     <span class='ocr_line' id='line_1_18' title="bbox 357 1717 1953 1792; baseline -0.004 -18"><span class='ocrx_word' id='word_1_123' title='bbox 357 1721 504 1792; x_wconf 71' lang='grc' dir='ltr'>πρὸς</span> <span class='ocrx_word' id='word_1_124' title='bbox 531 1719 721 1773; x_wconf 83' lang='grc' dir='ltr'>τοῦτον</span> <span class='ocrx_word' id='word_1_125' title='bbox 746 1718 991 1790; x_wconf 82' lang='grc' dir='ltr'>δηλονότι</span> <span class='ocrx_word' id='word_1_126' title='bbox 1013 1718 1104 1771; x_wconf 72' lang='grc' dir='ltr'>τὸν</span> <span class='ocrx_word' id='word_1_127' title='bbox 1129 1718 1356 1787; x_wconf 88' lang='grc' dir='ltr'>κόσμον,</span> <span class='ocrx_word' id='word_1_128' title='bbox 1394 1735 1412 1768; x_wconf 83' lang='grc' dir='ltr'><strong>ι</strong></span> <span class='ocrx_word' id='word_1_129' title='bbox 1449 1717 1746 1787; x_wconf 85' lang='grc' dir='ltr'>γενόμενον</span> <span class='ocrx_word' id='word_1_130' title='bbox 1773 1717 1837 1770; x_wconf 83' lang='grc' dir='ltr'><strong>ἐκ</strong></span> <span class='ocrx_word' id='word_1_131' title='bbox 1861 1733 1953 1784; x_wconf 86' lang='grc' dir='ltr'>γυ-</span> 
     </span>
    </p>
   </div>
   <div class='ocr_carea' id='block_1_19' title="bbox 357 1807 1951 1881">
    <p class='ocr_par' dir='ltr' id='par_1_19' title="bbox 357 1807 1951 1881">
     <span class='ocr_line' id='line_1_19' title="bbox 357 1807 1951 1881; baseline -0.004 -15"><span class='ocrx_word' id='word_1_132' title='bbox 357 1811 575 1876; x_wconf 76' lang='grc' dir='ltr'>ναικὸς,</span> <span class='ocrx_word' id='word_1_133' title='bbox 603 1811 896 1881; x_wconf 85' lang='grc' dir='ltr'>γενόμενον</span> <span class='ocrx_word' id='word_1_134' title='bbox 925 1810 1031 1862; x_wconf 71' lang='grc' dir='ltr'>ὑπὸ</span> <span class='ocrx_word' id='word_1_135' title='bbox 1053 1811 1241 1880; x_wconf 90' lang='grc' dir='ltr'>νόμον,</span> <span class='ocrx_word' id='word_1_136' title='bbox 1270 1809 1358 1863; x_wconf 81' lang='grc' dir='ltr'><strong>ἴνα</strong></span> <span class='ocrx_word' id='word_1_137' title='bbox 1391 1809 1518 1872; x_wconf 83' lang='grc' dir='ltr'>τοὺς</span> <span class='ocrx_word' id='word_1_138' title='bbox 1543 1807 1650 1862; x_wconf 83' lang='grc' dir='ltr'>ὑπὸ</span> <span class='ocrx_word' id='word_1_139' title='bbox 1675 1809 1838 1878; x_wconf 91' lang='grc' dir='ltr'>νόμον</span> <span class='ocrx_word' id='word_1_140' title='bbox 1865 1807 1951 1874; x_wconf 79' lang='grc' dir='ltr'>ἐξ·</span> 
     </span>
    </p>
   </div>
   <div class='ocr_carea' id='block_1_20' title="bbox 365 1900 1952 1976">
    <p class='ocr_par' dir='ltr' id='par_1_20' title="bbox 365 1900 1952 1976">
     <span class='ocr_line' id='line_1_20' title="bbox 365 1900 1952 1976; baseline -0.004 -18"><span class='ocrx_word' id='word_1_141' title='bbox 365 1905 640 1976; x_wconf 78' lang='grc' dir='ltr'>ἀγοράσῃ,</span> <span class='ocrx_word' id='word_1_142' title='bbox 660 1901 748 1958; x_wconf 83' lang='grc' dir='ltr'>ἵνα</span> <span class='ocrx_word' id='word_1_143' title='bbox 770 1903 866 1974; x_wconf 82' lang='grc' dir='ltr'>τὴν</span> <span class='ocrx_word' id='word_1_144' title='bbox 893 1903 1170 1956; x_wconf 73' lang='grc' dir='ltr'>υἱοθεσίαν</span> <span class='ocrx_word' id='word_1_145' title='bbox 1194 1903 1357 1973; x_wconf 76' lang='grc' dir='ltr'>ἡμεῖς</span> <span class='ocrx_word' id='word_1_146' title='bbox 1383 1901 1773 1972; x_wconf 79' lang='grc' dir='ltr'>ἀπολαύωμεν.</span> <span class='ocrx_word' id='word_1_147' title='bbox 1795 1900 1952 1953; x_wconf 88' lang='grc' dir='ltr'>Ὅσοι</span> 
     </span>
    </p>
   </div>
   <div class='ocr_carea' id='block_1_21' title="bbox 364 1991 1951 2064">
    <p class='ocr_par' dir='ltr' id='par_1_21' title="bbox 364 1991 1951 2064">
     <span class='ocr_line' id='line_1_21' title="bbox 364 1991 1951 2064; baseline -0.003 -16"><span class='ocrx_word' id='word_1_148' title='bbox 364 1995 480 2064; x_wconf 85' lang='grc' dir='ltr'>γὰρ</span> <span class='ocrx_word' id='word_1_149' title='bbox 521 1994 716 2048; x_wconf 74' lang='grc' dir='ltr'>ἔλαϐον</span> <span class='ocrx_word' id='word_1_150' title='bbox 764 1991 947 2059; x_wconf 78' lang='grc' dir='ltr'>αὐτὸν,</span> <span class='ocrx_word' id='word_1_151' title='bbox 987 1993 1191 2048; x_wconf 80' lang='grc' dir='ltr'>ἔδωκεν</span> <span class='ocrx_word' id='word_1_152' title='bbox 1243 1993 1429 2058; x_wconf 86' lang='grc' dir='ltr'>αὐτοῖς</span> <span class='ocrx_word' id='word_1_153' title='bbox 1478 1993 1726 2060; x_wconf 79' lang='grc' dir='ltr'>ἐξουσίαν</span> <span class='ocrx_word' id='word_1_154' title='bbox 1784 1993 1951 2046; x_wconf 85' lang='grc' dir='ltr'>τέκνα</span> 
     </span>
    </p>
   </div>
   <div class='ocr_carea' id='block_1_22' title="bbox 365 2081 1954 2158">
    <p class='ocr_par' dir='ltr' id='par_1_22' title="bbox 365 2081 1954 2158">
     <span class='ocr_line' id='line_1_22' title="bbox 365 2081 1954 2158; baseline -0.006 -14"><span class='ocrx_word' id='word_1_155' title='bbox 365 2087 506 2144; x_wconf 82' lang='grc' dir='ltr'>Θεοῦ</span> <span class='ocrx_word' id='word_1_156' title='bbox 535 2088 814 2158; x_wconf 83' lang='grc' dir='ltr'>γενέσθαι,</span> <span class='ocrx_word' id='word_1_157' title='bbox 851 2087 902 2140; x_wconf 79' lang='grc' dir='ltr'><strong>οι</strong></span> <span class='ocrx_word' id='word_1_158' title='bbox 927 2087 1029 2140; x_wconf 79' lang='grc' dir='ltr'><strong>οὐκ</strong></span> <span class='ocrx_word' id='word_1_159' title='bbox 1080 2086 1140 2151; x_wconf 77' lang='grc' dir='ltr'>ἐξ</span> <span class='ocrx_word' id='word_1_160' title='bbox 1178 2085 1449 2156; x_wconf 75' lang='grc' dir='ltr'>αἱμάτων,</span> <span class='ocrx_word' id='word_1_161' title='bbox 1487 2084 1611 2138; x_wconf 83' lang='grc' dir='ltr'>οὐδὲ</span> <span class='ocrx_word' id='word_1_162' title='bbox 1669 2085 1734 2136; x_wconf 85' lang='grc' dir='ltr'><strong>ἐκ</strong></span> <span class='ocrx_word' id='word_1_163' title='bbox 1789 2081 1954 2153; x_wconf 83' lang='grc' dir='ltr'>θελή-</span> 
     </span>
    </p>
   </div>
   <div class='ocr_carea' id='block_1_23' title="bbox 369 2173 1954 2253">
    <p class='ocr_par' dir='ltr' id='par_1_23' title="bbox 369 2173 1954 2253">
     <span class='ocr_line' id='line_1_23' title="bbox 369 2173 1954 2253; baseline -0.006 -17"><span class='ocrx_word' id='word_1_164' title='bbox 369 2198 542 2253; x_wconf 83' lang='grc' dir='ltr'>ματος</span> <span class='ocrx_word' id='word_1_165' title='bbox 590 2180 818 2252; x_wconf 82' lang='grc' dir='ltr'>σαρκὸς,</span> <span class='ocrx_word' id='word_1_166' title='bbox 845 2177 970 2232; x_wconf 83' lang='grc' dir='ltr'><strong>οὐδέ</strong></span> <span class='ocrx_word' id='word_1_167' title='bbox 1021 2180 1086 2232; x_wconf 86' lang='grc' dir='ltr'><strong>ἐκ</strong></span> <span class='ocrx_word' id='word_1_168' title='bbox 1133 2177 1441 2247; x_wconf 80' lang='grc' dir='ltr'>θελήματος</span> <span class='ocrx_word' id='word_1_169' title='bbox 1476 2175 1689 2247; x_wconf 81' lang='grc' dir='ltr'>ἀνδρὸς,</span> <span class='ocrx_word' id='word_1_170' title='bbox 1730 2173 1847 2228; x_wconf 86' lang='grc' dir='ltr'>ἀλλ’</span> <span class='ocrx_word' id='word_1_171' title='bbox 1889 2175 1954 2226; x_wconf 78' lang='grc' dir='ltr'>ὲκ</span> 
     </span>
    </p>
   </div>
   <div class='ocr_carea' id='block_1_24' title="bbox 366 2265 1954 2344">
    <p class='ocr_par' dir='ltr' id='par_1_24' title="bbox 366 2265 1954 2344">
     <span class='ocr_line' id='line_1_24' title="bbox 366 2265 1954 2344; baseline -0.006 -16"><span class='ocrx_word' id='word_1_172' title='bbox 366 2273 504 2328; x_wconf 81' lang='grc' dir='ltr'>Θεοῦ</span> <span class='ocrx_word' id='word_1_173' title='bbox 532 2272 926 2344; x_wconf 78' lang='grc' dir='ltr'>ἐγεννήθησαν,</span> <span class='ocrx_word' id='word_1_174' title='bbox 967 2290 985 2323; x_wconf 68' lang='grc' dir='ltr'><strong>ι</strong></span> <span class='ocrx_word' id='word_1_175' title='bbox 1021 2272 1192 2342; x_wconf 69' lang='grc' dir='ltr'>φησιν</span> <span class='ocrx_word' id='word_1_176' title='bbox 1230 2269 1486 2338; x_wconf 79' lang='grc' dir='ltr'>Ἰωάννης</span> <span class='ocrx_word' id='word_1_177' title='bbox 1507 2269 1535 2320; x_wconf 85' lang='grc' dir='ltr'><strong>ό</strong></span> <span class='ocrx_word' id='word_1_178' title='bbox 1569 2267 1827 2339; x_wconf 83' lang='grc' dir='ltr'>μέγιστος</span> <span class='ocrx_word' id='word_1_179' title='bbox 1859 2265 1954 2318; x_wconf 81' lang='grc' dir='ltr'><strong>εὖ·</strong></span> 
     </span>
    </p>
   </div>
   <div class='ocr_carea' id='block_1_25' title="bbox 373 2352 725 2434">
    <p class='ocr_par' dir='ltr' id='par_1_25' title="bbox 373 2352 725 2434">
     <span class='ocr_line' id='line_1_25' title="bbox 373 2352 725 2434; baseline -0.006 -14"><span class='ocrx_word' id='word_1_180' title='bbox 373 2352 725 2434; x_wconf 83' lang='grc' dir='ltr'>αγγελιστής.</span> 
     </span>
    </p>
   </div>
   <div class='ocr_carea' id='block_1_26' title="bbox 447 2445 1956 2524">
    <p class='ocr_par' dir='ltr' id='par_1_26' title="bbox 447 2445 1956 2524">
     <span class='ocr_line' id='line_1_26' title="bbox 447 2445 1956 2524; baseline -0.001 -18"><span class='ocrx_word' id='word_1_181' title='bbox 447 2454 764 2524; x_wconf 77' lang='grc' dir='ltr'>Εἱσηγεῖται</span> <span class='ocrx_word' id='word_1_182' title='bbox 813 2452 1000 2522; x_wconf 83' lang='grc' dir='ltr'>μέντοι</span> <span class='ocrx_word' id='word_1_183' title='bbox 1051 2453 1144 2506; x_wconf 72' lang='grc' dir='ltr'>καὶ</span> <span class='ocrx_word' id='word_1_184' title='bbox 1183 2451 1408 2524; x_wconf 83' lang='grc' dir='ltr'>βραχεῖς</span> <span class='ocrx_word' id='word_1_185' title='bbox 1451 2445 1592 2505; x_wconf 82' lang='grc' dir='ltr'>εἶναι</span> <span class='ocrx_word' id='word_1_186' title='bbox 1627 2450 1724 2504; x_wconf 71' lang='grc' dir='ltr'><strong>καὶ</strong></span> <span class='ocrx_word' id='word_1_187' title='bbox 1767 2448 1956 2504; x_wconf 63' lang='grc' dir='ltr'>συντόα</span> 
     </span>
    </p>
   </div>
   <div class='ocr_carea' id='block_1_27' title="bbox 379 2540 1957 2615">
    <p class='ocr_par' dir='ltr' id='par_1_27' title="bbox 379 2540 1957 2615">
     <span class='ocr_line' id='line_1_27' title="bbox 379 2540 1957 2615; baseline -0.003 -19"><span class='ocrx_word' id='word_1_188' title='bbox 379 2561 520 2615; x_wconf 86' lang='grc' dir='ltr'>μους</span> <span class='ocrx_word' id='word_1_189' title='bbox 551 2545 675 2607; x_wconf 75' lang='grc' dir='ltr'>τοὺς</span> <span class='ocrx_word' id='word_1_190' title='bbox 707 2543 920 2612; x_wconf 84' lang='grc' dir='ltr'>λόγους,</span> <span class='ocrx_word' id='word_1_191' title='bbox 950 2541 1046 2606; x_wconf 82' lang='grc' dir='ltr'><strong>οὓς</strong></span> <span class='ocrx_word' id='word_1_192' title='bbox 1074 2545 1124 2596; x_wconf 80' lang='grc' dir='ltr'>οἱ</span> <span class='ocrx_word' id='word_1_193' title='bbox 1157 2543 1436 2614; x_wconf 76' lang='grc' dir='ltr'>ἀνθρωττοι</span> <span class='ocrx_word' id='word_1_194' title='bbox 1462 2541 1643 2610; x_wconf 84' lang='grc' dir='ltr'>λέγειν</span> <span class='ocrx_word' id='word_1_195' title='bbox 1680 2540 1957 2610; x_wconf 80' lang='grc' dir='ltr'>ὀφείλουσι</span> 
     </span>
    </p>
   </div>
   <div class='ocr_carea' id='block_1_28' title="bbox 373 2632 1957 2707">
    <p class='ocr_par' dir='ltr' id='par_1_28' title="bbox 373 2632 1957 2707">
     <span class='ocr_line' id='line_1_28' title="bbox 373 2632 1957 2707; baseline -0.004 -17"><span class='ocrx_word' id='word_1_196' title='bbox 373 2636 509 2704; x_wconf 78' lang='grc' dir='ltr'>περὶ</span> <span class='ocrx_word' id='word_1_197' title='bbox 534 2638 634 2707; x_wconf 81' lang='grc' dir='ltr'>τῆς</span> <span class='ocrx_word' id='word_1_198' title='bbox 657 2633 1048 2706; x_wconf 81' lang='grc' dir='ltr'>φιλανθρώπου</span> <span class='ocrx_word' id='word_1_199' title='bbox 1075 2634 1170 2688; x_wconf 68' lang='grc' dir='ltr'><strong>καὶ⁸</strong></span> <span class='ocrx_word' id='word_1_200' title='bbox 1191 2633 1340 2696; x_wconf 84' lang='grc' dir='ltr'>θείας</span> <span class='ocrx_word' id='word_1_201' title='bbox 1365 2632 1832 2703; x_wconf 85' lang='grc' dir='ltr'>ἐνσωματώσεως,</span> <span class='ocrx_word' id='word_1_202' title='bbox 1864 2632 1957 2685; x_wconf 77' lang='grc' dir='ltr'><strong>καὶ</strong></span> 
     </span>
    </p>
   </div>
   <div class='ocr_carea' id='block_1_29' title="bbox 370 2723 1960 2802">
    <p class='ocr_par' dir='ltr' id='par_1_29' title="bbox 370 2723 1960 2802">
     <span class='ocr_line' id='line_1_29' title="bbox 370 2723 1960 2802; baseline -0.004 -18"><span class='ocrx_word' id='word_1_203' title='bbox 370 2730 452 2800; x_wconf 82' lang='grc' dir='ltr'>τῷ</span> <span class='ocrx_word' id='word_1_204' title='bbox 476 2731 578 2802; x_wconf 84' lang='grc' dir='ltr'>τῆς</span> <span class='ocrx_word' id='word_1_205' title='bbox 603 2729 841 2794; x_wconf 86' lang='grc' dir='ltr'>πίστεως</span> <span class='ocrx_word' id='word_1_206' title='bbox 897 2731 1008 2801; x_wconf 83' lang='grc' dir='ltr'>ὅρῳ</span> <span class='ocrx_word' id='word_1_207' title='bbox 1033 2729 1131 2800; x_wconf 82' lang='grc' dir='ltr'>τὴν</span> <span class='ocrx_word' id='word_1_208' title='bbox 1157 2727 1506 2800; x_wconf 77' lang='grc' dir='ltr'>περιγραφὴν</span> <span class='ocrx_word' id='word_1_209' title='bbox 1541 2726 1788 2796; x_wconf 77' lang='grc' dir='ltr'>ἔχοντας,</span> <span class='ocrx_word' id='word_1_210' title='bbox 1821 2723 1960 2780; x_wconf 85' lang='grc' dir='ltr'><strong>ἀλλά</strong></span> 
     </span>
    </p>
   </div>
   <div class='ocr_carea' id='block_1_30' title="bbox 377 2816 1956 2892">
    <p class='ocr_par' dir='ltr' id='par_1_30' title="bbox 377 2816 1956 2892">
     <span class='ocr_line' id='line_1_30' title="bbox 377 2816 1956 2892; baseline -0.018 1"><span class='ocrx_word' id='word_1_211' title='bbox 377 2822 454 2892; x_wconf 69' lang='grc' dir='ltr'><strong>μὴ</strong></span> <span class='ocrx_word' id='word_1_212' title='bbox 485 2821 740 2891; x_wconf 76' lang='grc' dir='ltr'><strong>φυσικοῖς</strong></span> <span class='ocrx_word' id='word_1_213' title='bbox 782 2821 1068 2891; x_wconf 77' lang='grc' dir='ltr'><strong>λογισμοῖς</strong></span> <span class='ocrx_word' id='word_1_214' title='bbox 1097 2821 1192 2872; x_wconf 77' lang='grc' dir='ltr'><strong>καὶ</strong></span> <span class='ocrx_word' id='word_1_215' title='bbox 1227 2816 1628 2889; x_wconf 78' lang='grc' dir='ltr'>παρεξετάσεσι</span> <span class='ocrx_word' id='word_1_216' title='bbox 1652 2817 1748 2870; x_wconf 70' lang='grc' dir='ltr'>καὶ</span> <span class='ocrx_word' id='word_1_217' title='bbox 1775 2831 1956 2885; x_wconf 83' lang='grc' dir='ltr'>παρα-</span> 
     </span>
    </p>
   </div>
   <div class='ocr_carea' id='block_1_31' title="bbox 375 2907 1962 2984">
    <p class='ocr_par' dir='ltr' id='par_1_31' title="bbox 375 2907 1962 2984">
     <span class='ocr_line' id='line_1_31' title="bbox 375 2907 1962 2984; baseline -0.004 -16"><span class='ocrx_word' id='word_1_218' title='bbox 375 2915 559 2970; x_wconf 83' lang='grc' dir='ltr'>θέσεσι</span> <span class='ocrx_word' id='word_1_219' title='bbox 591 2916 685 2970; x_wconf 74' lang='grc' dir='ltr'><strong>καὶ</strong></span> <span class='ocrx_word' id='word_1_220' title='bbox 707 2914 1066 2984; x_wconf 86' lang='grc' dir='ltr'>συγκρίσεσιν</span> <span class='ocrx_word' id='word_1_221' title='bbox 1091 2910 1452 2983; x_wconf 78' lang='grc' dir='ltr'>ἀνθρωπίνων</span> <span class='ocrx_word' id='word_1_222' title='bbox 1485 2909 1829 2980; x_wconf 81' lang='grc' dir='ltr'>πραγμάτων</span> <span class='ocrx_word' id='word_1_223' title='bbox 1861 2907 1962 2980; x_wconf 76' lang='grc' dir='ltr'><strong>τὴν</strong></span> 
     </span>
    </p>
   </div>
   <div class='ocr_carea' id='block_1_32' title="bbox 375 3001 1962 3078">
    <p class='ocr_par' dir='ltr' id='par_1_32' title="bbox 375 3001 1962 3078">
     <span class='ocr_line' id='line_1_32' title="bbox 375 3001 1962 3078; baseline -0.004 -18"><span class='ocrx_word' id='word_1_224' title='bbox 375 3006 768 3078; x_wconf 82' lang='grc' dir='ltr'>ἀκατάληπτον</span> <span class='ocrx_word' id='word_1_225' title='bbox 806 3005 903 3060; x_wconf 84' lang='grc' dir='ltr'>τοῦ</span> <span class='ocrx_word' id='word_1_226' title='bbox 938 3005 1077 3060; x_wconf 82' lang='grc' dir='ltr'>Θεοῦ</span> <span class='ocrx_word' id='word_1_227' title='bbox 1123 3002 1322 3076; x_wconf 77' lang='grc' dir='ltr'>βουλὴν</span> <span class='ocrx_word' id='word_1_228' title='bbox 1356 3002 1453 3056; x_wconf 74' lang='grc' dir='ltr'>καὶ</span> <span class='ocrx_word' id='word_1_229' title='bbox 1488 3002 1670 3074; x_wconf 84' lang='grc' dir='ltr'>κρίσιν</span> <span class='ocrx_word' id='word_1_230' title='bbox 1715 3001 1962 3056; x_wconf 88' lang='grc' dir='ltr'>καθυπο-</span> 
     </span>
    </p>
   </div>
   <div class='ocr_carea' id='block_1_33' title="bbox 376 3091 1964 3169">
    <p class='ocr_par' dir='ltr' id='par_1_33' title="bbox 376 3091 1964 3169">
     <span class='ocr_line' id='line_1_33' title="bbox 376 3091 1964 3169; baseline -0.003 -21"><span class='ocrx_word' id='word_1_231' title='bbox 376 3097 618 3150; x_wconf 86' lang='grc' dir='ltr'>6ἀλλειν.</span> <span class='ocrx_word' id='word_1_232' title='bbox 647 3096 860 3169; x_wconf 80' lang='grc' dir='ltr'>Ὠσπερ</span> <span class='ocrx_word' id='word_1_233' title='bbox 918 3095 1050 3166; x_wconf 78' lang='grc' dir='ltr'>γὰρ,</span> <span class='ocrx_word' id='word_1_234' title='bbox 1089 3093 1278 3166; x_wconf 67' lang='grc' dir='ltr'>φησιν,</span> <span class='ocrx_word' id='word_1_235' title='bbox 1327 3092 1490 3163; x_wconf 81' lang='grc' dir='ltr'>ἡνίκα</span> <span class='ocrx_word' id='word_1_236' title='bbox 1550 3091 1828 3165; x_wconf 78' lang='grc' dir='ltr'>περιπέσῃ</span> <span class='ocrx_word' id='word_1_237' title='bbox 1879 3110 1964 3156; x_wconf 85' lang='grc' dir='ltr'><strong>τις</strong></span> 
     </span>
    </p>
   </div>
   <div class='ocr_carea' id='block_1_34' title="bbox 376 3186 1963 3262">
    <p class='ocr_par' dir='ltr' id='par_1_34' title="bbox 376 3186 1963 3262">
     <span class='ocr_line' id='line_1_34' title="bbox 376 3186 1963 3262; baseline -0.003 -18"><span class='ocrx_word' id='word_1_238' title='bbox 376 3189 670 3262; x_wconf 75' lang='grc' dir='ltr'>ἄνθρωπος</span> <span class='ocrx_word' id='word_1_239' title='bbox 705 3190 1013 3260; x_wconf 72' lang='grc' dir='ltr'>συμϐάσεσι</span> <span class='ocrx_word' id='word_1_240' title='bbox 1053 3187 1377 3260; x_wconf 83' lang='grc' dir='ltr'>πειρασμῶν</span> <span class='ocrx_word' id='word_1_241' title='bbox 1411 3189 1504 3241; x_wconf 74' lang='grc' dir='ltr'>καὶ</span> <span class='ocrx_word' id='word_1_242' title='bbox 1539 3187 1772 3257; x_wconf 61' lang='grc' dir='ltr'>θλίψεων</span> <span class='ocrx_word' id='word_1_243' title='bbox 1808 3186 1963 3256; x_wconf 84' lang='grc' dir='ltr'>ἐσμῷ</span> 
     </span>
    </p>
   </div>
   <div class='ocr_carea' id='block_1_35' title="bbox 377 3277 1963 3350">
    <p class='ocr_par' dir='ltr' id='par_1_35' title="bbox 377 3277 1963 3350">
     <span class='ocr_line' id='line_1_35' title="bbox 377 3277 1963 3350; baseline -0.002 -16"><span class='ocrx_word' id='word_1_244' title='bbox 377 3281 746 3334; x_wconf 80' lang='grc' dir='ltr'>παντοδαπῶν</span> <span class='ocrx_word' id='word_1_245' title='bbox 806 3281 901 3334; x_wconf 76' lang='grc' dir='ltr'><strong>καὶ</strong></span> <span class='ocrx_word' id='word_1_246' title='bbox 960 3281 1255 3344; x_wconf 79' lang='grc' dir='ltr'>ποικίλων,</span> <span class='ocrx_word' id='word_1_247' title='bbox 1307 3279 1612 3349; x_wconf 74' lang='grc' dir='ltr'>φαντασίας</span> <span class='ocrx_word' id='word_1_248' title='bbox 1677 3281 1779 3350; x_wconf 82' lang='grc' dir='ltr'><strong>ὁρᾷ</strong></span> <span class='ocrx_word' id='word_1_249' title='bbox 1841 3277 1963 3332; x_wconf 83' lang='grc' dir='ltr'>καθ’</span> 
     </span>
    </p>
   </div>
   <div class='ocr_carea' id='block_1_36' title="bbox 379 3367 1966 3442">
    <p class='ocr_par' dir='ltr' id='par_1_36' title="bbox 379 3367 1966 3442">
     <span class='ocr_line' id='line_1_36' title="bbox 379 3367 1966 3442; baseline -0.003 -17"><span class='ocrx_word' id='word_1_250' title='bbox 379 3371 554 3425; x_wconf 75' lang='grc' dir='ltr'>ὕπνον</span> <span class='ocrx_word' id='word_1_251' title='bbox 579 3371 842 3442; x_wconf 81' lang='grc' dir='ltr'>ματαίας,</span> <span class='ocrx_word' id='word_1_252' title='bbox 880 3371 976 3424; x_wconf 73' lang='grc' dir='ltr'>καὶ</span> <span class='ocrx_word' id='word_1_253' title='bbox 1009 3370 1285 3440; x_wconf 85' lang='grc' dir='ltr'>μηδεμίαν</span> <span class='ocrx_word' id='word_1_254' title='bbox 1315 3368 1577 3440; x_wconf 82' lang='grc' dir='ltr'>ἀληθείας</span> <span class='ocrx_word' id='word_1_255' title='bbox 1604 3367 1840 3440; x_wconf 80' lang='grc' dir='ltr'>ὕπαρξιν</span> <span class='ocrx_word' id='word_1_256' title='bbox 1875 3385 1966 3422; x_wconf 87' lang='grc' dir='ltr'>κε-</span> 
     </span>
    </p>
   </div>
   <div class='ocr_carea' id='block_1_37' title="bbox 379 3461 1966 3534">
    <p class='ocr_par' dir='ltr' id='par_1_37' title="bbox 379 3461 1966 3534">
     <span class='ocr_line' id='line_1_37' title="bbox 379 3461 1966 3534; baseline -0.004 -16"><span class='ocrx_word' id='word_1_257' title='bbox 379 3465 684 3534; x_wconf 80' lang='grc' dir='ltr'>κτημένας,</span> <span class='ocrx_word' id='word_1_258' title='bbox 720 3463 858 3517; x_wconf 81' lang='grc' dir='ltr'>ἀλλὰ</span> <span class='ocrx_word' id='word_1_259' title='bbox 887 3465 1009 3527; x_wconf 83' lang='grc' dir='ltr'>ταῖς</span> <span class='ocrx_word' id='word_1_260' title='bbox 1063 3461 1312 3532; x_wconf 81' lang='grc' dir='ltr'>φροντίσι</span> <span class='ocrx_word' id='word_1_261' title='bbox 1356 3462 1452 3515; x_wconf 81' lang='grc' dir='ltr'>καὶ</span> <span class='ocrx_word' id='word_1_262' title='bbox 1506 3461 1803 3531; x_wconf 78' lang='grc' dir='ltr'>μερίμναις</span> <span class='ocrx_word' id='word_1_263' title='bbox 1845 3462 1966 3523; x_wconf 75' lang='grc' dir='ltr'>ταῖς</span> 
     </span>
    </p>
   </div>
   <div class='ocr_carea' id='block_1_38' title="bbox 381 3549 1970 3623">
    <p class='ocr_par' dir='ltr' id='par_1_38' title="bbox 381 3549 1970 3623">
     <span class='ocr_line' id='line_1_38' title="bbox 381 3549 1970 3623; baseline -0.001 -18"><span class='ocrx_word' id='word_1_264' title='bbox 381 3551 720 3623; x_wconf 83' lang='grc' dir='ltr'>προσούσαις</span> <span class='ocrx_word' id='word_1_265' title='bbox 747 3550 899 3622; x_wconf 82' lang='grc' dir='ltr'>αὐτῷ</span> <span class='ocrx_word' id='word_1_266' title='bbox 926 3551 1014 3605; x_wconf 83' lang='grc' dir='ltr'><strong>διά</strong></span> <span class='ocrx_word' id='word_1_267' title='bbox 1044 3551 1143 3622; x_wconf 81' lang='grc' dir='ltr'>τὴν</span> <span class='ocrx_word' id='word_1_268' title='bbox 1175 3549 1684 3622; x_wconf 80' lang='grc' dir='ltr'>περιστοιχίζουσαν</span> <span class='ocrx_word' id='word_1_269' title='bbox 1705 3551 1796 3604; x_wconf 70' lang='grc' dir='ltr'>καὶ</span> <span class='ocrx_word' id='word_1_270' title='bbox 1829 3567 1970 3621; x_wconf 84' lang='grc' dir='ltr'>συμ-</span> 
     </span>
    </p>
   </div>
   <div class='ocr_carea' id='block_1_39' title="bbox 382 3637 1970 3708">
    <p class='ocr_par' dir='ltr' id='par_1_39' title="bbox 382 3637 1970 3708">
     <span class='ocr_line' id='line_1_39' title="bbox 382 3637 1970 3708; baseline 0.001 -18"><span class='ocrx_word' id='word_1_271' title='bbox 382 3637 682 3702; x_wconf 74' lang='grc' dir='ltr'>πιέζουσαν</span> <span class='ocrx_word' id='word_1_272' title='bbox 714 3637 915 3708; x_wconf 72' lang='grc' dir='ltr'>θλίψιν,</span> <span class='ocrx_word' id='word_1_273' title='bbox 947 3638 1230 3706; x_wconf 82' lang='grc' dir='ltr'>ἀναλόγως</span> <span class='ocrx_word' id='word_1_274' title='bbox 1259 3640 1355 3692; x_wconf 67' lang='grc' dir='ltr'><strong>καῖ</strong></span> <span class='ocrx_word' id='word_1_275' title='bbox 1378 3640 1490 3692; x_wconf 85' lang='grc' dir='ltr'><strong>τῶν</strong></span> <span class='ocrx_word' id='word_1_276' title='bbox 1521 3638 1788 3692; x_wconf 88' lang='grc' dir='ltr'>ἐνυπνίων</span> <span class='ocrx_word' id='word_1_277' title='bbox 1821 3638 1970 3693; x_wconf 76' lang='grc' dir='ltr'>δεδεο</span> 
     </span>
    </p>
   </div>
   <div class='ocr_carea' id='block_1_40' title="bbox 383 3730 1969 3804">
    <p class='ocr_par' dir='ltr' id='par_1_40' title="bbox 383 3730 1969 3804">
     <span class='ocr_line' id='line_1_40' title="bbox 383 3730 1969 3804; baseline 0 -20"><span class='ocrx_word' id='word_1_278' title='bbox 383 3731 588 3800; x_wconf 80' lang='grc' dir='ltr'>γμένος</span> <span class='ocrx_word' id='word_1_279' title='bbox 613 3731 714 3804; x_wconf 80' lang='grc' dir='ltr'>τὴν</span> <span class='ocrx_word' id='word_1_280' title='bbox 742 3733 1065 3800; x_wconf 81' lang='grc' dir='ltr'>φαντασίαν,</span> <span class='ocrx_word' id='word_1_281' title='bbox 1095 3731 1265 3802; x_wconf 82' lang='grc' dir='ltr'>μηδὲν</span> <span class='ocrx_word' id='word_1_282' title='bbox 1297 3730 1546 3786; x_wconf 82' lang='grc' dir='ltr'>ἐντεῦθεν</span> <span class='ocrx_word' id='word_1_283' title='bbox 1583 3730 1969 3802; x_wconf 81' lang='grc' dir='ltr'>καρπούμενος</span> 
     </span>
    </p>
   </div>
   <div class='ocr_carea' id='block_1_41' title="bbox 384 3822 1970 3895">
    <p class='ocr_par' dir='ltr' id='par_1_41' title="bbox 384 3822 1970 3895">
     <span class='ocr_line' id='line_1_41' title="bbox 384 3822 1970 3895; baseline 0.001 -21"><span class='ocrx_word' id='word_1_284' title='bbox 384 3823 606 3890; x_wconf 73' lang='grc' dir='ltr'>δφελοςο</span> <span class='ocrx_word' id='word_1_285' title='bbox 636 3822 754 3894; x_wconf 70' lang='grc' dir='ltr'><strong>ἅμα</strong></span> <span class='ocrx_word' id='word_1_286' title='bbox 776 3823 886 3893; x_wconf 80' lang='grc' dir='ltr'>γὰρ</span> <span class='ocrx_word' id='word_1_287' title='bbox 907 3823 999 3877; x_wconf 81' lang='grc' dir='ltr'>τοῦ</span> <span class='ocrx_word' id='word_1_288' title='bbox 1027 3823 1284 3892; x_wconf 79' lang='grc' dir='ltr'>γενέσθαι</span> <span class='ocrx_word' id='word_1_289' title='bbox 1309 3823 1404 3877; x_wconf 86' lang='grc' dir='ltr'>τοῦ</span> <span class='ocrx_word' id='word_1_290' title='bbox 1433 3823 1690 3876; x_wconf 81' lang='grc' dir='ltr'>ἐνυπνίου</span> <span class='ocrx_word' id='word_1_291' title='bbox 1719 3822 1819 3895; x_wconf 84' lang='grc' dir='ltr'>τὴν</span> <span class='ocrx_word' id='word_1_292' title='bbox 1846 3823 1970 3894; x_wconf 75' lang='grc' dir='ltr'>δψιν</span> 
     </span>
    </p>
   </div>
   <div class='ocr_carea' id='block_1_42' title="bbox 384 3913 1971 3986">
    <p class='ocr_par' dir='ltr' id='par_1_42' title="bbox 384 3913 1971 3986">
     <span class='ocr_line' id='line_1_42' title="bbox 384 3913 1971 3986; baseline 0 -17"><span class='ocrx_word' id='word_1_293' title='bbox 384 3916 485 3970; x_wconf 61' lang='grc' dir='ltr'><strong>καὶ¹</strong></span> <span class='ocrx_word' id='word_1_294' title='bbox 525 3917 664 3986; x_wconf 88' lang='grc' dir='ltr'><strong>μετά</strong></span> <span class='ocrx_word' id='word_1_295' title='bbox 706 3916 808 3986; x_wconf 81' lang='grc' dir='ltr'><strong>τὴν</strong></span> <span class='ocrx_word' id='word_1_296' title='bbox 853 3915 948 3968; x_wconf 84' lang='grc' dir='ltr'>τοῦ</span> <span class='ocrx_word' id='word_1_297' title='bbox 996 3914 1165 3968; x_wconf 77' lang='grc' dir='ltr'>ὕπνου</span> <span class='ocrx_word' id='word_1_298' title='bbox 1197 3914 1526 3986; x_wconf 72' lang='grc' dir='ltr'>παρὲλευσιν</span> <span class='ocrx_word' id='word_1_299' title='bbox 1556 3913 1864 3986; x_wconf 73' lang='grc' dir='ltr'>ἀπελήλυθε</span> <span class='ocrx_word' id='word_1_300' title='bbox 1909 3917 1971 3969; x_wconf 79' lang='grc' dir='ltr'>τὸ</span> 
     </span>
    </p>
   </div>
   <div class='ocr_carea' id='block_1_43' title="bbox 384 3997 1972 4081">
    <p class='ocr_par' dir='ltr' id='par_1_43' title="bbox 384 3997 1972 4081">
     <span class='ocr_line' id='line_1_43' title="bbox 384 3997 1972 4081; baseline 0 -19"><span class='ocrx_word' id='word_1_301' title='bbox 384 3997 696 4078; x_wconf 78' lang='grc' dir='ltr'>φαντασθὲν</span> <span class='ocrx_word' id='word_1_302' title='bbox 725 4009 998 4079; x_wconf 87' lang='grc' dir='ltr'>μηδεμίαν</span> <span class='ocrx_word' id='word_1_303' title='bbox 1020 4006 1142 4078; x_wconf 76' lang='grc' dir='ltr'>ἔχον</span> <span class='ocrx_word' id='word_1_304' title='bbox 1165 4008 1466 4062; x_wconf 84' lang='grc' dir='ltr'>ὑπόστασιν</span> <span class='ocrx_word' id='word_1_305' title='bbox 1486 4007 1546 4062; x_wconf 79' lang='grc' dir='ltr'><strong>ἐν</strong></span> <span class='ocrx_word' id='word_1_306' title='bbox 1571 4010 1686 4072; x_wconf 82' lang='grc' dir='ltr'>τοῖς</span> <span class='ocrx_word' id='word_1_307' title='bbox 1711 4009 1972 4081; x_wconf 84' lang='grc' dir='ltr'>πράγμα-</span> 
     </span>
    </p>
   </div>
   <div class='ocr_carea' id='block_1_44' title="bbox 386 4099 1974 4171">
    <p class='ocr_par' dir='ltr' id='par_1_44' title="bbox 386 4099 1974 4171">
     <span class='ocr_line' id='line_1_44' title="bbox 386 4099 1974 4171; baseline 0.001 -16"><span class='ocrx_word' id='word_1_308' title='bbox 386 4119 477 4156; x_wconf 91' lang='grc' dir='ltr'><strong>σιν</strong></span> <span class='ocrx_word' id='word_1_309' title='bbox 496 4118 511 4133; x_wconf 80' lang='grc'><em>’</em></span> <span class='ocrx_word' id='word_1_310' title='bbox 548 4099 694 4155; x_wconf 75' lang='grc' dir='ltr'>οὕτω</span> <span class='ocrx_word' id='word_1_311' title='bbox 725 4100 822 4155; x_wconf 74' lang='grc' dir='ltr'>καὶ</span> <span class='ocrx_word' id='word_1_312' title='bbox 849 4101 960 4156; x_wconf 83' lang='grc' dir='ltr'><strong>τῶν</strong></span> <span class='ocrx_word' id='word_1_313' title='bbox 987 4102 1241 4171; x_wconf 85' lang='grc' dir='ltr'>ἀφρόνως</span> <span class='ocrx_word' id='word_1_314' title='bbox 1272 4101 1598 4170; x_wconf 81' lang='grc' dir='ltr'>πολυλογεῖν</span> <span class='ocrx_word' id='word_1_315' title='bbox 1631 4103 1974 4157; x_wconf 84' lang='grc' dir='ltr'>σπευδόντων</span> 
     </span>
    </p>
   </div>
   <div class='ocr_carea' id='block_1_45' title="bbox 385 4190 1972 4264">
    <p class='ocr_par' dir='ltr' id='par_1_45' title="bbox 385 4190 1972 4264">
     <span class='ocr_line' id='line_1_45' title="bbox 385 4190 1972 4264; baseline -0.001 -17"><span class='ocrx_word' id='word_1_316' title='bbox 385 4197 448 4247; x_wconf 75' lang='grc' dir='ltr'><strong>ἐν</strong></span> <span class='ocrx_word' id='word_1_317' title='bbox 493 4194 608 4258; x_wconf 82' lang='grc' dir='ltr'>τοῖς</span> <span class='ocrx_word' id='word_1_318' title='bbox 649 4192 886 4264; x_wconf 82' lang='grc' dir='ltr'>δόγμασι</span> <span class='ocrx_word' id='word_1_319' title='bbox 922 4193 1038 4256; x_wconf 82' lang='grc' dir='ltr'>τοῖς</span> <span class='ocrx_word' id='word_1_320' title='bbox 1067 4193 1198 4263; x_wconf 73' lang='grc' dir='ltr'>περὶ</span> <span class='ocrx_word' id='word_1_321' title='bbox 1234 4191 1514 4261; x_wconf 87' lang='grc' dir='ltr'>θεολογίας</span> <span class='ocrx_word' id='word_1_322' title='bbox 1549 4190 1582 4262; x_wconf 77' lang='grc' dir='ltr'>ἢ</span> <span class='ocrx_word' id='word_1_323' title='bbox 1619 4194 1731 4256; x_wconf 86' lang='grc' dir='ltr'>τοῖς</span> <span class='ocrx_word' id='word_1_324' title='bbox 1762 4193 1972 4246; x_wconf 81' lang='grc' dir='ltr'>οἰκονο-</span> 
     </span>
    </p>
   </div>
   <div class='ocr_carea' id='block_1_46' title="bbox 391 4282 1975 4356">
    <p class='ocr_par' dir='ltr' id='par_1_46' title="bbox 391 4282 1975 4356">
     <span class='ocr_line' id='line_1_46' title="bbox 391 4282 1975 4356; baseline 0 -19"><span class='ocrx_word' id='word_1_325' title='bbox 391 4284 526 4356; x_wconf 87' lang='grc' dir='ltr'>μίας</span> <span class='ocrx_word' id='word_1_326' title='bbox 552 4286 581 4338; x_wconf 87' lang='grc' dir='ltr'><strong>ό</strong></span> <span class='ocrx_word' id='word_1_327' title='bbox 610 4283 778 4354; x_wconf 80' lang='grc' dir='ltr'>ἐσμὸς</span> <span class='ocrx_word' id='word_1_328' title='bbox 822 4282 920 4336; x_wconf 74' lang='grc' dir='ltr'>καὶ</span> <span class='ocrx_word' id='word_1_329' title='bbox 951 4283 1014 4337; x_wconf 86' lang='grc' dir='ltr'>τὺ</span> <span class='ocrx_word' id='word_1_330' title='bbox 1043 4283 1252 4354; x_wconf 81' lang='grc' dir='ltr'>πλῆθος</span> <span class='ocrx_word' id='word_1_331' title='bbox 1284 4283 1554 4337; x_wconf 86' lang='grc' dir='ltr'>ἐνυπνίων</span> <span class='ocrx_word' id='word_1_332' title='bbox 1581 4283 1725 4337; x_wconf 76' lang='grc' dir='ltr'>ἔοικε</span> <span class='ocrx_word' id='word_1_333' title='bbox 1763 4301 1975 4353; x_wconf 89' lang='grc' dir='ltr'>φαντα-</span> 
     </span>
    </p>
   </div>
   <div class='ocr_carea' id='block_1_47' title="bbox 390 4373 1976 4445">
    <p class='ocr_par' dir='ltr' id='par_1_47' title="bbox 390 4373 1976 4445">
     <span class='ocr_line' id='line_1_47' title="bbox 390 4373 1976 4445; baseline 0.001 -18"><span class='ocrx_word' id='word_1_334' title='bbox 390 4377 536 4438; x_wconf 77' lang='grc' dir='ltr'>σίαις</span> <span class='ocrx_word' id='word_1_335' title='bbox 587 4373 853 4444; x_wconf 87' lang='grc' dir='ltr'>μηδαμῶς</span> <span class='ocrx_word' id='word_1_336' title='bbox 889 4373 1276 4443; x_wconf 78' lang='grc' dir='ltr'>καταγγέλλων</span> <span class='ocrx_word' id='word_1_337' title='bbox 1309 4373 1591 4445; x_wconf 82' lang='grc' dir='ltr'>ἀλήθειαν,</span> <span class='ocrx_word' id='word_1_338' title='bbox 1619 4373 1734 4426; x_wconf 82' lang='grc' dir='ltr'>ἀλλ’</span> <span class='ocrx_word' id='word_1_339' title='bbox 1769 4373 1976 4441; x_wconf 80' lang='grc' dir='ltr'>ἐξαπά-</span> 
     </span>
    </p>
   </div>
   <div class='ocr_carea' id='block_1_48' title="bbox 389 4463 1978 4536">
    <p class='ocr_par' dir='ltr' id='par_1_48' title="bbox 389 4463 1978 4536">
     <span class='ocr_line' id='line_1_48' title="bbox 389 4463 1978 4536; baseline 0.001 -20"><span class='ocrx_word' id='word_1_340' title='bbox 389 4483 496 4535; x_wconf 84' lang='grc' dir='ltr'><strong>την</strong></span> <span class='ocrx_word' id='word_1_341' title='bbox 530 4468 624 4518; x_wconf 66' lang='grc' dir='ltr'>καὶ</span> <span class='ocrx_word' id='word_1_342' title='bbox 651 4465 922 4535; x_wconf 84' lang='grc' dir='ltr'>πλάνησιν</span> <span class='ocrx_word' id='word_1_343' title='bbox 951 4464 1355 4536; x_wconf 82' lang='grc' dir='ltr'>παραπλησίως</span> <span class='ocrx_word' id='word_1_344' title='bbox 1387 4467 1502 4526; x_wconf 88' lang='grc' dir='ltr'>τοῖς</span> <span class='ocrx_word' id='word_1_345' title='bbox 1549 4463 1842 4528; x_wconf 82' lang='grc' dir='ltr'>ἐνυπνίοις.</span> <span class='ocrx_word' id='word_1_346' title='bbox 1877 4467 1978 4518; x_wconf 83' lang='grc' dir='ltr'>Διά</span> 
     </span>
    </p>
   </div>
   <div class='ocr_carea' id='block_1_49' title="bbox 2045 613 3630 695">
    <p class='ocr_par' dir='ltr' id='par_1_49' title="bbox 2045 613 3630 695">
     <span class='ocr_line' id='line_1_49' title="bbox 2045 613 3630 695; baseline 0.009 -27"><span class='ocrx_word' id='word_1_347' title='bbox 2045 623 2134 668; x_wconf 91' lang='lat' dir='ltr'><strong>ctu</strong></span> <span class='ocrx_word' id='word_1_348' title='bbox 2165 613 2285 679; x_wconf 85' lang='lat' dir='ltr'><strong>Dei,</strong></span> <span class='ocrx_word' id='word_1_349' title='bbox 2316 632 2334 668; x_wconf 70' lang='grc' dir='ltr'><strong>ι</strong></span> <span class='ocrx_word' id='word_1_350' title='bbox 2375 617 2426 670; x_wconf 91' lang='lat' dir='ltr'><strong>id</strong></span> <span class='ocrx_word' id='word_1_351' title='bbox 2458 628 2541 673; x_wconf 88' lang='lat' dir='ltr'><strong>est</strong></span> <span class='ocrx_word' id='word_1_352' title='bbox 2569 619 2849 674; x_wconf 82' lang='lat' dir='ltr'><strong>voluntate</strong></span> <span class='ocrx_word' id='word_1_353' title='bbox 2883 631 3048 692; x_wconf 88' lang='lat' dir='ltr'><strong>atque</strong></span> <span class='ocrx_word' id='word_1_354' title='bbox 3075 624 3368 689; x_wconf 86' lang='lat' dir='ltr'><strong>sententia,</strong></span> <span class='ocrx_word' id='word_1_355' title='bbox 3391 641 3514 695; x_wconf 75' lang='lat' dir='ltr'><strong>quae</strong></span> <span class='ocrx_word' id='word_1_356' title='bbox 3541 627 3630 682; x_wconf 86' lang='lat' dir='ltr'><strong>di-</strong></span> 
     </span>
    </p>
   </div>
   <div class='ocr_carea' id='block_1_50' title="bbox 2047 706 3632 786">
    <p class='ocr_par' dir='ltr' id='par_1_50' title="bbox 2047 706 3632 786">
     <span class='ocr_line' id='line_1_50' title="bbox 2047 706 3632 786; baseline 0.01 -28"><span class='ocrx_word' id='word_1_357' title='bbox 2047 706 2174 762; x_wconf 82' lang='lat' dir='ltr'><strong>vino</strong></span> <span class='ocrx_word' id='word_1_358' title='bbox 2205 709 2439 765; x_wconf 86' lang='lat' dir='ltr'><strong>consilio</strong></span> <span class='ocrx_word' id='word_1_359' title='bbox 2468 719 2522 764; x_wconf 90' lang='lat' dir='ltr'><strong>et</strong></span> <span class='ocrx_word' id='word_1_360' title='bbox 2557 713 2842 769; x_wconf 65' lang='lat' dir='ltr'><strong>sententiae</strong></span> <span class='ocrx_word' id='word_1_361' title='bbox 2875 713 2998 784; x_wconf 84' lang='lat' dir='ltr'><strong>ejus</strong></span> <span class='ocrx_word' id='word_1_362' title='bbox 3029 729 3094 770; x_wconf 84' lang='lat' dir='ltr'><strong>ac</strong></span> <span class='ocrx_word' id='word_1_363' title='bbox 3124 710 3332 786; x_wconf 76' lang='lat' dir='ltr'><strong>judicio</strong></span> <span class='ocrx_word' id='word_1_364' title='bbox 3363 725 3632 786; x_wconf 62' lang='lat' dir='ltr'><strong>praestan-</strong></span> 
     </span>
    </p>
   </div>
   <div class='ocr_carea' id='block_1_51' title="bbox 2044 798 3629 881">
    <p class='ocr_par' dir='ltr' id='par_1_51' title="bbox 2044 798 3629 881">
     <span class='ocr_line' id='line_1_51' title="bbox 2044 798 3629 881; baseline 0.008 -29"><span class='ocrx_word' id='word_1_365' title='bbox 2044 798 2262 854; x_wconf 89' lang='lat' dir='ltr'><strong>tissimo</strong></span> <span class='ocrx_word' id='word_1_366' title='bbox 2309 800 2651 857; x_wconf 80' lang='lat' dir='ltr'><strong>adversetur.</strong></span> <span class='ocrx_word' id='word_1_367' title='bbox 2691 821 2710 854; x_wconf 76' lang='grc' dir='ltr'><strong>ι</strong></span> <span class='ocrx_word' id='word_1_368' title='bbox 2749 802 2892 881; x_wconf 83' lang='lat' dir='ltr'><strong>Deus</strong></span> <span class='ocrx_word' id='word_1_369' title='bbox 2917 807 3085 871; x_wconf 88' lang='lat' dir='ltr'><strong>enim,</strong></span> <span class='ocrx_word' id='word_1_370' title='bbox 3122 808 3319 876; x_wconf 77' lang='lat' dir='ltr'><strong>inquit,</strong></span> <span class='ocrx_word' id='word_1_371' title='bbox 3368 807 3422 862; x_wconf 91' lang='lat' dir='ltr'><strong>in</strong></span> <span class='ocrx_word' id='word_1_372' title='bbox 3467 810 3629 873; x_wconf 82' lang='lat' dir='ltr'><strong>cmlo,</strong></span> 
     </span>
    </p>
   </div>
   <div class='ocr_carea' id='block_1_52' title="bbox 2043 894 3631 971">
    <p class='ocr_par' dir='ltr' id='par_1_52' title="bbox 2043 894 3631 971">
     <span class='ocr_line' id='line_1_52' title="bbox 2043 894 3631 971; baseline 0.009 -29"><span class='ocrx_word' id='word_1_373' title='bbox 2043 899 2100 944; x_wconf 88' lang='lat' dir='ltr'><strong>et</strong></span> <span class='ocrx_word' id='word_1_374' title='bbox 2165 898 2222 945; x_wconf 91' lang='lat' dir='ltr'><strong>tu</strong></span> <span class='ocrx_word' id='word_1_375' title='bbox 2271 907 2436 962; x_wconf 84' lang='lat' dir='ltr'><strong>super</strong></span> <span class='ocrx_word' id='word_1_376' title='bbox 2483 903 2710 963; x_wconf 88' lang='lat' dir='ltr'><strong>terram,</strong></span> <span class='ocrx_word' id='word_1_377' title='bbox 2742 914 2761 949; x_wconf 73' lang='grc' dir='ltr'><strong>ι</strong></span> <span class='ocrx_word' id='word_1_378' title='bbox 2826 894 3129 954; x_wconf 86' lang='lat' dir='ltr'><strong>discrimen</strong></span> <span class='ocrx_word' id='word_1_379' title='bbox 3180 901 3470 971; x_wconf 86' lang='lat' dir='ltr'><strong>utriusque</strong></span> <span class='ocrx_word' id='word_1_380' title='bbox 3522 903 3631 957; x_wconf 88' lang='lat' dir='ltr'><strong>illis</strong></span> 
     </span>
    </p>
   </div>
   <div class='ocr_carea' id='block_1_53' title="bbox 2044 977 3628 1065">
    <p class='ocr_par' dir='ltr' id='par_1_53' title="bbox 2044 977 3628 1065">
     <span class='ocr_line' id='line_1_53' title="bbox 2044 977 3628 1065; baseline 0.008 -31"><span class='ocrx_word' id='word_1_381' title='bbox 2044 983 2229 1038; x_wconf 89' lang='lat' dir='ltr'><strong>verbis</strong></span> <span class='ocrx_word' id='word_1_382' title='bbox 2299 983 2639 1055; x_wconf 75' lang='lat' dir='ltr'><strong>signiﬁcans,</strong></span> <span class='ocrx_word' id='word_1_383' title='bbox 2693 987 2937 1044; x_wconf 90' lang='lat' dir='ltr'><strong>hominis</strong></span> <span class='ocrx_word' id='word_1_384' title='bbox 3001 977 3194 1061; x_wconf 85' lang='lat' dir='ltr'><strong>utique</strong></span> <span class='ocrx_word' id='word_1_385' title='bbox 3251 1001 3307 1048; x_wconf 89' lang='lat' dir='ltr'><strong>et</strong></span> <span class='ocrx_word' id='word_1_386' title='bbox 3367 993 3462 1048; x_wconf 89' lang='lat' dir='ltr'><strong>Dei</strong></span> <span class='ocrx_word' id='word_1_387' title='bbox 3527 993 3628 1065; x_wconf 90' lang='lat'><strong>(8).</strong></span> 
     </span>
    </p>
   </div>
   <div class='ocr_carea' id='block_1_54' title="bbox 2051 1072 3636 1146">
    <p class='ocr_par' dir='ltr' id='par_1_54' title="bbox 2051 1072 3636 1146">
     <span class='ocr_line' id='line_1_54' title="bbox 2051 1072 3636 1146; baseline 0.006 -20"><span class='ocrx_word' id='word_1_388' title='bbox 2051 1072 2210 1144; x_wconf 74' lang='lat'><strong>132</strong></span> <span class='ocrx_word' id='word_1_389' title='bbox 2236 1072 2578 1138; x_wconf 87' lang='lat' dir='ltr'><strong>Sicutenim,</strong></span> <span class='ocrx_word' id='word_1_390' title='bbox 2597 1075 2796 1146; x_wconf 88' lang='lat' dir='ltr'><strong>inquit,</strong></span> <span class='ocrx_word' id='word_1_391' title='bbox 2821 1079 3023 1134; x_wconf 61' lang='lat' dir='ltr'><strong>caelum</strong></span> <span class='ocrx_word' id='word_1_392' title='bbox 3051 1081 3244 1136; x_wconf 91' lang='lat' dir='ltr'><strong>tellure</strong></span> <span class='ocrx_word' id='word_1_393' title='bbox 3261 1082 3435 1136; x_wconf 86' lang='lat' dir='ltr'><strong>multo</strong></span> <span class='ocrx_word' id='word_1_394' title='bbox 3461 1077 3636 1138; x_wconf 87' lang='lat' dir='ltr'><strong>subli-</strong></span> 
     </span>
    </p>
   </div>
   <div class='ocr_carea' id='block_1_55' title="bbox 2050 1166 3628 1241">
    <p class='ocr_par' dir='ltr' id='par_1_55' title="bbox 2050 1166 3628 1241">
     <span class='ocr_line' id='line_1_55' title="bbox 2050 1166 3628 1241; baseline 0.006 -22"><span class='ocrx_word' id='word_1_395' title='bbox 2050 1166 2196 1220; x_wconf 90' lang='lat' dir='ltr'><strong>mius</strong></span> <span class='ocrx_word' id='word_1_396' title='bbox 2221 1176 2305 1222; x_wconf 88' lang='lat' dir='ltr'><strong>est</strong></span> <span class='ocrx_word' id='word_1_397' title='bbox 2334 1168 2806 1237; x_wconf 81' lang='lat' dir='ltr'><strong>atqueexcelsins,</strong></span> <span class='ocrx_word' id='word_1_398' title='bbox 2826 1186 2989 1241; x_wconf 88' lang='lat' dir='ltr'><strong>quam</strong></span> <span class='ocrx_word' id='word_1_399' title='bbox 3017 1181 3080 1226; x_wconf 87' lang='lat' dir='ltr'><strong>ut</strong></span> <span class='ocrx_word' id='word_1_400' title='bbox 3100 1181 3308 1228; x_wconf 80' lang='lat' dir='ltr'><strong>tantum</strong></span> <span class='ocrx_word' id='word_1_401' title='bbox 3338 1190 3628 1230; x_wconf 80' lang='lat' dir='ltr'><strong>excessum</strong></span> 
     </span>
    </p>
   </div>
   <div class='ocr_carea' id='block_1_56' title="bbox 2048 1257 3631 1333">
    <p class='ocr_par' dir='ltr' id='par_1_56' title="bbox 2048 1257 3631 1333">
     <span class='ocr_line' id='line_1_56' title="bbox 2048 1257 3631 1333; baseline 0.004 -21"><span class='ocrx_word' id='word_1_402' title='bbox 2048 1257 2519 1326; x_wconf 85' lang='lat' dir='ltr'><strong>comprehendere</strong></span> <span class='ocrx_word' id='word_1_403' title='bbox 2565 1259 2682 1330; x_wconf 87' lang='lat' dir='ltr'><strong>ipse</strong></span> <span class='ocrx_word' id='word_1_404' title='bbox 2723 1261 2832 1316; x_wconf 88' lang='lat' dir='ltr'><strong>ulla</strong></span> <span class='ocrx_word' id='word_1_405' title='bbox 2867 1262 3079 1318; x_wconf 76' lang='lat' dir='ltr'><strong>ratione</strong></span> <span class='ocrx_word' id='word_1_406' title='bbox 3116 1265 3330 1333; x_wconf 86' lang='lat' dir='ltr'><strong>possis;</strong></span> <span class='ocrx_word' id='word_1_407' title='bbox 3372 1267 3466 1327; x_wconf 87' lang='lat' dir='ltr'><strong>ita,</strong></span> <span class='ocrx_word' id='word_1_408' title='bbox 3506 1284 3631 1321; x_wconf 84' lang='lat' dir='ltr'><strong>cum</strong></span> 
     </span>
    </p>
   </div>
   <div class='ocr_carea' id='block_1_57' title="bbox 2053 1350 3633 1428">
    <p class='ocr_par' dir='ltr' id='par_1_57' title="bbox 2053 1350 3633 1428">
     <span class='ocr_line' id='line_1_57' title="bbox 2053 1350 3633 1428; baseline 0.006 -27"><span class='ocrx_word' id='word_1_409' title='bbox 2053 1350 2226 1403; x_wconf 88' lang='lat' dir='ltr'><strong>multo</strong></span> <span class='ocrx_word' id='word_1_410' title='bbox 2259 1351 2438 1405; x_wconf 88' lang='lat' dir='ltr'><strong>minus</strong></span> <span class='ocrx_word' id='word_1_411' title='bbox 2483 1351 2874 1422; x_wconf 86' lang='lat' dir='ltr'><strong>comprehendi</strong></span> <span class='ocrx_word' id='word_1_412' title='bbox 2923 1351 3068 1409; x_wconf 85' lang='lat' dir='ltr'><strong>Deus</strong></span> <span class='ocrx_word' id='word_1_413' title='bbox 3108 1363 3273 1425; x_wconf 86' lang='lat' dir='ltr'><strong>atque</strong></span> <span class='ocrx_word' id='word_1_414' title='bbox 3315 1355 3633 1428; x_wconf 77' lang='lat' dir='ltr'><strong>investigari</strong></span> 
     </span>
    </p>
   </div>
   <div class='ocr_carea' id='block_1_58' title="bbox 2051 1439 3632 1516">
    <p class='ocr_par' dir='ltr' id='par_1_58' title="bbox 2051 1439 3632 1516">
     <span class='ocr_line' id='line_1_58' title="bbox 2051 1439 3632 1516; baseline 0.006 -24"><span class='ocrx_word' id='word_1_415' title='bbox 2051 1439 2120 1494; x_wconf 88' lang='lat' dir='ltr'><strong>ab</strong></span> <span class='ocrx_word' id='word_1_416' title='bbox 2141 1439 2364 1496; x_wconf 86' lang='lat' dir='ltr'><strong>homine</strong></span> <span class='ocrx_word' id='word_1_417' title='bbox 2387 1453 2574 1512; x_wconf 83' lang='lat' dir='ltr'><strong>queat,</strong></span> <span class='ocrx_word' id='word_1_418' title='bbox 2600 1459 2666 1498; x_wconf 91' lang='lat' dir='ltr'><strong>ne</strong></span> <span class='ocrx_word' id='word_1_419' title='bbox 2689 1439 2786 1498; x_wconf 87' lang='lat' dir='ltr'><strong>tibi</strong></span> <span class='ocrx_word' id='word_1_420' title='bbox 2815 1443 2870 1498; x_wconf 92' lang='lat' dir='ltr'><strong>in</strong></span> <span class='ocrx_word' id='word_1_421' title='bbox 2902 1453 3138 1500; x_wconf 89' lang='lat' dir='ltr'><strong>mentem</strong></span> <span class='ocrx_word' id='word_1_422' title='bbox 3168 1447 3350 1500; x_wconf 77' lang='lat' dir='ltr'><strong>veniat</strong></span> <span class='ocrx_word' id='word_1_423' title='bbox 3377 1459 3632 1516; x_wconf 80' lang='lat' dir='ltr'><strong>tanquam</strong></span> 
     </span>
    </p>
   </div>
   <div class='ocr_carea' id='block_1_59' title="bbox 2052 1529 3636 1606">
    <p class='ocr_par' dir='ltr' id='par_1_59' title="bbox 2052 1529 3636 1606">
     <span class='ocr_line' id='line_1_59' title="bbox 2052 1529 3636 1606; baseline 0.006 -24"><span class='ocrx_word' id='word_1_424' title='bbox 2052 1529 2236 1584; x_wconf 89' lang='lat' dir='ltr'><strong>minus</strong></span> <span class='ocrx_word' id='word_1_425' title='bbox 2257 1533 2641 1588; x_wconf 84' lang='lat' dir='ltr'><strong>convenientia</strong></span> <span class='ocrx_word' id='word_1_426' title='bbox 2664 1533 2959 1590; x_wconf 88' lang='lat' dir='ltr'><strong>emendare</strong></span> <span class='ocrx_word' id='word_1_427' title='bbox 2983 1550 3106 1606; x_wconf 84' lang='lat' dir='ltr'><strong>quae</strong></span> <span class='ocrx_word' id='word_1_428' title='bbox 3130 1535 3221 1592; x_wconf 91' lang='lat' dir='ltr'><strong>ille</strong></span> <span class='ocrx_word' id='word_1_429' title='bbox 3250 1535 3462 1598; x_wconf 80' lang='lat' dir='ltr'><strong>fecerit.</strong></span> <span class='ocrx_word' id='word_1_430' title='bbox 3489 1538 3636 1606; x_wconf 84' lang='lat' dir='ltr'><strong>quod</strong></span> 
     </span>
    </p>
   </div>
   <div class='ocr_carea' id='block_1_60' title="bbox 2053 1622 3640 1692">
    <p class='ocr_par' dir='ltr' id='par_1_60' title="bbox 2053 1622 3640 1692">
     <span class='ocr_line' id='line_1_60' title="bbox 2053 1622 3640 1692; baseline 0.006 -17"><span class='ocrx_word' id='word_1_431' title='bbox 2053 1636 2249 1692; x_wconf 89' lang='lat' dir='ltr'><strong>nempe</strong></span> <span class='ocrx_word' id='word_1_432' title='bbox 2271 1622 2471 1679; x_wconf 86' lang='lat' dir='ltr'><strong>Filium</strong></span> <span class='ocrx_word' id='word_1_433' title='bbox 2499 1641 2659 1680; x_wconf 92' lang='lat' dir='ltr'><strong>suum</strong></span> <span class='ocrx_word' id='word_1_434' title='bbox 2686 1627 2739 1681; x_wconf 92' lang='lat' dir='ltr'><strong>in</strong></span> <span class='ocrx_word' id='word_1_435' title='bbox 2767 1627 2914 1682; x_wconf 91' lang='lat' dir='ltr'><strong>hunc</strong></span> <span class='ocrx_word' id='word_1_436' title='bbox 2938 1629 3202 1683; x_wconf 90' lang='lat' dir='ltr'><strong>mundum</strong></span> <span class='ocrx_word' id='word_1_437' title='bbox 3237 1629 3468 1692; x_wconf 83' lang='lat' dir='ltr'><strong>miserit,</strong></span> <span class='ocrx_word' id='word_1_438' title='bbox 3507 1647 3527 1681; x_wconf 80' lang='grc' dir='ltr'><strong>ι</strong></span> <span class='ocrx_word' id='word_1_439' title='bbox 3558 1631 3640 1685; x_wconf 86' lang='lat' dir='ltr'><strong>l‘a-</strong></span> 
     </span>
    </p>
   </div>
   <div class='ocr_carea' id='block_1_61' title="bbox 2043 1715 3638 1791">
    <p class='ocr_par' dir='ltr' id='par_1_61' title="bbox 2043 1715 3638 1791">
     <span class='ocr_line' id='line_1_61' title="bbox 2043 1715 3638 1791; baseline 0.004 -22"><span class='ocrx_word' id='word_1_440' title='bbox 2043 1720 2202 1769; x_wconf 81' lang='lat' dir='ltr'><strong>.ctum</strong></span> <span class='ocrx_word' id='word_1_441' title='bbox 2235 1729 2302 1768; x_wconf 82' lang='lat' dir='ltr'><strong>ex</strong></span> <span class='ocrx_word' id='word_1_442' title='bbox 2339 1715 2589 1782; x_wconf 88' lang='lat' dir='ltr'><strong>muliere,</strong></span> <span class='ocrx_word' id='word_1_443' title='bbox 2627 1715 2831 1773; x_wconf 80' lang='lat' dir='ltr'><strong>factum</strong></span> <span class='ocrx_word' id='word_1_444' title='bbox 2863 1719 2966 1773; x_wconf 89' lang='lat' dir='ltr'><strong>sub</strong></span> <span class='ocrx_word' id='word_1_445' title='bbox 2999 1717 3136 1790; x_wconf 85' lang='lat' dir='ltr'><strong>lege,</strong></span> <span class='ocrx_word' id='word_1_446' title='bbox 3167 1728 3226 1775; x_wconf 87' lang='lat' dir='ltr'><strong>ut</strong></span> <span class='ocrx_word' id='word_1_447' title='bbox 3253 1735 3370 1785; x_wconf 87' lang='lat' dir='ltr'><strong>eos,</strong></span> <span class='ocrx_word' id='word_1_448' title='bbox 3407 1721 3498 1791; x_wconf 87' lang='lat' dir='ltr'><strong>qui</strong></span> <span class='ocrx_word' id='word_1_449' title='bbox 3534 1721 3638 1776; x_wconf 86' lang='lat' dir='ltr'><strong>sub</strong></span> 
     </span>
    </p>
   </div>
   <div class='ocr_carea' id='block_1_62' title="bbox 2057 1802 3634 1880">
    <p class='ocr_par' dir='ltr' id='par_1_62' title="bbox 2057 1802 3634 1880">
     <span class='ocr_line' id='line_1_62' title="bbox 2057 1802 3634 1880; baseline 0.005 -22"><span class='ocrx_word' id='word_1_450' title='bbox 2057 1802 2172 1874; x_wconf 91' lang='lat' dir='ltr'><strong>lege</strong></span> <span class='ocrx_word' id='word_1_451' title='bbox 2217 1813 2393 1870; x_wconf 86' lang='lat' dir='ltr'><strong>erant,</strong></span> <span class='ocrx_word' id='word_1_452' title='bbox 2429 1805 2744 1874; x_wconf 86' lang='lat' dir='ltr'><strong>redimeret,</strong></span> <span class='ocrx_word' id='word_1_453' title='bbox 2779 1816 2840 1862; x_wconf 92' lang='lat' dir='ltr'><strong>ut</strong></span> <span class='ocrx_word' id='word_1_454' title='bbox 2873 1823 2976 1864; x_wconf 92' lang='lat' dir='ltr'><strong>nos</strong></span> <span class='ocrx_word' id='word_1_455' title='bbox 3003 1809 3355 1880; x_wconf 89' lang='lat' dir='ltr'><strong>adoptionem</strong></span> <span class='ocrx_word' id='word_1_456' title='bbox 3397 1813 3634 1868; x_wconf 90' lang='lat' dir='ltr'><strong>liliorum</strong></span> 
     </span>
    </p>
   </div>
   <div class='ocr_carea' id='block_1_63' title="bbox 2057 1897 3635 1976">
    <p class='ocr_par' dir='ltr' id='par_1_63' title="bbox 2057 1897 3635 1976">
     <span class='ocr_line' id='line_1_63' title="bbox 2057 1897 3635 1976; baseline 0.004 -24"><span class='ocrx_word' id='word_1_457' title='bbox 2057 1897 2426 1968; x_wconf 88' lang='lat' dir='ltr'><strong>reciperemus</strong></span> <span class='ocrx_word' id='word_1_458' title='bbox 2475 1898 2572 1976; x_wconf 90' lang='lat'><strong>(9).</strong></span> <span class='ocrx_word' id='word_1_459' title='bbox 2606 1899 2887 1970; x_wconf 85' lang='lat' dir='ltr'><strong>Quotquot</strong></span> <span class='ocrx_word' id='word_1_460' title='bbox 2929 1902 3076 1957; x_wconf 93' lang='lat' dir='ltr'><strong>enim</strong></span> <span class='ocrx_word' id='word_1_461' title='bbox 3125 1914 3450 1974; x_wconf 90' lang='lat' dir='ltr'><strong>receperunt</strong></span> <span class='ocrx_word' id='word_1_462' title='bbox 3487 1921 3635 1966; x_wconf 90' lang='lat' dir='ltr'><strong>cum,</strong></span> 
     </span>
    </p>
   </div>
   <div class='ocr_carea' id='block_1_64' title="bbox 2054 1991 3636 2065">
    <p class='ocr_par' dir='ltr' id='par_1_64' title="bbox 2054 1991 3636 2065">
     <span class='ocr_line' id='line_1_64' title="bbox 2054 1991 3636 2065; baseline 0.004 -21"><span class='ocrx_word' id='word_1_463' title='bbox 2054 1991 2204 2046; x_wconf 87' lang='lat' dir='ltr'><strong>dedit</strong></span> <span class='ocrx_word' id='word_1_464' title='bbox 2227 1991 2308 2046; x_wconf 93' lang='lat' dir='ltr'><strong>eis</strong></span> <span class='ocrx_word' id='word_1_465' title='bbox 2336 2002 2664 2062; x_wconf 89' lang='lat' dir='ltr'><strong>potestatem</strong></span> <span class='ocrx_word' id='word_1_466' title='bbox 2697 1993 2839 2050; x_wconf 72' lang='lat' dir='ltr'><strong>filios</strong></span> <span class='ocrx_word' id='word_1_467' title='bbox 2875 1993 2971 2048; x_wconf 91' lang='lat' dir='ltr'><strong>Dei</strong></span> <span class='ocrx_word' id='word_1_468' title='bbox 3005 1993 3121 2049; x_wconf 80' lang='lat' dir='ltr'><strong>ﬁeri</strong></span> <span class='ocrx_word' id='word_1_469' title='bbox 3147 2027 3163 2059; x_wconf 82' lang='lat'><strong>,</strong></span> <span class='ocrx_word' id='word_1_470' title='bbox 3217 1995 3311 2064; x_wconf 90' lang='lat' dir='ltr'><strong>qui</strong></span> <span class='ocrx_word' id='word_1_471' title='bbox 3347 2011 3527 2065; x_wconf 90' lang='lat' dir='ltr'><strong>neque</strong></span> <span class='ocrx_word' id='word_1_472' title='bbox 3566 2011 3636 2051; x_wconf 73' lang='lat' dir='ltr'><strong>ex</strong></span> 
     </span>
    </p>
   </div>
   <div class='ocr_carea' id='block_1_65' title="bbox 2056 2084 3637 2156">
    <p class='ocr_par' dir='ltr' id='par_1_65' title="bbox 2056 2084 3637 2156">
     <span class='ocr_line' id='line_1_65' title="bbox 2056 2084 3637 2156; baseline 0.003 -18"><span class='ocrx_word' id='word_1_473' title='bbox 2056 2084 2442 2153; x_wconf 89' lang='lat' dir='ltr'><strong>sanguinibns,</strong></span> <span class='ocrx_word' id='word_1_474' title='bbox 2473 2099 2654 2156; x_wconf 88' lang='lat' dir='ltr'><strong>neque</strong></span> <span class='ocrx_word' id='word_1_475' title='bbox 2687 2101 2752 2140; x_wconf 80' lang='lat' dir='ltr'><strong>ex</strong></span> <span class='ocrx_word' id='word_1_476' title='bbox 2784 2086 3067 2142; x_wconf 71' lang='lat' dir='ltr'><strong>voluntate</strong></span> <span class='ocrx_word' id='word_1_477' title='bbox 3097 2087 3279 2142; x_wconf 85' lang='lat' dir='ltr'><strong>carnis</strong></span> <span class='ocrx_word' id='word_1_478' title='bbox 3305 2127 3320 2150; x_wconf 91' lang='lat'><strong>,</strong></span> <span class='ocrx_word' id='word_1_479' title='bbox 3359 2103 3538 2156; x_wconf 90' lang='lat' dir='ltr'><strong>neque</strong></span> <span class='ocrx_word' id='word_1_480' title='bbox 3569 2103 3637 2142; x_wconf 80' lang='lat' dir='ltr'><strong>ex</strong></span> 
     </span>
    </p>
   </div>
   <div class='ocr_carea' id='block_1_66' title="bbox 2055 2157 3638 2250">
    <p class='ocr_par' dir='ltr' id='par_1_66' title="bbox 2055 2157 3638 2250">
     <span class='ocr_line' id='line_1_66' title="bbox 2055 2157 3638 2250; baseline 0.003 -22"><span class='ocrx_word' id='word_1_481' title='bbox 2055 2174 2334 2229; x_wconf 83' lang='lat' dir='ltr'><strong>voluntate</strong></span> <span class='ocrx_word' id='word_1_482' title='bbox 2369 2175 2493 2239; x_wconf 87' lang='lat' dir='ltr'><strong>viri,</strong></span> <span class='ocrx_word' id='word_1_483' title='bbox 2526 2177 2620 2231; x_wconf 91' lang='lat' dir='ltr'><strong>sed</strong></span> <span class='ocrx_word' id='word_1_484' title='bbox 2654 2193 2721 2232; x_wconf 82' lang='lat' dir='ltr'><strong>ex</strong></span> <span class='ocrx_word' id='word_1_485' title='bbox 2757 2176 2866 2233; x_wconf 86' lang='lat' dir='ltr'><strong>Deo</strong></span> <span class='ocrx_word' id='word_1_486' title='bbox 2888 2179 3001 2232; x_wconf 87' lang='lat' dir='ltr'><strong>nati</strong></span> <span class='ocrx_word' id='word_1_487' title='bbox 3039 2157 3189 2245; x_wconf 63' lang='lat' dir='ltr'><strong>sunt,</strong></span> <span class='ocrx_word' id='word_1_488' title='bbox 3229 2179 3450 2250; x_wconf 73' lang='lat' dir='ltr'><strong>rinquit</strong></span> <span class='ocrx_word' id='word_1_489' title='bbox 3468 2180 3638 2233; x_wconf 81' lang='lat' dir='ltr'><strong>Joan-</strong></span> 
     </span>
    </p>
   </div>
   <div class='ocr_carea' id='block_1_67' title="bbox 2057 2268 3084 2341">
    <p class='ocr_par' dir='ltr' id='par_1_67' title="bbox 2057 2268 3084 2341">
     <span class='ocr_line' id='line_1_67' title="bbox 2057 2268 3084 2341; baseline 0.005 -20"><span class='ocrx_word' id='word_1_490' title='bbox 2057 2283 2155 2323; x_wconf 91' lang='lat' dir='ltr'><strong>nes</strong></span> <span class='ocrx_word' id='word_1_491' title='bbox 2184 2268 2460 2324; x_wconf 76' lang='lat' dir='ltr'><strong>maximus</strong></span> <span class='ocrx_word' id='word_1_492' title='bbox 2493 2269 2860 2340; x_wconf 83' lang='lat' dir='ltr'><strong>evangelistes</strong></span> <span class='ocrx_word' id='word_1_493' title='bbox 2899 2271 2920 2303; x_wconf 84' lang='grc'><em>³</em></span> <span class='ocrx_word' id='word_1_494' title='bbox 2949 2269 3084 2341; x_wconf 81' lang='grc' dir='ltr'>(ιο).</span> 
     </span>
    </p>
   </div>
   <div class='ocr_carea' id='block_1_68' title="bbox 2130 2439 3641 2511">
    <p class='ocr_par' dir='ltr' id='par_1_68' title="bbox 2130 2439 3641 2511">
     <span class='ocr_line' id='line_1_68' title="bbox 2130 2439 3641 2511; baseline 0.004 -14"><span class='ocrx_word' id='word_1_495' title='bbox 2130 2439 2403 2500; x_wconf 63' lang='lat' dir='ltr'><strong>Admonet</strong></span> <span class='ocrx_word' id='word_1_496' title='bbox 2447 2444 2709 2502; x_wconf 85' lang='lat' dir='ltr'><strong>nimirum</strong></span> <span class='ocrx_word' id='word_1_497' title='bbox 2743 2488 2757 2511; x_wconf 91' lang='lat'><strong>,</strong></span> <span class='ocrx_word' id='word_1_498' title='bbox 2805 2463 3094 2506; x_wconf 82' lang='lat' dir='ltr'><strong>sermones</strong></span> <span class='ocrx_word' id='word_1_499' title='bbox 3139 2449 3208 2505; x_wconf 91' lang='lat' dir='ltr'><strong>de</strong></span> <span class='ocrx_word' id='word_1_500' title='bbox 3265 2448 3528 2504; x_wconf 77' lang='lat' dir='ltr'><strong>incﬂ&#39;abili</strong></span> <span class='ocrx_word' id='word_1_501' title='bbox 3575 2463 3641 2504; x_wconf 85' lang='lat' dir='ltr'><strong>ac</strong></span> 
     </span>
    </p>
   </div>
   <div class='ocr_carea' id='block_1_69' title="bbox 2060 2532 3639 2606">
    <p class='ocr_par' dir='ltr' id='par_1_69' title="bbox 2060 2532 3639 2606">
     <span class='ocr_line' id='line_1_69' title="bbox 2060 2532 3639 2606; baseline 0.005 -20"><span class='ocrx_word' id='word_1_502' title='bbox 2060 2532 2455 2603; x_wconf 86' lang='lat' dir='ltr'><strong>benignissima</strong></span> <span class='ocrx_word' id='word_1_503' title='bbox 2483 2537 2575 2592; x_wconf 88' lang='lat' dir='ltr'><strong>Dei</strong></span> <span class='ocrx_word' id='word_1_504' title='bbox 2611 2538 3070 2596; x_wconf 88' lang='lat' dir='ltr'><strong>inhumanatione</strong></span> <span class='ocrx_word' id='word_1_505' title='bbox 3110 2541 3325 2606; x_wconf 88' lang='lat' dir='ltr'><strong>breves,</strong></span> <span class='ocrx_word' id='word_1_506' title='bbox 3360 2540 3639 2602; x_wconf 81' lang='lat' dir='ltr'><strong>concisos,</strong></span> 
     </span>
    </p>
   </div>
   <div class='ocr_carea' id='block_1_70' title="bbox 2066 2621 3637 2701">
    <p class='ocr_par' dir='ltr' id='par_1_70' title="bbox 2066 2621 3637 2701">
     <span class='ocr_line' id='line_1_70' title="bbox 2066 2621 3637 2701; baseline 0.004 -23"><span class='ocrx_word' id='word_1_507' title='bbox 2066 2623 2188 2679; x_wconf 82' lang='lat' dir='ltr'><strong>ﬁdei</strong></span> <span class='ocrx_word' id='word_1_508' title='bbox 2217 2626 2466 2682; x_wconf 83' lang='lat' dir='ltr'><strong>terminis</strong></span> <span class='ocrx_word' id='word_1_509' title='bbox 2509 2629 2956 2700; x_wconf 85' lang='lat' dir='ltr'><strong>circumscriptus</strong></span> <span class='ocrx_word' id='word_1_510' title='bbox 2995 2646 3118 2686; x_wconf 90' lang='lat' dir='ltr'><strong>esse</strong></span> <span class='ocrx_word' id='word_1_511' title='bbox 3145 2621 3450 2701; x_wconf 73' lang='lat' dir='ltr'><strong>oportere;</strong></span> <span class='ocrx_word' id='word_1_512' title='bbox 3488 2646 3637 2685; x_wconf 81' lang='lat' dir='ltr'><strong>nun-</strong></span> 
     </span>
    </p>
   </div>
   <div class='ocr_carea' id='block_1_71' title="bbox 2062 2717 3640 2793">
    <p class='ocr_par' dir='ltr' id='par_1_71' title="bbox 2062 2717 3640 2793">
     <span class='ocr_line' id='line_1_71' title="bbox 2062 2717 3640 2793; baseline 0.004 -23"><span class='ocrx_word' id='word_1_513' title='bbox 2062 2730 2226 2785; x_wconf 86' lang='lat' dir='ltr'><strong>quam</strong></span> <span class='ocrx_word' id='word_1_514' title='bbox 2261 2732 2393 2772; x_wconf 89' lang='lat' dir='ltr'><strong>vero</strong></span> <span class='ocrx_word' id='word_1_515' title='bbox 2421 2717 2514 2773; x_wconf 93' lang='lat' dir='ltr'><strong>Dei</strong></span> <span class='ocrx_word' id='word_1_516' title='bbox 2536 2719 2746 2790; x_wconf 74' lang='lat' dir='ltr'><strong>judicia</strong></span> <span class='ocrx_word' id='word_1_517' title='bbox 2775 2729 2938 2792; x_wconf 87' lang='lat' dir='ltr'><strong>atque</strong></span> <span class='ocrx_word' id='word_1_518' title='bbox 2987 2723 3229 2788; x_wconf 81' lang='lat' dir='ltr'><strong>decreta,</strong></span> <span class='ocrx_word' id='word_1_519' title='bbox 3263 2738 3386 2793; x_wconf 79' lang='lat' dir='ltr'><strong>qua:</strong></span> <span class='ocrx_word' id='word_1_520' title='bbox 3416 2722 3640 2792; x_wconf 87' lang='lat' dir='ltr'><strong>assequi</strong></span> 
     </span>
    </p>
   </div>
   <div class='ocr_carea' id='block_1_72' title="bbox 2063 2808 3644 2884">
    <p class='ocr_par' dir='ltr' id='par_1_72' title="bbox 2063 2808 3644 2884">
     <span class='ocr_line' id='line_1_72' title="bbox 2063 2808 3644 2884; baseline 0.005 -24"><span class='ocrx_word' id='word_1_521' title='bbox 2063 2821 2226 2863; x_wconf 91' lang='lat' dir='ltr'><strong>nemo</strong></span> <span class='ocrx_word' id='word_1_522' title='bbox 2253 2808 2444 2878; x_wconf 89' lang='lat' dir='ltr'><strong>possit,</strong></span> <span class='ocrx_word' id='word_1_523' title='bbox 2484 2811 2833 2867; x_wconf 87' lang='lat' dir='ltr'><strong>naturalibus</strong></span> <span class='ocrx_word' id='word_1_524' title='bbox 2860 2811 3169 2867; x_wconf 83' lang='lat' dir='ltr'><strong>rationibus</strong></span> <span class='ocrx_word' id='word_1_525' title='bbox 3216 2821 3311 2868; x_wconf 90' lang='lat' dir='ltr'><strong>aut</strong></span> <span class='ocrx_word' id='word_1_526' title='bbox 3365 2813 3644 2884; x_wconf 81' lang='lat' dir='ltr'><strong>discepta-</strong></span> 
     </span>
    </p>
   </div>
   <div class='ocr_carea' id='block_1_73' title="bbox 2063 2899 3641 2974">
    <p class='ocr_par' dir='ltr' id='par_1_73' title="bbox 2063 2899 3641 2974">
     <span class='ocr_line' id='line_1_73' title="bbox 2063 2899 3641 2974; baseline 0.003 -19"><span class='ocrx_word' id='word_1_527' title='bbox 2063 2899 2200 2956; x_wconf 92' lang='lat' dir='ltr'><strong>tioni</strong></span> <span class='ocrx_word' id='word_1_528' title='bbox 2225 2899 2321 2954; x_wconf 87' lang='lat' dir='ltr'><strong>ulli</strong></span> <span class='ocrx_word' id='word_1_529' title='bbox 2343 2916 2408 2954; x_wconf 89' lang='lat' dir='ltr'><strong>ac</strong></span> <span class='ocrx_word' id='word_1_530' title='bbox 2434 2901 2818 2972; x_wconf 87' lang='lat' dir='ltr'><strong>perquisitioni</strong></span> <span class='ocrx_word' id='word_1_531' title='bbox 2855 2903 3196 2974; x_wconf 84' lang='lat' dir='ltr'><strong>subjicienda</strong></span> <span class='ocrx_word' id='word_1_532' title='bbox 3217 2919 3359 2968; x_wconf 89' lang='lat' dir='ltr'><strong>esse,</strong></span> <span class='ocrx_word' id='word_1_533' title='bbox 3389 2904 3471 2958; x_wconf 87' lang='lat' dir='ltr'><strong>vel</strong></span> <span class='ocrx_word' id='word_1_534' title='bbox 3512 2920 3641 2960; x_wconf 91' lang='lat' dir='ltr'><strong>cum</strong></span> 
     </span>
    </p>
   </div>
   <div class='ocr_carea' id='block_1_74' title="bbox 2066 2994 3644 3066">
    <p class='ocr_par' dir='ltr' id='par_1_74' title="bbox 2066 2994 3644 3066">
     <span class='ocr_line' id='line_1_74' title="bbox 2066 2994 3644 3066; baseline 0.001 -18"><span class='ocrx_word' id='word_1_535' title='bbox 2066 2994 2431 3049; x_wconf 89' lang='lat' dir='ltr'><strong>humanarum</strong></span> <span class='ocrx_word' id='word_1_536' title='bbox 2460 3010 2644 3049; x_wconf 91' lang='lat' dir='ltr'><strong>rerum</strong></span> <span class='ocrx_word' id='word_1_537' title='bbox 2667 2996 2936 3066; x_wconf 79' lang='lat' dir='ltr'><strong>exemplis</strong></span> <span class='ocrx_word' id='word_1_538' title='bbox 2965 2994 3440 3066; x_wconf 86' lang='lat' dir='ltr'><strong>comparanda.Ut</strong></span> <span class='ocrx_word' id='word_1_539' title='bbox 3469 2997 3644 3062; x_wconf 89' lang='lat' dir='ltr'><strong>enim,</strong></span> 
     </span>
    </p>
   </div>
   <div class='ocr_carea' id='block_1_75' title="bbox 2066 3086 3644 3160">
    <p class='ocr_par' dir='ltr' id='par_1_75' title="bbox 2066 3086 3644 3160">
     <span class='ocr_line' id='line_1_75' title="bbox 2066 3086 3644 3160; baseline 0.003 -18"><span class='ocrx_word' id='word_1_540' title='bbox 2066 3086 2265 3158; x_wconf 91' lang='lat' dir='ltr'><strong>inquit,</strong></span> <span class='ocrx_word' id='word_1_541' title='bbox 2301 3087 2347 3142; x_wconf 89' lang='lat' dir='ltr'><strong>si</strong></span> <span class='ocrx_word' id='word_1_542' title='bbox 2379 3088 2504 3158; x_wconf 84' lang='lat' dir='ltr'><strong>quis</strong></span> <span class='ocrx_word' id='word_1_543' title='bbox 2527 3103 2780 3158; x_wconf 87' lang='lat' dir='ltr'><strong>magnam</strong></span> <span class='ocrx_word' id='word_1_544' title='bbox 2813 3089 3052 3160; x_wconf 87' lang='lat' dir='ltr'><strong>aliquam</strong></span> <span class='ocrx_word' id='word_1_545' title='bbox 3079 3091 3132 3146; x_wconf 90' lang='lat' dir='ltr'><strong>in</strong></span> <span class='ocrx_word' id='word_1_546' title='bbox 3171 3105 3474 3146; x_wconf 68' lang='lat' dir='ltr'><strong>aerumnam</strong></span> <span class='ocrx_word' id='word_1_547' title='bbox 3503 3093 3644 3147; x_wconf 91' lang='lat' dir='ltr'><strong>inci-</strong></span> 
     </span>
    </p>
   </div>
   <div class='ocr_carea' id='block_1_76' title="bbox 2067 3177 3642 3251">
    <p class='ocr_par' dir='ltr' id='par_1_76' title="bbox 2067 3177 3642 3251">
     <span class='ocr_line' id='line_1_76' title="bbox 2067 3177 3642 3251; baseline 0.004 -19"><span class='ocrx_word' id='word_1_548' title='bbox 2067 3177 2226 3242; x_wconf 85' lang='lat' dir='ltr'><strong>derit,</strong></span> <span class='ocrx_word' id='word_1_549' title='bbox 2257 3186 2308 3233; x_wconf 91' lang='lat' dir='ltr'><strong>et</strong></span> <span class='ocrx_word' id='word_1_550' title='bbox 2337 3179 2526 3234; x_wconf 89' lang='lat' dir='ltr'><strong>multis</strong></span> <span class='ocrx_word' id='word_1_551' title='bbox 2581 3179 2740 3249; x_wconf 88' lang='lat' dir='ltr'><strong>plane</strong></span> <span class='ocrx_word' id='word_1_552' title='bbox 2771 3178 3050 3251; x_wconf 89' lang='lat' dir='ltr'><strong>variisque</strong></span> <span class='ocrx_word' id='word_1_553' title='bbox 3106 3181 3374 3237; x_wconf 90' lang='lat' dir='ltr'><strong>molestiis</strong></span> <span class='ocrx_word' id='word_1_554' title='bbox 3411 3181 3642 3238; x_wconf 79' lang='lat' dir='ltr'><strong>alnicte-</strong></span> 
     </span>
    </p>
   </div>
   <div class='ocr_carea' id='block_1_77' title="bbox 2070 3268 3648 3342">
    <p class='ocr_par' dir='ltr' id='par_1_77' title="bbox 2070 3268 3648 3342">
     <span class='ocr_line' id='line_1_77' title="bbox 2070 3268 3648 3342; baseline 0.004 -18"><span class='ocrx_word' id='word_1_555' title='bbox 2070 3279 2190 3336; x_wconf 90' lang='lat' dir='ltr'><strong>tur;</strong></span> <span class='ocrx_word' id='word_1_556' title='bbox 2218 3268 2485 3342; x_wconf 79' lang='lat' dir='ltr'><strong>imagines</strong></span> <span class='ocrx_word' id='word_1_557' title='bbox 2518 3272 2740 3341; x_wconf 88' lang='lat' dir='ltr'><strong>quidem</strong></span> <span class='ocrx_word' id='word_1_558' title='bbox 2777 3287 2874 3342; x_wconf 90' lang='lat' dir='ltr'><strong>per</strong></span> <span class='ocrx_word' id='word_1_559' title='bbox 2903 3287 3162 3328; x_wconf 91' lang='lat' dir='ltr'><strong>somnum</strong></span> <span class='ocrx_word' id='word_1_560' title='bbox 3218 3273 3410 3328; x_wconf 88' lang='lat' dir='ltr'><strong>inanes</strong></span> <span class='ocrx_word' id='word_1_561' title='bbox 3459 3275 3648 3330; x_wconf 90' lang='lat' dir='ltr'><strong>animo</strong></span> 
     </span>
    </p>
   </div>
   <div class='ocr_carea' id='block_1_78' title="bbox 2067 3361 3649 3436">
    <p class='ocr_par' dir='ltr' id='par_1_78' title="bbox 2067 3361 3649 3436">
     <span class='ocr_line' id='line_1_78' title="bbox 2067 3361 3649 3436; baseline 0.004 -22"><span class='ocrx_word' id='word_1_562' title='bbox 2067 3361 2232 3426; x_wconf 83' lang='lat' dir='ltr'><strong>videt,</strong></span> <span class='ocrx_word' id='word_1_563' title='bbox 2266 3377 2386 3431; x_wconf 64' lang='lat' dir='ltr'><strong>qum</strong></span> <span class='ocrx_word' id='word_1_564' title='bbox 2409 3377 2439 3418; x_wconf 71' lang='grc' dir='ltr'>ι</span> <span class='ocrx_word' id='word_1_565' title='bbox 2463 3379 2591 3417; x_wconf 88' lang='lat' dir='ltr'><strong>vero</strong></span> <span class='ocrx_word' id='word_1_566' title='bbox 2614 3378 2778 3434; x_wconf 88' lang='lat' dir='ltr'><strong>quam</strong></span> <span class='ocrx_word' id='word_1_567' title='bbox 2813 3363 3134 3434; x_wconf 79' lang='lat' dir='ltr'><strong>longissime</strong></span> <span class='ocrx_word' id='word_1_568' title='bbox 3160 3365 3383 3427; x_wconf 89' lang='lat' dir='ltr'><strong>absunt,</strong></span> <span class='ocrx_word' id='word_1_569' title='bbox 3410 3372 3465 3419; x_wconf 90' lang='lat' dir='ltr'><strong>at</strong></span> <span class='ocrx_word' id='word_1_570' title='bbox 3489 3365 3649 3436; x_wconf 66' lang='grc' dir='ltr'>ωενι-</span> 
     </span>
    </p>
   </div>
   <div class='ocr_carea' id='block_1_79' title="bbox 2070 3453 3647 3524">
    <p class='ocr_par' dir='ltr' id='par_1_79' title="bbox 2070 3453 3647 3524">
     <span class='ocr_line' id='line_1_79' title="bbox 2070 3453 3647 3524; baseline 0.005 -18"><span class='ocrx_word' id='word_1_571' title='bbox 2070 3453 2257 3508; x_wconf 89' lang='lat' dir='ltr'><strong>tudine</strong></span> <span class='ocrx_word' id='word_1_572' title='bbox 2282 3461 2337 3508; x_wconf 89' lang='lat' dir='ltr'><strong>et</strong></span> <span class='ocrx_word' id='word_1_573' title='bbox 2367 3453 2516 3509; x_wconf 90' lang='lat' dir='ltr'><strong>curis</strong></span> <span class='ocrx_word' id='word_1_574' title='bbox 2549 3470 2830 3524; x_wconf 86' lang='lat' dir='ltr'><strong>nunquam</strong></span> <span class='ocrx_word' id='word_1_575' title='bbox 2865 3455 3196 3511; x_wconf 89' lang='lat' dir='ltr'><strong>abeuntibus</strong></span> <span class='ocrx_word' id='word_1_576' title='bbox 3245 3457 3317 3512; x_wconf 90' lang='lat' dir='ltr'><strong>ob</strong></span> <span class='ocrx_word' id='word_1_577' title='bbox 3373 3457 3647 3514; x_wconf 69' lang='lat' dir='ltr'><strong>inhaeren-</strong></span> 
     </span>
    </p>
   </div>
   <div class='ocr_carea' id='block_1_80' title="bbox 2070 3547 3652 3617">
    <p class='ocr_par' dir='ltr' id='par_1_80' title="bbox 2070 3547 3652 3617">
     <span class='ocr_line' id='line_1_80' title="bbox 2070 3547 3652 3617; baseline 0.006 -20"><span class='ocrx_word' id='word_1_578' title='bbox 2070 3553 2177 3598; x_wconf 90' lang='lat' dir='ltr'><strong>tem</strong></span> <span class='ocrx_word' id='word_1_579' title='bbox 2208 3555 2602 3617; x_wconf 84' lang='lat' dir='ltr'><strong>urgentemque</strong></span> <span class='ocrx_word' id='word_1_580' title='bbox 2617 3547 3010 3610; x_wconf 81' lang='lat' dir='ltr'><strong>calamitatem,</strong></span> <span class='ocrx_word' id='word_1_581' title='bbox 3035 3548 3138 3604; x_wconf 87' lang='lat' dir='ltr'><strong>etsi</strong></span> <span class='ocrx_word' id='word_1_582' title='bbox 3166 3549 3358 3604; x_wconf 85' lang='lat' dir='ltr'><strong>idonea</strong></span> <span class='ocrx_word' id='word_1_583' title='bbox 3381 3552 3543 3606; x_wconf 87' lang='lat' dir='ltr'><strong>rebus</strong></span> <span class='ocrx_word' id='word_1_584' title='bbox 3565 3551 3652 3606; x_wconf 84' lang='lat' dir='ltr'><strong>in-</strong></span> 
     </span>
    </p>
   </div>
   <div class='ocr_carea' id='block_1_81' title="bbox 2070 3629 3650 3706">
    <p class='ocr_par' dir='ltr' id='par_1_81' title="bbox 2070 3629 3650 3706">
     <span class='ocr_line' id='line_1_81' title="bbox 2070 3629 3650 3706; baseline 0.003 -12"><span class='ocrx_word' id='word_1_585' title='bbox 2070 3637 2286 3694; x_wconf 83' lang='lat' dir='ltr'><strong>somnia</strong></span> <span class='ocrx_word' id='word_1_586' title='bbox 2321 3637 2506 3692; x_wconf 87' lang='lat' dir='ltr'><strong>videre</strong></span> <span class='ocrx_word' id='word_1_587' title='bbox 2540 3638 2644 3693; x_wconf 88' lang='lat' dir='ltr'><strong>sibi</strong></span> <span class='ocrx_word' id='word_1_588' title='bbox 2671 3638 2942 3706; x_wconf 88' lang='lat' dir='ltr'><strong>videatur,</strong></span> <span class='ocrx_word' id='word_1_589' title='bbox 2969 3629 3260 3695; x_wconf 78' lang='lat' dir='ltr'><strong>utilitatem</strong></span> <span class='ocrx_word' id='word_1_590' title='bbox 3300 3650 3481 3696; x_wconf 83' lang='lat' dir='ltr'><strong>tamen</strong></span> <span class='ocrx_word' id='word_1_591' title='bbox 3518 3643 3650 3699; x_wconf 86' lang='lat' dir='ltr'><strong>inde</strong></span> 
     </span>
    </p>
   </div>
   <div class='ocr_carea' id='block_1_82' title="bbox 2072 3727 3648 3802">
    <p class='ocr_par' dir='ltr' id='par_1_82' title="bbox 2072 3727 3648 3802">
     <span class='ocr_line' id='line_1_82' title="bbox 2072 3727 3648 3802; baseline 0.003 -18"><span class='ocrx_word' id='word_1_592' title='bbox 2072 3727 2236 3784; x_wconf 88' lang='lat' dir='ltr'><strong>habet</strong></span> <span class='ocrx_word' id='word_1_593' title='bbox 2266 3729 2518 3782; x_wconf 86' lang='lat' dir='ltr'><strong>nullam:</strong></span> <span class='ocrx_word' id='word_1_594' title='bbox 2575 3743 2700 3784; x_wconf 91' lang='lat' dir='ltr'><strong>cum</strong></span> <span class='ocrx_word' id='word_1_595' title='bbox 2750 3729 2916 3785; x_wconf 88' lang='lat' dir='ltr'><strong>simul</strong></span> <span class='ocrx_word' id='word_1_596' title='bbox 2974 3743 3141 3802; x_wconf 88' lang='lat' dir='ltr'><strong>atque</strong></span> <span class='ocrx_word' id='word_1_597' title='bbox 3192 3748 3376 3788; x_wconf 90' lang='lat' dir='ltr'><strong>rerum</strong></span> <span class='ocrx_word' id='word_1_598' title='bbox 3430 3733 3648 3790; x_wconf 88' lang='lat' dir='ltr'><strong>illarum</strong></span> 
     </span>
    </p>
   </div>
   <div class='ocr_carea' id='block_1_83' title="bbox 2071 3820 3650 3898">
    <p class='ocr_par' dir='ltr' id='par_1_83' title="bbox 2071 3820 3650 3898">
     <span class='ocr_line' id='line_1_83' title="bbox 2071 3820 3650 3898; baseline 0.004 -21"><span class='ocrx_word' id='word_1_599' title='bbox 2071 3821 2282 3890; x_wconf 89' lang='lat' dir='ltr'><strong>species</strong></span> <span class='ocrx_word' id='word_1_600' title='bbox 2307 3820 2494 3875; x_wconf 90' lang='lat' dir='ltr'><strong>animo</strong></span> <span class='ocrx_word' id='word_1_601' title='bbox 2521 3821 2845 3888; x_wconf 88' lang='lat' dir='ltr'><strong>insederint,</strong></span> <span class='ocrx_word' id='word_1_602' title='bbox 2879 3823 3133 3880; x_wconf 89' lang='lat' dir='ltr'><strong>avolante</strong></span> <span class='ocrx_word' id='word_1_603' title='bbox 3165 3841 3386 3892; x_wconf 92' lang='lat' dir='ltr'><strong>somno,</strong></span> <span class='ocrx_word' id='word_1_604' title='bbox 3417 3827 3470 3882; x_wconf 89' lang='lat' dir='ltr'><strong>id</strong></span> <span class='ocrx_word' id='word_1_605' title='bbox 3506 3843 3650 3898; x_wconf 75' lang='lat' dir='ltr'><strong>quo~</strong></span> 
     </span>
    </p>
   </div>
   <div class='ocr_carea' id='block_1_84' title="bbox 2071 3903 3671 3988">
    <p class='ocr_par' dir='ltr' id='par_1_84' title="bbox 2071 3903 3671 3988">
     <span class='ocr_line' id='line_1_84' title="bbox 2071 3903 3671 3988; baseline 0.003 -22"><span class='ocrx_word' id='word_1_606' title='bbox 2071 3927 2200 3984; x_wconf 86' lang='lat' dir='ltr'><strong>que,</strong></span> <span class='ocrx_word' id='word_1_607' title='bbox 2245 3913 2392 3983; x_wconf 89' lang='lat' dir='ltr'><strong>quod</strong></span> <span class='ocrx_word' id='word_1_608' title='bbox 2425 3914 2943 3982; x_wconf 67' lang='lat' dir='ltr'><strong>reprazsentabatur,</strong></span> <span class='ocrx_word' id='word_1_609' title='bbox 2979 3916 3230 3984; x_wconf 87' lang='lat' dir='ltr'><strong>intereat,</strong></span> <span class='ocrx_word' id='word_1_610' title='bbox 3262 3919 3406 3986; x_wconf 87' lang='lat' dir='ltr'><strong>quod</strong></span> <span class='ocrx_word' id='word_1_611' title='bbox 3454 3903 3671 3988; x_wconf 72' lang='lat' dir='ltr'><strong>nempe</strong></span> 
     </span>
    </p>
   </div>
   <div class='ocr_carea' id='block_1_85' title="bbox 2075 4005 3648 4078">
    <p class='ocr_par' dir='ltr' id='par_1_85' title="bbox 2075 4005 3648 4078">
     <span class='ocr_line' id='line_1_85' title="bbox 2075 4005 3648 4078; baseline 0.004 -20"><span class='ocrx_word' id='word_1_612' title='bbox 2075 4005 2210 4058; x_wconf 88' lang='lat' dir='ltr'><strong>nihil</strong></span> <span class='ocrx_word' id='word_1_613' title='bbox 2245 4005 2356 4059; x_wconf 90' lang='lat' dir='ltr'><strong>veri</strong></span> <span class='ocrx_word' id='word_1_614' title='bbox 2407 4005 2684 4059; x_wconf 87' lang='lat' dir='ltr'><strong>subesset:</strong></span> <span class='ocrx_word' id='word_1_615' title='bbox 2735 4005 2818 4060; x_wconf 88' lang='lat' dir='ltr'><strong>sic</strong></span> <span class='ocrx_word' id='word_1_616' title='bbox 2865 4015 2920 4060; x_wconf 89' lang='lat' dir='ltr'><strong>et</strong></span> <span class='ocrx_word' id='word_1_617' title='bbox 2969 4006 3077 4070; x_wconf 91' lang='lat' dir='ltr'><strong>iis,</strong></span> <span class='ocrx_word' id='word_1_618' title='bbox 3131 4009 3227 4078; x_wconf 90' lang='lat' dir='ltr'><strong>qui</strong></span> <span class='ocrx_word' id='word_1_619' title='bbox 3274 4012 3440 4064; x_wconf 89' lang='lat' dir='ltr'><strong>stulte</strong></span> <span class='ocrx_word' id='word_1_620' title='bbox 3478 4013 3648 4065; x_wconf 85' lang='lat' dir='ltr'><strong>multa</strong></span> 
     </span>
    </p>
   </div>
   <div class='ocr_carea' id='block_1_86' title="bbox 2075 4097 3651 4170">
    <p class='ocr_par' dir='ltr' id='par_1_86' title="bbox 2075 4097 3651 4170">
     <span class='ocr_line' id='line_1_86' title="bbox 2075 4097 3651 4170; baseline 0.003 -16"><span class='ocrx_word' id='word_1_621' title='bbox 2075 4099 2280 4170; x_wconf 83' lang='lat' dir='ltr'><strong>agitare</strong></span> <span class='ocrx_word' id='word_1_622' title='bbox 2305 4099 2372 4154; x_wconf 89' lang='lat' dir='ltr'><strong>de</strong></span> <span class='ocrx_word' id='word_1_623' title='bbox 2395 4097 2714 4166; x_wconf 77' lang='lat' dir='ltr'><strong>theologicis</strong></span> <span class='ocrx_word' id='word_1_624' title='bbox 2747 4113 2813 4153; x_wconf 89' lang='lat' dir='ltr'><strong>ac</strong></span> <span class='ocrx_word' id='word_1_625' title='bbox 2847 4101 2913 4155; x_wconf 92' lang='lat' dir='ltr'><strong>de</strong></span> <span class='ocrx_word' id='word_1_626' title='bbox 2947 4099 3147 4156; x_wconf 67' lang='lat' dir='ltr'><strong>divinae</strong></span> <span class='ocrx_word' id='word_1_627' title='bbox 3172 4102 3651 4158; x_wconf 87' lang='lat' dir='ltr'><strong>inhumanationis</strong></span> 
     </span>
    </p>
   </div>
   <div class='ocr_carea' id='block_1_87' title="bbox 2074 4189 3651 4263">
    <p class='ocr_par' dir='ltr' id='par_1_87' title="bbox 2074 4189 3651 4263">
     <span class='ocr_line' id='line_1_87' title="bbox 2074 4189 3651 4263; baseline 0 -13"><span class='ocrx_word' id='word_1_628' title='bbox 2074 4191 2309 4250; x_wconf 90' lang='lat' dir='ltr'><strong>consilio</strong></span> <span class='ocrx_word' id='word_1_629' title='bbox 2333 4189 2776 4262; x_wconf 87' lang='lat' dir='ltr'><strong>aggrediuntur,</strong></span> <span class='ocrx_word' id='word_1_630' title='bbox 2843 4208 3039 4263; x_wconf 85' lang='lat' dir='ltr'><strong>magna</strong></span> <span class='ocrx_word' id='word_1_631' title='bbox 3093 4193 3243 4248; x_wconf 87' lang='lat' dir='ltr'><strong>velut</strong></span> <span class='ocrx_word' id='word_1_632' title='bbox 3303 4195 3651 4252; x_wconf 88' lang='lat' dir='ltr'><strong>somniorum</strong></span> 
     </span>
    </p>
   </div>
   <div class='ocr_carea' id='block_1_88' title="bbox 2076 4279 3654 4356">
    <p class='ocr_par' dir='ltr' id='par_1_88' title="bbox 2076 4279 3654 4356">
     <span class='ocr_line' id='line_1_88' title="bbox 2076 4279 3654 4356; baseline 0.002 -18"><span class='ocrx_word' id='word_1_633' title='bbox 2076 4284 2400 4339; x_wconf 84' lang='lat' dir='ltr'><strong>obversatur</strong></span> <span class='ocrx_word' id='word_1_634' title='bbox 2429 4280 2629 4334; x_wconf 87' lang='lat' dir='ltr'><strong>cohors</strong></span> <span class='ocrx_word' id='word_1_635' title='bbox 2659 4287 2715 4334; x_wconf 89' lang='lat' dir='ltr'><strong>et</strong></span> <span class='ocrx_word' id='word_1_636' title='bbox 2740 4279 3042 4349; x_wconf 80' lang='lat' dir='ltr'><strong>imaginum</strong></span> <span class='ocrx_word' id='word_1_637' title='bbox 3062 4283 3376 4349; x_wconf 86' lang='lat' dir='ltr'><strong>multitudo,</strong></span> <span class='ocrx_word' id='word_1_638' title='bbox 3400 4301 3524 4356; x_wconf 77' lang='lat' dir='ltr'><strong>qua:</strong></span> <span class='ocrx_word' id='word_1_639' title='bbox 3541 4289 3654 4341; x_wconf 90' lang='lat' dir='ltr'><strong>veri</strong></span> 
     </span>
    </p>
   </div>
   <div class='ocr_carea' id='block_1_89' title="bbox 2077 4370 3657 4453">
    <p class='ocr_par' dir='ltr' id='par_1_89' title="bbox 2077 4370 3657 4453">
     <span class='ocr_line' id='line_1_89' title="bbox 2077 4370 3657 4453; baseline 0.003 -24"><span class='ocrx_word' id='word_1_640' title='bbox 2077 4375 2298 4444; x_wconf 89' lang='lat' dir='ltr'><strong>quidem</strong></span> <span class='ocrx_word' id='word_1_641' title='bbox 2323 4371 2459 4426; x_wconf 91' lang='lat' dir='ltr'><strong>nihil</strong></span> <span class='ocrx_word' id='word_1_642' title='bbox 2500 4370 2678 4434; x_wconf 76' lang='lat' dir='ltr'><strong>affert,</strong></span> <span class='ocrx_word' id='word_1_643' title='bbox 2724 4381 2782 4427; x_wconf 87' lang='lat' dir='ltr'><strong>at</strong></span> <span class='ocrx_word' id='word_1_644' title='bbox 2815 4389 2924 4426; x_wconf 89' lang='lat' dir='ltr'><strong>non</strong></span> <span class='ocrx_word' id='word_1_645' title='bbox 2969 4388 3130 4428; x_wconf 88' lang='lat' dir='ltr'><strong>secus</strong></span> <span class='ocrx_word' id='word_1_646' title='bbox 3157 4383 3322 4444; x_wconf 88' lang='lat' dir='ltr'><strong>atque</strong></span> <span class='ocrx_word' id='word_1_647' title='bbox 3353 4377 3657 4453; x_wconf 75' lang='lat' dir='ltr'><strong>insomnia,</strong></span> 
     </span>
    </p>
   </div>
   <div class='ocr_carea' id='block_1_90' title="bbox 2078 4463 3652 4538">
    <p class='ocr_par' dir='ltr' id='par_1_90' title="bbox 2078 4463 3652 4538">
     <span class='ocr_line' id='line_1_90' title="bbox 2078 4463 3652 4538; baseline 0 -16"><span class='ocrx_word' id='word_1_648' title='bbox 2078 4483 2319 4522; x_wconf 88' lang='lat' dir='ltr'><strong>errorem</strong></span> <span class='ocrx_word' id='word_1_649' title='bbox 2345 4473 2401 4519; x_wconf 87' lang='lat' dir='ltr'><strong>et.</strong></span> <span class='ocrx_word' id='word_1_650' title='bbox 2432 4463 2830 4538; x_wconf 79' lang='lat' dir='ltr'><strong>deceptiouem.</strong></span> <span class='ocrx_word' id='word_1_651' title='bbox 2862 4464 3068 4520; x_wconf 82' lang='lat' dir='ltr'><strong>Idcirco</strong></span> <span class='ocrx_word' id='word_1_652' title='bbox 3107 4467 3263 4536; x_wconf 76' lang='lat'><strong>133</strong></span> <span class='ocrx_word' id='word_1_653' title='bbox 3293 4469 3370 4522; x_wconf 88' lang='lat' dir='ltr'><strong>ait</strong></span> <span class='ocrx_word' id='word_1_654' title='bbox 3415 4469 3556 4526; x_wconf 82' lang='lat' dir='ltr'><strong>idem</strong></span> <span class='ocrx_word' id='word_1_655' title='bbox 3597 4471 3652 4524; x_wconf 89' lang='lat' dir='ltr'><strong>in</strong></span> 
     </span>
    </p>
   </div>
   <div class='ocr_carea' id='block_1_91' title="bbox 391 4555 1964 4631">
    <p class='ocr_par' dir='ltr' id='par_1_91' title="bbox 391 4555 1964 4628">
     <span class='ocr_line' id='line_1_91' title="bbox 391 4555 1964 4628; baseline 0.001 -18"><span class='ocrx_word' id='word_1_656' title='bbox 391 4555 556 4610; x_wconf 78' lang='grc' dir='ltr'>τοῦτό</span> <span class='ocrx_word' id='word_1_657' title='bbox 589 4574 756 4628; x_wconf 87' lang='grc' dir='ltr'>φησιν</span> <span class='ocrx_word' id='word_1_658' title='bbox 789 4557 818 4610; x_wconf 83' lang='grc' dir='ltr'>ὁ</span> <span class='ocrx_word' id='word_1_659' title='bbox 853 4556 1018 4620; x_wconf 78' lang='grc' dir='ltr'>αὐτὸς</span> <span class='ocrx_word' id='word_1_660' title='bbox 1053 4557 1112 4610; x_wconf 78' lang='grc' dir='ltr'><strong>ἐν</strong></span> <span class='ocrx_word' id='word_1_661' title='bbox 1143 4557 1507 4628; x_wconf 86' lang='grc' dir='ltr'>Παροιμίαις·</span> <span class='ocrx_word' id='word_1_662' title='bbox 1550 4575 1568 4608; x_wconf 79' lang='grc' dir='ltr'><strong>ι</strong></span> <span class='ocrx_word' id='word_1_663' title='bbox 1618 4557 1715 4610; x_wconf 85' lang='grc' dir='ltr'>Ἐκ</span> <span class='ocrx_word' id='word_1_664' title='bbox 1748 4556 1964 4612; x_wconf 89' lang='grc' dir='ltr'>πολυλο-</span> 
     </span>
    </p>
   </div>
   <div class='ocr_carea' id='block_1_92' title="bbox 2065 4555 3655 4631">
    <p class='ocr_par' dir='ltr' id='par_1_92' title="bbox 2081 4555 3655 4631">
     <span class='ocr_line' id='line_1_92' title="bbox 2081 4555 3655 4631; baseline 0.002 -17"><span class='ocrx_word' id='word_1_665' title='bbox 2081 4557 2424 4614; x_wconf 86' lang='lat' dir='ltr'><strong>Proverbiis:</strong></span> <span class='ocrx_word' id='word_1_666' title='bbox 2481 4575 2500 4608; x_wconf 79' lang='grc' dir='ltr'><strong>ι</strong></span> <span class='ocrx_word' id='word_1_667' title='bbox 2555 4555 2616 4611; x_wconf 86' lang='lat' dir='ltr'><strong>In</strong></span> <span class='ocrx_word' id='word_1_668' title='bbox 2657 4556 3004 4628; x_wconf 86' lang='lat' dir='ltr'><strong>multiloquio</strong></span> <span class='ocrx_word' id='word_1_669' title='bbox 3054 4573 3162 4611; x_wconf 92' lang='lat' dir='ltr'><strong>non</strong></span> <span class='ocrx_word' id='word_1_670' title='bbox 3194 4559 3422 4630; x_wconf 84' lang='lat' dir='ltr'><strong>eﬂ&#39;ugies</strong></span> <span class='ocrx_word' id='word_1_671' title='bbox 3458 4577 3655 4631; x_wconf 85' lang='lat' dir='ltr'><strong>pecca—</strong></span> 
     </span>
    </p>
   </div>
   <div class='ocr_carea' id='block_1_93' title="bbox 487 4671 864 4736">
    <p class='ocr_par' dir='ltr' id='par_1_93' title="bbox 487 4671 864 4736">
     <span class='ocr_line' id='line_1_93' title="bbox 487 4671 864 4736; baseline 0.008 -11"><span class='ocrx_word' id='word_1_672' title='bbox 487 4671 864 4736; x_wconf 70' lang='lat' dir='ltr'><strong>&#39;Joan.t,12.</strong></span> 
     </span>
    </p>
   </div>
   <div class='ocr_carea' id='block_1_94' title="bbox 473 4757 1978 4834">
    <p class='ocr_par' dir='ltr' id='par_1_94' title="bbox 473 4757 1978 4834">
     <span class='ocr_line' id='line_1_94' title="bbox 473 4757 1978 4834; baseline -0.001 -18"><span class='ocrx_word' id='word_1_673' title='bbox 473 4762 548 4834; x_wconf 89' lang='grc'><strong>(8)</strong></span> <span class='ocrx_word' id='word_1_674' title='bbox 585 4762 880 4834; x_wconf 85' lang='lat' dir='ltr'><strong>Usurpavit</strong></span> <span class='ocrx_word' id='word_1_675' title='bbox 911 4765 1056 4820; x_wconf 88' lang='lat' dir='ltr'><strong>hunc</strong></span> <span class='ocrx_word' id='word_1_676' title='bbox 1085 4761 1430 4834; x_wconf 70' lang='lat' dir='ltr'><strong>Ecclesiasta;</strong></span> <span class='ocrx_word' id='word_1_677' title='bbox 1451 4761 1628 4834; x_wconf 84' lang='lat' dir='ltr'><strong>locum</strong></span> <span class='ocrx_word' id='word_1_678' title='bbox 1680 4757 1978 4834; x_wconf 76' lang='lat' dir='ltr'><strong>Gregorius</strong></span> 
     </span>
    </p>
   </div>
   <div class='ocr_carea' id='block_1_95' title="bbox 401 4831 1974 4904">
    <p class='ocr_par' dir='ltr' id='par_1_95' title="bbox 401 4831 1974 4904">
     <span class='ocr_line' id='line_1_95' title="bbox 401 4831 1974 4904; baseline -0.003 -17"><span class='ocrx_word' id='word_1_679' title='bbox 401 4831 682 4904; x_wconf 78' lang='lat' dir='ltr'><strong>Nyssenus</strong></span> <span class='ocrx_word' id='word_1_680' title='bbox 715 4831 900 4889; x_wconf 78' lang='lat' dir='ltr'><strong>contra</strong></span> <span class='ocrx_word' id='word_1_681' title='bbox 918 4835 1286 4904; x_wconf 60' lang='lat' dir='ltr'><strong>Apollinarem</strong></span> <span class='ocrx_word' id='word_1_682' title='bbox 1322 4833 1373 4885; x_wconf 91' lang='lat' dir='ltr'><strong>in</strong></span> <span class='ocrx_word' id='word_1_683' title='bbox 1393 4831 1974 4904; x_wconf 74' lang='lat' dir='ltr'><strong>Antirrltetico,_quem</strong></span> 
     </span>
    </p>
   </div>
   <div class='ocr_carea' id='block_1_96' title="bbox 403 4899 1972 4975">
    <p class='ocr_par' dir='ltr' id='par_1_96' title="bbox 403 4899 1972 4975">
     <span class='ocr_line' id='line_1_96' title="bbox 403 4899 1972 4975; baseline -0.003 -19"><span class='ocrx_word' id='word_1_684' title='bbox 403 4899 618 4973; x_wconf 76' lang='lat' dir='ltr'><strong>prunus</strong></span> <span class='ocrx_word' id='word_1_685' title='bbox 646 4904 887 4975; x_wconf 81' lang='lat' dir='ltr'><strong>vulgavit</strong></span> <span class='ocrx_word' id='word_1_686' title='bbox 916 4899 1273 4973; x_wconf 66' lang='lat' dir='ltr'><strong>Zéccagnins.</strong></span> <span class='ocrx_word' id='word_1_687' title='bbox 1307 4904 1443 4975; x_wconf 85' lang='lat' dir='ltr'><strong>Cum</strong></span> <span class='ocrx_word' id='word_1_688' title='bbox 1474 4902 1618 4975; x_wconf 75' lang='lat' dir='ltr'><strong>enim</strong></span> <span class='ocrx_word' id='word_1_689' title='bbox 1659 4899 1972 4975; x_wconf 82' lang='lat' dir='ltr'><strong>il|e_Cltristi</strong></span> 
     </span>
    </p>
   </div>
   <div class='ocr_carea' id='block_1_97' title="bbox 403 4970 1970 5042">
    <p class='ocr_par' dir='ltr' id='par_1_97' title="bbox 403 4970 1970 5042">
     <span class='ocr_line' id='line_1_97' title="bbox 403 4970 1970 5042; baseline -0.002 -16"><span class='ocrx_word' id='word_1_690' title='bbox 403 4970 624 5042; x_wconf 71' lang='lat' dir='ltr'><strong>quidem</strong></span> <span class='ocrx_word' id='word_1_691' title='bbox 661 4970 1054 5028; x_wconf 75' lang='lat' dir='ltr'><strong>humanitatem</strong></span> <span class='ocrx_word' id='word_1_692' title='bbox 1087 4970 1391 5028; x_wconf 77' lang='lat' dir='ltr'><strong>divinitatis</strong></span> <span class='ocrx_word' id='word_1_693' title='bbox 1423 4972 1690 5040; x_wconf 90' lang='lat' dir='ltr'><strong>hospitem</strong></span> <span class='ocrx_word' id='word_1_694' title='bbox 1747 4970 1970 5033; x_wconf 80' lang='lat' dir='ltr'><strong>laceret,</strong></span> 
     </span>
    </p>
   </div>
   <div class='ocr_carea' id='block_1_98' title="bbox 403 5041 1975 5112">
    <p class='ocr_par' dir='ltr' id='par_1_98' title="bbox 403 5041 1975 5112">
     <span class='ocr_line' id='line_1_98' title="bbox 403 5041 1975 5112; baseline -0.004 -14"><span class='ocrx_word' id='word_1_695' title='bbox 403 5041 585 5112; x_wconf 79' lang='lat' dir='ltr'><strong>ipsum</strong></span> <span class='ocrx_word' id='word_1_696' title='bbox 611 5060 739 5098; x_wconf 89' lang='lat' dir='ltr'><strong>vero</strong></span> <span class='ocrx_word' id='word_1_697' title='bbox 769 5045 1045 5099; x_wconf 88' lang='lat' dir='ltr'><strong>Christum</strong></span> <span class='ocrx_word' id='word_1_698' title='bbox 1095 5047 1259 5100; x_wconf 87' lang='lat' dir='ltr'><strong>Deum</strong></span> <span class='ocrx_word' id='word_1_699' title='bbox 1289 5057 1410 5098; x_wconf 76' lang='lat' dir='ltr'><strong>esse</strong></span> <span class='ocrx_word' id='word_1_700' title='bbox 1443 5049 1702 5111; x_wconf 74' lang='lat' dir='ltr'><strong>negaret,</strong></span> <span class='ocrx_word' id='word_1_701' title='bbox 1735 5053 1823 5112; x_wconf 14' lang='grc' dir='ltr'>ζει</span> <span class='ocrx_word' id='word_1_702' title='bbox 1872 5041 1975 5112; x_wconf 85' lang='lat' dir='ltr'><strong>hoc</strong></span> 
     </span>
    </p>
   </div>
   <div class='ocr_carea' id='block_1_99' title="bbox 406 5110 1972 5183">
    <p class='ocr_par' dir='ltr' id='par_1_99' title="bbox 406 5110 1972 5183">
     <span class='ocr_line' id='line_1_99' title="bbox 406 5110 1972 5183; baseline -0.003 -17"><span class='ocrx_word' id='word_1_703' title='bbox 406 5110 542 5183; x_wconf 81' lang='lat' dir='ltr'><strong>item</strong></span> <span class='ocrx_word' id='word_1_704' title='bbox 580 5115 698 5168; x_wconf 83' lang='lat' dir='ltr'><strong>loco</strong></span> <span class='ocrx_word' id='word_1_705' title='bbox 727 5115 806 5169; x_wconf 89' lang='lat' dir='ltr'><strong>sic</strong></span> <span class='ocrx_word' id='word_1_706' title='bbox 850 5115 904 5168; x_wconf 88' lang='lat' dir='ltr'><strong>in</strong></span> <span class='ocrx_word' id='word_1_707' title='bbox 931 5130 1056 5169; x_wconf 90' lang='lat' dir='ltr'><strong>eum</strong></span> <span class='ocrx_word' id='word_1_708' title='bbox 1103 5125 1187 5169; x_wconf 92' lang='lat' dir='ltr'><strong>est</strong></span> <span class='ocrx_word' id='word_1_709' title='bbox 1239 5110 1657 5183; x_wconf 76' lang='lat' dir='ltr'><strong>argumentatus</strong></span> <span class='ocrx_word' id='word_1_710' title='bbox 1687 5110 1795 5183; x_wconf 45' lang='lat' dir='ltr'><strong>3E;</strong></span> <span class='ocrx_word' id='word_1_711' title='bbox 1843 5110 1972 5183; x_wconf 81' lang='grc' dir='ltr'>γὰρ,</span> 
     </span>
    </p>
   </div>
   <div class='ocr_carea' id='block_1_100' title="bbox 403 5180 2038 5266">
    <p class='ocr_par' dir='ltr' id='par_1_100' title="bbox 403 5180 2038 5266">
     <span class='ocr_line' id='line_1_100' title="bbox 403 5180 2038 5266; baseline -0.002 -32"><span class='ocrx_word' id='word_1_712' title='bbox 403 5181 589 5266; x_wconf 68' lang='grc' dir='ltr'>καθώς</span> <span class='ocrx_word' id='word_1_713' title='bbox 617 5201 817 5266; x_wconf 45' lang='lat' dir='ltr'><strong>renutu“</strong></span> <span class='ocrx_word' id='word_1_714' title='bbox 847 5185 1242 5266; x_wconf 48' lang='grc' dir='ltr'>’ᾓπολινάριοῆ</span> <span class='ocrx_word' id='word_1_715' title='bbox 1295 5180 1550 5266; x_wconf 45' lang='lat' dir='ltr'><strong>opp-aviam:</strong></span> <span class='ocrx_word' id='word_1_716' title='bbox 1585 5180 1720 5266; x_wconf 61' lang='grc' dir='ltr'>Θεοῦ</span> <span class='ocrx_word' id='word_1_717' title='bbox 1771 5180 1974 5266; x_wconf 48' lang='grc' dir='ltr'>δρζὲόν</span> <span class='ocrx_word' id='word_1_718' title='bbox 2031 5223 2038 5230; x_wconf 85' lang='grc'><strong>.</strong></span> 
     </span>
    </p>
   </div>
   <div class='ocr_carea' id='block_1_101' title="bbox 405 5248 1975 5324">
    <p class='ocr_par' dir='ltr' id='par_1_101' title="bbox 405 5248 1975 5324">
     <span class='ocr_line' id='line_1_101' title="bbox 405 5248 1975 5324; baseline -0.001 -20"><span class='ocrx_word' id='word_1_719' title='bbox 405 5253 556 5324; x_wconf 78' lang='grc' dir='ltr'>ἐστιν</span> <span class='ocrx_word' id='word_1_720' title='bbox 582 5271 596 5285; x_wconf 78' lang='grc' dir='ltr'><strong>ο</strong></span> <span class='ocrx_word' id='word_1_721' title='bbox 779 5253 911 5317; x_wconf 78' lang='grc' dir='ltr'>Θεὸς</span> <span class='ocrx_word' id='word_1_722' title='bbox 959 5257 1017 5308; x_wconf 83' lang='grc' dir='ltr'><strong>ἐν</strong></span> <span class='ocrx_word' id='word_1_723' title='bbox 1039 5248 1118 5324; x_wconf 75' lang='grc' dir='ltr'>τῷ</span> <span class='ocrx_word' id='word_1_724' title='bbox 1143 5248 1521 5324; x_wconf 60' lang='grc' dir='ltr'>ούρανῷάνω,</span> <span class='ocrx_word' id='word_1_725' title='bbox 1556 5250 1742 5324; x_wconf 69' lang='grc' dir='ltr'>καθςυς</span> <span class='ocrx_word' id='word_1_726' title='bbox 1795 5251 1830 5324; x_wconf 82' lang='lat'><strong>6_</strong></span> <span class='ocrx_word' id='word_1_727' title='bbox 1849 5248 1975 5324; x_wconf 79' lang='grc' dir='ltr'>Ἐκ·</span> 
     </span>
    </p>
   </div>
   <div class='ocr_carea' id='block_1_102' title="bbox 404 5318 1974 5396">
    <p class='ocr_par' dir='ltr' id='par_1_102' title="bbox 404 5318 1974 5396">
     <span class='ocr_line' id='line_1_102' title="bbox 404 5318 1974 5396; baseline -0.003 -22"><span class='ocrx_word' id='word_1_728' title='bbox 404 5323 743 5396; x_wconf 73' lang='grc' dir='ltr'>κλησιαστὴς</span> <span class='ocrx_word' id='word_1_729' title='bbox 770 5325 919 5396; x_wconf 62' lang='grc' dir='ltr'>λέγει</span> <span class='ocrx_word' id='word_1_730' title='bbox 951 5339 966 5354; x_wconf 81' lang='lat'><strong><em>°</em></strong></span> <span class='ocrx_word' id='word_1_731' title='bbox 1027 5318 1135 5396; x_wconf 76' lang='grc' dir='ltr'><strong>ἀρα</strong></span> <span class='ocrx_word' id='word_1_732' title='bbox 1164 5326 1192 5376; x_wconf 85' lang='grc' dir='ltr'><strong>ό</strong></span> <span class='ocrx_word' id='word_1_733' title='bbox 1214 5318 1499 5396; x_wconf 73' lang='grc' dir='ltr'>’χωρήσας</span> <span class='ocrx_word' id='word_1_734' title='bbox 1557 5323 1616 5374; x_wconf 83' lang='grc' dir='ltr'><strong>ἐν</strong></span> <span class='ocrx_word' id='word_1_735' title='bbox 1662 5318 1840 5396; x_wconf 63' lang='grc' dir='ltr'>ἐαυτῷ</span> <span class='ocrx_word' id='word_1_736' title='bbox 1862 5319 1974 5396; x_wconf 63' lang='grc' dir='ltr'><strong>⁸τὴν</strong></span> 
     </span>
    </p>
   </div>
   <div class='ocr_carea' id='block_1_103' title="bbox 403 5388 1974 5474">
    <p class='ocr_par' dir='ltr' id='par_1_103' title="bbox 403 5388 1974 5474">
     <span class='ocr_line' id='line_1_103' title="bbox 403 5388 1974 5474; baseline -0.003 -29"><span class='ocrx_word' id='word_1_737' title='bbox 403 5388 540 5474; x_wconf 54' lang='grc' dir='ltr'><strong>Θεῇν</strong></span> <span class='ocrx_word' id='word_1_738' title='bbox 565 5388 711 5474; x_wconf 73' lang='grc' dir='ltr'>μετᾶ</span> <span class='ocrx_word' id='word_1_739' title='bbox 731 5388 1201 5474; x_wconf 56' lang='grc' dir='ltr'>τρθχωρηθέντος</span> <span class='ocrx_word' id='word_1_740' title='bbox 1243 5388 1435 5474; x_wconf 53' lang='grc' dir='ltr'><strong>⁷ἐστὶν,</strong></span> <span class='ocrx_word' id='word_1_741' title='bbox 1473 5388 1820 5474; x_wconf 56' lang='grc' dir='ltr'>ἐπουράνιος</span> <span class='ocrx_word' id='word_1_742' title='bbox 1850 5388 1974 5442; x_wconf 77' lang='grc' dir='ltr'>ἀντὶ</span> 
     </span>
    </p>
   </div>
   <div class='ocr_carea' id='block_1_104' title="bbox 404 5453 1976 5534">
    <p class='ocr_par' dir='ltr' id='par_1_104' title="bbox 404 5453 1976 5534">
     <span class='ocr_line' id='line_1_104' title="bbox 404 5453 1976 5534; baseline 0.008 -21"><span class='ocrx_word' id='word_1_743' title='bbox 404 5453 594 5532; x_wconf 74' lang='grc' dir='ltr'>χοῖκοῧ</span> <span class='ocrx_word' id='word_1_744' title='bbox 650 5453 1206 5534; x_wconf 52' lang='grc' dir='ltr'>κυρίωξλέγόμενος,</span> <span class='ocrx_word' id='word_1_745' title='bbox 1271 5463 1346 5527; x_wconf 86' lang='grc' dir='ltr'><strong>ὡς</strong></span> <span class='ocrx_word' id='word_1_746' title='bbox 1374 5453 1504 5534; x_wconf 51' lang='grc' dir='ltr'><strong>καλ</strong></span> <span class='ocrx_word' id='word_1_747' title='bbox 1560 5453 1636 5514; x_wconf 63' lang='grc' dir='ltr'>δι”</span> <span class='ocrx_word' id='word_1_748' title='bbox 1688 5453 1764 5534; x_wconf 69' lang='grc' dir='ltr'>ὧν</span> <span class='ocrx_word' id='word_1_749' title='bbox 1786 5453 1976 5534; x_wconf 60' lang='grc' dir='ltr'>φησιν</span> 
     </span>
    </p>
   </div>
   <div class='ocr_carea' id='block_1_105' title="bbox 413 5529 1978 5605">
    <p class='ocr_par' dir='ltr' id='par_1_105' title="bbox 413 5529 1978 5605">
     <span class='ocr_line' id='line_1_105' title="bbox 413 5529 1978 5605; baseline -0.004 -19"><span class='ocrx_word' id='word_1_750' title='bbox 413 5529 815 5605; x_wconf 15' lang='grc' dir='ltr'>ῥῄλογογράᾁος</span> <span class='ocrx_word' id='word_1_751' title='bbox 843 5573 858 5595; x_wconf 89' lang='grc'><strong>,</strong></span> <span class='ocrx_word' id='word_1_752' title='bbox 919 5529 1078 5605; x_wconf 71' lang='grc' dir='ltr'>εῖπέρ</span> <span class='ocrx_word' id='word_1_753' title='bbox 1146 5536 1206 5586; x_wconf 82' lang='grc' dir='ltr'><strong>τὸ</strong></span> <span class='ocrx_word' id='word_1_754' title='bbox 1281 5531 1576 5605; x_wconf 74' lang='grc' dir='ltr'>ἀκόλουθον</span> <span class='ocrx_word' id='word_1_755' title='bbox 1645 5533 1758 5605; x_wconf 69' lang='grc' dir='ltr'>τοῖς</span> <span class='ocrx_word' id='word_1_756' title='bbox 1824 5529 1978 5605; x_wconf 76' lang='grc' dir='ltr'>ἰδίοις</span> 
     </span>
    </p>
   </div>
   <div class='ocr_carea' id='block_1_106' title="bbox 405 5599 1975 5674">
    <p class='ocr_par' dir='ltr' id='par_1_106' title="bbox 405 5599 1975 5674">
     <span class='ocr_line' id='line_1_106' title="bbox 405 5599 1975 5674; baseline 0.003 -21"><span class='ocrx_word' id='word_1_757' title='bbox 405 5599 586 5674; x_wconf 75' lang='grc' dir='ltr'>λόγοις</span> <span class='ocrx_word' id='word_1_758' title='bbox 615 5599 955 5674; x_wconf 49' lang='grc' dir='ltr'>ἔπίστατο,</span> <span class='ocrx_word' id='word_1_759' title='bbox 1012 5599 1202 5674; x_wconf 77' lang='grc' dir='ltr'>σαφῶς</span> <span class='ocrx_word' id='word_1_760' title='bbox 1251 5604 1312 5657; x_wconf 88' lang='grc' dir='ltr'><strong>τὸ</strong></span> <span class='ocrx_word' id='word_1_761' title='bbox 1393 5602 1591 5674; x_wconf 63' lang='grc' dir='ltr'><strong>δόγμα⁸</strong></span> <span class='ocrx_word' id='word_1_762' title='bbox 1647 5600 1752 5674; x_wconf 68' lang='grc' dir='ltr'>τῆς</span> <span class='ocrx_word' id='word_1_763' title='bbox 1825 5599 1975 5667; x_wconf 84' lang='grc' dir='ltr'>ἀλη-</span> 
     </span>
    </p>
   </div>
   <div class='ocr_carea' id='block_1_107' title="bbox 411 5669 1980 5744">
    <p class='ocr_par' dir='ltr' id='par_1_107' title="bbox 411 5669 1980 5744">
     <span class='ocr_line' id='line_1_107' title="bbox 411 5669 1980 5744; baseline -0.002 -20"><span class='ocrx_word' id='word_1_764' title='bbox 411 5670 561 5744; x_wconf 73' lang='grc' dir='ltr'>θείας</span> <span class='ocrx_word' id='word_1_765' title='bbox 595 5669 1193 5744; x_wconf 72' lang='grc' dir='ltr'>κατασκευάζεται,’τῇ</span> <span class='ocrx_word' id='word_1_766' title='bbox 1223 5674 1388 5744; x_wconf 71' lang='grc' dir='ltr'>σοφία</span> <span class='ocrx_word' id='word_1_767' title='bbox 1417 5669 1529 5744; x_wconf 62' lang='grc' dir='ltr'><strong>τῶν</strong></span> <span class='ocrx_word' id='word_1_768' title='bbox 1575 5669 1785 5744; x_wconf 75' lang='grc' dir='ltr'>ἐχθρῶν</span> <span class='ocrx_word' id='word_1_769' title='bbox 1840 5685 1980 5739; x_wconf 79' lang='grc' dir='ltr'>κραο</span> 
     </span>
    </p>
   </div>
   <div class='ocr_carea' id='block_1_108' title="bbox 407 5741 1978 5813">
    <p class='ocr_par' dir='ltr' id='par_1_108' title="bbox 407 5741 1978 5813">
     <span class='ocr_line' id='line_1_108' title="bbox 407 5741 1978 5813; baseline 0.001 -21"><span class='ocrx_word' id='word_1_770' title='bbox 407 5742 724 5813; x_wconf 78' lang='grc' dir='ltr'>τυνόμενον.</span> <span class='ocrx_word' id='word_1_771' title='bbox 747 5742 804 5797; x_wconf 83' lang='lat' dir='ltr'><strong>Id</strong></span> <span class='ocrx_word' id='word_1_772' title='bbox 837 5754 958 5798; x_wconf 89' lang='lat' dir='ltr'><strong>est:</strong></span> <span class='ocrx_word' id='word_1_773' title='bbox 988 5742 1135 5798; x_wconf 85' lang='lat' dir='ltr'><strong>Nam</strong></span> <span class='ocrx_word' id='word_1_774' title='bbox 1165 5741 1213 5797; x_wconf 66' lang='lat' dir='ltr'><strong>si</strong></span> <span class='ocrx_word' id='word_1_775' title='bbox 1253 5741 1412 5813; x_wconf 71' lang='lat' dir='ltr'><strong>juxta</strong></span> <span class='ocrx_word' id='word_1_776' title='bbox 1471 5741 1836 5811; x_wconf 72' lang='lat' dir='ltr'><strong>Apollinarem</strong></span> <span class='ocrx_word' id='word_1_777' title='bbox 1872 5754 1978 5813; x_wconf 59' lang='lat' dir='ltr'><strong>cat—</strong></span> 
     </span>
    </p>
   </div>
   <div class='ocr_carea' id='block_1_109' title="bbox 409 5809 1980 5883">
    <p class='ocr_par' dir='ltr' id='par_1_109' title="bbox 409 5809 1980 5883">
     <span class='ocr_line' id='line_1_109' title="bbox 409 5809 1980 5883; baseline -0.001 -20"><span class='ocrx_word' id='word_1_778' title='bbox 409 5809 558 5883; x_wconf 76' lang='lat' dir='ltr'><strong>lestis</strong></span> <span class='ocrx_word' id='word_1_779' title='bbox 591 5813 680 5866; x_wconf 78' lang='lat' dir='ltr'><strong>Dei</strong></span> <span class='ocrx_word' id='word_1_780' title='bbox 716 5817 1101 5879; x_wconf 79' lang='lat' dir='ltr'><strong>receptaculum</strong></span> <span class='ocrx_word' id='word_1_781' title='bbox 1132 5809 1348 5883; x_wconf 17' lang='lat' dir='ltr'><strong>(homo),</strong></span> <span class='ocrx_word' id='word_1_782' title='bbox 1369 5809 1656 5883; x_wconf 55' lang='grc' dir='ltr'><strong>διανοίη</strong></span> <span class='ocrx_word' id='word_1_783' title='bbox 1721 5817 1896 5883; x_wconf 82' lang='lat' dir='ltr'><strong>autem</strong></span> <span class='ocrx_word' id='word_1_784' title='bbox 1924 5809 1980 5861; x_wconf 84' lang='lat' dir='ltr'><strong>in</strong></span> 
     </span>
    </p>
   </div>
   <div class='ocr_carea' id='block_1_110' title="bbox 413 5881 1979 5953">
    <p class='ocr_par' dir='ltr' id='par_1_110' title="bbox 413 5881 1979 5953">
     <span class='ocr_line' id='line_1_110' title="bbox 413 5881 1979 5953; baseline -0.003 -17"><span class='ocrx_word' id='word_1_785' title='bbox 413 5881 539 5936; x_wconf 72' lang='grc' dir='ltr'>ιωιο</span> <span class='ocrx_word' id='word_1_786' title='bbox 573 5898 805 5948; x_wconf 80' lang='lat' dir='ltr'><strong>sursum,</strong></span> <span class='ocrx_word' id='word_1_787' title='bbox 838 5881 1278 5953; x_wconf 81' lang='lat' dir='ltr'><strong>quemadmodum</strong></span> <span class='ocrx_word' id='word_1_788' title='bbox 1309 5881 1668 5936; x_wconf 70' lang='lat' dir='ltr'><strong>Ecclesiastes</strong></span> <span class='ocrx_word' id='word_1_789' title='bbox 1707 5881 1784 5936; x_wconf 91' lang='lat' dir='ltr'><strong>ait</strong></span> <span class='ocrx_word' id='word_1_790' title='bbox 1812 5895 1831 5932; x_wconf 89' lang='lat'><strong><em>:</em></strong></span> <span class='ocrx_word' id='word_1_791' title='bbox 1856 5894 1979 5940; x_wconf 82' lang='lat' dir='ltr'><strong>ergo</strong></span> 
     </span>
    </p>
   </div>
   <div class='ocr_carea' id='block_1_111' title="bbox 743 5993 1513 6060">
    <p class='ocr_par' dir='ltr' id='par_1_111' title="bbox 743 5993 1513 6060">
     <span class='ocr_line' id='line_1_111' title="bbox 743 5993 1513 6060; baseline -0.001 -3"><span class='ocrx_word' id='word_1_792' title='bbox 743 5997 1018 6059; x_wconf 75' lang='grc' dir='ltr'>ΡΑτιιοι.</span> <span class='ocrx_word' id='word_1_793' title='bbox 1062 5996 1181 6060; x_wconf 79' lang='grc' dir='ltr'>(ιιι.</span> <span class='ocrx_word' id='word_1_794' title='bbox 1227 5993 1513 6059; x_wconf 77' lang='lat' dir='ltr'><strong>XCVIII.</strong></span> 
     </span>
    </p>
   </div>
   <div class='ocr_carea' id='block_1_112' title="bbox 2073 4762 3677 4838">
    <p class='ocr_par' dir='ltr' id='par_1_112' title="bbox 2073 4762 3677 4838">
     <span class='ocr_line' id='line_1_112' title="bbox 2073 4762 3677 4838; baseline 0.004 -23"><span class='ocrx_word' id='word_1_795' title='bbox 2073 4762 2164 4832; x_wconf 84' lang='lat' dir='ltr'><strong>qui</strong></span> <span class='ocrx_word' id='word_1_796' title='bbox 2194 4764 2550 4838; x_wconf 66' lang='lat' dir='ltr'><strong>iitsemetipso</strong></span> <span class='ocrx_word' id='word_1_797' title='bbox 2595 4764 2759 4819; x_wconf 84' lang='lat' dir='ltr'><strong>Deum</strong></span> <span class='ocrx_word' id='word_1_798' title='bbox 2790 4767 2998 4834; x_wconf 79' lang='lat' dir='ltr'><strong>recipit,</strong></span> <span class='ocrx_word' id='word_1_799' title='bbox 3032 4781 3136 4819; x_wconf 82' lang='lat' dir='ltr'><strong>uno</strong></span> <span class='ocrx_word' id='word_1_800' title='bbox 3173 4765 3454 4838; x_wconf 83' lang='lat' dir='ltr'><strong>eodemque</strong></span> <span class='ocrx_word' id='word_1_801' title='bbox 3477 4767 3531 4822; x_wconf 79' lang='lat' dir='ltr'><strong>in</strong></span> <span class='ocrx_word' id='word_1_802' title='bbox 3571 4767 3677 4834; x_wconf 45' lang='grc' dir='ltr'><strong>ιον</strong></span> 
     </span>
    </p>
   </div>
   <div class='ocr_carea' id='block_1_113' title="bbox 2075 4835 3656 4906">
    <p class='ocr_par' dir='ltr' id='par_1_113' title="bbox 2075 4835 3656 4906">
     <span class='ocr_line' id='line_1_113' title="bbox 2075 4835 3656 4906; baseline 0.004 -21"><span class='ocrx_word' id='word_1_803' title='bbox 2075 4849 2136 4885; x_wconf 85' lang='lat' dir='ltr'><strong>co</strong></span> <span class='ocrx_word' id='word_1_804' title='bbox 2149 4835 2292 4906; x_wconf 70' lang='lat' dir='ltr'><strong>estin</strong></span> <span class='ocrx_word' id='word_1_805' title='bbox 2321 4850 2423 4906; x_wconf 66' lang='lat' dir='ltr'><strong>quo</strong></span> <span class='ocrx_word' id='word_1_806' title='bbox 2463 4835 2546 4887; x_wconf 84' lang='lat' dir='ltr'><strong>illi</strong></span> <span class='ocrx_word' id='word_1_807' title='bbox 2563 4844 2760 4897; x_wconf 81' lang='lat' dir='ltr'><strong>ntanet,</strong></span> <span class='ocrx_word' id='word_1_808' title='bbox 2781 4853 2935 4906; x_wconf 81' lang='lat' dir='ltr'><strong>quem</strong></span> <span class='ocrx_word' id='word_1_809' title='bbox 2959 4838 3166 4906; x_wconf 84' lang='lat' dir='ltr'><strong>recipit,</strong></span> <span class='ocrx_word' id='word_1_810' title='bbox 3204 4847 3254 4890; x_wconf 74' lang='lat' dir='ltr'><strong>et</strong></span> <span class='ocrx_word' id='word_1_811' title='bbox 3291 4835 3386 4904; x_wconf 82' lang='lat' dir='ltr'><strong>pro</strong></span> <span class='ocrx_word' id='word_1_812' title='bbox 3418 4839 3656 4892; x_wconf 79' lang='lat' dir='ltr'><strong>terrestri</strong></span> 
     </span>
    </p>
   </div>
   <div class='ocr_carea' id='block_1_114' title="bbox 2079 4900 3725 4974">
    <p class='ocr_par' dir='ltr' id='par_1_114' title="bbox 2079 4900 3725 4974">
     <span class='ocr_line' id='line_1_114' title="bbox 2079 4900 3725 4974; baseline 0.004 -19"><span class='ocrx_word' id='word_1_813' title='bbox 2079 4900 2302 4974; x_wconf 72' lang='lat' dir='ltr'><strong>ewlestis</strong></span> <span class='ocrx_word' id='word_1_814' title='bbox 2333 4900 2552 4974; x_wconf 68' lang='lat' dir='ltr'><strong>proprie</strong></span> <span class='ocrx_word' id='word_1_815' title='bbox 2587 4900 2822 4960; x_wconf 74' lang='lat' dir='ltr'><strong>vocatur.</strong></span> <span class='ocrx_word' id='word_1_816' title='bbox 2843 4900 3220 4971; x_wconf 74' lang='lat' dir='ltr'><strong>Quamobrem,</strong></span> <span class='ocrx_word' id='word_1_817' title='bbox 3255 4900 3303 4959; x_wconf 84' lang='lat' dir='ltr'><strong>si</strong></span> <span class='ocrx_word' id='word_1_818' title='bbox 3339 4909 3657 4963; x_wconf 67' lang='lat' dir='ltr'><strong>cohaerenter</strong></span> <span class='ocrx_word' id='word_1_819' title='bbox 3719 4913 3725 4974; x_wconf 66' lang='grc' dir='ltr'><strong>ζ</strong></span> 
     </span>
    </p>
   </div>
   <div class='ocr_carea' id='block_1_115' title="bbox 2077 4972 3656 5046">
    <p class='ocr_par' dir='ltr' id='par_1_115' title="bbox 2077 4972 3656 5046">
     <span class='ocr_line' id='line_1_115' title="bbox 2077 4972 3656 5046; baseline 0.004 -21"><span class='ocrx_word' id='word_1_820' title='bbox 2077 4972 2223 5042; x_wconf 86' lang='lat' dir='ltr'><strong>loqui</strong></span> <span class='ocrx_word' id='word_1_821' title='bbox 2261 4975 2383 5046; x_wconf 82' lang='lat' dir='ltr'><strong>velit</strong></span> <span class='ocrx_word' id='word_1_822' title='bbox 2423 4972 2772 5044; x_wconf 65' lang='lat' dir='ltr'><strong>Apollinaris,</strong></span> <span class='ocrx_word' id='word_1_823' title='bbox 2813 4977 3033 5030; x_wconf 83' lang='lat' dir='ltr'><strong>suismet</strong></span> <span class='ocrx_word' id='word_1_824' title='bbox 3060 4978 3220 5030; x_wconf 84' lang='lat' dir='ltr'><strong>dictis</strong></span> <span class='ocrx_word' id='word_1_825' title='bbox 3248 4977 3428 5046; x_wconf 82' lang='lat' dir='ltr'><strong>palam</strong></span> <span class='ocrx_word' id='word_1_826' title='bbox 3459 4979 3656 5032; x_wconf 77' lang='lat' dir='ltr'><strong>astruit</strong></span> 
     </span>
    </p>
   </div>
   <div class='ocr_carea' id='block_1_116' title="bbox 2075 5045 3658 5118">
    <p class='ocr_par' dir='ltr' id='par_1_116' title="bbox 2075 5045 3658 5118">
     <span class='ocr_line' id='line_1_116' title="bbox 2075 5045 3658 5118; baseline 0.004 -22"><span class='ocrx_word' id='word_1_827' title='bbox 2075 5057 2253 5118; x_wconf 82' lang='lat' dir='ltr'><strong>verum</strong></span> <span class='ocrx_word' id='word_1_828' title='bbox 2290 5045 2508 5118; x_wconf 64' lang='lat' dir='ltr'><strong>dogma,</strong></span> <span class='ocrx_word' id='word_1_829' title='bbox 2546 5047 2686 5118; x_wconf 68' lang='lat' dir='ltr'><strong>quod</strong></span> <span class='ocrx_word' id='word_1_830' title='bbox 2718 5047 2797 5100; x_wconf 79' lang='lat' dir='ltr'><strong>uel</strong></span> <span class='ocrx_word' id='word_1_831' title='bbox 2827 5048 2949 5118; x_wconf 77' lang='lat' dir='ltr'><strong>ipsa</strong></span> <span class='ocrx_word' id='word_1_832' title='bbox 2981 5045 3408 5100; x_wconf 76' lang='lat' dir='ltr'><strong>adversariorum</strong></span> <span class='ocrx_word' id='word_1_833' title='bbox 3446 5051 3658 5118; x_wconf 84' lang='lat' dir='ltr'><strong>sapien-</strong></span> 
     </span>
    </p>
   </div>
   <div class='ocr_carea' id='block_1_117' title="bbox 2076 5114 2930 5184">
    <p class='ocr_par' dir='ltr' id='par_1_117' title="bbox 2076 5114 2930 5184">
     <span class='ocr_line' id='line_1_117' title="bbox 2076 5114 2930 5184; baseline 0.005 -18"><span class='ocrx_word' id='word_1_834' title='bbox 2076 5114 2155 5167; x_wconf 87' lang='lat' dir='ltr'><strong>tia</strong></span> <span class='ocrx_word' id='word_1_835' title='bbox 2175 5114 2525 5184; x_wconf 66' lang='lat' dir='ltr'><strong>eonﬁrritatur</strong></span> <span class='ocrx_word' id='word_1_836' title='bbox 2559 5114 2619 5184; x_wconf 73' lang='grc' dir='ltr'><strong>(Ι.</strong></span> <span class='ocrx_word' id='word_1_837' title='bbox 2647 5131 2696 5170; x_wconf 93' lang='lat' dir='ltr'><strong>c.</strong></span> <span class='ocrx_word' id='word_1_838' title='bbox 2725 5133 2779 5170; x_wconf 87' lang='grc' dir='ltr'>ιι.</span> <span class='ocrx_word' id='word_1_839' title='bbox 2811 5114 2930 5179; x_wconf 76' lang='grc'><strong>48).</strong></span> 
     </span>
    </p>
   </div>
   <div class='ocr_carea' id='block_1_118' title="bbox 2144 5181 3656 5253">
    <p class='ocr_par' dir='ltr' id='par_1_118' title="bbox 2144 5181 3656 5253">
     <span class='ocr_line' id='line_1_118' title="bbox 2144 5181 3656 5253; baseline 0.004 -17"><span class='ocrx_word' id='word_1_840' title='bbox 2144 5181 2226 5253; x_wconf 87' lang='grc'><strong>(9)</strong></span> <span class='ocrx_word' id='word_1_841' title='bbox 2259 5181 2340 5238; x_wconf 78' lang='lat' dir='ltr'><strong>Ad</strong></span> <span class='ocrx_word' id='word_1_842' title='bbox 2373 5181 2636 5242; x_wconf 38' lang='lat' dir='ltr'><strong>Galatae.</strong></span> <span class='ocrx_word' id='word_1_843' title='bbox 2672 5201 2746 5247; x_wconf 80' lang='lat' dir='ltr'><strong>tv,</strong></span> <span class='ocrx_word' id='word_1_844' title='bbox 2789 5203 2844 5240; x_wconf 93' lang='lat' dir='ltr'><strong>n.</strong></span> <span class='ocrx_word' id='word_1_845' title='bbox 2876 5187 2928 5241; x_wconf 74' lang='grc'><strong>4.</strong></span> <span class='ocrx_word' id='word_1_846' title='bbox 2969 5184 3231 5242; x_wconf 86' lang='lat' dir='ltr'><strong>Erasmus</strong></span> <span class='ocrx_word' id='word_1_847' title='bbox 3269 5187 3322 5241; x_wconf 93' lang='lat' dir='ltr'><strong>in</strong></span> <span class='ocrx_word' id='word_1_848' title='bbox 3369 5187 3656 5242; x_wconf 80' lang='lat' dir='ltr'><strong>codicibus</strong></span> 
     </span>
    </p>
   </div>
   <div class='ocr_carea' id='block_1_119' title="bbox 2071 5255 3654 5328">
    <p class='ocr_par' dir='ltr' id='par_1_119' title="bbox 2071 5255 3654 5328">
     <span class='ocr_line' id='line_1_119' title="bbox 2071 5255 3654 5328; baseline 0.003 -22"><span class='ocrx_word' id='word_1_849' title='bbox 2071 5255 2353 5308; x_wconf 85' lang='lat' dir='ltr'><strong>nonnullis</strong></span> <span class='ocrx_word' id='word_1_850' title='bbox 2411 5257 2673 5328; x_wconf 81' lang='lat' dir='ltr'><strong>scriptum</strong></span> <span class='ocrx_word' id='word_1_851' title='bbox 2709 5257 2844 5312; x_wconf 90' lang='lat' dir='ltr'><strong>dicit</strong></span> <span class='ocrx_word' id='word_1_852' title='bbox 2881 5255 3220 5328; x_wconf 80' lang='grc' dir='ltr'>γεννώμενον</span> <span class='ocrx_word' id='word_1_853' title='bbox 3273 5259 3338 5310; x_wconf 84' lang='grc' dir='ltr'><strong>ἐκ</strong></span> <span class='ocrx_word' id='word_1_854' title='bbox 3371 5259 3654 5325; x_wconf 73' lang='grc' dir='ltr'>γυναικὸς,</span> 
     </span>
    </p>
   </div>
   <div class='ocr_carea' id='block_1_120' title="bbox 2073 5325 3324 5380">
    <p class='ocr_par' dir='ltr' id='par_1_120' title="bbox 2073 5325 3324 5380">
     <span class='ocr_line' id='line_1_120' title="bbox 2073 5325 3324 5380; baseline 0.006 -2"><span class='ocrx_word' id='word_1_855' title='bbox 2073 5333 2257 5378; x_wconf 81' lang='lat' dir='ltr'><strong>natum</strong></span> <span class='ocrx_word' id='word_1_856' title='bbox 2291 5340 2355 5377; x_wconf 73' lang='lat' dir='ltr'><strong>ex</strong></span> <span class='ocrx_word' id='word_1_857' title='bbox 2384 5325 2626 5380; x_wconf 76' lang='lat' dir='ltr'><strong>muliere.</strong></span> <span class='ocrx_word' id='word_1_858' title='bbox 3060 5325 3071 5328; x_wconf 59' lang='grc'>⁷</span> <span class='ocrx_word' id='word_1_859' title='bbox 3319 5349 3324 5354; x_wconf 91' lang='grc'><strong>·</strong></span> 
     </span>
    </p>
   </div>
   <div class='ocr_carea' id='block_1_121' title="bbox 2109 5393 3659 5467">
    <p class='ocr_par' dir='ltr' id='par_1_121' title="bbox 2109 5393 3659 5467">
     <span class='ocr_line' id='line_1_121' title="bbox 2109 5393 3659 5467; baseline 0.004 -22"><span class='ocrx_word' id='word_1_860' title='bbox 2109 5454 2114 5460; x_wconf 88' lang='lat'><strong>_</strong></span> <span class='ocrx_word' id='word_1_861' title='bbox 2145 5393 2260 5464; x_wconf 77' lang='lat' dir='ltr'><strong>(l0)</strong></span> <span class='ocrx_word' id='word_1_862' title='bbox 2291 5393 2416 5467; x_wconf 59' lang='lat' dir='ltr'><strong>Haec</strong></span> <span class='ocrx_word' id='word_1_863' title='bbox 2438 5395 2666 5467; x_wconf 65' lang='lat' dir='ltr'><strong>Joannis</strong></span> <span class='ocrx_word' id='word_1_864' title='bbox 2695 5399 2860 5467; x_wconf 70' lang='lat' dir='ltr'><strong>verba</strong></span> <span class='ocrx_word' id='word_1_865' title='bbox 2888 5410 3164 5467; x_wconf 89' lang='lat' dir='ltr'><strong>opponere</strong></span> <span class='ocrx_word' id='word_1_866' title='bbox 3197 5398 3266 5452; x_wconf 92' lang='lat' dir='ltr'><strong>iis</strong></span> <span class='ocrx_word' id='word_1_867' title='bbox 3327 5397 3525 5455; x_wconf 77' lang='lat' dir='ltr'><strong>Noster</strong></span> <span class='ocrx_word' id='word_1_868' title='bbox 3574 5397 3659 5452; x_wconf 82' lang='lat' dir='ltr'><strong>vi-</strong></span> 
     </span>
    </p>
   </div>
   <div class='ocr_carea' id='block_1_122' title="bbox 2073 5463 3657 5539">
    <p class='ocr_par' dir='ltr' id='par_1_122' title="bbox 2073 5463 3657 5539">
     <span class='ocr_line' id='line_1_122' title="bbox 2073 5463 3657 5539; baseline 0.004 -23"><span class='ocrx_word' id='word_1_869' title='bbox 2073 5463 2256 5539; x_wconf 77' lang='lat' dir='ltr'><strong>detur,</strong></span> <span class='ocrx_word' id='word_1_870' title='bbox 2288 5465 2379 5534; x_wconf 90' lang='lat' dir='ltr'><strong>qui</strong></span> <span class='ocrx_word' id='word_1_871' title='bbox 2412 5465 2591 5519; x_wconf 87' lang='lat' dir='ltr'><strong>aliena</strong></span> <span class='ocrx_word' id='word_1_872' title='bbox 2620 5465 2701 5539; x_wconf 79' lang='lat' dir='ltr'><strong>de</strong></span> <span class='ocrx_word' id='word_1_873' title='bbox 2756 5465 2866 5522; x_wconf 88' lang='lat' dir='ltr'><strong>Deo</strong></span> <span class='ocrx_word' id='word_1_874' title='bbox 2915 5463 3244 5539; x_wconf 74' lang='lat' dir='ltr'><strong>cogitarent,</strong></span> <span class='ocrx_word' id='word_1_875' title='bbox 3279 5483 3391 5538; x_wconf 89' lang='lat' dir='ltr'><strong>quo</strong></span> <span class='ocrx_word' id='word_1_876' title='bbox 3436 5468 3657 5524; x_wconf 85' lang='lat' dir='ltr'><strong>dubita-</strong></span> 
     </span>
    </p>
   </div>
   <div class='ocr_carea' id='block_1_123' title="bbox 2083 5535 3656 5610">
    <p class='ocr_par' dir='ltr' id='par_1_123' title="bbox 2083 5535 3656 5610">
     <span class='ocr_line' id='line_1_123' title="bbox 2083 5535 3656 5610; baseline 0.003 -24"><span class='ocrx_word' id='word_1_877' title='bbox 2083 5535 2288 5610; x_wconf 78' lang='lat' dir='ltr'><strong>tionem</strong></span> <span class='ocrx_word' id='word_1_878' title='bbox 2329 5549 2550 5610; x_wconf 84' lang='lat' dir='ltr'><strong>omnem</strong></span> <span class='ocrx_word' id='word_1_879' title='bbox 2580 5536 2902 5610; x_wconf 77' lang='lat' dir='ltr'><strong>abjicerent,</strong></span> <span class='ocrx_word' id='word_1_880' title='bbox 2935 5535 3412 5610; x_wconf 45' lang='lat' dir='ltr'><strong>intelligerent—que</strong></span> <span class='ocrx_word' id='word_1_881' title='bbox 3438 5551 3656 5593; x_wconf 85' lang='lat' dir='ltr'><strong>summo</strong></span> 
     </span>
    </p>
   </div>
   <div class='ocr_carea' id='block_1_124' title="bbox 2085 5603 3658 5676">
    <p class='ocr_par' dir='ltr' id='par_1_124' title="bbox 2085 5603 3658 5676">
     <span class='ocr_line' id='line_1_124' title="bbox 2085 5603 3658 5676; baseline 0.002 -20"><span class='ocrx_word' id='word_1_882' title='bbox 2085 5603 2367 5658; x_wconf 88' lang='lat' dir='ltr'><strong>hominum</strong></span> <span class='ocrx_word' id='word_1_883' title='bbox 2401 5605 2568 5676; x_wconf 80' lang='lat' dir='ltr'><strong>bono,</strong></span> <span class='ocrx_word' id='word_1_884' title='bbox 2608 5603 2673 5676; x_wconf 80' lang='lat' dir='ltr'><strong>ac</strong></span> <span class='ocrx_word' id='word_1_885' title='bbox 2697 5607 2885 5662; x_wconf 80' lang='lat' dir='ltr'><strong>divino</strong></span> <span class='ocrx_word' id='word_1_886' title='bbox 2907 5606 3065 5676; x_wconf 84' lang='lat' dir='ltr'><strong>plane</strong></span> <span class='ocrx_word' id='word_1_887' title='bbox 3091 5603 3658 5676; x_wconf 66' lang='lat' dir='ltr'><strong>consilio&#39;humanam</strong></span> 
     </span>
    </p>
   </div>
   <div class='ocr_carea' id='block_1_125' title="bbox 2082 5673 3662 5746">
    <p class='ocr_par' dir='ltr' id='par_1_125' title="bbox 2082 5673 3662 5746">
     <span class='ocr_line' id='line_1_125' title="bbox 2082 5673 3662 5746; baseline 0.001 -19"><span class='ocrx_word' id='word_1_888' title='bbox 2082 5683 2336 5746; x_wconf 79' lang='lat' dir='ltr'><strong>naturam</strong></span> <span class='ocrx_word' id='word_1_889' title='bbox 2369 5689 2400 5728; x_wconf 88' lang='lat' dir='ltr'><strong>a</strong></span> <span class='ocrx_word' id='word_1_890' title='bbox 2423 5673 2520 5728; x_wconf 89' lang='lat' dir='ltr'><strong>Dei</strong></span> <span class='ocrx_word' id='word_1_891' title='bbox 2563 5675 2702 5730; x_wconf 76' lang='lat' dir='ltr'><strong>Filio</strong></span> <span class='ocrx_word' id='word_1_892' title='bbox 2725 5673 3066 5746; x_wconf 59' lang='lat' dir='ltr'><strong>assuin&#39;ptam</strong></span> <span class='ocrx_word' id='word_1_893' title='bbox 3099 5696 3114 5732; x_wconf 94' lang='lat'><strong>:</strong></span> <span class='ocrx_word' id='word_1_894' title='bbox 3161 5691 3287 5732; x_wconf 90' lang='lat' dir='ltr'><strong>cum</strong></span> <span class='ocrx_word' id='word_1_895' title='bbox 3312 5673 3448 5733; x_wconf 86' lang='lat' dir='ltr'><strong>nihil</strong></span> <span class='ocrx_word' id='word_1_896' title='bbox 3477 5677 3572 5732; x_wconf 87' lang='lat' dir='ltr'><strong>hic</strong></span> <span class='ocrx_word' id='word_1_897' title='bbox 3593 5676 3662 5731; x_wconf 87' lang='lat' dir='ltr'><strong>d0</strong></span> 
     </span>
    </p>
   </div>
   <div class='ocr_carea' id='block_1_126' title="bbox 2083 5744 3660 5812">
    <p class='ocr_par' dir='ltr' id='par_1_126' title="bbox 2083 5744 3660 5812">
     <span class='ocr_line' id='line_1_126' title="bbox 2083 5744 3660 5812; baseline 0.004 -16"><span class='ocrx_word' id='word_1_898' title='bbox 2083 5744 2348 5812; x_wconf 85' lang='lat' dir='ltr'><strong>dignitate</strong></span> <span class='ocrx_word' id='word_1_899' title='bbox 2387 5757 2486 5798; x_wconf 80' lang='lat' dir='ltr'><strong>sua</strong></span> <span class='ocrx_word' id='word_1_900' title='bbox 2533 5745 2801 5812; x_wconf 87' lang='lat' dir='ltr'><strong>amiserit,</strong></span> <span class='ocrx_word' id='word_1_901' title='bbox 2831 5744 3084 5803; x_wconf 84' lang='lat' dir='ltr'><strong>homines</strong></span> <span class='ocrx_word' id='word_1_902' title='bbox 3108 5762 3238 5804; x_wconf 85' lang='lat' dir='ltr'><strong>vero</strong></span> <span class='ocrx_word' id='word_1_903' title='bbox 3289 5762 3358 5803; x_wconf 87' lang='lat' dir='ltr'><strong>eo</strong></span> <span class='ocrx_word' id='word_1_904' title='bbox 3389 5746 3660 5804; x_wconf 71' lang='lat' dir='ltr'><strong>evexerit.</strong></span> 
     </span>
    </p>
   </div>
   <div class='ocr_carea' id='block_1_127' title="bbox 2084 5813 2648 5871">
    <p class='ocr_par' dir='ltr' id='par_1_127' title="bbox 2084 5813 2648 5871">
     <span class='ocr_line' id='line_1_127' title="bbox 2084 5813 2648 5871; baseline 0.004 -5"><span class='ocrx_word' id='word_1_905' title='bbox 2084 5821 2141 5867; x_wconf 91' lang='lat' dir='ltr'><strong>ut</strong></span> <span class='ocrx_word' id='word_1_906' title='bbox 2173 5813 2267 5870; x_wconf 88' lang='lat' dir='ltr'><strong>Dei</strong></span> <span class='ocrx_word' id='word_1_907' title='bbox 2304 5814 2398 5870; x_wconf 85' lang='lat' dir='ltr'><strong>lilii</strong></span> <span class='ocrx_word' id='word_1_908' title='bbox 2433 5814 2648 5871; x_wconf 85' lang='lat' dir='ltr'><strong>tierent.</strong></span> 
     </span>
    </p>
   </div>
   <div class='ocr_carea' id='block_1_128' title="bbox 3267 5989 3343 6050">
    <p class='ocr_par' dir='ltr' id='par_1_128' title="bbox 3267 5989 3343 6050">
     <span class='ocr_line' id='line_1_128' title="bbox 3267 5989 3343 6050; baseline -0.013 0"><span class='ocrx_word' id='word_1_909' title='bbox 3267 5989 3343 6050; x_wconf 83' lang='lat'><strong>30</strong></span> 
     </span>
    </p>
   </div>
  </div>
