4036 6448
404 430 512 503 939

407 564 526 611 tum
553 554 613 622 9;
655 571 675 606 ι
705 551 759 608 id
785 558 965 606 autem
1002 546 1072 604 de
1097 542 1251 602 omni
1273 541 1442 600 etiam
1475 544 1807 612 argumento
1844 533 1985 590 aliir-
2017 542 2065 595 Α

411 650 599 711 mavit,
622 645 770 717 quod
807 643 982 698 fusius
1013 648 1251 696 tractare
1297 634 1701 691 instituamus:
1732 637 1789 684 at
1819 628 1888 683 de
1925 641 1990 682 eo

410 740 647 795 maxime
686 736 1092 809 praecipueque,
1140 728 1288 803 quod
1316 728 1386 784 ad
1425 727 1598 782 Deum
1643 722 1994 790 divinamque

409 830 714 885 doctrinam
751 833 981 898 spectet,
1024 839 1094 880 ne
1116 822 1213 894 qui
1239 820 1495 877 rudiores
1524 816 1851 880 etiamnum,
1894 825 1994 866 nec

411 923 595 976 animo
624 920 762 976 satis
798 933 940 990 puro
975 915 1295 985 mundoque
1332 912 1464 978 sint,
1503 911 1708 980 quique
1749 904 1993 961 nondum

412 1013 609 1067 divinae
634 1010 923 1066 charitatis
970 1003 1559 1083 fastigium-attigere,
1591 1014 1692 1054 nec
1740 1010 1994 1066 superna:

412 1106 599 1175 gratiae
621 1104 764 1159 dona
792 1100 1004 1158 caelesti
1048 1096 1386 1167 benignitate
1435 1103 1564 1151 sunt
1608 1089 1913 1154 consecuti,
1939 1088 1992 1142 in

415 1198 723 1252 divinarum
752 1193 1174 1263 disciplinarum
1224 1187 1610 1258 explanatione
1647 1182 1994 1237 verbosiores

415 1287 767 1351 esse'vclint;
817 1294 991 1355 utque
1028 1282 1286 1337 traditam
1329 1279 1596 1335 duntaxat
1625 1276 1695 1331 ab
1740 1272 2000 1328 Ecclesia:

419 1378 700 1454 magistris
727 1376 1126 1448 professionem
1146 1387 1244 1429 ore
1273 1369 1565 1427 enuntiare
1597 1366 1842 1424 contenti
1866 1365 1996 1419 sint.

417 1470 506 1523 Ait
537 1466 733 1521 deinde
774 1464 1134 1520 Ecclesiastes
1157 1462 1292 1531 (ll):

1530 410 1592 481 's.
1627 403 2004 479 GREGORU
2040 402 2555 469 AGRIGENTINI

3674 376 3772 449 910

2092 531 2217 598 γίας
2261 530 2363 581 οὑκ
2405 522 2648 595 ἐκφεύξῃ
2688 518 2992 592 ἁμαρτίαν.
3030 534 3050 569 ι
3098 509 3274 570 Εῐπε

2096 620 2225 692 περὶ
2257 619 2442 688 πάσης
2489 615 2659 685 ἀλλης
2699 610 3011 674 ὑποθέσεως
3044 605 3205 663 κατὰ
3248 601 3368 658 τὸν
3408 598 3547 670 βίον
3593 614 3774 692 παραῗ

2095 689 2523 783 λαμϐανομένης
2548 724 2564 738 ο
2612 704 2849 777 μάλιστα
2894 702 2951 756 δὲ
2989 701 3085 755 καὶ
3131 691 3610 783 διαφερόντως.
3651 689 3777 783 περὶ

2096 779 2236 856 Θεοῦ
2287 779 2383 854 και
2430 779 2541 852 τῶν
2583 796 2749 850 θείων
2793 792 3103 864 δογμάτων,
3137 787 3318 861 πρὸς
3368 783 3449 836 τδ
3495 779 3776 852 μηδαμῶς

2095 896 2224 957 τοὺς
2258 888 2654 960 ἁτελεστέρους
2677 886 2771 940 καὶ
2801 888 2969 955 μήπω
2989 879 3465 951 καθαρθέντας,
3507 871 3618 924 καὶ
3644 869 3778 940 πρὸς

2096 985 2157 1037 τὸ
2204 982 2374 1053 ἀκρον
2412 978 2751 1051 ἐληλακότας
2795 974 2893 1046 τῆς
2941 973 3092 1036 θείας
3124 969 3434 1039 ἀγάπης,
3474 963 3636 1035 μήτε
3672 962 3775 1033 μὴν

2094 1074 2540 1142 καταξιωθέντας
2569 1070 2666 1125 καὶ
2699 1069 3100 1140 μετειληφότας
3141 1068 3270 1136 τῆς
3320 1060 3576 1117 ἄνωθεν
3621 1058 3770 1127 χάριο

2092 1185 2205 1231 τος,
2237 1165 2666 1237 πολυρῤήμονας
2700 1161 2968 1232 ὑπάρχειν
2997 1160 3056 1212 ὲν
3089 1159 3229 1220 ταῖς
3259 1152 3645 1224 ὑφηγήσεσι
3668 1149 3773 1203 τῶν

2095 1259 2258 1312 θείων
2285 1258 2579 1328 δογμάτων
2598 1273 2613 1289 ·
2640 1255 2779 1310 ἀλλὰ
2810 1255 2982 1324 μόνην
3014 1250 3115 1321 τὴν
3145 1247 3285 1303 ἀπὸ
3322 1245 3459 1297 τῶν
3489 1240 3777 1295 Gronori-

2097 1346 2209 1406 λων
2237 1352 2337 1422 τῆς
2377 1350 2709 1419 Ἐκκλησίας
2748 1346 3149 1419 παραδοθεῖσαν
3194 1336 3566 1410 ὁμολογίαν
3600 1352 3774 1405 προσ-

2100 1446 2293 1517 φέρειν
2330 1444 2421 1498 διά
2462 1443 2556 1496 τοῦ
2601 1443 2893 1512 στόματος.
2930 1435 3063 1492 Εἶτά
3091 1450 3284 1505 φησιν
3333 1431 3371 1483 ὁ
3414 1428 3774 1498 Ἐκκλησια-

2115 1537 2268 1608 στὴς,

1969 1623 1996 1695 §
2033 1621 2125 1685 v1.

491 1722 657 1783 Vens.
691 1726 746 1781 4.
792 1722 969 1781 Prout
1006 1720 1200 1780 voceris
1250 1729 1425 1777 votum
1466 1716 1613 1785 Deo,
1660 1730 1724 1772 ne
1776 1721 1997 1771 moreris
2033 1735 2075 1793 Β

423 1820 636 1874 reddere
665 1820 823 1873 illud.
846 1817 988 1883 Quia
1010 1832 1115 1870 non
1139 1825 1216 1869 est
1242 1814 1489 1868 voluntas
1516 1813 1572 1866 in
1602 1809 1996 1879 insipientibus.

428 1912 503 1965 Tu
532 1913 699 1982 igitur
729 1924 1051 1980 quiscunque
1084 1907 1306 1971 caveris,
1331 1904 1510 1959 redde.

491 2002 657 2069 Quasi
684 2002 832 2056 aliud
876 2000 989 2071 jam
1018 1997 1324 2054 commodae
1377 1995 1772 2052 admonitionis
1836 2001 2002 2064 caput

422 2094 707 2148 instituere
756 2093 907 2155 velit,
955 2092 1206 2146 hortatur
1236 2105 1339 2144 nos
1371 2089 1593 2158 sapiens
1615 2086 1998 2150 Ecclesiastes,

424 2193 482 2237 ut
515 2199 638 2253 qua:
665 2183 789 2253 quis
835 2181 1153 2249 promiserit
1205 2180 1289 2234 vel
1331 2181 1617 2250 ingruente
1650 2181 1843 2235 morbo
1866 2216 1881 2243 ,
1922 2179 2004 2234 vel

424 2277 531 2329 alio
564 2272 806 2343 periculo
833 2272 953 2328 sive
983 2270 1131 2327 mari"
1151 2270 1266 2326 sive
1303 2278 1448 2325 terra
1484 2269 1832 2339 impendente
1858 2312 1873 2337 ,
1918 2272 2003 2327 vel

424 2366 588 2419 etiam
624 2364 697 2418 ob
722 2363 1138 2433 prosperitatem
1172 2375 1296 2431 quae
1349 2361 1462 2430 jam
1511 2363 1911 2430 supervenerit,
1946 2372 2005 2417 ut

428 2456 616 2511 multis
651 2470 795 2525 saepe
816 2454 1134 2523 contingere
1149 2455 1310 2517 solet,
1331 2466 1394 2506 ea
1427 2451 1751 2520 impleamus
1786 2450 2006 2523 Deoque

430 2548 744 2612 reddamus,
780 2547 896 2616 ipsa
940 2544 1089 2599 illico
1145 2542 1477 2604 otl‘erentes,
1535 2530 2003 2611 quemadmodum

429 2638 698 2700 vovimus,
754 2636 905 2691 nullo
974 2645 1033 2689 ut
1098 2634 1388 2689 intervallo
1438 2634 1682 2689 debitum
1730 2635 2008 2690 distulisse

428 2725 733 2779 videamur.
790 2722 935 2788 Quin
986 2731 1042 2777 et
1106 2735 1230 2775 cum
1293 2719 1496 2775 Davide
1548 2721 1735 2776 dicere
1795 2721 2005 2776 libeat:

432 2824 453 2866 ι
490 2813 734 2868 Reddam
767 2813 864 2867 tibi
916 2822 1041 2867 vota
1102 2826 1243 2873 mea,
1290 2827 1413 2881 quae
1464 2811 1839 2867 distinxerunt
1867 2813 2010 2867 labia

434 2919 575 2968 mea,
610 2913 663 2959 et
693 2904 935 2957 locutum
967 2910 1051 2957 est
1080 2900 1241 2973 134
1268 2916 1329 2957 os
1361 2918 1541 2956 meum
1579 2902 1632 2955 in
1666 2903 2012 2957 tribulatione

434 3012 556 3051 mea
585 2996 629 3051 '.
664 3015 683 3049 ι
715 2994 976 3050 Cunctari
1005 2995 1148 3048 enim
1183 2995 1239 3048 in
1278 2993 1363 3047 his
1409 3002 1554 3049 vetat
1588 2992 1765 3049 Deus:
1804 3010 1872 3050 ne
1902 3011 2010 3064 qua

434 3087 541 3140 alia
579 3084 905 3139 obveniente
936 3096 1101 3139 causa
1141 3082 1509 3153 impediamur
1551 3084 1852 3152 quominus
1901 3084 2010 3137 voti
2041 3092 2088 3154 ρ

434 3178 754 3240 liberemur,
779 3182 942 3245 atque
962 3173 1098 3228 adeo
1128 3171 1295 3227 Deum
1330 3171 1573 3226 universi
1626 3170 1917 3226 fraudasse
1947 3187 2014 3227 ac

434 3265 695 3322 fefellisse
715 3264 1114 3321 existimemur.
1158 3261 1303 3317 Fieri
1351 3262 1499 3318 enim
1531 3261 1692 3317 facile
1732 3272 1930 3333 potest,
1958 3274 2016 3319 ut

435 3359 532 3430 qui
564 3372 783 3427 segnem
816 3371 876 3411 se
908 3357 1168 3427 praebeat,
1208 3364 1261 3409 et
1292 3356 1347 3408 in
1396 3364 1523 3409 voto
1569 3354 1846 3410 reddendo
1899 3372 2015 3412 mo-

437 3462 531 3506 ras
564 3457 764 3514 nectat,
814 3448 958 3504 hunc
986 3462 1137 3503 mors
1179 3463 1280 3503 nec
1325 3448 1638 3516 Opinantem
1682 3462 1747 3503 ac
1790 3448 2017 3503 meliora

438 3551 750 3613 sperantem
782 3550 1031 3612 occupet,
1076 3541 1164 3598 vel
1202 3550 1352 3597 certe
1381 3543 1487 3597 alia
1528 3553 1745 3613 premat
1792 3544 2018 3600 calami-

437 3645 547 3700 tas,
580 3649 702 3704 qua:
731 3642 914 3688 votum
946 3634 1017 3689 ab
1054 3647 1121 3689 eo
1154 3634 1291 3689 solvi
1328 3650 1438 3689 non
1493 3636 1756 3705 patiatur.
1789 3636 1867 3691 Ac
1899 3646 2016 3692 tum

439 3733 606 3796 porro
639 3732 823 3778 votum
855 3734 1010 3779 antea
1034 3730 1351 3793 susceptum
1387 3723 1561 3779 mullo
1587 3726 1856 3795 gravioris
1881 3741 2018 3781 con-

440 3817 812 3871 demnationis
847 3828 1019 3870 causa
1048 3830 1157 3869 non
1186 3814 1543 3871 reddentibus
1569 3818 1648 3879 tit,
1667 3818 1866 3887 quippe
1890 3820 2017 3889 quia

444 3906 651 3961 crimen
685 3905 931 3959 nondum
971 3904 1276 3960 admissum
1313 3904 1366 3959 in
1395 3919 1490 3960 eos
1533 3911 1715 3961 tamen
1750 3908 2019 3979 rejicitur,

444 3995 689 4065 ipsisque
716 3995 977 4050 adhaeret.
1004 3992 1085 4049 Tu
1122 4008 1273 4061 vero,
1309 3994 1509 4065 inquit,
1541 4010 1576 4051 o
1615 3998 1865 4055 mortalis
1887 4039 1903 4064 ,
1951 4015 2021 4056 ne

445 4087 678 4142 similem
705 4094 757 4141 te
780 4085 1167 4156 insipientibus
1196 4085 1313 4141 ﬁeri
1370 4087 1581 4156 patiare
1610 4128 1626 4153 ,
1688 4090 1781 4159 qui
1844 4106 2021 4162 neque

446 4178 560 4233 Deo
597 4190 780 4234 votum
808 4185 1010 4234 vovent
1041 4186 1093 4233 et
1124 4177 1334 4234 faciunt
1362 4178 1613 4246 libenter,
1648 4195 1844 4251 neque,
1873 4192 2023 4253 post-

446 4287 611 4341 quam
641 4271 911 4337 voverint,
963 4270 1030 4325 de
1078 4270 1201 4340 ipso
1243 4278 1371 4326 voto
1411 4270 1687 4328 reddendo
1720 4274 2020 4346 quidquam

449 4362 720 4419 laborant.
773 4362 920 4428 Quin
970 4375 1191 4432 operam
1236 4362 1645 4432 quamprimum
1684 4363 1815 4421 dare
1862 4367 2018 4431 velis,

518 4499 539 4530 ⁸
572 4497 731 4553 Prov.
765 4513 821 4561 ι,
856 4497 941 4555 l9.
1015 4498 1036 4530 ⁸
1060 4496 1351 4566 Psal.t.xv,
1374 4499 1461 4565 l5,
1488 4498 1575 4555 Η.

519 4607 633 4676 (ll)
666 4605 740 4657 Τὸ
769 4606 908 4678 γὰρ,
929 4607 1106 4678 inquit
1135 4606 1584 4678 Chrysostomus,
1630 4608 1725 4661 ἐπὶ
1774 4607 1885 4661 τῶν
1908 4626 2023 4662 τοι-
2055 4591 2100 4647 Ῑ)

449 4675 622 4730 οὑτων
652 4675 1110 4746 περιεργάζεσθαι
1136 4675 1467 4743 τάςάίτίας,
1502 4678 1600 4731 καὶ
1624 4679 1881 4732 ἀπαιτεῖν
1922 4679 2024 4741 τὰς

451 4747 705 4819 εὐθύνας,
732 4745 834 4819 και
857 4745 963 4819 -τδν
1006 4747 1208 4819 τρόπον
1228 4748 1581 4819 ἐπιζητεῖν.-
1614 4748 2027 4819 τολμηροτάτης

450 4817 546 4888 καὶ
594 4814 969 4888 ῥιψοκινδύνου
998 4814 1199 4887 ψυχῆς.
1226 4818 1281 4871 ld
1302 4827 1389 4873 est.
1406 4814 1430 4871 ἐ
1460 4816 1538 4871 De
1561 4814 2027 4888 hujus-modicum

451 4887 603 4956 rebus
640 4887 847 4951 curiose
882 4890 1200 4956 perquirere,
1224 4897 1273 4941 et
1298 4889 1533 4943 rationes
1571 4903 1869 4955 exposcere,
1911 4903 2027 4941 mo-

452 4955 682 5025 dumque
707 4955 993 5025 sciscitari,
1050 4957 1401 5011 audacissimi
1434 4965 1484 5011 et
1542 4959 1807 5010 temerarii
1860 4955 2028 5011 animi

451 5024 796 5097 est;(5er._2
834 5035 1024 5081 contra
1062 5028 1378 5092 Anommos,
1418 5028 1475 5091 Ξ,
1507 5036 1643 5081 tom.
1675 5026 1744 5097 l.)

522 5093 839 5167 Formulam
873 5104 1056 5151 autem
1085 5097 1283 5165 ipsam,
1310 5113 1432 5167 qua:
1465 5112 1495 5151 a
1546 5093 1865 5151 doetoribus
1928 5095 2030 5150 Ec-

454 5163 635 5219 clesiae
674 5165 871 5219 tradita
899 5174 1003 5232 est,
1043 5163 1405 5230 retinendam,
1445 5181 1548 5221 nec
1576 5167 1875 5235 quidquam
1908 5181 2030 5220 mu-

453 5236 716 5304 tandum_
751 5236 1281 5304 essetadmonebat
1342 5236 1469 5291 olim
1530 5250 1762 5302 magnus
1813 5248 2032 5304 quoque

454 5302 792 5387 ‘Atbanas‘ius
821 5303 886 5357 ad
910 5301 1369 5387 Jov_ianitni.Aug.
1405 5305 1534 5387 resp}
1591 5301 1847 5387 πίστεως
1890 5301 2030 5387 seri-

455 5372 596 5445 bens
633 5389 649 5445 :_
677 5371 913 5445 Nicmnte
933 5374 1078 5445 enim
1110 5371 1746 5445 professionis'furmula:
1767 5375 2034 5445 bzecsub-

451 5442 866 5513 jecta‘legimus
901 5461 914 5495 :
951 5442 1137 5513 Ταύτῂ
1157 5447 1223 5513 τῇ
1251 5445 1453 5508 πίστει,
1494 5443 1796 5508 Δὺγουστε,
1825 5444 2034 5506 πάντας

460 5500 744 5585 ξπιμένεῖν
767 5513 1086 5585 ἀναγκαῖον,
1099 5500 1174 5574 ὧς
1189 5500 1430 5585 deique).
1439 5500 1794 5585 ἀποστολικῇ,
1820 5515 1916 5567 καὶ
1933 5500 2033 5585 μηῖ

456 5581 547 5657 ξεν
598 5585 909 5657 μετακινεῖν
925 5583 1094 5657 αὑτὴν
1117 5581 1522 5657 πιθανολογίαις
1551 5584 1648 5637 καὶ
1676 5581 2046 5653 λογομαχίαις.

458 5647 665 5729 Nempe
688 5647 805 5729 :.I_n
827 5650 926 5703 hac
959 5647 1081 5719 ﬁde,
1114 5647 1575 5729 Augustefomnes
1600 5647 1797 5729 Oportet
1811 5647 2037 5729 'miirtere

459 5727 640 5787 utpote
666 5720 848 5772 diuina
904 5720 1320 5793 etqapostolica,
1361 5738 1524 5793 neque
1596 5722 1886 5793 quidquam
1918 5723 2037 5775 inde

461 5797 820 5863 tra_nsrnutare
879 5791 1128 5863 artiﬁciis
1167 5791 1688 5863 contentionibusque
1738 5791 2036 5863 verborum.

532 5856 826 5914 Enimvero
859 5856 1029 5914 totum
1091 5861 1239 5915 hunc
1290 5860 1473 5915 locum
1529 5856 1797 5929 explicare
1845 5860 2039 5917 Noster

2172 1714 2379 1782 Καθὼς
2408 1712 2486 1768 ἂν
2529 1712 2682 1780 εὔξῃ
2730 1710 2927 1780 εὐχὴν
2959 1706 3040 1775 τῷ
3092 1708 3248 1774 Θεῷ,
3302 1704 3414 1777 μὴ
3456 1703 3763 1774 χρονίσῃς

2107 1807 2440 1864 ἀποδοῦναι
2457 1806 2653 1871 αὑτήν
2669 1823 2683 1835 ο
2712 1805 2803 1857 ὅτι
2824 1806 2934 1857 οὐκ
2954 1802 3086 1856 ἔστι
3109 1800 3381 1869 θέλημα
3405 1797 3491 1850 ἐν
3515 1795 3764 1863 ἄφροσι.

2108 1900 2192 1954 Σὺ
2224 1899 2338 1954 οὖν
2369 1898 2487 1952 ὅσα
2517 1897 2595 1952 ἂν
2625 1896 2799 1964 εὔξῃ,
2833 1893 3086 1959 ἀπόδος.
3560 1962 3563 1965 ν

2188 1994 2278 2057 Ὣς
2313 1992 2398 2061 ἐφ’
2425 1990 2624 2061 ἑτέραν
2654 1990 2832 2060 ἀρχὴν
2877 1985 3091 2055 ἀγαθῆς
3120 1983 3522 2054 εἰσηγήσεως
3568 1976 3763 2047 μετελ-

2110 2085 2226 2137 θεῖν
2253 2084 2409 2150 δόξας
2436 2083 2463 2135 ό
2487 2081 2649 2147 σοφὸς
2680 2076 3141 2147 Ἐκκλησιαστὴς,
3172 2070 3649 2144 παρεγγυᾶται.
3671 2066 3760 2129 τὰς

2072 2176 2406 2247 ’γινομένας
2453 2172 2582 2244 παρ’
2631 2170 2788 2241 ἡμῶν
2823 2168 3170 2238 ὑποσχέσεις,
3222 2165 3433 2234 ἡνίκα
3474 2178 3570 2222 τις
3618 2159 3759 2227 ἡμᾶς

2113 2264 2511 2341 περιστοιχίζει
2552 2267 2727 2326 νόσος,
2759 2263 2794 2334 ἡ
2831 2278 2916 2324 τις
2957 2260 3116 2322 ἄλλος
3163 2250 3617 2328 περιστατικὸς
3647 2265 3756 2302 πει-

2115 2358 2325 2432 ρασμὸς
2353 2355 2499 2412 κατά
2521 2354 2620 2426 τὴν
2643 2354 2920 2408 θάλασσαν
2947 2351 2981 2422 ἢ
3011 2349 3111 2421 τὴν
3140 2348 3336 2420 ξηρὰν
3372 2342 3753 2415 εὑρεθέντας,

2112 2452 2146 2523 ἢ
2205 2450 2301 2506 καὶ
2350 2450 2439 2504 διά
2494 2464 2621 2501 τινα
2673 2444 2963 2515 συμϐᾶσαν
3008 2440 3328 2511 εὐημερίαν
3370 2438 3475 2501 ,ὡς
3534 2433 3753 2493 πολλοῖς

2114 2540 2381 2603 πολλάκις
2415 2537 2663 2607 γίνεσθαι
2696 2535 2963 2605 πέφυκεν,
2997 2527 3380 2602 ἀποπληροῦν
3406 2526 3516 2581 καὶ
3545 2524 3753 2578 διδόναι

2112 2633 2192 2704 τῷ
2223 2631 2343 2702 Θεῷ
2385 2629 2480 2683 καὶ
2520 2626 2874 2699 προσφέρειν,
2902 2624 3047 2694 άπερ
3079 2616 3586 2693 ἐπηγγειλάμεθα
3622 2614 3750 2669 θᾶτ-

2113 2740 2207 2778 τον
2228 2740 2246 2757 ·
2276 2722 2415 2777 ἀλλά
2472 2719 2548 2791 μὴ
2586 2718 2676 2773 διά
2708 2733 2856 2781 τινος
2883 2714 3152 2784 ἀναϐολῆς
3190 2707 3633 2785 ὑπερτίθεσθαι
3682 2706 3744 2758 τὰ

2114 2818 2215 2887 τῆς
2237 2814 2573 2876 ἀποδόσεως·
2604 2811 2790 2880 λέγειν
2818 2809 2875 2861 δὲ
2913 2806 3056 2879 μετά
3079 2806 3175 2860 τοῦ
3201 2807 3524 2877 προφήτου
3561 2799 3738 2860 Δαϐὶδ,

2124 2928 2144 2961 ι
2180 2904 2475 2961 Ἀποδὼσω
2500 2920 2584 2957 σοι
2611 2903 2710 2965 τάς
2730 2900 2897 2971 εὑχάς
2923 2916 3050 2970 μου,
3075 2898 3141 2962 ἀς
3164 2896 3457 2951 διέστειλε
3490 2893 3567 2947 τὰ
3589 2891 3736 2964 χείλη

2123 3016 2248 3070 μου,
2283 2996 2380 3050 καὶ
2410 2993 2641 3064 ὲλάλησε
2666 2992 2729 3045 τὸ
2769 2990 2945 3061 στόμα
2980 3006 3082 3059 μου
3115 2991 3172 3041 ἐν
3200 2991 3269 3059 τῇ
3306 2986 3514 3055 θλίψει
3549 3001 3679 3054 μου.
3714 3001 3732 3032 ι

2117 3090 2191 3143 Τὸ
2220 3088 2330 3158 γὰρ
2358 3085 2631 3158 χρονίζειν
2658 3086 2717 3149 ὲν
2746 3086 2859 3147 τοῖς
2888 3082 3154 3144 τοιούτοις
3194 3077 3603 3149 ἀπαγορεύειο
3654 3074 3735 3127 ἵνα

2118 3182 2195 3253 μή
2224 3196 2367 3244 τινος
2412 3178 2582 3248 ἀλλης
2624 3176 2807 3242 αἰτίας
2843 3173 3137 3245 συμϐάσης
3163 3167 3734 3242 παρεμποδισθῶμεν

2115 3271 2517 3347 ἀποπληρῶσαι
2544 3270 2613 3324 τὰ
2634 3270 2734 3339 τῆς
2763 3268 2953 3340 εὑχῆς,
2991 3266 3088 3321 καὶ
3116 3262 3484 3335 λογισθῶμεν
3514 3261 3728 3331 ἠπατη-

2115 3368 2270 3421 κέναι
2296 3366 2393 3421 καλ⁸
2413 3363 2813 3435 διαψεύσασθαι
2842 3362 2932 3417 τὸν
2961 3360 3058 3415 ἐπὶ
3089 3359 3318 3413 πάντων
3367 3355 3543 3410 Θεόν.
3576 3350 3731 3412 Εἰκὸς

2117 3457 2226 3530 γὰρ
2261 3457 2522 3527 μέλλησιν
2563 3451 3009 3523 ἐπιδεικνύμενον
3057 3449 3153 3504 καὶ
3197 3446 3538 3519 βραδύτητα
3594 3440 3726 3512 πρὸς

2116 3550 2216 3622 τὴν
2244 3548 2502 3602 ἀπόδοσιν
2532 3546 2763 3601 θάνατον
2795 3543 3006 3615 ἀθρόως
3040 3542 3137 3596 καὶ
3160 3541 3292 3610 παρ’
3322 3536 3538 3592 ἐλπίδα
3560 3549 3726 3588 καταα

2117 3641 2325 3705 λαϐεῖν,
2367 3641 2403 3710 ἦ
2451 3655 2575 3692 τινα
2626 3636 2887 3708 βιωτικὴν
2938 3632 3225 3705 συμφορὰν
3280 3630 3465 3700 ἀλλην
3523 3627 3719 3697 ἥκιστα

2121 3731 2564 3805 παραχωροῦσαν
2613 3726 3046 3800 ἀποπερατῶσαι
3090 3725 3160 3779 τά
3198 3727 3299 3795 τῆς
3350 3716 3718 3788 ἐπαγγελίας.

2119 3826 2231 3880 Καὶ
2264 3822 2567 3896 τηνικαῦτα
2608 3821 2822 3890 γίνεται
2865 3818 3067 3890 μᾶλλον
3111 3818 3225 3878 τοῖς
3272 3811 3601 3884 ἀνθρώποις
3641 3808 3716 3866 εἰς

2122 3916 2425 3987 βαθυτέραν
2460 3913 2788 3984 κατάκρισιν
2818 3912 2853 3981 ἡ
2885 3906 3395 3981 προεπηγγελμένη
3427 3901 3590 3974 εὐχὴ,
3622 3899 3713 3952 ἅτε

2118 4008 2185 4079 δὴ
2216 4007 2315 4078 τὴν
2361 4007 2531 4077 μήπω
2565 4003 2965 4076 πεπραγμένην
3017 3998 3303 4071 ἁμαρτίαν
3349 3997 3547 4057 αὑτοῖς
3581 3992 3706 4044 ὑπο·

2123 4098 2437 4170 στησαμένη
2457 4097 2555 4152 καὶ¹
2572 4095 2977 4167 προξενήσασα.
3009 4093 3082 4145 Σὺ
3107 4090 3189 4156 δὲ,
3214 4090 3406 4159 φησὶν,
3432 4084 3707 4170 ἀνθρωῖεεν

2124 4167 2346 4259 μὴὲτοῖς
2384 4167 2616 4259 άιρροσιν
2666 4184 3004 4255 ὁμοιωθῆναι
3040 4180 3297 4250 θελήσῃς,
3332 4177 3545 4237 οἵτινες
3589 4167 3705 4259 οὔτε

2227 4277 2347 4349 Θεῷ
2376 4256 2476 4349 τὴν
2514 4276 2682 4348 εὐχὴν
2711 4275 2962 4347 εὔχονται
3011 4271 3109 4327 καὶ
3136 4268 3426 4323 ποιοῦνται
3472 4256 3707 4335 προφρόι

2122 4388 2249 4437 νως,
2281 4369 2405 4426 οὑτε
2434 4370 2490 4424 δὲ
2520 4368 2661 4440 μετὰ
2688 4368 2750 4421 τὸ
2778 4365 3041 4431 εὔξασθαι
3065 4360 3461 4434 προαιροῦνται
3490 4352 3703 4422 ποιήσα·

2129 4607 2341 4663 videtur
2400 4606 2485 4661 vel
2533 4621 2601 4661 ex
2629 4599 2942 4677 Hieronymi
2989 4605 3397 4677 sententia,ch
3457 4610 3602 4658 certe
3635 4614 3695 4656 ex

2128 4692 2319 4734 eorum
2351 4675 2994 4745 interpretatione,'quos
3047 4675 3418 4746 Hieronymus
3478 4681 3699 4729 secutus

2128 4757 2258 4811 est;
2289 4749 2405 4801 haec
2442 4747 2587 4801 enim
2622 4746 2789 4814 hujus
2832 4757 2960 4799 sunt
2986 4748 3151 4802 verba
3187 4763 3200 4799 :
3238 4745 3264 4797 ι
3293 4745 3399 4799 Alii
3435 4757 3561 4797 vero
3592 4755 3695 4814 me—

2129 4817 2237 4872 lius
2269 4812 2773 4888 i‘ntelligentes‘li'oe
2803 4816 3025 4888 praecipi
3050 4816 3365 4888 afﬁrmant,
3399 4829 3474 4869 ne
3500 4824 3593 4867 aut
3617 4812 3690 4865 lo‘-

2128 4897 2362 4957 quentes
2396 4885 2509 4957 aut
2538 4885 2841 4957 cogitantes
2870 4885 2993 4957 plus
3031 4886 3098 4941 de
3126 4886 3257 4957 Deo,
3284 4899 3455 4957 quam
3503 4894 3692 4952 possu-

2130 4954 2277 5021 mus,
2318 4954 2643 5027 opinemur}
2683 4954 2780 5011 sed
2825 4955 3066 5027 sciamus
3101 4955 3524 5011 imbecillitatem
3576 4961 3690 5004 nos-

2132 5036 2293 5093 tram,
2322 5024 2471 5097 quod
2503 5035 2769 5097 quantum
2810 5024 3207 5097 distatcmlum
3236 5040 3267 5079 a
3292 5033 3458 5087 terra,
3498 5029 3688 5097 tantum

2128 5088 2317 5167 nostra
2342 5088 2601 5165 'opina'tio
2630 5109 2661 5167 a
2691 5102 2885 5149 natura
2940 5095 3088 5151 illius
3145 5103 3469 5167 separetur:
3520 5099 3572 5144 et
3617 5088 3691 5167 id-

2130 5166 2280 5221 circo
2306 5162 2502 5222 debere
2530 5166 2693 5219 verba
2717 5174 2897 5218 nostra
2919 5180 3039 5221 esse
3062 5165 3357 5221 moderata.
3383 5162 3532 5216 Sicut
3556 5162 3687 5213 enim

2130 5235 2226 5306 qui
2254 5236 2309 5289 in
2351 5235 2541 5306 multis
2572 5234 3000 5306 cogitationibus
3046 5245 3151 5300 est,
3184 5248 3249 5306 ea
3299 5232 3553 5306 somniat
3589 5230 3685 5306 fre:

2131 5302 2384 5375 quenter,
2413 5305 2483 5360 de
2520 5302 2721 5375 quibus
2748 5303 2993 5375 cogitat;
3034 5306 3111 5359 ita
3159 5304 3251 5373 qui
3289 5303 3443 5375 plura
3474 5302 3686 5375 voluerit

2133 5364 2201 5431 de
2232 5364 2516 5429 divinitate
2541 5364 2847 5438 disserere:
2879 5364 3071 5428 incidit
3131 5364 3192 5428 iu'
3243 5364 3541 5427 stultitiam.
3604 5364 3684 5417 Vel

2134 5453 2283 5499 certe
2310 5444 2390 5499 sic
2419 5461 2431 5496 :
2465 5443 2638 5498 Verba
2696 5451 2883 5497 nostra
2920 5458 3095 5512 pauca
3159 5443 3280 5497 ideo
3326 5456 3445 5496 esse
3489 5437 3683 5493 debere.

2135 5514 2280 5585 quod
2316 5515 2610 5585 etiamea,
2644 5527 2765 5581 quae
2810 5526 2974 5585 nosse
3016 5530 3138 5585 _nos
3194 5512 3539 5585 arbitramur,
3599 5515 3683 5572 per

2136 5582 2419 5652 speculum
2457 5583 2706 5638 videmus
2735 5590 2791 5637 et
2840 5582 2895 5636 in
2928 5582 3236 5653 aenigmate,
3279 5591 3334 5636 et
3367 5582 3504 5653 velut
3554 5586 3679 5630 suru-

2136 5651 2285 5725 n’ium
2313 5652 2855 5725 comprehendimus,
2887 5651 3245 5725 quail'tenere
3266 5667 3366 5725 nos
3381 5651 3683 5725 aestimamus

2136 5724 2385 5792 Cumque
2423 5723 2602 5791 plura,
2636 5736 2694 5776 ut
2737 5721 2922 5777 visuni
2974 5723 3131 5778 nobis
3175 5722 3362 5784 fuerit,
3412 5721 3678 5792 dixerimus

2139 5778 2309 5846 linem.
2326 5778 2716 5860 disputationis
2746 5802 2949 5847 nostra:
2970 5807 3093 5847 esse
3122 5778 3405 5847 stultitiam
3438 5807 3453 5855 ;
3480 5802 3538 5841 ex
3559 5778 3677 5837 ntul-

2142 5864 2372 5931 tiloquio
2392 5866 2539 5916 enim
2592 5877 2694 5916 nos
2719 5878 2824 5915 non
2854 5863 3093 5932 effugere
3130 5871 3431 5932 peccatum.
3465 5880 3481 5911 ι

3336 508 3409 563 δὲ
3454 504 3637 560 τοῦτο
3682 508 3774 562 καὶ
3848 494 3853 499 ”
