4036 6378
341 309 448 375 945

1396 327 1484 390 ΙΝ
1531 329 2117 393 ECCLESIASTEN‘.
2155 331 2393 394 -LlB.
2436 331 2537 393 IV.

3507 330 3612 396 946

341 417 686 488 πορνεύσεις,
712 439 732 473 ι
761 421 856 476 καὶ
880 425 1132 482 τοσοῦτον
1160 427 1432 504 ἑκατέραν
1453 433 1736 507 ἁμαρτίαν
1761 449 1926 490 κατα-

2043 452 2135 506 ιυθ
2167 437 2305 493 adeo
2335 437 2787 505 damnantem,ut
2817 437 3074 494 feminam
3101 454 3159 495 se
3193 440 3611 512 prostituentetn

337 508 682 600 δικάσαντος,
709 510 854 567 ὥστε
895 517 1204 587 προστάξαι
1249 523 1344 578 καὶ
1374 523 1774 582 λιθοϐολεϊσθαι
1826 527 1928 600 μὲν

337 599 950 692 τὴνμπροπορνευκυῖαν
983 609 1091 692 ὑπὸ
1123 613 1343 672 πάντων
1383 617 1496 673 τῶν
1523 618 1677 674 ίδίων
1717 599 1931 692 συμπο-

337 687 534 782 λιτῶν’
569 691 663 745 τὸν
688 692 746 748 δὲ
779 697 968 769 μοιχὸν
993 691 1363 760 θανατοῦσθαι
1393 708 1532 778 μετὰ
1559 708 1662 774 τῆς
1687 687 1930 782 μοιῇίαλίι

337 779 447 874 ξος.
475 781 540 874 εί
564 783 750 840 τοίνυν
783 789 843 842 οὐ
870 789 1096 849 δύνασαι
1139 796 1329 866 φάναι,
1365 799 1539 856 Τοῦτο
1565 801 1628 856 τὸ
1671 779 1834 874 ἔργον
1869 805 1928 873 ἐξ

340 871 569 966 ἀγνοίας
601 893 692 944 μοι
719 878 930 948 γέγονε,
960 882 1206 955 δηλονότι
1235 889 1298 942 τὸ
1321 887 1422 960 τῆς
1453 871 1761 962 μοιχείας-ἢ
1794 871 1930 966 πορέ

339 964 492 1056 νείας
516 981 530 996 ο
563 967 861 1025 ἐπίστασαι
884 975 992 1046 γὰρ
1024 976 1490 1053 ἀπηγορευμένην
1528 985 1800 1056 ἑκατέραν
1823 964 1930 1040 ὑπὸ

339 1054 477 1109 Θεοῦ
505 1057 596 1110 διὰ
625 1059 722 1114 τοῦ
753 1063 1022 1130 Μωσέως,
1049 1067 1102 1120 τί
1134 1068 1334 1140 δήποτε
1362 1073 1500 1144 πρὸς
1534 1074 1634 1147 τὴν
1658 1054 1930 1146 γινωσκο-

346 1153 516 1240 μένην
546 1150 828 1224 ἁμαρτίαν
856 1159 1314 1229 κατολισθαίνεις,
1339 1166 1423 1219 ὅτι
1465 1169 1807 1240 πανταχόθεν
1832 1173 1932 1226 ἁν-

347 1239 686 1336 απολόγητος
719 1240 792 1306 εἶ.
824 1249 921 1302 καὶ
966 1253 1304 1326 συγγνώμης
1328 1258 1584 1327 ἀνάξιοςς
1630 1239 1694 1316 Ei
1726 1263 1834 1336 γὰρ
1872 1267 1932 1318 ἐν

343 1330 544 1422 γνῴσει
580 1339 756 1400 ποιεῖς
779 1338 880 1410 τὴν
909 1341 1213 1414 ἁμαρτίαν,
1236 1347 1514 1420 ἑπομένην
1535 1351 1684 1422 ἔχεις
1712 1330 1932 1420 πάντως

343 1421 440 1516 καί
466 1421 564 1516 τὴν
601 1425 954 1497 κατάκρισιν.
981 1433 1129 1487 Eia!
1161 1436 1328 1506 φάναι
1354 1421 1654 1512 τολμήσεις
1681 1445 1818 1516 πρὸς
1841 1447 1933 1502 τὸν

341 1511 498 1576 Θεὸν,
542 1515 624 1568 ὅτι
675 1516 848 1572 Τοῦτό
905 1539 998 1590 μοι
1045 1525 1274 1594 γέγονεν
1317 1529 1375 1598 ἐξ
1425 1511 1675 1602 ἁγνοίας,
1777 1535 1932 1601 Θεὸς,

534 1604 791 1699 γνώσεων
833 1611 1040 1682 Κύριος
1073 1615 1172 1684 ὢν,
1212 1638 1232 1671 ι
1271 1619 1470 1692 διπλῆν
1507 1640 1589 1677 σοι
1621 1625 1722 1696 τὴν
1763 1626 1934 1699 ὀργὴν

342 1693 538 1791 tardis:
584 1698 680 1751 καὶ
863 1707 1217 1778 κατάκρισιν,
1250 1713 1334 1768 ὅτι
1375 1713 1476 1788 τὴν
1512 1693 1932 1791 ἁμαρτίαν-

2030 527 2100 582 ab
2125 526 2387 584 omnibus
2421 527 2636 584 civibus
2669 530 2791 598 ejus
2819 529 2978 585 obrui
3009 529 3287 603 lapidibus
3336 533 3610 603 jusserit;

2030 619 2307 674 mmchum
2353 635 2486 676 vero
2524 635 2650 676 cum
2710 621 2962 678 adultera
3029 624 3372 679 multandum
3436 634 3614 680 morte

2031 710 2276 766 sanxerit
2309 708 2445 782 (l7).
2481 709 2618 768 Cum
2662 712 2831 784 igitur
2879 729 3123 784 nequeas
3159 715 3346 771 dicere
3382 732 3398 771 :
3435 715 3552 770 Hoc
3581 731 3614 771 a

2030 818 2118 858 me
2146 801 2362 860 facinus
2393 819 2459 860 ex
2495 804 2800 876 ignorantia
2828 807 3130 864 admissum
3156 816 3262 874 est,
3279 807 3614 864 adulterium

2030 909 2226 966 nempe
2247 905 2342 951 aut
2374 895 2704 964 fornicatio;
2738 899 2940 970 quippe
2983 900 3078 971 qui
3117 907 3415 971 utrumque
3445 915 3476 954 a
3507 899 3614 956 Deo

2029 1000 2128 1057 per
2151 985 2376 1058 Moysen
2411 989 2638 1044 vetitum
2663 988 2837 1048 fuisse
2883 989 3067 1048 scias:
3097 991 3376 1062 quomodo
3404 992 3458 1047 in
3491 1005 3614 1048 sce-

2031 1077 2117 1134 lus
2144 1078 2486 1148 prolaberis,
2527 1081 2677 1152 quod
2725 1081 2827 1138 tibi
2865 1082 3028 1152 plane
3069 1085 3350 1156 cognitum
3385 1091 3506 1150 est,
3551 1091 3615 1140 ut

2031 1169 2445 1224 excusationem
2481 1171 2684 1228 habeas
2725 1172 2974 1238 nullam,
3037 1183 3093 1230 et
3125 1174 3287 1230 venia
3347 1172 3612 1245 indignus

2034 1261 2263 1320 omnino
2291 1263 2411 1318 sis?
2451 1261 2508 1318 Si
2538 1263 2684 1319 enim
2714 1272 3000 1334 peccatum
3031 1265 3216 1322 sciens
3264 1263 3426 1333 facis,
3475 1281 3612 1322 con-

2034 1346 2438 1408 demnationem
2483 1361 2664 1409 tecum
2701 1354 2818 1424 ipse
2865 1356 3025 1426 plane
3076 1355 3327 1412 adducis.
3368 1355 3525 1424 Quod
3565 1357 3614 1412 si

2035 1442 2204 1498 Deum
2235 1443 2443 1514 alloqui
2500 1445 2706 1501 audeas
2733 1485 2748 1510 ,
2782 1453 2837 1502 et
2877 1461 2994 1502 rem
3030 1447 3128 1502 tibi
3187 1462 3252 1502 ex
3306 1447 3614 1518 ignorantia

2035 1533 2334 1608 contigisse
2366 1545 2664 1606 praetexas;
2707 1534 2887 1600 Deus,
2923 1537 3023 1606 qui
3065 1554 3085 1590 ι
3141 1537 3324 1593 omnis
3371 1537 3617 1593 scientiae

2038 1625 2304 1682 Dominus
2325 1627 2415 1683 est
2433 1627 2502 1693 “',
2539 1646 2560 1680 ι
2599 1628 2736 1682 iram
2775 1627 3042 1684 adversus
3091 1635 3142 1683 te
3177 1642 3336 1684 suam
3371 1627 3617 1698 duplica-

2039 1713 2116 1768 bit
2139 1727 2202 1768 ac
2249 1727 2506 1783 pcenam,
2542 1715 2690 1786 quod
2735 1723 2790 1770 et
2828 1727 3115 1786 peccatum
3153 1717 3462 1787 patraveris
3495 1756 3511 1782 ,
3563 1725 3619 1772 et

344 1781 604 1880 ποίηκας,
651 1789 745 1842 καὶ
793 1790 877 1846 ὃτι
930 1794 1108 1869 ψευδῆ
1154 1805 1342 1872 φωνὴν
1387 1781 1789 1880 ἀξρῆκαςπρδς
1843 1812 1934 1866 τὸν

2043 1806 2354 1860 mendacem
2381 1806 2448 1860 ad
2487 1821 2613 1862 eum
2655 1804 2845 1863 vocem
2893 1807 3136 1874 miseris,
3177 1809 3274 1878 qui
3303 1816 3356 1864 et
3401 1817 3618 1864 secreta

343 1873 479 1974 236v
504 1877 964 1974 τρνῌγινὼσκοντα
994 1889 1090 1944 καὶ
1119 1893 1189 1946 τὰ
1217 1873 1511 1970 ἀπόρρητα
1537 1900 1640 1970 τῆς
1667 1873 1935 1974 σῆςκαρ-

344 1965 483 2067 θίας.
507 1968 692 2067 Τοῦτο
717 1974 828 2067 γὰρ
857 1980 1118 2049 σημαίνει
1149 1965 1340 2055 σαφῶς
1425 1965 1613 2061 ξρησιν,
1653 2013 1671 2046 t
1701 1965 1822 2049 'lva

344 2057 622 2158 6??“°ﬁ_‘5
645 2063 782 2128 Θεὸς
805 2068 900 2158 ἐπὶ
924 2075 1075 2145 φωνῇ
1109 2091 1227 2140 σου,
1255 2080 1350 2132 καὶ
1370 2057 1664 2158 διαφθείρῃ
1685 2084 1756 2139 τὰ
1777 2057 1938 2158 ﬁcii];

348 2164 496 2220 ματα
525 2151 638 2248 τῶν
667 2157 870 2227 χειρῶν
900 2176 996 2214 σου
1017 2179 1032 2195 ο
1066 2183 1086 2216 ι
1130 2165 1376 2236 δηλονότι
1402 2151 1483 2226 τὰν
1511 2151 1663 2244 mia,
1687 2177 1756 2230 τὰ
1780 2151 1938 2248 οἰκη-

348 2257 516 2312 ματα,
560 2245 689 2310 τοὺς
729 2251 1120 2322 παραδείσους,
1157 2259 1288 2324 τοὺς
1331 2263 1666 2332 ἀμπελῶνας
1723 2266 1794 2320 δι’
1847 2245 1942 2320 ἁν-

345 2335 583 2430 ομϐρίας
619 2341 713 2394 καὶ
743 2343 1054 2416 ἐπομϐρίας
1089 2339 1564 2428 ὑπερϐαλλούσης,
1604 2358 1637 2429 ἢ
1674 2357 1934 2430 δῃώσεως

353 2429 448 2524 καὶ
489 2429 717 2524 ληῖσεως
761 2435 1102 2507 ἀλλοφύλων.
1144 2443 1304 2500 οὕτω
1340 2447 1451 2520 γὰρ
1490 2451 1584 2504 καὶ
1626 2429 1939 2524 διὰηφωνῆς

367 2518 592 2614 ᾞσαϊου
619 2525 786 2593 φησὶν
811 2529 840 2581 ό
871 2529 983 2584 τῶν
1013 2532 1150 2587 ὅλων
1177 2535 1312 2602 Θεὸς
1333 2556 1346 2570 ·
1393 2518 1427 2592 «ί
1457 2539 1586 2595 Ἐὰν
1615 2518 1810 2614 θέλητε
1843 2518 1940 2598 καὶ

351 2609 709 2702 είσακούσητέ
732 2635 856 2688 μου,
881 2622 950 2676 τὰ
977 2623 1161 2692 ἀγαθὰ
1187 2628 1288 2697 τῆς
1317 2631 1418 2700 γῆς
1449 2633 1697 2702 φάγεσθε
1720 2609 1745 2665 ί
1763 2636 1863 2691 ἐὰν
1883 2637 1941 2691 δὲ

351 2700 428 2772 μὴ
465 2702 688 2800 θέλητε,
723 2711 860 2782 μηδὲ
903 2717 1265 2794 είσακούσητέ
1319 2700 1470 2794 μου,
1485 2727 1742 2798 μάχαιρα,
1793 2727 1943 2800 ὑμᾶς

348 2793 653 2852 κατέδεται.
681 2817 702 2852 ι

418 2884 531 2950 Τὰς
555 2887 617 2979 de
647 2884 923 2960 κιναίδους
961 2897 1193 2968 πράξεις
1220 2902 1316 2957 καὶ
1355 2904 1460 2969 τὰς
1481 2906 1800 2979 ἀμαρτικὰς
1841 2912 1938 2966 καὶ

352 2977 716 3050 παρανόμους
757 2983 868 3040 τῶν
905 2987 1119 3061 ἀνδρῶν
1177 2993 1318 3060 μετὰ
1350 2994 1462 3049 τῶν
1499 2977 1784 3064 γυναικῶν
1812 3017 1940 3054 συν-

349 3067 560 3163 ουσίας,
602 3073 830 3140 καὶτὰς
881 3076 1176 3149 θελκτικὰς
1231 3083 1457 3156 ὁμιλίας
1499 3089 1595 3143 καὶ⁵
1645 3091 1942 3163 συντυχίας

352 3159 624 3255 ξνυψίων
653 3165 809 3238 ἐσμῷ
843 3169 936 3223 καῖ
963 3177 1362 3247 ματαιοτήτων
1386 3181 1692 3236 ἀπείκασεν
1721 3186 1749 3237 ό
1775 3159 1940 3255 ccipe;

365 3247 805 3344 Ἐκκλησιαστὴς
830 3260 888 3314 ἐν
918 3261 995 3332 τῷ
1032 3265 1232 3332 εἰπεῖν,
1277 3287 1296 3318 ι
1334 3269 1462 3323 Ὅτι
1489 3274 1550 3325 ὲν
1601 3273 1798 3344 πλήθει
1853 3247 1942 3329 iv;

353 3341 562 3397 υπνίων
592 3346 685 3400 καὶ
719 3353 1106 3424 ματαιοτήτων
1147 3359 1243 3412 καὶ
1294 3359 1471 3430 λόγων
1507 3341 1758 3418 πολλῶν·
1788 3385 1806 3417 ι
1842 3369 1941 3421 ἀν-

351 3430 407 3485 τὶ
433 3432 549 3500 τοῦ,
577 3437 746 3508 Δίκην
775 3442 1046 3499 ἐνυπνίων
1071 3452 1503 3518 συμπιπτόντων
1539 3457 1662 3518 ταῖς
1685 3474 1944 3529 νυκτερι-

353 3521 470 3618 ναῦς
503 3527 854 3618 φαντασίαις,
891 3535 982 3585 καὶ
1007 3536 1286 3608 μηδεμίαν
1343 3542 1580 3612 ἐχόντων
1612 3521 1940 3618 ὓπαρξιν-ὲν

353 3615 467 3710 τοίς
496 3617 844 3710 πράγμασιν,
877 3623 1038 3680 ἔτιδὲ
1074 3630 1172 3683 καὶ
1201 3631 1314 3686 τῶν
1335 3633 1516 3689 ἄλλων
1558 3615 1944 3710 ματαιοτήτων

356 3705 448 3759 καὶ
484 3707 594 3761 τῶν
630 3709 741 3764 σῶν
771 3711 971 3784 λόγων,
999 3718 1284 3791 ἄνθρωπε,
1317 3723 1428 3777 τῶν
1446 3705 1659 3780 πολλῶν
1693 3728 1790 3781 καὶ
1816 3705 1945 3782 θελ-

360 3797 564 3852 κτικῶν
595 3801 736 3872 πρὸς
767 3805 870 3869 τὰς
913 3810 1188 3875 κιναίδους
1216 3813 1402 3882 μίξεις
1446 3821 1546 3872 καὶ
1583 3821 1944 3892 παρανόμους

360 3891 666 3959 συνουσίας,
697 3895 730 3966 ή
774 3897 1010 3955 δοκοῦσὰ
1039 3919 1100 3956 σε
1157 3904 1255 3958 καὶ
1297 3909 1636 3981 νομιζομένη
1667 3891 1944 3983 παρελεύ-

358 3993 510 4035 σεται
567 3983 762 4040 θᾶττον
809 3989 1136 4058 ἀπόλαυσις,
1177 3995 1387 4069 ἔρημόν
1435 4017 1499 4054 σε
1559 4003 1944 4060 καταλιποῦσα

358 4071 542 4145 πάσης
606 4077 975 4154 νομιζομένης
1023 4085 1226 4156 ἡδονῆς
1274 4091 1378 4161 τῆς
1431 4094 1491 4146 ὲν
1521 4095 1633 4158 τοϊς
1667 4097 1948 4162 ἐνυπνίοις

1962 2829 2010 2890 C

2033 1898 2202 1953 animi
2236 1897 2314 1952 tui
2360 1897 2530 1954 novit.
2571 1895 2708 1954 Nam
2751 1899 2874 1955 hoc-
2901 1899 3102 1956 diserte
3134 1900 3450 1972 significant
3495 1917 3620 1972 qua:

2034 1989 2300 2058 subjecit:
2337 2008 2358 2042 ι
2393 1987 2472 2046 Ne
2506 1988 2778 2046 irascatur
2810 1989 2956 2046 Deus
3001 2006 3168 2062 super
3210 2007 3400 2048 vocem
3439 2005 3617 2060 tuam,
3705 1994 3717 2002 ’

2032 2090 2088 2137 et
2113 2080 2395 2152 disperdat
2419 2095 2584 2152 opera
2617 2097 2880 2138 manuum
2918 2091 3158 2150 tuarum,
3205 2103 3224 2136 ι
3265 2095 3478 2156 segetes
3511 2084 3622 2140 sci-

2035 2175 2185 2239 licet,
2215 2175 2434 2240 domos,
2467 2173 2754 2238 viridaria,
2787 2175 2971 2230 vineta
3003 2175 3090 2230 vel
3117 2175 3370 2232 siccitate
3400 2177 3485 2232 vel
3512 2177 3620 2232 im-

2035 2266 2218 2322 brium
2246 2264 2404 2335 copia
2431 2263 2856 2333 superveniente
2886 2303 2902 2328 ,
2941 2275 3038 2320 aut
3066 2265 3256 2320 hostili
3287 2266 3472 2336 aliqua
3524 2281 3622 2321 va-

2033 2361 2270 2416 statione
2298 2367 2464 2428 atque
2483 2357 2658 2412 clade.
2686 2355 2779 2413 Sic
2805 2373 3045 2426 namque
3105 2345 3261 2414 lsaia:
3293 2373 3428 2415 voce
3479 2359 3623 2415 Deus

2037 2443 2276 2506 universi
2295 2448 2534 2504 eﬂ'atur:
2577 2467 2596 2502 ι
2639 2447 2700 2504 Si
2747 2449 3036 2506 volueritis
3077 2458 3134 2506 et
3175 2451 3468 2508 audieritis
3513 2467 3620 2516 me,

2037 2545 2179 2600 bona
2228 2551 2388 2598 terra:
2438 2541 2774 2599 comedetis:
2812 2543 2899 2600 sin
2938 2558 3071 2598 vero
3104 2543 3394 2600 nolueritis
3444 2559 3625 2616 neque

2035 2633 2322 2690 audieritis
2353 2634 2460 2699 me,
2491 2631 2708 2702 gladius
2731 2646 2830 2688 vos
2859 2631 3147 2688 devorabit
3168 2633 3234 2703 ίξ.
3279 2653 3298 2686 ι

2110 2895 2390 2955 Obscenas
2407 2905 2590 2954 autem
2623 2898 2868 2955 actiones
2903 2907 2959 2954 et
2993 2898 3210 2954 letltalia
3245 2912 3309 2954 ac
3339 2897 3506 2955 vetita
3538 2899 3625 2954 vi-

2040 3002 2228 3045 rorum
2258 3005 2384 3044 cum
2412 2987 2634 3045 feminis
2665 2988 3020 3054 commercia,
3069 2989 3518 3060 voluptariosqne
3555 2990 3624 3045 ad

2041 3080 2506 3140 confabulandum
2527 3096 2858 3152 congressus
2877 3083 3224 3136 somniorum
3247 3092 3304 3136 et
3319 3083 3623 3136 vanitatum

2041 3177 2283 3232 examini
2317 3175 2660 3246 comparavit
2686 3175 2908 3244 sapiens
2943 3172 3326 3240 Ecclesiastes,
3356 3188 3481 3229 cum
3515 3174 3622 3228 ait:

2049 3286 2068 3320 ι
2099 3265 2239 3337 Quia
2273 3267 2326 3320 in
2380 3263 2728 3320 multitudine
2767 3265 3108 3319 somniorum
3151 3271 3205 3318 et
3243 3263 3547 3318 vanitatum
3573 3273 3627 3317 et

2042 3361 2334 3414 verborum
2367 3357 2764 3425 plurimorum:
2799 3373 2818 3406 ι
2843 3355 2893 3409 id
2917 3363 3023 3418 est,
3049 3355 3226 3410 lnstar
3255 3355 3624 3420 somniorum,

2044 3467 2167 3522 qua:
2195 3466 2290 3520 per
2315 3458 2533 3504 noctem
2567 3449 2822 3503 visuntur
2870 3446 3056 3502 inania
3111 3446 3272 3516 plane
3333 3455 3389 3500 et
3440 3461 3624 3500 rerum

2045 3543 2292 3599 omnium
2354 3538 2545 3607 vacua,
2577 3549 2631 3594 et
2663 3540 2966 3594 vanitatnm
3025 3547 3372 3600 caateraruxn,
3405 3551 3470 3591 ac
3501 3546 3626 3591 tuo-

2047 3651 2168 3688 rum
2203 3648 2424 3705 quoque
2462 3632 2780 3698 verborum,
2808 3646 2842 3686 ο
2871 3631 3140 3692 mortalis,
3193 3644 3318 3698 quae
3369 3629 3542 3682 multa
3575 3639 3629 3682 et

2046 3725 2246 3782 blanda
2279 3722 2507 3778 adhibes
2555 3719 2800 3790 turpium
2855 3719 3314 3776 commerciorum
3353 3727 3408 3773 et
3448 3719 3628 3774 vetitae
3723 3728 3746 3755 ’-

2048 3813 2467 3874 consuetudinis
2489 3825 2681 3872 causa,
2704 3809 2966 3880 quidquid
2987 3809 3167 3864 inesse
3195 3807 3496 3878 voluptatis
3529 3806 3628 3862 tibi

2049 3910 2284 3971 videtur,
2319 3913 2490 3960 totum
2531 3901 2782 3958 celeriter
2822 3899 3142 3970 praeteribit,
3179 3909 3338 3970 teque
3387 3899 3626 3966 deseret,

2049 4001 2198 4057 omni
2221 3997 2486 4070 138illa
2502 3995 2781 4076 voluptate
2800 3999 3101 4071 carentem,
3117 4006 3282 4060 quam
3300 3989 3631 4046 somniando
3666 4065 3672 4070 ι

2051 4103 2406 4160 conceperas,
2436 4084 2492 4143 et
2519 4098 2704 4142 veram
2739 4081 2988 4154 putabas.
3051 4081 3228 4137 Simul
3265 4081 3414 4136 enim
3467 4090 3632 4150 atque

359 4180 451 4262 σοι
473 4171 899 4253 φαντασθείσης.
923 4175 1076 4246 Ἅμα
1115 4180 1226 4251 γὰρ
1251 4181 1328 4253 τῷ
1355 4187 1646 4254 γεγονέναι
1677 4191 1774 4244 καὶ
1797 4207 1940 4262 παρ-

2053 4192 2177 4240 nata
2205 4191 2307 4248 est,
2347 4178 2590 4244 evanuit,
2618 4184 2674 4232 et
2702 4189 2873 4228 unum
2913 4173 3170 4243 relinquit
3220 4173 3454 4237 crimen,
3485 4173 3632 4242 quod

358 4257 510 4329 ἦλθε,
542 4264 930 4322 καταλιποῦσα
979 4271 1149 4345 μόνην
1178 4275 1279 4345 τὴν
1333 4278 1615 4351 ἁμαρτίαν
1643 4257 1940 4338 ἐκκεντοὸ-

359 4363 463 4404 σαν
492 4352 584 4406 καὶ
641 4357 1114 4416 καταδαπανῶσαν
1157 4365 1257 4436 τὴν
1293 4366 1476 4441 ψυχήν
1529 4388 1624 4425 σου
1686 4376 1783 4427 καὶ
1839 4375 1942 4445 τὴν

359 4441 608 4512 καρδίαν,
632 4444 710 4510 ὡς
736 4447 1036 4520 μάχαιραν.
1063 4447 1199 4508 Εἶτά
1223 4460 1436 4526 φησινὸ
1463 4441 1907 4534 Ἐκκλησιαστήέ
1922 4479 1936 4493 ³

445 4645 587 4702 Ἐὰν
622 4653 1046 4722 συκοφαντίαν
1069 4655 1336 4725 πένητος
1375 4661 1475 4715 καί
1505 4662 1793 4735 ἁρπαγὴν
1823 4667 1950 4734 κρί-

357 4751 548 4806 ματος
586 4737 686 4793 καί
719 4739 1110 4813 δικαιοσύνης
1169 4747 1338 4816 εῑδῃς
1361 4751 1432 4804 ἐν
1475 4751 1658 4822 χώρᾳ,
1685 4755 1774 4824 μὴ
1805 4760 1950 4812 Gav-

2051 4277 2295 4332 animutn
2334 4280 2390 4327 et
2422 4285 2518 4326 cor
2551 4267 2713 4339 quasi
2755 4265 2941 4336 cuspis
2994 4273 3200 4338 pungat
3227 4275 3388 4336 atque
3415 4265 3632 4322 exedat.

2052 4365 2218 4420 Addit
2245 4359 2443 4418 deinde
2478 4357 2840 4414 Ecclesiastes
2875 4375 2889 4411 :

1916 4551 1944 4626 ς
1983 4550 2074 4606 IX.

2121 4657 2291 4714 Vsus.
2317 4656 2434 4712 7-9.
2457 4655 2516 4712 Si
2559 4653 2886 4708 calumniam
2940 4650 3189 4723 pauperis
3213 4661 3259 4704 et
3287 4649 3634 4720 direptionem

2040 4754 2241 4825 judicii
2268 4760 2316 4806 et
2335 4749 2567 4820 justitia:
2589 4745 2782 4801 videris
2813 4745 2870 4798 in
2903 4743 3132 4814 regione,
3158 4759 3222 4798 ne
3243 4741 3454 4794 mireris
3480 4757 3636 4808 super

357 4830 565 4902 μὰσῃς
591 4834 690 4888 ἐπὶ
718 4833 800 4902 τῷ
842 4837 1140 4910 πράγματι
1169 4857 1186 4874 ο
1214 4841 1306 4896 ὅτι
1328 4847 1576 4914 ὑψηλὸς
1599 4848 1805 4904 ἐπάνω
1835 4850 1940 4905 τοῦ

2051 4863 2112 4900 ea
2138 4861 2228 4900 re:
2253 4843 2379 4914 quia
2407 4838 2645 4896 excelsus
2681 4853 2839 4908 super
2875 4834 3142 4890 excelsum
3168 4831 3469 4888 custodiam
3501 4835 3636 4902 agit,

359 4923 617 4992 ὑψηλοῦ
646 4926 970 4998 φυλάσσῃ,
1013 4931 1115 4986 καί
1151 4935 1381 5002 ὑψηλοὶ
1419 4937 1516 4992 ἐπ’
1568 4941 1778 5008 αὐτοῖς
1805 4957 1821 4974 ο
1853 4943 1953 4996 καὶ

363 5014 686 5082 περίσσεια
710 5017 845 5089 γῆς.
887 5020 1016 5074 Ἐπὶ
1046 5022 1227 5078 παντὶ
1255 5027 1443 5095 αὐτός
1467 5028 1604 5086 ἐστι
1640 5032 1952 5101 ,βασιλεὺς

361 5107 442 5179 τῇ
474 5109 638 5181 χώρᾳ
663 5113 1046 5186 εἰργασμένῃ.

438 5223 484 5256 ¹⁶
514 5221 535 5276 1
563 5223 696 5294 Reg.
736 5240 800 5294 ll,
827 5227 882 5282 5.
961 5228 1002 5262 ιι
1034 5227 1142 5284 lsa.
1171 5246 1210 5296 I,
1249 5230 1338 5288 l9.

441 5314 554 5388 (i7)
593 5315 980 5395 lluc__revoca,
1033 5336 1158 5395 qua:
1209 5322 1466 5395 superius
1512 5323 1578 5378 ad
1607 5321 1635 5395 §
1661 5323 1714 5395 6,
1744 5323 1840 5380 lib.
1875 5340 1937 5386 tu

363 5385 512 5462 dicta
536 5385 692 5462 sunt.
727 5387 802 5462 De
825 5385 1109 5462 sententia:
1125 5385 1308 5446 autem
1340 5385 1794 5462 interpretatione
1819 5385 1954 5448 cono

365 5458 536 5536 sentit
571 5457 1018 5528 Olympiodorus.
1053 5461 1160 5536 sed
1191 5461 1288 5536 alii
1315 5463 1404 5536 illa
1434 5457 1616 5536 verba,
1645 5463 1709 5519 Ut
1735 5481 1953 5536 peccare

367 5527 540 5602 facias
587 5527 802 5602 carnem
858 5539 1030 5594 tuam,
1065 5533 1166 5596 sic,
1215 5531 1394 5602 inquit
1453 5533 1695 5590 lsidorus
1734 5527 1953 5592 Clarius

367 5597 506 5653 Civis
563 5613 742 5664 meus,
770 5599 1244 5674 interpretantur:
1284 5597 1309 5654 ἱ
1347 5601 1416 5658 Ut
1442 5619 1550 5658 non
1581 5605 1761 5660 solum
1790 5611 1954 5674 super

371 5678 672 5744 te_,_vcrum
701 5679 790 5744 _et_
808 5687 972 5741 super
1007 5673 1150 5728 filios
1205 5681 1350 5742 tuos,
1369 5674 1476 5744 qui
1509 5684 1639 5730 sunt
1675 5686 1766 5730 tua
1799 5673 1948 5743 caro,

374 5737 642 5796 ultionem
682 5737 924 5798 divinam
981 5755 1273 5814 provoces.
1313 5737 1344 5798 ι’
1363 5737 1486 5816 Ipse
1511 5745 1619 5804 hoc
1650 5746 1811 5804 modo
1858 5737 1997 5806 exi»

2049 4953 2099 4996 et
2125 4939 2317 4996 excelsi
2351 4953 2508 5008 super
2533 4950 2656 4990 eos:
2683 4943 2734 4988 et
2757 4932 3073 5004 praestantia
3097 4941 3272 4986 terrm.
3297 4927 3470 5000 Super
3487 4943 3638 4982 omne

2051 5033 2165 5102 ipse
2192 5039 2270 5086 est
2296 5044 2389 5086 rex
2413 5027 2612 5098 regioni
2637 5025 2798 5082 cultte
2827 5022 2962 5096 (18).

2055 5323 2256 5448 plilcat:
2290 5320 2449 5386 Cave,
2481 5337 2542 5374 ne
2563 5318 2759 5390 lingua:
2780 5320 3014 5392 {utilitas
3037 5332 3206 5378 totum
3227 5333 3277 5379 te
3301 5333 3519 5394 peccato
3553 5324 3639 5380 in-

2055 5411 2110 5448 vo
2139 5405 2246 5448 unt.

2049 5405 2246 5450 uolunt.

2124 5465 2238 5534 (i8)
2281 5461 2436 5536 Apud
2500 5461 2638 5518 LXX
2695 5464 2998 5536 legimus...
3051 5462 3158 5518 Τοῦ
3192 5464 3427 5536 ,ὑψηλοῦ
3463 5464 3644 5536 φυλά-

2054 5533 2211 5607 ξαι...
2242 5545 2295 5586 et
2322 5535 2434 5607 luti.
2465 5537 2752 5607 περίσσεια
2782 5535 2886 5607 γῆς
2921 5536 3016 5588 ἐπὶ
3036 5535 3200 5590 παντί
3233 5533 3352 5589 ἐστι
3386 5533 3645 5607 βασιλεὺς

2052 5605 2149 5678 τοῦ
2175 5601 2351 5675 ἀγροῦ
2370 5601 2775 5678 ,εἰργάσμέννοω
2796 5601 3024 5678 ξυινςηρ.
3066 5607 3288 5661 Ἐπάνω
3313 5601 3521 5678 ὑψηλοῦ
3545 5621 3646 5678 φυτ
3725 5638 3729 5644 -

2053 5674 2319 5748 λάσσει...
2353 5674 2556 5730 Athan.
2581 5677 2636 5733 in
2670 5677 2829 5748 Apol.
2865 5676 2933 5734 ad
2968 5674 3259 5736 Constant.
3294 5674 3421 5734 rm
3449 5675 3644 5748 ὑψηλοὶ
3737 5737 3743 5742 ,

2055 5747 2142 5801 ἐπ’
2173 5746 2363 5817 αὐτῆς.
