4036 6460
432 317 537 379 950

1544 309 1604 370 S.
1648 303 2026 368 GREGORII
2063 303 2573 364 AGRIGENTIN‘I

3641 303 3741 366 9ῗὶ

434 435 620 482 eunte
650 423 784 488 vita,
833 419 1026 478 eodem
1091 420 1252 490 plane
1307 417 1471 473 modo
1503 417 1637 472 nihil
1695 417 1923 471 omnino
1972 417 2023 468 in

2150 413 2210 476 ;ίς
2247 412 2338 465 τὸν
2367 413 2503 483 βίον,
2556 413 2651 466 καὶ
2683 413 2890 485 γυμνὸς
2923 413 3122 480 ἔξεισιν
3164 414 3232 470 ὲκ
3260 415 3354 470 τοῦ
3399 413 3564 484 βίου,
3604 419 3747 470 κατὰ

437 531 602 573 manu
666 529 766 570 sua
823 511 1094 575 ferentes,
1147 525 1328 581 neque
1385 524 1508 564 cum
1569 508 1804 578 primum
1853 509 2028 562 lucem

316 680 324 688 ‘
438 607 730 678 aspiciunt,
758 619 934 674 neque
961 617 1086 658 cum
1116 617 1184 656 ex
1211 602 1314 658 hac
1341 597 1450 657 vita
1481 601 1770 657 decedunt.
1791 599 1948 666 Quod
1979 606 2034 654 et

440 702 613 755 multo
667 697 818 767 prius
865 695 1104 750 asseruit
1151 691 1348 758 Johns,
1402 707 1638 763 magnus
1672 691 1762 746 ille
1813 689 2032 760 pietatis

441 791 640 848 athleta
683 789 817 861 (29),
847 801 972 842 cum
1025 787 1144 841 ait:
1194 803 1212 838 ι
1250 783 1438 840 Nudus
1486 799 1748 854 egressus
1791 798 1916 838 sum
1967 798 2033 836 ex

444 893 600 938 utero
623 879 818 939 matris
849 891 1003 944 meae,
1047 877 1230 932 nudus
1265 875 1480 931 scilicet
1516 883 1572 928 et
1613 883 1856 929 revertar
1895 872 2026 944 (50).
2051 903 2073 939 ι

443 971 591 1028 Nihil
630 971 774 1024 enim
815 969 884 1024 ab
917 969 1022 1023 hoc
1057 967 1312 1023 dissentit
1345 975 1438 1020 aut
1484 965 1760 1036 discrepat
1814 967 2035 1034 sapiens

446 1061 824 1127 Ecclesiastes,
857 1061 954 1130 qui
1001 1067 1057 1114 et
1113 1059 1453 1114 nativitatem
1492 1073 1522 1112 a
1587 1065 1778 1112 ventre
1841 1055 2036 1110 matris

448 1152 650 1206 nudam
687 1157 1063 1220 repraesentat,
1101 1159 1158 1204 et
1207 1149 1443 1204 reditum
1478 1159 1766 1218 cognatam
1806 1146 1873 1200 ad
1923 1144 2038 1200 ter-4

449 1257 566 1298 ram
643 1242 1049 1311 transitumque
1112 1255 1323 1310 parem.
1396 1239 1551 1306 Quod
1618 1250 1799 1295 autem
1869 1239 2039 1294 addat

455 1351 472 1384 ι
497 1329 972 1398 Quemadmodum
997 1329 1168 1396 venit,
1192 1349 1211 1382 ι
1245 1331 1504 1398 ostendit,
1530 1331 1856 1386 sententiam
1880 1345 2035 1384 suam

451 1435 594 1486 esse,
624 1434 736 1476 non
772 1421 1016 1475 omnium
1051 1405 1360 1474 hominum.
1382 1419 1588 1474 nudum
1615 1434 1738 1474 esse
1780 1419 2034 1485 reditum,

453 1521 508 1565 at
537 1525 730 1566 eorum
769 1519 1003 1574 tantum,
1033 1510 1126 1580 qui
1161 1511 1551 1566 misericordiae
1583 1509 1739 1582 147
1785 1520 2039 1580 expertes

456 1615 620 1672 atque
641 1603 884 1658 avaritia:
906 1603 1088 1669 dediti,
1119 1616 1299 1674 neque
1330 1619 1627 1674 pauperum
1661 1603 1900 1673 inopiam
1929 1603 2038 1657 ulla

459 1695 746 1765 largitione
780 1694 1100 1760 levaverint,
1128 1710 1306 1764 neque
1336 1695 1649 1766 peregrinos
1681 1695 1916 1764 hospitio
1947 1710 2038 1750 ac-

347 1779 350 1784 ’
460 1783 721 1852 erret-int,
777 1799 956 1855 neque
1005 1793 1323 1840 sanctorum
1373 1785 1790 1841 necessitatibus
1841 1795 2038 1855 praesto
2070 1762 2110 1816 Β

462 1876 682 1941 fuerint,
717 1893 893 1948 neque
933 1877 1158 1933 omnino
1190 1893 1518 1948 quemquam
1551 1878 1822 1948 abjectum
1851 1893 1913 1930 ac
1943 1877 2044 1930 mi-

460 1984 640 2023 serum
670 1969 781 2024 ullo
837 1971 914 2025 vel
977 1970 1335 2026 humanitatis
1383 1970 1466 2024 vel
1522 1969 1808 2024 charitatis
1862 1967 2041 2023 olIicio

455 2062 728 2130 juverint;
776 2061 830 2115 in
877 2062 1207 2132 reponendis
1241 2071 1422 2118 autem
1463 2061 1680 2132 opibus,
1721 2075 1859 2132 quas
1905 2075 2044 2115 con-

459 2161 728 2220 gererent,
773 2155 872 2209 toti
906 2153 1128 2220 fuerint,
1161 2164 1218 2210 et
1248 2155 1302 2210 in
1354 2156 1422 2210 iis
1459 2154 1722 2226 augendis
1752 2169 1816 2209 ac
1846 2169 2042 2209 cumu-

463 2244 646 2299 landis
677 2259 900 2316 pravam
941 2247 1105 2302 simul
1137 2248 1192 2302 in
1223 2263 1283 2302 se
1317 2247 1452 2317 ipsis
1488 2247 1834 2312 cupiditatem
1870 2261 2045 2300 auxe-

465 2339 572 2392 rint
597 2353 660 2392 ac
685 2339 1040 2394 cumularint.
1067 2337 1238 2408 Hujus
1269 2339 1346 2394 rei
1371 2352 1500 2408 ergo
1529 2338 1606 2392 ait
1631 2357 1642 2390 :
1677 2357 1692 2387 ι
1728 2336 1832 2392 Sed
1861 2345 1916 2392 et
1944 2336 2048 2390 hoc

469 2427 698 2496 languor
728 2427 1026 2498 pessimus.
1069 2445 1087 2480 ι
1125 2425 1326 2494 Quidni
1358 2427 1503 2482 enim
1537 2427 1640 2482 iste
1677 2427 1892 2481 consilii
1923 2425 2046 2481 talis

466 2528 518 2570 et
546 2519 840 2574 voluntatis
875 2519 1146 2590 pessimus
1200 2518 1361 2589 quasi
1397 2517 1626 2573 morbus
1654 2517 1763 2572 sit?
1795 2518 1930 2572 Cum
1963 2527 2047 2572 to-

468 2619 580 2662 tum
638 2608 760 2662 vitae
823 2624 937 2664 sua:
988 2611 1226 2680 spatium
1295 2608 1685 2675 immutabiles,
1744 2609 2048 2662 inhumano

467 2716 682 2770 semper
704 2711 867 2768 atque
891 2702 1319 2759 immisericordi
1345 2702 1529 2756 animo
1551 2699 1774 2756 fuerint.
1803 2701 1874 2757 Ut
1901 2701 2046 2754 enim

469 2793 562 2861 qui
597 2801 709 2869 toto
744 2795 866 2849 vitae
893 2811 1006 2850 suae
1039 2804 1288 2865 tempore
1331 2793 1468 2848 febri
1498 2801 1784 2863 correptus
1817 2802 1923 2856 est,
1955 2801 2050 2846 aut

473 2899 661 2936 retmm
697 2885 829 2938 vitio
860 2886 942 2938 vel
975 2885 1173 2956 pedum
1205 2886 1400 2940 morbo
1426 2883 1658 2949 laborat,
1699 2885 1937 2953 pessima
1971 2883 2049 2938 uti

474 2974 782 3030 valetudine
827 2976 1048 3040 dicitur,
1087 2976 1234 3047 quod
1267 2975 1434 3030 vitam
1470 2990 1628 3031 suam
1669 2975 1814 3030 inter
1854 2989 2048 3044 perpe-

2129 501 2200 556 τά
2246 503 2388 557 αύτά
2432 503 2525 557 καὶ
2569 503 2835 570 ὡσαύτως
2881 504 3050 574 μηδὲν
3094 505 3519 577 ἐπιφερόμενος
3574 505 3638 556 ἒν
3685 509 3750 576 τῇ

2129 593 2277 665 χειρὶ
2307 593 2474 648 αὑτοῦ
2501 595 2564 648 τὸ
2590 596 2882 668 παράπαν,
2924 597 3061 668 μήτε
3095 597 3217 652 καθ’
3251 598 3308 652 ὃν
3336 584 3562 668 καιρὸν
3597 599 3749 666 ἆγεν.

2129 687 2292 757 νήθη,
2347 686 2486 758 μήτε
2521 685 2628 759 μὴν
2675 687 2759 741 ἔτι
2802 689 2927 743 καθ’
2969 687 3028 743 ὃν
3081 688 3249 755 ἔξεισι
3293 689 3404 761 τῆς
3448 689 3753 760 παρούσης

2131 775 2300 850 ζωῆς.
2350 779 2529 852 Ὅπερ
2575 779 2808 850 ἔμπεδοί
2852 782 2947 836 καὶ
2986 781 3165 854 πολλῷ
3212 781 3415 855 πρώην
3473 783 3508 835 ὁ
3569 781 3758 853 μέγας

2131 869 2375 944 ἀθλητὴς
2403 871 2506 943 τῆς
2545 872 2834 937 εύσεὸείας
2878 871 3000 928 Ἰὼό
3027 873 3222 942 λέγω),
3263 894 3282 928 ι
3316 873 3562 947 Γυμνδς
3593 874 3758 944 ὲξῆλ‹

2133 961 2227 1016 θον
2277 964 2342 1016 ὲκ
2387 963 2603 1027 κοιλίας
2651 964 2861 1036 μητρός
2915 979 3042 1035 μου,
3092 964 3334 1036 δηλονότι
3380 965 3622 1037 γυμνὸς
3661 969 3757 1021 καὶ

2133 1055 2533 1127 ἀπελεύσομαι.
2573 1073 2592 1106 ι
2630 1053 2822 1126 Τούτῳ
2868 1056 2978 1128 γάρ
3031 1059 3255 1128 συνῳδεϊ
3280 1060 3377 1112 καὶ
3417 1056 3756 1129 συμφώνως

2135 1147 2231 1200 καὶ
2261 1148 2290 1200 ό
2339 1147 2502 1216 σοφὸς
2543 1147 3003 1220 Ἐκκλησιαστὴς,
3049 1149 3145 1203 καὶ
3192 1149 3294 1220 τὴν
3337 1148 3464 1204 ἀπὸ
3503 1150 3758 1221 γαστρὸς

2137 1235 2346 1308 μητρὸς
2371 1237 2627 1310 γέννησιν
2656 1239 3034 1310 παρεμφαίνει
3063 1239 3301 1312 γυμνὴν,
3331 1240 3438 1294 καὶ
3469 1238 3586 1311 τὴν
3618 1241 3758 1310 πρὸς

2133 1328 2235 1400 τὴν
2281 1330 2522 1401 συγγενῆ
2567 1329 2671 1400 γῆν
2723 1329 3066 1402 ἐπιστροφὴν
3111 1330 3210 1385 καὶ
3243 1331 3512 1402 πορείαν.
3583 1330 3655 1384 Ὃ
3699 1329 3756 1385 δέ

2137 1437 2324 1490 φησιν,
2383 1439 2402 1473 ι
2461 1421 2548 1485 Ὠς
2591 1422 2738 1492 εἰκῆ,
2798 1441 2817 1474 ι
2873 1422 3228 1494 παρίστησιν,
3280 1423 3355 1486 ὡς
3415 1422 3562 1492 οὐχὶ
3621 1422 3756 1492 περὶ

2136 1512 2339 1576 παντὸς
2370 1511 2662 1584 ἀνθρώπου
2678 1512 2778 1583 τὴν
2794 1513 2931 1582 πρὸς
2958 1513 3055 1586 τὴν
3082 1514 3185 1584 γῆν
3207 1514 3576 1585 ἐπιστροφὴν
3601 1527 3754 1581 γινο-

2139 1603 2308 1676 μένην
2337 1605 2642 1674 εἰσηγεῖται
2659 1621 2730 1674 γυ
2739 1605 2896 1676 μνην,
2915 1605 3050 1660 ἀλλά
3068 1621 3135 1658 πε
3143 1603 3197 1675 ρὶ
3216 1604 3322 1658 τῶν
3345 1603 3566 1673 ἀνελεη
3577 1605 3756 1674 μόνων

2136 1695 2236 1750 καὶ
2270 1695 2550 1764 φειδωλῶν
2569 1695 2844 1768 μηδεμίαν
2870 1697 3158 1766 μετάδοσιν
3180 1695 3598 1766 ποιησαμένων
3623 1694 3757 1766 πρὸς

2140 1789 2268 1851 τοὺς
2296 1785 2494 1852 ἐνδεεῖς
2520 1787 2614 1841 καὶ
2639 1789 2916 1860 πτωχοὺς,
2947 1789 3084 1860 μήτε
3122 1788 3228 1859 μὴν
3259 1788 3755 1859 ξενοδοχησάντων

2138 1876 2270 1940 τοὺς
2293 1875 2774 1948 ἐπιξενουμένους,
2825 1878 2964 1948 μήτε
2993 1877 3102 1930 τῶν
3133 1876 3306 1944 ἁγίων
3346 1879 3488 1940 ταῖς
3535 1876 3756 1947 χρείαις

2142 1968 2615 2039 κοινωνησάντων,
2655 1970 2796 2042 μήτε
2846 1967 2954 2040 μὴν
2982 1968 3122 2032 ὅλως
3171 1968 3335 2040 ἔργον
3380 1966 3754 2038 ἐπιδειξαμέ-

2141 2074 2250 2112 νων
2305 2057 2722 2130 φιλανθρωπίας
2775 2058 2869 2114 mi.
2917 2057 3262 2130 συμπαθείας
3312 2060 3394 2122 είς
3462 2057 3610 2120 τοὺς
3654 2057 3754 2111 ἀπ-

2143 2149 2548 2220 εστερημένους
2599 2149 2938 2219 ἀναγκαίων,
2969 2149 3104 2203 ἀλλά
3142 2149 3302 2221 μόνον
3347 2148 3752 2220 ἀποθησαυρι-

2143 2242 2347 2308 ξόντων
2376 2243 2468 2296 τὸν
2503 2244 2870 2312 συναγόμενον
2901 2243 3157 2308 πλοῦτον,
3207 2243 3301 2297 καὶ
3327 2242 3437 2314 τὴν
3496 2237 3753 2311 προσθή-

2147 2353 2252 2403 κην
2284 2336 2450 2390 αὐτοῦ
2485 2337 2582 2390 καὶ
2629 2335 2726 2406 τὴν
2774 2335 3008 2406 αὔξησιν
3059 2335 3460 2406 ποιησαμένων
3518 2330 3749 2402 αὔξησιν

2145 2427 2243 2480 καὶ
2300 2427 2620 2498 προσθήκην
2674 2426 2916 2496 ἐφέσεως
2975 2427 3240 2496 πονηρᾶς.
3302 2420 3528 2479 Τούτου
3594 2425 3752 2494 χάριν

2150 2518 2306 2588 φησὶ,
2347 2536 2366 2570 ι
2408 2519 2518 2573 Καί
2549 2535 2614 2588 γε
2642 2518 2802 2572 τοῦτο
2829 2519 3044 2590 πονηρά
3073 2519 3376 2593 ἀρρωστία.
3417 2536 3440 2570 ι
3479 2517 3605 2572 Καὶ
3639 2515 3752 2580 πῶς

2145 2609 2256 2680 γὰρ
2285 2609 2405 2681 οὐχὶ
2431 2609 2644 2681 πονηρὰ
2671 2610 2774 2680 τῆς
2801 2609 3062 2680 τοιαύτης
3091 2608 3385 2672 διαθέσεως
3414 2609 3526 2662 καὶ
3557 2622 3754 2676 προαι-

2150 2701 2354 2772 ρέσεως
2393 2702 2426 2771 ἡ
2461 2701 2618 2765 νόσος
2654 2702 2842 2769 ὲστίν;
2883 2699 3004 2754 Ἐπ’
3051 2701 3119 2756 ἂν
3159 2701 3250 2755 τὸν
3283 2699 3521 2754 ἅπαντα
3553 2699 3747 2770 χρόνον

2146 2795 2247 2866 τῆς
2283 2793 2432 2864 ζωῆς
2477 2793 2660 2848 αὐτῶν
2693 2793 3062 2865 ἀμετάϐλητοι
3111 2790 3394 2862 γεγόνασι·
3419 2789 3536 2861 τῆς
3577 2790 3748 2843 ἀπαν-

2150 2883 2371 2956 θρώπου
2403 2885 2499 2938 καὶ
2522 2885 2801 2948 παντελῶς
2830 2884 3193 2955 ἀνελεήμονος
3219 2881 3477 2952 γνώμης.
3527 2882 3622 2945 Ὧς
3645 2881 3744 2950 γὰρ

2147 2980 2176 3032 ό
2207 2977 2285 3048 τῷ
2323 2978 2486 3032 παντὶ
2530 2977 2710 3048 χρόνῳ
2755 2977 2854 3048 τῆς
2895 2975 3032 3039 ιδίας
3063 2974 3210 3048 ζωῆς
3256 2971 3492 3046 πυρετῷ
3532 2970 3747 3041 συνεχό-

475 3075 601 3120 tuos
642 3065 861 3122 dolores
907 3067 1271 3138 assiduosque
1315 3069 1597 3123 cruciatus
1635 3067 1922 3128 absumat;
1969 3064 2050 3121 sic

2154 3070 2376 3142 μενοςῆ
2417 3068 2663 3142 νεφρικῷ
2711 3069 2744 3139 ἢ
2792 3066 3116 3140 ποδαγρικῷ
3147 3066 3446 3138 νοσήματι,
3499 3063 3742 3136 πονηρὰν

476 3157 648 3211 multo
683 3157 857 3228 magis
890 3159 984 3228 qui
1028 3159 1336 3214 voluntario
1373 3157 1544 3214 animi
1587 3158 1781 3213 morbo
1826 3156 2051 3212 aﬂ‘ectus

476 3246 660 3312 fuerit,
691 3263 990 3320 curamque
1023 3251 1226 3306 nullam
1258 3249 1580 3319 susceperit,
1613 3256 1695 3312 ut,
1722 3247 2054 3318 comparatis

476 3339 582 3394 sibi
607 3339 661 3394 in
693 3340 835 3395 caelo
866 3340 1136 3396 thesauris
1169 3340 1409 3404 πιστοῖς,
1437 3339 1581 3394 viam
1621 3339 1726 3394 sibi
1779 3339 1845 3394 ad
1876 3338 2052 3394 bono-

478 3449 599 3500 rum
658 3418 1042 3502 perpetuorum
1099 3433 1414 3489 beatitatem
1487 3432 1762 3496 muniret,
1818 3431 2056 3502 pessimo

480 3523 640 3592 plane
670 3523 862 3579 morbo
887 3523 1168 3580 laborasse
1198 3525 1619 3580 existimabitur.
1649 3523 1786 3578 Nam
1818 3524 1908 3580 ille
1935 3525 2058 3596 qui-

481 3615 626 3677 dem,
663 3614 754 3682 qui
801 3629 1032 3683 corpore
1075 3630 1220 3686 aeger
1249 3615 1340 3682 sit,
1390 3616 1658 3685 siquidem
1691 3631 1777 3679 ea,
1814 3631 1920 3686 qua
1959 3631 2059 3686 par

480 3712 585 3770 est,
613 3717 740 3773 erga
766 3705 931 3758 Deum
962 3703 1346 3758 universorum
1373 3705 1721 3758 observantia
1743 3704 2056 3774 languorem

483 3809 644 3850 suum
682 3793 1040 3864 morbumque
1069 3794 1276 3858 tulerit,
1309 3795 1556 3866 ingentes
1579 3795 1757 3864 capiet
1785 3795 2064 3852 molestia-

485 3901 604 3940 rum
646 3901 869 3940 suarum
905 3885 1184 3954 multoque
1215 3886 1508 3955 ampliores
1545 3887 2059 3943 remunerationes:

488 3997 509 4030 σ
542 3974 658 4031 Νοιι
687 3977 836 4032 enim
869 3986 996 4032 sunt
1027 3979 1310 4045 condignae
1343 3977 1624 4047 passiones
1658 3977 1820 4048 hujus
1848 3987 2062 4048 tempo-

488 4069 565 4123 ris
605 4069 671 4122 ad
728 4067 964 4123 futuram
999 4069 1250 4138 gloriam,
1303 4083 1426 4140 quae
1461 4069 1528 4125 iis
1573 4069 1906 4124 revelabitur
1936 4073 2004 4136 ³³,
2037 4087 2063 4124 ι’

485 4159 580 4227 qui
610 4159 980 4215 toleraverunt
1008 4160 1098 4214 hic
1141 4171 1333 4215 aestum
1365 4159 1475 4214 diei
1521 4169 1576 4214 et
1603 4161 1833 4231 glaciem
1869 4163 2062 4217 noctis.

487 4251 660 4306 Porro
691 4260 750 4305 ut
784 4251 850 4314 is.
879 4251 971 4322 Qui
1001 4251 1261 4320 languore
1286 4251 1592 4306 voluntario
1617 4266 1912 4320 oppressus
1945 4252 2064 4307 fue-

491 4343 582 4408 rit,
607 4341 905 4412 pessimum
942 4343 1197 4397 habuisse
1241 4343 1492 4397 morbum
1521 4341 1759 4410 dicitur;
1787 4343 1867 4398 sic
1896 4345 2067 4400 multo

494 4433 668 4504 magis
697 4448 888 4504 [Menas
916 4442 971 4489 et
999 4433 1262 4506 supplicia
1292 4433 1531 4488 inveniet
1559 4433 1764 4504 pejora.

2152 3163 2372 3232 λέγεται
2419 3161 2652 3216 διελθεῖν
2699 3159 2880 3226 νόσον,
2934 3159 3012 3223 ὡς
3063 3161 3122 3213 ὲν
3165 3156 3462 3228 ἀλγηδόσιν
3514 3156 3611 3211 ἀεὶ
3658 3154 3745 3208 καὶ

2153 3251 2462 3324 διηνεκέσιν
2523 3251 2740 3315 ὀδύναις
2795 3250 2887 3306 τὸν
2940 3248 3075 3303 ῐδιον
3135 3247 3250 3318 βίον
3305 3244 3740 3308 καταναλώσας·

2154 3342 2302 3399 οὕτω
2353 3341 2536 3414 πολλῷ
2587 3341 2791 3412 μᾶλλον
2835 3341 2864 3395 ό
2906 3339 3009 3411 τὴν
3057 3338 3373 3413 ἀρρωστίαν
3402 3337 3516 3406 τῆς
3573 3334 3746 3406 ψυχῆς

2156 3434 2498 3506 αὐθαιρέτως
2535 3435 2794 3504 νοσήσας,
2825 3432 2922 3488 καὶ
2963 3431 3038 3503 μὴ
3073 3431 3369 3502 φροντίσας
3401 3431 3468 3484 ὲν
3495 3427 3744 3498 οὐρανοῖς

2158 3513 2606 3596 ἀποθησαυρίσαι
2659 3521 2972 3594 θησαυροὺς
3018 3519 3269 3584 αἰωνίους
3316 3518 3462 3591 πρὸς
3499 3517 3602 3589 τὴν
3641 3514 3744 3568 τῶν

2158 3613 2394 3669 αἰωνίων
2425 3613 2650 3683 ἀγαθῶν
2679 3613 2986 3668 ἀπόλαυσιν
3014 3611 3396 3683 ἀτελεύτητον,
3424 3606 3742 3684 ἀρρωστίαν

2159 3707 2456 3778 ἐσχηκέναι
2505 3706 2972 3778 δοκιμασθήσεται
3027 3704 3293 3776 πονηράν.
3368 3704 3428 3757 Ὀ
3491 3703 3595 3774 μὲν
3643 3697 3742 3769 γὰρ

2163 3799 2494 3871 σωματικῶς
2525 3801 2910 3872 ἀρρωστήσας,
2960 3798 3058 3852 ἐὰν
3091 3797 3228 3870 μετά
3273 3796 3378 3867 τῆς
3421 3793 3744 3868 πρεπούσης

2163 3891 2515 3964 εὐχαριστίας
2540 3894 2640 3962 τῆς
2669 3890 2804 3964 πρὸς
2834 3893 2928 3946 τὸν
2956 3890 3051 3944 ἐπὶ
3075 3891 3298 3944 πάντων
3332 3889 3496 3953 Θεὸν,
3533 3882 3741 3940 ὕποίσει

2161 3986 2262 4054 τὴν
2292 3984 2605 4056 ἀρρωστίαν
2644 3985 2740 4038 καὶ
2783 3983 2960 4051 νόσον,
2999 3981 3245 4054 μεγάλας
3279 3979 3628 4061 ἀπολήψεται
3658 3975 3742 4028 καὶ

2165 4074 2600 4140 πολλαπλασίους
2627 4075 2737 4128 τῶν
2786 4075 2976 4129 κόπων
3002 4075 3104 4138 τάς
3136 4073 3394 4144 ἀμοισάς.
3447 4090 3470 4126 τ
3528 4071 3604 4123 (νύ
3643 4066 3740 4136 γὰρ

2165 4166 2294 4232 ἄξια
2333 4167 2402 4220 τὰ
2437 4167 2738 4238 παθήματα
2786 4165 2882 4220 τοῦ
2914 4165 3011 4219 νῦν
3045 4163 3242 4237 καιροῦ
3293 4163 3433 4234 πρὸς
3478 4161 3583 4248 εὴν
3627 4156 3742 4228 μέλι

2165 4258 2366 4312 λουσαν
2398 4259 2554 4323 δόξαν
2599 4258 3086 4312 ἀποκαλύπτεσθαι
3123 4277 3142 4310 ι
3177 4248 3738 4326 τοῖςὺπομεμενηκό*

2172 4366 2256 4402 σιν
2293 4349 2530 4402 ἐνταῦθα
2562 4350 2652 4404 τὸν
2683 4349 2939 4404 καύσωνα
2968 4349 3072 4420 τῆς
3105 4347 3320 4419 ἡμέρας
3363 4349 3462 4400 καὶ
3513 4345 3607 4398 τὸν
3645 4357 3740 4392 πα-

2101 4434 2142 4488 D
2169 4441 2328 4508 γετὸν
2361 4443 2464 4512 τῆς
2513 4441 2729 4504 νυκτός.
2775 4441 2833 4495 '0
2882 4441 2940 4494 δὲ
2983 4440 3084 4511 τὴν
3135 4439 3532 4510 προαιρετικὴν
3570 4435 3737 4506 appo-

494 4527 647 4584 στίαν
673 4529 926 4596 νοσήσας,
948 4524 1025 4588 ὡς
1051 4525 1294 4593 πονηρὰν
1315 4525 1606 4596 ἐσχηκέναι
1637 4523 1858 4594 λέγεται
1879 4528 2053 4596 νόσον,
2092 4527 2237 4584 οὕτω
2267 4530 2448 4603 πολλῷ
2513 4532 2717 4604 μᾶλλον
2752 4532 3126 4605 πονηροτέρας
3189 4532 3416 4604 εὑρήσει
3451 4531 3552 4594 τὰς
3593 4523 3742 4581 κοὶάφ

495 4638 610 4685 σεις
641 4621 736 4674 καὶ
767 4617 1063 4688 τιμωρίας.

572 4717 701 4784 Quae
724 4715 767 4768 si
790 4713 863 4768 ita
903 4720 1070 4769 sunt:
1112 4730 1132 4763 ι
1170 4712 1302 4779 ρυλε
1326 4709 1680 4777 abundantia,
1714 4711 1908 4782 inquit,
1941 4712 2069 4769 huic

572 4897 618 4930 "
647 4895 808 4950 Rom.
843 4911 962 4960 vm,
1001 4894 1083 4949 18.

575 5049 686 5116 (9.9)
725 5047 922 5104 Jobum
955 5046 1146 5102 Noster
1177 5047 1258 5116 sic
1298 5045 1610 5116 compellat,
1635 5053 1844 5116 meum
1883 5042 1948 5116 ad
1981 5057 2076 5116 ve-

506 5113 805 5174 tustissima
855 5131 1098 5186 tempora
1145 5115 1348 5172 referre
1385 5113 1652 5170 videatur.
1700 5115 1770 5170 Ut
1815 5113 1958 5167 enim
1991 5114 2080 5166 hic

510 5189 680 5244 multo
709 5197 834 5242 ante
857 5189 1224 5248 Salomonem,
1251 5187 1332 5240 sic
1361 5186 1523 5249 infra,
1560 5186 1662 5241 sub
1693 5186 1852 5238 linem
1889 5197 2080 5252 nempe

509 5261 632 5314 libri
665 5275 716 5314 ix
771 5268 896 5327 ante
940 5259 1118 5327 ipsum
1154 5256 1546 5327 Abraliamum'_
1576 5255 1806 5327 collocat
1834 5257 2081 5327 :‘quippe

511 5330 603 5398 qui
662 5338 784 5397 post
831 5323 1115 5398 Suedium
1151 5334 1450 5390 recenseat,
1501 5325 1662 5394 eique
1701 5323 2079 5398 Abrahamum

513 5393 821 5457 subuectat.
848 5396 1036 5466 Neque
1067 5396 1120 5449 id
1165 5404 1342 5448 tamen
1392 5393 1592 5448 novum
1646 5393 1941 5466 admodum
1990 5401 2086 5446 aut

514 5469 810 5522 absurdum
844 5487 856 5521 :
889 5463 1132 5536 plerique
1163 5467 1604 5536 enim'veterum,
1641 5473 1700 5518 ut
1738 5463 1936 5536 eruditi
1982 5477 2081 5536 no-g

518 5547 662 5601 runt,
696 5536 778 5589 vel
809 5531 1068 5605 mqnalem
1100 5551 1222 5588 cum
1255 5535 1685 5602 patriarcharum
1732 5532 1982 5605 faciunth
1999 5531 2080 5584 vel

693 5573 1075 5675 circaﬂbloysis
1106 5573 1316 5657 aelate'i’n
1361 5605 1564 5658 vixisse
1601 5614 1867 5659 censent:
1903 5573 2083 5670 itaque

517 5687 568 5732 et
618 5677 860 5729 θιιιιιὶιιιιι
911 5675 1175 5728 librorum
1229 5675 1612 5728 canonicorum
1648 5676 1878 5742 primum
1919 5683 2081 5742 quem

520 5751 588 5804 de
630 5762 696 5802 co
750 5745 1030 5810 habemus,
1085 5752 1392 5810 numerant,
1445 5755 1607 5814 atque
1650 5741 1680 5798 a
1731 5741 1918 5815 Moyse
1969 5743 2086 5812 ipso

2248 4711 2312 4766 El
2339 4710 2397 4765 δὲ
2424 4708 2598 4777 τοῦτο,
2643 4727 2662 4763 ι
2703 4709 2802 4774 Τίς
2850 4707 3160 4781 περίσσεια,
3210 4705 3369 4776 φησὶ,
3399 4704 3478 4776 τῷ
3523 4697 3737 4766 τοιούτῳ

2174 5045 2437 5118 scriptum
2487 5041 2836 5118 existimauit.
2859 5039 2963 5096 Sed
3009 5037 3308 5118 quiasnnt
3355 5036 3412 5118 in
3459 5051 3532 5118 eo
3581 5028 3733 5118 multa

2175 5109 2302 5186 quae
2321 5113 2630 5186 Salomonis
2658 5121 2712 5166 et
2737 5109 2934 5186 stylum
2960 5109 3264 5186 sapiant,et
3297 5109 3598 5186 sententias
3618 5109 3734 5186 im}:

2177 5165 2527 5250 Féhiu’F-fai.
2557 5165 2891 5251 hocipOtidus.
2939 5165 3219 5251 vel-etiam
3266 5178 3334 5232 ab
3365 5175 3500 5251 Isaia
3549 5181 3636 5226 aut
3673 5165 3731 5251 al}

2177 5237 2348 5311 altero
2379 5237 2708 5324 posterioris
2741 5237 2918 5324 aetatis
2949 5249 3214 5324 scriptore
3257 5246 3615 5324 compositum
3642 5237 3726 5324 alii

2179 5306 2534 5380 arbitrantur.
2562 5321 2830 5376 Caeterum
2859 5319 2910 5373 id
2937 5320 2983 5373 si
3013 5306 3224 5380 demus,
3253 5333 3359 5371 non
3385 5306 3604 5386 ideo.ad
3641 5306 3732 5360 Dn-

2179 5397 2320 5450 vidis
2356 5407 2530 5448 aevum
2577 5399 2673 5445 aut
2717 5390 2989 5462 posterius
3016 5390 3180 5462 etiam
3210 5386 3381 5462 Johns
3413 5385 3531 5462 ipse
3574 5387 3728 5462 τείνας

2186 5447 2400 5520 ίιόιιῖίιιε
2445 5463 2592 5517 erit:
2624 5447 2748 5516 cum
2805 5459 3017 5513 amatus
3065 5457 3176 5512 Deo
3217 5447 3453 5525 scriptor
3498 5450 3662 5508 facile.
3685 5447 3730 5522 ςι

2187 5539 2323 5592 citra
2369 5532 2571 5586 erroris
2603 5529 2902 5599 periculum
2943 5529 3027 5582 vel
3076 5526 3443 5598 antiquissimi
3493 5525 3728 5589 temporis

2189 5605 2474 5661 historiam
2503 5602 2742 5658 scribere
2775 5600 3024 5666 petuerit.

3050 5665 3406 5746 LXXdeges"
3533 5651 3727 5730 Μητρός

2197 5738 2318 5819 μου,
2343 5738 2548 5815 γυμνὸς
2575 5742 2669 5796 καὶ
2695 5738 3065 5810 ἀπελεύσομαι
3096 5739 3232 5792 ἐκεῖ.
3655 5751 3659 5756 τ
