4036 6392
326 503 431 570 961

1447 496 1530 562 ΙΝ
1585 495 2158 560 ECCLESIASTEN.
2199 521 2268 530 ·-
2301 494 2450 557 LIB.
2493 493 2562 554 V.

3487 493 3592 560 96?.

322 613 440 666 τῶν
471 610 709 682 μόχθων,
766 601 842 666 ὧν
897 609 1208 684 ὲμόχθησεν
1253 612 1332 678 είς
1385 611 1624 684 ἄνεμον;
1671 628 1691 664 ι
1741 609 1909 681 ἦγουν

2022 605 2372 670 ιιεὶιοιῑιιιιε,
2400 603 2603 674 quibus
2639 601 2850 657 laborat
2897 599 2952 654 in
2994 599 3254 655 ventum?
3299 619 3317 652 ι
3368 599 3593 657 Frustra

322 701 456 774 εἰκῆ
493 700 592 755 καὶ
625 700 824 769 μάτην.
872 701 1142 774 Καθάπερ
1173 701 1284 774 γάρ
1313 703 1341 756 ὀ
1369 702 1462 756 τὸν
1501 702 1641 774 ἀέρα
1675 700 1906 771 δέῤῥων,

320 795 441 848 stre
486 796 601 856 τοῖς
649 792 938 858 δακτύλοις
987 793 1242 866 κατέχειν
1285 793 1484 848 ἐθέλων
1530 793 1622 847 τὸν
1671 793 1908 865 ἄνεμον,

318 884 483 940 οὐδὲν
519 881 686 937 πλέον
727 881 959 954 εὕρηται
992 883 1154 956 δρῶν,
1191 884 1226 956 ἢ
1269 884 1470 949 κόπους
1511 885 1770 956 ματαίους
1814 883 1912 940 καὶ

319 973 619 1046 περιττούς
640 989 654 1005 ⁸
688 975 834 1029 οὕτω
867 976 962 1030 καὶ
999 975 1116 1031 τῶν
1143 975 1404 1030 τοιούτων
1441 977 1470 1029 ὀ
1513 975 1716 1046 μόχθος
1741 977 1913 1048 χωρὶς

316 1066 428 1136 τῆς
459 1064 723 1135 δαψιλοῦς
754 1065 1128 1141 ἐλεημοσύνης
1149 1066 1246 1121 καὶ
1271 1066 1371 1138 τῆς
1401 1065 1540 1138 πρὸς
1561 1067 1690 1132 τοὺς
1714 1065 1913 1130 ἐνδεεῖς

321 1159 429 1213 καὶ
465 1157 710 1229 πένητας
764 1159 1126 1230 μεταδόσεως,
1156 1161 1236 1226 είς
1267 1158 1472 1229 ἄνεμον
1504 1157 1734 1230 εὓρηται
1769 1158 1912 1226 γινό-

327 1268 493 1322 μενος
527 1251 846 1320 προφανῶς,
885 1249 983 1306 ἃτε
1009 1250 1072 1323 δὴ
1105 1251 1382 1306 κάνταῦθα
1417 1251 1570 1323 παρὰ
1619 1251 1796 1306 πάντα
1822 1250 1914 1304 τὸν

321 1343 540 1398 ἑαυτῶν
594 1342 710 1414 βίον
759 1344 1166 1415 κατειργμένην
1214 1343 1451 1415 ἐχόντων
1497 1346 1558 1400 ὲν
1602 1344 1785 1400 σκότει
1814 1343 1914 1414 τὴν

323 1434 471 1488 ἰδίαν
515 1435 722 1507 ψυχὴν,
753 1437 850 1489 καὶ
891 1437 979 1490 διὰ
1021 1435 1181 1491 τοῦτο
1224 1436 1301 1508 μὴ
1343 1437 1650 1508 δυναμένην
1682 1437 1915 1493 ἀποϐλέ-

319 1538 459 1581 πειν
486 1527 622 1599 πρὸς
668 1526 730 1582 τὸ
761 1526 877 1598 φῶς
908 1527 1006 1596 τῆς
1047 1527 1323 1600 σωτηρίας
1368 1529 1460 1581 καὶ
1486 1529 1586 1600 τῆς
1625 1527 1793 1598 ζωῆς,
1819 1527 1915 1581 καὶ

318 1619 479 1688 χόλῳ
512 1619 608 1672 καὶ
652 1615 854 1689 πικρίᾳ
899 1617 996 1672 καὶ
1025 1617 1212 1672 πένθει
1260 1618 1501 1690 διηνεκεῖ
1546 1619 1915 1690 συνεχομένην

318 1711 390 1762 ὲν
415 1709 482 1781 τῇ
511 1708 802 1777 ἀποτεύξει
829 1709 1063 1780 μάλιστα
1086 1709 1196 1765 τῶν
1221 1710 1368 1765 ἰδίων
1397 1711 1752 1782 καταθυμίων
1770 1725 1786 1742 ·
1812 1711 1915 1765 κάν

315 1801 397 1872 τῇ
435 1800 706 1878 μελλούσῃ
739 1801 853 1874 ζωῇ
895 1801 1418 1874 παραπεμπομένην
1453 1822 1472 1856 ι
1509 1806 1590 1868 είς
1620 1804 1683 1858 τὸ
1719 1803 1916 1870 ὲξώτε-

323 1909 427 1964 ρον
457 1892 652 1957 σκότος
699 1893 793 1950 καὶ
824 1893 886 1946 τὸ
917 1891 1027 1966 πῦρ
1068 1893 1131 1948 τὸ
1171 1892 1394 1950 αίώνιον
1423 1894 1484 1948 τὸ
1512 1895 1934 1970 ἡτοιμασμένον.

2013 714 2208 770 nempe
2253 711 2416 768 atque
2466 696 2722 752 inaniter.
2769 693 3242 762 Quemadmodum
3290 693 3436 748 enim
3499 695 3592 763 qui

2015 805 2196 847 aerem
2227 791 2500 854 verberat,
2530 786 2632 842 etsi
2665 794 2887 841 ventum
2919 783 3104 854 digitis
3131 784 3596 854 comprehendere

2013 883 2166 947 velit,
2199 881 2334 937 nihil
2355 878 2504 935 aliud
2531 885 2861 934 consecutus
2886 877 3159 942 videatur,
3181 891 3346 947 quam
3369 885 3428 931 ut
3445 875 3594 930 inani

2011 984 2067 1031 et
2091 985 2500 1044 supervacaneo
2539 970 2725 1025 labore
2749 969 3148 1034 delassaretur;
3172 969 3253 1023 sic
3278 978 3332 1024 et
3363 961 3592 1023 istorum

2014 1064 2315 1131 contentio,
2352 1077 2475 1134 qum
2504 1076 2630 1118 cum
2666 1059 2924 1116 muniﬁca
2967 1060 3346 1116 misericordia
3377 1067 3432 1115 et
3459 1075 3594 1130 pau-

2013 1173 2204 1230 perum
2246 1165 2412 1226 atque
2444 1155 2721 1225 egentium
2755 1153 3000 1209 subsidio
3027 1153 3322 1224 conjuncta
3361 1167 3468 1208 non
3500 1152 3594 1218 sit,

2014 1249 2309 1306 manifesto
2339 1250 2393 1303 in
2434 1256 2656 1304 ventum
2698 1254 2952 1316 suscepta
2994 1247 3596 1317 reperiatur:pra‘ser-

2015 1343 2114 1398 tim
2164 1358 2288 1397 cum
2345 1342 2434 1397 hic
2463 1355 2683 1412 quoque
2733 1349 2847 1395 toto
2903 1339 3029 1393 vita:
3079 1347 3323 1409 tempore
3349 1339 3594 1394 animum

2019 1435 2314 1491 habuerint
2362 1435 2416 1488 in
2451 1434 2690 1489 tenebris
2718 1433 2964 1488 clausum
3021 1431 3184 1504 148
3215 1439 3275 1488 ιιι
3303 1446 3476 1502 neque
3509 1445 3597 1487 sa-

2017 1527 2148 1582 lutis
2186 1527 2424 1596 vitatque
2472 1525 2655 1580 lumen
2685 1525 2930 1594 aspicere
2955 1531 3164 1594 posset,
3190 1529 3246 1578 et
3276 1523 3427 1577 rabie
3455 1521 3598 1578 assi-

2015 1621 2122 1676 dua
2149 1629 2204 1674 et
2229 1617 2549 1690 aegritudine
2570 1627 2626 1673 et
2657 1617 2844 1673 dolore
2869 1625 3236 1688 premeretur,
3269 1615 3337 1672 iis
3374 1615 3602 1686 potissi-

2016 1727 2188 1777 mum,
2224 1727 2346 1782 qua)
2379 1711 2826 1780 concupiverunt,
2875 1710 3104 1764 minime
3149 1709 3597 1776 succedentibus;

2019 1813 2132 1860 tum
2167 1819 2296 1860 vero
2325 1805 2378 1858 in
2408 1803 2586 1858 l'utura
2616 1803 2725 1857 vita
2766 1802 3246 1859 transmittendum
3280 1802 3458 1858 sciant
3489 1821 3508 1854 ι
3544 1801 3599 1855 in

2018 1897 2271 1952 tenebras
2297 1896 2596 1951 exteriores
2625 1905 2679 1950 et
2725 1895 2903 1965 ignem
2931 1903 3218 1962 aeternum,
3255 1895 3346 1964 qui
3375 1903 3602 1963 paratus

317 1985 409 2056 τῷ
457 1985 694 2056 διαϐόλῳ
738 1987 978 2052 καὶτοῖς
1030 1985 1284 2056 ἀγγέλοις
1326 1985 1516 2044 αὐτοῦ.
1555 2006 1576 2039 ι
1620 1988 1730 2042 Καὶ
1756 1987 1916 2042 τοῦτό

2022 2000 2094 2047 est
2129 1990 2346 2045 diabolo
2370 2000 2424 2043 et
2452 1989 2660 2053 angelis
2697 1990 2817 2058 ejus
2845 1989 2934 2044 ’⁸’.
2967 2007 2987 2041 ι
3014 1988 3190 2058 Atque
3221 1989 3327 2042 hoc
3356 1988 3602 2058 profecto

325 2079 480 2132 ἔστιν
506 2076 615 2152 ἄρα
643 2076 832 2148 σαφῶς
873 2077 902 2132 ὃ
947 2095 1134 2149 φησιν,
1171 2097 1191 2130 ι
1238 2071 1394 2133 Εἶδον
1419 2077 1655 2133 πλοῦτον
1685 2078 1792 2132 ὑπὸ
1819 2080 1912 2136 τὸν

325 2172 488 2242 ἥλιον
517 2171 926 2244 φυλασσόμενον
957 2171 1038 2234 είς
1069 2170 1316 2226 κάκωσιν
1349 2170 1444 2224 τοῦ
1495 2170 1848 2237 συνάξαντος.
1889 2191 1909 2224 ι

324 2265 562 2334 Νοητῶς
591 2264 649 2319 δὲ
675 2263 738 2318 τὸ
765 2258 948 2318 Εἷδον
973 2261 1318 2334 ὑποληπτέον
1339 2276 1352 2292 ⁸
1396 2261 1637 2333 δηλονότι
1667 2266 1780 2328 τοῖς
1799 2280 1916 2316 νοε-

333 2359 452 2428 ροῖς
496 2355 801 2429 ὀφθαλμοῖς
845 2353 941 2408 καὶ
989 2355 1056 2425 τῇ
1105 2351 1407 2424 καταλήψει
1439 2351 1550 2408 τῶν
1595 2353 1916 2421 γνωστικῶν

331 2447 618 2518 δυνάμεων
651 2445 752 2516 τῆς
779 2444 961 2518 ψυχῆς
979 2461 994 2476 ·
1027 2443 1330 2516 ὀφθαλμοῖς
1359 2443 1470 2515 γὰρ
1499 2443 1778 2514 αἰσθητοῖς
1820 2445 1919 2517 τὴν

337 2540 450 2593 ὑπὸ
479 2539 658 2593 πᾶσαν
692 2535 906 2608 τὴνῦφ⁹
931 2535 1086 2606 ἥλιον
1117 2533 1544 2606 πολιτευομένην
1575 2535 1792 2597 κακίαν,
1819 2536 1919 2606 οὐχ

331 2625 451 2684 οἶόν
478 2628 538 2683 τί
564 2631 710 2683 ἐστιν
746 2627 875 2680 ἰδεῖν
903 2623 1150 2680 ὁπωσοῦν
1171 2641 1186 2655 ο
1219 2618 1342 2678 εἷτὰ
1370 2629 1536 2696 φησιν
1557 2641 1572 2656 ο

2012 2092 2114 2148 εει,
2146 2082 2290 2153 quod
2324 2083 2399 2136 ait
2427 2099 2440 2134 :
2481 2101 2499 2133 ι
2537 2079 2664 2136 Vidi
2693 2081 2910 2135 divitias
2939 2081 3042 2136 sub
3073 2082 3187 2145 sole
3218 2081 3520 2137 custoditas
3545 2081 3600 2136 in

1991 2173 2131 2243 'ejus
2160 2174 2476 2243 perniciem,
2515 2173 2605 2241 qui
2641 2172 2838 2239 coegit.
2867 2191 2884 2224 ι
2920 2170 3014 2226 Est
3045 2182 3227 2226 autem
3259 2171 3413 2235 illud,
3457 2170 3600 2236 Vidi,

2013 2265 2081 2321 de
2107 2267 2305 2320 mentis
2333 2267 2544 2324 visione
2569 2264 3002 2334 intelligendum,
3027 2264 3142 2318 sive
3165 2265 3233 2324 de
3264 2264 3601 2335 spiritalibus

2014 2359 2190 2414 oculis
2211 2370 2264 2414 et
2287 2358 2800 2427 comprehensione,
2825 2373 2948 2427 quzc
2970 2357 3037 2412 ad
3061 2357 3258 2412 anima:
3280 2359 3388 2412 vim
3412 2356 3602 2427 cogni-

2024 2449 2337 2518 tionemque
2374 2451 2627 2520 pertinet.
2667 2449 2804 2503 Nam
2842 2449 3121 2518 corporeis
3150 2448 3370 2520 quidem
3401 2449 3600 2514 oculis,

2022 2556 2146 2610 quae
2184 2557 2277 2610 per
2307 2543 2620 2594 universam
2654 2549 2852 2594 terram
2883 2551 3153 2606 versatur,
3195 2540 3476 2594 hominum
3507 2554 3604 2595 ne-

2024 2632 2253 2704 quitiam
2281 2647 2424 2685 nnus
2462 2631 2646 2686 videre
2675 2632 2800 2702 quis
2839 2630 3047 2701 possit?
3075 2631 3242 2686 Addit
3267 2631 3462 2687 deinde
3492 2648 3508 2686 :

1887 2764 2036 2838 διν.

407 2853 590 2913 Εἶδον
625 2855 743 2926 ἐγὼ
779 2854 1032 2924 ἀγαθὸν,
1085 2855 1120 2908 ὅ
1161 2855 1296 2910 ἐστι
1342 2855 1557 2921 καλὸν,
1593 2857 1660 2910 τὸ
1705 2857 1920 2928 φαγεῖν

331 2949 439 3003 καὶ
468 2948 537 3002 τὸ
567 2947 746 3010 πιεῖν,
787 2947 886 3001 καὶ
915 2945 984 3001 τὸ
1015 2944 1165 3000 ἰδεῖν
1199 2947 1601 3018 ἁγαθωσύνην
1642 2949 1920 3004 eram-ti

324 3039 541 3107 μόχθῳ
569 3035 780 3101 αὑτοῦ,
813 3029 863 3102 ᾧ
901 3035 980 3090 ἂν
998 3035 1284 3106 ιιοχθιζσῃ
1314 3036 1432 3092 ὑπὸ
1462 3038 1570 3091 τὸν
1601 3037 1797 3105 ἥλιον,
1825 3039 1918 3092 ἐπ’

330 3129 591 3198 ἀριθμὸν
617 3127 856 3198 ἡμερῶν
897 3125 1046 3196 ζωῆς
1082 3127 1291 3191 αὐτοῦ,
1317 3122 1405 3182 ὧν
1435 3128 1660 3184 ἔδωκεν
1702 3131 1862 3199 αὐτῷ
1887 3134 1920 3186 ό

2092 2859 2256 2916 Vens.
2291 2861 2375 2926 18,
2405 2862 2488 2916 19.
2530 2860 2647 2915 Vidi
2669 2877 2760 2931 ego
2789 2860 3001 2922 bonum,
3031 2861 3171 2930 quod
3196 2869 3274 2916 est
3296 2859 3598 2928 pulchrum,

2015 2952 2283 3007 comedere
2314 2962 2469 3024 atque
2507 2951 2698 3018 bibere,
2728 2961 2777 3006 et
2814 2967 3023 3007 cernere
3053 2952 3340 3007 bonitatem
3369 2953 3427 3006 in
3456 2955 3604 3009 omni

2017 3043 2196 3099 labore
2237 3061 2354 3107 suo,
2387 3060 2690 3115 quocunque
2729 3044 3046 3100 labor-atterit
3081 3044 3177 3099 sub
3220 3045 3330 3100 sole
3375 3063 3469 3116 per
3497 3063 3600 3102 nu-

2019 3151 2218 3189 merum
2259 3137 2464 3190 dierum
2501 3139 2624 3192 vitae
2661 3154 2794 3202 sum,
2834 3153 2965 3209 quos
3009 3135 3154 3191 dedit
3193 3139 3242 3192 ei
3283 3136 3463 3202 Deus;
3501 3141 3600 3193 hoc

334 3221 520 3286 Θεός·
553 3220 644 3273 ὅτι
675 3221 820 3273 αὐτὸ
847 3219 1018 3288 μερίς
1055 3219 1264 3274 αὐτοῦ.
1313 3221 1424 3274 Καί
1449 3237 1517 3290 γε
1545 3219 1664 3288 πᾶς
1695 3221 1827 3291 ἀνθ,
1845 3241 1918 3276 ω-

2022 3231 2208 3297 quippe
2231 3237 2307 3282 est
2335 3245 2458 3297 pars
2481 3230 2614 3300 ejus.
2639 3229 2708 3284 Et
2724 3232 2936 3300 quidem
2961 3231 3130 3285 omnis
3148 3231 3325 3295 homo,
3351 3231 3438 3286 cui
3457 3233 3603 3288 dedit

331 3329 476 3380 στος,
503 3306 553 3381 ᾧ
593 3313 820 3367 ἔδωκεν
843 3311 1005 3377 αὐτῷ
1038 3315 1071 3365 ὀ
1105 3313 1250 3378 Θεὸς
1281 3313 1550 3367 πλοῦτον
1591 3314 1690 3367 καὶ
1727 3313 1930 3384 {temp--

333 3387 563 3471 κοντα,
620 3402 722 3457 καὶ
764 3401 1132 3466 ἐξουσίασεν
1175 3403 1363 3456 αὐτὸν
1411 3402 1519 3457 τοῦ
1563 3404 1776 3474 φαγεῖν
1815 3405 1917 3470 ἀπ’

333 3493 553 3558 αὐτοῦ,
591 3491 690 3548 καί
727 3493 938 3548 λαϐεῖν
977 3493 1045 3547 τὸ
1067 3492 1250 3563 μέρος
1286 3496 1495 3558 αὐτοῦ.
1537 3498 1634 3551 καί
1680 3498 1788 3554 τοῦ
1820 3501 1920 3554 εὐ-

336 3584 686 3656 φρανθῆναι
735 3585 808 3640 ἐν
843 3588 1050 3656 μόχθῳ
1099 3587 1308 3650 αὐτοῦ,
1355 3589 1535 3643 τοῦτο
1573 3589 1728 3662 δόμα
1774 3590 1921 3646 Θεοῦ

335 3675 550 3729 ἐστιν·
586 3673 678 3728 ὅτι
720 3675 794 3728 οὺ
836 3674 1078 3741 πολλὰς
1101 3675 1523 3744 μνησθήσεται
1561 3681 1668 3746 τὰς
1699 3680 1924 3748 ἡμέρας

340 3764 460 3834 τῆς
505 3762 657 3834 ζωῆς
703 3765 913 3831 αὐτοῦ,
947 3766 1039 3821 ὅτι
1066 3770 1100 3821 ό
1137 3768 1283 3836 Θεὸς
1327 3769 1594 3842 περισπᾷ
1637 3771 1824 3826 αὐτὸν
1854 3772 1925 3826 ἐν

345 3857 669 3926 ἀφροσύνῃ
696 3857 946 3926 καρδίας
971 3860 1182 3915 αὐτοῦ.

431 3948 772 4020 Ἀρρωστίαν
801 3949 898 4004 τοῦ
937 3951 1155 4007 ἔνδοθεν
1178 3953 1340 4025 ἡμῶν
1362 3954 1652 4028 ἀνθρώπου
1680 3957 1926 4028 πονηρὰν

341 4037 630 4108 ὀνομάσας
682 4039 745 4093 τὸ
791 4039 1148 4114 θησαυρίζειν
1193 4045 1288 4098 καὶ
1331 4047 1623 4116 φυλάττειν
1666 4048 1760 4102 τὸν
1804 4051 1928 4104 συν-

344 4127 710 4199 αθροισθέντα
742 4130 973 4188 πλοῦτον
1002 4135 1058 4188 ὲν
1081 4134 1296 4201 πολλοῖς
1339 4137 1562 4209 μόχθοις
1585 4142 1681 4194 καὶ
1713 4140 1925 4206 κόποις,

347 4221 452 4274 καὶ
489 4221 734 4292 χαλεπὰς
765 4222 1201 4298 ἀντιπαρέχοντα
1225 4228 1301 4301 τῷ
1329 4224 1652 4300 φυλάττοντι
1696 4233 1799 4296 τὰς
1839 4232 1931 4288 διὰ

345 4312 457 4384 τὴν
507 4313 754 4385 φυλακὴν
796 4315 1186 4389 άνταμείψειςο
1240 4321 1322 4385 είς
1357 4321 1465 4394 γάρ
1493 4323 1739 4379 κάκωσιν
1782 4325 1930 4396 εὑρί-

349 4423 570 4472 σκεται,
605 4409 761 4479 φησι,
793 4409 888 4464 τοῦ
913 4410 1275 4480 φυλάττοντος
1294 4429 1309 4444 ο
1340 4415 1434 4468 καὶ
1461 4415 1767 4480 διεξοδικῶς
1795 4416 1932 4470 καθ-

345 4499 683 4570 υπογράψας
725 4501 828 4572 τὴν
884 4502 992 4556 τῶν
1037 4503 1250 4558 πολλῶν
1295 4505 1607 4576 ἀνθρώπων
1655 4509 1712 4561 ὲν
1754 4507 1930 4579 τούτῳ

2021 3319 2124 3389 ipsi
2150 3318 2290 3374 Deus
2322 3320 2536 3374 divitias
2566 3333 2614 3376 et
2645 3324 3022 3388 substantiam,
3058 3325 3413 3394 concessitque
3439 3325 3508 3389 ei,
3538 3331 3599 3380 ἰιι

2017 3427 2084 3466 ex
2113 3413 2229 3481 ipsa
2263 3424 2572 3480 vesceretur,
2603 3424 2651 3469 et
2685 3415 2890 3469 tolleret
2918 3427 3124 3485 partem
3161 3433 3335 3478 suam,
3367 3425 3418 3472 et
3454 3417 3603 3472 ltela-

2019 3513 2168 3558 rctur
2206 3507 2259 3558 in
2295 3505 2473 3560 labore
2499 3522 2616 3573 suo,
2647 3508 2745 3560 hoc
2789 3505 2884 3562 Dei
2918 3514 3112 3562 donum
3150 3518 3228 3562 est
3264 3525 3284 3563 :
3321 3525 3421 3562 non
3459 3510 3602 3564 enim

2021 3595 2226 3651 dierum
2261 3597 2549 3651 multorum
2575 3599 2695 3652 vitre
2732 3614 2844 3651 sua:
2881 3598 3267 3659 recordabitur,
3296 3601 3422 3670 quia
3461 3599 3602 3656 Deus

2023 3695 2243 3754 occupat
2273 3704 2393 3743 eum
2422 3689 2476 3742 in
2505 3688 2698 3744 ltelitia
2725 3689 2899 3744 tardis
2927 3689 3046 3758 ejus
3074 3689 3208 3759 ('51).

2098 3950 2396 4030 Postquam
2425 3956 2727 4012 ditescendi
2757 3955 2997 4012 studium
3033 3966 3087 4013 et
3114 3956 3444 4030 laboriosam
3481 3975 3602 4018 mo-

2028 4051 2334 4119 lestamque
2387 4055 2766 4117 congestarum
2831 4061 2995 4116 opum
3057 4047 3401 4113 custodiam,
3462 4051 3606 4106 unde

2028 4143 2225 4198 acerba
2257 4154 2482 4211 prorsus
2511 4135 2896 4194 sollicitudinis
2931 4152 3142 4193 merces
3165 4139 3374 4194 custodi
3412 4154 3606 4210 repen-

2028 4232 2200 4296 ditur,
2249 4230 2546 4301 pessimum
2591 4227 2759 4283 animi
2801 4229 2976 4283 nostri
3012 4229 3330 4300 languorem
3367 4233 3608 4302 appella-

2029 4325 2110 4380 vit
2139 4341 2155 4378 :
2186 4324 2388 4394 quippe
2419 4337 2540 4392 quae
2575 4321 2630 4375 in
2665 4320 2985 4390 perniciem,
3021 4321 3219 4392 inquit,
3251 4325 3610 4382 custodientis

2030 4431 2151 4472 esse
2182 4413 2518 4480 invenimus;
2548 4427 2612 4468 ac
2645 4421 2934 4482 postquam
2963 4429 3060 4482 per
3086 4413 3478 4487 digressionem
3512 4419 3607 4473 ho-

2033 4507 2241 4562 minum
2275 4505 2572 4559 munitorum
2605 4503 2708 4558 hac
2738 4503 2791 4557 in
2819 4517 2878 4558 re
2899 4502 3168 4560 insaniam
3198 4507 3508 4578 descripsit,
3540 4509 3609 4564 ad

348 4591 744 4664 παραπληξίαν
768 4609 782 4622 ·
813 4595 1150 4664 άντιτίθησιν
1179 4595 1259 4650 ἔτι
1277 4597 1412 4670 πρὸς
1437 4597 1659 4671 ἔλεγχον
1703 4600 1923 4666 τούτων,

2033 4599 2349 4656 eorumdem
2403 4595 2884 4665 reprehensionem
2941 4596 3168 4666 opponit
3217 4607 3501 4667 prazterea.
3551 4609 3613 4654 ut

349 4683 497 4736 κατὰ
546 4683 607 4736 τὸ
653 4687 1241 4756 προσυπηκουσμένον,
1341 4689 1437 4742 καὶ
1483 4690 1754 4746 πλοῦτον
1789 4691 1936 4762 ἀγα-

353 4776 485 4842 θὸν,
519 4776 580 4830 οὐ
631 4776 711 4848 τῷ
767 4777 970 4846 δοκεῖν,
1000 4779 1140 4834 άλλά
1186 4780 1352 4836 καλὸν
1377 4781 1454 4846 ὡς
1497 4782 1717 4853 ἀληθῶς
1761 4801 1936 4854 πεφυ-

349 4865 492 4920 κότα
521 4869 616 4921 καὶ
644 4869 1238 4941 παραλαμϐανόμενον,
1267 4871 1510 4943 δηλονότι
1537 4873 1630 4928 τὸν
1671 4874 1813 4946 μετὰ
1837 4874 1938 4946 τὴν

352 4958 612 5030 αὐτάρκη
641 4960 835 5031 χρείαν
863 4959 1052 5014 τοῦτον
1095 4961 1327 5017 πλοῦτον
1359 4963 1813 5037 συναθροίσαντος
1835 4965 1941 5020 ’καὶΙ

353 5050 746 5118 φυλάττοντος,
793 5052 974 5124 ἥνπερ
1021 5053 1268 5125 ἐσήμανε
1317 5055 1404 5109 διὰ
1447 5055 1542 5109 τοῦ
1594 5054 1787 5124 φάναι,
1824 5075 1844 5108 ι
1876 5056 1939 5111 τὸ

355 5143 560 5210 φαγεῖν
587 5143 682 5194 καὶ
723 5143 784 5196 τὸ
815 5145 964 5196 πιεῖν
987 5159 1002 5174 ο
1040 5163 1061 5198 s
1099 5145 1409 5212 ἀκολούθως
1451 5148 1546 5203 καὶ
1585 5153 1700 5213 τοῖς
1731 5149 1940 5204 ὲνδεὲσι

353 5229 749 5302 διανεμόμενον
775 5250 849 5286 πα
859 5233 925 5304 ρὰ
946 5233 1058 5288 τῶν
1076 5235 1278 5308 χειρῶν
1297 5237 1392 5291 τοῦ
1417 5237 1740 5310 κατέχοντος
1759 5255 1774 5270 ⁸
1797 5238 1938 5294 ὥστε

357 5321 663 5389 θεάσασθαι
707 5325 803 5378 καὶ
845 5328 958 5390 τοῖς
1005 5325 1157 5389 ἰδίοις
1204 5328 1506 5400 ὀφθαλμοῖς
1566 5333 1646 5394 εἰς
1709 5331 1936 5400 ἀγαθω-

449 5505 497 5537 ¹³
523 5507 541 5526 ⁶
575 5504 777 5561 Matth.‘
801 5522 934 5586 xxv,
963 5508 1053 5564 M.

437 5617 548 5699 (ὗε)
573 5617 697 5699 _Sed
730 5621 872 5699 apud
919 5619 1064 5699 [ἦξὶὶ
1113 5620 1241 5699 sic_:
1293 5618 1424 5699 Ἰδοὺ
1471 5614 1612 5699 εἶδον
1627 5615 1793 5699 -ὲγὼι
1815 5617 1946 5699 ave:

363 5687 478 5762 θιν,
571 5692 684 5762 ἐστι
713 5687 896 5762 καλὸν,
925 5689 1020 5745 τοῦ
1053 5693 1258 5762 φαγεῖν
1288 5689 1384 5762 καὶ
1410 5689 1506 5762 τοῦ
1535 5692 1679 5762 πιεῖν
1700 5687 1804 5762 καὶ
1843 5687 1941 5742 τοῦ

365 5753 966 5843 ἰδεῖν-ἀγαθωσύνηνὲν
994 5753 1158 5843 treviri.
1193 5759 1376 5843 μόχθιρ
1409 5758 1600 5823 αὐτοῦ,
1835 5773 1936 5843 μο-

359 5829 466 5901 χθῇ
493 5825 600 5902 bis?)
613 5830 721 5902 _-rbv
751 5825 902 5900 ἥλιον
929 5830 1165 5902 ἀριθμὸν
1185 5825 1933 5902 ᾗμέρῶν...,.-καὶμξξουσίαο

367 5897 464 5955 ξεν
495 5897 649 5970 αὐτῷ
679 5897 874 5970 φαγεῖν
923 5897 1019 5956 ἀπ’
1045 5897 1327 5956 abacti...)
1372 5900 1453 5954 ὄτι
1495 5900 1558 5954 οὐ
1591 5899 1761 5953 πολλὰ
1796 5912 1932 5969 μνη-

2037 4687 2473 4746 subaudiendum
2497 4693 2605 4750 est,
2641 4687 2856 4740 divitias
2887 4703 3106 4756 quoque
3136 4689 3324 4754 bonus,
3364 4705 3472 4744 non
3501 4691 3613 4744 uti-

2035 4795 2141 4851 que
2171 4781 2312 4844 visu,
2343 4786 2399 4832 at
2425 4792 2612 4832 revera
2648 4777 2908 4846 pulchras
2943 4787 2997 4832 et
3023 4788 3215 4832 natura
3243 4780 3378 4835 tales
3407 4780 3613 4835 haben-

2034 4873 2154 4934 das,
2185 4887 2280 4925 cas
2328 4884 2542 4938 nempe,
2577 4884 2717 4939 quas
2762 4869 2887 4940 quis
2915 4869 3196 4939 collegerit
3249 4879 3304 4924 et
3337 4871 3616 4927 custodiat

2038 4961 2382 5019 moderatum
2413 4961 2468 5014 in
2493 4975 2679 5023 usum,
2710 4975 2873 5029 quem
2907 4959 3015 5015 illis
3043 4961 3226 5016 verbis
3255 4961 3611 5031 signiﬁcavit;

2041 5073 2062 5107 ι
2101 5051 2391 5108 comedere
2447 5058 2613 5120 atque
2653 5051 2837 5106 bibere
2881 5066 2896 5103 :
2936 5070 2956 5103 ι
3002 5058 3057 5104 et
3094 5067 3216 5121 qua:
3262 5067 3370 5106 non
3429 5052 3614 5108 minus

2034 5146 2221 5218 egenis
2271 5159 2490 5216 quoque
2529 5143 2736 5198 domini
2781 5144 3036 5199 manibus
3072 5143 3515 5212 distribuantur;
3553 5155 3612 5201 ut

2034 5247 2089 5293 et
2123 5235 2299 5292 oculis
2337 5235 2452 5304 ipse
2496 5233 2612 5289 suis
2651 5249 2743 5290 eas
2777 5234 2831 5289 in
2867 5233 3153 5289 bonitatem
3204 5251 3495 5291 conversas
3529 5237 3612 5290 τίς

2035 5329 2184 5394 deat,
2213 5326 2376 5400 ιω
2393 5341 2515 5397 quae
2543 5312 2973 5382 misericordiam
3001 5327 3249 5399 designat
3274 5335 3328 5382 et
3360 5327 3615 5382 humani-

2041 5617 2302 5690 σθήσεται
2328 5615 2673 5690 τάς-ἠμέρας
2699 5615 2799 5690 τῆς
2825 5616 2971 5690 ζωῇς
3009 5615 3222 5690 αὐτοῦς.
3321 5616 3608 5690 Olymp..._.

2036 5682 2114 5759 ῶν
2130 5682 2348 5744 ’ἔδωκεν
2375 5689 2405 5741 ὀ
2426 5682 2559 5759 Θεὸς
2579 5682 2766 5759 αύτῷί
2799 5682 3026 5740 πλοῦτον
3043 5688 3149 5759 καὶ
3177 5682 3498 5759 ὑπάρχοντα
3518 5688 3609 5742 καὶ

2034 5758 2286 5824 ἐξουσίαν
2318 5759 2376 5812 ὲν
2405 5757 2682 5828 αύτῷ·τοῦ
2717 5761 2912 5828 φαγεῖν
2959 5757 3056 5828 ἀπ’
3087 5758 3274 5822 αὑτοῦ,
3294 5757 3396 5812 ’καὶ
3425 5757 3608 5813 λαϐεῖν

2030 5830 2092 5882 τὸ
2121 5829 2288 5900 μέρος
2315 5826 2502 5896 αὐτοῦ,
2529 5826 2626 5882 καὶ
2647 5826 2742 5882 τοῦ
2773 5827 3234 5900 εὐφρανθῆναι....
