4036 6384
396 382 498 453 .969

1594 399 2183 474 ECCLESIASTEN.
2242 439 2310 449 —
2348 415 2496 474 LIB.
2527 415 2598 477 v.

3448 403 3458 409 ’
3567 419 3673 484 97o

397 516 538 586 φῶς.
573 517 742 572 Τοῦτο
770 518 879 590 γὰρ
913 519 1188 592 ἐσήμανεν
1215 521 1406 588 εἰπὼν,
1451 543 1469 576 t
1504 525 1614 579 Καὶ
1642 525 1809 598 πολλή
1837 527 1972 580 ὲστικ

2089 527 2319 582 multum
2350 539 2432 584 est
2458 545 2621 600 super
2663 531 2964 608 hominem,
3005 551 3023 584 ι
3067 549 3188 604 quae
3227 535 3530 601 declarant,
3565 555 3672 594 non

397 610 495 664 ἐπὶ
525 609 616 663 τὸν
661 609 972 684 ἄνθρωπον,
1013 633 1033 666 ι
1065 613 1240 686 δηλῶν
1271 616 1346 680 ῶς
1384 617 1506 687 οὐχί
1534 618 1737 681 πάντες
1769 619 1982 690 ἄνθρωο

395 717 492 755 ποι
520 701 618 773 τὴν
665 703 928 776 τοιαύτην
959 705 1146 777 ἔχουσι
1175 709 1424 779 πονηρὰν
1457 709 1632 764 νόσον.
1681 709 1804 763 Εἰσί
1845 710 1975 782 γὰρ,

393 793 521 846 εἰσί
548 795 642 848 καί
688 813 836 860 τινες
880 799 931 850 οἰ
977 801 1078 870 τῆς
1120 798 1502 870 προσπαθείας
1547 801 1657 854 τῶν
1697 801 1979 872 παρόντων

395 883 628 950 ἑαυτοὺς
655 887 1054 962 ὑπεράραντες,
1076 892 1172 945 καὶ
1187 891 1280 944 τὸν
1297 893 1587 965 ἀκτήμονα
1621 894 1979 965 προελόμενοι

395 977 533 1048 βίον,
565 980 661 1034 ἆτε
695 981 760 1053 δὴ
791 985 882 1038 καί
925 983 988 1036 τὸ
1019 983 1328 1056 πολίτευμα
1359 985 1574 1057 ἔχοντες
1607 988 1667 1040 ἐν
1703 988 1976 1057 οὐρανοῖς,

395 1073 491 1126 καὶ
527 1074 602 1144 μὴ
653 1074 816 1143 μόνον
860 1077 924 1129 ἐκ
954 1076 1050 1130 τοῦ
1103 1079 1545 1150 περισσεύματος
1585 1080 1700 1134 τῶν
1727 1081 1979 1136 ὁπωσοῦν

393 1165 578 1244 αὐτοῖς
605 1166 907 1237 δεδομένων
931 1169 1036 1222 ὐπὸ
1077 1171 1178 1241 τῆς
1203 1171 1356 1236 Θείας
1381 1173 1664 1244 προνοίας,
1707 1175 1846 1231 ἀλλὰ
1867 1176 1978 1230 κάκ

391 1253 487 1308 τοῦ
515 1255 898 1327 ὑστερήματος
925 1259 1215 1324 κοινωνοὺς
1238 1258 1610 1331 λαμϐάνοντες
1626 1262 1754 1324 τοὺς
1780 1260 1980 1325 ἐνδεεῖς

390 1347 489 1400 καὶ
517 1348 788 1418 πτωχούς.
833 1347 938 1401 Τὸν
967 1348 1134 1402 πολὺν
1161 1347 1256 1405 οὖν
1287 1351 1575 1424 ἄνθρωπον
1604 1351 1978 1422 αἰνιττόμενος

389 1423 586 1510 ἔφησε,
627 1457 646 1491 ι
695 1441 810 1494 Καὶ
838 1439 1007 1510 πολλή
1040 1439 1189 1496 ἐστιν
1233 1443 1327 1497 ἐπὶ
1368 1423 1463 1497 τὸν
1489 1443 1798 1514 ἄνθρωπον.
1835 1463 1854 1496 ι
1889 1443 1980 1498 Εἰ-

389 1527 512 1583 πὼν
537 1527 618 1592 δὲ,
668 1547 688 1581 t
734 1529 920 1601 Ἀνὴρ,
969 1523 1014 1598 ᾧ
1056 1529 1219 1585 δώσει
1249 1533 1402 1604 αὐτῷ
1437 1533 1571 1597 Θεὸς
1615 1531 1850 1588 πλοῦτον
1884 1533 1978 1587 καὶ

384 1618 710 1691 ὑπάρχοντα
755 1621 851 1676 καὶ
897 1620 1076 1689 δόξαν,
1116 1643 1134 1676 ι
1189 1623 1490 1690 δείκνυσιν,
1536 1625 1613 1689 ὡς
1653 1629 1833 1681 πάντα
1877 1625 1976 1696 τῆς

384 1697 546 1778 θείας
589 1713 919 1790 ὲξὴρτηνται
966 1715 1246 1788 προνοίας,
1280 1718 1374 1772 καὶ
1407 1719 1588 1774 πάντα
1621 1719 1806 1774 θεόθεν
1839 1737 1978 1792 πρυ-

379 1807 711 1863 τανεύονται
747 1811 865 1874 τοῖς
893 1808 1230 1882 ἀνθρώποις,
1268 1810 1374 1865 κᾶν
1398 1809 1630 1864 πλοῦτον
1658 1812 1842 1883 εἴπῃς,
1871 1810 1976 1864 κᾶν

2090 632 2284 675 omnes
2314 620 2564 677 homines
2596 623 2687 678 tali
2711 625 2902 680 morbo
2923 624 3152 682 aﬂ‘ectos
3179 642 3318 682 esse.
3347 627 3486 684 Sunt
3507 633 3670 694 enim,

2087 718 2218 764 sunt
2244 719 2298 765 et
2329 712 2573 780 quidam,
2602 715 2694 784 qui
2723 715 2995 784 superatis
3020 718 3368 786 prtrsentiutu
3401 719 3672 776 honorum

2090 802 2386 868 illecebris,
2425 813 2478 858 et
2531 821 2768 875 paupere
2790 809 2899 861 vita
2954 818 3276 879 praeoptata,
3319 821 3579 881 tanquam
3617 815 3671 868 in

2089 891 2244 948 caelis
2273 909 2449 949 sevum
2479 905 2718 964 agentes,
2753 911 2859 950 non
2891 899 3066 953 solum
3104 901 3157 954 in
3185 917 3398 962 eorum.
3420 919 3542 973 qua:
3568 905 3668 960 sibi

2087 998 2118 1036 a
2168 983 2353 1039 divina
2397 989 2740 1056 providentia
2796 991 3299 1063 qunmodocunque
3351 996 3508 1067 153
3543 1000 3667 1053 data

2088 1083 2238 1139 sunt,
2281 1077 2378 1132 sed
2414 1079 2466 1130 in
2521 1081 2964 1135 communionem
3020 1082 3264 1138 demensi
3309 1101 3530 1155 quoque
3581 1091 3668 1143 sui

2085 1180 2288 1236 egenos
2325 1179 2379 1224 et
2416 1171 2696 1226 mendicos
2717 1172 3010 1242 accipiunt.
3045 1173 3340 1248 Plerosque
3373 1178 3538 1249 igitur
3565 1180 3667 1236 ho-

2085 1259 2297 1313 minum
2335 1259 2628 1332 designans
2686 1262 2868 1318 dixit;
2909 1283 2928 1316 t
2977 1265 3043 1318 Et
3093 1267 3324 1322 multum
3369 1280 3456 1325 est
3505 1287 3670 1342 super

2086 1351 2416 1409 hominem.»
2436 1354 2532 1408 Illa
2561 1371 2694 1410 vero
2718 1357 3052 1428 subjiciens:
3084 1375 3104 1410 ι
3132 1357 3244 1422 Vir,
3271 1361 3358 1416 cui
3388 1361 3538 1418 dabit
3568 1366 3668 1433 ipsi

2085 1440 2228 1497 Deus
2256 1443 2475 1501 divitias
2505 1455 2560 1501 et
2587 1447 2951 1504 substantiam
2983 1457 3039 1504 et
3065 1435 3322 1521 gloriam“,
3356 1471 3375 1504 ι
3408 1457 3666 1522 ostendit,

2083 1533 2268 1589 omnia
2309 1549 2338 1589 a
2375 1535 2559 1591 divina
2612 1537 2962 1594 Providentia
3011 1540 3266 1612 appendi,
3317 1554 3372 1597 et
3405 1543 3669 1599 divinitus

2083 1624 2300 1696 singula
2331 1625 2649 1682 hominibus
2679 1629 3068 1698 administrari,
3112 1633 3232 1688 sive
3271 1633 3494 1690 divitias
3517 1636 3668 1691 dixe-

2083 1716 2183 1782 ris,
2215 1717 2331 1774 sive
2368 1734 2624 1789 agrorum
2656 1721 3055 1792 possessiones,
3096 1725 3213 1780 sive
3239 1725 3417 1782 vincta
3468 1744 3668 1800 magno

2083 1820 2334 1871 numero,
2369 1809 2487 1864 sive
2525 1809 2890 1878 dominatum,
2927 1813 3041 1868 sive
3090 1815 3344 1885 gloriam,
3388 1819 3665 1881 universa.

383 1899 586 1968 κτῆσιν
617 1899 895 1971 ἀρουρῶν.
940 1901 1045 1955 κᾶν
1080 1899 1422 1972 ἀμπελώνων
1473 1901 1705 1974 μυρίων,
1737 1903 1843 1956 κᾶν
1883 1891 1972 1955 δυ-

2078 1895 2326 1966 inquam,
2362 1899 2726 1970 omnipotenti
2777 1901 2869 1954 Dei
2907 1901 3118 1971 judicio
3150 1914 3205 1958 et
3248 1905 3530 1962 voluntate
3568 1925 3668 1979 θρα

380 2005 552 2041 ναστε
563 1989 646 2042 ίαν
681 1991 774 2044 καὶ
800 1991 980 2056 δόξαν,
1011 1990 1192 2044 πάντα
1219 1991 1316 2062 τῆς
1347 1993 1789 2065 ἀπειροδυνάμου
1816 1995 1974 2065 ἐξήρ-

375 2087 582 2151 ⁴τηνται
611 2080 764 2144 θείας
809 2082 1048 2154 κρίσεως
1098 2084 1194 2138 καὶ
1225 2084 1444 2157 βουλῆς,
1491 2087 1586 2139 καὶ
1627 2086 1750 2140 καθ’
1778 2085 1874 2151 οὓς
1907 2088 1972 2140 ἂν

376 2165 498 2224 οἶδε
547 2173 786 2244 τρόπους
823 2174 1112 2251 χριμάτων
1141 2175 1568 2248 ἀκαταλήπτους
1607 2177 1744 2248 ἡμῖν
1789 2176 1970 2244 ὄντας,

374 2258 467 2328 οἷς
499 2264 602 2336 μὲν
635 2265 872 2330 δίδωσιν,
909 2261 991 2329 οἷς
1023 2267 1081 2322 δὲ
1110 2267 1386 2340 οὐδαμῶς.

459 2398 596 2458 Εἶτα
623 2405 938 2476 λαμϐάνων,
959 2408 1148 2478 φησιν,
1183 2409 1246 2462 ἐκ
1276 2406 1410 2462 Θεοῦ
1440 2408 1541 2479 τὴν
1561 2397 1847 2480 δαψίλειαν
1861 2413 1970 2467 τῶν

379 2495 698 2566 εἰρημένων
723 2498 822 2551 καί
851 2498 1217 2554 πολυτέλειαν
1245 2500 1560 2572 ἄνθρωπος.
1597 2503 1696 2556 καὶ
1715 2503 1817 2576 τὴν
1867 2506 1970 2575 μὲν

382 2586 594 2640 ἑαυτοῦ
621 2587 797 2660 ψυχὴν
828 2590 1128 2661 ἐμπιπλῶν
1164 2591 1273 2646 τῶν
1308 2593 1454 2646 ἰδίων
1481 2593 1792 2666 ἐπιθυμιῶν
1826 2596 1970 2650 ἀπα-

377 2679 521 2744 σῶν,
550 2683 612 2735 οὐ
644 2683 918 2756 διανέμων
952 2686 1014 2740 ’δὲ
1048 2687 1143 2742 καί
1177 2687 1358 2752 διδοὺς
1391 2689 1506 2752 τοῖς
1555 2688 1834 2760 δεομένοις
1877 2690 1971 2744 καὶ

371 2775 643 2844 πένησιν,
671 2777 988 2848 εὑρίσκεται
1017 2778 1205 2848 σαφῶς
1235 2782 1264 2834 ὁ
1304 2781 1550 2845 τοιοῦτος
1606 2781 1682 2845 ῶς
1715 2780 1969 2852 οὐδαμῶς

2076 1989 2274 2059 pendi,
2325 2006 2564 2061 eumque
2616 1993 2920 2048 secundum
2977 1995 3196 2050 consilii
3253 1997 3342 2053 sui
3395 2001 3663 2065 rationes,

2075 2095 2214 2150 quas
2247 2081 2366 2151 ipse
2405 2083 2580 2144 novit.
2612 2099 2714 2139 nos
2761 2084 3101 2155 ignoramus,
3148 2088 3270 2145 aliis
3307 2090 3529 2160 quidem
3565 2096 3666 2149 tri-

2074 2172 2264 2240 buere,
2291 2175 2416 2229 aliis
2444 2190 2552 2230 non
2585 2176 2846 2233 tribuere.

2144 2379 2264 2452 iam
2324 2407 2454 2453 vero
2497 2412 2622 2453 cum
2677 2388 2880 2466 homo,
2926 2400 3134 2471 inquit,
3189 2401 3492 2470 bonorum,
3543 2414 3655 2478 qua!

2073 2489 2482 2554 reccnsuimus,
2513 2491 2728 2562 copiam
2761 2501 2816 2546 et
2849 2493 3170 2548 varietatem
3201 2495 3441 2565 accipiat
3469 2511 3499 2550 a
3529 2497 3660 2558 Deo.

2073 2582 2121 2637 si
2158 2582 2346 2636 animo
2390 2597 2512 2648 suo,
2556 2598 2679 2652 quae
2725 2585 2948 2654 appetit,
2989 2586 3172 2641 omnia
3227 2588 3308 2642 sic
3360 2588 3660 2660 indulgeat,

2072 2673 2210 2728 nihil
2251 2682 2310 2728 ut
2351 2675 2541 2745 egenis
2569 2682 2624 2729 et
2653 2677 2988 2746 pauperibus
3015 2677 3312 2733 distribuat
3353 2691 3519 2750 atque
3555 2681 3660 2734 itit-

2069 2769 2374 2838 partiatur;
2421 2769 2468 2824 is
2501 2768 2750 2840 profecto
2786 2779 3056 2840 potestate
3094 2785 3230 2827 usus
3264 2773 3410 2826 nulla
3447 2775 3664 2828 videtur

376 2863 724 2930 ὲξουσιάσας
752 2866 862 2920 τῶν
894 2868 1198 2940 δεδομένων
1256 2870 1405 2940 αὐτῷ
1433 2869 1618 2924 θεόθεν
1657 2889 1676 2923 t
1718 2871 1856 2942 πρὸς
1907 2871 1970 2925 τὸ

2076 2861 2128 2916 in
2162 2861 2254 2928 iis,
2291 2876 2413 2932 quae
2442 2862 2520 2916 illi
2561 2877 2591 2916 a
2631 2862 2741 2917 Deo
2769 2863 2894 2918 data
2931 2872 3063 2918 sunt
3111 2881 3130 2915 ι
3163 2864 3229 2918 ad
3259 2866 3660 2921 comedendum

372 2962 587 3024 φαγεῖν
639 2959 699 3026 ἐξ
734 2959 937 3015 αὐτῶν.
981 2981 1000 3014 ι
1034 2962 1113 3016 Δι’
1148 2963 1216 3032 ἢν
1250 2963 1473 3027 αἰτίαν;
1511 2963 1656 3029 Ὅτι,
1689 2967 1878 3034 φησὶν,
1910 2967 1967 3020 at

2076 2967 2138 3009 ex
2169 2951 2325 3023 ipsis.
2363 2970 2382 3003 ι
2427 2951 2604 3018 Quam
2637 2952 2710 3008 ob
2735 2952 3180 3018 causam‘tQuia,
3215 2953 3414 3024 inquit,
3446 2955 3665 3012 deside-

377 3045 491 3116 μὲν
519 3049 818 3119 ἐπιθυμίαι
853 3052 1156 3124 παρῆλθον,
1177 3053 1274 3107 καὶ
1304 3053 1415 3105 τῶν
1442 3055 1720 3124 σαρκικῶν
1764 3055 1968 3126 ἡδονῶν

2076 3047 2152 3100 ria
2199 3044 2599 3116 praeterierunt,
2645 3052 2701 3100 et
2743 3044 3084 3116 voluptatum
3134 3047 3388 3117 corporis
3439 3052 3666 3104 evanuit

373 3139 663 3212 ἠφανίσθη
693 3141 756 3194 τὸ
784 3143 1014 3212 πλῆθος,
1057 3145 1222 3208 αὐτὸς
1247 3145 1304 3198 δὲ
1332 3145 1480 3216 λιμῷ
1512 3147 1816 3218 τακήσεται
1869 3164 1968 3219 χα-

2071 3135 2399 3202 multitudo;
2434 3136 2549 3207 ipse
2580 3151 2732 3203 vero,
2758 3151 2886 3192 cum
2923 3134 3167 3190 futuram
3197 3139 3438 3208 attigerit
3469 3140 3660 3208 vitam,

373 3229 539 3303 λεπῷ
569 3233 714 3286 κατὰ
743 3234 842 3304 τὴν
881 3234 1183 3306 μέλλουσαν
1226 3237 1394 3306 ζωὴν,
1439 3234 1705 3308 μηδαμῶς
1761 3237 1968 3308 ἀποθη-

2076 3229 2210 3284 dura
2254 3227 2397 3284 l'ame
2430 3229 2805 3288 contabescet.
2841 3229 3006 3283 nullis
3045 3228 3157 3284 illic
3194 3229 3470 3287 thesauris
3507 3233 3664 3286 beni-

375 3318 658 3392 Emupfaa;
689 3324 871 3378 ἐκεῖσε
900 3325 989 3377 διὰ
1031 3327 1131 3395 τῆς
1167 3327 1513 3397 μεταδόσεως
1566 3328 1680 3381 τῶν
1718 3329 1970 3400 πενήτων

369 3411 452 3466 τά
495 3413 598 3484 τῆς
626 3415 852 3468 αἰωνίου
876 3416 974 3469 καὶ
987 3417 1405 3490 διαιωνιζούσης
1430 3419 1728 3493 διατροφῆς
1768 3436 1782 3450 ⁸
1817 3420 1970 3487 ξένος

369 3501 492 3574 γὰρ
531 3502 672 3574 ἀνὴρ
700 3505 888 3578 ἕτερος
932 3505 1317 3578 διαδεξάμενος
1367 3509 1536 3563 αὐτοῦ
1587 3510 1678 3564 τὸν
1709 3510 1964 3574 πλοῦτον,

369 3595 596 3662 ἐκεῖνος
632 3599 871 3668 φάγεται
900 3599 1000 3653 καὶ
1027 3600 1408 3654 καταναλώσει
1441 3601 1632 3662 πάντα,
1647 3604 1770 3664 ταῖς
1798 3601 1966 3656 αὐτοῦ

372 3693 679 3760 σαρκικαῖς
709 3691 930 3762 ἡδοναῖς
977 3693 1074 3746 καὶ
1135 3692 1368 3763 πράξεσι
1423 3692 1686 3756 κιναίδοις
1749 3709 1811 3745 τε
1873 3693 1968 3746 καὶ

375 3781 716 3854 μοχθηραῖς.
753 3783 926 3838 Τοῦτο
979 3784 1036 3838 δὲ
1079 3783 1418 3856 σημαντικὸν
1475 3783 1575 3853 τῆς
1613 3785 1790 3854 ἄκρας
1851 3784 1969 3837 ἐστί

373 3875 756 3945 ματαιότητος
785 3877 896 3930 καὶ.
931 3870 1032 3946 τῆς
1067 3876 1317 3946 πονηρᾶς
1350 3875 1670 3946 ἀρρωστίας
1721 3875 1824 3945 τῆς
1875 3893 1970 3928 κατ

369 3965 698 4036 τασχούσης
730 3967 858 4028 τοὺς
889 3966 1186 4035 λογισμοὺς
1209 3961 1400 4030 αὐτού,
1431 3968 1524 4018 καὶ
1551 3965 1968 4038 καθελκυσάσης

367 4059 461 4122 εἰς
485 4057 614 4130 ᾅδου
645 4059 922 4130 πέταυρον
971 4059 1066 4112 καὶ
1115 4058 1349 4112 θανάτου
1387 4057 1616 4128 φθοράν.
1680 4056 1854 4110 Τοῦτο
1885 4057 1964 4122 δὲ,

369 4145 543 4216 φησὶ,
583 4145 646 4198 τὸ
684 4141 824 4209 εἶδος
856 4146 958 4216 τῆς
1019 4145 1384 4216 ματαιότητος
1445 4147 1672 4216 καὶτῆς
1721 4148 1967 4217 πονηρᾶς

367 4237 719 4308 ἀρρωστίας,
745 4237 868 4306 οὐχί
894 4237 1056 4307 μόνον
1090 4237 1201 4290 τῶν
1251 4238 1461 4307 βραχὺν
1517 4237 1630 4307 βίον
1667 4236 1962 4308 λαχόντων,

367 4327 478 4380 καὶ
507 4326 611 4390 τὰς
638 4327 852 4398 ἡμέρας
879 4329 980 4396 τῆς
1019 4327 1166 4398 ζωῆς
1199 4330 1514 4398 ἐσχηκότων
1564 4329 1756 4396 ὀλίγας
1789 4329 1962 4395 ἐστὶν,

365 4415 519 4473 ἀλλά
552 4418 650 4471 καὶ
683 4419 1142 4490 παραταθήσεται
1165 4418 1265 4488 τῆς
1291 4417 1436 4490 ζωῆς
1466 4419 1631 4472 αὐτοῦ
1665 4419 1725 4472 τὸ
1763 4419 1965 4492 μέτρον

362 4509 459 4574 εἰς
495 4507 594 4582 ἔτη
653 4509 846 4576 πολλὰ,
896 4510 1004 4564 κᾶν
1036 4510 1512 4582 πληθυνθήσονται
1576 4512 1674 4582 τῆς
1711 4511 1965 4565 -ὲνταῦθα

370 4581 680 4673 παροικίας
711 4602 770 4656 αἰ
805 4601 1016 4672 ἡμέραι
1037 4601 1150 4654 τῶν
1172 4581 1315 4654 ἐτῶν
1361 4602 1530 4654 αὐτοῦ
1570 4603 1692 4656 καθ’
1731 4602 1966 4674 ὐπερϐο-
1997 4581 2040 4635 θ

362 4691 500 4764 λὴν,
527 4692 886 4765 ἀποστερήσῃ
924 4691 982 4745 δὲ
1009 4691 1110 4760 τῆς
1137 4693 1196 4744 ὲν
1227 4689 1623 4764 ἐλεημοσύνσις
1653 4693 1746 4746 καί
1787 4693 1968 4747 διανοι-

365 4787 511 4857 μαῖς
561 4783 679 4838 τῶν
705 4784 958 4855 πενήτων
991 4783 1568 4854 παραλαμϐανομένης
1601 4783 1967 4854 ἀγαθωσύνης

358 4877 474 4948 τὴν
511 4875 650 4929 ἰδίαν
687 4874 891 4946 ψυχὴν,
915 4874 1016 4947 τὴν
1061 4875 1186 4944 Its-qv
1230 4878 1325 4928 καὶ
1367 4873 1466 4945 τὴν
1521 4874 1692 4945 αὐτὴν
1735 4873 1966 4944 εὐρεθήι

364 4985 536 5021 σεται
579 4967 924 5038 ματαιότητα
973 4967 1070 5020 καὶ
1107 4965 1354 5036 πονηρὰν
1412 4964 1725 5036 ἀρρωστίαν
1769 4967 1964 5033 ἐπιφε-

362 5061 610 5132 ρόμενος
639 5073 653 5088 °
681 5057 744 5110 οὐ
769 5056 880 5127 γὰρ
905 5059 1162 5127 συνῆκεν,
1189 5056 1270 5110 ὅτι
1298 5055 1491 5126 θνητός
1521 5056 1658 5120 ἐστι,
1690 5055 1786 5108 καὶ
1834 5055 1970 5108 πάν·-

357 5166 482 5214 τως
515 5149 983 5218 ἀπορῤαγήσεται
1027 5147 1128 5216 τῆς
1163 5147 1447 5218 παρούσης
1511 5144 1680 5215 ζωῆς,
1711 5146 1807 5198 καί
1859 5144 1966 5197 τῶν

362 5244 528 5298 ἰδίων
569 5239 876 5310 κτημάτων
931 5238 1027 5291 καὶ
1062 5239 1367 5308 χρημάτων
1420 5235 1572 5291 ἄλλοι
1634 5235 1967 5301 διαδέξονται

359 5338 471 5406 τὴν
512 5331 823 5387 ἀπόλαυσιν
847 5370 864 5396 ,
897 5328 1164 5393 πολλάκις
1193 5330 1346 5392 ὅντες
1379 5329 1474 5382 καὶ
1511 5328 1825 5398 δυσμενεῖς,
1893 5325 1969 5390 ὡς

362 5427 516 5501 μηδὲ
550 5423 848 5498 φροντίσαι
893 5422 993 5491 τῆς
1046 5421 1436 5492 προσηκούσης
1491 5421 1688 5491 ἐκείνῳ
1745 5418 1965 5489 ταφῆς·

355 5523 512 5578 ἀλλὰ
547 5517 995 5590 παρεωραμένον
1011 5517 1336 5571 καταλιπεῖν
1356 5515 1449 5568 καὶ
1481 5513 1766 5577 παντελῶς
1797 5514 1969 5583 ἀπροί-

355 5614 591 5685 νόητον.

439 5745 621 5802 Τοῦτο
649 5743 710 5798 δὲ
746 5741 965 5806 πολλοῖς
1001 5742 1259 5805 πολλάκις
1325 5741 1696 5813 συμϐέϐηκεν,
1755 5742 1856 5796 οὐκ
1911 5744 1968 5795 ἐν

350 5845 492 5906 ταῖς
528 5835 973 5908 παρῳχημέναις
1003 5831 1216 5903 γενεαῖς
1252 5833 1436 5903 μόνον,
1460 5834 1597 5888 ἀλλά
1631 5836 1732 5888 κάν
1750 5837 1814 5904 τῇ
1843 5833 1966 5888 καθ’

567 5928 860 5987 Ριτιιοι.
901 5925 1017 5984 Gn.
1063 5923 1340 5985 XCVI".

2071 3321 2278 3392 gnitate
2306 3335 2434 3391 erga
2467 3336 2737 3390 pauperes
2771 3322 3126 3390 comparatis,
3161 3324 3310 3376 unde
3339 3331 3545 3378 mterna
3583 3325 3661 3378 illi

2070 3423 2123 3468 et
2153 3421 2410 3482 perpetua
2461 3413 2718 3468 alimenta
2762 3413 3204 3484 suppeditentur.
3242 3414 3337 3468 Vir
3367 3416 3515 3469 enim
3560 3433 3660 3470 ex-

2072 3514 2262 3560 ternus
2291 3505 2428 3560 alter
2467 3506 2521 3559 in
2557 3505 2676 3575 ejus
2705 3521 2836 3574 opes
2867 3505 3142 3570 succedet,
3175 3508 3267 3576 qui
3295 3507 3420 3562 edat
3446 3510 3656 3572 omnia.

2069 3605 2125 3650 et
2151 3597 2398 3666 corporis
2441 3597 2815 3665 voluptatibus
2857 3609 2922 3651 ac
2966 3597 3234 3666 pudendis
3283 3598 3659 3670 improbisque

2071 3688 2237 3742 rebus
2267 3686 2586 3756 impendens
2616 3687 2892 3742 absumat.
2937 3686 2990 3743 ld
3027 3703 3196 3758 porro
3241 3704 3474 3746 summae
3501 3694 3660 3746 vani-

2072 3780 2200 3834 tatis
2239 3778 2502 3832 indicium
2544 3788 2630 3832 est
2667 3785 2721 3832 et
2754 3779 2978 3847 pessimi
3027 3775 3332 3848 languoris,
3365 3781 3458 3850 qui
3505 3793 3660 3835 men-

2071 3880 2180 3925 tem
2206 3869 2327 3939 ejus
2359 3869 2748 3938 rationemque
2777 3869 3090 3939 occupavit,
3121 3872 3327 3940 quique
3357 3871 3412 3924 in
3454 3871 3656 3927 inferni

2070 3964 2298 4033 laqueos
2327 3970 2382 4016 et
2431 3961 2484 4014 in
2523 3961 2720 4015 mortis
2745 3961 3045 4030 perniciem
3082 3961 3266 4024 traxit.
3299 3961 3483 4032 Atque
3516 3964 3654 4028 haec,

2071 4053 2268 4122 inquit,
2298 4049 2556 4106 vanitatis
2595 4058 2650 4106 et
2692 4049 2916 4120 pessimi
2955 4051 3238 4122 languoris
3288 4054 3500 4123 species
3545 4069 3655 4109 non

2067 4157 2259 4200 eorum
2295 4143 2472 4199 solum
2518 4151 2621 4210 est,
2657 4143 2750 4214 qui
2799 4144 3018 4199 brevem
3049 4143 3196 4199 nacti
3227 4143 3416 4208 vitam,
3447 4160 3657 4214 paucos

2067 4234 2166 4288 aevi
2199 4234 2316 4288 dies
2347 4233 2617 4298 habuere;
2648 4233 2742 4288 sed
2774 4232 2877 4288 etsi
2903 4233 3242 4303 producatur
3263 4233 3388 4289 vita:
3413 4235 3658 4290 hominis

2068 4321 2328 4381 mensura
2370 4326 2425 4380 in
2461 4339 2636 4380 annos
2666 4325 2875 4396 plures,
2911 4334 2966 4380 ct
2999 4325 3118 4381 dies
3151 4341 3421 4380 annorum
3451 4330 3574 4396 ejus
3604 4339 3660 4382 et

2067 4418 2346 4474 terrestris
2386 4418 2554 4489 hujus
2603 4419 2960 4475 habitationis
3007 4418 3061 4472 in
3095 4418 3430 4474 immensum
3463 4420 3659 4474 multi-

2066 4515 2380 4582 plicantur,
2428 4511 2702 4582 siquidem
2750 4511 2991 4566 animam
3039 4511 3156 4581 ipse
3199 4526 3358 4566 suam
3413 4511 3659 4568 bonitate

2071 4603 2358 4668 fraudavit,
2391 4619 2556 4673 quam
2591 4603 2970 4658 misericordia
2997 4613 3052 4656 et
3078 4602 3328 4672 largitate
3353 4619 3479 4674 erga
3521 4620 3656 4674 ρους

2067 4702 2226 4762 peres
2258 4706 2580 4762 comparare
2625 4692 2729 4748 sibi
2755 4702 2971 4761 posset,
3014 4691 3135 4760 pari
3173 4693 3364 4762 utique
3397 4695 3659 4751 vanitatis

2068 4781 2401 4853 pessimique
2443 4781 2726 4851 languoris
2777 4782 2969 4837 morbo
3007 4782 3259 4836 laborare
3305 4793 3514 4852 perget.
3548 4782 3660 4840 Ne-

2067 4887 2176 4944 que
2221 4873 2367 4926 enim
2414 4873 2700 4926 mortalem
2753 4887 2814 4926 se
2859 4886 2981 4926 esse
3034 4873 3087 4925 in
3128 4873 3376 4926 animum
3419 4875 3658 4940 induxit,

2069 4979 2236 5033 seque
2283 4977 2350 5018 ex
2412 4963 2519 5018 hac
2564 4963 2676 5017 vita
2728 4963 2980 5017 avulsum
3035 4963 3142 5027 iri;
3207 4973 3294 5017 res
3345 4979 3476 5020 vero
3527 4983 3660 5024 ευιιε

2069 5067 2372 5124 omnesque
2400 5068 2532 5122 opes
2569 5053 2638 5108 ad
2677 5053 2838 5117 alios,
2881 5069 3025 5122 smpe
3072 5064 3126 5108 et
3160 5055 3347 5111 hostes
3391 5059 3664 5115 transitu-

2069 5161 2180 5210 ras,
2225 5145 2318 5216 qui
2376 5145 2458 5200 sic
2504 5145 2666 5200 bonis
2705 5145 2828 5214 ejus
2871 5143 3148 5208 fruantur,
3203 5155 3262 5199 ut
3306 5162 3376 5202 ne
3421 5149 3662 5219 dejusto

2069 5239 2288 5309 quidem
2324 5236 2498 5307 ipsius
2533 5237 2694 5310 155,
2718 5237 2974 5307 sepulcro
3003 5253 3134 5292 cura
3165 5249 3448 5310 suscepta,
3476 5245 3662 5314 negle~

2071 5341 2220 5388 ctum
2256 5330 2440 5402 plane,
2483 5341 2652 5402 atque
2688 5331 2986 5400 inglorium
3036 5331 3398 5406 ignotumque
3428 5334 3666 5392 derelin-

2069 5433 2260 5496 quant.

2142 5738 2299 5806 Quod
2342 5738 2530 5794 multis
2566 5735 2811 5808 profecto
2855 5751 3002 5809 saepe
3046 5739 3298 5810 contigit,
3347 5731 3449 5798 nec
3485 5753 3669 5801 trans-

2069 5831 2208 5886 actis
2245 5839 2460 5884 tantum
2494 5829 2772 5898 aetatibus,
2803 5831 2898 5886 sed
2933 5830 3098 5886 etiam
3142 5841 3356 5895 nostra,
3387 5843 3447 5888 ut
3477 5849 3667 5892 omnes

3261 5922 3335 5987 31
