4036 6396
314 515 424 582 977

1399 519 1484 584 ΙΝ
1530 520 2110 585 ECCLESIASTEN.
2152 553 2216 561 -
2258 525 2406 588 LIB.
2440 530 2535 591 VI.

3492 539 3594 600 978

316 642 433 688 σως
464 623 719 692 διέξεισιν
747 622 920 676 εἰπών
951 639 961 650 ·
996 640 1015 674 ι
1070 623 1302 692 Ἀγαθὸν
1362 627 1552 698 ὅραμα
1611 629 1911 698 ὀφθαλμῶν

2029 632 2162 687 .inus
2207 632 2287 688 sic
2331 637 2624 692 edisserit:
2657 657 2675 688 ι
2709 636 2914 694 Banum
2965 649 3049 696 est
3105 657 3250 712 σερε(
3271 652 3358 700 tus
3408 649 3596 702 oculo-

321 719 466 789 ὓπερ
497 716 869 788 πορευόμενον
905 717 1076 788 ψυχῇ,
1123 717 1218 770 καί
1266 735 1331 786 γε
1389 719 1552 772 τοῦτο
1606 723 1912 792 ματαιότης

320 810 424 864 καί
443 808 769 879 προαίρεσις
804 808 1118 879 πνεύματος
1152 826 1166 840 ·
1195 830 1214 861 ι
1237 813 1336 877 τὴν
1371 813 1427 864 ὲν
1459 811 1644 864 ἐλπίσι
1670 813 1770 882 τῆς
1791 814 1914 882 μελ-

319 895 529 970 λούσης
570 901 716 967 ζωῆς
748 899 1053 970 πρόϐλεψιν
1081 901 1192 955 τῶν
1230 903 1432 971 νοερῶν
1478 903 1782 972 ὀφθαλμῶν
1821 905 1918 957 ὲνσι

320 991 518 1047 τεῦθεν
557 992 1076 1062 παραινιττόμενος,
1111 993 1233 1046 καθ’
1273 994 1340 1072 ἢν
1369 995 1463 1046 καὶ
1497 994 1639 1058 πρὸς
1665 996 1732 1066 ῆν
1775 994 1918 1047 πάν·-

322 1100 421 1147 τες
451 1101 470 1134 ι
507 1083 557 1137 οἱ
597 1082 658 1146 ἐξ
698 1084 897 1147 αἰῶνος
948 1083 1043 1136 τὸν
1073 1084 1282 1155 Κύριον
1315 1085 1734 1154 ὑπομείναντες,
1774 1105 1792 1136 ι
1855 1086 1920 1138 ὲν

326 1175 695 1245 πολυτρόποις
749 1174 1077 1244 κακουχίαις
1108 1177 1204 1228 καί
1260 1177 1476 1246 θλίψεσι
1533 1176 1797 1246 διήνυσαν
1850 1177 1918 1230 τὸ

330 1252 546 1320 στάδιον
575 1265 676 1335 τῆς
737 1264 1023 1335 παρούσης
1056 1262 1206 1334 ζωῆς
1238 1283 1252 1296 ο
1291 1266 1340 1318 οἰ
1393 1267 1486 1320 καὶ
1523 1265 1770 1336 βελτίους
1819 1265 1924 1318 εὑρ-

327 1355 570 1426 ρὲθησαν
597 1354 868 1425 ἁριδήλως
899 1355 1009 1410 τῶν
1039 1357 1434 1425 πορευομένων
1480 1358 1538 1408 ὲν
1555 1358 1676 1419 ταῖς
1713 1357 1924 1426 ὁρμαῖς

325 1445 438 1500 τῶν
494 1445 749 1517 ψυχικῶν
805 1444 986 1500 αὐτῶν
1034 1445 1399 1516 βουλημάτων
1464 1445 1604 1516 πρὸς
1655 1447 1794 1516 μόνα
1845 1446 1923 1498 τὰν

327 1538 576 1608 παρόντα
629 1539 726 1592 καὶ
790 1537 1131 1608 φθειρόμενα
1184 1539 1480 1609 κεχηνότες
1509 1579 1523 1601 ,
1587 1539 1682 1591 καὶ
1747 1537 1934 1607 μηδε--

330 1629 466 1700 μίαν
517 1630 770 1700 ὀπτικὴν-
805 1631 1148 1701 κτησάμενοι
1203 1630 1314 1683 τῶν
1361 1629 1565 1700 νοερῶν
1614 1627 1918 1698 ὀφθαλμῶν

324 1719 560 1789 δύναμιν
611 1720 702 1773 διὰ
754 1721 996 1783 πίστεως
1053 1721 1196 1792 πρὸς
1273 1720 1375 1791 τὴν
1437 1720 1548 1773 τῶν
1617 1719 1913 1789 ἐλπιζομέ‹

325 1828 438 1866 νων
493 1811 716 1880 ἀγαθῶν
771 1813 1119 1882 πραγμάτων
1171 1811 1472 1866 ὑπόστασιν
1496 1826 1512 1840 ⁸
1541 1811 1659 1865 ἀλλ’
1711 1807 1800 1864 οἷα
1848 1810 1914 1881 δὴ

324 1905 555 1988 ψυχικοὶ
592 1905 667 1976 μὴ
692 1904 985 1975 δεξαμένοι
1006 1905 1078 1957 τὰ
1105 1903 1201 1958 τοῦ
1232 1903 1571 1974 πνεύματος,
1605 1905 1728 1968 ταῖς
1785 1902 1914 1973 βιω-

2022 737 2142 775 rum
2189 737 2354 792 super
2391 724 2762 780 ambulantem
2809 729 3016 796 anima,
3060 730 3163 785 hoc
3191 733 3356 786 etiam
3385 736 3598 793 vanitas

2019 823 2072 868 et
2127 817 2484 884 praesumptio
2541 817 2798 886 Spiritus;
2831 838 2850 872 ι
2908 832 3258 892 prospectum
3314 825 3399 882 his
3447 827 3598 881 desi-

2019 918 2196 973 gnans
2242 904 2566 974 spiritalium
2617 909 2925 977 oculorum,
2966 912 3096 966 dum
3142 911 3381 970 futuram
3428 917 3596 971 vitam

2019 1007 2326 1062 speramus,
2375 1006 2600 1066 propter
2647 1013 2810 1068 quam
2855 1009 2910 1056 et
2961 1003 3220 1074 adquam
3254 1019 3466 1070 omnes,
3502 1006 3596 1077 qui

2027 1099 2046 1132 ι
2074 1098 2104 1136 a
2135 1083 2341 1137 saeculo
2368 1083 2656 1140 Dominum
2701 1089 3012 1146 sustinuere
3034 1091 3100 1157 υ,
3140 1111 3158 1143 ι
3201 1108 3296 1162 per
3321 1109 3599 1150 aerumnas

2022 1173 2221 1228 multas
2251 1183 2417 1244 atque
2446 1177 2729 1248 angustias
2765 1183 3048 1249 praesentis
3080 1185 3204 1240 vita:
3236 1186 3470 1240 stadium
3498 1187 3601 1242 ab-

2022 1271 2304 1326 sum-runt
2335 1271 2450 1344 (45)
2487 1289 2500 1326 :
2535 1271 2627 1342 qui
2657 1280 2709 1326 et
2741 1273 3148 1342 praestantiores
3172 1275 3290 1330 sine
3315 1276 3483 1330 dubio
3517 1276 3601 1330 in-

2023 1363 2170 1417 venti
2203 1373 2353 1428 sunt,
2389 1379 2554 1434 quam
2600 1364 2776 1435 ii,qui
2817 1367 3078 1436 appetitui
3115 1377 3168 1421 et
3210 1368 3600 1437 cupiditatibus

2022 1455 2138 1510 suis
2179 1462 2446 1525 perpetuo
2482 1455 2849 1526 indulgentes,
2899 1473 2963 1512 ac
2997 1459 3282 1526 pratsentia
3321 1459 3498 1514 solum
3547 1467 3602 1512 et

2021 1547 2228 1602 caduca
2273 1547 2573 1611 inhiantes,
2616 1559 2729 1602 tum
2781 1549 2928 1605 nulla
2973 1551 3181 1620 praediti
3225 1550 3484 1606 facultate
3531 1552 3602 1606 ad

2021 1639 2315 1694 videndum
2357 1640 2694 1708 spiritalibus
2737 1641 2914 1697 oculis
2966 1656 3063 1712 per
3111 1643 3269 1698 fidem
3318 1659 3445 1698 vera
3486 1643 3598 1708 illa,

2021 1745 2142 1800 quae
2173 1745 2464 1799 speramus
2492 1731 2656 1798 bona,
2683 1731 2778 1786 sed
2807 1733 2972 1788 veluti
3007 1735 3166 1804 plane
3193 1735 3458 1790 animales
3480 1751 3603 1805 qua)

2022 1828 2252 1899 spiritus
2319 1837 2468 1888 sunt,
2529 1827 2757 1882 minime
2816 1831 3109 1901 perceptis,
3161 1831 3326 1884 vitam
3381 1845 3600 1886 omnem

2022 1935 2178 1976 suam
2209 1921 2261 1973 in
2307 1921 2628 1989 quotidiano
2668 1920 2856 1974 tnundi
2898 1923 3136 1976 tutnultu
3173 1933 3336 1992 atque
3366 1923 3420 1976 in
3451 1924 3603 1977 volu-

325 1999 514 2060 τικαῖς
551 1998 646 2050 καὶ
678 1999 974 2066 κοσμικαῖς
1007 1996 1247 2067 τύρϐαις
1281 1997 1376 2049 καὶ
1406 1995 1644 2065 τέρψεσι
1677 1995 1774 2048 καὶ
1812 1997 1914 2066 ῥᾳσ-

2029 2013 2260 2082 ptatibus
2309 2022 2364 2067 et
2420 2012 2648 2067 desidiis
2711 2013 2912 2068 misere
2951 2023 3286 2084 exegerunt,
3341 2014 3602 2069 diuturno

329 2087 568 2150 πώναις
611 2088 768 2158 παρὰ
801 2088 984 2141 πάντα
1022 2087 1114 2140 τὸν
1147 2086 1360 2142 ἑαυτῶν
1391 2086 1507 2157 βίον
1537 2085 1738 2149 ἀθλίως
1785 2086 1918 2156 ἐζη-

328 2194 456 2243 σαν,
490 2179 548 2232 ὲν
579 2175 911 2248 ματαιότητι
934 2175 1430 2238 καταναλώσαντες
1459 2176 1524 2229 τὸ
1550 2174 1765 2244 δολιχὸν
1815 2171 1915 2227 τοῦ

329 2271 532 2344 χρόνου
581 2271 886 2342 διάστημα.
917 2270 1092 2325 Τοῦτο
1130 2271 1242 2342 γὰρ
1285 2270 1718 2340 αἰνιττόμενοςό
1755 2267 1923 2336 σοφὸς

343 2363 784 2434 Ἐκκλησιαστὴς
815 2359 974 2426 αὖθίς
1003 2380 1166 2434 φησι,
1209 2381 1228 2414 ι
1263 2361 1373 2415 Καί
1400 2378 1465 2431 γε
1499 2359 1659 2414 τοῦτο
1689 2359 1924 2430 ματαιό-

333 2467 436 2520 της
461 2449 553 2502 καὶ
583 2450 908 2520 προαίρεσις
942 2449 1280 2520 πνεύματος.
1321 2468 1342 2500 ι
1387 2443 1489 2503 Ὦν
1533 2451 1698 2520 ἡμεῖς
1753 2449 1924 2516 ὲκφυυ

337 2538 530 2604 γόντες
553 2537 652 2606 τὴν
695 2537 955 2608 μίμησιν,
972 2539 1074 2608 τὴν
1116 2537 1540 2610 προϐλεπτικὴν
1573 2539 1685 2592 τῶν
1716 2536 1924 2608 νοερῶν

335 2627 631 2700 ὀφθαλμῶν
659 2629 817 2700 ἡμῶν
853 2629 1174 2700 όξυδερκίαν
1217 2633 1510 2684 κατέναντι
1563 2629 1667 2698 τῆς
1697 2627 1925 2700 μελλού-

337 2737 443 2791 σης
472 2712 616 2806 ζωῇς
650 2722 1050 2792 ἁνατείνωμεν,
1083 2723 1219 2793 πρὸς
1247 2723 1312 2777 τὸ
1348 2723 1606 2794 βραϐεῖον
1651 2722 1752 2790 τῆς
1808 2721 1924 2775 ἄνω

334 2811 588 2881 κλήσεως
613 2810 708 2865 τοῦ
735 2811 874 2866 Θεοῦ
904 2807 1292 2884 πορευόμενοὶ,
1321 2813 1420 2867 καὶ
1471 2813 1600 2875 τοὺς
1653 2811 1920 2884 πτωχοὺς

335 2903 706 2974 οἰκτείροντες
741 2905 836 2958 καὶ
867 2905 1172 2976 κιχρῶντες
1209 2907 1325 2969 τοῖς
1360 2905 1615 2976 πένησιν,
1679 2906 1781 2974 ὅση
1828 2903 1926 2958 δύ-

337 3011 526 3066 ναμις,
567 2995 660 3050 ἴνα
682 2996 1133 3062 πολλαπλασίους
1174 2997 1586 3069 ἀντιδεξώμεθα
1616 2997 1926 3068 Χριστὸθεν

336 3089 441 3152 τὰς
491 3089 734 3160 ἀμοιϐάς
769 3107 784 3123 ο
827 3108 848 3142 ι
903 3091 962 3145 '0
1017 3091 1128 3163 γὰρ
1188 3091 1359 3144 ἐλεῶν
1411 3090 1632 3161 πτωχὸν
1690 3089 1928 3154 δανείζει

336 3177 480 3248 Θεῷ,
513 3196 531 3230 ι
565 3179 701 3250 φησί
732 3197 836 3234 που
862 3180 924 3234 τὸ
951 3180 1131 3250 λόγιον
1161 3180 1266 3248 τῆς
1306 3180 1460 3244 θείας
1513 3181 1742 3252 Γραφῆς
1775 3197 1789 3214 ο
1830 3178 1926 3233 καί

332 3271 439 3341 τὴν
463 3271 573 3324 τῶν
598 3273 844 3343 οὐρανῶν
874 3273 1155 3344 βασιλείαν
1179 3273 1668 3343 κληρονομήσομεν
1695 3274 1753 3325 ὲν
1775 3269 1927 3340 αὑτῷ

2018 2104 2283 2173 temporis
2311 2103 2485 2173 spatio
2516 2103 2568 2157 in
2595 2103 2834 2159 vanitate
2863 2113 3210 2174 consumpto.
3242 2103 3377 2159 Nam
3406 2106 3513 2160 hoc
3545 2116 3604 2160 ut

2019 2193 2374 2264 significaret,
2407 2195 2624 2264 sapiens
2654 2195 3018 2250 Ecclesiastes
3053 2195 3252 2250 iterum
3278 2198 3356 2250 ait
3386 2212 3398 2247 :
3436 2214 3453 2248 ι
3488 2194 3602 2248 lloc

2020 2287 2184 2342 etiam
2239 2287 2453 2341 vanitas
2507 2294 2561 2340 et
2609 2287 2964 2356 pra-sumptio
3001 2287 3249 2356 spiritus.
3285 2305 3306 2338 ι
3353 2286 3601 2354 Quorum

2024 2395 2124 2434 nos
2145 2378 2508 2434 imitationem
2533 2379 2792 2445 aversati,
2814 2379 3186 2450 perspicacem
3211 2381 3408 2434 mentis
3431 2379 3604 2435 aciem

2022 2481 2077 2527 et
2125 2479 2314 2526 totam
2359 2469 2690 2540 Spiritalium
2741 2471 3026 2525 oculorum
3077 2471 3188 2524 vim
3238 2471 3306 2526 ad
3362 2469 3604 2526 futuram

2022 2563 2190 2618 vitam
2252 2562 2623 2627 intendamus,
2679 2561 2923 2617 victoriae
2971 2563 3295 2632 praemium,
3346 2563 3414 2618 ad
3459 2563 3608 2634 quod

2024 2653 2169 2710 Deus
2209 2669 2310 2711 nos
2338 2663 2517 2720 vocat,
2547 2662 2816 2724 petentes,
2863 2663 2918 2709 et
2957 2663 3222 2724 quantum
3253 2655 3485 2725 quisque
3510 2669 3608 2726 po-

2025 2756 2151 2813 test,
2183 2747 2562 2802 misericordia
2591 2755 2644 2802 et
2671 2746 2924 2818 largitate
2954 2745 3222 2802 mendicis
3251 2755 3414 2817 atque
3443 2761 3607 2818 egen-

2025 2839 2171 2894 tibus
2216 2838 2552 2908 opitulantes
2583 2856 2597 2893 :
2631 2853 2742 2909 quo
2782 2838 3152 2909 amplissimas
3185 2855 3216 2894 a
3253 2838 3478 2894 Christo
3520 2853 3606 2892 rr-

2025 2925 2437 2986 munera‘tiones
2470 2929 2802 2986 referamus:
2841 2948 2859 2982 ι
2891 2929 2994 2996 Qui
3023 2930 3170 2985 enim
3206 2930 3460 3000 pauperis
3500 2929 3606 2983 mi-

2024 3030 2277 3085 seretur,
2332 3019 2618 3074 feneratur
2673 3020 2786 3074 Deo
2808 3019 2888 3084 ³³,
2924 3037 2944 3070 ι
3003 3027 3065 3074 ιιι
3119 3028 3204 3074 est
3262 3019 3317 3073 in
3367 3018 3608 3073 oraculis

2023 3112 2331 3167 divinarum
2359 3109 2690 3166 Litterarum
2720 3128 2734 3164 :
2763 3119 2816 3166 et
2845 3111 3000 3182 regni
3047 3110 3288 3166 caelestis
3317 3107 3607 3164 haeredita-

2025 3207 2131 3254 tem
2178 3199 2442 3254 adeamus
2493 3214 2618 3254 cum
2677 3199 2801 3269 ipso
2849 3199 3067 3255 Christo
3102 3199 3212 3255 Deo
3261 3207 3477 3264 nostro,
3520 3198 3610 3255 cui

2028 3289 2200 3359 gloria
2221 3297 2277 3344 et
2302 3289 2594 3359 imperium
2619 3303 2745 3343 cum
2769 3285 3142 3359 omnipotente
3165 3287 3324 3344 Patre
3345 3297 3399 3344 et
3420 3295 3613 3342 sancto

333 3363 568 3433 Χριστῷ
596 3363 676 3433 τῷ
721 3363 841 3435 Θεῷ
873 3366 1058 3436 ἡμῶν,
1085 3359 1132 3434 ᾧ
1156 3367 1191 3435 ἠ
1218 3364 1350 3432 δόξα
1378 3365 1476 3418 καὶ
1499 3363 1562 3416 τὸ
1594 3351 1800 3434 κράτος
1829 3363 1925 3416 σὺν

2029 3350 2288 3450 bonoque
2329 3350 2398 3434 ac
2427 3380 2552 3435 vitae
2589 3389 2814 3436 auctore
2854 3350 3063 3450 Spiritu
3106 3395 3256 3437 nunc
3301 3389 3357 3437 et
3396 3393 3614 3450 semper

331 3452 416 3525 τῷ
457 3457 871 3528 παντοκράτορι
898 3457 1075 3529 Πατρί
1111 3457 1210 3512 καὶ
1237 3459 1319 3529 τῷ
1359 3455 1617 3527 παναγίῳ
1651 3455 1744 3508 καὶ
1783 3455 1926 3522 ἁγα-

335 3545 418 3616 θῷ
445 3545 541 3600 καὶ⁵
569 3545 817 3618 ζωοποιῷ
847 3550 1133 3620 Πνεὺματι
1165 3549 1262 3604 νῦν
1286 3549 1382 3606 καὶ
1421 3548 1510 3607 ἀεὶ
1553 3547 1651 3602 καὶ
1675 3547 1760 3610 είς
1799 3545 1928 3610 τοὺς

333 3637 547 3703 αἰῶνας
581 3637 690 3692 τῶν
712 3637 952 3696 αἰώνων.
993 3640 1192 3712 Ἀμήν.

2033 3479 2089 3526 et
2121 3470 2176 3526 in
2209 3469 2408 3527 saecula
2444 3471 2799 3528 saeculorum.
2832 3472 3026 3528 Amen.

1568 4019 1937 4144 ΑοΓοΣ
1975 4020 2389 4126 ΕΚΤΟΣ.⁸
2444 4037 2450 4042 α

1507 4288 1864 4378 LIBER
1937 4285 2439 4377 SEXTUS.

1935 4626 2042 4699 δι.

415 4744 494 4801 Εἰ
522 4761 575 4799 τι
597 4743 858 4815 ἐγένετο,
891 4741 1014 4812 ἤδη
1047 4742 1336 4812 κέκληται
1369 4743 1560 4812 ὄνομα
1583 4745 1793 4810 αὐτοῦ,
1825 4746 1925 4800 καί

2038 4771 2048 4777 ·
2108 4747 2270 4820 159
2299 4745 2469 4803 Vsus.
2525 4747 2609 4802 10.
2655 4745 2715 4802 Si
2763 4747 2891 4818 quid
2922 4745 3064 4817 fuit,
3097 4742 3216 4812 jam
3256 4750 3500 4796 vocatum
3543 4753 3622 4792 eu

337 4834 619 4907 ἐγνώσθη
671 4834 706 4888 ὅ
753 4835 928 4888 ἐστιν
975 4831 1310 4901 ἄνθρωπος,
1349 4835 1449 4888 καί
1491 4835 1564 4889 οὐ
1602 4834 1937 4903 δυνήσεται

337 4927 454 4983 τοῦ
490 4925 764 4995 κριθῆναι
781 4925 933 4996 μετὰ
973 4926 1081 4980 τοῦ
1110 4925 1502 4996 ἰσχυροτέρου
1540 4926 1696 4996 ὑπὲρ
1721 4931 1936 4996 αὐτὸν,

339 5004 455 5073 ὅτι·
483 5017 604 5072 είσί
632 5018 804 5086 λόγοι
829 5017 1047 5071 πολλοὶ
1109 5018 1524 5086 πληθύνοντες
1545 5020 1936 5088 gat-ardenter.

417 5108 876 5181 Καθυπογράψας
906 5108 1004 5162 καὶ
1040 5109 1390 5179 κωμῳδήσας
1441 5109 1541 5162 τὸν
1589 5109 1934 5180 ἀνελεήμονα

343 5200 443 5255 καὶ
475 5199 736 5270 φειδωλὸν
787 5199 1046 5254 πλούσιον
1089 5199 1448 5264 παντοδαπῶς
1501 5202 1598 5256 καὶ
1654 5204 1936 5268 ποικίλως,

346 5296 444 5346 καὶ
473 5291 666 5364 μέντοι
703 5291 799 5345 τὸν
826 5293 1202 5364 πορευόμενον
1228 5293 1418 5358 ἁπλῶς
1451 5297 1572 5358 ταῖς
1601 5295 1801 5367 ὁρμαῖς
1829 5296 1938 5350 τῶν

340 5383 596 5456 ψυχικῶν
655 5383 1030 5455 βουλημάτων,
1060 5385 1156 5439 καί
1225 5385 1493 5458 μηδαμῶς
1575 5387 1942 5459 στοιχειοῦντα

418 5503 633 5563 "Psal.
660 5520 808 5574 xxvr,
835 5504 922 5564 14.
989 5505 1034 5538 ³³
1060 5503 1224 5562 Prov.
1263 5522 1374 5571 xix,
1411 5505 1500 5560 17.

425 5641 539 5720 μὸ)
573 5639 965 5720 Symmachum
991 5638 1528 5720 sinedubi'omoster
1557 5637 1934 5720 Inest-squitur:

347 5707 553 5784 quippe
589 5707 707 5766 lizec
734 5711 823 5765 ille
844 5711 924 5764 sic
951 5709 1184 5764 reddidit
1219 5727 1232 5764 :
1266 5708 1484 5763 Βέλτιον
1511 5707 1868 5790 προϐλέπειν,
1901 5708 1935 5778 ἢ

345 5781 554 5838 ὁδεύειν
580 5781 941 5848 αὑταρεσκία.
971 5777 1030 5834 Id
1055 5786 1160 5845 est,
1199 5778 1430 5834 Praestat
1463 5781 1754 5847 providere,
1780 5793 1939 5848 quam

349 5797 554 5838 oosusw
580 5797 941 5852 αυταρεσκια.
973 5797 1030 5834 ιιι
1055 5797 1160 5845 εει,
1199 5797 1430 5834 rrwstat
1463 5797 1754 5847 promaere,
1780 5797 1938 5848 quam

349 5852 626 5911 ambulare
677 5859 835 5920 prout
887 5837 1037 5912 libet,
1074 5850 1208 5920 sive
1246 5851 1550 5920 secundum
1587 5863 1728 5902 vana
1761 5847 1938 5920 animi

351 5921 648 5980 desideria.
675 5918 808 5976 Nam
839 5920 984 5993 ψυχὴ
1013 5919 1179 5977 etiam
1204 5927 1285 5978 est
1313 5919 1375 5974 τὸ
1403 5918 1803 5990 ἐπιθυμητικόν
1825 5933 1839 5950 ο
1879 5925 1940 5972 ιιι

2036 4857 2225 4896 nomen
2255 4841 2392 4911 ejus,
2421 4849 2472 4894 et
2515 4839 2783 4911 cognitum
2821 4838 2961 4910 quod
2983 4845 3060 4892 est
3097 4836 3276 4900 homo,
3301 4845 3350 4889 et
3388 4849 3490 4887 non
3535 4847 3621 4901 po.

2037 4933 2161 4987 terit
2208 4930 2519 4985 contendere
2570 4945 2688 4984 cum
2724 4928 2944 4999 fortiore
2995 4943 3152 4998 super
3193 4942 3269 4990 se,
3324 4925 3452 4994 quia
3499 4930 3622 4976 sunt

2040 5024 2194 5080 verba
2221 5024 2391 5078 multa
2423 5021 2844 5092 multiplicanlia
2873 5021 3163 5074 vanitatem
3190 5017 3324 5090 (ιθ).

2112 5115 2290 5170 Divite
2323 5114 2460 5184 jam,
2505 5115 2598 5183 qui
2648 5120 2702 5168 et
2749 5111 3144 5167 immisericors
3178 5111 3253 5166 sit
3293 5117 3347 5163 et
3398 5119 3622 5167 avarus.
3715 5128 3729 5144 α

2060 5204 2411 5262 omnifariam
2443 5203 2742 5274 multisque
2773 5201 2951 5258 modis
2981 5200 3260 5270 descripto
3298 5211 3363 5254 ac
3417 5203 3625 5264 notato,

2046 5310 2149 5350 nec
2186 5295 2367 5349 minus
2416 5307 2505 5360 eo,
2553 5293 2650 5363 qui
2685 5307 2792 5349 non
2831 5291 2999 5347 alium
3030 5291 3156 5347 vitae
3199 5291 3392 5346 ducem
3440 5287 3624 5352 habet,

2049 5402 2214 5459 quam
2261 5386 2562 5457 appetitum
2593 5384 2968 5454 animalesque
3013 5381 3361 5455 cupiditates,
3390 5395 3456 5436 ac
3489 5378 3627 5437 nihil

2046 5637 2595 5715 cum_ait_l_’salmista
2631 5633 2998 5715 s_a_nctus.}}ih
3020 5630 3282 5715 παραδῴς
3318 5647 3386 5700 με
3416 5631 3498 5708 εἰς
3526 5627 3629 5712 ψυ-

2045 5710 2148 5780 χὰς
2178 5708 2476 5780 θλιϐόντων
2504 5724 2571 5778 με
2598 5723 2614 5739 ο
2650 5707 2700 5761 id
2737 5715 2841 5780 es_t,
2878 5701 2958 5780 Ne
2983 5701 3270 5780 tradideris
3313 5717 3393 5755 me
3421 5703 3476 5755 ιιι
3509 5701 3627 5753 ani»

2047 5769 2162 5834 iam}:
2197 5769 2706 5848 tribulantirinyne.
2745 5769 3122 5848 (Ps_al._x_xvt,
3163 5769 3276 5844 12.)

2118 5849 2232 5922 (46)
2273 5848 2429 5921 Apud
2457 5845 2600 5903 LXX
2623 5889 2635 5903 .
2657 5888 2669 5903 .
2696 5887 2708 5901 .
2726 5841 2864 5902 [καὶ
2890 5845 2952 5900 οὑ
2975 5841 3265 5914 δυνήσεται
3293 5841 3572 5914 κριθῆναι.
