4036 6386
526 481 639 543 979

1625 475 1689 537 S.
1740 474 2122 537 GREGORII
2162 473 2649 535 AGRIGENTIN
2650 475 2678 533 Ι
3663 475 3744 540 980

519 596 593 651 de
633 607 847 650 morum
891 606 1125 648 suorum
1153 588 1540 647 emendatione
1584 588 1866 660 animique
1897 588 2112 644 cultura

2227 586 2310 640 ιιαὶ
2356 585 2696 658 ῥυθμίζοντα
2727 585 2827 655 τὴν
2866 582 3014 655 ζωὴν
3035 585 3162 647 ταῖς
3188 587 3579 654 πνευματικαῖς
3617 605 3749 647 κατα.

523 686 772 753 laborat;
805 685 1005 741 transit
1041 696 1190 739 nunc
1224 681 1294 736 ad
1327 679 1559 735 alterum
1609 688 2021 750 argumentum,
2053 677 2115 733 in

520 793 700 849 eoque
743 787 994 834 versatur
1043 783 1211 845 atque
1241 771 1338 837 ait,
1392 770 1532 826 nihil
1579 770 1635 825 in
1685 769 1777 836 iis,
1806 784 1931 839 quae
1966 768 2112 822 facta

523 880 675 936 sunt,
702 869 953 924 relictum
980 882 1238 938 usquam,
1276 863 1427 937 quod
1456 863 1577 920 sine
1604 860 1970 932 appellatione
1998 859 2108 914 sit:

523 971 582 1017 et
625 960 894 1033 quidquid
930 958 1138 1015 factum
1185 959 1261 1014 sit
1310 965 1407 1013 aut
1452 969 1577 1012 esse
1626 953 1875 1024 coeperit,
1922 960 2112 1021 aptum

526 1068 727 1109 nomen
764 1053 1157 1123 propriumque
1186 1047 1516 1104 vocabulum
1562 1043 1879 1115 accepisse:
1912 1041 2115 1111 quippe

527 1146 711 1201 omnia
748 1159 930 1200 rerum
959 1142 1223 1199 Conditor
1252 1149 1377 1196 ante
1407 1138 1588 1203 novit,
1622 1145 1678 1193 et
1702 1135 1944 1191 futurum
1974 1132 2116 1188 scie-

526 1238 643 1301 bat,
671 1246 731 1291 ut
756 1236 1010 1292 homines
1038 1233 1437 1299 dividerentur,
1460 1238 1516 1285 et
1544 1229 1798 1301 pluribus
1837 1227 2117 1297 variisque

528 1331 843 1400 linguarum
901 1344 967 1384 ac
1017 1327 1379 1383 dialectorum
1429 1322 1753 1379 dill‘erentiis
1803 1319 2116 1392 distingue-

529 1431 743 1478 rentur.
786 1423 977 1492 Itaque
998 1421 1084 1476 vel
1106 1419 1154 1475 si
1181 1418 1308 1489 quis
1340 1432 1455 1473 rem
1498 1416 1739 1486 aliquam
1768 1429 1868 1486 pro
1897 1413 2116 1482 lingua-

532 1525 656 1564 rum
697 1525 762 1564 ae
807 1508 1170 1564 dialectorum
1222 1505 1543 1561 discrimine
1588 1503 1748 1558 aliter
1792 1503 2119 1571 diverseque

531 1600 894 1655 denominare
937 1604 1212 1663 conetur;
1261 1610 1371 1650 non
1428 1594 1552 1649 ideo
1606 1594 1782 1664 ipsam
1835 1607 1943 1647 non
1993 1605 2120 1647 esse

532 1693 818 1756 eamdem,
870 1700 967 1745 aut
1005 1705 1115 1745 non
1164 1688 1328 1744 talem
1376 1702 1603 1743 manere
1649 1693 1816 1756 atque
1855 1684 2116 1756 agnosci,

533 1785 717 1855 qualis
746 1799 777 1837 a
802 1781 1103 1839 Conditore
1125 1780 1268 1836 facta
1298 1786 1382 1835 est
1414 1798 1427 1833 :
1461 1787 1522 1833 ut
1560 1777 1868 1848 subjectum
1896 1777 2116 1847 quidem

534 1878 714 1946 ipsum
781 1873 1242 1946 appellationibus
1299 1870 1687 1928 denominetur
1730 1869 2013 1939 pluribus,
2064 1877 2119 1924 at

533 1967 899 2033 immutabile,
924 1965 995 2021 ob
1019 1964 1380 2020 dialectorum
1412 1961 1734 2018 varietatem
1758 1960 1898 2015 nihil
1928 1960 2119 2024 variet,

531 2070 586 2114 et
618 2072 726 2112 una
751 2056 872 2127 ejus
891 2055 1193 2126 eademque
1217 2061 1417 2107 natura
1443 2052 1534 2119 sit,
1568 2057 1692 2122 qua:
1717 2050 1938 2106 nomina
1965 2046 2122 2120 plura

532 2161 589 2208 et
617 2152 884 2208 vocabula
919 2149 1109 2206 multis
1158 2163 1191 2203 e
1227 2145 1434 2217 linguis
1476 2146 1623 2201 inter
1669 2160 1731 2200 se
1762 2144 1997 2200 diversis
2025 2143 2125 2198 ad-

532 2247 739 2310 mittat,
778 2245 847 2300 ad
902 2260 1017 2301 rem
1064 2256 1233 2297 unam
1289 2238 1686 2311 designandam
1737 2236 2120 2309 pertinentia:

533 2338 998 2408 quemadmodum
1035 2337 1093 2392 in
1131 2350 1271 2393 auro
1295 2344 1351 2391 et
1378 2334 1437 2389 in
1474 2333 1601 2405 igne
1642 2340 1808 2400 atque
1835 2330 1892 2385 in
1920 2329 2122 2386 simili-

532 2432 640 2488 bus
686 2432 877 2488 videre
906 2430 1030 2486 licet
1058 2428 1195 2502 (47).
1235 2427 1351 2483 Nec
1394 2440 1545 2491 vero,
1590 2424 1637 2480 si
1664 2423 1793 2496 quis
1834 2421 2122 2478 hominum

537 2525 700 2597 160
720 2523 928 2595 aliquid
961 2537 1175 2588 eorum,
1194 2536 1318 2592 quae
1346 2518 1489 2575 facta
1513 2526 1662 2585 sunt,
1703 2516 1980 2573 contrario
2019 2530 2124 2571 no-

533 2617 685 2672 mine
730 2615 1002 2686 appellare
1037 2613 1260 2678 audeat,
1300 2610 1507 2667 idcirco
1539 2624 1705 2681 quam
1746 2608 2011 2664 Conditor
2054 2606 2126 2663 ab

534 2709 753 2780 origine
798 2706 995 2762 indidit
1042 2703 1520 2761 nomenclaturam
1556 2709 1771 2756 mutare
1815 2700 1864 2756 is
1904 2700 2122 2771 possit,

538 2810 801 2870 tanquam
825 2797 872 2855 si
901 2797 1101 2853 melius
1135 2795 1348 2867 aliquid
1374 2792 1759 2866 excogitasset.
1788 2789 1949 2847 Novit
1976 2791 2125 2847 enim

535 2892 829 2956 Conditor,
849 2903 1014 2961 quam
1038 2887 1226 2960 gloriae
1248 2886 1496 2954 avidum,
1523 2899 1689 2957 quam
1717 2885 2123 2940 contentiosum

537 2981 745 3038 animal
796 2980 963 3041 homo
1017 2978 1239 3035 futurus
1291 2983 1439 3043 erat,
1493 2983 1551 3032 et
1603 2983 1872 3048 quantum
1910 2983 2127 3030 certare

540 3075 686 3129 inter
715 3087 775 3129 se
821 3071 1095 3128 debebant
1139 3069 1208 3126 de
1241 3068 1564 3124 inventione
1601 3066 1887 3122 nominum
1934 3081 2127 3122 recen-

539 3160 769 3215 tiorum.
820 3159 891 3214 At
927 3177 946 3212 ι
974 3158 1096 3214 Non
1143 3156 1365 3229 poterit,
1387 3157 1591 3229 inquit,
1638 3154 1970 3213 contendere
1997 3171 2124 3212 cum

2215 681 2443 735 στάσεσι
2470 696 2486 712 ο
2524 679 2620 734 νῦν
2652 679 2741 749 ιφ*
2778 676 2978 749 ἑτέραν
3005 675 3268 731 ὑπόθεσιν
3305 675 3515 747 μέτεισι
3542 690 3627 733 και
3656 681 3749 737 δια.

2213 774 2453 828 τείνεται
2502 774 2599 827 καί
2627 790 2786 845 φησι,
2825 772 2996 844 μηδὲν
3032 772 3094 826 ὲν
3132 771 3252 835 τοῖς
3313 771 3583 840 γεγονόσιν
3616 777 3751 831 ἀκατ-

2213 865 2520 936 ονόμαστον
2574 865 2806 935 έαθῆναι
2831 864 2895 918 τδ
2916 863 3141 918 σύνολον
3165 877 3180 892 ·
3215 861 3356 918 ἀλλὰ
3381 864 3512 929 πᾶν,
3532 863 3560 916 δ
3577 866 3751 935 γέγονε,

2215 959 2310 1013 καὶ
2339 959 2480 1031 πρὸς
2507 960 2570 1014 τὸ
2596 956 2739 1013 εἷναι
2765 956 3179 1030 παρήχθη,τὴν
3212 957 3525 1029 πρόσφορον
3547 959 3633 1012 καὶ
3653 978 3754 1015 κατ.

2217 1050 2450 1121 άλληλον
2479 1050 2668 1106 λαϐεῖν
2692 1050 2993 1121 ὀνομασίαν
3020 1050 3117 1105 καὶ
3142 1049 3337 1121 κλῆσιν
3363 1066 3379 1081 ’
3413 1049 3491 1114 ὡς
3516 1067 3756 1121 προεγνωο

2216 1143 2376 1207 κότος
2425 1143 2523 1199 τοῦ
2560 1142 2865 1207 κτίσαντος
2911 1141 2984 1195 τά
3014 1140 3200 1196 πάντα
3228 1141 3327 1195 καὶ
3384 1141 3476 1196 τὸν
3497 1142 3759 1214 ἄνθρωπον,

2217 1233 2295 1297 ὡς
2337 1233 2750 1305 διαιρεθήσεται
2802 1232 2900 1288 καὶ
2953 1230 3357 1305 μερισθήσεται
3418 1233 3632 1303 μυρίαις
3684 1236 3759 1289 καὶ

2219 1327 2495 1391 ποικίλαις
2528 1326 2794 1397 γλωσσῶν
2829 1326 2932 1381 καὶ
2978 1325 3285 1381 διαλέκτων
3329 1325 3629 1396 διαφοραῖς.
3674 1327 3762 1382 Καὶ

2217 1419 2311 1474 διὰ
2352 1420 2515 1474 τοῦτο
2545 1419 2652 1474 κάν
2689 1417 2987 1490 πειραθείη
3035 1435 3122 1481 τις
3163 1418 3263 1470 καὶ
3315 1416 3430 1470 τῶν
3465 1418 3761 1488 πραγμάτων

2219 1511 2456 1564 ἕκαστον
2502 1511 2907 1581 κατονομάζειν
2950 1509 3187 1572 ἀλλοίως
3246 1508 3344 1563 καὶ
3396 1509 3638 1578 ὲτεροίως
3682 1526 3760 1563 κα-

2220 1602 2288 1656 τά
2329 1602 2431 1673 τὴν
2461 1602 2727 1672 γλωσσῶν
2794 1602 2889 1656 καὶ
2942 1601 3245 1656 διαλέκτων
3298 1600 3564 1672 διαφοράν
3587 1617 3602 1633 ο
3656 1602 3762 1672 πλὴν

2221 1693 2359 1747 ἀλλά
2441 1693 2554 1765 γάρ
2613 1687 2761 1747 εἶναι
2826 1693 2925 1749 καὶ
2987 1693 3268 1763 διαμένειν
3318 1693 3413 1745 καὶ
3485 1692 3762 1760 διεγνιῖισθαι

2220 1785 2284 1838 τὸ
2305 1786 2544 1857 πρᾶγμα
2562 1784 2827 1851 τοιοῦτον,
2853 1779 2968 1840 οἷον
2998 1785 3093 1839 καὶ
3120 1784 3316 1853 γέγονε
3353 1782 3508 1855 παρὰ
3532 1783 3622 1836 τοῦ
3640 1787 3764 1856 Ποιή·

2228 1894 2427 1942 σαντος
2458 1893 2471 1908 '
2513 1880 2591 1941 ὡς
2625 1877 2689 1932 τδ
2719 1878 2855 1933 αὐτὸ
2905 1877 3281 1947 ὑποκείμενον
3308 1874 3663 1945 ὀνομάζεσθαι
3690 1878 3763 1947 μὲν

2229 1969 2454 2039 μυρίαις
2481 1970 2906 2041 προσηγορίαις,
2967 1968 3044 2038 μὴ
3097 1965 3552 2021 συναλλοιοῦσθαι
3601 1967 3654 2020 δὲ
3695 1968 3764 2020 καὶ

2225 2058 2755 2125 συνεξαλλάττεσθαι
2788 2061 2911 2123 ταῖς
2930 2059 3044 2114 τῶν
3073 2058 3380 2113 διαλέκτων
3407 2058 3678 2130 έτερότησι
3696 2058 3765 2112 καὶ

2223 2154 2540 2224 διαφοραῖς·
2576 2152 2695 2209 ἀλλ’
2737 2150 2881 2207 εἶναι
2908 2152 3008 2224 μὲν
3034 2151 3207 2206 αὐτοῦ
3241 2153 3342 2225 τὴν
3364 2150 3533 2220 φύσιν
3563 2150 3681 2222 μίαν
3696 2152 3765 2205 καὶ

2223 2246 2325 2317 τὴν
2355 2246 2552 2329 αὐτὴν,
2597 2244 2801 2309 πολλὰς
2836 2244 3010 2299 δὲκαὶ
3061 2244 3357 2317 διαφόρους
3419 2242 3665 2315 δέχεσθαι
3694 2242 3765 2307 τὰς

2224 2340 2377 2413 παρά
2395 2339 2508 2393 τῶν
2538 2338 2756 2394 πολλῶν
2788 2339 2889 2393 καὶ
2923 2337 3204 2410 διαφόρων
3234 2335 3506 2407 γλωσσῶν
3545 2351 3768 2405 προσηγο-

2225 2434 2351 2507 ρίας
2397 2433 2496 2488 καὶ
2522 2432 2751 2504 κλήσεις
2788 2430 2924 2502 πρὸς
2963 2430 3026 2484 τὸ
3055 2429 3191 2483 αὐτὸ
3241 2428 3646 2500 σημαινόμενον
3671 2444 3765 2481 σνν-

2226 2524 2437 2588 ιούσας,
2464 2526 2541 2587 ὼς
2571 2525 2665 2577 ἐπὶ
2701 2522 2798 2576 τοῦ
2825 2519 3031 2593 χρυσοῦ
3071 2521 3166 2574 καὶ
3188 2519 3285 2575 τοῦ
3352 2519 3533 2591 πυρὸς
3560 2520 3647 2573 καὶ
3688 2518 3770 2572 τῶν

2224 2616 2632 2689 παραπλησίων
2662 2614 2846 2688 ῥᾴδιόν
2872 2616 2990 2669 ἑστι
3017 2613 3282 2668 κατιδεῖν.
3315 2612 3431 2666 Kal
3480 2610 3583 2666 κάν
3611 2611 3769 2683 πειρά-

2226 2708 2374 2763 σοιτό
2402 2722 2488 2771 τις
2511 2705 2821 2778 ἀνθρώπων
2850 2705 3225 2775 ἀντονομάσαι
3262 2720 3316 2757 τι
3341 2704 3459 2757 τῶν
3484 2702 3768 2772 γεγονότων.

2224 2799 2430 2869 ἥκιστα
2470 2799 2768 2870 δυνήσεται
2831 2795 3170 2869 μεταϐαλεῖν
3216 2796 3319 2866 τὴν
3370 2795 3618 2866 ἀρχῆθεν
3652 2792 3769 2863 αὐτῷ

2225 2890 2379 2961 παρὰ
2401 2889 2499 2945 τοῦ
2543 2887 2894 2961 Δημιουργοῦ
2920 2888 3219 2960 δεδομένην
3232 2886 3562 2959 ὀνομασίαν,
3591 2886 3661 2951 ὼς
3682 2884 3769 2955 βίλ-

2224 2984 2341 3037 τιόν
2369 3000 2423 3037 τι
2448 2983 2610 3054 δῆθεν
2640 2983 2962 3054 ἐπινοήσας.
2991 2981 3177 3050 Ἔγνω
3214 2980 3327 3051 γάρ
3384 2982 3419 3035 ό
3446 2978 3769 3050 Δημιουργδς.

2223 3075 2301 3140 ὡς
2334 3075 2611 3145 φιλόδοξον
2639 3076 2737 3129 καὶ
2760 3073 3074 3145 φιλόνεικον
3098 3072 3240 3138 ζῶον
3264 3074 3293 3126 ό
3318 3071 3425 3126 άνθ
3435 3088 3611 3143 ρωπος
3632 3070 3770 3131 ἔσται,

2226 3169 2322 3224 καὶ
2344 3169 2551 3241 πολλὴν
2585 3167 2826 3241 ἆμιλλαν
2851 3166 3037 3235 ἕξουσι
3070 3166 3210 3239 πρὸς
3245 3164 3525 3236 ἀλλήλους
3548 3166 3636 3217 ἐπὶ
3679 3179 3770 3216 και-

540 3251 772 3308 ίθτιίοτθ
807 3264 974 3321 θυρθτ
1013 3263 1093 3314 εθν
1127 3265 1149 3300 ⁵
1194 3245 1249 3302 id
1283 3255 1398 3313 θεῖν
1434 3260 1784 3318 nequaquam
1836 3244 1885 3301 is
1922 3245 2124 3315 Ροίθΐίι
2151 3265 2194 3324 C
2227 3263 2464 3334 νοτέρων
2484 3262 2770 3333 ὀνομάτων
2797 3261 3110 3333 εύρέσεσιν.
3156 3258 3301 3313 Ἀλλ’
3328 3277 3349 3312 ι
3374 3258 3504 3314 οὐδὲ
3529 3258 3771 3328 δυνήσεται

541 3341 807 3399 certando
866 3356 995 3397 cum
1057 3338 1471 3410 sapientissimo
1528 3346 1694 3408 atque
1749 3335 2129 3408 omnipotente

543 3448 730 3488 rerum
760 3431 1012 3487 omnium
1034 3428 1337 3485 Conditore
1361 3426 1560 3483 melius
1589 3427 1891 3497 quidquam
1924 3435 2129 3481 extun-

540 3525 674 3579 dere
696 3532 751 3579 et
778 3521 955 3592 magis
996 3518 1474 3575 accommodatum
1510 3534 1525 3573 :
1560 3517 1655 3573 sed
1685 3533 1855 3571 unum
1883 3515 2130 3588 profecto

542 3614 681 3670 illud
718 3613 919 3668 multis
960 3610 1308 3679 diversisque
1355 3611 1412 3664 in
1454 3608 1809 3665 sermonibus
1851 3608 2127 3662 variarum

541 3706 726 3762 omnis
758 3704 977 3774 generis
1021 3701 1445 3771 cogitationum,
1484 3699 1582 3770 qui
1625 3699 1730 3754 hoc
1762 3697 1993 3764 faciunt,
2039 3714 2132 3755 as-

544 3797 723 3854 secuti
750 3797 1065 3860 videantur,
1102 3803 1163 3850 ut
1191 3794 1492 3849 vanitatem
1525 3807 1681 3848 suam
1714 3802 1973 3863 augeant,
2001 3801 2059 3847 et
2097 3807 2128 3848 a

542 3890 774 3944 veritate
816 3902 881 3943 ac
924 3895 1122 3942 natura
1168 3900 1355 3941 rerum
1389 3885 1860 3954 aberrent:quod
1906 3885 2130 3955 sapiens

543 3980 908 4037 Ecclesiastes
965 3978 1305 4044 declaravit,
1365 3992 1493 4033 cum
1540 3976 1724 4032 dixit:
1763 3995 1782 4028 ι
1812 3974 1954 4042 Quia
2001 3990 2133 4033 sunt

542 4072 709 4128 verba
747 4072 920 4130 multa
952 4069 1381 4142 multiplicantia
1408 4068 1732 4124 vanitatem.
1768 4086 1789 4119 ι

616 4267 754 4321 Dum
781 4266 929 4322 enim
969 4263 1127 4320 multi
1158 4263 1304 4318 inter
1333 4275 1399 4317 se
1437 4258 1801 4324 contendunt,
1832 4266 1888 4314 et
1915 4258 2131 4328 linguas

544 4358 789 4430 litigiosa.
825 4357 1198 4426 disputatione
1238 4362 1548 4417 exacuunt,
1598 4360 1661 4406 ut
1710 4349 2129 4420 appellationem

488 4448 497 4459 ’
546 4451 788 4521 aliquam
828 4447 1009 4520 magis
1059 4462 1255 4501 novam
1306 4446 1593 4516 imponant
1641 4443 1829 4507 rebus,
1880 4444 2133 4515 sequitur

544 4539 883 4604 necessario,
917 4547 976 4594 ut
1020 4554 1055 4593 a
1100 4536 1451 4594 eonvenienti
1494 4535 1725 4592 veritate
1753 4533 2125 4598 deﬂectentes,

544 4634 656 4688 vim
687 4645 945 4705 magnam.
986 4630 1252 4686 inducant
1286 4626 1552 4683 falsarum
1600 4625 1926 4697 opinionum
1959 4641 2129 4682 vano-
2159 4603 2205 4659 ί)

544 4741 783 4797 rumque
828 4732 1294 4787 commentomm,
1332 4728 1391 4776 et
1416 4719 1473 4776 in
1524 4729 1810 4790 peceatum
1850 4720 2137 4789 prolaban-

546 4829 657 4874 tur.
701 4817 863 4885 Quod
912 4814 1212 4886 designans
1259 4820 1614 4868 externorum
1644 4827 1866 4883 quoque
1893 4814 2137 4884 philoso-

543 4910 781 4980 phorum
836 4909 1094 4978 princeps
1157 4904 1240 4961 sic
1295 4904 1375 4958 ait
1429 4920 1443 4957 :
1492 4920 1512 4954 ι
1553 4900 1793 4958 Delinire
1844 4914 2029 4961 autem
2082 4914 2139 4962 et

541 5006 769 5070 peccata
807 5004 1045 5069 Oportet,
1090 5010 1215 5065 quae
1252 4993 1307 5050 in
1345 4992 1707 5064 problematis
1742 4993 2137 5064 admittuntur,

442 5128 453 5141 .
541 5102 597 5147 et
649 5090 872 5163 gemina
922 5096 1087 5153 sunt;
1122 5101 1248 5143 cum
1303 5100 1500 5156 nempe
1531 5085 1660 5156 quis
1702 5088 1969 5144 mentitur
1999 5107 2013 5145 :
2040 5090 2132 5147 vel

542 5197 669 5237 cum
732 5197 767 5236 a
819 5164 1045 5252 recepto
1102 5177 1376 5236 vocabulo
1415 5177 1653 5235 discedit
1684 5197 1698 5235 :
1733 5188 1842 5236 tam
1895 5183 2044 5239 enim
2092 5183 2135 5239 ii.

543 5281 805 5344 peccant,
848 5272 947 5343 qui
996 5271 1343 5329 mentiuntur
1377 5279 1470 5327 :et
1503 5272 1651 5343 quod
1698 5288 1811 5329 non
1859 5284 1964 5341 est,
2009 5291 2135 5334 esse

619 5508 735 5577 (l7)
768 5505 954 5564 Placet
980 5508 1227 5562 Amama
1251 5505 1630 5578 interpretatio
1660 5524 1673 5559 :
1708 5526 1726 5559 ι
1759 5505 2141 5578 Quodcunque
2191 5468 2197 5474 .

543 5575 652 5644 est,
687 5579 801 5648 jam
827 5586 1084 5633 vocatum
1118 5585 1205 5631 est
1230 5575 1433 5650 nomen
1471 5575 1626 5650 ejus,
1658 5588 1711 5634 et
1742 5589 1960 5635 constat
1989 5575 2137 5650 quod

547 5652 620 5708 sit
668 5647 856 5709 homo,
901 5657 957 5702 et
999 5661 1114 5701 non
1149 5647 1727 5720 poteri-t_contendere
1758 5663 1884 5720 cum
1921 5647 2137 5720 eoiqqui

547 5720 745 5776 lortior
776 5728 861 5774 est
894 5734 990 5784 se;
1030 5736 1051 5770 ι
1094 5715 1262 5789 quam
1293 5715 1531 5789 subinde
1559 5718 1642 5773 sic
1662 5719 1921 5789 explicat.
1961 5737 1979 5770 ι
2008 5715 2139 5775 van

548 5790 841 5846 ostendere
872 5785 1177 5843 vanitatem
1215 5785 1457 5841 hominis
1485 5788 1555 5842 ab
1583 5789 1701 5858 ipsa
1731 5785 2015 5845 notatione
2040 5806 2138 5844 vo-

552 5864 651 5918 cis.
690 5860 769 5914 Ac
797 5859 1078 5928 pramittit
1099 5858 1352 5928 generale
1373 5858 1527 5926 quid,
1559 5859 1825 5929 quidquid
1847 5869 1933 5913 est
1963 5861 2016 5913 in
2046 5876 2135 5915 re-

556 5948 677 5988 rum
735 5940 954 5999 natura,
1013 5929 1180 5983 habet
1223 5943 1386 5983 suum
1434 5943 1656 5995 nomen,
1687 5939 1742 5984 et
1774 5929 1994 6002 quidem
2030 5931 2136 5987 tale

2229 3357 2389 3427 φησὶ,
2414 3355 2513 3410 τοῦ
2553 3356 2818 3428 κριθῆναι
2852 3353 2994 3426 μετὰ
3022 3353 3120 3408 τοῦ
3150 3352 3519 3424 ἰσχυροτέρου
3566 3348 3773 3420 mpm).

2225 3449 2343 3510 τὸν,
2381 3467 2401 3501 ι
2432 3448 2710 3513 τουτέστι,
2740 3446 2996 3518 οὐδαμῶς
3018 3445 3300 3517 ἐξισχύσει
3328 3443 3413 3515 τῷ
3439 3441 3687 3511 πανσὸφῳ
3705 3439 3773 3492 καὶ

2231 3540 2533 3594 πανσθενεῖ
2589 3539 2923 3612 Δημιουργῷ
2961 3538 3075 3594 τῶν
3122 3538 3388 3594 ἀπάντων
3443 3532 3773 3608 ἁμιλλώμενος

2228 3630 2455 3700 ἄμεινόν
2488 3648 2541 3685 τι
2572 3631 2765 3702 νοῆσαι
2788 3630 2886 3685 καὶ
2923 3631 3383 3702 προσφυεστερον
3407 3647 3426 3662 ο
3457 3628 3573 3682 ἀλλ’
3601 3626 3773 3697 ἢμόνον

2229 3727 2290 3779 ὲν
2317 3726 2432 3788 τοῖς
2460 3723 2683 3787 πολλοῖς
2713 3724 2807 3778 καὶ
2836 3723 3119 3794 διαφόροις
3172 3722 3357 3793 λόγοις
3393 3721 3507 3775 τῶν
3557 3716 3771 3773 ποικίλων

2230 3815 2327 3869 zeal
2355 3813 2721 3869 παντοδαπῶν
2752 3815 3068 3887 νοημάτων,
3100 3814 3155 3868 οῖ
3206 3814 3375 3867 τοῦτο
3421 3813 3654 3885 δρῶντες
3695 3824 3771 3875 μοι·

2228 3905 2492 3973 ταιότητα
2568 3902 2945 3973 πληθύνοντες
2990 3900 3416 3974 εὑρεθήσονται,
3484 3896 3770 3968 mead/sudd—

2232 4010 2385 4064 μενοι
2399 3994 2499 4066 τῆς
2521 3994 2782 4065 ἀληθείας
2803 3994 2900 4048 καὶ
2923 3994 3026 4064 τῆς
3052 3994 3272 4064 φύσεως
3293 3994 3408 4047 τῶν
3436 3992 3765 4065 πραγμάτων·

2228 4084 2367 4155 ὅπερ
2391 4083 2599 4154 ὁσοφδς
2627 4076 2902 4155 ἐδήλωσεν
2933 4083 3372 4156 Ἐκκλησιαστὴς
3401 4082 3572 4137 εἰπών
3593 4097 3608 4114 σ
3636 4100 3653 4133 ι
3679 4079 3770 4131 ’θτι

2230 4175 2339 4230 εἰσὶ
2367 4175 2518 4242 λόγοι
2555 4174 2744 4229 πολλοὶ
2775 4173 3146 4246 πληθύνοντες
3177 4174 3547 4245 ματαιότητα.
3590 4191 3608 4225 ι

2303 4266 2526 4323 Πολλῶν
2553 4266 2665 4340 γὰρ
2690 4265 3088 4340 ἁμιλλωμένων
3114 4264 3372 4338 ἀλλήλοις
3403 4266 3616 4329 καὶτὰς
3637 4258 3769 4331 γλώτ-

2231 4377 2333 4425 τας
2366 4359 2665 4434 ὲριστικῶς
2696 4359 3135 4432 παραθηγόντων
3166 4358 3309 4431 πρὸς
3339 4356 3626 4429 ἐξεύρεσιν
3675 4368 3769 4407 και·

2233 4451 2465 4524 νοτέρας
2493 4451 2640 4516 τινὸς
2679 4450 2979 4522 ὀνομασίας
3031 4449 3128 4504 ἐπὶ
3172 4451 3289 4513 τοῖς
3341 4448 3674 4520 πράγμασιν,
3725 4440 3768 4503 ἐξ

2235 4542 2488 4613 ἀνάγκης
2526 4541 2725 4596 ἕπεται
2753 4544 2856 4611 τῆς
2886 4537 3205 4611 προσφυοῦς
3233 4536 3499 4610 ἀληθείας
3523 4530 3769 4606 παρεγκλι·

2234 4634 2441 4690 νόντων
2478 4632 2697 4705 ψευδῶν
2731 4631 3058 4705 ύπολήψεων
3113 4632 3211 4685 καὶ
3238 4627 3640 4702 ματαιολογιῶν
3673 4640 3768 4678 aw-

2235 4723 2392 4793 άγειν
2446 4722 2648 4787 αὐτοὺς
2716 4721 2810 4776 τὸν
2860 4721 3055 4793 ἑσμὸν,
3112 4721 3211 4775 καὶ
3257 4718 3679 4775 κατολισθαίνειν
3711 4714 3769 4775 εἰς

2234 4814 2520 4888 ἁμαρτίαν
2542 4831 2557 4847 ·
2579 4816 2721 4887 ὅπερ
2752 4814 3041 4887 σημαίνων
3070 4814 3168 4869 καὶ
3222 4812 3334 4869 τῶν
3379 4811 3612 4885 θύραθεν
3652 4806 3767 4878 φιλο·

2236 4906 2422 4976 σόφων
2445 4908 2475 4961 ό
2501 4907 2801 4979 κορυφαῖος
2820 4903 2967 4958 οὕτω
2997 4904 3170 4976 φησί’
3199 4923 3220 4957 ι
3247 4900 3597 4977 Διορίσασθαι
3634 4898 3684 4952 δὲ
3710 4894 3769 4948 δεῖ

2236 5000 2335 5054 καὶ
2359 4998 2461 5063 τὰς
2495 4998 2776 5072 ἁμαρτίας
2802 4999 2905 5062 τὰς
2927 5000 2988 5051 ὲν
3018 4998 3138 5062 τοῖς
3173 4996 3578 5071 προϐλήμασιν,
3615 4992 3686 5046 ὅτι
3718 4988 3769 5039 εἰ·

2240 5094 2294 5148 ul
2324 5095 2524 5160 διτταὶ,
2560 5094 2596 5165 ἢ
2627 5091 2707 5165 τῷ
2726 5093 3049 5164 ψεύδεσθαι,
3084 5093 3118 5165 ἢ
3149 5092 3229 5164 τῷ
3284 5088 3639 5162 παραϐαίνειν
3683 5095 3767 5135 κει-

2240 5186 2414 5258 μένην
2444 5184 2610 5251 λέξιν.
2642 5186 2711 5240 οἴ
2729 5200 2786 5238 τε
2815 5184 2928 5258 γὰρ
2955 5183 3285 5256 ψευδόμενοι
3323 5184 3420 5238 καὶ
3449 5180 3511 5235 τὸ
3533 5177 3604 5251 μὴ
3631 5173 3765 5241 ὑπάρ-

2234 5296 2332 5352 χον
2369 5278 2645 5352 ὑπάρχειν
2667 5279 2775 5332 τινὶ
2801 5276 3057 5349 λέγοντες
3076 5274 3482 5348 ἁμαρτάνουσι,
3506 5269 3596 5325 καὶ
3614 5266 3657 5321 ol
3682 5263 3763 5323 τοῖς

2240 5527 2468 5576 nomen.
2501 5517 2647 5584 quod
2680 5517 2803 5585 ejus
2832 5523 3084 5570 naturam
3120 5514 3399 5584 exprimit.
3429 5510 3508 5585 Ae
3529 5507 3639 5585 talia
3663 5512 3762 5585 sum

2239 5572 2467 5643 nomina
2498 5572 2766 5643 Hebraiéa
2796 5587 2988 5642 bestiis
3020 5595 3077 5640 et
3111 5572 3274 5638 reb'us
3311 5577 3626 5651 singulis_ab
3652 5572 3761 5647 Δόξ-

2238 5666 2329 5710 mo
2369 5657 2631 5712 instinctu
2686 5656 2779 5712 Dei
2826 5656 3019 5711 indita.
3063 5652 3226 5723 (Cen.
3261 5669 3320 5720 ιι,
3360 5646 3469 5721 ΗῙ.)
3530 5646 3581 5703 Si
3620 5646 3759 5723 enim:

2238 5727 2354 5797 suis
2386 5728 2615 5783 vocibus
2654 5736 2783 5783 sunt
2809 5712 3091 5797 insignita;
3132 5712 3320 5779 etiam.
3338 5712 3499 5777 1³0⁸ἧο
3524 5730 3660 5773 sum
3683 5712 3756 5797 δέ]

2237 5777 2780 5866 Βὲιῆιζίῖιῖἶῖιοῖιὶὦ
2807 5777 3066 5852 agmina
3078 5777 3297 5866 asina.
3337 5806 3466 5866 esse
3491 5798 3629 5866 pm.
3653 5777 3755 5851 φιοά

2235 5869 2302 5922 sit
2326 5883 2389 5922 ea:
2410 5860 2556 5936 ίὶιιο,
2589 5877 2638 5925 et
2673 5883 2777 5924 non
2808 5865 2972 5935 Deus,
3001 5867 3077 5923 ait
3107 5864 3329 5922 Salonio
3358 5860 3528 5918 larlii.
3558 5877 3575 5910 ι
