4036 6454
415 389 518 456 081
1475 397 1556 482 1N
1602 394 2186 462 ECCLESIASTEN.
2236 428 2302 436 —
2331 399 2486 463 LlB.‘
2519 401 2613 468 VI.
3577 411 3682 475 982

411 502 721 574 ἀλλοτρίοις
743 503 972 572 ὀνόμασι
1005 503 1071 556 τὰ
1113 504 1416 576 πράγματα
1467 511 1994 580 προσαγορεύοντες,

2108 511 2266 565 alicui
2293 511 2652 580 confirmant,
2682 529 2847 586 quam
2884 515 2976 586 qui
3008 517 3205 572 alienis
3243 519 3561 577 nominibus
3591 535 3682 578 res

411 589 528 648 οἷον
571 595 620 648 oi
649 593 750 665 τὴν
779 593 1058 648 πλάτανον
1107 593 1424 666 ἄνθρωπον,
1459 597 1866 667 παραϐαίνουσι
1901 601 2000 671 τὴν

2108 602 2463 672 appellantes,
2509 603 2658 660 velut
2683 605 2776 674 qui
2827 605 3108 675 platanum
3159 607 3401 664 hominis
3446 611 3682 680 appella-

411 685 682 757 κειμένην
709 685 1050 756 όνομασίαν.·
1071 707 1091 739 ι
1126 687 1477 758 Παρεμπεδοί
1503 688 1562 742 δὲ
1591 689 1691 758 τὴν
1737 689 2003 762 τοιαύτην

2108 693 2248 748 tione
2277 693 2586 765 designent,
2617 704 2937 751 consuetam
2968 697 3473 756 denominationem
3499 711 3680 758 trans-

411 777 645 849 ἐκδοχὴν
673 779 768 832 καὶ
793 779 880 830 διὰ
906 779 1016 832 τῶν
1045 779 1275 851 ἀμέσως
1302 777 1596 850 ἑπομένων
1629 781 1658 832 ὁ
1682 777 1852 852 σοφὸς
1881 782 2002 838 Ἐκ-

2108 773 2564 857 grediuntur".i
2604 785 2792 843 Talem
2860 801 2990 844 vero
3046 789 3550 859 interpretationem
3615 791 3684 847 iis

411 871 753 943 κλησιαστής
772 885 786 901 ο
801 871 936 956 φησι
963 869 1075 943 γάρ
1091 887 1108 902 ·
1314 955 1319 956 7

2108 877 2267 932 etiam
2296 891 2418 947 quae
2438 876 2694 948 protinus
2717 887 3046 950 sequuntur,
3077 878 3299 950 sapiens
3325 878 3682 936 Ecclesiastes

2099 967 2424 1033 conﬁrmat;
2459 967 2537 1022 ait
2561 968 2708 1022 enim
2738 985 2752 1022 :

1983 1077 2012 1150 ς
2036 1075 2099 1132 u.

493 1184 554 1238 Τί
578 1183 877 1252 περισσὸν
901 1181 989 1250 τῷ
1015 1183 1339 1254 ἁνθρὼπῳ;
1375 1187 1465 1242 ὅτι
1499 1189 1594 1256 τίς
1619 1183 1748 1245 οἶδε
1772 1191 1831 1245 τί
1854 1190 2000 1262 dra-

2175 1190 2340 1246 Vsns.
2373 1191 2460 1246 il.
2507 1187 2662 1262 161
2704 1189 2850 1257 Quid
2889 1190 3008 1261 plus
3037 1193 3279 1248 homini?
3306 1195 3423 1264 quis
3460 1209 3685 1267 namque

416 1275 528 1329 οὐν
557 1273 640 1340 τῷ
679 1275 970 1345 ἀνθρώπῳ
995 1277 1066 1332 ἐν
1093 1277 1174 1348 τῇ
1206 1277 1322 1350 ζ’ωῇ
1349 1281 1538 1336 αὑτοῦ
1571 1282 1828 1351 ἀριθμὸν
1860 1285 1998 1354 ἠμε-

2108 1283 2360 1353 cognenit,
2407 1283 2536 1354 quid
2575 1284 2647 1338 sit
2691 1283 2886 1338 bonum
2927 1283 3130 1338 Ιιοιηίηί
3173 1285 3230 1338 in
3267 1285 3375 1338 vita
3404 1285 3569 1354 ipsius
3597 1304 3684 1341 se-

405 1363 538 1432 ρῶν
557 1361 708 1434 ζωῆς
724 1368 1124 1436 ματαιότητος
1154 1369 1382 1436 αὐτοῦ;
1405 1371 1506 1425 καί
1535 1371 1830 1440 ἐποίησεν
1849 1374 2006 1429 αὐτὰ

2108 1375 2332 1430 cundum
2381 1391 2659 1432 numerum
2701 1377 2914 1432 dierum
2963 1379 3084 1432 vim:
3123 1378 3378 1432 uanitatis
3417 1379 3532 1446 ejus
3555 1381 3580 1432 .’
3619 1379 3682 1432 Et

413 1457 490 1512 έν
516 1457 692 1528 σκιᾷ·
733 1458 823 1513 ὅτι
852 1461 944 1526 τις
971 1461 1303 1532 ἀπαγγελεῖ
1317 1463 1397 1530 τῷ
1423 1465 1736 1534 ἀνθρώπῳ,
1751 1468 1810 1522 τί
1833 1467 2007 1523 ἔσται

2108 1467 2228 1540 fecit
2255 1484 2317 1524 ea
2345 1469 2402 1523 in
2435 1469 2624 1524 umbra
2657 1485 2676 1524 :
2715 1469 2842 1540 quia
2885 1469 3008 1540 quis
3055 1469 3398 1526 annuntiabit
3451 1471 3652 1527 [mmini
3665 1513 3680 1538 ,

415 1549 616 1606 ὀπίσω
645 1552 834 1607 αὐτοῦ
863 1551 986 1608 ὑπὸ
1014 1554 1124 1608 τὸν
1155 1553 1366 1622 ἣλιοη

2108 1560 2233 1632 quid
2263 1560 2365 1614 erit
2397 1567 2516 1630 post
2543 1576 2664 1614 eum
2690 1559 2786 1614 sub
2816 1559 2928 1616 sate
2949 1558 3104 1631 (48)?

489 1642 788 1714 Μονονουχὶ
817 1643 927 1716 γάρ
961 1661 1130 1715 φησιν
1148 1661 1164 1678 ·
1193 1646 1258 1700 Et
1283 1646 1396 1718 γὰρ
1421 1647 1677 1704 τοσοῦτον
1707 1649 2004 1706 ἀπολειπό-

2174 1648 2462 1721 Ταηιιυεω,
2499 1652 2546 1706 si
2588 1652 2738 1707 hunc
2783 1652 2837 1707 in
2885 1651 3114 1708 modum
3148 1652 3514 1724 loqueretur:
3547 1651 3683 1708 Nam

419 1751 589 1806 μενος
623 1734 816 1804 σοφίας
858 1735 954 1790 καὶ
995 1737 1313 1808 φρονήσεως
1357 1740 1389 1792 ό
1429 1738 1722 1810 ἄνθρωπος
1768 1741 2004 1815 εὓρηται

2108 1744 2150 1800 si
2182 1743 2322 1800 adeo
2355 1745 2644 1814 sapientiae
2668 1745 3085 1818 prudentiaque
3106 1761 3306 1817 expers
3326 1745 3578 1802 inventus
3602 1755 3689 1801 est

417 1823 560 1898 πρὸς
598 1824 698 1898 τὴν
731 1825 871 1881 ίδίαν
899 1827 1126 1896 γνῶσιν,
1167 1827 1245 1893 ὡς
1277 1829 1414 1900 μηδὲ
1437 1831 1510 1884 τά
1537 1831 1659 1886 κατ’
1681 1833 1849 1888 αὑτὸν
1884 1835 2007 1890 δια-

2108 1834 2274 1890 homo
2316 1835 2373 1890 in
2415 1835 2505 1900 iis,
2546 1851 2666 1906 qua:
2709 1837 2778 1892 ad
2820 1837 3188 1908 cognitionem
3233 1838 3686 1909 ipsiuspertine-

415 1917 626 1972 τιθέναι
656 1919 977 1991 πρεπόντως
1004 1920 1100 1974 καὶ
1129 1923 1544 1993 συμφερόντως,
1569 1926 1796 1994 ἀγνοεῖν
1819 1927 1880 1982 δὲ
1909 1927 2006 1984 καὶ

415 2009 482 2064 τὸ
511 2011 721 2082 κυρίως
752 2009 978 2080 ἀγαθὸν,
1008 2013 1103 2065 καὶ
1129 2011 1222 2066 διὰ
1253 2012 1418 2068 τοῦτο
1450 2015 1514 2068 τὸ
1541 2015 1714 2072 κακὸν
1739 2017 1833 2072 καὶ
1861 2017 2006 2088 φαῦ-

414 2101 510 2157 λον
549 2101 935 2174 ἀνθαιρεῖσθαι
959 2103 1056 2158 καὶ
1087 2105 1353 2176 πράττειν
1375 2121 1389 2135 ο
1420 2105 1542 2172 πῶς
1571 2107 1740 2180 μηδὲν
1765 2125 1819 2163 τι
1841 2109 2006 2163 πλέον

415 2193 562 2266 ἔχων
589 2194 688 2248 καὶ
723 2194 990 2264 περισσὸν
1025 2195 1164 2266 πρὸς
1195 2196 1489 2267 διάγνωσιν
1517 2199 1626 2253 τῶν
1655 2199 2006 2273 ὑψηλοτέρων

415 2293 516 2344 καὶ
551 2289 822 2360 μειζόνων
851 2290 950 2343 καὶ
991 2288 1298 2360 βελτιόνων,
1327 2291 1614 2362 ὲριστικὴν
1640 2290 1878 2361 ἅμιλλαν
1910 2290 2003 2358 ἐξ·

421 2381 634 2454 ισχύσει
683 2383 962 2437 ποιεῖσθαι
1011 2383 1151 2454 πρὸς
1203 2383 1295 2438 τὸν
1337 2385 1560 2439 πάντων
1610 2385 1870 2440 ἐπέκεινα
1907 2385 2003 2440 καὶ

427 2477 588 2548 μόνον
619 2475 1062 2546 ἀπειροδύναμον
1083 2475 1312 2546 Κύριον,
1330 2475 1426 2530 τὸν
1461 2476 1554 2531 καὶ
1583 2475 1724 2550 μόνῃ
1750 2475 2003 2548 βουλήσει

423 2567 536 2622 τῶν
585 2567 890 2636 γεγονότων
941 2567 1176 2620 ἕκαστον
1220 2565 1563 2622 οὐσιὼσαντα
1607 2569 1700 2622 καὶ
1747 2585 2005 2640 παραγα-

418 2659 590 2728 γόντα
623 2659 760 2730 πρὸς
793 2643 1050 2730 ὕπαρξιν,
1083 2659 1181 2713 καὶ
1215 2659 1335 2722 ταῖς
1359 2657 1668 2729 προσφυέσι
1700 2659 1794 2712 καὶ
1833 2675 2003 2730 προσ-

415 2749 610 2820 φόροις
637 2748 960 2820 ὀνομασίαις
985 2748 1472 2822 χαρακτηρίσαντα
1495 2749 1777 2820 παρευθύς
1799 2748 2004 2815 ;Τοῦτο

412 2843 477 2898 δὲ
511 2842 796 2916 σημαίνων
838 2843 937 2897 καὶ
983 2843 1013 2897 ὁ
1058 2845 1346 2916 προφήτης
1379 2841 1608 2908 Ἡσαΐας
1641 2841 1842 2914 φησίν·
1877 2860 1898 2894 ι
1943 2841 2002 2896 Ὁ

2105 1934 2247 1989 rent,
2301 1933 2359 1979 ut
2404 1940 2506 1980 nec
2552 1941 2642 1982 res
2691 1941 2825 1982 suas
2863 1935 3014 1982 recte
3061 1935 3226 1998 atque
3271 1927 3479 1984 utiliter
3533 1927 3686 1982 ordi-

2105 2021 2282 2080 naret,
2322 2023 2379 2070 et
2421 2016 2571 2085 quod
2625 2016 2900 2086 prmeipue
2951 2017 3156 2072 bonum
3202 2026 3372 2085 esset,
3427 2018 3684 2081 nesciret.

2103 2105 2292 2178 itaque
2342 2107 2549 2162 malum
2621 2116 2787 2178 atque
2860 2108 3215 2166 inhonestum
3279 2109 3565 2182 praeferret
3621 2127 3686 2168 ac

2104 2207 2411 2256 sectaretur
2452 2217 2467 2254 :
2517 2199 2794 2269 quomodo
2844 2199 2892 2258 is
2941 2201 3068 2272 plus
3119 2201 3328 2272 aliquid
3376 2201 3557 2258 valeat
3597 2202 3684 2258 in-

2104 2297 2460 2360 structusque
2507 2290 2580 2346 sit
2633 2290 2704 2346 ad
2747 2305 2814 2346 ea
2862 2292 3269 2363 cognoscenda,
3321 2309 3446 2364 qua!
3489 2293 3688 2350 altiora

2103 2389 2236 2437 sunt
2268 2387 2324 2436 et
2349 2381 2559 2452 majora
2592 2391 2756 2452 atque
2783 2383 3017 2454 potiora,
3057 2383 3226 2455 inque
3253 2394 3532 2440 certamen
3561 2401 3686 2440 cum

2105 2491 2174 2534 eo
2213 2475 2400 2532 venire
2453 2477 2654 2548 possit,
2692 2478 2790 2547 qui
2837 2493 3092 2534 summus
3123 2478 3374 2534 omnium
3422 2478 3686 2534 Dominus

2103 2577 2189 2624 est
2224 2577 2281 2624 et
2323 2583 2470 2624 unus
2513 2568 2888 2640 omnipotens,
2921 2567 3016 2638 qui
3065 2568 3182 2624 sola
3222 2569 3524 2636 voluntate,
3565 2583 3688 2639 quae

2105 2661 2248 2719 facta
2293 2671 2460 2730 sunt,
2513 2669 2576 2716 ut
2615 2670 2802 2717 essent
2839 2661 3316 2732 exsistet-eritque,
3350 2660 3600 2732 perfecit,
3633 2669 3688 2715 et

2105 2752 2250 2823 aptis
2279 2766 2343 2806 ac
2368 2749 2829 2806 convenientibus
2873 2749 3336 2820 appellationibus
3375 2749 3561 2806 statim
3593 2749 3689 2804 de-

2107 2846 2386 2917 signavit?
2405 2844 2524 2900 Hoc
2550 2858 2684 2900 vero
2712 2853 2767 2898 et
2791 2843 2966 2900 Isaias
2995 2844 3266 2915 propheta
3296 2841 3548 2899 indicans
3575 2841 3687 2897 ait:

413 2935 675 3006 ἕκφέρων
703 2932 828 2988 κατ’
860 2933 1098 3006 ἀριθμὸν
1128 2935 1222 2990 τὸν
1251 2935 1458 3008 κόσμον
1486 2933 1674 3002 αὑτοῦ,
1706 2934 1803 2990 καὶ
1826 2935 2005 2990 πάντα

2112 2955 2132 2990 ι
2174 2935 2280 3003 Qui
2321 2934 2509 2992 educit
2541 2935 2596 2991 in
2644 2949 2877 2992 numero
2923 2934 3190 2991 mundum
3223 2935 3368 3004 ejus,
3411 2941 3465 2989 et
3503 2932 3690 2989 omnia

414 3026 607 3082 καλῶν
651 3025 714 3094 ἐξ
740 3027 1005 3100 ὀνόματος
1027 3068 1043 3093 ,
1075 3047 1094 3082 ι
1141 3028 1318 3098 δηλῶν
1351 3027 1630 3094 ἐντεῦθεν,
1661 3029 1736 3094 ὡς
1763 3028 1885 3100 ἅμα
1923 3025 2004 3098 τῷ

413 3122 708 3190 γεγονέναι
753 3121 851 3176 καὶ
879 3121 980 3193 τὴν
1010 3121 1323 3195 πρόσφορον
1357 3121 1550 3194 ἔλαχεν
1579 3121 1813 3176 ἕκαστον
1839 3107 2008 3194 προσ-

413 3211 654 3285 ηγορίαν
681 3213 836 3286 παρά
875 3213 972 3268 τοῦ
1019 3213 1326 3279 Κτίσαντος
1345 3253 1360 3280 ,
1389 3215 1458 3286 ἢν
1497 3215 1670 3279 οὐδεὶς
1699 3213 2008 3286 ἀνθρώπων

413 3304 718 3360 ἀλλοιῶσαι
741 3307 804 3360 τδ
821 3307 1091 3379 παράπαν
1115 3305 1410 3378 ίσχύσειεν·
1429 3307 1550 3361 ἀλλ’
1566 3306 1716 3362 ὥσπε
1724 3327 1755 3378 ρ
1771 3307 2004 3362 ἕκαστον

411 3397 532 3452 τῶν
579 3399 888 3468 γεγονότων
933 3400 1168 3473 εὕρηται
1216 3401 1474 3472 διαμένον
1519 3399 1666 3455 κατά
1705 3400 1806 3472 τὴν
1841 3398 2004 3468 φύσιν

413 3492 826 3564 ἀμετάϐλητον,
868 3491 1140 3564 μηδεμίαν
1176 3491 1537 3566 παραλλαγὴν
1560 3491 1921 3564 προσιέμενον
1948 3489 2010 3544 ἐν

413 3594 483 3632 τε
519 3582 635 3645 τοῖς
657 3579 889 3650 ἀψύχοις
923 3581 1019 3634 καὶ
1047 3582 1162 3646 τοῖς
1187 3581 1456 3653 ἐμψύχοις
1479 3597 1492 3612 ο
1527 3583 1623 3636 καὶ
1652 3582 1714 3634 τὸ
1739 3581 2006 3651 παράπαν

413 3670 601 3734 οὐδεὶς
633 3669 940 3740 ἀνθρώπων
983 3667 1214 3742 ε’ύρηται
1246 3670 1497 3744 δυνηθεὶς
1545 3671 1840 3736 ἐναλλάξαι
1877 3670 2005 3724 τινὰ

415 3759 518 3813 καὶ
554 3759 896 3828 μεταϐαλεῖν.
929 3759 1095 3828 φύσιν
1138 3760 1280 3830 πρὸς
1307 3761 1446 3834 ὅπερ
1488 3761 1549 3814 οὐ
1579 3759 1806 3830 γέγονε·
1846 3758 2008 3814 τοῦτο

415 3853 536 3924 γὰρ
569 3853 815 3926 ὲσήμανε
849 3855 945 3908 καὶ
969 3855 1084 3918 τοῖς
1115 3853 1312 3909 ἀνὸπιν
1339 3853 1520 3922 λόγοις
1551 3851 1743 3919 εἰπὼν,
1783 3873 1802 3906 ι
1837 3853 1904 3907 Τί
1941 3852 2005 3906 τδ

417 3945 648 4015 γεγονός
675 3961 690 4012 ;
721 3945 864 4010 Αὐτὸ
891 3946 954 4000 τὸ
979 3945 1346 4018 γενησόμενον
1377 3960 1394 3976 ο
1437 3963 1458 3998 ι
1493 3944 1668 4010 οὕτως
1703 3945 1824 4000 οὐδέ
1860 3963 2008 4010 τινος

421 4038 533 4092 τῶν
561 4038 732 4092 ὄντων
783 4037 1080 4092 ἀλλοιῶσαι
1131 4055 1252 4092 τινα
1290 4035 1546 4110 δυνηθείη
1602 4038 2000 4110 προσηγορίαν.

419 4128 612 4184 Πάντα
640 4129 768 4202 γὰρ,
805 4131 994 4202 φησιν,
1028 4131 1132 4184 ὅσα
1161 4129 1419 4202 ἐποίησεν
1448 4131 1476 4184 ό
1505 4128 1658 4193 Θεὸς,
1684 4129 1824 4184 αὑτά
1856 4131 2004 4184 ἐστιν

2111 3039 2272 3084 vocat
2299 3043 2365 3084 ex
2395 3027 2622 3084 nomine
2651 3027 2787 3099 (49).
2831 3045 2852 3080 ι
2891 3026 3111 3095 Quibus,
3149 3025 3412 3092 ostendit,
3454 3025 3688 3097 singula,

2111 3135 2220 3190 quo
2274 3129 2520 3191 tempore
2571 3121 2798 3178 condita
2845 3127 2999 3187 sunt,
3051 3119 3247 3178 eodem
3301 3129 3358 3175 et
3401 3133 3602 3175 nomen
3661 3133 3691 3171 a

2110 3211 2413 3270 Conditore
2451 3227 2762 3285 congruum
2802 3222 2964 3269 nacta
3007 3227 3154 3279 esse,
3197 3211 3348 3283 quod
3381 3225 3545 3266 nemo
3589 3210 3690 3264 ho-

2111 3307 2324 3362 minum
2355 3318 2696 3364 commutare
2729 3307 2841 3364 ulla
2871 3307 3086 3362 ratione
3123 3314 3310 3378 posset
3339 3323 3354 3361 :
3389 3315 3452 3360 ut
3495 3319 3689 3376 quem-

2111 3397 2408 3454 admodum
2461 3398 2719 3470 siugula,
2779 3409 2903 3470 quae
2946 3394 3097 3452 facta
3141 3407 3304 3464 sunt,
3359 3395 3550 3452 eadem
3597 3407 3694 3448 na-

2111 3499 2234 3546 tura
2301 3497 2468 3558 atque
2537 3489 2832 3544 immutata
2895 3501 3121 3544 manere
3179 3487 3370 3552 vides,
3428 3485 3694 3541 varietate

2110 3579 2283 3646 omni,
2325 3578 2441 3635 sive
2489 3577 2734 3634 inanima
2779 3579 2928 3646 sint,
2979 3577 3098 3634 sive
3146 3579 3387 3632 animam
3432 3576 3692 3642 habeant,

2111 3669 2350 3739 rejecta;
2387 3683 2452 3724 ac
2481 3681 2644 3724 nemo
2689 3668 2976 3724 hominum
3019 3667 3274 3723 inventus
3315 3681 3556 3738 unquam
3585 3677 3690 3732 est,

2111 3759 2208 3832 qui
2253 3759 2337 3814 vel
2388 3759 2555 3814 unius
2599 3759 2681 3815 rei
2718 3767 2934 3814 mutare
2967 3763 3224 3813 naturam
3272 3766 3480 3828 posset,
3529 3764 3692 3826 atque

2111 3853 2180 3909 ad
2229 3851 2284 3908 id
2329 3851 2650 3916 transferre,
2699 3851 2770 3908 ad
2813 3851 2964 3924 quod
3015 3850 3160 3910 facta
3205 3866 3315 3906 non
3362 3860 3550 3916 esset;
3587 3849 3692 3904 hoc

2109 3944 2256 4000 enim
2289 3951 2346 4000 et
2380 3943 2636 4014 superius
2665 3943 3013 4014 signiﬁcavit,
3035 3957 3158 4000 cum
3194 3938 3334 3997 dixit
3367 3958 3414 3996 ει
3439 3939 3582 4008 Quid
3609 3949 3694 3996 est

2110 4037 2257 4108 quod
2305 4035 2448 4092 fuit?
2492 4035 2674 4106 ipsum
2717 4035 2866 4106 quod
2899 4035 3146 4092 futurum
3181 4033 3358 4099 est";
3397 4052 3417 4085 ι
3459 4031 3541 4088 sic
3568 4031 3693 4086 nul-

2112 4129 2220 4184 lam
2268 4129 2348 4183 rei
2400 4127 2570 4183 ullius
2623 4127 3047 4198 appellationem
3095 4125 3370 4180 invertere
3432 4121 3690 4193 potuerit.

419 4223 502 4285 είς
533 4220 624 4274 τὸν
657 4221 864 4276 αίῶνα·
915 4222 1010 4275 ἀπ’
1057 4220 1236 4274 αὐτῶν
1281 4221 1382 4274 οὐκ
1425 4221 1574 4274 ἐστιν
1605 4219 1847 4289 ἀφελεῖν.
1885 4219 2004 4274 Νῦν

2111 4220 2310 4276 Omnia
2340 4221 2508 4288 enim,
2557 4220 2756 4291 inquit,
2811 4234 2939 4290 quas
2986 4217 3116 4274 fecit
3168 4217 3332 4284 Deus,
3365 4229 3430 4270 ea
3467 4220 3598 4270 sunt
3637 4213 3692 4266 in

419 4310 519 4368 οὖν
562 4329 726 4384 φησι,
762 4329 792 4364 ιΔ
815 4311 913 4376 Τίς
941 4307 1050 4364 οἵδε
1081 4311 1133 4364 τί
1187 4309 1392 4379 ἀγαθὸν
1421 4309 1500 4381 τῷ
1542 4307 1816 4381 ἀνθρώπῳ
1839 4312 1896 4364 ἐν
1933 4313 2002 4383 τῇ

2112 4313 2412 4379 saeculum,
2472 4325 2574 4366 nec
2636 4289 2708 4366 de
2763 4289 2850 4366 his
2901 4309 3122 4366 demere
3182 4308 3484 4379 quidquam
3542 4303 3689 4358 licet.

422 4405 540 4477 ζωῇ
581 4405 749 4460 αὑτοῦ
794 4403 1029 4476 ἀριθμὸν
1060 4401 1286 4474 ἡμερῶν
1314 4403 1464 4474 ζωῆς
1501 4402 1870 4474 ματαιότητος
1907 4403 2010 4457 αὐε-

419 4499 556 4564 τοῦ;
582 4501 680 4553 καὶ
714 4499 970 4569 ἐποίησεν
994 4497 1136 4552 αὐτὰ
1177 4499 1234 4550 ὲν
1261 4496 1422 4566 σκιᾷ·
1457 4513 1474 4548 ι
1511 4497 1815 4562 τουτέστιν,
1849 4495 2014 4565 ἀγνο-

419 4590 574 4646 οῦντι
615 4589 694 4662 τῷ
734 4589 1015 4660 ἀνθρώπῳ
1058 4587 1154 4642 τοῦ
1181 4587 1388 4658 κυρίως
1418 4586 1625 4656 ἀγαθοῦ
1655 4588 1760 4659 τὴν
1791 4587 2019 4659 κτῆσιν,

421 4682 522 4738 καὶ
547 4681 636 4738 διὰ
659 4681 820 4735 τοῦτο
840 4679 1196 4752 πορευομένῳ
1221 4681 1342 4743 ταῖς
1371 4677 1836 4750 ματαιοπραξίαις
1860 4679 2014 4750 παρὰ

422 4775 606 4830 πάντα
633 4774 726 4828 τὸν
756 4772 958 4828 ἑαυτοῦ
991 4771 1142 4842 βίον,
1176 4770 1231 4824 αἳ
1264 4772 1359 4825 καὶ
1390 4769 1826 4844 παρελεύσονται
1851 4770 2012 4842 δίκην

425 4868 610 4932 σκιᾶς,
645 4866 729 4930 τίς
754 4864 904 4938 αὐτῷ
919 4863 1212 4934 τιαγγελεῐ
1245 4863 1344 4926 τὰς
1377 4861 1806 4935 συμϐησομένας
1837 4861 2014 4932 βιωτιδ

423 4962 530 5026 κὰς
553 4961 906 5034 περιπετείας
931 4959 1026 5011 καὶ
1051 4955 1340 5028 συμφορὰς
1365 4954 1476 5008 ’ὑπὸ
1503 4952 1692 5008 τοῦτον
1717 4953 1810 5008 τὸν
1833 4954 2010 5025 ἧλιον;

422 5055 611 5126 Μηδὲν
643 5055 754 5126 γὰρ
790 5053 1130 5106 ἁπευκταίον
1164 5047 1403 5114 ἐλπίζων
1431 5045 1546 5102 ἀπὸ
1566 5046 1662 5101 τοῦ
1692 5043 1832 5102 εἷναι
1863 5045 2014 5119 περί-

419 5145 659 5208 ϐλεπτος
679 5142 778 5196 καὶ
806 5140 1140 5213 περιφανὴς,
1157 5139 1255 5192 καὶ
1281 5137 1506 5210 μυρίαις
1538 5137 2008 5210 περιστοιχεϊσθαι

419 5238 523 5310 τῆς
564 5234 876 5310 προσούσης
905 5231 1056 5304 αύτῷ
1087 5230 1549 5294 καταδυναστείας
1596 5229 2004 5302 λαμπρότησιν,

497 5436 542 5469 ³⁸
579 5435 750 5492 Arist.
783 5431 963 5504 Topic.
999 5432 1094 5488 lib.
1129 5448 1200 5500 ιι,
1225 5434 1273 5488 l.
1355 5433 1401 5464 ³⁸
1435 5429 1645 5488 Eccles.
1684 5447 1735 5497 ι..
1755 5431 1807 5488 9.

497 5609 610 5684 (48)
648 5607 960 5684 οιῑωρη...)
994 5605 1112 5684 ’Τῷ
1155 5605 1481 5684 ἀνθρώπωςΔ
1507 5607 1562 5684 τί
1605 5605 1762 5660 ἔσται
1817 5603 2002 5684 seen;

421 5676 520 5739 xui
551 5676 776 5750 ἐποίησε
810 5676 960 5750 ἀὐτὰ
991 5678 1052 5732 ὲν
1082 5676 1334 5750 σκιᾷψη
1373 5677 1617 5750 omissis.
1640 5692 1788 5750 qua:
1835 5676 2008 5731 inter-

421 5753 605 5810 inedia
641 5746 790 5806 sunt.
844 5746 904 5802 In
933 5751 1067 5803 edit.
1107 5746 1283 5804 Vatic.
1325 5747 1452 5802 inde
1487 5747 1676 5817 incipit
1719 5755 1882 5817 caput
1909 5761 2007 5798 νιι.

497 5823 610 5892 M9)
650 5820 756 5878 lsa.
822 5834 913 5885 XL,
964 5819 1056 5874 9.6.
1095 5817 1202 5876 Sed
1269 5818 1411 5890 apud
1447 5816 1616 5872 LXX’
1656 5816 1908 5888 legimus,
1949 5817 2007 5868 '0

2104 4403 2260 4460 Nunc
2309 4403 2480 4474 igitur
2528 4402 2680 4458 addit
2731 4419 2745 4454 :
2804 4421 2824 4455 ι
2875 4400 3016 4468 Quis
3081 4399 3385 4472 cognovit,
3438 4395 3568 4467 quid
3621 4395 3694 4450 sit

2105 4497 2313 4554 bonum
2348 4496 2559 4552 homini
2605 4495 2660 4550 in
2700 4495 2810 4551 vita
2839 4493 3013 4564 ipsius
3055 4491 3360 4549 secundum
3399 4502 3690 4544 numerum

2107 4589 2324 4645 dierum
2372 4587 2498 4643 vitae
2547 4586 2808 4642 vanitatis
2857 4583 3074 4654 ipsius?
3107 4592 3162 4639 et
3193 4581 3322 4638 fecit
3358 4595 3422 4635 ea
3466 4579 3520 4634 in
3569 4592 3688 4632 um-

2109 4679 2244 4744 bra;
2285 4695 2305 4730 ι
2365 4677 2418 4732 id
2457 4687 2565 4744 est,
2618 4675 2852 4744 homini,
2887 4674 2983 4746 qui
3033 4673 3163 4730 boni
3202 4670 3465 4745 praecipui
3513 4665 3692 4738 adipi-

2111 4770 2302 4827 Scendi
2351 4772 2622 4825 rationem
2665 4769 2902 4839 ignorat,
2951 4779 3017 4822 ac
3043 4772 3336 4836 propterea
3375 4769 3546 4816 totam
3591 4758 3694 4812 im-

2109 4863 2300 4934 pendit
2343 4862 2512 4918 vitam
2549 4859 2707 4932 132
2746 4859 2906 4915 vanis
2963 4857 3020 4913 in
3069 4856 3258 4920 rebus,
3311 4869 3435 4924 quae
3487 4851 3696 4906 umbra:

2111 4957 2288 5012 instar
2333 4953 2766 5026 pertransibunt,
2823 4951 2950 5022 quis
2997 4948 3210 5004 futuras
3261 4946 3369 5004 hoc
3419 4944 3522 5000 sub
3577 4943 3694 4998 sole

2109 5047 2522 5104 vicissitudines
2547 5045 2782 5116 vitreque
2803 5057 3077 5100 aerumnas
3100 5036 3526 5114 pranuntiabit?
3552 5033 3691 5092 Cum

2115 5140 2262 5196 enim
2299 5137 2502 5194 funesti
2539 5138 2677 5192 nihil
2715 5136 2826 5192 sibi
2853 5143 3144 5201 metueret,
3179 5132 3324 5204 quod
3358 5128 3694 5200 conspicuus

2113 5240 2260 5287 esset
2313 5239 2478 5300 atque
2531 5228 2885 5300 spectabilis,
2953 5228 3238 5297 multoque
3297 5221 3696 5281 dominationis

2113 5607 2360 5698 εκφέρων
2410 5607 2533 5661 κατ’
2581 5605 2816 5678 ἀριθμὸν
2862 5605 2955 5659 τὸν
2999 5604 3205 5688 κόσμον
3253 5601 3444 5671 αὑτοῦ,
3482 5603 3692 5684 πάντας

2113 5681 2184 5726 ἐπ
2252 5678 2478 5726 dudum-cr.
2539 5676 2760 5726 καλέσει
2820 5677 2930 5726 ἀπδ
2982 5675 3182 5726 πολλῇς
3235 5674 3419 5726 δόξης.
3477 5674 3574 5726 καὶ
3637 5687 3692 5726 sv

2112 5674 2202 5731 ἐπ’
2252 5674 2478 5749 ὀνόματι
2539 5674 2760 5731 καλεσει
2820 5677 2930 5732 ἀπὶ
2982 5674 3182 5747 πολλῆς
3235 5674 3419 5744 δόξης,
3477 5674 3574 5728 καὶ
3637 5677 3700 5728 ἐν

2115 5750 2300 5820 κράτει
2339 5750 2522 5822 ἰσχύος
2552 5745 2740 5802 αὐτοῦ.
