3992 6430
343 407 452 472 98')
1409 417 1492 478 1N
1536 420 2114 484 EUCLESIASTEN.
2147 451 2217 460 -
2248 424 2395 484 LIB.
2431 426 2510 486 VI
3509 399 3626 490 9st;

343 520 442 574 καὶ
469 519 578 574 τῶν
603 521 780 576 ἄλλων
815 522 1126 594 ἰδιωμάτων
1159 525 1260 598 τῆς
1306 527 1658 602 ἀγριωτέρας
1690 535 1785 588 καὶ
1824 533 1919 604 θη-

2031 537 2352 606 οιειοτίεηιιε
2399 537 2527 590 (erae.
2559 545 2724 605 atque
2770 536 3004 607 agrestis
3043 536 3168 590 vitze
3212 536 3398 602 vitiis,
3450 538 3617 596 simul

343 613 715 685 ριωδεστέρας
746 615 892 686 ζωῆς
923 617 1260 674 ἀπαλλάττει
1283 660 1300 686 ,
1331 619 1421 674 διὰ
1448 623 1544 692 τῆς
1568 623 1785 695 ἀγαθῆς
1823 627 1919 698 φήε

2032 635 2104 690 et,
2143 627 2283 680 bona
2318 627 2459 680 fama
2495 615 2796 696 proposita,
2845 626 2914 681 ad
2947 627 3032 682 sui
3066 625 3244 696 ipsius
3272 627 3617 702 pervestiga'o

347 721 458 775 μης
488 705 628 776 πρὸς
664 705 762 777 τὴν
801 707 939 762 ίδίαν
973 709 1203 782 ζήτησιν
1252 713 1348 766 καὶ
1383 713 1575 784 κτῆσιν
1622 718 1930 788 προσεφέλ-

343 796 411 849 κὸ
419 813 602 866 μενον.

417 889 780 959 Παρεμπεδοῖ
822 893 880 947 δὲ
920 895 1022 964 τὴν
1067 896 1328 968 τοιαύτην
1367 899 1596 972 ἐκδοχὴν
1651 903 1854 972 μᾶλλον
1899 906 1928 958 ὁ

343 979 644 1053 Σύμμαχος
683 983 882 1054 εἰπὼν,
931 1007 950 1038 ι
985 989 1243 1058 Ἄμεινον
1285 991 1464 1062 δνομα
1509 995 1716 1062 ἀγαθὸν
1751 997 1926 1067 μύρου

341 1071 600 1136 εὐώδους,
637 1093 656 1127 ι
689 1075 908 1138 δεικνὺς
939 1078 1200 1148 ἐμφανῶς
1220 1123 1236 1147 ,

261 1197 267 1200 -
347 1178 512 1232 μενον
558 1163 732 1236 μύρον
781 1166 848 1220 ὲκ
894 1167 1107 1222 πολλῶν
1149 1171 1245 1223 καὶ
1282 1159 1560 1245 διαφόρων
1593 1175 1750 1230 εἰδῶν
1783 1179 1928 1249 ἀρω-

347 1255 597 1324 ματικῶν
628 1256 690 1308 οὐ
721 1259 851 1321 τοὺς
877 1257 1283 1328 πλησιάζοντας
1313 1265 1476 1334 μόνον
1504 1266 1794 1331 εύωδιάζει
1831 1270 1926 1323 καὶ

342 1347 550 1415 πληροῖ
571 1349 668 1416 τῆς
701 1348 840 1413 ίδίας
871 1352 1261 1422 τερπνότητος,
1309 1355 1447 1410 ἀλλὰ
1497 1359 1593 1412 καὶ
1625 1360 1760 1429 πρὸς
1799 1361 1928 1426 τοὺς

343 1437 537 1510 πόρρω
587 1441 955 1512 παραπέμπει
1004 1445 1102 1514 τῆς
1161 1447 1392 1511 εὐωδίας
1438 1449 1539 1520 τὴν
1585 1453 1921 1522 ὀσφρασίαν·

340 1530 490 1586 οὕτω
532 1533 629 1586 καὶ
675 1535 1062 1605 συντιθέμενον
1097 1539 1162 1592 ἐκ
1195 1539 1306 1592 τῶν
1333 1542 1455 1594 κατ’
1483 1544 1686 1614 ἀρετὴν
1731 1546 1927 1618 ίδιοτή-

339 1639 452 1677 των
482 1621 654 1692 ὄνομα
695 1623 924 1692 ἀγαθὸν,
954 1623 1067 1681 οἷον
1111 1629 1350 1700 ὀχήματι
1379 1648 1488 1684 τινι
1519 1632 1596 1704 τῷ
1629 1633 1754 1704 ἀέρι
1785 1653 1926 1706 χρη-

340 1713 614 1782 σάμενον,
663 1714 756 1768 διὰ
801 1716 900 1786 τῆς
951 1718 1166 1790 ἀγαθῆς
1223 1722 1415 1792 φήμης
1463 1723 1558 1776 καὶ
1609 1726 1747 1796 πρὸς
1797 1727 1924 1790 τοὺς

342 1803 680 1876 πορρωτέρω
727 1807 1094 1879 παραπέμπει
1123 1810 1224 1880 τὴν
1271 1812 1532 1866 εὐωδίαν·
1567 1814 1750 1880 καθώς
1789 1835 1922 1887 φησι

339 1895 440 1948 καὶ
473 1895 688 1961 Παῦλος
727 1899 756 1950 ὁ
799 1898 976 1968 μέγας
1006 1901 1341 1966 ἀπόστολοςο
1387 1923 1406 1956 ι
1438 1907 1679 1976 Χριστοῦ
1726 1909 1924 1963 εὐωδία

339 1985 510 2056 ἐσμὲν
559 1989 618 2040 έν
645 1986 725 2058 τῷ
764 1987 884 2058 Θεῷ
935 1991 994 2042 ὲν
1023 1993 1137 2055 τοῖς
1181 1992 1516 2064 σωζομένοις
1560 1996 1658 2050 καὶ
1705 1999 1764 2052 ἐν
1808 2003 1923 2063 τοῖς

337 2076 740 2148 ἀπολλυμένοις
765 2121 780 2146 ,
811 2073 892 2145 οἷς
924 2081 1024 2152 μὲν
1053 2083 1198 2154 ὀσμὴ
1227 2082 1498 2156 ζωῆςέίς
1547 2087 1714 2161 ζωὴν,
1750 2085 1830 2154 οἷς
1865 2091 1924 2145 δὲ

336 2169 490 2241 ὀσμὴ
521 2170 755 2226 θανάτου
787 2175 866 2238 είς
899 2172 1154 2230 θάνατον.
1193 2195 1214 2229 ι

413 2258 548 2318 Εἶτά
592 2281 761 2333 φησι·
818 2286 836 2317 ι
866 2266 978 2320 Καὶ
1015 2267 1202 2339 ἡμέρα
1249 2269 1485 2324 θανάτου
1521 2271 1665 2345 ὑπὲρ
1707 2274 1922 2345 ἡμέραν

338 2355 654 2427 γεννήσεως
702 2355 896 2414 αὐτοῦ.
928 2375 945 2408 ι
980 2358 1026 2411 Τ
1031 2357 1176 2426 ίνος;
1225 2359 1440 2432 Δηλαδὴ
1486 2360 1582 2414 τοῦ
1633 2363 1922 2418 σπουδαίου

343 2445 445 2498 καὶ
485 2448 604 2499 κατ’
635 2447 838 2518 ἀρετὴν
885 2448 1178 2514 διαζῶντος
1205 2489 1220 2515 ,
1253 2451 1350 2504 καὶ
1393 2453 1456 2506 τὸ
1501 2452 1706 2522 ἀγαθὸν
1749 2453 1924 2524 ὄνομα

346 2537 864 2602 κατασκευάσαντος
903 2540 1082 2612 ἑαυτῷ
1114 2543 1212 2597 καὶ
1241 2542 1528 2608 συνθέντος
1561 2547 1627 2599 ὲκ
1655 2547 1764 2600 τῶν
1804 2565 1924 2602 ποι-

344 2625 517 2682 κίλων
556 2628 648 2682 καὶ
674 2629 1040 2685 παντοδαπῶν
1091 2631 1272 2704 ἔργων
1299 2635 1398 2706 τῆς
1425 2635 1796 2708 εὐαγγελικῆς
1828 2639 1922 2693 καὶ

340 2721 725 2790 πνευματικῆς
771 2720 1050 2786 πολιτείας
1095 2725 1192 2777 καὶ
1230 2727 1646 2790 καταστάσεως.
1707 2729 1764 2782 '0
1813 2729 1922 2801 γάρ

339 2806 576 2872 θάνατος
603 2808 700 2862 τοῦ
734 2812 984 2865 τοιούτου
1014 2812 1124 2867 τῶν
1163 2814 1302 2884 ὑπὲρ
1329 2815 1536 2888 αρετῆς
1568 2817 1796 2886 ἀγώνων
1825 2821 1922 2874 καὶ

339 2899 521 2953 πόνων
550 2899 727 2972 πέρας
759 2903 906 2969 ἐστὶ,
937 2904 1032 2958 καὶ
1053 2905 1144 2958 διὰ
1172 2904 1336 2958 τοῦτο
1367 2908 1464 2960 καὶ
1492 2909 1626 2978 πρὸς
1651 2909 1714 2963 τὸ
1741 2910 1921 2981 μακά·

341 3005 460 3061 ριον
483 2988 636 3055 τέλος
658 2992 824 3046 αὐτὸν
851 2994 1250 3064 παραπέμπον,
1269 2996 1606 3067 τιμιωτέραν
1630 2997 1726 3050 καί⁵
1747 3013 1920 3068 προσ-

341 3078 670 3150 φιλεστέραν
700 3081 944 3136 δείκνυσι
975 3083 1077 3154 τῆς
1117 3083 1373 3155 τελευτῆς
1406 3083 1506 3156 τὴν
1538 3087 1783 3156 ἡμέραν,
1819 3087 1921 3157 τῆς

339 3173 483 3227 κατὰ
523 3175 624 3244 τὴν
671 3173 930 3246 γέννησιν
973 3178 1072 3230 καὶ
1116 3167 1220 3246 τὴν
1267 3179 1348 3240 είς
1383 3178 1476 3230 τὸν
1521 3177 1634 3248 βίον
1687 3180 1919 3250 πάροδον

338 3261 797 3335 παραληφθείσης
841 3263 1076 3337 ⁴ἡμέρας.
1137 3264 1352 3336 Ἐκείνη
1398 3267 1496 3337 μὲν
1546 3269 1654 3338 γὰρ
1708 3268 1918 3325 πολλῶν

337 3355 720 3428 πειρατηρίων
763 3358 857 3410 καὶ
896 3357 1087 3414 δεινῶν
1131 3360 1224 3412 καὶ
1254 3357 1492 3428 θλίψεων
1525 3362 1620 3414 καὶ
1651 3364 1918 3435 περιστά-

339 3459 482 3499 σεων
524 3443 844 3516 εὑρίσκεται
889 3446 1185 3517 πρόξενος’
1217 3449 1282 3502 ού
1315 3450 1488 3520 ςμόνον
1529 3451 1638 3505 τῶν
1669 3453 1776 3506 ἀπὸ
1811 3454 1918 3522 τῶν

339 3533 545 3600 ἔξωθεν
613 3539 1169 3610 παρεισκεκριμένων
1228 3543 1530 3612 συμφορῶν
1599 3543 1916 3616 ἀδοκήτων,

335 3627 479 3684 ἀλλὰ
504 3629 600 3682 καὶ
628 3629 809 3702 πολλῷ
837 3629 1030 3704 πρώην
1057 3635 1122 3687 ὲκ
1150 3633 1258 3688 τῶν
1299 3635 1443 3690 κατὰ
1467 3637 1568 3706 τὴν
1603 3637 1766 3706 φύσιν
1795 3639 1922 3693 εἰω-

337 3717 515 3776 θότων
549 3720 796 3790 γίνεσθαι
827 3724 1273 3795 συμπτωμάτων.
1309 3726 1476 3780 Νόσοι
1512 3727 1621 3799 γάρ
1654 3729 1919 3784 ἀλλεπάλ-

335 3811 493 3882 ληλοι
521 3813 618 3867 καὶ
641 3813 916 3886 διαφόρων
955 3816 1052 3870 καὶ
1082 3817 1344 3871 ποικίλων
1389 3817 1918 3893 παθῶν-ἐπαναστά-

338 3921 461 3968 σεις
492 3905 937 3977 περιστοιχοῢσαι
967 3905 1068 3978 τῆν
1115 3909 1466 3980 ἀνθρωπίνην
1496 3910 1663 3983 ζωὴν,
1692 3914 1786 3966 καὶ
1821 3913 1916 3966 τοῦ

336 3995 577 4050 Θανάτου
624 3997 994 4070 φευκτοτέραν
1037 3998 1302 4063 πολλάκις
1355 3999 1690 4068 ἀπέδειξαν,
1735 4001 1919 4068 καθὼς

337 4089 640 4144 αἰνίττεται
686 4090 782 4144 καὶ
829 4089 892 4144 τὸ
930 4089 1110 4160 λόγιον
1151 4093 1253 4164 τῆς
1298 4093 1520 4163 γραφῆς
1565 4091 1660 4149 τοῦ
1703 4091 1827 4148 Ἰὼϐ
1857 4095 1918 4150 τὺ

337 4179 587 4247 φάσκον·
633 4197 654 4231 ι
682 4178 803 4233 Ἵνα
826 4179 878 4233 τί
901 4180 1012 4250 γὰρ
1045 4181 1256 4235 δέδοται
1292 4184 1406 4246 τοῖς
1433 4184 1492 4236 ὲν
1529 4185 1732 4256 πικρίᾳ
1771 4185 1911 4255 φῶς,

335 4268 454 4342 ζωὴ
479 4270 538 4324 δὲ
575 4276 698 4336 ταῖς
738 4272 798 4328 έν
825 4271 1043 4337 ὀδύναις
1103 4271 1342 4344 ψυχαίς;
1385 4275 1448 4328 Οἳ
1481 4275 1783 4346 ίμείρονται
1819 4277 1915 4332 τοῦ

337 4359 607 4429 θανάτου,
632 4365 730 4418 καὶ
761 4364 822 4417 οὐ
849 4363 1235 4436 τυγχάνουσιν.
1269 4383 1289 4417 ι
1335 4363 1401 4418 Ἦ
1440 4365 1496 4422 δὲ
1522 4366 1624 4436 τῆς
1655 4368 1916 4442 τελευτῆς

338 4453 524 4524 ἡμέρα
553 4453 646 4508 τοῦ
677 4455 970 4510 σπουδαίου
997 4456 1093 4510 καὶ
1123 4457 1245 4510 κατ’
1269 4457 1472 4528 ἀρετὴν
1507 4457 1915 4531 διαλάμψαντος

1285 1081 1360 1144 ὡς
1402 1083 1466 1134 τὸ
1513 1085 1930 1150 κατασκευαζό-

2033 717 2238 772 tionem
2265 727 2432 788 atque
2455 718 2800 787 adeptionem
2832 717 3102 788 perducit.

2101 897 2276 952 Porro
2323 896 2825 966 interpretationem
2881 895 3199 964 hujusmodi
3250 895 3614 967 Symmachus

2031 988 2376 1058 potissimum
2429 987 2740 1054 conﬁrmat,
2792 989 2884 1058 qui
2936 988 3068 1042 ait:
3109 1006 3128 1038 ‹
3164 987 3357 1042 Melius
3409 1003 3612 1044 nomen

2027 1079 2234 1134 bonum
2261 1092 2538 1147 unguento
2583 1059 3100 1148 fragrante(31-2),r
3118 1095 3224 1134 non
3249 1080 3482 1134 obscure
3515 1080 3612 1136 de-

2029 1171 2274 1237 clarans,
2307 1171 2768 1240 quemadmodum
2805 1179 3169 1242 unguentum,
3199 1172 3343 1240 quod
3365 1187 3396 1226 e
3423 1173 3610 1227 multis

2029 1261 2308 1330 variisque
2333 1261 2594 1314 aromatis
2619 1259 2988 1330 componitur,
3022 1277 3128 1314 non
3164 1261 3372 1316 vicinos
3398 1271 3608 1316 tantum

2029 1353 2197 1406 odore
2245 1353 2522 1422 perfundit
2557 1366 2621 1406 ac
2649 1351 2917 1407 suavitate
2958 1351 3196 1421 complet
3242 1367 3364 1413 sua,
3417 1367 3606 1405 verum

2027 1443 2190 1496 etiam
2223 1443 2288 1497 ad
2327 1443 2654 1513 longinquos
2703 1457 2812 1498 non
2863 1441 3046 1497 minus
3099 1451 3308 1512 gratam
3357 1441 3608 1512 fragran-

2027 1534 2158 1587 tiam
2202 1533 2575 1600 transmittit;'
2597 1534 2678 1589 sic
2712 1547 2906 1587 nomen
2942 1533 3172 1594 bonum,
3222 1533 3371 1601 quod
3401 1549 3466 1587 ex
3498 1535 3608 1588 vir-

2030 1621 2162 1678 tutis
2190 1623 2620 1692 proprietatibus
2654 1629 2898 1684 constat,
2933 1631 3192 1690 tanquam
3227 1625 3370 1676 aeris
3403 1637 3505 1691 ope
3537 1621 3605 1676 ad

2029 1715 2335 1770 vehendum
2371 1723 2556 1769 utatur
2598 1714 2740 1768 bona
2779 1715 2966 1784 utique
3003 1713 3146 1768 fama
3179 1716 3246 1768 ad
3279 1714 3606 1769 remotiores

2025 1805 2191 1859 etiam
2237 1803 2543 1858 diﬂundere
2588 1802 2812 1856 odorem
2847 1817 3032 1855 suum.
3071 1802 3253 1866 Quare
3298 1809 3353 1854 et
3400 1798 3607 1853 Paulus

2026 1911 2260 1966 magnus
2299 1894 2594 1964 Apostolus
2627 1911 2640 1948 :
2683 1913 2702 1946 ι
2745 1892 2972 1958 Christi,
3011 1893 3210 1962 inquit,
3251 1892 3428 1946 bonus
3465 1893 3605 1945 odor

2027 2004 2220 2044 sumus
2267 1988 2324 2041 in
2383 1985 2494 2040 Deo
2530 1986 2586 2040 in
2628 1985 2736 2050 iis,
2777 1984 2872 2054 qui
2911 1983 3047 2039 salvi
3099 1983 3273 2046 ﬁunt,
3312 1993 3369 2038 et
3400 1983 3453 2036 in
3499 1983 3602 2046 iis.

2025 2081 2117 2151 qui
2149 2089 2398 2150 pereunt,
2431 2079 2558 2134 aliis
2587 2078 2806 2148 quidem
2856 2077 2993 2144 odor
3027 2073 3154 2130 vitae
3187 2075 3456 2142 invitam,
3480 2074 3604 2130 aliis

2025 2179 2208 2224 autem
2245 2169 2380 2224 odor
2409 2167 2604 2222 mortis
2639 2167 2690 2220 in
2725 2175 2958 2220 mortem
2993 2167 3126 2236 (55).
3149 2181 3165 2212 ι

2093 2261 2187 2314 Ait
2227 2259 2422 2314 deinde
2456 2259 2812 2314 Ecclesiastes
2841 2279 2855 2314 :
2898 2277 2916 2310 ι
2959 2258 3022 2314 Et
3053 2259 3171 2314 dies
3203 2259 3398 2313 mortis
3438 2271 3605 2326 super

2024 2351 2167 2408 diem
2209 2352 2514 2406 nativitatis
2554 2351 2696 2420 ejus.
2737 2368 2756 2401 ι
2793 2349 3142 2420 Cujusnam?
3176 2347 3341 2403 Probi
3377 2349 3604 2402 omnino

2023 2454 2079 2502 et
2131 2445 2201 2500 ad
2246 2445 2467 2500 virtutis
2505 2431 2764 2500 normam
2821 2445 3075 2510 viventis,
3131 2443 3445 2512 bonumque
3495 2441 3601 2497 sibi

2023 2551 2221 2592 nomen
2264 2537 2469 2606 adepti,
2511 2551 2576 2593 ac
2620 2537 2805 2592 multis
2847 2533 3007 2607 164
3049 2535 3325 2603 variisque
3369 2549 3604 2604 cvange-

2023 2631 2143 2686 licae
2179 2639 2233 2685 et
2267 2629 2570 2700 spiritualis
2596 2629 2964 2684 institutionis
2992 2626 3255 2696 operibus
3290 2625 3598 2694 promeriti.

2023 2723 2200 2792 Hujus
2245 2724 2392 2778 enim
2436 2738 2588 2778 mors
2635 2730 3016 2792 susceptorum
3065 2735 3165 2788 pro
3196 2719 3394 2772 virtute
3425 2727 3600 2772 certa-

2023 2815 2235 2868 minum
2272 2815 2636 2883 laborumque
2672 2814 2942 2868 terminus
2973 2821 3073 2870 est,
3105 2811 3346 2880 quicum
3376 2825 3499 2864 eum
3531 2810 3600 2862 ad

2023 2905 2242 2961 beatum
2312 2906 2608 2960 transferat
2681 2907 2841 2959 linem
2871 2942 2886 2968 ,
2956 2903 3135 2973 pretio
3189 2913 3356 2972 atque
3412 2915 3604 2958 amore

2023 2995 2252 3067 dignum
2297 2996 2470 3066 magis
2496 2995 2737 3051 ostendit
2779 2995 2975 3049 mortis
3021 2994 3186 3058 diem,
3239 3008 3404 3062 quam
3448 3007 3602 3061 eum,

2022 3089 2116 3158 qui
2163 3089 2364 3159 genitis
2415 3089 2625 3142 aditum
2673 3088 2728 3141 in
2781 3087 2924 3142 hanc
2963 3085 3132 3141 vitam
3180 3083 3438 3154 patefecit
3464 3083 3600 3156 (54).

2022 3177 2156 3234 Nam
2189 3180 2280 3234 ille
2324 3180 2545 3250 quidem
2585 3179 2956 3248 periculorum
2994 3177 3288 3231 multorum
3320 3184 3376 3231 et
3401 3192 3603 3230 terum—

2021 3286 2216 3325 narum
2285 3280 2338 3326 et
2389 3271 2644 3324 dolorum
2714 3277 2770 3325 et
2834 3269 3224 3325 necessitatum
3275 3267 3383 3321 vim
3443 3267 3602 3323 nobis

2019 3362 2294 3433 ingentem
2329 3361 2546 3426 attulit;
2583 3375 2683 3415 nec
2714 3359 2898 3414 solum
2937 3359 3347 3413 calamitatibus
3377 3358 3600 3426 objecit,

2020 3470 2141 3523 qua:
2175 3461 2371 3522 praeter
2415 3453 2730 3521 opinionem
2767 3451 3040 3521 adrepunt
3087 3451 3455 3513 extrinsecus,
3503 3450 3600 3505 sed

2020 3547 2184 3603 etiam
2213 3545 2436 3600 casibus
2469 3545 2556 3610 iis,
2590 3545 2685 3615 qui
2717 3543 2930 3614 jamdiu
2961 3553 3160 3598 natura
3193 3542 3438 3597 incidere
3465 3555 3598 3596 con-

2021 3644 2333 3694 sueverunt.
2374 3635 2546 3690 Morbi
2591 3635 2739 3690 enim
2783 3635 2857 3688 ita
2889 3636 3185 3699 alternant,
3229 3645 3284 3688 et
3313 3643 3394 3688 tot
3427 3633 3599 3688 animi

2021 3728 2340 3783 aﬂ‘ectiones
2369 3743 2432 3782 ac
2468 3734 2651 3780 motus
2690 3726 2986 3780 humanam
3023 3725 3276 3780 obsident
3312 3725 3502 3787 vitam,
3541 3733 3602 3778 ut

2021 3835 2162 3889 ειερα
2201 3831 2378 3872 morte
2413 3818 2714 3872 tristiorem
2757 3817 3053 3872 ostendant
3091 3833 3106 3870 :
3148 3817 3292 3885 quod
3323 3824 3380 3871 et
3405 3815 3597 3870 divino

2019 3909 2138 3965 Jobi
2169 3909 2393 3965 oraculo
2438 3908 2783 3979 designatur,
2828 3906 2920 3963 ubi
2967 3908 3044 3962 ait
3073 3925 3088 3961 :
3129 3925 3149 3958 ι
3181 3908 3364 3972 Quare
3393 3905 3598 3962 misero

2019 4002 2145 4058 data
2181 4009 2264 4056 est
2291 4001 2410 4067 lux,
2438 4009 2492 4056 et
2519 4001 2630 4054 vita
2661 4000 2766 4065 his,
2801 3999 2897 4069 qui
2932 4000 2985 4054 in
3014 3998 3380 4054 amaritudine
3401 3997 3600 4052 anima:

2021 4095 2193 4149 sunt?
2243 4092 2337 4163 qui
2376 4098 2696 4162 exspectant
2738 4099 2994 4153 mortem,
3035 4097 3088 4144 et
3135 4104 3244 4142 non
3283 4083 3538 4142 venit"?
3575 4105 3594 4138 ο

2020 4185 2144 4240 Dies
2177 4195 2362 4239 autem
2401 4184 2596 4238 mortis
2630 4181 2775 4252 ejus,
2819 4181 2913 4252 qui
2952 4181 3122 4251 probe
3148 4179 3284 4234 vixit
3315 4187 3370 4234 et
3399 4179 3600 4234 virtute

2017 4279 2234 4344 enituit,
2270 4280 2380 4335 illis
2409 4279 2629 4350 quidem
2663 4279 2926 4334 omnibus
2955 4277 3172 4340 liberat,
3221 4291 3346 4332 cum
3383 4276 3601 4346 pericu-

2017 4371 2194 4426 lorum
2226 4371 2353 4427 vitaa
2387 4371 2549 4427 linem
2590 4371 2801 4434 afferat,
2843 4379 2898 4424 et
2939 4369 3012 4435 ei,
3051 4369 3144 4438 qui
3175 4369 3378 4424 bonum
3420 4377 3599 4423 certa-

2019 4481 2142 4522 men
2173 4464 2424 4527 certavit,
2455 4473 2511 4518 et
2535 4479 2659 4518 cum
2688 4463 2888 4518 virtute
2918 4476 3143 4514 cursum
3167 4461 3595 4522 consummavit,

333 4544 738 4616 ἀπολυτροῦται
783 4547 884 4618 μὲν
917 4546 1190 4602 κάκείνων
1224 4549 1514 4615 ἁπάντων,
1567 4550 1662 4606 ἅτε
1705 4551 1770 4624 δὴ
1805 4554 1914 4608 τῶν

2027 4559 2292 4628 iidemque
2335 4557 2611 4619 servavit,
2673 4553 2963 4609 exordium
3011 4553 3247 4608 adducat
3309 4555 3596 4609 beatorum

337 4639 612 4709 βιωτικῶν
678 4642 1054 4712 πειρατηρίων
1097 4642 1472 4714 ἐπιφερομένη
1519 4645 1620 4718 τὴν
1667 4647 1914 4703 παῦλανο

2019 4651 2396 4721 praemiorum,
2429 4656 2483 4702 et
2505 4646 2734 4716 justitia:
2764 4659 3024 4701 coronam
3057 4645 3383 4714 imponat”.

332 4737 512 4808 ἀρχὴν
553 4739 610 4792 δὲ
659 4737 841 4793 δίδωσι
887 4740 965 4810 τῷ
1008 4740 1188 4806 καλῶς
1220 4743 1645 4817 ἀγωνισαμένῳ,
1695 4748 1792 4801 καὶ
1828 4749 1918 4803 τὸν
1957 4752 2076 4806 κατ’
2139 4749 2343 4822 ἀρετὴν
2410 4746 2764 4802 τελειώσαντι
2793 4745 3012 4815 δρόμον,
3045 4741 3140 4796 καὶ
3163 4738 3260 4810 τὴν
3300 4737 3481 4791 πίστιν
3501 4751 3599 4806 τη-

337 4827 565 4898 ρήσαντι
591 4871 606 4895 ,
653 4829 761 4882 τῶν
795 4831 1084 4902 μακαρίων
1120 4831 1374 4886 ἐπάθλων
1422 4834 1516 4888 καὶ
1547 4837 1654 4891 τῶν
1699 4841 1798 4912 τῆς
1835 4841 2184 4914 δικαιοσύνης
2215 4840 2517 4912 στεφάνων.

408 4943 452 4976 ⁸⁷
488 4941 594 4998 Job
628 4959 712 5010 ιιι,
753 4944 846 5000 20.
922 4944 966 4976 ³⁸
1005 4943 1050 4997 ll
1083 4944 1227 4999 Tim.
1261 4961 1336 5014 tv,
1379 4946 1431 5000 7.

352 5118 530 5200 (51-2)
553 5123 624 5200 ¹Ιιι
653 5126 926 5200 ipsurrrex
955 5125 1284 5200 Symmacho
1309 5129 1610 5200 protulerat
1631 5127 1914 5200 Oiympio-

227 5252 241 5260 ,,
331 5198 502 5251 dorus
540 5195 639 5268 (ρ.
672 5197 777 5252 644
809 5197 851 5250 Ε
887 5197 945 5250 in
983 5195 1140 5251 Auct.
1184 5195 1372 5265 Duc.).
1411 5197 1677 5253 Caeterum
1701 5195 1765 5254 ἐι
1795 5195 1912 5268 ipsa

337 5267 672 5338 voxoleum
739 5281 883 5338 saepe
937 5281 1038 5336 pro
1094 5278 1375 5336 unguento
1428 5277 1728 5338 usurpatur
1783 5267 1917 5324 z’ut

335 5337 491 5406 apud,
514 5337 716 5392 Lucam
739 5375 756 5400 ,
794 5336 920 5390 Oleo
948 5347 1105 5406 caput
1135 5353 1308 5406 meum
1343 5353 1446 5392 non
1479 5336 1684 5394 uniisti
1706 5341 1780 5405 (ιε.
1816 5355 1912 5404 vn,

337 5405 390 5478 ν,
432 5405 766 5478 46).7Atque
805 5405 1432 5478 idiLat’inisﬁfamiliare
1479 5409 1584 5463 fuit
1619 5409 1913 5478 :iNemon‘

333 5473 514 5531 oleum
537 5473 896 5544 feret'ocius?
935 5475 1074 5558 dixit
1108 5477 1367 5558 Horatius
1412 5478 1585 5601 ﬁSat.
1624 5477 1736 5544 VII,
1777 5482 1812 5534 I.
1851 5496 1911 5544 ιι,

333 5563 390 5600 v.
425 5547 540 5601 54).
575 5547 646 5601 de
673 5547 796 5601 oleo
826 5547 892 5600 ad
919 5556 1232 5601 unctionem
1267 5563 1322 5601 ιιι
1348 5547 1418 5601 ba
1445 5550 1602 5601 neis:
1651 5558 1704 5601 et
1741 5551 1911 5601 oleum

2101 5125 2216 5197 (55)
2252 5125 2296 5197 ll
2326 5126 2392 5180 ad
2445 5126 2571 5182 Cor.
2622 5126 2834 5197 11,15.
2877 5127 2936 5182 1η
2970 5125 3216 5197 Vulgatis
3265 5123 3592 5197 legttnus....

2022 5193 2205 5268 ἐσμὲν
2219 5196 2309 5270 τῴᾲ
2323 5197 2644 5270 Θεῷ..λ...μθιᾷ
2657 5193 2738 5260 οἷς
2759 5197 2858 5270 μὲν
2892 5197 3036 5270 ὀσμὴ
3065 5195 3296 5248 θανάτου
3331 5197 3410 5258 είς
3434 5194 3596 5248 θάνα-

2021 5263 2112 5322 τον
2141 5283 2152 5299 ⁴
2189 5263 2345 5339 οἷς-δὲ
2375 5263 2517 5339 ὀσμὴ
2549 5268 2695 5338 ζωῆς
2732 5263 2812 5330 είς
2844 5263 3008 5339 ζωὴν.

2095 5339 2208 5410 (54)
2251 5337 2408 5390 Hunc
2438 5335 2784 5410 Ecclesiaste
2824 5335 3024 5410 locu'm_
3039 5335 3345 5410 _Christiani
3383 5347 3596 5410 veteres

2023 5407 2334 5464 ob'ocnlos
2391 5408 2648 5461 habuisse
2696 5409 2955 5462 videntur
3009 5407 3324 5468 Mazochio,
3372 5408 3596 5474 quando

2025 5481 2314 5535 transitum
2333 5493 2396 5531 ex
2417 5479 2520 5532 hac
2537 5479 2641 5532 vita
2666 5487 2932 5533 vocarunt
2951 5477 3203 5532 Natalem
3227 5488 3320 5530 aut
3337 5475 3595 5530 Γενέθλια

333 5563 390 5600 ν.
425 5547 540 5617 54),
575 5547 646 5602 de
670 5547 796 5618 oleo
826 5547 892 5600 ad
919 5548 1232 5618 unctionem
1267 5548 1322 5601 in
1348 5545 1602 5604 balneis:
1651 5558 1704 5605 et
1741 5551 1912 5604 oleum
2011 5566 2106 5604 seu
2141 5549 2364 5604 Γενέσια
2425 5547 2592 5618 (Spic.
2628 5547 2769 5604 Bibl.
2805 5549 2939 5618 ull.
2974 5564 3008 5618 p
3068 5548 3218 5618 225).
3255 5545 3427 5618 Velut,
3468 5562 3592 5600 cum

331 5619 635 5686 gratuitum
667 5617 720 5670 in
759 5617 989 5672 thermis
1020 5617 1210 5671 datum
1243 5632 1386 5687 saepe
1417 5620 1677 5674 exhibent
1717 5621 1914 5674 inscri-

334 5689 553 5756 ptiones
610 5697 884 5758 antiquae,
922 5695 1006 5758 ut
1063 5687 1200 5742 alias
1249 5689 1635 5745 adnotavimus
1673 5691 1789 5758 (De
1837 5708 1909 5748 ss.

623 5757 759 5830 9|),
785 5757 933 5833 quod
965 5757 1230 5866 Apulei.”
1268 5761 1440 5813 oleum
1485 5757 1781 5816 balsamum
1816 5777 1915 5832 ap-

2011 5705 2142 5760 quos

2012 5620 2458 5688 ait'Angustinus
2489 5616 2502 5670 ξ
2549 5637 2567 5669 ι
2608 5619 2774 5688 Digne
2805 5616 3056 5672 Natalem
3089 5616 3313 5688 istorum
3349 5616 3591 5672 colimus.

2203 5660 2410 5744 Beatius
2460 5660 2842 5743 a'ternteavitaa
2895 5691 3121 5743 mundus
3170 5687 3372 5748 edidit,
3433 5701 3592 5754 quant

2015 5755 2211 5814 arundo
2287 5771 2644 5813 maternorum
2718 5761 2973 5815 viscerum
3051 5769 3236 5829 partus
3305 5755 3520 5822 (παίω.
3571 5777 3585 5795 ο

2015 5832 2231 5899 (Serm.
2266 5832 2338 5884 10
2374 5830 2446 5881 De
2479 5829 2704 5878 S'Imr'ir.
2737 5831 2752 5870 δ
