3992 6450
419 428 524 493 991
1520 437 1581 495 S.
1625 437 2004 497 GBEGORlI

2129 439 2566 500 iRlGENTlNI
3668 442 3778 504 932

417 541 617 596 missas
648 535 964 598 aﬂectioncs
1011 541 1376 610 pertraltetuvr,
1417 542 1671 598 humanze
1709 545 1834 599 vit—.e
1868 545 1990 599 bre-

2129 544 2313 608 ονείας
2331 544 2730 615 ὲξογκώμενος,
2747 543 3089 616 ἀνθελκυσθή
3099 563 3252 600 σεται
3283 542 3465 616 πρὸς
3481 549 3775 612 ταπεινὰ-ς

416 633 641 686 νίιιιιρηι
693 631 992 701 reputabit,
1041 633 1300 701 praeclara
1347 632 1655 688 mutatione
1701 635 1838 690 alios
1883 650 2004 690 esse

2129 635 2381 712 ῐιαθέσεις
2401 678 2415 701 ,
2446 637 2542 688 καὶ¹
2561 637 2668 706 τῆς
2695 635 3048 707 ἀνθρωπίνης
3077 637 3222 710 ζωῆς
3269 637 3782 710 διενθυμηθῆσι-

417 725 642 793 incipiet
685 741 698 776 :
736 725 963 794 jamque
1015 725 1230 793 potiora
1279 726 1563 796 amplexus
1615 727 1878 793 consilia,
1933 728 1998 782 ad

2129 741 2198 778 ;αι
2230 726 2288 778 τὸ
2317 725 2636 796 ὠκύμορον,
2691 727 2786 780 καὶ
2814 727 2912 797 τὴν
2944 728 3118 798 καλὴν
3143 729 3499 783 ἀλλοίωσιν
3534 727 3777 786 ἀλλοιω-

417 817 624 884 optima
667 831 899 886 qumque
941 815 1184 872 facinora
1228 818 1472 871 animum
1517 817 1749 882 referet,
1785 835 1854 890 ac
1885 819 2002 874 vias

2129 818 2367 887 μήσεται·
2398 819 2496 872 καὶ
2520 818 2762 888 βελτίους
2793 819 3084 873 ἀναλαϐὼν
3110 823 3375 885 ἑννοίας,
3418 822 3522 884 εἰς
3547 823 3778 889 ἀγαθὰς

419 909 616 964 salutis
665 908 844 962 inibit.
903 906 1019 962 Hoc
1065 909 1240 978 igitur
1289 909 1381 966 illa
1439 909 1733 978 designant
1789 911 1997 965 verba:

2129 909 2340 962 μκδώσει
2373 909 2608 980 πράξεις
2645 912 2748 982 τὴν
2776 911 2917 967 ἰδίαν
2942 911 3192 984 γνώμην,
3239 915 3364 968 καὶ
3404 913 3774 986 πορεύσεται

427 1018 446 1051 ι
492 1001 554 1054 lit
591 999 684 1070 qui
723 999 858 1054 vivit
899 1001 1049 1054 dabit
1086 1001 1292 1056 bonum
1325 1001 1393 1057 ad
1441 1017 1537 1056 cor
1571 1017 1771 1070 suum;
1812 1021 1833 1054 ι
1876 1017 2002 1072 pes-

2129 998 2205 1068 τῆς
2233 999 2514 1071 σωτηρίας
2539 1000 2639 1064 τὰς
2665 1000 2911 1072 τρίϐους.
2938 1002 3112 1057 Τοῦτο
3135 1001 3228 1058 οὖν
3267 1022 3470 1076 φησι,
3521 1024 3545 1057 ι
3589 1007 3711 1060 Καὶ
3749 1012 3776 1062 6

422 1093 576 1148 sima:
621 1092 824 1162 quippe
857 1093 981 1146 vitae
1014 1093 1319 1159 damnatio,
1354 1103 1409 1148 et
1454 1093 1780 1149 deliberatio
1811 1111 2007 1150 susce~

2129 1088 2214 1149 ζῶν
2261 1089 2428 1144 δώσει
2472 1091 2678 1159 ἀγαθὸν
2729 1095 2808 1157 εἰς
2861 1095 3102 1164 καρδίαν
3132 1095 3334 1150 αὐτοῦ.
3391 1114 3427 1149 t
3485 1097 3623 1168 Τῆς
3663 1099 3774 1172 γὰρ

421 1183 650 1253 ptioque
700 1184 948 1238 melioris
979 1185 1224 1239 animum
1259 1185 1502 1240 hominis
1533 1186 1598 1240 ad
1636 1187 1841 1242 bonum
1877 1187 2006 1242 bea-

423 1284 648 1345 tumque
671 1275 834 1330 linem
871 1276 1168 1332 deducunt.
1200 1276 1288 1330 Ait
1317 1277 1514 1332 deinde
1543 1295 1558 1333 :

1967 1565 1993 1638 ς
2026 1565 2092 1621 Vl

496 1657 664 1712 Vsus.
697 1659 750 1712 4.
786 1657 986 1713 Bonum
1019 1669 1092 1714 est
1116 1661 1197 1713 ira
1224 1675 1378 1729 super
1405 1660 1568 1714 risum
1589 1659 1748 1728 Μυῖα
1781 1659 1835 1711 in
1862 1657 2002 1711 mala
2039 1664 2080 1720 Β

428 1750 606 1804 vultus
637 1753 727 1821 ﬁet
761 1751 954 1806 bonum
995 1769 1106 1805 cur.

501 1841 640 1894 lram
681 1841 964 1894 decentem
1007 1857 1070 1894 ac
1100 1842 1308 1910 justam
1363 1841 1510 1894 omni
1558 1840 1672 1893 risu
1723 1839 2005 1892 meliorem

425 1945 550 1984 esse
594 1933 933 1999 pronuntiat.
995 1929 1129 1984 Nam
1179 1930 1383 1986 divinis
1425 1930 1646 2000 quidem
1697 1930 1750 1984 in
1788 1928 2009 1984 Litteris

429 2023 609 2078 locum
669 2023 908 2092 reperies
962 2024 1213 2086 nullum,
1267 2025 1358 2078 ubi
1415 2025 1564 2078 risus
1612 2032 1870 2093 tanquam
1921 2037 2008 2076 res

427 2111 571 2167 bona
601 2112 1043 2180 commendatus,
1090 2121 1144 2167 ct
1173 2113 1357 2182 aliqua
1400 2128 1468 2168 ex
1501 2127 1668 2168 causa
1707 2111 2008 2182 probabilis

427 2203 650 2260 habitus
695 2203 809 2259 sit:
859 2220 984 2258 cum
1031 2205 1112 2260 ira
1144 2221 1174 2260 e
1205 2207 1506 2271 contrario,
1539 2221 1662 2277 quae
1699 2207 1910 2271 deceat,
1955 2213 2010 2260 et

424 2295 732 2367 indignatio
774 2295 925 2366 justa
977 2311 1044 2350 ac
1095 2297 1418 2367 tempestiva
1463 2301 1530 2352 ad
1575 2298 2008 2368 delinquentium

425 2389 872 2444 emendationem
907 2401 963 2445 ct
1001 2390 1381 2459 improborum
1414 2391 1727 2452 utilitatem,
1765 2390 1818 2444 iu
1850 2389 2010 2444 laude

425 2489 686 2552 ponatur,
745 2491 798 2536 et
845 2497 1044 2553 magno
1090 2481 1278 2538 favore
1331 2482 1654 2536 celebretur.
1718 2481 1904 2550 Itaque
1954 2488 2009 2535 et

427 2573 542 2628 Deo
571 2589 712 2643 saepe
741 2574 822 2628 ira
855 2573 1136 2637 tribuitur,
1167 2584 1332 2643 atque
1365 2574 1531 2627 etiam
1565 2571 1739 2630 furor.
1771 2572 1911 2626 Nam
1941 2573 2010 2628 de

427 2667 686 2737 gentibus
731 2665 996 2721 adversus
1053 2663 1490 2736 Hierosolymam
1535 2666 1899 2721 frementibus
1934 2665 2012 2720 ait

425 2757 574 2814 Deus
615 2757 856 2815 universi
889 2776 904 2814 :
941 2778 960 2812 ι
995 2759 1268 2826 Quoniam
1304 2761 1386 2814 ira
1422 2774 1616 2830 magna
1660 2775 1763 2830 ego
1801 2758 2012 2814 irascor

427 2862 839 2922 super‘gentes,
891 2868 1015 2922 quae
1070 2851 1512 2923 superimposita:
1561 2860 1692 2908 sunt
1739 2851 1788 2906 ci
1823 2869 1837 2905 :
1879 2865 2008 2920 pro-

427 2955 617 3016 pterea
654 2949 802 3015 quod
850 2959 952 3016 ego
999 2947 1220 3016 quidem
1259 2947 1436 3001 iratus
1483 2961 1604 3000 sum
1662 2959 1880 3015 parum,
1931 2943 2009 2998 illi

431 3052 563 3092 vero
593 3037 1006 3107 superimpositi
1035 3040 1267 3093 multum
1301 3037 1504 3108 (36“).i
1529 3037 1594 3092 Et
1621 3037 1782 3107 longe
1810 3044 1971 3090 antea
1995 3054 2011 3091 :
2041 3023 2086 3080 (ἶ

436 3145 458 3179 ι
495 3127 559 3181 Et
593 3127 770 3182 iratus
799 3126 986 3182 furore
1017 3127 1277 3182 Dominus
1314 3128 1369 3182 in
1399 3127 1644 3198 Moysen,
1673 3126 1749 3180 ait
1777 3143 1791 3180 :
1823 3123 2016 3179 Nonne

429 3230 562 3272 ecce
586 3213 754 3270 frater
784 3225 910 3271 tuus
941 3215 1156 3272 Levites
1175 3216 1264 3272 ’⁵δῖ
1297 3235 1316 3269 ι
1358 3217 1424 3270 Et
1459 3218 1632 3271 multa
1661 3216 1766 3270 alia
1820 3215 2017 3285 hujus-

431 3308 585 3362 modi
607 3308 676 3364 de
701 3307 814 3362 Deo
836 3309 962 3379 quis
985 3307 1189 3379 Deique
1216 3307 1436 3363 famulis
1459 3309 1661 3376 scripta
1687 3306 1849 3378 168
1865 3306 2016 3360 inre-

433 3400 574 3464 niet,
640 3401 1104 3472 quemadmodum
1158 3410 1216 3454 et
1262 3400 1330 3455 de
1377 3399 1562 3470 Moyse
1606 3399 1836 3452 relatum
1883 3404 2016 3453 est:

438 3511 458 3544 ι
492 3491 561 3547 Et
587 3493 757 3548 iratus
797 3493 1178 3564 indignatione
1215 3491 1432 3564 Moyses
1463 3491 1694 3563 projecit
1731 3491 1800 3547 de
1837 3490 2018 3545 mani-

432 3587 540 3645 bus
601 3585 719 3642 suis
774 3586 992 3642 tabulas
1043 3585 1278 3652 ambas,
1337 3593 1394 3639 et
1445 3584 1716 3654 confregit
1774 3599 1870 3638 eas
1916 3583 2020 3638 sub

433 3685 623 3732 monte
645 3678 711 3730 ⁵⁸.
735 3695 755 3730 ι
783 3675 1127 3747 Quapropter
1175 3674 1472 3745 optabilior
1499 3685 1664 3745 atque
1695 3675 1880 3730 utilior
1899 3689 2022 3730 esse

431 3769 586 3839 justa
627 3769 709 3825 ira
747 3770 986 3832 videtur,
1033 3779 1295 3840 tauquam
1339 3767 1482 3822 bona
1512 3767 1780 3822 adversus
1817 3767 2023 3837 impro-

434 3862 758 3923 bitatemet
803 3863 1084 3933 improbos
1131 3859 1402 3927 homines,
1445 3875 1610 3931 quam
1660 3860 1810 3914 risus
1848 3859 2024 3914 riden-

441 3953 602 4018 tium,
631 3954 686 4013 id
720 3963 825 4019 est,
838 3969 1003 4024 quam
1029 3954 1246 4009 incuria
1267 3961 1322 4010 et
1347 3952 1718 4011 dissimulatio
1745 3961 1800 4006 et
1827 3952 2024 4008 lenitas

437 4047 666 4102 minime
701 4047 1050 4117 tempestiva.

523 4250 776 4319 Quanam
817 4251 885 4307 de
921 4251 1132 4308 causa?
1168 4270 1187 4303 ι
1219 4249 1382 4316 Quia,
1418 4249 1616 4321 inquit,
1652 4249 1705 4302 in
1737 4247 1881 4302 malo
1908 4247 2030 4302 vui-

2103 1182 2385 1252 χειρίστης
2418 1185 2564 1256 ζωῆς
2599 1186 2634 1256 ἡ
2666 1186 3147 1254 κατάγνωσις,καὶ
3171 1189 3275 1256 τῆς
3308 1188 3689 1258 κρείττονος
3710 1193 3768 1244 al

2101 1275 2487 1349 διενθυμήσεις
2535 1279 2632 1332 καὶ
2684 1279 2986 1350 ἀναλήψεις
3042 1281 3179 1351 πρὸς
3230 1283 3300 1335 τὸ
3368 1281 3621 1350 ἀγαθὸν
3671 1284 3767 1338 καὶ

2107 1369 2380 1437 μακάριον
2427 1370 2582 1433 τέλος
2631 1371 2954 1440 ἐφέλκονται
3007 1373 3109 1444 τὴν
3157 1374 3572 1446 ἀνθρωπενην
3623 1393 3764 1447 καρ-

2104 1457 2245 1513 δίαν.
2274 1457 2406 1515 Εἷτὰ
2439 1479 2604 1534 φησιν
2624 1479 2639 1494 ·

2192 1657 2446 1734 Ἀγαθὸν
2503 1670 2692 1738 θυμὸς
2737 1672 2888 1740 ὑπὲρ
2939 1672 3173 1743 γέλωτα
3200 1693 3214 1705 ·
3275 1675 3388 1728 ὅτι
3439 1673 3524 1726 ἐν
3573 1675 3756 1744 κακίᾳ

2112 1757 2438 1824 προσώπου
2472 1762 2954 1831 (inmorandum
2987 1763 3220 1832 καρδία.

2185 1849 2288 1903 Τὸν
2329 1839 2678 1922 προσήκοντα
2725 1855 2818 1908 καὶ
2869 1855 3076 1909 δίκαιον
3121 1854 3298 1926 θυμὸν
3352 1855 3754 1923 ἀποφαίνεται

2112 1943 2404 2015 κρείττονα
2451 1947 2654 2011 παντὸς
2688 1947 2930 2016 γέλωτος
2973 1949 3332 2016 πεφυκέναι·
3396 1947 3604 2018 γέλως
3660 1951 3753 2019 μὲν

2113 2032 2223 2104 γὰρ
2260 2035 2359 2106 ούχ
2393 2035 2626 2106 εὕρηταί
2669 2053 2772 2090 που
2819 2037 2972 2109 παρὰ
3002 2040 3069 2110 τῇ
3103 2036 3224 2109 θεία
3267 2033 3501 2108 Γραφῇ
3541 2053 3753 2108 μεμαρ·

2113 2125 2423 2197 τυρημένος
2443 2126 2518 2192 ὼς
2546 2129 2773 2197 ἀγαθὸν,
2806 2129 2840 2200 ἡ
2866 2147 3011 2191 τινος
3043 2129 3320 2201 ἀποδοχῆς
3364 2127 3746 2200 ἀξιούμενος

2115 2217 2252 2289 ὀργὴ
2298 2219 2482 2290 μέντοι
2536 2221 2824 2291 πρέπουσα
2870 2220 2967 2275 καὶ
3011 2221 3185 2291 θυμὸς
3231 2220 3622 2293 κατάλληλος
3659 2223 3748 2276 καὶ

2116 2309 2414 2379 προσήκων
2455 2309 2594 2380 πρὸς
2631 2308 2918 2380 διόρθωσιν
2948 2309 3058 2363 τῶν
3092 2309 3614 2382 πλημμελούντων
3653 2311 3746 2364 καὶ

2113 2400 2224 2453 τῶν
2268 2402 2703 2473 ἁμαρτανόντων
2756 2400 3064 2472 βελτίωσιν,
3113 2402 3424 2466 ὲπαινετός
3482 2401 3615 2456 ἐστι
3655 2403 3746 2457 καὶ

2120 2495 2365 2565 μεγάλης
2403 2494 2556 2561 ἄξιος
2601 2496 2901 2566 εὐφημίας.
2956 2493 3057 2549 Διὰ
3085 2493 3248 2548 τοῦτο
3293 2494 3405 2548 καὶ
3455 2495 3564 2548 ἐπὶ
3608 2495 3741 2548 Θεοῦ

2117 2585 2458 2656 λαμϐάνεται
2489 2587 2754 2652 πολλάκις
2786 2590 2819 2658 ή
2847 2585 2988 2658 ὀργὴ
3013 2587 3109 2640 καὶ
3134 2588 3324 2658 μέντοι
3347 2587 3462 2640 καὶ
3491 2589 3522 2640 ὁ
3547 2587 3740 2658 θυμός·

2117 2678 2254 2748 φησὶ
2285 2678 2391 2748 γὰρ
2419 2679 2514 2732 ἐπὶ
2530 2678 2638 2731 τῶν
2669 2678 2812 2732 κατὰ
2845 2681 2946 2750 τῆς
2983 2679 3356 2752 Ἰερουσαλὴμ
3398 2677 3735 2733 λυττώντων

2116 2775 2284 2828 ἐθνῶν
2317 2775 2345 2826 ὁ
2375 2773 2486 2826 τῶν
2515 2773 2652 2828 ὅλων
2684 2773 2850 2838 Θεός’
2899 2793 2916 2826 ι
2950 2773 3097 2828 Διότι
3141 2773 3283 2846 ὀργῇ
3335 2773 3585 2847 μεγάλῃ
3634 2771 3737 2842 ἐγὼ

2116 2866 2408 2938 ὀργίζομαι
2457 2866 2552 2920 ἐπὶ
2598 2867 2668 2920 τὰ
2717 2866 2848 2938 ἔθνη
2894 2867 2965 2920 τὰ
3023 2867 3512 2941 συνεπιτιθέμενα
3560 2867 3728 2938 αὑτῇο

2117 2959 2236 3016 ἀνθ’
2275 2951 2350 3013 ὧν
2381 2957 2494 3028 ἐγὼ
2527 2957 2626 3029 μὲν
2657 2957 2938 3030 ὠργίσθην
2966 2959 3048 3022 εἰς
3075 2958 3254 3028 ὀλίγα,
3289 2959 3468 3013 αὐτοὶ
3501 2959 3564 3012 δὲ
3606 2975 3728 3010 συνο

2117 3052 2376 3107 επὲθεντο
2426 3053 2506 3116 είς
2565 3050 2758 3105 πολλά.
2799 3070 2823 3112 ,ι
2863 3051 2976 3105 Καὶ
3019 3051 3204 3122 πολλῷ
3261 3049 3499 3122 πρώην,
3557 3069 3578 3102 ι
3620 3047 3724 3104 Καὶ

2117 3145 2396 3218 θυμωθεὶς
2417 3145 2554 3216 ὀργῇ
2586 3145 2794 3215 Κύριος
2817 3143 2912 3197 ἐπὶ
2939 3145 3204 3215 Μωῦσῆν,
3233 3138 3398 3198 εἶπεν
3423 3161 3438 3175 ·
3471 3143 3596 3196 Οὐκ
3623 3140 3724 3196 ίδοίι

2115 3243 2144 3295 ὁ
2174 3239 2400 3309 ἀδελφός
2432 3255 2528 3292 σου
2577 3239 2607 3292 ὁ
2646 3237 2917 3306 Λευῒτης;
2955 3253 2974 3288 ι
3028 3234 3333 3290 καὶπολλὰ
3363 3233 3608 3288 τοιαῦτά
3645 3250 3719 3294 τις

2119 3334 2345 3403 εὑρήσει
2376 3330 2744 3402 γεγραμμένα
2787 3328 2918 3400 περὶ
2962 3327 3099 3382 Θεοῦ
3145 3328 3242 3382 καὶ
3289 3327 3407 3381 τῶν
3445 3325 3551 3380 τοῦ
3589 3321 3720 3378 Θεοῦ

2121 3423 2500 3494 θεραπόντων,
2539 3421 2616 3484 ὼς
2651 3420 2966 3490 γέγραπται
2993 3419 3090 3473 καὶ
3116 3419 3246 3490 περὶ
3276 3418 3377 3473 τοῦ
3411 3415 3714 3477 Μωῦσέως·

2127 3532 2146 3565 ι
2181 3513 2294 3566 Καὶ
2339 3509 2620 3582 ὀργισθεὶς
2669 3509 2830 3582 θυμῷ
2868 3509 3112 3580 Μωῦσῆς
3160 3508 3392 3580 ἔρριψεν
3453 3507 3570 3561 ἀπὸ
3617 3503 3717 3557 τῶν

2123 3601 2324 3672 χειρῶν
2347 3595 2516 3655 αὐτοῦ
2543 3599 2645 3662 τὰς
2664 3599 2760 3653 δύο
2789 3599 3032 3664 πλάκας,
3052 3599 3147 3653 καὶ
3177 3597 3520 3670 συνέτριψεν
3550 3595 3712 3657 αὐτὰς

2121 3699 2202 3759 είς
2240 3694 2302 3748 τὸ
2335 3693 2486 3764 ὅρος.
2527 3713 2546 3746 ι
2577 3690 2885 3762 Τοιγαροῦν
2925 3690 3296 3763 αἱρετώτερος
3345 3691 3588 3762 εὕρηται
3625 3685 3712 3741 καὶ

2123 3785 2562 3856 λυσιτελέστερος
2587 3783 2664 3847 ὡς
2694 3783 2902 3852 ἀγαθὸς
2926 3785 2955 3838 ὁ
2989 3784 3291 3856 προσήκων
3330 3782 3510 3856 θυμὸς
3529 3782 3560 3834 ὁ
3581 3778 3708 3834 κατὰ

2123 3881 2220 3949 τῆς
2269 3876 2540 3950 πονηρίας
2582 3875 2680 3930 καὶ
2731 3875 2844 3930 τῶν
2889 3875 3354 3948 πονηρευομένων
3407 3869 3706 3945 ἀνθρώπων

2125 3972 2266 4042 ὑπὲρ
2292 3971 2420 4034 τοὺς
2463 3971 2711 4042 γέλωτας
2739 3967 2848 4026 τῶν
2881 3969 3190 4038 γελώντων,
3223 3969 3396 4039 ἦγουν
3437 3966 3578 4038 ὑπὲρ
3617 3963 3704 4034 τὴν

2127 4066 2326 4138 ἀνοχὴν
2375 4064 2472 4120 καὶ
2515 4061 2948 4136 παρασιὼπησιν
2981 4062 3077 4118 καὶ
3117 4060 3216 4134 τὴν
3267 4061 3344 4134 μὴ
3394 4060 3704 4133 πρέπουσαν

2131 4160 2538 4230 μακροθυμίαν.

2198 4253 2266 4307 Τί
2299 4252 2534 4323 δήποτες
2568 4271 2586 4304 ι
2621 4251 2766 4316 Ὅτι,
2793 4267 2812 4302 ι
2842 4249 3012 4321 φησὶ,
3050 4269 3068 4302 ι
3096 4246 3202 4323 [ὲν]
3225 4249 3397 4322 κακίᾳ
3423 4245 3698 4321 προσώπου

440 4356 534 4400 tus
581 4345 673 4401 lict
725 4348 928 4400 bonum
973 4360 1090 4401 cor.
1131 4367 1151 4398 ι
1205 4344 1469 4398 Severum
1518 4342 1729 4398 scilicet
1773 4341 2023 4396 obtutum

2130 4343 2572 4418 ἁγαθυνθήσεται
2621 4341 2843 4413 καρδία.
2875 4360 2895 4393 ι
2963 4339 3076 4412 Τὴν
3127 4340 3236 4413 γὰρ
3289 4339 3574 4412 αὐστηρὰν
3614 4332 3698 4389 καὶ

441 4445 500 4490 et
527 4433 979 4490 truculentiorem
1009 4445 1290 4505 aspectum
1320 4433 1610 4504 appellavit
1635 4432 1855 4486 malum.
1886 4431 2026 4485 Nam

443 4537 500 4582 et
531 4528 621 4597 qui
655 4529 711 4580 in
753 4526 883 4581 ludo
921 4527 1162 4590 discunt,
1210 4527 1254 4582 si
1292 4541 1509 4596 semper
1542 4524 1814 4594 placidum
1862 4523 2026 4593 magi-

445 4627 688 4676 strorum
724 4619 936 4674 vultum
978 4621 1272 4688 aspiciant,
1317 4619 1371 4673 in
1420 4618 1715 4688 przeceptis-
1742 4617 2031 4672 addiscen-

442 4711 530 4767 dis
553 4712 918 4782 negligentius
959 4725 1018 4765 se
1046 4720 1263 4781 gerunt,
1307 4724 1409 4764 nec
1441 4709 1508 4764 de
1537 4724 1707 4779 penso
1745 4724 1845 4763 suo
1873 4707 2034 4778 quid-

427 4817 613 4874 quam
661 4811 727 4858 a'c
772 4802 1064 4872 praecipuis
1111 4800 1608 4856 exercitationibus
1653 4801 1924 4854 laborant.
1962 4800 2031 4852 At

443 4912 572 4952 cum
605 4896 959 4951 acerbitatem
992 4895 1418 4964 torvitatemquc
1461 4895 1646 4948 vultus
1699 4892 1878 4946 intuiti
1912 4890 2031 4944 fue—

445 4989 582 5052 rint,
609 5003 844 5043 excussa
879 4986 1097 5041 remissi
1129 4985 1298 5041 animi
1334 5001 1398 5040 ac
1427 4985 1750 5056 negligentis
1780 4982 2030 5054 segnitie,

445 5081 516 5135 ad
547 5095 610 5134 ea
653 5080 900 5134 studiose
931 5078 1244 5141 recolenda,
1280 5093 1401 5147 qua:
1443 5078 1498 5132 in
1531 5077 1918 5146 magistrorum
1956 5074 2035 5128 iu-

448 5174 830 5230 stitutionibus
873 5173 1160 5242 proposita
1203 5171 1426 5235 habent,
1464 5171 1707 5225 alacrius
1750 5184 1810 5224 se
1841 5171 2035 5224 confe-

445 5275 614 5332 runt;
656 5266 881 5334 jamque
917 5267 1104 5319 animo
1133 5280 1164 5318 a
1202 5264 1476 5334 perversis
1522 5263 1719 5318 studiis
1755 5273 2028 5328 revocato,

447 5357 648 5411 bonam
705 5357 834 5409 vitae
875 5358 1145 5410 rationem
1199 5353 1516 5424 prasl'erunt,
1567 5361 1623 5407 et
1670 5369 1852 5408 moros
1900 5369 2032 5409 suos

447 5449 745 5504 emendare
783 5449 1036 5502 nituntur
1061 5448 1198 5517 (57).
1243 5445 1357 5501 Hoc
1402 5446 1567 5516 igitur
1603 5453 1706 5509 est,
1753 5446 1898 5514 quod
1935 5446 2032 5501 Ec-

520 5563 568 5594 "
607 5561 781 5616 Exod.
827 5575 904 5624 ιν,
939 5561 1025 5616 il.
1103 5560 1150 5591 ⁴⁶
1195 5558 1368 5616 Exoi.
1408 5574 1586 5625 χχχιι,
1627 5557 1714 5614 19.

527 5675 664 5746 (56')
703 5672 938 5746 Zacitar.
987 5690 1040 5739 ι,
1077 5673 1161 5729 15.
1201 5672 1306 5729 Sed
1351 5673 1515 5746 apud
1541 5671 1878 5746 LXX‘leges
1903 5691 1913 5724 :

455 5742 610 5868 αὑτοέ
631 5742 712 5867 έδὲ
743 5745 1105 5798 συνεπέθεντο
1137 5747 1218 5810 είς
1265 5745 1432 5802 κακά.
1472 5742 1583 5800 Nec
1633 5742 1834 5800 habent
1895 5747 2028 5816 αὐτῇ

457 5826 552 5872 aut
614 5833 733 5872 ιτι.

529 5887 638 5959 (57)
655 5886 849 5944 Paucis
867 5886 982 5945 haec
1002 5887 1194 5944 eadem
1217 5896 1560 5960 expresserat
1576 5885 1916 5958 Olympiade:
1935 5903 1996 5943 us
2019 5905 2030 5938 :

2129 4437 2546 4512 βλοσυρωτέραν
2588 4436 2690 4505 τῆς
2741 4434 2920 4505 ὂψεως
2964 4433 3288 4504 ἐπιφάνειαν
3329 4433 3551 4488 κακίαν
3579 4426 3700 4482 ὠνό-

2131 4549 2294 4604 μασε.
2311 4529 2431 4584 Τῶν
2457 4529 2566 4598 γὰρ
2595 4527 2938 4580 διδασκάλων
2962 4527 3012 4580 oi
3042 4525 3484 4598 μαθητευὸμενοι
3503 4523 3600 4593 τὴν
3619 4519 3696 4574 εὕ-

2132 4623 2355 4694 μένειαν
2397 4620 2488 4674 ἀεὶ
2529 4617 2916 4688 καθορῶντες,
2959 4617 3561 4688 καταφρονητικότερον
3590 4612 3692 4664 δια-

2128 4714 2366 4768 τίθενται
2411 4711 2548 4783 πρὸς
2586 4710 2686 4775 τὰς
2724 4709 3022 4780 ἀναλήψεις
3056 4709 3167 4764 τῶν
3215 4708 3574 4779 μαθημάτων,
3611 4698 3691 4756 καὶ

2127 4805 2237 4858 τῶν
2265 4802 2556 4874 βελτίστων
2585 4801 2882 4871 διατριϐῶν
2925 4801 3023 4854 καὶ
3051 4797 3308 4871 πράξεων
3345 4801 3445 4864 τὰς
3473 4795 3690 4869 αἱρέσεις

2131 4895 2226 4948 καὶ
2275 4893 2581 4957 διαθέσεις’
2639 4893 2770 4946 ὅταν
2816 4891 2874 4945 δὲ
2920 4893 3153 4962 πικρίαν
3203 4893 3300 4946 καὶ
3348 4891 3689 4962 βλοσυρότητςι

2133 4985 2426 5060 προσώπου
2463 4985 2793 5048 θεάσωνται,
2834 4985 2935 5055 τῆς
2963 4986 3372 5058 διακεχυμένης
3416 4985 3508 5038 καὶ
3544 4994 3686 5051 προσ-

2132 5078 2486 5150 ημελημὲνης
2533 5075 2940 5147 ὴλευθέρωνται
2991 5075 3220 5148 γνώμης
3262 5077 3359 5130 καὶ
3395 5073 3683 5130 διαθέσεως,

2133 5171 2230 5225 καὶ
2258 5170 2397 5238 πρὸς
2426 5167 2749 5239 ἐπιμέλειαν
2781 5167 2874 5220 καὶ
2910 5168 3149 5238 σπουδὴν
3187 5168 3288 5239 τὴν
3321 5166 3418 5220 ἐπὶ
3443 5166 3542 5227 τοῖς
3567 5175 3681 5232 προ·

2133 5264 2407 5334 κειμένοις
2452 5264 2574 5324 ταῖς
2619 5260 2942 5330 είσηγήσεσι
2987 5259 3098 5314 τῶν
3134 5257 3496 5330 προεστώτων
3554 5253 3680 5306 διαν-

2135 5359 2381 5412 ίστανται
2419 5353 2851 5424 προθυμότερον,
2885 5352 2982 5406 καί⁸
3007 5353 3118 5406 τῶν
3139 5352 3400 5423 πονηρῶν
3427 5345 3677 5415 ἐπιτηδευ-

2137 5447 2322 5518 μάτων
2371 5444 2856 5514 ἁρπαλλατόμενοι·,
2909 5443 3008 5518 τὴν
3060 5443 3273 5514 ἀγαθὴν
3329 5437 3678 5513 ἀνθαιροῦνται
3722 5469 3726 5477 .

2152 5675 2241 5728 Ἐν
2275 5673 2383 5745 γὰρ
2414 5675 2478 5745 τῇ
2522 5671 2956 5745 most-postianm»
2985 5671 3280 5745 αὐστηρίᾳ,
3313 5673 3380 5744 ἥν
3408 5671 3470 5745 δὴ
3499 5663 3670 5745 ⁸κακίαν

2140 5727 2300 5816 (paci:
2329 5727 2492 5816 ᾰοτόξ
2521 5761 2578 5795 τε
2609 5727 3214 5816 -ἀγᾶθυνθῄσεταιηκαὶ
3234 5727 3378 5805 ’τοῧς
3425 5727 3520 5816 ὑπὸ
3545 5735 3668 5807 χεῖρα

2139 5810 2376 5883 ἀγαθοὺς
2407 5813 2806 5882 ἀπεργάσεται.
2841 5810 3000 5867 [dest
3033 5831 3060 5865 :,
3087 5810 3192 5876 Qui
3215 5824 3426 5880 μνη-εει,
3459 5813 3560 5865 sive
3575 5817 3668 5858 ma-

2145 5887 2309 5958 gister
2344 5886 2456 5942 sive
2490 5884 2766 5951 dominus,
2805 5884 3077 5939 severitate
3117 5883 3307 5950 minus,
3353 5897 3504 5952 quam
3529 5883 3663 5942 ηιιηρι
