3992 6442
323 399 444 464 993

322 509 638 576 πολιτείαν,
675 511 772 564 καὶ
796 512 894 582 τὴν
934 513 1234 568 σπουδαίαν
1269 497 1604 587 κατορθοῦσι
1624 495 1920 569 ’κατάστα-
1952 529 1994 584 Α

321 617 438 655 σιν.
471 601 644 656 Τοῦτο
667 600 762 656 οὖν
793 606 942 659 ἐστιν
971 607 1000 659 ὅ
1031 623 1224 676 φησιν,
1263 625 1280 658 ι
1321 609 1446 662 ’Ότι
1479 609 1536 661 ἐν
1561 609 1731 678 κακίᾳ
1754 624 1924 678 προσ-

317 691 481 746 ώπου
523 695 966 766 ἀγαθυνθήσεται
1013 701 1230 770 καρδία.
1273 717 1292 751 ›
1326 701 1406 771 Τῇ
1437 701 1549 772 γὰρ
1579 700 1781 772 πικρίᾳ
1818 701 1922 770 τῆς

318 782 460 846 θέας
491 785 588 838 καὶ
617 789 682 856 τῇ
733 786 1091 860 βλοσυρὸτητι
1137 792 1231 844 τοῦ
1280 791 1579 862 προσώπου
1647 791 1850 862 μᾶλλον
1887 793 1922 864 ή

319 873 527 944 καρδία
546 876 656 928 τῶν
679 878 1001 948 ἀρχομένων
1024 882 1391 952 αἰσθητικώτε
1401 900 1494 952 ρον
1526 882 1626 936 καὶ
1649 883 1926 953 νηφαλιώ-

323 983 493 1037 τερον
538 969 1005 1040 ἀναλαμϐάνουσα
1050 972 1336 1044 λογισμὸν,
1387 975 1489 1046 τῆς
1539 977 1660 1030 κατ’
1717 976 1920 1048 ἀρετὴν

320 1059 691 1132 ἀγαθωσύνης
738 1062 948 1130 γίνεται
997 1064 1214 1136 πλήρης
1237 1082 1250 1095 ·
1287 1068 1384 1120 καὶ
1414 1066 1617 1138 μᾶλλον
1649 1068 1918 1124 ἀπόναται

328 1171 351 1203 ι
385 1153 484 1222 τῆς
519 1152 612 1206 τοῦ
645 1154 944 1225 προσώπου
977 1157 1210 1221 κακίας,
1252 1177 1270 1210 ι
1303 1159 1336 1230 ἢ
1365 1161 1464 1231 τῆς
1494 1161 1784 1231 εὐμενείας
1825 1159 1920 1212 καὶ

319 1245 428 1314 τῆς
455 1246 900 1316 προσηνεστέρας
934 1246 1084 1310 θέας.
1127 1249 1350 1320 Ἀμέλει
1380 1253 1563 1306 τοίνυν
1588 1255 1702 1316 τοῖς
1732 1251 1920 1315 αὐτοῖς

317 1335 726 1407 ὲμφιλοχωρῶν
755 1338 784 1390 ό
818 1337 980 1406 σοφὸς
1021 1337 1460 1416 Ἐκκλησιαστὴς
1485 1345 1740 1414 ἐπήγαγε
1759 1361 1774 1377 ·

1417 401 1500 464 ΙΝ
1527 400 2107 466 ECCLESIASTEN.
2147 429 2214 439 —
2247 403 2396 463 LIB.
2430 403 2533 464 VI.

3491 403 3602 472 99$

2025 514 2311 572 clesiastes
2353 516 2431 569 ait
2469 533 2482 569 :
2522 515 2662 580 Quia
2694 515 2772 568 -t'n
2827 514 2972 570 malo
3026 514 3205 571 uultus
3271 517 3362 587 ﬁet
3416 517 3610 574 bonum

2021 624 2146 674 cor;
2187 616 2442 677 aspectus
2476 608 2622 662 enim
2664 607 2962 664 acerbitate
3017 604 3082 664 ac
3141 610 3394 666 torvitate
3423 611 3612 668 vultus

2021 699 2193 753 multo
2269 697 2452 752 acrius
2532 697 2844 766 percellitur
2927 697 3273 754 subditorum
3349 702 3612 762 animus,

2022 791 2322 860 sobriaque
2391 790 2726 857 cogitatione
2793 800 3093 861 suscepta,
3163 793 3381 850 virtutis
3441 795 3614 864 adipi-

2021 882 2240 937 scenda:
2303 880 2580 935 desiderio
2634 891 2688 934 ct
2743 883 2927 938 studio
2997 885 3299 954 completur
3353 905 3365 940 :
3425 886 3613 958 itaque

2022 975 2198 1028 multo
2231 973 2497 1041 majorem
2528 973 2672 1042 capit
2709 974 3000 1030 utilitatem
3037 995 3057 1028 ι
3084 993 3151 1031 ex
3185 980 3331 1032 malo
3355 981 3561 1044 vultus,
3581 998 3601 1031 ι

2021 1080 2188 1137 quam
2233 1079 2300 1118 ex
2348 1065 2686 1133 benignitate
2732 1073 2786 1119 et
2831 1068 2973 1121 comi
3021 1069 3252 1123 nimium
3302 1072 3609 1140 blandoque

2021 1167 2244 1228 aspectu
2286 1156 2422 1228 (58).
2479 1155 2605 1212 ﬂare
2653 1157 2820 1226 igitur
2873 1159 2992 1228 ipsa
3036 1170 3344 1218 retraetans
3388 1164 3612 1234 sapiens

2021 1249 2410 1317 Ecclesiastes,
2443 1249 2634 1320 utique
2665 1250 2903 1320 subjecit
2933 1270 2950 1307 ι

1876 1453 1904 1526 §
1930 1449 2045 1506 vn.

396 1542 620 1611 Κτιρδία
659 1545 872 1616 σοφῶν
906 1549 976 1603 ἐν
1029 1551 1177 1616 οἴκῳ
1239 1550 1503 1617 πένθους
1531 1566 1544 1581 ·
1575 1549 1794 1621 καρδία
1841 1546 1911 1602 δὲ

316 1634 606 1705 ἀφρόνων
625 1638 696 1692 ἐν
724 1639 872 1704 οἴκῳ
906 1643 1320 1712 εὐφροσύνης.

409 1726 627 1791 Ἃπλῶς
691 1729 1120 1802 ἀποφηνάμενος
1174 1734 1382 1802 ἀγαθὸν
1436 1733 1532 1788 τοῦ
1569 1733 1908 1805 προσφοιτᾷν

316 1818 408 1880 εις
421 1813 570 1872 οἷκον
587 1819 842 1887 πένθους,
875 1823 910 1895 ἦ
941 1824 1024 1886 είς
1047 1819 1200 1878 οἷκον
1229 1827 1417 1892 πότου,
1435 1825 1525 1879 διὰ
1549 1825 1612 1879 τὸ
1649 1825 1907 1896 διάφορον

2088 1539 2256 1595 Vsus.
2289 1539 2341 1594 5.
2383 1539 2545 1610 169
2607 1539 2714 1594 Cor
2757 1542 3055 1612 sapientum
3095 1543 3152 1598 in
3189 1545 3346 1601 domo
3387 1546 3598 1614 luctus;

2015 1649 2107 1687 cor
2144 1631 2509 1698 insipientium
2550 1632 2606 1685 in
2635 1633 3044 1689 domolaztt'tiaa.

2087 1724 2220 1779 [tem
2253 1724 2452 1778 bonam
2485 1725 2811 1794 simpliciter
2841 1727 2976 1782 dixit
3005 1729 3280 1798 superius,
3309 1730 3390 1786 ire
3419 1733 3605 1802 potius
3677 1722 3691 1734 ”

2014 1815 2070 1870 in
2085 1815 2308 1870 domum
2330 1815 2534 1879 luctus,
2557 1829 2721 1884 quam
2741 1817 2794 1869 in
2813 1815 3034 1872 domum
3058 1819 3316 1886 convivii,
3336 1819 3406 1874 ob
3423 1821 3606 1891 ipsum

317 1912 608 1984 ἑκατέρων
636 1915 748 1967 τῶν
768 1914 940 1970 οἴκων
963 1957 979 1984 ,
1015 1917 1112 1973 νῦν
1143 1919 1496 1991 προστίθησι,
1537 1921 1633 1972 καὶ
1663 1919 1907 1971 διεσταλ-

2016 1921 2208 1976 nempe
2225 1905 2424 1960 domus
2454 1905 2745 1976 utriusque
2769 1905 3088 1962 discrimen.
3117 1909 3298 1981 Pergit
3351 1927 3521 1976 nunc,
3548 1923 3606 1968 e:

321 2003 506 2072 μένως
533 2003 793 2074 ὀνομάζει
839 2010 1040 2077 σοφοὺς
1086 2009 1214 2072 τοὺς
1260 2009 1487 2078 ἔχοντας
1529 2009 1631 2080 τὴν
1676 2008 1908 2078 καρδίαν

317 2095 418 2148 ἐπὶ
441 2096 533 2148 τὸν
561 2092 714 2151 οἷκον
735 2096 830 2151 τοῦ
853 2099 1109 2168 πένθους,
1143 2100 1387 2172 ἄφρονας
1411 2101 1469 2154 δὲ
1493 2101 1622 2164 τοὺς
1641 2099 1740 2172 τὴν
1769 2117 1909 2171 καρ-

315 2186 439 2240 δίαν
469 2188 697 2258 ἔχοντας
723 2190 966 2260 ἔμπαλιν
994 2193 1075 2257 εἰς
1105 2193 1198 2246 τὸν
1231 2189 1380 2246 οἶκον
1396 2194 1496 2264 τῆς
1523 2193 1868 2264 εὐφροσύνης
1889 2208 1905 2226 ⁸

315 2279 566 2344 ἐκείνους
590 2281 679 2335 διὰ
708 2283 804 2336 τοῦ
844 2285 1077 2339 καλέσαι
1112 2287 1314 2353 σοφοὺς
1343 2284 1776 2356 κατασεμνύνων
1812 2285 1908 2338 καὶ

316 2369 420 2440 τῆς
455 2371 723 2426 ἀνωτάτω
755 2373 1032 2439 καταξιῶν
1067 2377 1348 2446 εὐφημίας
1375 2393 1388 2408 ο
1414 2379 1442 2430 ὁ
1471 2377 1580 2448 γὰρ
1623 2377 1789 2444 σοφὸς
1816 2376 1908 2430 ἄν-

323 2461 543 2534 θρωπος
594 2466 938 2536 πανταχόθεν
973 2468 1300 2540 ἐπιφέρεται
1351 2469 1412 2522 τὸ
1457 2467 1776 2522 ὲπαινετὸνο
1809 2467 1908 2537 ἑμ-

323 2555 493 2610 παλιν
519 2557 575 2611 δὲ
607 2559 834 2623 τούτους
863 2561 1288 2633 κατακωμῳδῶν
1319 2562 1410 2616 διά
1455 2562 1556 2631 τῆς
1610 2561 1906 2632 ὀνομασίας

315 2647 419 2700 τοῦ
444 2649 674 2718 ἄφρονος
698 2667 715 2684 ο
748 2653 777 2704 ὁ
807 2652 918 2723 γὰρ
943 2653 1139 2724 ἄφρων
1163 2655 1638 2724 κατεγνωσμένως
1683 2654 1778 2706 καὶ
1817 2647 1907 2724 ψε-

315 2739 468 2803 κτῶς
492 2740 670 2795 πάντα
693 2743 991 2798 διανοεῖται
1021 2745 1116 2810 καὶ
1149 2745 1300 2813 λέγει
1333 2749 1428 2800 καὶ
1461 2747 1586 2818 δρᾷ,
1619 2745 1759 2817 πρὸς
1795 2763 1904 2816 μη-

312 2829 410 2885 δὲν
433 2831 714 2898 λυσιτελὲς
745 2837 1170 2907 ἀποτεινόμενος
1203 2837 1400 2908 πέρας.

389 2924 602 2979 Οὐκοῦν
654 2927 762 2998 ἄρα
819 2929 920 2999 τὴν
953 2929 1325 3002 εὐαγγελικὴν
1371 2929 1648 2984 πολιτείαν
1677 2929 1900 2998 προδια-

314 3012 524 3084 γράφει
554 3015 650 3070 καὶ
670 3019 1072 3090 χαρακτηρίζει
1101 3021 1291 3089 σαφῶς
1311 3021 1400 3074 διὰ
1439 3021 1547 3074 τῶν
1571 3021 1900 3092 εἰρημένων.

327 3106 422 3171 Ὣς
449 3107 560 3180 γάρ
588 3109 648 3161 τὸ
673 3110 773 3180 τῆς
811 3111 1088 3183 σωτηρίας
1123 3113 1281 3185 ἡμῶν
1317 3113 1650 3183 Εύαγγέλιον
1678 3116 1900 3167 ἐπαινε-

313 3205 446 3264 τοὺς
475 3203 694 3274 ἡγεῖται
724 3205 820 3258 καὶ
853 3205 1164 3276 μακαρίους
1214 3207 1342 3271 τοὺς
1380 3205 1722 3270 πενθοῦντας
1750 3206 1900 3276 παρά

2013 1997 2272 2052 distincte
2315 1996 2592 2066 sapientes
2645 1997 2919 2067 appellat,
2964 1999 3057 2068 qui
3109 1999 3162 2053 iu
3213 2001 3382 2056 domo
3422 2003 3609 2058 luctus

2015 2089 2200 2144 animo
2222 2098 2536 2156 versantur,
2558 2089 2881 2160 insipientes
2906 2104 2937 2144 e
2963 2093 3268 2157 contrario,
3298 2093 3392 2165 qui
3423 2097 3612 2150 auium

1995 2188 2308 2236 versantur
2341 2181 2396 2236 in
2426 2181 2592 2236 domo
2621 2182 2839 2238 lattitize.
2865 2182 3044 2252 Atque
3077 2170 3198 2240 illos
3225 2187 3442 2255 quidem
3473 2189 3606 2243 dum

2015 2273 2520 2341 sapientes'vocat,
2553 2273 2791 2330 honorat
2822 2275 3092 2339 maxime,
3129 2291 3196 2330 ac
3225 2279 3460 2334 summis
3495 2279 3608 2334 lau-

2015 2364 2177 2421 dibus
2221 2365 2419 2434 dignos
2447 2365 2711 2420 declarat.
2755 2363 2850 2419 Vir
2887 2366 3036 2420 enim
3075 2367 3295 2436 sapiens
3321 2369 3446 2440 jure
3473 2387 3606 2441 qun-

2013 2455 2140 2511 dam
2175 2471 2278 2512 suo
2311 2471 2477 2512 omne
2512 2458 2616 2512 sibi
2653 2457 2986 2528 praeconium
3019 2460 3278 2516 vindicat.
3321 2461 3434 2518 Hos
3477 2478 3608 2517 vero

2013 2548 2377 2619 appellatione
2421 2549 2732 2620 insipientis
2763 2565 2817 2620 ~e
2859 2553 3140 2606 contrario
3191 2553 3351 2622 plane
3419 2555 3606 2624 depri-

2014 2643 2156 2696 mit:
2203 2657 2332 2696 nam
2366 2643 2638 2712 insipiens
2673 2643 2728 2696 in
2757 2642 2825 2698 iis
2852 2644 3132 2709 omnibus,
3172 2661 3295 2715 qua:
3321 2649 3524 2718 cogitat
3551 2658 3608 2702 et

2011 2730 2260 2802 loquitur
2279 2741 2336 2788 et
2366 2731 2515 2794 facit,
2536 2747 2662 2788 cum
2687 2733 2754 2788 ad
2783 2734 2994 2789 nullum
3024 2736 3276 2792 utilitatis
3307 2723 3602 2794 terminum

2013 2821 2234 2888 tendat,
2273 2823 2732 2894 vituperationem
2766 2825 2918 2880 subit
2944 2841 3010 2880 ac
3041 2837 3254 2882 notam.

2083 2915 2284 2984 Aperte
2307 2915 2472 2987 igitur
2494 2931 2590 2986 per
2620 2917 2736 2972 haec
2757 2917 2925 2972 verba
2955 2919 3324 2989 evangelicam
3351 2921 3477 2977 vitae
3510 2938 3606 2977 ra-

2012 3007 2212 3061 tionem
2265 3017 2416 3062 tanto
2453 3017 2580 3063 ante
2625 3007 2886 3064 describit
2927 3017 3092 3080 atque
3146 3012 3416 3082 designat.
3463 3012 3600 3068 Nam

2009 3098 2170 3154 sicuti
2200 3099 2397 3154 salutis
2427 3109 2630 3155 nostra:
2657 3099 3011 3172 Evangeliqu
3053 3102 3356 3160 laudabiles
3382 3105 3606 3161 beatos-

2009 3207 2118 3262 que
2153 3191 2303 3246 dueit
2330 3233 2345 3258 ,
2383 3193 2476 3262 qui
2509 3195 2674 3246 vitam
2709 3207 2868 3247 suam
2911 3193 2963 3246 in
2994 3193 3142 3248 luctu
3175 3203 3344 3250 totam
3381 3205 3436 3252 et
3473 3197 3600 3253 lletu

312 3293 500 3346 πάντα
528 3294 618 3347 τὶν
653 3295 864 3348 ἑαυτῶν
917 3295 1034 3366 βίον
1083 3297 1181 3350 καὶ
1215 3299 1780 3369 κατολοφυρομένους,
1813 3297 1907 3350 καὶ¹

2016 3283 2282 3354 exigunt,
2339 3283 2597 3354 viamque
2657 3283 3042 3354 ingrediuntur
3093 3297 3386 3357 angustam
3437 3299 3602 3360 atque

311 3383 420 3456 τὴν
458 3384 650 3455 στενὴν
697 3390 794 3464 καὶ
859 3389 1234 3462 τεθλιμμένην
1289 3391 1698 3464 πορευομένους
1750 3390 1906 3444 ὁδὸνο

313 3475 559 3544 ἔμπαλιν
593 3477 650 3530 δὲ
679 3463 804 3541 τοὺς
825 3482 1369 3545 κατασπαταλῶντας
1406 3483 1500 3535 καὶ
1527 3483 1626 3552 τὴν
1659 3481 1908 3554 εὐρύχω-

315 3585 416 3638 ρον
449 3568 542 3622 καὶ
573 3569 834 3624 πλατεῖαν
867 3572 1058 3643 τρίϐον
1084 3573 1403 3640 ὁδεύοντας,
1427 3577 1521 3628 καὶ
1566 3575 1706 3646 πρὸς
1737 3576 1908 3648 μόνην

313 3659 419 3732 τὴν
463 3661 746 3732 παροῦσαν
793 3664 942 3734 ζωὴν
987 3665 1314 3736 κεχηνότας,
1345 3667 1568 3732 ἀθλίους
1596 3683 1611 3697 ⁸
1641 3669 1788 3723 οὕτω
1813 3669 1910 3723 καὶ

315 3752 504 3824 πολλῷ
531 3755 724 3826 πρώην
759 3757 791 3808 ὁ
824 3755 994 3824 σοφδς
1034 3756 1472 3830 Ἐκκλησιαστὴς
1501 3759 1644 3814 κατὰ
1673 3761 1742 3814 τὰ
1767 3760 1909 3814 αὖτά

314 3847 415 3899 καὶ
451 3845 718 3910 ὡσαύτως
749 3848 874 3911 τοὺς
895 3848 1122 3918 ἔχοντας
1147 3849 1246 3920 τὴν
1277 3852 1514 3921 καρδίαν
1539 3852 1620 3916 είς
1641 3851 1908 3916 πενθικάς

313 3937 606 4008 διατριϐὰς
663 3938 1066 4008 κατασεμνύνει
1120 3941 1217 3992 καὶ
1270 3944 1472 4010 σοφοὺς
1507 3942 1789 4014 ὀνομάζει,
1819 3942 1908 3994 διὰ

313 4033 378 4088 τὺ
412 4033 514 4104 τῆς
541 4031 894 4106 ἀνθρωπίνης
927 4033 1222 4106 εὐετηρίας
1251 4038 1636 4108 καταφρονεῖν,
1673 4035 1766 4090 καὶ
1799 4035 1908 4087 τῶν

315 4123 605 4195 σαρκικῶν
635 4122 839 4194 ἡδονῶν
873 4123 968 4176 καὶ
1002 4123 1105 4194 τῆς
1145 4125 1552 4196 ἀπολαυστικῆς
1587 4125 1734 4194 ζωῆς
1769 4126 1908 4179 ἀνω·

313 4217 516 4288 τέρους
558 4215 916 4286 εὑρίσκεσθαι
979 4217 1071 4270 καὶ
1101 4217 1374 4288 βελτίους’
1407 4218 1536 4283 τοὺς
1568 4218 1626 4271 δὲ
1649 4219 1752 4290 τὴν
1774 4234 1909 4288 καρ-

312 4307 438 4360 δίαν
467 4306 692 4378 ἔχοντας
727 4309 808 4371 είς
835 4310 966 4374 τοὺς
1005 4309 1196 4374 οἴκους
1213 4311 1314 4382 τῆς
1343 4310 1707 4383 εὐφροσύνης,
1737 4327 1906 4364 κατα-

312 4400 575 4470 γνώσεως
628 4403 724 4455 mi
784 4401 1046 4473 μέμψεως
1097 4403 1468 4474 ἀποφαίνεται
1522 4404 1754 4476 πλήρεις
1783 4445 1797 4462 .
1831 4404 1906 4468 ὡς

308 4491 569 4564 ἀφρόνως
604 4493 1084 4564 πολιτευομένους,
1111 4497 1206 4549 καὶ
1254 4497 1412 4567 δίκην
1459 4495 1672 4564 ἀλόγων
1710 4515 1905 4568 κορεν-

309 4581 582 4654 νυμὲνους
609 4583 720 4637 τῶν
765 4585 1048 4656 σαρκικῶν
1089 4587 1185 4640 καὶ
1213 4587 1522 4658 βδελυκτῶν
1549 4587 1774 4658 ἡδονῶν,
1808 4588 1903 4640 καὶ

307 4674 417 4746 τῆς
439 4673 792 4748 ἀνθρωπίνης
817 4677 924 4748 ἡμέ
935 4695 1035 4748 ρας
1053 4677 1191 4744 ὅλως
1207 4680 1654 4752 εὑρισκομένους,
1681 4682 1774 4734 καὶ
1795 4699 1901 4753 μη-

2011 3389 2382 3430 aerumnosam
2419 3415 2435 3438 ,
2472 3385 2662 3430 contra
2689 3391 2822 3430 vero
2849 3376 3060 3431 deliciis
3093 3376 3376 3434 atilttentes
3396 3389 3451 3434 et
3475 3397 3602 3450 spa-

2011 3467 2150 3521 tiosa
2185 3468 2403 3536 lataque
2427 3467 2513 3522 via
2545 3483 2890 3538 progressos,
2923 3469 3018 3538 qui
3053 3469 3189 3524 nihil
3217 3471 3398 3538 al:ud,
3429 3489 3598 3543 quant

2009 3560 2154 3615 hanc
2189 3560 2355 3613 vitam
2394 3568 2678 3630 spectant,
2725 3561 2959 3618 miseros
2989 3563 3227 3632 appellat
3257 3581 3271 3619 :
3317 3565 3391 3621 ita
3425 3575 3476 3620 et
3513 3584 3600 3621 sa-

2007 3653 2163 3722 piens
2197 3651 2557 3706 Ecclesiastes
2587 3652 2758 3706 multo
2785 3652 2959 3721 prius,
2997 3655 3091 3723 qui
3135 3655 3404 3713 luctuosis
3434 3673 3599 3713 occu-

2008 3745 2324 3816 patiouihus
2354 3747 2600 3798 animum
2636 3744 2946 3800 addixerint
2975 3747 3166 3802 eadem
3193 3749 3352 3818 plme
3382 3752 3596 3807 ratione

2009 3838 2278 3902 honorat,
2335 3845 2389 3892 et
2421 3837 2698 3906 sapientes
2738 3837 3092 3902 denominat,
3145 3841 3289 3909 quod
3341 3843 3599 3900 humana:

2009 3930 2134 3984 vitae
2163 3928 2376 3984 fausms
2411 3944 2706 3985 succrssus
2735 3939 3184 4000 contetnnant,et
3209 3940 3412 4003 majore
3432 3945 3600 4006 atque

2007 4022 2310 4076 excelsiore
2338 4023 2524 4076 animo
2555 4021 2694 4086 sint,
2737 4038 2902 4092 quam
2956 4034 3016 4078 ut
3045 4025 3384 4094 voluptatum
3418 4027 3602 4082 illecu-

2008 4115 2124 4170 bris
2155 4123 2210 4169 et
2245 4115 2369 4170 vita:
2395 4115 2704 4171 commodis
2735 4116 3026 4186 capiantur
3053 4159 3066 4182 ,
3103 4119 3195 4188 qui
3238 4135 3367 4175 vero
3399 4121 3602 4176 lmtitiae

2009 4208 2204 4264 domos
2240 4209 2426 4263 animo
2465 4209 2752 4275 incolunt,
2783 4224 2879 4264 eos
2915 4210 3231 4280 ignominia:
3269 4213 3461 4279 plenos
3504 4217 3602 4270 de-

2009 4302 2182 4358 clarat
2223 4310 2388 4372 atque
2434 4302 2750 4367 dedecoris,
2789 4305 2934 4370 quod
2971 4303 3080 4358 vita
3118 4305 3284 4360 stulte
3315 4306 3600 4371 instituta,

2007 4397 2264 4451 obscenis
2297 4395 2546 4466 corporis
2589 4395 2964 4464 voluptatibus
2995 4398 3268 4467 pecudum
3323 4399 3496 4454 instar
3534 4403 3600 4455 al

2007 4490 2312 4546 satietatem
2345 4489 2663 4560 indulgeant
2691 4532 2706 4557 ,
2749 4497 3034 4560 totamque
3065 4486 3322 4546 humana:
3348 4494 3472 4549 vitm
3501 4511 3602 4549 cu-

2012 4597 2126 4636 ram
2160 4582 2497 4650 impendere,
2529 4581 2738 4636 nullam
2781 4581 2982 4638 futura:
3024 4585 3338 4652 videantur,
3377 4600 3603 4642 saueiu-

2010 4690 2130 4728 rum
2163 4673 2426 4730 felicitate
2447 4717 2460 4740 ,
2493 4684 2546 4730 et
2577 4691 2702 4746 quae
2735 4675 2919 4746 dignis
2944 4679 3214 4746 promissa
3248 4686 3409 4744 sunt,
3439 4682 3602 4734 etule-

309 4767 510 4839 δεμίαν
563 4767 790 4839 ἔχοντας
851 4770 1109 4840 φροντίδα
1147 4770 1250 4840 τῆς
1287 4771 1592 4842 μελλούσης
1631 4770 1779 4842 ζωῆς
1807 4773 1902 4826 καὶ

2016 4766 2183 4821 ilibus
2207 4765 2370 4821 bonis
2408 4767 2696 4836 neglectis.
2719 4767 2852 4833 Quae
2883 4782 3006 4820 cum
3039 4769 3176 4822 nihil
3205 4767 3274 4822 ab
3289 4769 3600 4839 evangelica

309 4851 418 4928 τῆς
463 4856 842 4928 ἀγιοπρεποῦς
884 4858 1314 4924 καταστάσεως,
1355 4860 1450 4913 καὶ
1493 4860 1602 4913 τῶν
1651 4863 1709 4914 ἐν
1740 4863 1904 4931 ἐπαγ-

308 4949 527 5019 γελίαις
553 4949 938 5018 ἀποκειμένων
989 4951 1263 5020 οὐρανίων
1307 4949 1531 5020 ἀγαθῶν
1573 4953 1688 5014 τοῖς
1709 4952 1900 5018 ἀξίοις.

309 5039 502 5096 Ταῦτα
548 5039 606 5095 δὲ
649 5039 752 5111 τῆς
805 5040 1174 5112 εὐαγγελικῆς
1239 5040 1522 5114 ὁσιότητος
1570 5043 1724 5097 οὐδὲν
1771 5045 1905 5098 ἀπο-

306 5136 510 5190 δέοντα
537 5137 629 5191 τὸν
659 5136 776 5190 ίσον
835 5137 1057 5193 καὶτὸν
1117 5137 1288 5194 αὐτὸν
1335 5139 1856 5210 προϐάλλονταικαὶ
1912 5139 2445 5212 καθυπογράφονται

307 5230 521 5298 ήγαγεν
541 5245 557 5260 ·

306 5353 514 5408 malum
550 5355 806 5424 appellat,
850 5363 907 5425 _et
958 5354 1070 5423 ipse
1115 5354 1232 5425 plus
1261 5355 1624 5425 proﬁciet,_et
1667 5353 1906 5408 subditas

305 5425 557 5479 meliores
588 5423 771 5494 faciet.
814 5423 924 5495 (Ιιι⁸
942 5425 1101 5478 Auct.
1137 5423 1270 5480 Duc.
1305 5441 1357 5494 p.
1401 5425 1506 5479 645
1533 5423 1596 5479 Ε.
1625 5426 1642 5495 )

381 5495 498 5566 (58)
540 5493 710 5550 Aliter
742 5493 1120 5566 llaeciNilusrin
1155 5493 1414 5564 epistolio
1450 5498 1515 5550 ad
1545 5493 1900 5548 Aimilianum

303 5565 680 5635 preteetorem
734 5565 826 5636 (ιι.
861 5565 1002 5632 2⁵51)
1056 5565 1488 5634 interpretatus,
1547 5567 1614 5620 de
1663 5566 1903 5636 utilitate

305 5641 458 5692 dicta
485 5635 844 5696 existimavit.
880 5652 1004 5703 quae
1029 5636 1083 5688 in
1113 5651 1237 5689 eum
1271 5637 1449 5703 ipsum
1483 5637 1770 5696 redundat,
1804 5635 1900 5704 qui

302 5707 432 5777 sibi
461 5716 774 5777 succenset.
823 5707 914 5760 Ait
946 5709 1093 5777 enim
1127 5724 1139 5758 :
1181 5723 1196 5753 ι
1232 5705 1323 5758 Ἐν
1359 5707 1528 5776 κακίᾳ
1566 5705 1896 5777 προσώπου,

305 5776 450 5846 φησὶ
488 5776 765 5848 Σολομὼν,
807 5775 1254 5848 ἀγαθυνθῄσεται
1282 5777 1484 5846 καρδία
1506 5775 1530 5805 ί·
1572 5775 1730 5848 rem
1783 5775 1896 5846 γάρ

304 5845 656 5918 ὀργισοῶμεν
699 5849 794 5902 καὶ
844 5845 1242 5919 πικρανθῶμεν
1285 5845 1407 5901 καθ’
1457 5847 1668 5900 ἑαυτῶν
1716 5845 1900 5900 κινουι-

1999 4859 2290 4914 sanctitate
2311 4859 2677 4924 dissentiant,
2710 4859 2894 4914 simile
2921 4859 3083 4930 plane
3110 4869 3276 4931 atque
3298 4863 3440 4917 idem
3475 4863 3602 4918 vine

2001 4950 2312 5006 institutum
2346 4953 2418 5007 ob
2458 4951 2649 5007 oculos
2694 4963 2906 5021 ponunt
2947 4952 3220 5023 nobisque
3251 4953 3598 5010 describunt.

2007 5044 2302 5114 Propterea
2335 5044 2527 5114 utique
2557 5042 2760 5114 adjecit
2785 5059 3008 5098 rursum
3043 5062 3057 5100 :

2529 5137 2664 5209 βίον.
2732 5138 2952 5210 Ἀμέλει
3027 5139 3210 5194 τοίνυν
3285 5135 3448 5203 αὖθις
3503 5143 3602 5192 ἐπα

2053 5349 2189 5402 ένων
2215 5346 2354 5416 πρὸς
2378 5345 2478 5415 τὴν
2501 5346 2708 5416 ἄτοπον
2752 5346 2974 5416 πρᾶξιν,
3013 5345 3231 5408 πάντως
3259 5346 3598 5416 ὅτινάγαθυν-

2053 5369 2189 5402 ενων
2215 5369 2354 5416 προς
2378 5369 2478 5415 την
2501 5369 2708 5400 αῖοπον
2752 5369 2974 5416 προιςιν,
3013 5369 3231 5408 παντως
3259 5369 3340 5400 οτι
3359 5369 3598 5413 αγαυυν-

2005 5369 2300 5504 διησεταική
2331 5417 2480 5499 ψυχὴ
2719 5419 3032 5504 τερπομένη
3071 5418 3166 5504 κοιλ.
3207 5415 3598 5504 ἀγαλλιωμέηη

2003 5485 2082 5562 τῷ
2124 5485 2314 5562 κάλλει
2351 5485 2478 5540 τῶν
2507 5485 2740 5562 ἀρετῶν.
2787 5485 2844 5542 ’ld
2892 5485 2975 5542 est
3006 5507 3018 5540 :
3060 5505 3080 5540 ι
3119 5486 3185 5562 In
3221 5487 3362 5562 nullo
3399 5485 3595 5562 vultus,

2006 5557 2176 5627 inquit
2217 5558 2472 5613 Salomon
2497 5601 2511 5623 ,
2557 5557 2644 5625 ﬁet
2681 5557 2874 5610 bonum
2915 5574 3026 5612 cor.
3069 5577 3088 5609 ι
3137 5557 3338 5625 Quippe
3367 5559 3513 5627 quia,
3549 5560 3598 5612 si

2003 5642 2190 5685 contra
2231 5646 2323 5683 nos
2360 5631 2524 5696 ipsos,
2575 5644 2692 5680 cum
2755 5629 2823 5681 ml
2887 5628 3120 5682 absurda
3182 5629 3326 5697 facta
3383 5645 3599 5680 conrcr-

2005 5705 2188 5767 timur,
2227 5699 2705 5760 sucreusuerimus,
2732 5700 3094 5752 amaritudine
3123 5705 3353 5769 quadam
3379 5698 3596 5769 a/i'ectt';

2004 5773 2168 5826 bonus
2195 5772 2375 5840 utique
2406 5770 2494 5837 ﬁet
2525 5771 2738 5840 omnino
2770 5771 2981 5840 animus
3013 5768 3210 5828 noster.
3244 5787 3393 5839 quem
3430 5768 3597 5822 virtu—

2005 5854 2116 5897 tum
2148 5839 2491 5909 pulchritudo
2521 5839 2875 5895 exlzilarando
2907 5841 3214 5896 delectabit.
