3992 6462
403 398 508 462 909
1515 393 1576 452 S.
1621 389 2002 451 GBEGORII
2044 391 2565 453 AGRIGENTINI
3608 386 3736 454 Ῑθθθ

401 526 632 582 verant,
661 513 887 587 praemia
920 511 1196 567 inventuri
1229 511 1358 568 sint.
1401 509 1694 566 Enimvero
1720 509 1849 563 dum
1883 508 1977 561 hau

2163 507 2481 572 ικοπαθείας
2515 509 2818 580 ἀνονήτους
2875 509 3282 581 ἀνθαιροῦνται
3345 506 3457 560 καὶ
3513 505 3739 576 φέρουσι

406 611 728 680 insipientes
755 605 1024 676 garriunt,
1069 619 1212 674 saepe
1240 603 1331 673 qui
1361 602 1584 673 sapiens
1615 616 1738 656 esse
1762 601 1981 654 videtur

2169 599 2391 660 νναίως,
2448 597 2508 662 ἐξ
2562 593 2637 652 ὧν
2693 599 2850 652 οὐδὲν
2899 599 3407 671 ὠφεληθήσονται,
3463 594 3742 665 μηδεμίαν

407 720 532 758 cum
567 717 631 756 ea
661 701 854 756 crebro
885 707 1260 769 perpetuoque
1289 696 1498 758 audiat,
1541 693 1849 762 desiiomlet
1879 693 1983 745 ani-

2169 706 2210 741 IV
2251 687 2630 758 ἐλπιζομένων
2663 689 2850 751 αὐτοῖς
2901 689 3205 758 μελλόντων
3263 686 3536 755 ἀγαθῶν
3585 685 3745 754 εὑρή-

409 809 583 856 mum,
611 800 774 860 atque
806 790 860 844 in
890 789 1108 844 virtutis
1137 787 1322 843 studio
1351 795 1405 841 et
1425 794 1573 840 recte
1607 783 1767 838 factis
1793 782 1985 836 virilcu

2169 797 2290 842 ντες
2319 780 2582 850 ἀμοιὸήν.
2616 779 2804 832 Ταῦτα
2831 780 2890 832 δὲ
2917 780 3187 848 λεγόντων
3217 778 3352 834 τῶν
3385 775 3690 847 ἀφρόνων,
3713 778 3740 828 ὁ

407 885 774 940 constantiam
819 898 882 936 ac
932 882 1105 935 robur
1153 880 1411 945 remittit;
1467 887 1728 947 tanquam
1785 875 1880 944 qui
1933 874 1983 926 ol

2161 872 2269 940 ’φὺς
2299 869 2444 925 εἶναι
2471 871 2673 935 δοκῶν,
2709 871 2929 926 ἀκούων
2963 872 3426 942 ἀλλεπαλλήλως
3461 871 3570 922 καὶ
3622 886 3737 922 συνο

409 979 700 1033 stultorum
727 975 1093 1030 contumelias
1119 972 1270 1042 gravi
1300 971 1534 1026 nimium
1563 967 1785 1024 tristitia
1815 982 1882 1021 ac
1903 966 1985 1020 do-

2169 964 2270 1036 QC,
2300 966 2506 1036 πάσχει
2551 966 2817 1028 πολλάκις
2852 965 3078 1034 ἀγεννὲς
3101 964 3310 1028 πάθος,
3357 963 3472 1017 καὶ
3519 961 3629 1032 τῆς
3655 963 3745 1034 ἀρ-

409 1072 529 1127 lore
561 1084 859 1141 oppressus
898 1067 1089 1122 fuerit.

2171 1059 2354 1112 νωποῦ
2382 1059 2622 1131 καρδίας
2671 1059 2775 1130 τήν
2829 1060 3121 1112 συντονίαν
3157 1059 3260 1129 τὴν
3301 1058 3419 1110 ἐπὶ
3455 1057 3585 1118 τοῖς
3610 1055 3745 1123 ἀγα-

411 1163 524 1223 θοῖς
559 1163 652 1214 καὶ
675 1157 994 1220 σπουδαίοις
1026 1157 1212 1228 ἔργοις
1237 1153 1574 1224 καθυφίησιν
1599 1170 1612 1182 ·
1660 1147 1753 1206 οἷα
1841 1150 1908 1220 δὴ
1950 1148 2266 1221 πληρωθεὶς
2322 1149 2626 1221 ἀχθηδόνος
2695 1149 2792 1204 καὶ
2841 1149 3022 1221 λύπης
3055 1149 3149 1204 ἐπὶ
3182 1149 3267 1220 τῷ
3317 1147 3453 1201 τῶν
3487 1145 3748 1218 ἀςρόνων

407 1255 726 1328 ὀνειδισμῷ.

480 1349 621 1407 Hinc
677 1350 825 1406 enim
864 1343 992 1406 cum
1032 1347 1242 1403 Davide
1283 1347 1548 1417 prepheta
1595 1345 1651 1399 in
1697 1358 1794 1400 eos
1838 1343 2004 1397 etiam

2177 1335 2406 1406 Πρόεισι
2456 1334 2568 1404 γὰρ
2626 1334 2883 1389 ἐντεῦθεν
2927 1335 3024 1389 καὶ
3052 1335 3133 1398 είς
3192 1333 3256 1388 τὸ
3291 1333 3574 1404 φάσκειν
3611 1331 3748 1402 μετὰ

411 1453 640 1512 questus
666 1442 1018 1512 prorumpit:
1055 1460 1074 1492 ι
1111 1440 1250 1495 Ecce
1284 1439 1374 1495 isti
1411 1447 1726 1510 peccatores
1750 1446 1804 1492 et
1832 1436 1987 1490 abun!

2175 1426 2201 1479 ὗ
2234 1427 2522 1498 προφήτου
2574 1427 2742 1481 Δαϐίδ
2765 1442 2778 1456 ο
2807 1446 2826 1478 ι
2876 1427 3011 1481 Ἰδού
3061 1421 3210 1481 οὗτοι
3255 1422 3638 1496 ἁμαρτωλοὶ
3661 1425 3751 1477 καὶ

412 1536 608 1590 dantes
628 1535 687 1588 in
717 1535 980 1589 saeculum
1019 1531 1378 1587 obtinuerunt
1405 1531 1624 1586 divitias
1649 1531 1717 1594 *7,
1753 1545 1773 1578 ι
1808 1527 1870 1582 Ει
1893 1527 1988 1605 ίῳ-

2165 1518 2469 1586 ιθηνοῦντες
2502 1520 2602 1584 εἰς¹
2639 1518 2728 1572 τὸν
2772 1518 2971 1583 uitii-la,
3027 1519 3309 1587 κατέσχον
3379 1515 3647 1569 πλούτου
3673 1529 3688 1544 °
3725 1531 3741 1566 ι

413 1641 538 1694 rum
569 1645 580 1678 :
611 1644 629 1677 ι
651 1625 754 1680 Mei
779 1635 960 1680 autem
989 1640 1126 1694 pene
1153 1624 1284 1678 moti
1317 1631 1448 1678 sunt
1476 1622 1664 1692 pedes,
1690 1635 1828 1691 pene
1845 1619 1986 1674 etl‘us

2173 1610 2204 1664 εὶ
2235 1609 2422 1674 πάλιν,
2468 1628 2490 1661 ι
2540 1609 2708 1679 Ἑμοῦ
2737 1609 2796 1662 δὲ
2846 1608 3000 1679 παρὰ
3061 1610 3261 1680 μικρὸν
3336 1605 3749 1675 ὲσαλεύθησαν

416 1727 544 1770 sunt
584 1729 808 1786 gressus
847 1715 995 1780 mei;
1043 1715 1174 1784 quia
1227 1714 1398 1769 zelavi
1449 1729 1616 1783 super
1653 1720 1992 1783 peccatores.

2209 1703 2408 1759 πόδεςο
2440 1703 2572 1772 παρ’
2609 1701 2791 1769 ὀλίγον
2839 1701 3183 1772 ἐξεχύθησαν
3257 1699 3346 1754 τὰ
3407 1696 3748 1769 διασήματὰ

415 1823 605 1878 pacem
630 1815 979 1876 peccatorum
1002 1806 1192 1860 videns
1213 1804 1280 1860 ⁸⁸.
1307 1824 1326 1858 ι
1353 1805 1432 1860 Ac
1454 1819 1676 1860 rursum
1702 1822 1715 1859 :
1744 1823 1763 1855 ι
1792 1801 1991 1872 Usque-

2169 1813 2220 1848 ου
2243 1812 2255 1826 ·
2291 1797 2373 1849 ὃτι
2405 1795 2660 1866 ἐζήλωσα
2703 1795 2800 1849 ἐπὶ
2845 1799 2961 1858 τοῖς
2988 1795 3211 1865 ἀνόμοις
3259 1796 3532 1866 εἰρήνην
3569 1795 3745 1863 ἀμαρ-

416 1911 526 1966 quo
557 1895 714 1965 173
745 1903 1083 1964 peccatores,
1107 1893 1357 1970 Domine,
1379 1908 1668 1964 usquequo
1689 1901 1992 1963 peceatores

2167 1887 2302 1941 υλῶν
2327 1886 2572 1959 θεωρῶν.
2617 1905 2636 1940 ι
2665 1887 2781 1942 Καὶ
2808 1887 2995 1954 πάλιν,
3030 1908 3050 1940 ι
3089 1888 3238 1951 Ἕως
3269 1887 3431 1941 πότε
3469 1887 3743 1957 ἀμαρτω-

414 1985 798 2055 gloriabuntur
822 2002 835 2038 :
870 1983 1183 2039 eﬂ‘abuntur
1211 1995 1266 2039 et
1295 1985 1592 2054 loquentur
1620 1983 1990 2053 iniquitatem,

2171 1980 2217 2043 ul,
2245 1979 2443 2051 Κύριε,
2465 1979 2572 2044 ἕως
2597 1980 2725 2034 πότε
2743 1981 3065 2052 ἁμαρτωλοὶ
3097 1981 3511 2054 καυχήσονται
3541 1997 3558 2012 ο
3584 1979 3747 2050 φθέγ-

417 2076 708 2145 loquentur
751 2089 980 2138 omnes,
1019 2076 1115 2146 qui
1161 2085 1458 2146 operantur
1502 2074 1831 2145 injustitiam
1861 2074 1947 2128 ιιι
1986 2092 1993 2124 l

2168 2090 2299 2126 ινται
2327 2073 2423 2126 καὶ
2467 2072 2802 2144 λαλήσουσιν
2853 2073 3074 2128 ἀδικίαν
3097 2091 3112 2107 ο
3149 2073 3492 2147 λαλήσουσι
3545 2073 3744 2136 πάντες

416 2168 594 2234 Atque
621 2165 789 2220 etiam
825 2181 951 2221 cum
982 2165 1218 2222 Jeremia
1251 2183 1266 2221 :
1313 2185 1332 2219 ι
1363 2165 1546 2234 Quare
1575 2166 1662 2221 via
1706 2165 1992 2236 impiorum

2193 2163 2558 2236 ἐργαζόμενοι
2585 2165 2688 2236 τήν
2717 2165 2956 2238 ἀνομίαν
2983 2183 2998 2233 ;
3026 2185 3045 2218 ι
3079 2167 3194 2221 Καὶ
3223 2167 3442 2238 μέντοι
3467 2167 3574 2220 καὶ
3609 2167 3742 2237 μετά

414 2269 771 2328 prosperatur
796 2258 840 2289 ⁸⁸
866 2259 890 2312 ἳ
923 2277 942 2310 ι
967 2268 1024 2314 et
1047 2276 1171 2314 cum
1204 2260 1408 2314 athleta
1447 2259 1541 2314 illo
1585 2259 1803 2328 pietatis
1822 2257 1966 2315 Joho

2165 2255 2208 2308 δῦ
2237 2255 2505 2326 Ἱερεμίου
2533 2271 2546 2285 ·
2587 2274 2606 2307 ι
2633 2256 2700 2310 Τί
2723 2257 2805 2310 ὅτι
2829 2257 2949 2322 ὁδὸς
2972 2258 3189 2312 ἀσεϐῶν
3211 2258 3576 2322 εὐδδοῦταις
3609 2275 3630 2309 ι
3653 2258 3741 2311 καὶ

419 2367 440 2402 ι
473 2349 710 2404 Gemens
725 2348 998 2404 dimittam
1018 2350 1306 2406 adversum
1330 2365 1455 2404 eum
1485 2347 1765 2419 eloquium
1795 2365 1995 2416 meum,

2166 2348 2279 2402 άλιν
2313 2347 2455 2419 μετά
2483 2347 2579 2402 τοῦ
2601 2348 2843 2420 ἀθλητοῦ
2873 2351 2977 2420 τῆς
3000 2351 3290 2416 εὐσεϐείας
3330 2351 3475 2404 Ἰὼϐ
3499 2367 3516 2382 ·
3551 2367 3574 2402 ι
3619 2351 3742 2404 Στέ-

391 2442 618 2512 ίοψιιιν
663 2443 718 2495 in
749 2441 1118 2496 amaritudine
1143 2442 1353 2496 animae.
1385 2457 1552 2504 mea},
1594 2451 1649 2497 et
1685 2442 1866 2497 dicam
1905 2440 1967 2494 Dr

2161 2459 2222 2494 »ν
2243 2441 2445 2510 ἀφήσω
2478 2439 2564 2492 ἐπ’
2598 2441 2764 2496 αὐτὸν
2812 2441 2881 2496 τὰ
2938 2443 3165 2514 ῥήματά
3206 2460 3315 2513 μου
3344 2459 3361 2474 ·
3401 2442 3648 2514 λαλήσω
3686 2441 3737 2494 δὲ

418 2535 590 2599 mino,
622 2534 698 2587 Ne
727 2549 816 2588 me
845 2517 1072 2604 impium
1098 2548 1218 2588 esse
1251 2534 1482 2594 doceas:
1519 2542 1575 2588 et
1615 2549 1783 2604 quare
1811 2548 1900 2589 me
1930 2533 1994 2588 sit

2154 2531 2314 2604 τικρίᾳ
2336 2531 2520 2604 ψυχῆς
2554 2533 2942 2604 συνεχόμενος,
2977 2537 3074 2589 καὶ
3105 2535 3218 2607 ἐρῶ
3262 2534 3426 2608 πρὸς
3481 2533 3730 2605 Κύριον·

415 2624 677 2694 judirasti
703 2625 726 2678 ?
757 2641 826 2679 an
863 2627 1064 2680 bonum
1097 2633 1182 2678 est
1209 2623 1330 2691 tibi,
1369 2625 1415 2678 si
1442 2625 1628 2695 inique
1659 2639 1856 2695 egero,
1878 2626 1991 2695 qui:

2157 2625 2206 2696 [ή
2241 2641 2312 2696 με
2337 2626 2558 2680 ἀσεϐεῖν
2587 2627 2812 2682 δίδασκε
2833 2643 2850 2660 ⁸
2883 2627 2978 2682 καὶ
3010 2628 3100 2682 διὰ
3139 2629 3193 2682 τί
3230 2647 3304 2700 με
3355 2628 3557 2692 οὕτως
3591 2629 3733 2699 ἔκρι-

426 2718 725 2787 repndiasti
754 2733 919 2788 opera
953 2733 1212 2772 manuum
1243 2732 1488 2773 mearum
1511 2757 1526 2781 ,
1551 2727 1605 2772 et
1627 2718 1692 2772 ad
1715 2717 2002 2775 consilium

2152 2736 2210 2783 ας
2241 2735 2257 2785 ;
2293 2718 2328 2790 ἢ
2365 2718 2530 2772 καλόν
2567 2735 2672 2784 σοι,
2706 2719 2804 2774 ἐὰν
2847 2721 3116 2791 ἀδικήσω,
3163 2721 3248 2775 ὅτι
3290 2724 3568 2786 ἀπεῖπας
3599 2723 3728 2793 ἔργα

422 2809 716 2876 impiorum
747 2807 1220 2863 animadvertisti?
1261 2823 1390 2863 num
1428 2817 1489 2864 ut
1533 2809 1700 2864 homo
1731 2809 1916 2877 videt,
1951 2821 1998 2866 tu

2153 2809 2318 2881 ειρῶν
2357 2828 2484 2882 μου,
2519 2810 2687 2882 βουλῇ
2729 2811 2787 2866 δὲ
2815 2813 3029 2866 ἀσεϐῶν
3064 2814 3385 2884 προσέσχες
3423 2813 3506 2882 ;ἣ
3544 2811 3729 2884 ὥσπερ

418 2904 707 2974 despectas
737 2901 886 2974 (ιδῃ
919 2923 938 2954 ι

2113 2905 2142 2955 ό
2179 2901 2369 2972 βροτὸς
2397 2905 2522 2976 ὁρᾷ,
2564 2905 2850 2976 καθορᾷςς
2892 2923 2911 2957 ο
3655 2889 3662 2896 ’

495 2997 819 3066 llnjusmodi
889 3011 1020 3066 ergo
1079 2996 1134 3050 in
1201 3011 1486 3052 sermones
1547 2996 1794 3066 sapiente
1842 2997 2007 3052 etiam

2186 2995 2330 3064 Πρός
2363 2999 2492 3060 τοὺς
2525 2998 2809 3061 τοιούτους
2839 2993 2934 3052 οὖν
2961 2997 3155 3066 λόγους
3185 2998 3617 3072 ὑπενεχθέντος
3638 3000 3725 3054 καί

418 3091 676 3160 prolapso
711 3091 782 3144 ob
811 3091 1110 3145 instructas
1155 3091 1258 3146 sibi
1303 3106 1334 3145 a
1373 3089 1559 3145 stultis
1604 3089 1910 3145 calumnias
1955 3101 1994 3144 el

2145 3085 2206 3140 οὗ
2240 3086 2408 3156 σοφοῦ
2435 3088 2524 3142 διά
2551 3088 2650 3160 τὴν
2679 3089 2790 3142 τῶν
2821 3091 3072 3158 ἀφρόνων
3093 3093 3414 3164 γενομένην
3451 3095 3542 3157 είς
3565 3093 3721 3148 αὐτὸν

425 3190 718 3252 perpetuas
747 3184 1062 3237 eorumdem
1111 3183 1533 3238 obtrectationes
1579 3190 1635 3236 et
1672 3181 1918 3237 convicia
1957 3189 2001 3236 et

2145 3177 2488 3246 υκοφαντίαν
2519 3181 2612 3234 καὶ
2641 3180 2898 3252 διαϐολήν
2930 3183 3157 3254 συνεχῆ,
3193 3187 3292 3240 καὶ
3331 3185 3438 3239 τὸν
3486 3185 3721 3252 καταγέ-

429 3275 693 3338 ludibria;
720 3289 844 3329 cum
884 3273 972 3328 ille
1003 3273 1234 3328 subinde
1266 3274 1333 3328 ad
1374 3289 1434 3328 se
1463 3273 1573 3328 cito
1607 3274 1810 3337 redeat,
1836 3281 1890 3326 et
1920 3288 2005 3327 su-

2141 3284 2260 3320 mta.
2314 3269 2409 3320 καὶ
2452 3267 2552 3338 τὴν
2606 3271 2938 3341 παροινίαν’
2973 3269 3098 3326 εἶτα
3138 3272 3304 3328 πάλιν
3337 3274 3557 3329 θᾶττον
3591 3275 3717 3345 πρξς

424 3363 870 3434 pervenientibus
901 3364 1001 3432 ipsi
1029 3361 1190 3418 facile
1213 3403 1226 3422 ,
1276 3373 1338 3416 ut
1381 3363 1622 3417 humana
1659 3362 2000 3417 imbecillitas

2145 3359 2308 3413 αυτὸν
2337 3360 2678 3426 ἐπανιόντος,
2708 3361 2806 3415 καὶ
2835 3362 2948 3416 τῶν
2975 3364 3112 3434 πρὸς
3142 3364 3350 3436 μικρὸν
3377 3364 3717 3419 ἐπανελθου-

425 3457 565 3519 fert,
598 3455 1059 3526 cogitationibus,
1091 3469 1215 3524 qua:
1245 3453 1422 3508 virum
1453 3469 1562 3508 non
1588 3453 1854 3518 deceant,
1889 3454 2001 3508 ani-

2137 3448 2227 3502 τῶν
2263 3451 2413 3521 αὐτῷ
2449 3451 2524 3522 μὴ
2559 3454 2960 3523 προσηκουσῶν
3015 3456 3382 3528 ἐνθυμήσεων
3417 3459 3484 3524 ἐξ
3507 3457 3713 3528 ἀνθρωέ

424 3558 575 3602 mum
608 3549 735 3602 item
773 3563 836 3604 ac
865 3549 1104 3620 linguam
1153 3549 1219 3602 aii
1255 3549 1555 3620 gratiarum
1589 3550 1857 3604 actionem
1890 3565 2000 3603 rur-

2138 3541 2282 3610 πίνης
2323 3543 2724 3613 μικροψυχίας,
2770 3546 2868 3598 καὶ
2899 3546 3063 3601 πάλιν
3093 3551 3235 3620 πρὸς
3258 3549 3610 3621 εὐχάριστον
3633 3548 3714 3602 aii

422 3655 544 3694 sum
575 3648 886 3705 convertat,
921 3651 1086 3709 atque
1127 3640 1194 3694 ad
1223 3640 1441 3694 laudem
1470 3640 1663 3709 optimi
1702 3639 1998 3696 Conditoris

2133 3650 2266 3686 ISO’W
2297 3633 2396 3687 καὶ
2423 3632 2738 3703 δοξολογίαν
2764 3635 2860 3689 καὶ
2886 3636 2986 3707 τὴν
3008 3637 3244 3710 καρδίαν
3266 3642 3372 3694 καὶ
3403 3640 3515 3710 τήν
3545 3638 3709 3708 γλῶτο

423 3729 598 3784 nostri
626 3728 718 3784 Dei
745 3745 810 3784 ac
837 3731 1073 3794 Domini,
1097 3729 1190 3800 qui
1217 3731 1406 3785 omnia
1429 3731 1693 3786 divinitus
1722 3732 1999 3800 ponderat.

2133 3742 2208 3777 ταν
2238 3727 2564 3795 κινήσαντος
2592 3727 2691 3798 τὴν
2721 3727 2860 3799 πρὸς
2887 3728 2981 3782 τὸν
3018 3729 3224 3800 ἀγαθὸν
3271 3733 3446 3803 ἡμῶν
3479 3729 3709 3801 Ποιητήν

420 3831 479 3877 et
499 3821 646 3891 justa
682 3822 838 3877 lance
871 3823 1155 3876 hominum
1195 3837 1284 3878 res
1379 3823 1758 3887 amdinistrat,
1797 3825 1996 3894 sapient

2126 3819 2203 3869 ιαὶ
2258 3817 2393 3869 Θεὸν
2447 3819 2542 3870 καὶ
2587 3819 2894 3891 Δεσπότην,
2926 3820 2989 3874 τδ
3019 3822 3090 3876 τὰ
3137 3824 3322 3878 πάντα
3383 3821 3702 3902 θεοπρεπῶξ

422 3923 508 3968 ter
533 3914 761 3968 omnino
792 3923 956 3982 atque
984 3914 1224 3981 utiliter;
1259 3915 1462 3970 idcirco
1485 3915 1704 3986 sapiens
1739 3913 1998 3988 Ecclesia‘

2128 3907 2532 3976 ταλαντεύοντα,
2567 3912 2658 3964 καὶ
2717 3912 2906 3984 δικαίᾳ
2944 3916 3191 3989 τρυτάνῃ
3249 3915 3320 3970 τά
3385 3915 3704 3989 ἀνθρώπινα

407 4015 520 4064 stes
533 4005 766 4076 subjecit
794 4005 1046 4076 protinus
1073 4021 1090 4060 :

2123 4001 2414 4070 πανσόςως
2486 4004 2798 4058 διοικοῦντα
2853 4007 2948 4060 καὶ
3002 4008 3405 4080 συμφερόντως
3435 4027 3450 4043 ο
3485 4007 3699 4078 ἀμέσως

2109 4092 2396 4162 ἐπήγαγεν
2423 4095 2452 4146 ό
2484 4094 2650 4162 σοφὸς
2691 4095 3132 4168 Ἐκκλησιαστής
3153 4115 3167 4131 ο

2012 4227 2129 4301 gx.

499 4335 668 4398 Vens.
702 4345 754 4400 9.
797 4345 1005 4402 Bonum
1036 4359 1112 4404 est
1145 4349 1488 4406 novissimum
1519 4356 1820 4404 sermonum
1849 4367 2008 4422 super
2038 4355 2075 4416 Ι]

1951 4368 2008 4406 er
2038 4355 2088 4416 Ι)
2197 4355 2404 4425 Ἀγαθὴ
2434 4356 2666 4428 ἐσχάτη
2691 4345 2895 4429 λόγων
2915 4347 3069 4432 ὑπὲρ
3087 4345 3290 4434 ἀρχήν
3308 4346 3527 4420 αὑτοῦ.

423 4437 749 4506 principium
781 4437 920 4506 ejus.

501 4523 827 4590 Sermones,
873 4529 969 4598 qui
1001 4529 1241 4598 primum
1273 4546 1339 4586 ex
1377 4531 1613 4586 humana
1652 4532 1966 4588 inﬁrmitate
1993 4573 2008 4598 ,

2185 4533 2308 4588 Τῶν
2337 4535 2398 4601 ἐξ
2425 4537 2780 4612 ἀνθρωπίνης
2839 4543 3215 4616 μικροψυχίας
3247 4548 3373 4602 κατ’
3391 4545 3576 4618 ἀρχὰς
3609 4541 3691 4596 καὶ

427 4624 596 4685 atque
625 4617 679 4668 in
711 4617 830 4686 ipsa
861 4620 1064 4674 mentis
1096 4622 1506 4691 perturbatione
1539 4623 1800 4680 adversus
1825 4623 2003 4690 Deum

2114 4625 2208 4679 τοῦ
2268 4628 2434 4682 σάλου
2469 4631 2578 4685 τῶν
2605 4632 2889 4705 λογισμῶν
2925 4637 3306 4708 προελθόντων
3349 4617 3527 4708 λόγων
3567 4634 3690 4706 πρὸς

425 4721 746 4774 supremum
779 4710 976 4778 prolati
1001 4723 1150 4779 sunt,
1179 4721 1239 4767 ut
1263 4723 1321 4768 ut
1347 4729 1376 4766 a
1407 4729 1567 4769 servo
1593 4715 1893 4784 prodierint
1923 4717 2001 4788 pic

2114 4719 2208 4772 τὸν
2240 4721 2335 4774 ἐπὶ
2373 4723 2596 4778 πάντων
2637 4726 2793 4791 Θεὸν,
2850 4729 3206 4801 ἁγιοπρεπῶς
3263 4733 3364 4804 μὲν
3417 4732 3514 4788 καὶ
3546 4729 3690 4796 δίκην

424 4807 592 4868 atque
629 4799 914 4867 benevolo,
951 4817 1015 4858 ac
1041 4803 1256 4859 Domini
1281 4815 1493 4860 tantum
1526 4821 1724 4862 causas
1757 4808 2000 4877 ignoran-

2117 4813 2464 4885 εὐγνώμονος
2490 4819 2727 4886 οἰκέτου,
2761 4821 2860 4886 τὰς
2913 4799 3093 4888 αἰτίας
3131 4823 3191 4878 δέ
3233 4799 3296 4880 οὐ
3337 4825 3685 4896 γινώσκοντος

425 4897 514 4952 te,
562 4897 605 4942 si
643 4904 768 4944 cum
810 4907 876 4945 eo
911 4907 1166 4953 sermone
1211 4910 1528 4964 compares,
1564 4897 1658 4966 qui
1695 4912 1725 4950 a
1769 4901 2001 4968 sapiente

2118 4904 2228 4958 τῶν
2265 4905 2372 4958 ὑπὸ
2399 4907 2496 4960 τοῦ
2527 4911 2806 4965 Δεσπὸτου
2829 4913 3226 4986 διοικουμένων
3248 4932 3262 4946 ·
3287 4918 3394 4971 ὑπὸ
3414 4915 3513 4971 τοῦ
3535 4910 3685 4982 σοφοῦ

423 4980 634 5036 scilicet
672 4983 777 5038 sub
807 4983 970 5040 finem
1002 4989 1390 5057 pronuntiatus
1420 4999 1524 5056 est,
1554 4992 1760 5062 quique
1793 4993 1999 5049 laudem

2114 4996 2319 5069 δηλαδὴ
2376 5003 2926 5074 προσαγορευθέντος
2958 5009 2992 5078 ἡ
3019 4980 3107 5061 ἐπ’
3132 5009 3382 5078 ἐσχάτων
3437 4980 3681 5078 γινομένη

421 5075 672 5130 enminet
711 5085 766 5130 et
797 5077 1099 5146 gratiarum
1139 5082 1408 5136 actionem
1455 5082 1524 5138 de
1556 5083 1844 5149 omnibus,
1893 5100 1997 5154 qua

2110 5087 2222 5140 τῶν
2243 5087 2420 5158 λόγων
2457 5093 2887 5166 εὐχαριστήριος
2915 5075 3124 5164 αῐνεσις
3158 5075 3302 5171 ὑπὲρ
3347 5075 3569 5156 πάντων
3586 5093 3681 5148 τῶν

427 5179 523 5236 per
545 5166 734 5222 orbem
766 5169 1246 5239 administrantur,
1274 5173 1362 5229 hic
1390 5173 1582 5244 utique
1612 5175 1788 5230 multo
1817 5176 2003 5231 melior

2110 5181 2253 5234 κατὰ
2317 5181 2528 5251 κόσμον
2557 5185 2972 5258 διοικουμένων,
3003 5189 3186 5264 ἀγαθή
3238 5166 3440 5264 μᾶλλον
3465 5189 3676 5261 εὕρηται

422 5265 480 5310 et
513 5259 845 5316 conveniens
871 5276 934 5314 ac
959 5272 1362 5320 consentaneus
1395 5266 1720 5334 reperiatur.
1752 5265 1888 5322 Nam
1917 5268 1998 5337 qui

2111 5272 2205 5324 καὶ
2265 5271 2551 5342 πρέπουσα
2605 5277 2699 5329 καὶ
2746 5281 3108 5350 κατάλληλος.
3159 5259 3362 5355 ’ὺνγάρ
3412 5259 3569 5350 σοφδς
3607 5273 3676 5342 τ’ῖ*

424 5361 614 5402 revera
649 5352 868 5420 sapiens
899 5353 1007 5416 sit,
1049 5356 1316 5426 quidquid
1342 5357 1486 5412 circa
1524 5357 1810 5413 hominum
1839 5358 2000 5414 vitam

2107 5363 2224 5416 ὄντι
2260 5365 2368 5417 πᾶν
2395 5363 2424 5418 δ
2458 5363 2650 5436 βλέπει
2680 5371 2775 5423 καὶ
2821 5372 3184 5440 διαγινώσκει
3214 5352 3577 5447 διοικούμενον
3601 5367 3669 5427 εἰς

424 5443 784 5494 constitutum
816 5443 995 5500 videat
1028 5443 1097 5500 ac
1129 5455 1355 5514 noscat,
1389 5448 1462 5504 ita
1492 5448 1654 5504 debet
1675 5449 1964 5506 admittere
1990 5493 2000 5518 ,

2105 5455 2210 5526 τὴν
2227 5455 2578 5530 ἀνθρωπίνην
2602 5461 2772 5533 ζωήν,
2797 5463 2918 5534 μετ’
2936 5465 3289 5538 εὐχαριστίας
3308 5443 3512 5542 ὀφείλει
3527 5475 3675 5536 προσ·

498 5613 541 5647 ⁸⁷
584 5613 728 5672 l’sal.
763 5635 908 5674 Lxxn
939 5661 954 5686 ,
986 5621 1072 5676 ﬁ.
1143 5622 1189 5657 “
1230 5625 1363 5680 ibid.
1395 5625 1450 5682 2.
1519 5627 1564 5660 ⁸⁵
1593 5621 1738 5682 Psal.
1765 5645 1923 5707 xcur,
1955 5629 2009 5684 5.

1039 5623 1072 5676 Β.
1143 5622 1189 5657 ⁸⁸
1230 5625 1363 5680 ibid.
1395 5625 1450 5682 2.
1519 5627 1564 5660 δε
1593 5621 1738 5682 Psal.
1765 5645 1923 5707 xcur,
1955 5629 2009 5684 5.
2089 5631 2136 5664 ⁸⁸
2167 5631 2373 5689 Jerem.
2421 5652 2498 5691 xu
2523 5677 2538 5700 ,
2566 5639 2615 5692 1.

491 5789 614 5860 (05)
655 5794 757 5850 Job
782 5813 834 5862 κ,
877 5800 891 5854 1
924 5817 1078 5873 seqq.
1116 5803 1219 5859 Sed
1254 5807 1395 5877 apud
1428 5808 1566 5864 LXX
1591 5809 1843 5881 legimus,
1871 5811 1956 5866 ὅτι
1993 5814 2067 5868 ἀπ

1305 5807 1395 5864 md
1428 5808 1566 5864 LXX
1591 5809 1843 5881 legimus,
1871 5811 1956 5866 ὅτι
1993 5812 2216 5871 ἀπείπω
2247 5819 2379 5893 ἔργα
2415 5826 2617 5896 χειρῶν
2648 5845 2881 5886 σου......
