3992 6378
265 329 397 395 1001
1345 324 1430 386 IN
1466 314 2037 388 ECCLESIASTEN.
2076 351 2146 365 -·
2191 328 2340 390 LIB.
2380 321 2482 392 VI.
3407 324 3544 391 1002

265 448 522 512 σίεσθαι,
577 447 672 502 καὶ
721 443 858 515 πρὸς
919 440 1368 514 λυσιτελεστέραν
1415 441 1642 514 ἐκδοχὴν
1691 443 1858 512 αίχμ-

1974 451 2022 498 ιι
2055 453 2111 500 et
2140 445 2344 516 gratias
2372 451 2525 516 agat,
2569 449 2626 498 et
2659 442 2869 514 judicio
2900 442 3118 501 addicto
3169 441 3306 498 nihil
3348 443 3542 499 utilius

260 541 558 608 αλωτίζειν
601 537 698 593 καὶ
741 533 1028 606 διορίζειν.
1065 533 1285 604 Ἀμέλει
1318 532 1497 588 τοίνυν
1523 535 1806 604 ἐπήγαγεν
1834 549 1850 566 ο

1965 534 2276 590 habendum
2307 541 2530 590 censeat
2559 534 2693 606 (64).
2728 534 2848 590 1am
2877 550 3004 625 vero
3028 535 3176 590 addit
3209 553 3220 588 :

1851 693 2005 766 §XI.

355 817 600 889 ’Ἀγαθὸν
665 818 1055 888 μακρόθυμος
1117 815 1274 885 ὑπὲρ
1347 815 1595 883 ὑψηλὸν
1673 815 1854 869 πνεύο

262 930 432 985 μασι.

345 1005 419 1058 Τὸ
451 1001 599 1073 μέγα
625 1000 726 1073 τῆς
773 998 1168 1072 μακροθυμίας
1213 997 1556 1069 κατόρθωμα
1595 998 1694 1052 καὶ
1751 999 1862 1061 πᾶς

269 1099 300 1150 6
323 1095 433 1149 τῶν
465 1094 638 1162 ἁγίων
668 1090 966 1165 προφητῶν
1008 1089 1108 1143 καὶ
1151 1089 1263 1142 τῶν
1301 1088 1684 1159 πανευφήμων
1729 1089 1862 1142 ἀποδ

277 1185 481 1242 στόλων
515 1182 822 1251 κατάλογος
847 1184 970 1246 ταῖς
1033 1180 1300 1236 ἀνωτάτω
1347 1180 1734 1252 κατεσήμηνεν
1765 1178 1860 1232 εύ-

279 1274 538 1346 φημίαις,
589 1270 657 1335 ἃς
691 1269 905 1342 μακρὸν
929 1268 999 1323 ἂν
1029 1270 1116 1340 εἴη
1178 1268 1316 1340 πρὸς
1345 1267 1407 1321 τδ
1436 1267 1614 1339 παρὸν
1641 1266 1857 1322 ἀνελίτ-

277 1383 397 1421 τειν
427 1365 524 1418 καὶ
555 1362 812 1432 φάσκειν.
857 1360 1020 1416 Ἀλλά
1056 1361 1170 1432 γάρ
1194 1359 1402 1414 καὶτὸν
1447 1359 1582 1414 Θεὸν
1611 1358 1776 1415 αὐτὸν
1805 1361 1856 1414 οί

272 1455 536 1524 θεολόγοι
555 1453 946 1524 μακρόθυμοίν
973 1435 1327 1523 ὀνομάζουσι.
1360 1449 1502 1521 Φησὶ
1526 1448 1636 1520 γὰρ
1666 1451 1695 1504 6
1719 1467 1858 1523 προ·

2036 811 2196 885 174
2224 811 2429 868 Bonum
2455 821 2535 868 est
2567 814 2778 884 sapiens
2802 827 2955 883 super
2978 813 3239 869 excelsum
3265 817 3466 870 animo.

2028 989 2306 1046 Eximium
2337 989 2616 1062 patientia:
2642 992 2979 1062 propositum
3013 993 3194 1050 omnis
3235 1003 3288 1050 et
3327 1005 3541 1071 sancto-

1957 1099 2082 1140 rum
2138 1083 2531 1155 prophetarum
2574 1091 2632 1140 et
2672 1083 3108 1141 clarissimorum
3162 1088 3538 1158 apostolorum

1957 1176 2162 1232 chorus
2185 1175 2420 1233 summis
2443 1175 2605 1248 plane
2637 1176 2855 1232 ornavit
2881 1177 3170 1246 praeconiis
3189 1219 3204 1242 ,
3257 1195 3382 1250 qua:
3419 1179 3540 1237 Ion-

1961 1279 2092 1336 gum
2111 1275 2260 1321 esset
2279 1265 2386 1322 hoc
2413 1264 2537 1322 loco
2557 1263 2832 1336 explicare
2859 1279 2926 1321 ac
2956 1263 3184 1322 referre.
3205 1266 3347 1335 Quin
3371 1271 3536 1326 etiam

1964 1355 2136 1412 Deum
2181 1355 2364 1428 ipsum
2403 1355 2636 1429 theologi
2665 1357 2956 1428 patientem
3015 1359 3310 1428 appellant.
3360 1359 3536 1416 Naum

1963 1448 2110 1504 enim
2137 1448 2401 1520 propheta
2423 1447 2598 1505 dixit:
2636 1465 2657 1502 ι
2680 1447 2948 1506 Dominus
2978 1451 3190 1520 patiens
3213 1491 3228 1517 ,
3259 1461 3312 1506 et
3341 1467 3540 1524 magna

273 1549 456 1617 φὴτης
495 1543 726 1615 Ναούμ·
761 1561 782 1596 ι
833 1543 1038 1615 Κύριος
1083 1540 1465 1613 μακρόθυμος,
1512 1541 1608 1596 καὶ
1640 1541 1854 1613 μεγάλη

1974 1539 2140 1596 virtus
2170 1539 2326 1610 ejus;
2349 1547 2407 1597 et
2431 1539 2708 1596 mundana
2729 1554 2840 1595 non
2866 1539 3030 1596 faciet
3051 1528 3399 1600 innocentem
3429 1543 3540 1599 Do-

272 1608 308 1708 ἦ
341 1608 510 1706 ’ίσγνὺς
555 1608 746 1698 αὐτοῦ,
777 1631 874 1686 καὶ
1149 1608 1252 1684 οὐκ
1289 1608 1539 1684 ἀθωὼσει
1567 1608 1794 1700 Κύριος.
1833 1608 1854 1681 ἱ

1974 1633 2148 1688 minus
2169 1608 2239 1686 ⁸ί.
2263 1650 2285 1686 ι
2321 1632 2401 1687 Ac
2421 1631 2596 1688 multo
2619 1639 2780 1688 antea
2807 1631 3072 1704 propheta
3105 1631 3306 1691 David:
3346 1653 3365 1688 ι
3397 1636 3541 1694 Deus

275 1725 391 1778 Καὶ
417 1721 600 1792 πολλῷ
631 1721 689 1775 δὲ
719 1719 912 1792 πρώην
943 1719 972 1771 6
1012 1719 1302 1791 προφήτης
1337 1717 1506 1773 Δαδίδ
1527 1733 1540 1748 ’
1574 1735 1594 1768 ¢
1643 1717 1701 1770 Ὁ
1725 1717 1862 1782 θεὸς

275 1815 474 1888 κριτὴς
497 1813 710 1877 δίκαιος
735 1811 832 1866 καὶ
865 1809 1085 1882 ἰσχυρὸς
1119 1811 1214 1864 καὶ
1245 1807 1626 1882 μακρόθυμος,
1657 1808 1752 1862 καὶ
1784 1808 1862 1881 μη

275 1907 450 1978 ὀργὴν
483 1903 709 1972 ἐπάγων
731 1899 858 1956 καθ’
880 1901 1128 1972 ἐκάστην
1152 1899 1391 1972 ἡμέραν.
1425 1916 1446 1950 ι
1473 1899 1586 1953 Καὶ
1629 1899 1861 1970 προσέτι

277 1996 560 2070 πρόπαλαι
621 1993 866 2066 Μωῦσῆς
893 1995 922 2047 ό
969 1991 1291 2063 θεοφάντωρ
1315 2007 1332 2023 ο
1365 2010 1382 2043 ι
1423 1989 1632 2062 Κύριος
1677 1993 1706 2044 6
1729 1990 1861 2054 Θεὸς

283 2087 644 2160 μακρόθυμος
671 2085 766 2140 καὶ
793 2083 1086 2147 πολυέλεος
1112 2083 1206 2136 καὶ
1229 2081 1503 2154 ἀληθινός.
1541 2101 1562 2133 ι
1589 2083 1654 2136 Εί
1682 2083 1739 2136 δὲ
1766 2085 1861 2136 καὶ

279 2177 622 2250 θεοπρεποῦς
655 2175 916 2248 ἰδιότητος
947 2173 1178 2246 εὓρηται
1201 2173 1340 2244 ἔχων
1377 2173 1714 2245 κατόρθωμα
1752 2174 1860 2238 πᾶς

276 2273 380 2329 ἄνθ
387 2287 570 2344 ρωπος
586 2270 615 2322 ό
637 2271 736 2342 τὴν
765 2266 1156 2340 μακροθυμίαν
1175 2264 1523 2338 κτησάμενος
1541 2281 1554 2293 °
1572 2267 1860 2336 ἀραρότως

283 2365 403 2436 ἅμα
431 2363 526 2416 καὶ
573 2361 966 2434 προσηκόντως
1014 2359 1112 2413 καὶ
1148 2359 1244 2412 νῦν
1273 2374 1444 2431 φησιν
1466 2359 1495 2412 6
1528 2357 1692 2428 σοφὸς
1735 2357 1860 2411 Ἐκ-

285 2455 629 2526 κλησιαστής
659 2469 674 2485 ·
713 2471 732 2504 ι
780 2451 1012 2522 Ἀγαθὸν
1073 2449 1430 2522 μακρόθυμος
1472 2439 1620 2521 ὑπὲρ
1657 2449 1859 2520 ὑψηλὸν

285 2547 567 2618 πνεύματι
591 2561 605 2576 ’
645 2563 668 2597 ι
701 2543 950 2616 μιμητὴν
996 2542 1090 2596 τὸν
1133 2541 1380 2595 τοιοῦτον
1405 2541 1504 2612 τῆς
1537 2539 1693 2603 θείας
1722 2541 1861 2608 ἀγαο

283 2639 514 2708 θότητος
545 2637 639 2692 καὶ
666 2635 1055 2708 μακροθυμίας
1089 2631 1363 2704 παριστὰς
1407 2629 1678 2703 ἁριδήλως
1699 2647 1712 2660 ·
1738 2631 1862 2701 οὐχὶ

279 2731 431 2786 κατά
475 2729 764 2800 σύγκρισιν
822 2725 1000 2790 οὕτως
1057 2723 1429 2796 ὀνομασθέντα
1462 2739 1481 2774 ι
1517 2720 1612 2776 τοῦ
1652 2720 1860 2793 ὑψηλοῦ

279 2821 366 2894 τῷ
395 2821 694 2892 πνεύματι,
735 2838 757 2873 ι
791 2818 894 2875 κᾶν
922 2817 1069 2872 οῦτω
1095 2817 1196 2890 τὴν
1223 2815 1370 2882 λέξιν
1413 2814 1858 2886 διεσχημάτισεν.

1957 1724 2125 1795 Iudex
2145 1723 2332 1796 justus
2361 1733 2418 1780 et
2440 1723 2602 1781 I'ortis
2623 1733 2680 1781 et
2705 1725 2942 1796 patiens,
2975 1741 3077 1782 nec
3099 1726 3238 1782 iram
3270 1727 3542 1784 inducens

1961 1831 2060 1888 per
2094 1816 2340 1888 singulos
2361 1815 2480 1873 dies
2511 1815 2582 1871 ⁸³.
2615 1833 2636 1869 ι
2673 1815 2814 1872 Tum
2851 1823 2907 1872 et
2938 1817 3098 1890 longe
3143 1820 3298 1888 prius
3329 1820 3542 1892 Moyses

1963 1907 2338 1980 theologorum
2371 1907 2664 1978 princeps:
2703 1924 2724 1960 ι
2752 1907 3020 1963 Dominus
3051 1898 3197 1963 Deus
3234 1909 3446 1978 patiens
3485 1919 3537 1963 et

1961 1999 2146 2054 multae
2178 1997 2570 2055 misericordia:
2613 2007 2668 2055 et
2719 2011 2888 2055 verax
2931 1999 3070 2070 (65).
3101 2020 3120 2052 ι
3166 1998 3287 2054 3am
3331 2001 3377 2054 si
3418 2003 3541 2070 qui-

1961 2105 2178 2162 cunque
2217 2090 2505 2148 hominum
2556 2091 2874 2162 patientiam
2908 2091 3011 2146 sibi
3034 2092 3459 2162 comparaverit,
3492 2093 3539 2148 is

1961 2181 2349 2252 proprietatem
2395 2180 2598 2236 habere
2625 2179 2870 2248 videtur,
2905 2195 3030 2251 quae
3065 2179 3176 2236 Deo
3205 2181 3312 2252 ipsi
3343 2197 3540 2237 conve-

1961 2273 2079 2340 nit;
2115 2275 2255 2344 'apte
2298 2287 2446 2329 nunc
2483 2273 2650 2328 etiam
2690 2282 3166 2345 congruenterque
3200 2274 3278 2330 ait
3322 2275 3540 2345 sapiens

1959 2363 2319 2420 Ecclesiastes
2343 2379 2356 2418 :
2393 2381 2412 2416 ε
2445 2363 2655 2420 Bonum
2679 2365 2893 2436 patiens
2917 2381 3085 2436 super
3107 2366 3386 2422 excelsum
3417 2367 3540 2422 ani-

1963 2471 2088 2524 mo;
2123 2473 2144 2508 ι
2181 2455 2379 2510 divina:
2415 2455 2560 2511 hunc
2604 2455 2867 2512 bonitatis
2905 2465 3069 2526 atque
3094 2457 3370 2527 patientiae
3413 2459 3537 2514 imi-

1960 2557 2196 2602 tatorem
2241 2561 2350 2602 non
2393 2547 2628 2602 obscure
2666 2547 3048 2602 constituens:
3097 2562 3200 2603 nec
3237 2559 3418 2602 tamen
3459 2547 3538 2603 sic

1961 2639 2274 2710 appellans,
2315 2639 2473 2710 quasi
2503 2655 2628 2694 cum
2663 2653 2728 2695 eo
2774 2648 3075 2710 comparet,-
3108 2654 3271 2710 quem
3309 2658 3328 2692 ι
3357 2643 3540 2712 excel-

1963 2745 2088 2786 sum
2125 2729 2312 2790 animo
2343 2747 2364 2782 ι
2415 2729 2764 2784 nominavit:
2813 2740 2959 2794 esto,
3014 2728 3071 2784 id
3117 2729 3288 2785 dictio
3321 2745 3432 2800 prae
3478 2745 3540 2786 se

1962 2822 2108 2878 ferre
2147 2821 2417 2878 videatur.
2462 2819 2598 2877 Nam
2649 2822 2739 2877 hic
2777 2841 2796 2874 ι
2843 2822 3096 2877 excelsus
3133 2821 3316 2878 animo
3350 2843 3369 2876 ι
3419 2833 3536 2889 est,

285 2932 308 2966 ι
365 2911 602 2984 ’Υψηλὸν
635 2930 654 2966 ι
691 2911 802 2984 γὰρ
839 2930 859 2964 ι
886 2907 964 2982 τῷ
1001 2909 1276 2982 πνεύματι
1312 2928 1332 2961 ›
1369 2908 1464 2962 νῦν
1495 2908 1588 2962 τὸν
1629 2911 1860 2978 ὑπεραι-

1974 2915 2058 2986 qui
2083 2913 2268 2970 animo
2289 2915 2466 2970 elatus
2504 2921 2560 2969 et
2595 2913 2850 2984 superbia
2873 2913 3128 2984 fastuque
3162 2915 3270 2970 alta
3301 2925 3494 2986 petens
3518 2961 3534 2985 ,

283 3011 519 3083 ρόμενον
549 3008 645 3062 καὶ
686 3005 1157 3079 μετεωριζόμενον
1193 3006 1318 3066 ταῖς
1339 3001 1499 3065 ίδίαις
1524 3001 1859 3072 φλεγμοναῖς

280 3103 386 3172 τῆς
415 3099 646 3170 καρδίας
672 3098 768 3152 καὶ
799 3099 910 3162 τοῖς
937 3098 1038 3166 τῆς
1065 3093 1453 3168 ὑπερηφανίας
1479 3093 1672 3154 ἱστίοις
1693 3091 1863 3162 ὑπερ-

280 3192 453 3264 ῆρθαι
478 3189 784 3262 φρονοῦντα
817 3190 924 3242 τῶν
958 3187 1319 3260 ἀνθρωπίνων
1353 3183 1589 3257 μέτρων,
1617 3185 1712 3237 καὶ
1733 3184 1866 3240 πάν-

280 3303 390 3348 τας
422 3285 619 3348 ἄλλους
647 3283 900 3354 οἰόμενον
925 3282 1144 3353 ἀφιέναι
1172 3281 1428 3336 κατόπιν.

361 3374 532 3428 Τοῦτο
580 3373 639 3427 δὲ
671 3374 790 3427 καθ’
820 3370 952 3426 αὑτὸ
1003 3371 1244 3442 πονηρόν
1293 3369 1692 3440 ἐστινοῶσπερ
1739 3367 1864 3422 καθ’

285 3464 426 3520 αὐτὸ
459 3465 704 3535 πέφυκεν
738 3461 946 3534 ἀγαθὸν
995 3463 1058 3517 τὸ
1094 3459 1238 3517 εἶναι
1271 3460 1628 3534 μακρόθυμον
1655 3479 1669 3492 ·
1709 3461 1782 3515 τὰ
1807 3459 1869 3514 δὲ

285 3557 414 3612 κατ’
445 3557 770 3611 ἐναντίωσιν
795 3553 978 3626 ἀκραν
1005 3553 1107 3626 τὴν
1126 3551 1404 3608 ἀντίθεσιν
1427 3551 1641 3624 ἔχοντα,
1663 3555 1727 3624 τῇ
1746 3569 1870 3608 συν·

288 3650 440 3721 θήκῃ
467 3648 577 3702 τῶν
600 3647 778 3717 λόγων
806 3645 906 3718 τὴν
955 3643 1228 3716 διαφορὰν
1260 3643 1598 3716 ἀσύγκριτον
1629 3641 1868 3716 ἔχουσιν.

289 3743 409 3796 ὓύκ
435 3740 545 3812 ἄρα
594 3739 738 3794 κατά
805 3738 1098 3810 σύγκρισιν
1126 3737 1334 3806 ἀγαθὸν
1363 3735 1616 3807 ὠνόμασε
1637 3736 1730 3792 τὸν
1765 3753 1871 3808 μα-

1963 3008 2100 3064 velis
2149 3005 2558 3078 quodammodo
2604 3006 2750 3060 viam
2801 3003 3118 3062 hominibus
3155 3013 3407 3078 negatam
3454 3017 3538 3064 te-

1963 3101 2152 3161 nuisse
2187 3101 2293 3158 sibi
2323 3100 2554 3164 videtur,
2589 3109 2644 3155 et
2677 3115 2823 3154 unus
2855 3107 3083 3168 caeteros
3107 3113 3298 3157 omnes
3324 3110 3448 3170 post
3481 3115 3541 3157 se

1965 3192 2276 3262 reliquisse.

2039 3369 2157 3428 Hoc
2194 3387 2321 3428 vero
2352 3371 2528 3441 ipsum
2575 3387 2674 3442 per
2711 3387 2772 3427 se
2808 3372 3010 3426 malum
3042 3381 3157 3439 est;
3197 3374 3548 3442 quemadmo-

1969 3465 2098 3520 dum
2131 3480 2227 3536 per
2255 3480 2314 3520 se
2345 3465 2548 3520 bonum
2577 3475 2696 3529 est,
2726 3481 2848 3522 esse
2892 3465 3208 3535 patientem.
3241 3465 3380 3522 Tum
3427 3483 3549 3534 quae

1971 3558 2115 3612 inter
2150 3571 2212 3613 se
2255 3572 2525 3613 summam
2547 3557 2750 3614 habent
2787 3559 3226 3629 oppositionem,
3271 3559 3318 3614 si
3364 3559 3550 3615 confe-

1972 3655 2168 3704 rantur
2188 3689 2204 3715 ,
2230 3650 2408 3705 omnis
2436 3651 2776 3721 comparatio
2805 3650 3124 3706 discrimine
3163 3651 3392 3706 tollitur.
3427 3649 3550 3706 Non

1975 3736 2140 3807 igitur
2159 3736 2452 3806 patientem
2477 3752 2544 3792 ex
2567 3737 2979 3808 comparatione
2993 3737 3197 3793 bonum
3225 3739 3549 3810 appellavit,

291 3831 596 3902 κρόθυμον,
630 3829 748 3884 ἀλλ’
778 3828 855 3894 ὡς
901 3829 962 3882 ἐν
1011 3830 1127 3892 τοῖς
1165 3827 1346 3892 ἀλλοις
1395 3829 1532 3880 πᾶσι
1563 3828 1680 3890 τοῖς
1701 3843 1866 3900 προσ-

1975 3827 2070 3882 sed
2092 3836 2153 3882 ut
2175 3827 2228 3882 in
2251 3827 2476 3898 reliquis
2495 3829 2772 3895 omnibus,
2793 3845 2916 3900 qua:
2936 3833 3238 3888 secundum
3258 3835 3551 3904 quamdam

290 3924 435 3996 εχῶς
467 3922 546 3994 τῷ
566 3923 713 3993 λόγῳ
742 3923 843 3992 τῆς
871 3919 1202 3985 ἀντιθέσεως
1235 3921 1574 3992 είρημένοις,
1609 3919 1755 3974 οὕτω
1778 3921 1866 3974 καὶ

1977 3919 2336 3990 oppositionis
2377 3920 2644 3975 rationem
2689 3919 2882 3977 elierre
2931 3925 3134 3988 voluit,
3175 3925 3248 3980 ita
3300 3937 3354 3981 et
3407 3943 3555 3984 nunc

291 4017 391 4070 νῦν
446 4015 547 4086 τὴν
601 4013 772 4076 ὅντως
801 4011 968 4066 οὖσαν
997 4008 1174 4082 ἀληθῆ
1201 4008 1362 4074 δόξαν
1414 4011 1509 4062 ἐπὶ
1552 4008 1630 4078 τῷ
1665 4025 1866 4081 μακρο-

1979 4026 2160 4067 veram
2207 4019 2264 4066 et
2303 4011 2531 4066 solidam
2583 4013 2812 4083 gloriam
2851 4016 3077 4085 patienti
3107 4017 3391 4086 attribuit;
3443 4020 3556 4073 sic-

291 4111 456 4182 θύμῳ
496 4107 892 4180 κατήγγειλεν,
939 4104 1016 4169 ὼς
1063 4104 1302 4176 ἔμπαλιν
1345 4105 1436 4158 ἐπὶ
1465 4123 1484 4158 ε
1522 4105 1618 4158 τὸν
1667 4105 1866 4176 ὑψηλὸν

1980 4112 2040 4160 ut
2071 4120 2102 4160 e
2126 4104 2409 4170 contrario
2437 4105 2855 4175 appellationem
2891 4107 3208 4174 adversam,
3243 4109 3402 4180 175
3434 4126 3559 4180 qnze

287 4204 374 4276 τῷ
400 4201 694 4272 πνεύματι,
712 4216 732 4250 ι
750 4195 848 4270 τὴν
861 4193 1108 4250 ἐναντίαν
1125 4195 1424 4267 ὀνομασίαν
1451 4195 1597 4250 κατὰ
1622 4195 1684 4249 τὸ
1707 4213 1874 4266 προσ-

291 4293 714 4362 υπακουόμενον
747 4291 808 4343 ἐν
855 4291 923 4360 τῇ
979 4285 1441 4356 συνακολουθήσει
1492 4287 1592 4357 τῆς
1627 4285 1866 4349 ἐναντίας

1982 4291 2162 4360 posuit
2210 4290 2325 4353 illi,
2366 4305 2529 4360 quem
2588 4308 2608 4340 ι
2643 4289 2918 4344 excelsum
2963 4291 3192 4346 animo:
3233 4293 3571 4350 nominavit]

291 4385 621 4455 ὑπολήψεως
650 4381 888 4438 τέθεικε.
915 4380 1020 4432 Διά
1063 4377 1225 4432 τοῦτο
1271 4377 1406 4448 φησί
1461 4395 1566 4432 που
1609 4377 1822 4440 Παῦλος
1849 4379 1878 4430 ὀ

296 4475 474 4546 μέγας
499 4471 799 4534 ἀπόστολος
838 4483 852 4500 ο
893 4488 911 4521 ι
942 4468 1034 4538 Μὴ
1060 4468 1130 4523 τὰ
1156 4465 1339 4537 ὑψηλὰ
1365 4465 1714 4536 φρονοῦντες,
1739 4466 1877 4520 ἀλλὰ

291 4569 411 4629 τοῖς
483 4564 765 4624 ταπεινοῖς
828 4559 1296 4630 συναπαγόμενοι.
1334 4575 1356 4610 s
1389 4557 1764 4628 Μακρόθυμον
1819 4558 1878 4612 δέ

293 4675 466 4728 φησιν
493 4654 696 4724 ἀγαθὸν
725 4653 818 4707 τὸν
852 4651 928 4722 μὴ
955 4649 1044 4704 διὰ
1094 4648 1464 4722 μικροψυχίαν
1510 4650 1881 4721 ὑπερϐάλλου-

294 4767 399 4804 σαν
453 4749 590 4802 κάπὶ
621 4748 735 4806 τοῖς
763 4741 992 4813 τυχοῦσι
1051 4740 1234 4812 μάτην
1279 4741 1757 4812 παροργιζόμενον
1781 4742 1878 4796 καὶ

291 4839 357 4892 τὸ
384 4835 506 4899 ἔθος
535 4829 1012 4904 ἐκτεθηριωμένον
1035 4829 1130 4883 καὶ
1163 4827 1348 4900 πάσης
1377 4830 1706 4902 ἀγριότητος
1739 4831 1880 4898 πλή-

295 4947 370 5006 ρη
401 4926 849 4995 ἐπιδεικνύμενον
877 4937 890 4951 ’
923 4921 1040 4975 ἀλλ’
1065 4921 1158 4972 ἐπὶ
1181 4920 1280 4990 μὲν
1312 4920 1422 4972 τῶν
1449 4921 1878 4992 ἀναφερομένων

294 5025 380 5085 εἰς
407 5017 599 5074 ἐαυτὸν
651 5010 954 5086 παροινιῶν
979 5011 1077 5064 καὶ
1123 5007 1514 5080 πλημμελειῶν
1558 5009 1663 5062 ὑπό
1714 5026 1879 5062 τινων

294 5115 503 5182 ἐτέρων
559 5107 885 5187 ἐλαττόνων,
917 5105 953 5175 ἢ
977 5102 1072 5156 καὶ
1130 5100 1395 5172 μειζόνων
1428 5098 1786 5162 ἀποσώζοντα
1817 5101 1880 5154 τὸ

295 5207 592 5277 ἀόργητον,
621 5199 718 5256 καὶ
750 5195 1018 5271 μηδαμῶς
1073 5191 1514 5262 παροξυνόμενον
1551 5194 1666 5256 τοῖς
1701 5192 1879 5246 τοιού-

371 5325 416 5357 ⁸¹
444 5320 658 5378 Nahum
718 5331 734 5370 ι
759 5354 776 5380 ,
809 5314 864 5370 ὅ.

371 5415 492 5486 (64)
519 5412 649 5486 Quo
687 5403 1087 5486 pertitient_illa
1138 5398 1517 5486 Chrysostomi
1573 5400 1682 5486 (in.
1732 5401 1872 5470 psal.

297 5470 441 5546 cxrn
466 5470 504 5542 Il
526 5470 566 5536 ἶ
561 5481 650 5534 Δεῖ
671 5470 855 5546 τοίνυν
877 5474 1134 5546 ἐνίάπασι
1155 5470 1264 5542 μὲν
1279 5471 1355 5546 μὴ
1386 5470 1711 5546 φιλονεικεζν
1734 5487 1873 5540 μαν-

297 5539 600 5626 θάνειντοῦ
627 5548 764 5603 Θεοῦ
790 5545 890 5626 τὴν
939 5539 1210 5626 διοίκησιν
1235 5557 1250 5571 ·
1275 5539 1580 5626 ἀμηχάνοις
1623 5539 1745 5626 γὰρ
1765 5555 1874 5626 pm-

301 5608 650 5693 λονεικοῦμεν
703 5608 1001 5689 πράγμασι
1026 5653 1042 5678 ,
1074 5608 1169 5666 καὶ
1226 5608 1434 5679 σφόδρα
1482 5608 1874 5691 ὑπερϐαίνουσι

301 5699 480 5733 επεν...
521 5691 684 5733 τρόπιν
739 5685 994 5733 κτιστήν.
1024 5682 1077 5733 Id
1108 5688 1192 5733 est
1221 5698 1234 5733 :
1269 5678 1395 5733 Non
1425 5689 1625 5733 onortet
1647 5694 1773 5733 erao
1801 5696 1876 5732 m-

297 5699 480 5750 πᾶσαν
521 5682 684 5760 φύσιν
739 5682 994 5756 κτιστήν.
1024 5682 1077 5737 Id
1108 5688 1192 5738 est
1221 5698 1234 5733 :
1269 5682 1395 5734 Non
1425 5689 1625 5748 oportet
1647 5694 1773 5751 ergo
1801 5682 1876 5732 ni-

297 5771 463 5820 mium
511 5758 844 5821 contendere,
865 5764 924 5808 ut
950 5755 1006 5808 in
1044 5751 1286 5808 omnibus
1323 5749 1500 5804 discas
1520 5749 1615 5804 Dei
1645 5751 1878 5803 admini-

616 5853 886 5914 PATROL.
929 5848 1044 5910 Gn.
1091 5842 1364 5908 XCVIII.

969 5313 1016 5344 ⁸²
1053 5309 1198 5366 Psal.
1234 5325 1332 5375 vn,
1370 5307 1458 5362 II.
1535 5307 1583 5340 ⁵³
1611 5307 1774 5363 Rom.
1843 5325 1944 5376 xn,

1979 4212 2043 4252 ex
2074 4195 2328 4266 opposito
2355 4195 2564 4263 judicio
2595 4197 2770 4251 oritur
2795 4211 2862 4252 ac
2893 4197 3266 4254 subaudienda
3298 4211 3416 4267 est,
3452 4202 3558 4256 im-

1982 4379 2276 4450 Propterea
2305 4384 2381 4436 ait
2407 4379 2648 4452 ("tedam
2681 4381 2734 4434 in
2765 4381 2886 4457 loco
2922 4380 3126 4438 Paulus
3158 4400 3388 4454 magnus
3429 4403 3560 4457 apo-

1981 4475 2152 4529 stolus
2179 4493 2192 4528 :
2233 4494 2250 4524 ι
2277 4473 2395 4528 Νοιι
2419 4475 2524 4529 alta
2555 4475 2850 4544 sapientes,
2881 4477 2976 4530 sed
3008 4477 3309 4534 humilibus
3335 4493 3561 4534 comen-

1981 4563 2176 4617 tientes
2207 4563 2277 4614 ⁵³.
2304 4582 2322 4614 ι
2359 4562 2569 4617 Bonum
2604 4573 2787 4618 autem
2821 4565 3058 4634 appellat
3082 4566 3412 4634 patientem,
3450 4580 3562 4622 non

1981 4653 2074 4724 qui
2101 4669 2169 4708 ex
2199 4653 2366 4708 nimia
2399 4655 2570 4708 animi
2603 4655 2998 4722 imbecillitate,
3031 4657 3102 4710 ob
3130 4671 3194 4711 ea
3223 4657 3413 4725 etiam,
3439 4675 3566 4734 qua

1984 4757 2184 4801 temere
2213 4748 2555 4816 contingunt,
2583 4749 2660 4802 ira
2691 4749 3029 4815 accenditur,
3056 4765 3121 4805 ac
3143 4749 3352 4807 ferinos
3375 4767 3563 4810 mores

1981 4850 2034 4893 et
2073 4848 2344 4909 agrestem
2378 4841 2542 4910 plane
2572 4839 2829 4896 ferociam
2865 4849 3140 4897 ostentat:
3180 4844 3274 4898 sed
3305 4845 3396 4912 qui
3427 4846 3562 4898 alio-
3637 4823 3646 4844 ’

1982 4945 2104 4982 rum
2139 4931 2491 4986 contumeliis
2508 4936 2674 5001 atque
2703 4933 2967 4988 conviciis
2997 4933 3112 4988 sive
3143 4933 3420 4989 minorum
3445 4937 3563 4992 sive

1981 5021 2251 5090 majorum
2296 5021 2600 5091 appetitus,
2642 5031 2896 5092 pacatum
2928 5034 3113 5080 servat
3157 5025 3423 5089 animum,
3459 5041 3561 5082 nec

1984 5111 2110 5168 ullis
2135 5127 2325 5166 earum
2359 5129 2540 5169 rerum
2584 5115 2826 5170 stimulis
2855 5125 3257 5172 commovetur.
3288 5118 3558 5174 Caeterum
3621 5138 3650 5202 χ

1981 5203 2026 5257 si
2059 5206 2182 5274 quis
2235 5219 2296 5260 se
2335 5205 2510 5260 virum
2549 5215 2599 5262 et
2651 5208 2940 5264 honestum
2984 5217 3041 5264 et
3069 5210 3314 5266 veritatis
3353 5212 3563 5268 studio-

1980 5313 2070 5369 I6.

1981 5407 2424 5464 strationem:de
2488 5409 2645 5464 rebus
2694 5412 2832 5466 enim
2859 5413 3131 5472 immensis
3175 5395 3562 5481 contendimus.

1980 5485 2030 5528 et
2049 5493 2166 5559 qui:
2200 5490 2440 5559 creatam
2461 5485 3141 5559 omnemna‘tura‘mjonge
3179 5499 3453 5559 superant.

2055 5546 2375 5629 ςδδγβξοά.
2414 5565 2601 5629 xxxnv.
2740 5552 2814 5629 _At
2843 5553 2986 5610 LXX
3023 5546 3256 5629 habent,
3295 5559 3501 5629 Κύριος
3537 5561 3569 5614 6

1981 5615 2114 5700 βεδε
2143 5615 2480 5700 οἰκτίρμωνζ
2498 5624 2593 5700 καὶ
2636 5623 2884 5696 ἐλεήμων
2907 5665 2922 5691 ,
2955 5615 3316 5700 μακρόθυμος
3345 5615 3440 5682 καὶ
3471 5615 3565 5682 πο-

1985 5685 2204 5750 λυέλεος
2229 5685 2668 5762 καϊάληθινὺς...

3175 5854 3254 5918 E2
