3992 6394
543 309 698 378 ’10οΊ

1655 317 1720 381 8.
1763 317 2157 379 'GREGORII
2212 321 2728 386 AGRIGENTINI

3671 338 3781 407 1601

561 441 681 481 sum
717 434 770 480 ct
797 423 906 480 Deo
931 425 1156 480 charum
1189 439 1252 480 ac
1294 425 1483 480 virtuti
1522 425 1762 481 deditum
1805 438 2058 498 praestet,
2099 437 2153 484 et

2262 449 2391 495 τοις.
2428 434 2598 488 Ὅταν
2625 437 2682 491 δέ
2715 456 2798 502 τις
2842 439 3135 510 ἅνθρωπος
3171 445 3457 509 σπουδαῖος
3482 447 3572 500 καὶ
3601 451 3784 524 quiuit.-

563 515 834 587 quosdam
861 514 1057 568 viderit
1088 515 1291 583 injusta
1323 513 1612 583 loquentes
1639 525 1804 586 atque
1851 516 2014 586 impia
2051 515 2146 570 ad-

563 631 754 671 versus
781 629 1054 670 summam
1094 611 1184 668 Dei
1215 612 1521 668 bonitatem
1557 629 1622 668 ac
1654 614 2030 683 maiestatem,
2062 616 2146 670 vel

562 707 910 781 tyrannidem
938 715 1258 772 exercentes
1287 706 1343 760 in
1373 707 1612 777 pupillos
1634 716 1688 760 et
1711 707 1906 762 viduas
1939 718 1993 763 et
2020 724 2148 778 pau~

564 816 739 870 peres,
771 815 836 856 ac
864 800 1014 854 nullo
1039 799 1164 869 jure
1188 805 1242 853 et
1274 814 1372 869 per
1397 799 1506 854 vim
1535 801 1845 868 proximum
1875 815 2148 870 quemque

565 895 730 950 rebus
759 893 876 950 suis
907 892 1206 963 spoliantes
1245 909 1258 946 :
1308 900 1422 946 tum
1467 893 1516 947 is
1562 891 1806 962 profecto
1847 907 1956 962 qua
1995 892 2150 948 decet

562 989 644 1042 ira
673 995 730 1041 et
769 985 1147 1055 indignatione
1177 991 1536 1049 succenseat,
1564 991 1802 1054 oportet,
1823 989 2016 1038 contra
2045 984 2150 1038 im-

562 1079 763 1150 probos
819 1089 873 1133 et
920 1079 1166 1132 veritatis
1210 1077 1559 1132 adversarios
1597 1093 1660 1132 ac
1711 1077 1974 1132 mendacii
2016 1092 2150 1133 eon-

563 1175 728 1228 scios.
755 1169 860 1227 Sed
884 1172 1166 1226 enimvero
1199 1169 1414 1239 singula
1450 1169 1804 1224 considerare
1832 1167 2146 1240 diligenter,

562 1277 614 1320 «ιι
667 1273 828 1318 caute
878 1272 989 1316 tam
1040 1276 1205 1331 opera
1248 1276 1414 1330 quam
1474 1275 1760 1316 sermones
1811 1261 2151 1331 perpendere

563 1373 750 1413 eorum
791 1356 884 1427 qui
933 1355 1099 1408 vitam
1148 1353 1438 1408 nobiscum
1491 1361 1690 1423 agunt,
1744 1367 1973 1408 necesse
2019 1363 2147 1408 est;

565 1458 624 1504 ut
663 1464 841 1518 neque
877 1445 1151 1516 superbiae
1180 1443 1314 1499 vitio
1340 1433 1439 1499 aut
1468 1445 1647 1498 animi
1678 1445 2051 1500 imbecillitate
2080 1445 2152 1500 iis

567 1541 907 1603 irascamur,
947 1535 1043 1606 qui
1077 1535 1212 1589 nihil
1243 1549 1275 1588 a
1309 1535 1512 1603 pietate
1541 1533 1946 1597 discesserunt;
1975 1549 2153 1604 neque

568 1646 789 1686 rursum
819 1628 970 1683 taciti
1017 1626 1260 1682 feramus
1299 1633 1354 1680 et
1390 1625 1662 1695 patienter
1695 1639 1791 1680 eos
1815 1627 2148 1692 toleremus,

565 1725 663 1796 qui
721 1721 1054 1778 contrariam
1113 1721 1239 1774 vita:
1291 1718 1560 1773 rationem
1610 1719 1783 1774 iniere
1815 1759 1828 1772 .
1863 1718 1956 1775 Sic
2004 1719 2150 1774 enim

2249 528 2350 598 θης
2378 530 2474 582 καὶ
2514 529 2773 602 θεοφιλὴς
2799 532 2894 586 καὶ
2922 532 3215 601 φιλόκαλος
3240 535 3506 609 θεάσηταί
3533 557 3674 605 τινας
3705 547 3786 601 att.

2249 619 2376 684 κίας
2432 620 2728 685 λαλοῦντας
2789 627 2883 677 καὶ
2946 623 3298 696 βλασφημίας
3347 631 3432 693 είς
3490 631 3547 684 τὸ
3569 632 3688 702 ὕψος
3711 639 3786 707 τῆς

2249 713 2592 782 θεοπρεποῦς
2643 715 2987 787 ἀγαθότητος
3027 719 3124 771 καὶ
3161 721 3580 794 μεγαλωσύνης,
3607 726 3638 796 ἢ
3661 745 3790 784 κατα.

2249 806 2680 873 δυναστεύοντας
2704 809 2816 863 τῶν
2851 810 3110 882 ὀρφανῶν
3137 814 3234 866 καὶ
3257 814 3364 868 τῶν
3385 817 3575 887 χηρῶν
3595 822 3682 873 καὶ
3705 823 3789 876 τῶν

2249 897 2510 970 πτωχῶν,
2543 900 2642 953 καὶ
2677 900 2745 954 τά
2791 901 2902 954 τῶν
2938 902 3188 972 πλησίων
3227 906 3658 976 ἀφαιρουμένους
3680 915 3790 967 κατὰ

2253 993 2424 1063 μόνην
2461 995 2792 1064 τυραννικὴν
2828 993 3080 1059 ἐξουσίαν
3127 997 3222 1050 καὶ
3277 999 3423 1052 κατὰ
3468 999 3787 1056 δυναστείανο

2249 1083 2558 1156 τηνικαῦτα
2616 1086 2714 1140 καὶ
2758 1087 2853 1140 τὸν
2893 1090 3242 1160 προσήκοντα
3280 1089 3458 1160 θυμὸν
3503 1091 3599 1146 καὶ
3627 1093 3712 1164 τὴν
3733 1095 3793 1149 δι-

2252 1176 2416 1228 καίαν
2442 1175 2616 1246 ὀργὴν
2631 1176 2692 1241 ἐξ
2714 1177 2967 1248 ἀνάγκης
2991 1180 3165 1233 κινεῖν
3195 1179 3406 1249 ὀφείλει
3440 1181 3582 1234 κατά
3599 1183 3697 1235 τῶν
3719 1203 3794 1238 τιο-

2253 1271 2638 1340 νηρευομένων
2669 1270 2766 1324 καὶ
2799 1271 2900 1340 τῆς
2946 1271 3206 1343 ἀληθείας
3243 1273 3565 1327 ἀντιπάλων
3597 1276 3684 1330 καὶ
3711 1295 3798 1332 συν·

2248 1358 2486 1430 -ιστόρων
2529 1359 2625 1412 τοῦ
2656 1359 2910 1430 ψεύδους.
2963 1363 3084 1434 Χρὴ
3142 1363 3326 1416 τοίνυν
3359 1366 3458 1417 ἐπὶ
3499 1369 3632 1420 πᾶσι
3667 1385 3798 1440 προσ-

2255 1451 2402 1521 έχειν
2428 1451 2678 1522 ἀκριϐῶς
2707 1453 2805 1506 καὶ
2834 1455 3028 1524 νήφειν
3061 1457 3177 1519 τοῖς
3208 1455 3396 1526 ἔργοις
3424 1456 3524 1510 καὶ
3539 1456 3704 1526 λόγοις
3717 1460 3798 1510 τῶν

2253 1542 2353 1608 τὰς
2378 1541 2665 1616 διατριϐὰς
2707 1545 2829 1614 μεθ’
2859 1545 3018 1616 ἡμῶν
3061 1548 3409 1618 ποιουμένων
3435 1537 3450 1578 ³
3482 1549 3578 1602 καὶ
3609 1549 3729 1620 μήτε
3749 1553 3797 1604 δι’

2257 1635 2676 1706 ὑπερηφανείας
2693 1637 2920 1710 ὄγκονῆ
2956 1639 3127 1702 πάθος
3161 1641 3542 1711 μικροψυχίας
3580 1645 3798 1713 παροργί-

2257 1724 2454 1789 ζεσθαι
2520 1726 2664 1780 κατὰ
2707 1725 2818 1780 τῶν
2877 1727 3148 1799 μηδαμῶς
3193 1730 3592 1799 ἠσεϐηκότωνο
3621 1730 3798 1802 μητ¹αὗ

569 1813 936 1870 mansuetudo
969 1819 1156 1866 nostra
1181 1819 1236 1865 et
1260 1809 1547 1880 patientia,
1568 1809 1650 1865 sic.
1679 1811 1762 1865 ira
1791 1810 1955 1866 etiam
1989 1821 2154 1882 atque

2262 1816 2424 1870 πάλιν
2463 1816 2759 1886 ἀνέχεσθαι
2801 1817 2898 1870 καὶ
2933 1821 3302 1890 παρασιωπᾷν
3337 1820 3436 1872 καὶ
3474 1821 3798 1894 μακροθυμεῖν

522 1929 528 1936 ·
565 1906 866 1979 indignatio
915 1903 1150 1958 Domino
1183 1911 1238 1959 et
1284 1905 1429 1959 bono
1459 1914 1514 1959 et
1539 1903 1693 1974 justo
1757 1904 2154 1975 hominumque

2262 1908 2492 1962 ἐπὶτῶν
2519 1909 2590 1962 τά
2643 1911 2764 1963 κατ’
2807 1909 3126 1966 ἐναντίωσιν
3175 1911 3532 1986 ἐκφερόμενα
3573 1913 3795 1985 δρώντων.

565 2000 770 2057 amanti
801 2005 958 2070 grata
980 1997 1099 2052 sine
1127 1995 1298 2052 dubio
1331 1997 1516 2050 futura
1551 2007 1658 2062 est,
1683 2011 1809 2050 nam
1843 1997 1946 2050 hoc
1975 1997 2151 2066 ipsum

2262 1997 2419 2052 Οὕτω
2445 1999 2555 2068 γὰρ
2579 1999 2676 2052 καὶ
2701 1997 2763 2052 τὸ
2793 2001 2968 2071 πρᾶον
3004 1999 3162 2070 ἡμῶν
3188 2000 3287 2053 καὶ
3337 2001 3706 2072 μακρόθυμον,
3729 2003 3799 2055 καὶ

565 2091 1142 2159 contirtnanssapieus
1165 2087 1528 2145 Ecclesiastes
1553 2089 1642 2153 iis,
1667 2103 1790 2158 quae
1821 2099 2151 2160 sequuntur,

2263 2091 2452 2160 μέντοι
2478 2089 2576 2143 καὶ
2601 2091 2630 2142 ὁ
2659 2089 2830 2160 θυμὸς
2854 2090 2948 2144 καὶ
2975 2091 3009 2160 ἡ
3041 2091 3182 2162 ὀργὴ
3220 2090 3377 2161 παρά
3417 2089 3496 2162 τῷ
3533 2091 3708 2162 ἀγαθῷ
3731 2093 3798 2146 καὶ

565 2184 768 2257 adjecit
805 2182 1058 2254 protinus
1085 2201 1101 2238 :
1405 2246 1412 2251 θ
2036 2175 2042 2181 ’

2262 2182 2458 2252 δικαίῳ
2487 2181 2584 2235 καὶ
2611 2180 2985 2253 φιλανθρώπῳ
3021 2183 3215 2255 Κυρίῳ
3257 2185 3362 2256 τὴν
3392 2183 3663 2256 ἀποδοχὴν
3685 2183 3798 2248 ἐξου-

567 2254 654 2331 ctu
719 2273 1014 2346 ἀριδήλως.
1075 2272 1248 2327 Τοῦτο
1315 2273 1425 2343 γὰρ
1477 2273 1574 2325 καὶ
1623 2269 1878 2342 ἐμπεδῶν
1929 2273 2028 2326 καὶ
2094 2275 2208 2338 τοῖς
2281 2274 2574 2345 ἑπομένοις
2639 2269 2684 2326 δ’
2729 2274 2895 2345 σοφὸς
2956 2254 3402 2348 Ἐκκλησιαστὴς
3461 2254 3674 2346 ἀμέσως
3725 2276 3796 2330 ἐτ-

567 2369 746 2441 ήγαγε
765 2384 780 2400 ’

2110 2463 2152 2534 ξ
2186 2461 2298 2520 xu.

641 2555 810 2610 Vsus.
847 2555 900 2610 9.
960 2551 1043 2610 Ne
1089 2555 1425 2624 festinave’ris
1463 2557 1531 2610 'iu
1581 2557 1772 2624 spiritu
1824 2565 1913 2610 tuo
1955 2555 2152 2621 irasci;

544 2651 692 2720 quia
726 2649 880 2718 [uror
912 2649 966 2702 in
997 2649 1118 2702 sinu
1153 2647 1443 2702 stultorum
1474 2651 1749 2720 requiescit
1774 2648 1907 2718 (66).

642 2742 958 2798 hlemenim
993 2741 1045 2794 id
1083 2749 1189 2806 est,
1221 2756 1287 2795 ac
1310 2743 1356 2795 si
1383 2741 1592 2796 diceret
1626 2759 1640 2795 :
1681 2741 1826 2796 Cave
1857 2757 1922 2796 ne
1957 2741 2060 2796 levi
2091 2741 2158 2796 de

570 2849 738 2890 causa
775 2834 1096 2904 indigneris,
1133 2849 1198 2888 ac
1221 2843 1424 2888 temere
1457 2834 1541 2888 'vel
1576 2849 1640 2887 ex
1669 2833 1872 2889 mentis
1898 2833 2155 2904 superbia

571 2929 656 2982 vel
685 2943 751 2982 ex
783 2927 951 2982 animi
992 2927 1369 2982 imbecillitate
1400 2927 1467 2980 iis
1497 2941 1828 2981 succenseas
1853 2969 1867 2992 ,
1897 2926 1990 2996 qui
2020 2925 2158 2980 nihil

2185 2977 2232 3038 C

2332 2553 2428 2622 Μὴ
2463 2553 2746 2622 σπεύσῃς
2779 2553 2850 2607 ἐν
2877 2552 3176 2622 πνεύματί
3199 2568 3320 2608 σου
3343 2553 3460 2608 τοῦ
3483 2553 3795 2624 θυμοῦσθαιο

2260 2643 2351 2700 ὅτι
2385 2645 2572 2716 θυμὸς
2591 2646 2662 2700 ἐν
2681 2647 2893 2713 κόλπῳ
2919 2646 3202 2714 ἀφρόνων
3245 2631 3636 2700 ἀναπαύεται.

2331 2737 2638 2808 Μονονουχὶ
2678 2739 2787 2810 γάρ
2823 2753 2996 2808 φησι·
3029 2736 3314 2808 Μηδαμῶς
3361 2739 3602 2808 ἀνάσχου
3641 2736 3796 2808 θυμοῦ-

2264 2831 2390 2886 σθαι
2445 2831 2646 2903 ῥᾳδίως
2713 2831 2808 2885 καὶ
2873 2829 3313 2902 παροργίξεσθαι
3341 2831 3528 2902 μάτην
3576 2831 3631 2898 ἐξ
3675 2832 3796 2897 ὕπερ·

2262 2925 2474 2996 ηφάνου
2504 2923 2737 2996 καρδίας
2761 2923 2796 2994 ἢ
2828 2923 2925 2978 καὶ
2957 2911 3330 2994 μικροψυχίας
3366 2923 3520 2978 κατὰ
3541 2921 3644 2976 τῶν
3675 2920 3796 2992 μηδὲν

571 3017 835 3072 adversus
879 3015 1050 3069 Deum
1096 3015 1478 3086 deliquerunt,
1537 3025 1636 3071 aut
1672 3031 1814 3086 quos
1854 3017 1907 3070 itt
1949 3017 2158 3072 crimen

2265 3021 2349 3084 είς
2371 3019 2506 3074 Θεὸν
2532 3018 2890 3089 ἠσεϐηκότων
2911 3058 2924 3082 ,
2961 3017 2995 3087 ἢ
3045 3016 3288 3087 τοσαύτῃ
3332 3015 3677 3088 πλημμελείᾳ
3713 3011 3797 3066 καθ’

564 3110 852 3164 voluntate
877 3109 1059 3178 lapsos
1081 3125 1202 3164 esse
1228 3125 1338 3163 non
1362 3117 1604 3165 constat.
1622 3109 1766 3174 Quin
1789 3109 1976 3176 etiam,
1996 3125 2162 3180 quan-

573 3213 689 3258 tum
709 3199 792 3256 fas
815 3211 891 3256 est
903 3242 918 3268 ,
937 3215 1092 3266 cura,
1111 3201 1336 3272 ut176
1351 3202 1564 3272 patiens
1579 3202 1656 3256 sis
1669 3211 1831 3272 atque
1853 3201 2160 3270 indulgens,

573 3309 699 3348 cum
732 3291 799 3347 iis
825 3293 1011 3360 etiam,
1049 3291 1143 3362 qui
1177 3293 1421 3348 minimis
1475 3293 1530 3347 in
1574 3295 1743 3350 rebus
1788 3295 2116 3365 delinquunt
2145 3311 2161 3350 :

573 3395 630 3439 et
667 3384 816 3440 omni
847 3383 1027 3440 studio
1053 3384 1262 3438 enitere
1285 3423 1302 3452 ,
1333 3395 1395 3439 ut
1419 3383 1500 3439 vir
1522 3385 1601 3440 sis
1639 3395 1964 3441 mansuetus
2000 3395 2165 3456 atque

523 3525 526 3528 .
565 3477 996 3549 magnanimus;
1036 3491 1104 3532 ne
1131 3487 1184 3532 te
1225 3492 1448 3548 quoque
1489 3493 1660 3533 sacrae
1687 3478 1909 3534 Littera:
1935 3480 2165 3534 stultum

575 3569 1135 3640 appellent.Aitenim
1164 3589 1178 3624 :
1217 3588 1236 3622 ι
1264 3569 1403 3638 Quia
1431 3568 1588 3626 furor
1621 3571 1676 3625 in
1709 3573 1836 3627 sinu
1871 3573 2161 3627 stultorum

577 3661 948 3733 requiescit.»
1009 3661 1215 3716 Idcirco
1251 3673 1306 3716 et
1348 3659 1554 3718 Paulus
1611 3665 1843 3732 magnus
1885 3664 2166 3733 apostolus

577 3749 814 3827 quodam
870 3753 924 3806 iu
970 3753 1092 3807 loco
1130 3753 1300 3808 dicit:
1360 3771 1379 3804 ι
1422 3751 1686 3808 Modestia
1723 3763 1904 3809 vestra
1935 3765 2064 3810 uota
2099 3755 2168 3810 sit

579 3843 840 3898 omnibus
882 3840 1196 3896 hominibus
1232 3841 1301 3896 “.
1327 3840 1454 3896 illla
1497 3843 1644 3898 enim
1685 3858 1870 3898 rerum
1918 3845 2165 3899 omnium

580 3935 864 3990 tolerantia
886 3948 951 3988 ac
974 3934 1255 4003 patientia,
1279 3949 1402 4004 qua
1427 3935 1751 3990 modestiam
1809 3951 2024 3992 morum
2057 3951 2167 4007 prae

579 4043 638 4084 se
678 4025 781 4080 fert
827 4037 882 4081 et
909 4024 1274 4080 atl'ectiouunt
1305 4026 1755 4096 tranquillitatem
1777 4065 1794 4092 ,
1823 4043 2058 4096 quorum
2111 4029 2166 4082 in

577 4119 778 4175 animis
832 4119 1013 4190 viget,
1073 4119 1126 4172 in
1173 4119 1241 4177 iis
1275 4119 1520 4192 reginam
1571 4119 1962 4191 dominamque
1997 4121 2168 4176 virtu-

566 4220 693 4264 tum
715 4211 982 4264 omnium
1033 4209 1214 4265 inesse
1244 4216 1516 4278 testatur,
1557 4211 1904 4281 prudentiam
1937 4214 2166 4270 scilicet.

2265 3107 2516 3164 ἑκούσιον
2541 3107 2768 3178 γνώμην
2789 3105 3110 3160 ἑαλωκότων
3135 3121 3152 3138 ο
3186 3104 3303 3158 ἀλλ’
3333 3105 3465 3159 ὅσον
3483 3101 3591 3158 οἶόν
3617 3106 3668 3156 τέ
3697 3105 3797 3166 ἐστι,

2269 3200 2628 3274 μακρόθυμος
2659 3199 2917 3271 εὑρέθητι
2959 3197 3057 3251 καὶ
3092 3182 3569 3267 συγγνωμονικός,
3599 3193 3797 3262 καὶπρὸς

2265 3295 2469 3357 αὐτοὺς
2499 3293 2626 3356 τοὺς
2649 3291 2721 3344 τὰ
2757 3290 3021 3360 ἐλάχιστα
3039 3287 3535 3358 πλημμελοῦντας,
3569 3285 3656 3339 καὶ
3689 3284 3796 3352 πάσῃ

2265 3383 2498 3453 δυνάμει
2525 3383 2700 3452 πρᾶος
2721 3380 2982 3452 εὑρίσκου
3005 3379 3101 3433 καὶ
3126 3379 3513 3450 μεγαλόψυχος
3534 3375 3795 3447 ἄνθρωπος’

2267 3477 2356 3530 ἵνα
2387 3474 2463 3546 μὴ
2490 3475 2587 3528 καὶ
2628 3474 2694 3527 σὺ
2755 3473 2909 3544 παρά
2930 3471 3030 3542 τῆς
3061 3469 3214 3535 θείας
3254 3471 3488 3542 Γραφῆς
3516 3470 3690 3540 ἄφρων
3713 3467 3798 3518 ὀνο-

2270 3552 2509 3640 μασθῇς.
2541 3565 2686 3639 Φησὶ
2712 3566 2844 3636 γὰρ,
2889 3584 2907 3616 ι
2935 3564 3062 3618 ’Ότι
3089 3563 3263 3634 θυμὸς
3291 3564 3352 3618 εν
3382 3564 3568 3634 κόλπῳ
3600 3559 3796 3632 ἀφρόνων

2264 3660 2632 3716 ἀναπαύεται.
2673 3679 2692 3712 ι
2724 3657 2823 3711 Διὰ
2847 3657 3013 3710 τοῦτο
3038 3656 3174 3728 φησί
3199 3663 3308 3709 που
3345 3657 3445 3710 καὶ
3470 3653 3671 3716 Παῦλος
3688 3651 3711 3704 ὁ
3729 3649 3796 3720 μὲ-

2266 3771 2372 3823 γας
2421 3753 2734 3815 ’ἀπόστολος
2772 3767 2786 3782 ο
2825 3768 2845 3802 ι
2899 3744 2974 3803 Τὸ
3042 3749 3289 3812 ἐπιεικὲς
3347 3748 3505 3818 ὑμῶν
3554 3741 3794 3814 γνωσθήτω

2268 3849 2436 3900 πᾶσιν
2457 3842 2798 3914 ἀνθρώποις.
2830 3861 2849 3893 ι
2898 3842 2964 3894 Ἦ
2993 3839 3104 3912 γὰρ
3129 3841 3194 3893 ’ἐν
3233 3841 3407 3894 πᾶσιν
3437 3839 3598 3908 ἀνοχὴ
3626 3835 3706 3889 καὶ
3720 3849 3793 3903 μα·

2267 3938 2437 4010 κροθυ
2447 3939 2566 4009 μία,
2593 3935 2693 4007 τὴν
2720 3936 3029 3988 ἐπιείκειαν
3045 3933 3438 4004 ἐνδεικνυμένη
3455 3933 3561 3985 τῶν
3580 3928 3706 4000 ἠθῶν
3723 3923 3790 3978 καὶ

2269 4031 2664 4088 καταστάσεων
2691 4026 2794 4099 τῆς
2815 4029 3018 4098 ψυχῆς,
3046 4026 3143 4097 τὴν
3172 4025 3606 4096 βασιλικωτάτην
3627 4020 3707 4076 καὶ
3724 4019 3791 4086 τὴν

2269 4123 2620 4196 κυριωτάτην
2673 4122 2784 4175 τῶν
2839 4119 3078 4196 γενικῶν
3120 4116 3335 4188 ἀρετῶν
3386 4115 3694 4185 ἐνυπάρχειν
3713 4108 3791 4166 τοῖς

2267 4185 2533 4279 τοίούτοις
2575 4185 2892 4286 ’κηρύττεις
2917 4185 3171 4281 δηλονότι
3211 4208 3320 4280 τὴν
3365 4209 3639 4280 φρόνησιν.
3669 4201 3788 4253 Ὥστε

578 4304 947 4370 Quamobrem
981 4311 1234 4372 oportet,
1277 4309 1340 4357 ut
1380 4305 1476 4374 qui
1518 4303 1805 4374 prudentia
1840 4305 2080 4377 regitur,
2116 4308 2159 4362 is

2273 4307 2541 4377 προσήκει
2562 4304 2656 4357 τὸν
2691 4302 2796 4356 ὑπὸ
2827 4302 3141 4387 φρονήσεως
3179 4298 3517 4369 ίθυνόμενον,
3549 4293 3670 4366 μηδὲ
3694 4287 3788 4360 πρὸς

579 4409 648 4448 ne
678 4392 942 4462 improbis
973 4393 1194 4462 quidem
1221 4393 1478 4464 etimpiis
1501 4404 1556 4448 et
1587 4397 1770 4450 avaris
1799 4407 1853 4450 et
1875 4398 2166 4455 homicidis

581 4485 964 4554 properantius
999 4493 1360 4549 succenseat,
1395 4493 1452 4540 et
1503 4485 1662 4542 facile
1709 4489 2044 4560 indignetur.
2099 4492 2168 4546 At

583 4578 674 4632 ubi
706 4591 806 4631 nec
843 4577 1167 4632 auctoritate
1197 4577 1526 4648 quidquam,
1555 4595 1657 4635 nec
1687 4581 2000 4636 mitioribus
2034 4597 2168 4636 con-

581 4667 723 4722 ciliis
760 4675 856 4720 aut
907 4667 1018 4721 ulla
1064 4682 1349 4722 sacrarum
1398 4667 1735 4724 Litterarum
1782 4671 2168 4728 adhortatione

581 4757 832 4822 tlelittitie,
879 4759 932 4811 iu
964 4757 1152 4812 eadem
1185 4758 1262 4812 illi
1295 4758 1577 4814 voluntate
1622 4775 1681 4814 se
1718 4775 1944 4816 manere
1978 4771 2165 4817 osten-

581 4850 752 4914 dant,
795 4857 850 4902 (τι
876 4847 1314 4902 emendationem
1358 4863 1650 4919 respuere;
1691 4859 1804 4904 tum
1838 4866 1968 4908 vero
1994 4852 2169 4920 tjusta:

585 4944 680 4997 ira:
709 4953 871 5010 atque
889 4940 1285 5010 indignationis
1304 4942 1605 4996 acutiorem
1627 4943 1880 5013 expediat
1898 4945 2165 5015 gladium,

583 5049 695 5104 quo
723 5034 922 5086 callum
952 5031 1246 5086 obductum
1272 5031 1560 5087 exseindat
1579 5072 1595 5096 ,
1627 5043 1681 5089 et
1709 5035 1878 5090 animi
1906 5035 2166 5092 duritiem

585 5126 652 5179 ad
683 5125 1020 5180 medicorum
1049 5122 1292 5177 rationes
1313 5131 1508 5178 sanet:
1549 5126 1641 5194 qui
1673 5127 1911 5196 primum
1945 5129 2168 5199 quidem

586 5215 937 5272 unctionibus
967 5212 1296 5283 quibusdam
1334 5222 1501 5282 atque
1541 5217 1889 5288 malagmatis
1921 5225 2168 5275 tumores

589 5307 874 5362 vulnerum
900 5315 956 5362 et
989 5303 1475 5361 inﬂammationem
1513 5308 1762 5380 mitigare
1793 5319 2085 5378 conantur,
2114 5322 2170 5368 et

587 5398 652 5453 ad
666 5399 952 5454 sanitatem
984 5396 1298 5467 perducere.
1321 5396 1528 5454 Atcum
1553 5402 1779 5482 morbus
1799 5403 2036 5461 difﬁcilis
2058 5415 2168 5473 est,

589 5497 642 5542 et
673 5489 877 5544 leuiora
927 5500 1090 5560 atque
1125 5490 1376 5544 molliora
1414 5495 1550 5548 artis
1577 5494 1978 5554 medicamenta
2008 5499 2168 5572 longe

588 5593 842 5654 superat,
893 5597 1004 5640 tum
1055 5583 1419 5640 severioribus
1469 5601 1690 5656 quoque
1752 5589 2062 5660 pharmacis
2114 5599 2170 5647 et

659 5695 703 5724 “
727 5693 962 5765 Philipp.
1005 5711 1078 5762 tv,
1111 5696 1165 5754 ὅ.

657 5785 776 5858 (66)
814 5784 884 5841 At
915 5783 1050 5840 LXX
1089 5786 1292 5845 imas}.
1325 5784 1724 5843 ἀναπαύσεται.

2268 4396 2397 4458 τοὺς
2443 4393 2920 4464 πονηρευομένους
2954 4383 3052 4444 καὶ
3079 4388 3372 4452 δυσσεϐεῖς
3399 4389 3494 4444 καὶ
3520 4383 3787 4440 πλεονέκτας

2269 4487 2366 4540 καὶ
2413 4477 2770 4555 μιαιφόνους,
2823 4482 3069 4554 εὐχερῶς
3116 4480 3570 4554 παροργίζεσθαι,
3609 4475 3690 4530 καὶ
3722 4471 3788 4524 θυι

2273 4576 2508 4648 μοῦσθαι
2563 4575 2764 4650 ῥᾳδίως
2789 4591 2804 4606 ⁸
2840 4573 2955 4629 ἀλλ’
2983 4574 3117 4628 ὅταν
3161 4572 3250 4627 διὰ
3293 4573 3395 4644 τῆς
3443 4563 3786 4632 ἐπιεικεστέρας

2269 4667 2554 4736 ἀξιώσεως
2593 4667 2688 4720 καὶ
2742 4665 3090 4736 συμϐουλῆς,
3123 4667 3221 4720 καὶ
3263 4665 3366 4738 τῆς
3407 4661 3694 4735 πραοτέρας
3711 4650 3785 4705 τῶν

2269 4758 2502 4832 Γραφῶν
2523 4759 2870 4830 εἰσηγήσεως
2892 4756 3154 4830 οὐδεμίαν
3174 4757 3378 4812 ἐκεῖνοι
3407 4750 3685 4828 μεταϐολὴν
3698 4746 3784 4796 ἐπι-

2255 4851 2582 4906 δείκνυνται
2616 4851 2754 4922 πρδς
2785 4851 2847 4904 τὸ
2888 4851 3140 4922 κρεῖττον
3167 4864 3181 4878 °
3205 4848 3506 4920 τηνικαῦτα
3544 4843 3632 4914 τὴν
3651 4850 3786 4906 τομω·

2269 4945 2436 5016 τέραν
2468 4944 2565 4998 τοῦ
2619 4942 2795 5014 θυμοῦ
2825 4942 2923 4997 καὶ
2967 4942 3066 5013 τῆς
3088 4941 3307 5004 δικαίας
3335 4939 3508 5011 ὀργῆς
3532 4923 3782 5008 μεταχειρί-

2271 5035 2462 5102 ζεσθαι
2491 5037 2772 5106 μάχαιραν
2797 5035 2878 5096 είς
2903 5033 3146 5104 ἐκτομὴν
3169 5031 3272 5101 τῆς
3291 5031 3515 5085 ἐκείνων
3534 5021 3784 5094 πωρώσεως

2271 5127 2364 5182 καὶ
2421 5126 2681 5190 λάξευσιν
2736 5125 2838 5194 τῆς
2889 5123 3148 5186 λιθώδους
3181 5122 3412 5192 καρδίας
3438 5115 3574 5174 κατά
3597 5108 3782 5182 τὴνέπιο

2272 5223 2489 5290 στήμην
2546 5218 2657 5272 τῶν
2711 5217 2912 5288 ἰατρῶν
2940 5231 2953 5246 ·
2988 5216 3040 5271 οἳ
3099 5216 3371 5287 πρότερον
3443 5207 3668 5298 excreat;
3705 5210 3782 5298 “it-Ol

2270 5313 2366 5368 καὶ
2402 5312 2748 5382 ’μαλάγμασι
2805 5309 2906 5374 τὰς
2957 5309 3198 5382 οίδήσεις
3249 5309 3347 5362 καὶ
3397 5297 3681 5376 φλεγμονὰς
3704 5297 3782 5342 τῶν

2269 5405 2608 5477 τραυμάτων
2633 5403 3049 5475 καταπραΰνειν
3073 5401 3378 5472 πειρῶνται
3401 5398 3492 5453 καὶ
3519 5384 3782 5467 μεταφέρειν

2271 5499 2410 5570 πρὸς
2461 5498 2649 5570 ρὦιν.
2681 5498 2852 5552 Ὅταν
2902 5495 2961 5550 δὲ
3009 5493 3249 5566 χαλεπὸν
3297 5491 3360 5546 τὸ
3411 5488 3572 5550 πάθος
3594 5478 3780 5570 ὑπάρξον

2271 5563 2580 5661 ὑπερϐαίνῃ
2604 5590 2702 5654 τὰς
2735 5563 3094 5658 ἁπαλωτέρας
3128 5585 3226 5640 καὶ⁹
3265 5583 3564 5658 πραοτέρας
3593 5563 3781 5641 ἶατρείαῖ
