3992 6376
568 337 706 402 ῙὉΟἹ

1673 337 1734 396 S.
1777 335 2158 395 GREGOHII
2218 334 2734 398 AGRIGENTINI

3665 338 3763 410 nos

570 453 736 524 1.78
761 467 884 506 esse
905 449 1177 519 sapientes
1209 447 1476 511 homines,
1498 449 1590 516 qui
1625 448 1852 502 minime
1875 447 1981 502 hcc
2009 445 2148 501 aﬂir-

2257 464 2358 510 τας
2372 449 2506 519 μηδὲ
2525 447 2632 502 τῶν
2656 449 2728 518 dt].
2738 446 2878 518 ύχων
2895 447 3422 519 καταψευδομένους,
3437 450 3668 519 ἀφιέντας
3677 459 3764 522 τοὺς

555 556 738 607 ment,
763 551 857 597 aut
883 540 1124 596 inanima
1159 539 1468 608 culpantes,
1494 553 1592 594 eos
1626 539 1936 602 absolvant,
1959 539 2054 608 qui
2081 539 2148 592 li-

566 637 750 688 beram
779 632 980 686 habent
1011 630 1370 692 voluntatem,
1394 617 1590 698 et'quo
1620 629 1814 682 malint
1848 627 2147 682 inclinandi

563 726 896 798 arbitrium;
941 721 1090 777 addit
1128 737 1316 776 ttunc:
1355 739 1374 772 ι
1423 720 1572 774 Bona
1599 729 1683 776 est
1713 720 1981 792 sapientia
2019 735 2148 776 cum

561 817 914 874 haereditate:
941 833 961 867 ι
985 813 1074 881 iis,
1105 813 1198 883 qui
1230 827 1528 882 supernam
1547 812 1902 882 divinamque
1927 810 2150 880 sapien-

563 911 695 964 tiam
727 909 873 964 naeti
908 915 1058 971 sunt,
1090 913 1363 976 praecepta
1401 905 1645 968 tradens,
1674 913 1736 960 ut
1782 911 1836 958 et
1860 903 1999 958 alios
2029 916 2152 956 om-

562 1017 662 1058 nes
711 986 995 1063 edoceant,
1027 1011 1230 1052 vanum
1257 995 1393 1050 nihil
1419 997 1666 1066 cogitare
1691 1003 1786 1049 aut
1817 994 1992 1064 loqur,
2050 1007 2149 1049 nec

559 1093 1192 1150 vitiatasactortucsas
1253 1087 1545 1158 opiniones
1585 1087 1868 1158 amplecti,
1917 1092 1975 1143 et
2023 1101 2149 1156 quae

563 1199 837 1254 nusquam
869 1191 1020 1249 sunt,
1053 1180 1163 1237 sibi
1200 1179 1452 1251 lingere:
1490 1189 1547 1238 at
1573 1188 1726 1236 recto
1765 1178 1954 1234 animo
1975 1187 2148 1234 natu-

570 1293 686 1334 ram
721 1291 906 1333 rerum
935 1273 1400 1343 contemplantes,
1432 1272 1650 1328 veritati
1676 1273 1908 1328 sincerae
1933 1286 2001 1328 ac
2043 1270 2151 1326 mi-

565 1372 714 1426 nime
743 1369 943 1425 fucatae
959 1367 1271 1433 adhaerere,
1293 1374 1361 1422 oet
1385 1366 1581 1422 diebus
1613 1365 1874 1420 omnibus
1917 1363 2148 1435 gloriam

565 1463 802 1520 Domino
831 1461 1095 1525 tribuere,
1120 1462 1216 1531 qui
1246 1461 1364 1515 dies
1423 1457 1720 1514 universos
1779 1470 1939 1529 pares
2013 1471 2149 1512 eon-

565 1555 764 1618 stituit,
797 1560 1072 1624 quotquot
1101 1554 1366 1607 hactenus
1412 1549 1694 1614 exstitere,
1754 1557 1810 1604 et
1838 1562 2149 1603 mensuram

563 1647 637 1704 iis
663 1645 1024 1714 ordinemque
1079 1641 1474 1714 praescripsit:
1535 1649 1652 1696 tum
1709 1654 1888 1710 neque
1941 1640 2152 1712 primos

2251 537 2601 601 αὐτεξούσιον
2635 537 2958 610 προαίρεσιν
2972 538 3220 609 ἔχοντας,
3240 540 3334 592 καὶ
3360 539 3460 608 τὴν
3487 541 3566 608 ἐφ’
3585 541 3769 617 ἑκάτερα

2254 629 2429 700 ῥοπὴν
2456 633 2829 702 κεκτημένους
2865 647 2879 661 ο
2915 631 3012 685 νῦν
3046 649 3202 702 φησι,
3235 649 3254 682 ι
3307 631 3513 702 Ἀγαθὴ
3540 635 3682 704 σοφία
3701 657 3770 708 με.

2251 721 2320 775 τὰ
2357 721 2718 794 κληροδοσίας
2747 738 2763 754 ·
2803 741 2822 774 ι
2866 723 3262 795 εἰσηγούμενος
3319 723 3448 788 τοὺς
3475 727 3571 794 τῆς
3612 727 3773 786 ἄνωθεν

2251 814 2352 868 καὶ
2375 813 2528 876 θείας
2561 813 3001 880 καταξιωθέντας
3056 815 3272 883 σοφίας,
3290 819 3388 868 καὶ
3405 815 3604 879 πάντας
3631 819 3776 886 ἄλλους

2250 904 2527 959 διδάσκειν
2567 904 2644 977 μὴ
2687 911 2896 976 μάταια
2921 905 3330 976 διενθυμείσθαι
3350 907 3448 960 καὶ
3470 905 3654 974 λέγειν,
3680 913 3776 982 μηδὲ

2249 993 2349 1058 τὰς
2379 995 2727 1067 ὲσφαλμένας
2760 996 2856 1050 καὶ
2886 996 3185 1066 καμπύλας
3215 995 3373 1062 δόξας
3433 996 3776 1068 ὑπολαμϐάνειν

2251 1089 2347 1140 καὶ
2373 1088 2442 1142 τὰ
2480 1089 2554 1158 μὴ
2589 1087 2720 1142 ὄντα
2747 1084 2992 1154 δοξάζειν
3011 1103 3026 1118 ο
3090 1086 3208 1142 ἀλλ’
3234 1087 3294 1140 ἐν
3315 1085 3577 1157 εὐθύτητι
3602 1090 3778 1160 καρδίας

2251 1179 2390 1250 πρὸς
2411 1179 2511 1250 τὴν
2545 1178 2712 1248 φύσιν
2743 1178 2856 1233 τῶν
2884 1179 3229 1251 πραγμάτων
3257 1177 3782 1254 ducat-immtng-

2253 1269 2378 1324 σθαι
2409 1273 2510 1342 τῆς
2557 1269 2729 1336 δντως
2777 1268 2949 1340 ούσης
2973 1269 3256 1341 ἀληθείας,
3307 1269 3404 1322 καὶ
3435 1267 3666 1334 δοξάζειν
3713 1273 3784 1342 μὲν

2251 1361 2310 1414 ὲν
2344 1361 2550 1425 πάσαις
2580 1361 2702 1426 ταῖς
2730 1359 2972 1431 ἡμέραις
2998 1359 3090 1413 τὸν
3128 1357 3334 1429 Κύριον
3363 1358 3459 1412 τὸν
3523 1361 3580 1415 ὲν
3627 1361 3784 1432 ἰσότητι

2252 1451 2434 1516 πάσας
2467 1451 2856 1524 ὑποστήσαντα
2885 1450 2986 1516 τὰς
3016 1451 3258 1522 ἡμέρας,
3298 1451 3431 1504 ὅσον
3451 1443 3584 1522 ἧκεν
3603 1453 3674 1516 είς
3715 1456 3784 1520 γέ.

2250 1560 2398 1599 νεσιν
2429 1545 2526 1598 καὶ
2545 1544 2790 1614 φυσικὴν
2807 1541 3070 1616 ὕπαρξιν,
3096 1541 3265 1598 καὶτὸ
3295 1543 3501 1613 μέτρον
3514 1543 3608 1612 τῆς
3629 1544 3782 1606 τάξεως

2201 1705 2205 1708 _
2251 1636 2348 1692 καὶ
2379 1637 2520 1708 μήτε
2551 1637 2654 1700 τὰς
2679 1638 2876 1709 πρώην
2903 1638 3044 1710 μήτε
3065 1637 3164 1700 τὰς
3184 1637 3428 1706 ἐσχάτας
3455 1636 3784 1707 διῃρημένοις·

557 1752 744 1809 neque
768 1747 1074 1807 postremos
1103 1733 1458 1790 distinctione
1487 1733 1712 1788 inducta
1755 1732 1932 1789 bonos
1958 1732 2148 1804 appel-

2253 1727 2468 1797 ἀγαθὰς
2499 1727 2810 1799 ὀνομάζειν,
2845 1727 2986 1784 ἀλλὰ
3018 1727 3203 1791 πάσας
3236 1725 3455 1791 ἁπλῶς,
3490 1729 3563 1792 ώς
3587 1730 3641 1796 ἐξ
3690 1731 3784 1796 ἁγα-

566 1799 702 1894 lare,
733 1799 829 1882 sed
854 1839 1052 1882 omnes
1075 1824 1720 1894 simpliciterytanquam
1747 1839 1815 1879 ex
1843 1799 2148 1895 bono-pro-

2253 1817 2350 1873 θοῦ
2379 1818 2688 1888 γεγονυίας,
2715 1818 2809 1877 καὶ
2827 1817 3119 1888 γινομένας
3155 1817 3246 1870 διὰ
3271 1819 3374 1890 τῆς
3399 1818 3626 1890 ἡλιακῆς
3660 1824 3785 1891 φορᾶς

553 1920 819 1986 ﬂuentes,
849 1925 905 1974 et
928 1932 1099 1974 cursu
1128 1917 1263 1973 solis
1307 1931 1372 1973 ac
1439 1926 1590 1983 motu
1656 1917 2105 1988 circumscriptos
2135 1935 2150 1972 :

566 2011 729 2069 simul
768 2019 824 2066 et
845 2010 1116 2065 virtutem
1147 2017 1204 2064 et
1230 2009 1435 2071 vitium
1483 2010 1554 2064 ab
1625 2009 1870 2064 humano
1921 2008 2153 2063 arbitrio

565 2103 826 2174 pendere,
865 2114 929 2156 ac
975 2109 1265 2172 propterea
1327 2109 1435 2157 tam
1484 2109 1734 2172 pacatam
1784 2114 2154 2171 serenamque

555 2195 853 2253 hominum
909 2193 1104 2259 vitam,
1168 2209 1334 2264 quam
1393 2193 1766 2250 turbulentam
1831 2193 2153 2248 eorumdcm

570 2303 634 2344 ac
677 2285 1075 2342 tumultuosam
1102 2283 1478 2341 conditionem
1522 2303 1537 2340 :
1588 2293 1646 2339 ut
1674 2287 1932 2341 virtutem
1966 2285 2150 2357 magni

557 2375 1275 2448 ‘faeiontes,improbitatem
1311 2387 1572 2448 tanquam
1601 2378 1978 2434 detestabilem
1998 2393 2156 2434 areu-

571 2480 786 2528 seutur.

641 2561 744 2630 Qui
776 2563 944 2632 igitur
963 2557 1290 2630 sapientiam
1333 2572 1362 2612 a
1401 2557 1511 2613 Deo
1565 2557 1798 2628 accepit,
1851 2572 1962 2612 non
2033 2573 2153 2613 eam

545 2657 675 2714 "sibi
712 2658 805 2712 uni
837 2656 1141 2714 attribuere
1169 2655 1334 2710 debet
1401 2669 1466 2714 ac
1520 2653 1994 2716 circumscribere,
2058 2655 2158 2727 sed

568 2751 738 2808 \eluti
773 2751 1007 2822 diligens
1039 2749 1264 2819 quidam
1311 2745 1708 2818 paterfamilias
1764 2757 1819 2803 et
1857 2747 2152 2802 liberorum

572 2856 786 2910 amans,
837 2857 957 2898 eam
1008 2841 1226 2898 ceteris
1276 2854 1498 2910 quoque
1555 2839 1897 2904 hominibus,
1951 2848 2154 2909 quanta

449 2951 456 2958 ·
569 2935 742 2991 menti
771 2931 942 2988 indita
969 2932 1154 2998 fuerit,
1186 2931 1421 3002 singulis
1449 2931 1804 2994 distribuere,
1869 2942 1930 2986 ut
1979 2931 2158 2986 mani-

571 3021 714 3078 festo
746 3020 884 3076 bona
912 3031 969 3076 et
997 3019 1265 3075 habeatur
1300 3020 1716 3076 et-nomiuetur.
1751 3016 1888 3074 Nam
1957 3018 2158 3074 habere

2243 1911 2350 1976 ,καὶ
2384 1913 2654 1981 κινήσεως
2676 1926 2690 1941 ’
2723 1911 2932 1982 ἀρετὴν
2957 1909 3016 1966 δὲ
3049 1911 3142 1964 καὶ
3165 1909 3372 1964 κακίαν
3399 1910 3784 1983 ἐξηρτῆσθαιτῆς

2253 2003 2608 2076 ἀνθρωπίνης
2630 2004 2881 2074 γνώμης,
2909 2002 3010 2056 καὶ
3041 2003 3188 2056 κατὰ
3215 2002 3277 2056 τὺ
3311 2002 3630 2066 ἀκόλουθον,
3673 2005 3784 2076 εἰρη-

2257 2096 2412 2152 ναίαν
2446 2096 2541 2150 καὶ
2567 2095 2918 2166 γαληνιῶσαν
2949 2095 3312 2158 κατάστασιν,
3348 2095 3448 2149 καὶ
3516 2094 3682 2165 μέντοι
3721 2101 3784 2150 καὶ

2252 2186 2546 2258 ταραχώδη
2588 2188 2683 2242 καὶ
2715 2185 3025 2258 πολεμικὴν
3055 2183 3340 2240 πολιτείαν
3380 2201 3396 2216 ·
3429 2186 3516 2238 ἴνα
3550 2187 3668 2257 περὶ
3699 2187 3785 2240 πολ-

2256 2277 2348 2332 λοῦ
2377 2279 2646 2339 ποιῶνται
2679 2278 2781 2350 τὴν
2807 2277 3034 2348 ἀρετὴν,
3081 2276 3330 2346 φεύγωσι
3391 2275 3451 2330 δὲ
3484 2276 3582 2348 τὴν
3641 2278 3784 2331 κακίαν

2254 2371 2332 2435 ὡς
2361 2371 2662 2442 στυγητὴν.

2338 2551 2398 2606 ’0
2429 2551 2613 2606 τοίνυν
2643 2555 2710 2606 ὲκ
2737 2550 2871 2610 Θεοῦ
2909 2550 3112 2620 σοφίαν
3140 2549 3346 2617 λαϐὼν,
3394 2555 3598 2625 ἥκιστα
3633 2551 3784 2626 ταύτην

2255 2645 2460 2714 ὀφείλει
2509 2643 2772 2721 διορίζειν
2803 2645 2901 2708 καὶ
2963 2647 3334 2718 περιγράφειν
3367 2651 3451 2714 εἰς
3501 2649 3684 2704 ἑαυτὸν
3723 2653 3783 2704 καί

2260 2738 2444 2808 μόνον,
2476 2737 2592 2792 ἀλλ’
2628 2733 2742 2794 οἷόν
2755 2755 2842 2803 τις
2877 2738 3192 2812 φιλότεκνος
3219 2743 3414 2816 πατὴρ
3446 2743 3539 2797 καὶ
3565 2744 3784 2814 φιλόστορ-

2257 2844 2374 2897 γος,
2405 2829 2686 2901 διανέμειν
2714 2831 2884 2886 αὐτὴν
2933 2833 3030 2891 καὶ
3090 2835 3260 2888 πᾶσιν
3297 2833 3488 2900 ἄλλοις
3541 2837 3783 2908 ἀνθρώποις

2257 2921 2382 2979 ὅσον
2407 2915 2544 2993 ἧκεν
2564 2923 2645 2986 είς
2677 2921 2925 2994 γνώμην,
2965 2925 3056 2983 ἵνα
3087 2923 3364 2996 λογίζοιτο
3423 2928 3522 2982 καὶ
3545 2931 3784 3000 κατονομὰ-

2259 3012 2408 3080 Cone
2419 3015 2608 3085 σαφῶς
2623 3016 2826 3088 ἀγαθή.
2843 3017 2918 3070 Τδ
2939 3017 3050 3090 γὰρ
3063 3019 3153 3090 ἔχε
3161 3037 3210 3075 ιν
3237 3021 3464 3090 σοφίαν,
3481 3023 3575 3076 καὶ
3588 3023 3654 3094 μὴ
3666 3039 3784 3078 κατα·

561 3113 922 3184 sapientiam,
962 3122 1020 3168 et
1054 3113 1196 3168 hanc
1225 3112 1384 3182 quasi
1426 3111 1797 3167 hereditatem
1835 3126 1943 3166 non
1972 3121 2148 3166 trans-

2260 3107 2363 3178 κλη
2373 3108 2609 3178 ροδοτεῑν
2627 3109 2799 3180 αὐτὴν
2817 3109 2911 3165 καί
2927 3126 3071 3165 τισιν
3081 3111 3284 3178 ἄλλοις,
3311 3114 3421 3168 οὐκ
3443 3114 3669 3172 ἔστι-τῶν
3691 3116 3785 3181 ἀγα-

574 3205 793 3262 mittere
851 3204 918 3258 ad
947 3203 1106 3270 alios,
1155 3203 1428 3258 bonorum
1461 3203 1650 3272 utique
1682 3217 1792 3258 non
1845 3212 1949 3258 est.
2009 3200 2148 3258 Nam

2259 3199 2391 3255 θῶν.
2430 3198 2818 3265 Ἀπεικάζεται
2847 3199 2956 3273 γὰρ
2977 3201 3008 3255 ό
3034 3200 3280 3267 τοιοῦτος
3311 3205 3416 3258 καὶ
3440 3204 3706 3276 προφανῶς
3725 3204 3782 3268 ἐξ·

559 3295 668 3368 qui
701 3296 809 3351 hoc
829 3293 980 3360 facit,
1020 3293 1222 3350 similis
1253 3304 1340 3352 est
1365 3304 1422 3349 et
1453 3293 1613 3364 plane
1647 3293 2050 3364 comparandus
2075 3295 2148 3360 ei,

559 3387 664 3459 qui
696 3403 888 3454 unum,
914 3386 1060 3458 quod
1091 3395 1404 3457 acceperat,
1457 3386 1724 3441 talentum
1758 3387 1831 3442 ob
1861 3387 2152 3458 segnitiem

553 3489 628 3535 'et
653 3478 1059 3552 ignaviamsub
1086 3488 1230 3533 terra
1265 3477 1536 3535 condidit.
1564 3476 1670 3544 Qui
1695 3492 1827 3532 vero
1859 3493 1982 3534 eam
2005 3477 2153 3534 mul-

569 3573 642 3628 tis
672 3571 794 3628 aliis
827 3569 1020 3626 dividit
1041 3576 1097 3624 et
1125 3577 1389 3639 tanquam
1435 3567 1811 3624 haereditatem
1867 3569 2054 3636 tradit,
2083 3569 2151 3624 il-

568 3666 686 3721 lum
711 3663 978 3728 imitatur,
1009 3660 1104 3730 qui
1129 3659 1336 3716 talenta
1364 3661 1630 3730 quinque,
1659 3659 1866 3730 quique
1893 3660 2006 3716 duo
2057 3675 2152 3717 ac-

569 3755 734 3828 cepit,
759 3762 816 3810 et
859 3752 1051 3809 sedulo
1077 3753 1424 3822 honestoque
1451 3750 1685 3807 consilio
1719 3749 1932 3807 lucrum
1959 3766 2150 3808 eorum

569 3847 724 3907 auxit
760 3861 826 3905 ac
853 3843 1170 3914 duplicavit.
1203 3841 1362 3910 Quod
1393 3843 1616 3913 sapiens
1663 3841 2028 3903 Ecclesiastes
2073 3841 2148 3898 si-

569 3939 830 4010 gniﬁcare
863 3953 992 3996 cum
1025 3935 1208 4002 vellet,
1253 3937 1332 3995 ait
1363 3952 1378 3991 :
1405 3952 1426 3990 ι
1466 3933 1534 3991 Et
1553 3934 1796 4006 amplius
1830 3934 2148 3992 videntibus

569 4032 764 4093 solem.
805 4049 826 4086 ι
857 4029 961 4096 Qui
994 4029 1139 4086 enim
1173 4027 1358 4088 datam
1388 4026 1496 4086 sibi
1529 4027 1794 4086 divinitus
1823 4027 2149 4098 sapientiam

567 4123 840 4192 dispertit,
873 4121 920 4177 is
969 4120 1172 4178 bonum
1226 4133 1448 4189 quoque
1491 4125 1776 4188 acceptum
1817 4117 2147 4188 'ampliticat,

555 4213 833 4272 talentum
869 4211 1170 4282 adaugens,
1203 4211 1406 4288 quippe
1430 4211 1527 4281 qui
1578 4209 1764 4266 erudit
1821 4211 2047 4277 multos,
2094 4219 2151 4264 et

568 4306 701 4361 dum
733 4304 918 4374 plures
945 4318 1158 4368 eorum,
1181 4303 1278 4372 qui
1325 4302 1500 4362 solem
1549 4303 1699 4361 hunc
1759 4302 2146 4373 aspectabilem

572 4397 878 4460 intuentur,
927 4396 993 4455 ad
1025 4410 1180 4454 veras
1209 4394 1525 4454 sententias.
1547 4402 1604 4452 et
1623 4394 1925 4464 Spiritalem
1978 4395 2146 4448 vitam

2247 3291 2540 3363 -ωμοίωται
2563 3291 2642 3362 τῷ
2658 3291 2876 3346 λαϐόντι
2900 3293 2962 3346 τὸ
2983 3291 3043 3348 ἓν
3066 3292 3330 3348 τάλαντον
3352 3295 3451 3349 καὶ
3470 3297 3784 3366 καταχώσαντι

2247 3383 2347 3440 -διὰ
2377 3384 2667 3456 ῥᾳστώνης
2697 3385 2802 3439 «καὶ
2821 3384 3098 3458 ῥᾳθυμίας
3136 3386 3219 3452 εἰς
3247 3387 3378 3457 γῆν.
3423 3387 3484 3442 '0
3497 3387 3552 3442 δὲ
3573 3387 3784 3456 διανέμων

2244 3476 2429 3548 ,αὐτὴν
2462 3477 2563 3531 ’καὶ
2593 3476 2837 3546 κατακλη
2846 3476 3078 3547 ροδοτῶν
3115 3479 3212 3548 καὶ
3223 3479 3449 3545 πολλοῖς
3477 3480 3663 3546 ἄλλοις,
3682 3480 3783 3533 ἔοικε

2256 3566 2336 3638 τῷ
2363 3565 2584 3620 λαδόντι
2615 3568 2778 3622 πέντε
2807 3567 3052 3628 τάλαντα
3078 3569 3175 3624 καὶ
3195 3569 3266 3624 τὰ
3300 3569 3423 3638 δύο,
3456 3573 3548 3626 καὶ
3572 3571 3653 3626 διὰ
3676 3571 3782 3642 φιλο-

2257 3656 2424 3710 πόνου
2451 3657 2548 3710 καὶ
2596 3656 2890 3726 φιλοκάλου
2943 3659 3324 3729 προαιρέσεως
3385 3661 3670 3732 αὑξήσαντι
3719 3660 3782 3714 καὶ

2255 3749 2677 3805 διπλασιάσαντι
2702 3749 2762 3804 τὸ
2793 3749 2984 3821 κέρδος
3011 3747 3212 3807 αὐτῶν.
3245 3753 3435 3826 Ὅπερ
3477 3753 3783 3824 αἰνιττόμενος

2255 3843 2284 3896 ό
2319 3841 2483 3913 σοφὸς
2509 3841 2967 3915 Ἐκκλησιαστὴς,
3000 3839 3125 3896 εῐπε
3151 3861 3166 3876 ο
3199 3863 3220 3896 ι
3261 3846 3378 3900 Καὶ
3417 3845 3688 3918 περισσεία
3706 3847 3782 3904 τοῖς

2257 3933 2527 4006 θεωροῦοι
2555 3934 2648 3990 τὸν
2683 3935 2858 4006 ἥλιον.
2899 3953 2918 3986 ο
2971 3934 3032 3990 '0
3063 3939 3177 4008 γὰρ
3225 3937 3574 4010 κληροδοτῶν
3603 3936 3686 4009 τὴν
3724 3935 3780 3988 δε-

2253 4025 2491 4098 δομένην
2513 4027 2664 4099 αὐτῷ
2711 4027 2904 4097 σοφίαν
2935 4027 3123 4084 θεόθεν
3149 4029 3246 4083 καὶ
3293 4031 3614 4102 περισσείαν
3651 4031 3716 4092 είς
3741 4028 3780 4078 τὸ

2255 4115 2462 4184 ἀγαθὸν
2504 4114 2909 4188 ἀπεργάζεται,
2951 4117 3456 4186 πολλαπλασιάζων
3479 4121 3540 4174 τὸ
3560 4119 3778 4178 τάλαντον,

2257 4207 2355 4262 ἅτε
2393 4207 2460 4280 δὴ
2489 4209 2786 4274 συνετίζων
2809 4209 3060 4275 πολλοὺς,
3103 4211 3199 4264 καὶ
3247 4212 3389 4281 πρὸς
3422 4211 3634 4284 ἀληθεῖς
3669 4207 3778 4272 δόξας

2257 4299 2351 4355 καὶ
2402 4301 2784 4372 πνευματικὰς
2809 4302 3178 4369 καταστάσεις
3211 4302 3681 4376 ὲφελκόμενοςτῶν
3695 4299 3777 4372 pu-

2257 4391 2470 4446 πόντων
2517 4393 2609 4447 τὸν
2643 4392 2904 4464 αἰσθητὸν
2938 4393 3091 4464 ἥλιον
3115 4393 3330 4466 τοῦτον,
3387 4396 3484 4450 καὶ
3515 4397 3608 4468 τὴν
3665 4392 3774 4457 δόξαι

557 4489 839 4559 perducit,
891 4485 1052 4558 179
1098 4487 1265 4544 simul
1293 4485 1399 4544 κυσί
1457 4487 1688 4558 gloriam
1733 4502 1924 4543 eorum
1975 4487 2148 4542 salute

2255 4480 2348 4535 τοῦ
2383 4481 2518 4536 Θεοῦ
2545 4483 2636 4540 διά
2663 4483 2764 4553 τῆς
2798 4484 2950 4553 σφῶν
2985 4485 3257 4558 σωτηρίας
3280 4487 3553 4552 ensem.
3587 4481 3691 4542 Οἷον
3704 4483 3773 4551 γάρ

557 4581 820 4652 adauget.
847 4580 986 4634 Nam
1020 4579 1182 4634 veluti
1215 4579 1408 4634 umbra
1427 4579 1661 4648 quadam
1691 4579 1809 4634 sive
1837 4587 2149 4648 legumento

557 4671 852 4742 sapientiae
883 4686 996 4729 sua:
1019 4669 1089 4724 ab
1136 4679 1494 4730 externorum
1547 4657 1896 4740 captionibus
1940 4677 2144 4736 tuetur,

568 4764 720 4820 etab
759 4772 896 4820 aestu
949 4761 1158 4841 peccati
1186 4770 1352 4831 atque
1409 4761 1700 4830 impiarum
1749 4762 2145 4832 cogitationum

569 4851 844 4918 immunes
870 4858 1112 4922 praestat.
1151 4849 1218 4905 Et
1244 4851 1348 4906 hoc
1378 4851 1572 4920 utique
1600 4851 1720 4907 sine
1768 4853 2144 4910 controversia

567 4951 675 5007 est,
719 4940 866 5010 quod
902 4939 1088 4995 addit:
1123 4958 1140 4992 ι
1173 4938 1310 5006 Quia
1339 4939 1393 4993 in
1439 4939 1632 4995 umbra
1680 4941 1798 5010 ejus
1853 4941 2143 5012 sapientia,

567 5031 710 5087 sicut
741 5031 935 5085 umbra
965 5029 1176 5101 argenti
1206 5047 1221 5099 ;
1269 5048 1287 5080 ι
1322 5029 1789 5102 quemadmodum
1843 5032 1990 5086 enim
2050 5034 2142 5102 qui

568 5125 710 5182 dona
745 5121 980 5180 aﬂeruut
1007 5134 1059 5177 et
1091 5130 1376 5193 argentum
1403 5122 1534 5177 dant
1578 5121 1648 5178 iis
1679 5137 1710 5176 a
1759 5121 1964 5194 quibus
2019 5123 2143 5179 laedi

569 5221 818 5284 possunt,
852 5213 939 5268 vel
969 5213 1273 5282 periculurn
1303 5221 1386 5268 est
1453 5227 1522 5268 ne
1546 5213 1838 5282 laedantur,
1867 5215 1954 5270 vel
1978 5217 2144 5285 aqui-

567 5313 670 5360 bus
699 5304 899 5374 captivi
937 5305 1204 5358 habentur
1231 5314 1288 5360 et
1338 5305 1485 5360 male
1541 5315 1810 5362 vexantur
1850 5317 1907 5362 at
1954 5309 2143 5379 pejora

567 5395 624 5448 in
663 5393 780 5460 dies
814 5402 1084 5461 metuunt,
1116 5393 1277 5464 quasi
1316 5395 1511 5451 umbra
1572 5397 1826 5466 protecti,
1889 5399 2145 5470 nequitia:

565 5501 754 5544 eorum
788 5494 982 5542 aestum
1008 5487 1236 5551 evitant,
1269 5496 1325 5543 et
1356 5487 1723 5560 periculorum
1753 5489 1956 5546 ﬂuctus
2011 5491 2145 5548 etfu-

556 5577 720 5648 giunt
765 5595 778 5631 :
815 5577 896 5631 sic
923 5585 978 5632 et
1019 5579 1218 5634 divinae
1251 5579 1536 5649 sapientia:
1585 5579 1908 5638 distributio
1947 5592 2144 5640 ettan-

563 5685 730 5740 quam
765 5670 1100 5726 hmreditatis
1121 5670 1342 5737 divisio,
1409 5687 1536 5728 cum
1583 5673 1790 5728 umbrae
1855 5675 2028 5731 instar
2069 5679 2139 5732 ab

560 5768 698 5816 testu
725 5768 973 5830 protegat
1031 5769 1258 5820 tentata:
1314 5763 1517 5818 mentis
1547 5773 1602 5818 et
1631 5765 1990 5821 allicientiuni
2056 5770 2138 5823 vi-

2251 4589 2359 4626 τινι
2393 4575 2522 4646 σκιᾷ
2554 4575 2676 4646 ἦτοι
2703 4577 2766 4646 τῇ
2801 4575 2978 4648 σκέπῃ
3023 4575 3124 4646 τῆς
3154 4577 3349 4646 σοφίας
3381 4579 3550 4632 αὑτοῦ
3573 4578 3668 4631 τῶν
3711 4573 3773 4627 ἀλ-

2250 4663 2498 4735 λοφύλων
2540 4665 2944 4736 ἐνθυμημάτων
2978 4665 3208 4739 ἐξαιρεῖ,
3273 4669 3369 4722 καὶ
3411 4670 3506 4722 τοῦ
3554 4667 3773 4722 καύσωνος

2249 4757 2652 4830 ἀπολυτροῢται
2675 4759 2778 4830 τῆς
2803 4760 3101 4830 ἁμαρτίας,
3131 4763 3227 4815 καὶ
3261 4761 3370 4828 τῶν
3400 4761 3610 4816 άσεσῶν
3662 4757 3772 4812 ἐνθυ-

2253 4849 2495 4922 μήσεων.
2557 4849 2673 4904 Καὶ
2718 4851 2878 4908 τοῦτό
2936 4855 3088 4908 ἐστιν
3146 4853 3287 4925 ἄρα.
3322 4853 3512 4925 σαφῶς
3563 4855 3592 4908 ὅ
3633 4866 3770 4923 φησιν,

2245 4959 2275 4992 ηι
2309 4942 2435 4994 Ὀτι
2469 4943 2528 4995 ὲν
2559 4945 2692 5014 σκιᾷ
2719 4943 2895 5014 αὐτῆς
2923 4947 2956 5015 ἡ
2989 4946 3177 5016 σοφία,
3220 4948 3297 5013 ὡς
3328 4949 3460 5002 σκιὰ
3512 4946 3601 5002 τοῦ
3647 4947 3772 5016 ιὶργυ⁸

2253 5032 2370 5102 ρίου
2390 5050 2406 5066 ο
2438 5051 2458 5085 ι
2509 5035 2766 5108 καθάπερ
2785 5038 2894 5110 γάρ
2924 5041 2972 5092 οἱ
3012 5040 3421 5114 προσφέροντες
3463 5041 3602 5112 δῶρα
3626 5034 3770 5092 καὶδι-

2247 5125 2428 5192 δόντες
2470 5127 2532 5181 τὸ
2565 5129 2830 5202 ἀργύριον
2863 5134 2978 5196 τοῖς
3028 5131 3352 5204 δυναμένοις
3402 5133 3500 5188 καὶ
3548 5125 3769 5201 πειρωμέι

2247 5234 2360 5280 νοις
2403 5217 2602 5282 αὐτοὺς
2639 5221 3060 5293 παραϐλάπτειν
3082 5261 3097 5286 ,
3141 5223 3174 5295 ἢ
3231 5223 3330 5279 καὶ
3385 5224 3681 5294 τατέχουσιν
3717 5215 3768 5276 ὡς

2244 5308 2629 5378 αἰχμαλώτους
2657 5312 2752 5365 καὶ
2797 5312 3172 5368 συνθλίὸουσιν
3201 5315 3298 5370 καὶ
3326 5317 3396 5370 τὰ
3442 5317 3598 5386 χείρω
3641 5324 3766 5382 προσ·

2245 5405 2582 5472 απειὶοῦσιν,
2621 5407 2699 5472 ὡς
2740 5409 2799 5460 ὲν
2831 5411 2964 5482 σκιᾷ
2995 5410 3394 5483 φυλαττόμενοι
3425 5412 3516 5466 τοῦ
3545 5409 3766 5466 καύσωνος

2243 5497 2344 5567 τῆς
2374 5497 2578 5562 κακίας
2606 5499 2788 5559 αὐτῶν
2816 5499 3226 5572 ὲκλυτροῦνται,
3261 5504 3476 5563 καὶτῶν
3501 5493 3763 5574 πειρασμῶν

2243 5589 2687 5660 διαδιδράσκουσι
2712 5591 2774 5646 τὸ
2803 5591 3098 5647 κλυδώνιον
3132 5611 3146 5624 ·
3186 5594 3330 5650 οὕτω
3369 5596 3462 5650 καὶ
3517 5595 3607 5664 τῆς
3651 5587 3763 5644 θείας

2247 5680 2440 5749 σοφίας
2473 5681 2507 5751 ἢ
2553 5681 2784 5755 διανομὴ
2819 5685 2917 5739 καὶ
2939 5685 3268 5758 κληροδοσία
3311 5688 3464 5759 δίκην
3513 5684 3650 5746 σκιᾶς
3687 5692 3758 5728 πε·

2248 5770 2587 5842 ρισκέπουσα
2615 5774 2712 5828 τοῦ
2737 5775 3024 5840 καύσωνος
3070 5778 3180 5832 τῶν
3235 5778 3438 5851 νοητῶν
3491 5766 3754 5846 πειρασὲὧν
