3992 6374
487 358 621 425 1019

1597 362 1659 420 S.
1697 361 2077 421 GREGORI‘I
2128 358 2644 420 AGRIG‘ENTINI

3585 360 3706 427 1020‘

482 479 616 534 Nam
670 479 774 534 hoc
837 479 1164 548 proverbiali
1217 493 1436 548 quoque
1495 479 1658 550 186
1701 479 1796 533 illo
1834 479 2060 534 oraculo

2175 477 2398 545 σότητος
2430 474 2839 540 ἑξολισθαίνειν,
2875 473 2969 528 καὶ
3020 475 3157 546 πρὸς
3191 476 3388 530 κακίαν
3431 469 3701 537 ἐκπίπτειν.

481 573 896 640 comprobatur,
939 573 1081 639 quod
1116 572 1231 626 ait:
1275 591 1292 621 ι
1335 570 1634 626 Comedere
1670 573 1776 626 mel
1815 574 2068 636 multum,

483 681 592 720 non
634 667 836 720 bonum
879 664 1146 733 est(8l):i
1180 665 1478 720 manifesto
1519 682 1622 719 nos
1649 667 1910 732 edocens,
1940 681 2070 720 sna-

481 757 764 811 vissimam
791 773 971 810 rerutn
999 765 1256 812 virtutem
1296 774 1404 811 non
1442 759 1563 813 sine
1597 759 1761 813 modo
1794 768 1848 814 et
1878 759 2070 814 ordine

483 849 863 915 appetendam.

552 939 709 1004 Quod
775 949 958 994 autem
1015 941 1138 995 ait:
1187 962 1206 993 ι
1259 942 1320 994 Ι·ἶι
1357 943 1467 996 noli
1517 945 1891 1013 argumentari
1944 947 2069 1014 plus

483 1049 647 1098 quam
685 1045 927 1099 oportet,
969 1055 988 1086 ι
1025 1035 1464 1092 vehementiores
1492 1039 1873 1094 contentiones
1905 1049 2070 1107 atque

484 1127 916 1196 perquisitiones
944 1129 1065 1184 sine
1100 1129 1271 1183 dubio
1297 1129 1556 1199 prohibet
1592 1139 1701 1183 tam
1732 1131 1800 1184 de
1829 1130 1915 1195 iis,
1947 1147 2070 1198 qua:

485 1218 540 1270 in
601 1217 792 1272 mutuli
843 1218 1004 1272 initio
1043 1220 1266 1274 condita
1303 1231 1638 1290 spectamus,
1665 1237 1832 1290 quam
1863 1237 1985 1289 qua:
2015 1221 2066 1273 in

482 1309 594 1364 vita
613 1310 962 1381 contingunt,
994 1312 1139 1381 quod
1164 1311 1391 1366 inutiles
1413 1327 1494 1366 eae
1521 1312 1632 1366 sint
1661 1320 1716 1366 et
1739 1327 2072 1380 supervaca-

487 1417 624 1468 nem,
659 1418 760 1457 nec
791 1404 998 1458 bonum
1051 1404 1116 1458 ad
1172 1403 1380 1458 exitum
1444 1404 1695 1458 tendant.
1747 1401 1882 1457 Nam
1935 1403 2064 1472 quid

485 1493 694 1548 homini
719 1493 963 1564 prodest,
999 1495 1132 1550 eniti
1158 1494 1309 1548 omni
1343 1509 1478 1548 cura
1507 1505 1558 1548 et
1590 1494 1800 1560 conari,
1826 1504 1885 1548 ut
1913 1509 2068 1549 asse-

486 1597 710 1657 quatur,
739 1597 874 1658 quot
903 1590 1096 1645 stadiis
1122 1600 1282 1646 terra:
1302 1590 1544 1646 ambitus
1573 1600 1628 1645 et
1659 1606 1919 1646 mensura
1935 1606 2067 1646 con-

487 1681 727 1746 ticiatnr,
757 1681 841 1733 vel
865 1690 1001 1750 quot
1035 1689 1218 1750 partes
1253 1683 1558 1747 caelestem,
1592 1697 1715 1751 quae
1741 1681 2068 1736 circumvol-

485 1771 676 1836 vitur,
734 1771 932 1825 molem
993 1772 1380 1841 distinguant,
1444 1773 1910 1843 quemadmodum
1971 1772 2066 1841 qui

485 1863 817 1933 superﬂuam
845 1873 896 1918 et
920 1880 1114 1918 vanam
1139 1865 1498 1936 astrologiam
1523 1873 1802 1929 exercent,
1826 1847 2070 1918 dividere

483 1968 551 2007 ac
576 1961 782 2007 temere
827 1968 1152 2008 enumerare
1191 1955 1438 2024 aggressi
1503 1963 1651 2009 sunt.
1717 1953 1846 2008 Haec
1902 1953 2071 2024 igitur

485 2045 820 2116 investigare
849 2047 1128 2101 curiosius
1159 2047 1384 2116 perinde
1414 2047 1668 2111 habetur,
1700 2055 1865 2116 atque
1887 2045 2068 2101 homi—

483 2152 606 2190 nem
631 2137 994 2205 argumentari
1032 2137 1311 2206 plusquam
1335 2149 1559 2206 oportet,
1586 2140 1732 2208 quod
1771 2138 1904 2191 nihil
1937 2135 2067 2191 inde

485 2229 746 2282 utilitatis
801 2227 941 2283 [erat
989 2245 1054 2284 ac
1101 2232 1420 2285 commodi:
1479 2246 1580 2285 ncc
1615 2231 1798 2286 minus
1832 2234 2067 2289 scrutari

483 2321 806 2390 diligentius
839 2333 1004 2392 atque
1051 2325 1387 2392 perquirere,
1443 2340 1542 2379 cur
1598 2325 1818 2394 pietatis
1858 2326 2069 2383 alumni

485 2411 670 2480 inopia
718 2411 988 2473 laborent.
1049 2423 1103 2470 ct
1151 2415 1348 2468 divina:
1396 2415 1624 2484 justitim
1669 2417 1906 2472 cultores
1957 2421 2068 2474 vim

488 2502 726 2556 alienam
763 2520 872 2558 non
923 2504 1207 2574 eﬂ‘ugiant.
1245 2515 1300 2559 et
1345 2507 1608 2576 periculis
1645 2508 2070 2577 quamplurimis

485 2601 648 2661 atque
685 2593 1094 2650 calamitatibus
1145 2595 1327 2650 omnis
1381 2596 1599 2664 generis
1659 2597 1856 2666 objecti
1913 2599 2066 2654 sint:

485 2684 613 2738 ntali
667 2693 848 2740 autem
901 2697 1066 2756 atque
1121 2687 1274 2757 impii
1317 2688 1570 2742 homines
1595 2690 1793 2758 opibus
1823 2691 2067 2759 aﬂluant,

484 2787 539 2831 et
562 2777 726 2832 vitam
751 2779 1077 2848 plerumque
1109 2780 1442 2834 incolumem
1484 2780 1756 2851 planeque
1790 2782 2070 2838 innoxiam

487 2870 796 2924 traducant.
854 2869 911 2924 ln
963 2870 1046 2925 his
1096 2871 1298 2940 quippe
1342 2872 1600 2926 omnibus
1629 2873 1824 2940 gratiae
1851 2874 2072 2942 agendae

488 2968 616 3013 sunt
645 2959 792 3013 bono
827 2961 1039 3014 auctori
1073 2970 1127 3016 et
1161 2963 1394 3032 sapienti
1423 2962 1670 3016 omnium
1712 2964 2066 3026 moderatori.

489 3067 590 3106 nec
626 3052 1066 3122 investigandum
1091 3053 1394 3124 quidquam
1426 3069 1493 3108 ex
1517 3053 1605 3108 his
1639 3066 1734 3108 aut
1768 3053 2072 3112 studiosius

2173 567 2343 622 Τοῦτο
2377 569 2486 638 γὰρ
2521 565 2750 636 ὲμπεδοῖ
2783 567 2876 619 καὶ
2924 567 2984 620 τὸ
3031 567 3400 638 παροιμιακὸν
3449 571 3608 624 έκεῖνο
3639 572 3708 626 λδ.

2171 676 2309 728 γιον,
2346 657 2590 728 δηλονότι
2622 656 2682 710 τὺ
2716 658 2946 725 φασκονο
3009 677 3028 708 ι
3081 659 3280 725 Φαγεῖν
3324 657 3444 726 μέλι
3491 657 3634 724 πολὺ,
3659 664 3708 714 οὔ

2172 751 2354 812 καλὸν,
2385 768 2401 800 ι
2440 749 2539 819 τὴν
2573 749 2920 818 γλυκυτάτην
2945 749 3148 819 ἀρετὴν
3191 749 3608 818 μεμετρημένως
3637 753 3712 805 καὶ

2169 841 2521 911 τεταγμένοις
2549 839 2913 909 μεταδιώκειν
2946 839 3136 907 σαφῶς
3167 839 3568 909 εἰσηγούμενος.

2248 934 2312 986 Ὃ
2348 933 2406 985 δέ
2447 945 2603 1002 φησι·
2659 951 2677 982 ι
2737 933 2848 984 Καὶ
2899 932 2974 1001 μὴ
3024 931 3244 998 σοφίζου
3298 932 3552 1000 περισσὰ,
3589 951 3606 983 ι
3636 935 3714 996 τὰς

2173 1024 2602 1094 περιεργοτέρας
2649 1021 3191 1092 πολυπραγμοσύνας
3221 1021 3318 1074 καὶ
3358 1022 3718 1092 παρεξετάσεις

2170 1116 2279 1168 τῶν
2313 1118 2370 1168 ἐν
2397 1119 2464 1184 τῇ
2495 1114 2671 1168 κτίσει
2712 1114 3132 1184 θεωρουμένων,
3163 1112 3262 1166 καὶ
3305 1112 3490 1182 μέντοι
3519 1113 3607 1166 καὶ
3629 1114 3718 1167 τῶν

2171 1207 2230 1256 ὲν
2278 1204 2356 1274 τῷ
2401 1205 2500 1274 βίῳ
2553 1201 2960 1273 συμϐαινόντων
3016 1201 3368 1272 πραγμάτων
3421 1201 3720 1271 ἀπαγορεύει

2172 1297 2475 1365 προδήλως,
2516 1296 2591 1359 ὡς
2622 1295 2915 1366 ἀνονήτους
2945 1295 3041 1348 καὶ
3073 1293 3336 1363 περιττὰς
3355 1293 3609 1363 καὶπρὸς
3637 1311 3722 1364 pq-

2169 1387 2257 1439 δὲν
2290 1387 2438 1450 τέλος
2488 1386 2694 1454 ἀγαθὸν
2735 1385 3111 1448 καταντῶσας.
3143 1385 3210 1438 Τί
3243 1383 3353 1457 γὰρ
3402 1383 3587 1452 δφελός
3627 1387 3721 1437 ἐστι

2171 1477 2250 1548 τῷ
2295 1476 2570 1547 ἀνθρώπῳ
2603 1477 2666 1530 τὸ
2711 1476 2782 1530 δι’
2821 1476 3111 1545 ἀκριϐείας
3147 1475 3618 1545 πολυπραγμονεῖν
3648 1478 3724 1528 καὶ

2170 1569 2467 1640 πειρᾶσθαι
2492 1567 2808 1638 γινώσκειν,
2839 1569 2981 1620 πόσα
3001 1566 3102 1637 τῆς
3126 1568 3229 1636 γῆς
3259 1568 3377 1619 ἐστι
3405 1567 3590 1620 στάδια
3609 1568 3725 1619 uti

2168 1661 2268 1732 τὴν
2298 1660 2658 1732 περιφέρειαν
2691 1659 2886 1729 αὐτῆς,
2925 1659 2957 1730 ἢ
2990 1659 3092 1726 τὴν
3131 1657 3492 1728 περίμετρον,
3521 1657 3552 1726 ἦ
3581 1657 3721 1710 πόσαι

2174 1755 2360 1824 μοῖραι
2391 1753 2452 1805 τὸ
2485 1752 2742 1823 οὐράνιον
2773 1751 2869 1804 καὶ
2905 1749 3422 1822 κυκλοφορούμενον
3451 1747 3726 1816 διειλήφαπι

2103 1823 2142 1876 Β
2175 1842 2358 1912 σῶμα,
2391 1841 2577 1906 καθὼς
2605 1844 2653 1895 oi
2688 1843 2788 1912 τὴν
2817 1840 3081 1913 περιττὴν
3112 1839 3204 1894 καὶ
3230 1839 3469 1910 ματαίαν
3498 1839 3727 1909 ἀστρολο-

2171 1933 2299 2002 γίαν
2327 1934 2672 2004 ἀσκήσαντες
2697 1933 2948 2004 διαιρεῖν,
2977 1934 3072 1986 καὶ
3099 1932 3282 2002 μέντοι
3306 1931 3404 1984 καὶ
3435 1931 3727 2000 παραλόγως

2171 2025 2511 2098 ἀπαριθμεῖν
2540 2025 2900 2096 ὑπειλήφασι.
2938 2024 3013 2078 Τὸ
3053 2023 3240 2077 τοίνυν
3267 2022 3496 2077 τοιαῦτα
3527 2021 3728 2095 παρεξε-

2170 2120 2376 2184 τάζειν,
2417 2137 2438 2172 ι
2475 2119 2713 2189 περισσά
2760 2116 3078 2186 σοφίζεσθαι
3123 2135 3142 2168 ο
3177 2115 3256 2187 τῷ
3294 2115 3570 2187 ἀνθρώπῳ
3609 2116 3732 2170 λελό-

2171 2228 2374 2279 γισται,
2422 2209 2510 2264 διά
2540 2210 2600 2262 τὸ
2631 2209 2802 2281 μηδὲν
2833 2209 3112 2281 εὑρίσκειν
3157 2208 3415 2262 ἐντεῦθεν
3459 2209 3730 2271 λυσιτελές.

2185 2300 2348 2354 Ἀλλά
2381 2301 2476 2354 καὶ
2509 2300 2569 2352 τὸ
2615 2300 3095 2372 πολυπραγμονεῖν
3154 2300 3250 2353 καὶ
3294 2299 3562 2370 διερωτᾷν
3590 2300 3669 2353 διὰ
3693 2301 3734 2352 τί

2169 2393 2272 2464 τῆς
2317 2393 2604 2456 εὐσεϐείας
2654 2395 2706 2446 oi
2757 2394 3018 2464 τρόφιμοι
3055 2393 3344 2456 πένονται,
3385 2392 3484 2446 καὶ
3523 2391 3616 2463 τὴν
3656 2391 3734 2445 τοῦ

2171 2483 2308 2538 Θεοῦ
2356 2484 2704 2554 δικαιοσύνην
2756 2485 2808 2536 oi
2875 2483 3271 2554 κατορθοῦντες
3345 2484 3431 2546 εἰς
3481 2482 3735 2554 ἀλλοτρίας

2170 2580 2358 2648 χεῖρας
2391 2577 2676 2646 κεχήνασι,
2711 2577 2804 2628 καὶ
2847 2576 3171 2645 πειρασμοῖς
3214 2572 3438 2644 μυρίοις
3487 2573 3582 2626 καὶ
3620 2589 3736 2624 παν-

2172 2669 2436 2732 τοδαπαῖς
2470 2667 2980 2740 καθυποϐέϐληνται
3019 2667 3265 2736 θλίψεσιν
3285 2681 3298 2694 ·
3356 2665 3661 2738 ἁμαρτωλοὶ
3688 2666 3734 2719 δὲ

2176 2763 2273 2815 καὶ
2303 2760 2586 2824 δυσσεϐεῖς
2617 2758 2930 2829 εύθηνοῦσι,
2961 2759 3060 2813 καλ⁷
3107 2758 3198 2812 τὸν
3231 2757 3483 2829 παρόντα
3507 2758 3616 2827 βίον
3636 2758 3736 2811 ἀνο-

2177 2873 2270 2910 σον
2323 2855 2398 2919 ὠς
2446 2856 2652 2909 ἐπίπαν
2699 2856 2794 2910 καὶ
2839 2855 3123 2918 παντελῶς
3170 2854 3510 2926 ἀπείραστον
3555 2853 3736 2922 διαμεί-

2177 2947 2351 2998 ϐουσι.
2387 2947 2516 3000 Δέον
2552 2947 2646 2998 ἐπὶ
2681 2947 2818 2999 πᾶσι
2847 2944 3061 3009 τούτοις
3097 2947 3449 3015 εὐχαριστεῖν
3479 2945 3556 3014 τῷ
3577 2942 3736 3010 ἀγαθῷ

2177 3039 2376 3106 ποιητῇ
2410 3037 2502 3088 καὶ
2546 3035 2809 3104 πανσόερῳ
2843 3035 3156 3107 κυϐερνήτῃ
3189 3034 3298 3086 τῶν
3325 3033 3494 3095 ὅλων,
3541 3034 3630 3086 καὶ
3653 3048 3736 3102 μην

487 3121 1128 3215 tt-ntandutn,tanquam
1165 3121 1357 3202 inutile
1399 3162 1464 3202 ac
1515 3146 1874 3217 superﬂuum.
1930 3147 2067 3204 Nam

2178 3126 2266 3180 δὲν
2296 3124 2690 3196 παρεξετάζειν
2735 3124 2978 3178 τοιοῦτον
3012 3123 3106 3178 καὶ
3151 3123 3651 3194 πολυπραγμονεῖν,
3677 3121 3736 3182 ὡς

491 3238 535 3291 si
577 3237 890 3304 huiusmodi
929 3238 1378 3294 meditationibus
1408 3249 1484 3304 te,
1519 3255 1552 3293 ο
1597 3241 1870 3308 mortalis,
1919 3240 2073 3296 addi-

491 3329 656 3395 xcris,
683 3343 746 3383 ac
777 3331 914 3384 lines
955 3329 1175 3386 virtutis
1229 3339 1614 3400 transgressus
1665 3329 1856 3397 fueris,
1917 3347 2072 3397 cave,

491 3436 558 3474 nc
605 3420 902 3490 aliquando
955 3422 1008 3475 in
1071 3422 1233 3478 verba
1265 3422 1491 3478 malitiae
1521 3423 1788 3491 declines,
1817 3431 1982 3496 atque
2006 3425 2073 3479 ad

489 3511 605 3567 vitii
647 3512 860 3568 recidas
899 3514 1067 3572 viam.

561 3674 718 3740 Quod
757 3690 886 3729 vero
917 3675 1088 3730 dicit:
1143 3695 1162 3728 ι
1202 3675 1280 3732 Ne
1325 3677 1492 3748 impie
1538 3693 1671 3749 agas
1720 3680 1976 3743 multum,
2021 3689 2076 3733 et

491 3767 602 3821 noli
641 3782 764 3823 esse
789 3767 982 3832 durus,
1013 3783 1079 3823 ne
1113 3771 1372 3826 moriaris
1409 3776 1462 3825 in
1497 3781 1746 3844 tempore
1778 3789 1886 3827 non
1925 3786 2068 3832 tuo,»

490 3870 735 3930 apertam
762 3862 1204 3917 cohortatiouem
1238 3865 1501 3930 continet,
1536 3881 1604 3920 ne
1628 3867 1794 3920 vitam
1825 3879 2072 3921 nostram

491 3952 547 4006 in
601 3952 785 4022 impiis
849 3963 1016 4023 atque
1071 3954 1348 4011 indecoris
1388 3957 1456 4011 de
1515 3957 1626 4012 Deo
1675 3957 2075 4027 quzcstionibus

491 4043 860 4104 insumamus,
908 4061 1046 4100 neve
1081 4047 1414 4102 obduratum
1457 4049 1701 4102 animum
1753 4049 2073 4113 habeamus,

490 4149 557 4189 ac
603 4135 926 4190 mutationis
975 4136 1468 4206 conversionisqne
1511 4137 1564 4191 in
1620 4138 1816 4192 melius
1848 4137 2076 4191 omnino

491 4224 897 4294 lmpatientem,
929 4241 1066 4282 neve
1111 4235 1324 4297 tempus
1357 4229 1524 4282 ullum
1550 4230 1634 4284 vel
1675 4229 1728 4284 in
1761 4230 1968 4299 rapinis
1991 4229 2075 4283 vel

495 4307 548 4370 in
580 4317 825 4374 avaritiae
855 4317 1114 4375 sordibus
1145 4321 1230 4374 vel
1251 4321 1302 4374 in
1334 4321 1667 4390 pupillorum
1690 4337 1757 4376 ac
1780 4321 2072 4377 viduarum

493 4407 778 4477 tyrannica
812 4408 1102 4464 vexatione
1132 4410 1517 4480 impendamus
1550 4430 1564 4466 :
1611 4425 1672 4466 ut
1724 4427 1814 4475 ne,
1873 4411 2074 4483 inquit,

2178 3221 2442 3290 ἀνόνητον
2483 3219 2726 3288 ύπάρχον
2759 3217 2853 3270 καῖ
2885 3217 3160 3288 περιττόν.
3207 3215 3270 3268 ΕΞ
3313 3217 3429 3286 γὰρ
3458 3216 3567 3279 τοῖς
3591 3212 3736 3268 10:05-

2175 3330 2290 3377 τοις
2339 3312 2664 3381 ύπενεχθῇς,
2713 3309 2996 3380 ἄνθρωπε,
3047 3309 3352 3378 λογισμοῖς,
3413 3309 3446 3378 ἢ
3492 3309 3614 3370 τοὺς
3656 3306 3736 3372 τῆς

2177 3404 2377 3473 ἀρετῆς
2408 3402 2654 3472 ύπερϐῇς
2691 3401 2872 3472 ὄρους,
2907 3401 3168 3471 πρόσεχε,
3211 3401 3284 3470 μή
3324 3417 3462 3454 ποτε
3494 3401 3586 3452 καὶ
3627 3397 3737 3467 πρὸς

2177 3495 2369 3562 λόγους
2415 3494 2684 3565 πονηρίας
2731 3493 3016 3566 ἐκκλίνῃς,
3065 3493 3156 3545 καὶ
3204 3492 3339 3564 πρὸς
3378 3492 3478 3562 τὴν
3526 3491 3635 3544 ὁδὸν
3659 3491 3735 3558 τῆς

2178 3589 2378 3654 κακίας
2423 3589 2684 3660 ὲκπέσῃς.

2254 3682 2318 3733 Ὃ
2346 3679 2404 3733 δέ
2439 3696 2596 3750 φησι,
2652 3700 2671 3731 ι
2708 3679 2800 3750 Μὴ
2851 3678 3131 3752 ἀσεϐήσῃς
3177 3677 3336 3743 πολὺ,
3371 3678 3466 3732 καὶ
3503 3675 3576 3747 μὴ
3611 3675 3738 3743 γίνου

2180 3772 2438 3844 σκληρὸς,
2490 3773 2579 3827 ἵνα
2613 3771 2691 3844 μὴ
2739 3769 3021 3843 ἀποθάνῃς
3055 3772 3113 3822 ὲν
3145 3769 3205 3823 ού
3239 3769 3424 3840 καιρῷ
3459 3786 3574 3834 σου,
3618 3787 3637 3820 ι
3678 3765 3736 3836 μὴ

2181 3865 2728 3935 συμπαρατείνεσθαι
2755 3863 2854 3935 τὴν
2895 3865 3035 3918 ἰδίαν
3065 3859 3211 3930 ζωὴν
3240 3864 3363 3924 ταῖς
3395 3860 3612 3915 ἀσεϐέσι
3633 3856 3737 3925 περὶ

2179 3957 2316 4012 Θευῦ
2367 3957 2461 4010 καὶ
2517 3957 2592 4027 μὴ
2643 3957 3052 4028 προσηκούσαις
3101 3954 3434 4023 ὑπολήψεσι,
3499 3951 3627 4022 μηδὲ
3660 3947 3736 4018 τὴν

2179 4049 2411 4120 καρδίαν
2437 4048 2584 4118 ἔχειν
2615 4047 3049 4117 ἀπεσκληκυῖαν,
3091 4046 3188 4099 καὶ
3223 4045 3504 4114 μηδεμίαν
3544 4041 3737 4096 ἀλλοίω-

2181 4161 2264 4196 σιν
2296 4141 2329 4212 ἢ
2364 4139 2668 4211 μεταϐολὴν
2717 4139 3118 4210 ὲπιδεχομὲνην
3157 4138 3260 4206 τὴν
3307 4135 3453 4205 πρὸς
3481 4133 3542 4188 τὸ
3583 4135 3736 4203 κρεῖτ-

2178 4246 2292 4296 τον,
2330 4230 2467 4299 μηδὲ
2519 4233 2640 4294 ταῖς
2675 4231 2951 4302 ἁρπαγαῖς
2997 4229 3090 4282 καὶ
3129 4231 3252 4290 ταῖς
3285 4227 3618 4292 πλεονεξίαις
3660 4223 3734 4274 καὶ

2180 4320 2670 4386 καταδυναστείαις
2697 4321 2806 4375 τῶν
2834 4319 3087 4392 ὀρφανῶν
3120 4321 3216 4373 καὶ
3247 4319 3440 4390 χηρῶν
3489 4316 3735 4387 ἐπιμένειν

2178 4411 2432 4482 χρονίως,
2466 4414 2772 4484 εἰσηγεῖται
2806 4411 3016 4482 σαφῶς,
3049 4411 3137 4464 ἴνα
3191 4411 3287 4482 μὴ,
3337 4411 3494 4480 φησὶ,
3540 4405 3736 4464 κάντεῦ-

494 4496 789 4552 Dominum
826 4499 995 4553 Deum
1037 4509 1188 4554 tuum
1235 4503 1418 4558 acrius
1445 4503 1510 4558 ad
1555 4503 1714 4575 187
1755 4504 1893 4557 iram
1943 4519 1972 4556 a
2020 4511 2071 4557 te

2180 4503 2271 4557 θεν
2305 4505 2537 4576 εὑρεθῇς
2567 4507 2659 4559 ἐπὶ
2689 4507 2824 4559 πολὺ
2871 4503 3228 4576 παροργίζων
3261 4503 3468 4574 Κύριον
3511 4501 3602 4554 τὸν
3627 4497 3736 4551 Θεό)

493 4589 781 4650 incitatum
815 4592 1014 4647 exinde
1051 4593 1280 4658 sentias,
1316 4604 1370 4649 et
1407 4597 1660 4665 angelum
1703 4595 1791 4649 ille
1821 4595 1919 4650 tibi
1951 4605 2074 4650 tan-

492 4700 660 4755 quam
685 4700 929 4756 praaceps
963 4685 1166 4741 fulmen
1195 4688 1476 4753 immittat,
1511 4701 1677 4758 atque
1707 4689 1887 4744 alieno
1915 4691 2076 4760 plane

490 4785 736 4846 tempore
761 4777 926 4830 vitam
961 4774 1198 4831 auferat.
1241 4775 1375 4830 Nam
1402 4777 1508 4832 hoc
1529 4787 1582 4832 et
1611 4777 1778 4830 David
1806 4779 2076 4848 propheta

492 4870 784 4924 conﬁrmat
825 4884 952 4924 cum
1009 4869 1124 4923 ait:
1187 4887 1206 4920 ι
1246 4867 1362 4924 Viri
1419 4852 1751 4940 sanguinum
1801 4887 1864 4926 ac
1898 4871 2075 4926 dolosi

491 4977 599 5016 non
671 4960 1038 5016 ditnidiabunt
1106 4960 1224 5015 dies
1283 4974 1416 5016 suos
1466 4958 1604 5030 (82).
1641 4978 1658 5012 ι
1713 4959 1791 5014 ita
1846 4962 2078 5032 subjecit

492 5051 639 5106 illico
663 5067 677 5103 :

2178 4613 2294 4658 σου,
2333 4597 2427 4650 καὶ
2473 4597 2727 4668 καθάπερ
2757 4597 2880 4651 τινα
2924 4595 3192 4666 κεραυνὸν
3227 4595 3506 4663 ἀπότομον
3537 4590 3736 4660 ἄγγελον

2177 4686 2533 4754 έξαποστελεῖ
2581 4706 2687 4756 σοι,
2735 4689 2831 4742 καὶ
2885 4688 3040 4759 παρά
3076 4689 3170 4741 τὸν
3220 4687 3531 4760 πρόσφορον
3577 4679 3736 4750 καιρὸν

2181 4781 2278 4832 καὶ
2331 4781 2684 4852 προσήκοντα
2739 4782 3057 4852 μεταστήσῃ
3111 4779 3212 4848 τῆς
3265 4776 3547 4848 παρούσης
3595 4772 3733 4840 ζωῆς-

2183 4869 2357 4924 Τοῦτο
2399 4871 2506 4943 γάρ
2559 4870 2792 4941 ἐμπεδοῖ
2823 4872 2917 4925 καὶ
2964 4870 3128 4925 Δαϐὶδ
3175 4872 3205 4922 ό
3249 4869 3536 4941 προφήτης
3562 4862 3735 4918 εἰπών’

2188 4981 2209 5014 ι
2261 4962 2490 5033 Ἀνδρες
2530 4963 2778 5032 αίμάτων
2818 4962 3262 5031 καῖ’δολιότητος
3305 4961 3368 5014 ού
3419 4960 3494 5030 μὴ
3537 4952 3736 5027 ήμισεύ·

2191 5071 2344 5107 σουσι
2370 5054 2470 5116 τὰς
2498 5055 2711 5126 ἡμέρας
2745 5053 2946 5108 αὐτῶν.
2988 5072 3008 5106 ι
3060 5051 3282 5122 Ἀμέλει
3327 5050 3508 5104 τοίνυν
3548 5046 3735 5118 ἀμέσως

2190 5146 2473 5218 ἐπήγαγεν
2495 5164 2508 5177 ·

2023 5253 2049 5324 §
2085 5253 2228 5311 xm.

566 5345 732 5400 Vens.
771 5344 972 5399 Bonum
1007 5353 1087 5398 est
1127 5343 1381 5399 inluerere
1412 5343 1467 5396 in
1510 5345 1628 5406 hoc,
1681 5352 1730 5396 et
1763 5343 1976 5414 quidem
2013 5342 2077 5396 ab

495 5439 591 5492 hoc
620 5453 682 5490 ne
711 5434 1032 5490 contatnines
1068 5451 1282 5488 manum
1317 5443 1466 5489 tuam
1485 5451 1504 5488 :
1531 5433 1782 5504 quoniam
1813 5435 1901 5505 qui
1937 5435 2080 5487 timet

481 5531 662 5620 .Deum
685 5529 979 5598 egredietur
1003 5527 1180 5580 omnia
1203 5527 1336 5596 (85).

567 5644 681 5712 (81)
721 5641 881 5696 Prov.
919 5659 1059 5708 xxv,
1098 5641 1188 5700 ‘27.
1223 5642 1290 5697 At
1322 5642 1462 5697 LXX
1510 5659 1606 5714 pro
1658 5646 1850 5711 φαγιῖν
1887 5642 2088 5696 habent

498 5714 720 5770 l30£a:v.

570 5785 681 5855 (82)
721 5784 863 5855 I‘sal.
893 5784 1103 5855 ιινέὶῖλ.
1161 5784 1227 5835 At
1275 5781 1408 5835 LXX
1465 5783 1666 5836 habent
1717 5781 2081 5851 ἡζιιετεύσωτι.

569 5853 684 5926 (sa;
727 5856 793 5910 At
825 5853 955 5907 Lm
994 5853 1198 5906 habent
1237 5855 1461 5922 Ἀγαθὸν
1494 5855 1552 5906 τὸ
1589 5855 1910 5921 ἑξντέχεσθκί
1945 5871 2001 5906 σε

2269 5347 2512 5432 Ἀγαθὸνς
2540 5347 2607 5400 τὸ
2639 5346 2996 5414 ἀντέχεσθαι
3029 5345 3098 5399 ἐν
3144 5346 3352 5409 τούτῳ,
3397 5343 3497 5395 καί
3538 5355 3599 5409 γε
3636 5331 3734 5392 ἀπὸ

2186 5439 2403 5493 τούτου
2421 5439 2506 5508 μὴ
2533 5437 2753 5507 μιάνῃς
2775 5437 2889 5506 τὴν
2913 5437 3084 5508 χεῖρά
3109 5454 3227 5498 σου
3251 5454 3262 5467 ·
3291 5436 3377 5490 ὅτι
3405 5432 3734 5503 φοϐούμενος

2188 5531 2295 5584 τὸν
2320 5531 2467 5586 Θεὸν
2486 5531 2876 5596 ἐξελεύσεται
2906 5529 2979 5583 τὰ
3007 5529 3226 5583 πάντα.

2196 5647 2459 5718 Tauron...
2528 5657 2580 5702 ct
2612 5650 2694 5702 ὅτι
2749 5646 3104 5717 φοϐουμένοις
3135 5645 3226 5700 τὸν
3269 5644 3400 5718 Θεὸν
3429 5640 3730 5718 εξελεύσεεαι

2193 5705 2506 5800 maricium.
2574 5721 2628 5772 In
2683 5704 2933 5772 St-ltoliis'
2979 5704 3172 5786 legitur
3234 5717 3309 5786 μὴ
3355 5704 3488 5784 ἀνῇέ
3531 5725 3617 5781 pm
3668 5704 3730 5774 μὴ

2199 5807 2413 5858 μιανῃς.
