3992 6382
299 372 448 442 I025

1354 371 1432 430 IN
1483 371 2064 432 ECCLESIASTEN-
2105 399 2170 406 -
2205 374 2354 433 LIB.
2397 373 2530 432 VII.

3447 373 3585 438 1026

375 485 532 540 Οὕτω
575 486 674 556 μὲν
702 478 796 540 οὖν
827 483 890 538 τὸ
931 483 1104 556 παρὸν
1153 482 1316 554 ῥητὸν
1361 482 1690 554 διεσάφησεν
1742 484 1770 536 ὁ
1801 483 1887 536 λόο

2062 483 2155 540 Sic
2203 485 2371 554 igitur
2429 485 2757 540 sententiam
2791 485 2932 540 bane
2971 501 3226 541 scrmone
3257 496 3449 544 nostro
3481 507 3584 543 cx-

302 595 423 646 γος,
453 577 549 632 καὶ
576 578 677 647 τὴν
701 577 811 632 ἀπὸ
841 576 942 647 τῆς
971 574 1126 638 θείας
1157 575 1350 644 σοφίας
1380 574 1636 647 βοήθειαν
1661 574 1896 647 ὑπερτέ-

301 687 410 741 ραν
445 667 616 732 ἔδειξε
659 668 758 737 τῆς
791 668 1055 742 ἀρρωγῆς
1088 667 1184 722 καί¹
1230 665 1328 720 τοῦ
1363 665 1742 736 συνασπισμοῦ
1785 665 1892 719 τῶν

299 761 365 812 ἐν
397 761 465 830 τῇ
495 759 646 812 πόλει
671 758 808 814 δέκα
834 759 1201 827 ἐξουσιαστῶν
1231 776 1292 813 τε
1319 758 1416 812 καὶ
1445 757 1552 812 τῶν
1593 756 1891 822 δυναστῶν,

303 846 498 912 ἁπλῶς
543 847 718 914 οὕτως
773 850 1246 922 παραληφθέντων
1292 847 1570 919 αἰσθητῶς
1616 848 1761 902 κατὰ
1799 847 1892 902 τὸν

307 941 602 1013 πρόχειρον
625 941 722 995 τοῦ
771 942 1100 1014 γράμματος
1126 941 1272 997 νοῦν.
1303 941 1369 996 Εἰ
1412 941 1471 995 δὲ
1499 940 1892 1014 βουληθείημεν

305 1034 409 1089 καὶ
435 1033 584 1088 κατά
613 1033 707 1087 τὸν
731 1033 833 1106 τῆς
859 1037 1156 1107 ἀναγωγῆς
1182 1034 1340 1103 λόγον
1363 1034 1698 1106 διασαφῆσαι
1724 1035 1788 1088 τὸ
1813 1037 1893 1089 εί-

307 1125 567 1201 ρημένον,
603 1126 771 1182 πάλιν
815 1129 913 1199 μὶν
943 1129 1299 1200 ἐκληψόμεθα
1340 1128 1436 1183 τοῦ
1465 1128 1759 1200 ἀνθρώπου
1793 1129 1894 1200 τὴν

307 1218 468 1287 φύσιν
497 1218 596 1273 καὶ
624 1218 727 1290 τὴν
759 1219 1083 1284 ὑπόστασιν,
1123 1221 1184 1274 ἐν
1297 1219 1437 1274 δέκα
1480 1221 1622 1276 εἰσιν
1661 1222 1710 1275 οἰ
1740 1220 1894 1288 ἐξου-

307 1311 612 1376 σιάζοντες,
662 1311 908 1384 δηλονότι
954 1311 1056 1384 τῆς
1085 1312 1266 1385 ψυχῆς
1295 1315 1353 1368 αἱ
1396 1313 1560 1368 πέντε
1605 1312 1891 1384 δυνάμεις,

303 1401 452 1468 νοῦς,
481 1401 713 1468 διάνοια,
743 1403 1015 1474 φαντασία
1043 1403 1141 1459 καὶ
1183 1403 1314 1470 δόξα
1345 1405 1444 1459 καὶ
1475 1403 1752 1476 αἴσθησις,
1795 1403 1894 1458 καὶ

299 1492 471 1546 πέντε
499 1491 596 1546 τοῦ
638 1492 914 1562 σώματος,
942 1495 1155 1566 ὅρασις,
1191 1494 1352 1566 ἀκοὴ,
1380 1495 1670 1566 δσφρησις,
1704 1495 1894 1564 γεῦσις

301 1583 403 1638 καὶ
429 1583 564 1656 ἀφὴ,
592 1585 659 1638 δι’
695 1579 772 1639 ὧν
803 1585 1032 1657 εὓρηται
1075 1587 1186 1652 ζῶν
1215 1587 1314 1642 καὶ
1343 1587 1767 1659 πολιτευόμενος
1799 1589 1894 1644 καὶ

295 1673 679 1746 διοικούμενος
718 1677 749 1730 δ
796 1678 951 1744 ἐντὸς
997 1679 1096 1734 καὶ
1151 1680 1311 1744 ἐκτὸς
1355 1680 1518 1752 ἡμῶν
1568 1679 1856 1752 ἄνθρωπος
1875 1695 1890 1711 °

302 1763 444 1820 ἀλλὰ
480 1764 585 1835 τῆς
611 1763 821 1822 ἀνωθεν
851 1767 1048 1837 σοφίας
1083 1767 1352 1839 ἀπούσης,
1385 1769 1540 1824 οὐδὲν
1585 1769 1893 1825 ἀπόνασθαι

301 1854 528 1918 δύναται
571 1857 684 1912 τῶν
715 1835 976 1916 τοιούτων
1027 1861 1061 1934 ἡ
1105 1835 1532 1933 παραληφθεῖσα
1563 1861 1660 1916 νῦν
1706 1862 1892 1928 πόλιςο
1924 1835 1968 1890 Β

309 1948 476 2010 παντὶ
507 1948 618 2022 γὰρ
654 1949 802 2020 σάλῳ
829 1950 926 2004 καὶ
967 1949 1198 2006 κλύδωνι
1225 1951 1333 2006 τῶν
1363 1952 1515 2023 παρὰ
1543 1950 1653 2006 τῶν
1685 1949 1893 2022 νοητῶν

304 2041 408 2100 καὶ
431 2041 542 2098 τῶν
591 2041 869 2114 αἰσθητῶν
907 2042 1191 2114 δυσμενῶν
1231 2042 1743 2115 ἀναῤῥιπιζομένων
1774 2059 1895 2114 τρι-

305 2131 529 2203 κυμιῶν
581 2131 682 2186 καὶ
734 2132 1619 2211 καταιγίδωνεκαταδαπτίζεται,
1674 2135 1770 2188 καὶ
1813 2131 1894 2206 τῷ

305 2222 457 2294 βυθῷ
486 2221 889 2279 κατολισθαίνει
915 2225 1013 2294 τῆς
1046 2225 1342 2298 ἁμαρτίας.
1377 2221 1474 2290 Οἷς
1511 2224 1572 2278 δὲ
1600 2224 1892 2296 πρόσεστιν

301 2315 340 2383 ἡ
391 2313 604 2368 ἀνωθεν
661 2311 859 2383 σοφία,
914 2312 1175 2384 βοήθειαν
1226 2314 1444 2368 δίδωσιν
1501 2315 1892 2387 ἀλκιμωτάτην

303 2405 455 2476 ’ὑπὲρ
485 2405 614 2470 τοὺς
650 2405 978 2477 εἰρημένους
1024 2405 1160 2460 δέκα
1206 2405 1334 2470 τοὺς
1379 2403 1794 2470 ὲξουσιάζοντας
1833 2408 1892 2461 ἐν

311 2501 380 2569 τῇ
412 2496 828 2570 παραληφθείσῃ
855 2497 1032 2564 πόλει,
1061 2499 1158 2552 καὶ
1186 2497 1453 2569 μηδαμῶς
1491 2499 1664 2568 αὐτὴν
1691 2498 1894 2553 διασώ-

313 2609 538 2658 σαντας.

383 2685 508 2749 Πῶς
534 2680 626 2739 οὖν
655 2684 778 2756 οὐχὶ
805 2685 866 2739 τὸ
892 2683 1077 2738 πλεῖον
1105 2684 1252 2754 ἔχειν
1282 2685 1314 2754 ἡ
1365 2684 1529 2753 σοφία
1561 2683 1893 2755 δοξασθήσε-

303 2793 398 2830 ται
426 2775 526 2845 τῆς
558 2777 901 2846 ἀντιλήψεως
951 2775 1046 2829 καὶ
1083 2775 1360 2846 βοηθείας,
1390 2775 1459 2829 δι’
1487 2771 1555 2846 ἦς
1583 2775 1894 2848 ἀπόρθητον

305 2868 400 2922 καὶ
433 2869 713 2934 παντελῶς
747 2869 1179 2939 ὰπροσμὰχητον
1222 2871 1333 2932 τοῖς
1377 2869 1694 2932 ἀντιπάλοις
1725 2871 1894 2922 ἐναπ-

305 2963 476 3032 ἐφηνε
504 2962 602 3038 τὴν
643 2963 822 3027 πόλιν,
853 2964 911 3016 ἐν
939 2956 1086 3037 ᾖπέρ
1114 2963 1267 3029 ἐστι;
1299 2960 1386 3014 διὰ
1428 2961 1589 3016 τοῦτό
1619 2979 1750 3033 φησι
1799 2964 1894 3015 καὶ

306 3054 520 3118 Παῦλος
559 3057 588 3108 ὁ
637 3053 816 3125 μέγας
867 3052 1184 3118 ἀπόστολος,
1221 3072 1242 3106 ι
1308 3055 1398 3108 Ἐν
1439 3059 1604 3126 σοφίᾳ
1653 3072 1893 3124 περιπα-

304 3148 450 3202 τεῖτε
507 3146 646 3218 πρὸς
691 3146 819 3210 τοὺς
866 3144 1101 3211 ἐξωθενο
1140 3166 1160 3198 ι
1202 3147 1394 3216 σοφίαν
1433 3145 1736 3218 ὀνομάζων,
1771 3147 1893 3218 οὐχὶ

302 3239 405 3310 τὴν
433 3241 528 3292 ἐπὶ
566 3241 634 3310 τῇ
669 3237 933 3308 ἀναλήψει
957 3237 1067 3292 τῶν
1107 3236 1342 3310 θύραθεν
1377 3239 1714 3310 μαθημάτων
1751 3237 1893 3308 λαμ-

306 3332 638 3403 σανομένην,
662 3330 800 3385 ἀλλά
824 3329 924 3402 τὴν
956 3329 1048 3384 διὰ
1075 3330 1184 3383 τῶν
1215 3330 1440 3398 ἀγαθῶν
1469 3331 1566 3384 καὶ
1587 3329 1894 3384 σπουδαίων

305 3424 488 3497 ἔργων
539 3422 1128 3495 χαρακτηριζομένην,
1163 3423 1286 3493 ἥτις
1342 3423 1590 3477 κατοικεῖ
1631 3425 1690 3476 ἐν
1730 3423 1892 3476 παντὶ

303 3515 388 3588 τῷ
413 3515 771 3588 κατορθοῦντι
812 3515 912 3586 τὴν
936 3515 1160 3583 ἁγνείαν
1189 3517 1285 3568 καὶ
1328 3515 1428 3582 τὴν
1465 3514 1759 3586 »εἰρηναίαν
1794 3530 1894 3568 κα-

303 3609 570 3666 τάστασιν
613 3606 712 3661 καὶ
752 3603 852 3678 τὴν
878 3605 1182 3660 ἐπιείκειαν
1213 3607 1308 3660 καὶ
1335 3605 1433 3677 τὴν
1457 3605 1768 3660 εὐπείθειαν
1799 3605 1894 3660 καὶ

291 3701 410 3772 τὴν
436 3697 811 3770 ἐλεημοσύνην
843 3697 1084 3762 καὶτοὺς
1113 3697 1310 3762 ἀλλους
1336 3697 1464 3762 τοὺς
1487 3695 1732 3766 ἀγαθοὺς
1760 3713 1896 3768 καρ-

307 3788 470 3852 πούς.
503 3787 604 3842 Διά
634 3787 795 3841 τοῦτο
820 3787 916 3841 καί
941 3786 1048 3840 πού
1079 3802 1245 3858 φησιν
1275 3788 1306 3857 ἡ
1334 3787 1518 3858 βίϐλος
1539 3786 1634 3840 τοῦ
1657 3787 1892 3856 ἀθλητοῦ

305 3881 411 3951 τῆς
435 3878 720 3943 εὐσεϐείας
765 3876 917 3932 Ἰὠὸσ
956 3895 976 3930 ι
1019 3872 1188 3933 Εἶπεν
1225 3879 1254 3931 ὁ
1282 3877 1415 3942 Θεὸς
1449 3877 1528 3948 τῷ
1573 3876 1848 3950 ἀνθρώπῳ
1875 3894 1890 3909 ο

320 3968 458 4024 Ἰδοὺ
489 3970 522 4039 ἡ
563 3967 844 4021 θεοσέϐεια
877 3967 998 4020 ἐστί
1047 3966 1232 4037 σοφία,
1268 3967 1330 4020 τὸ
1367 3966 1423 4020 δὲ
1453 3966 1756 4037 ἀπέχεσθαι
1785 3967 1894 4020 ἀπὸ

304 4059 501 4114 κακῶν
535 4059 685 4111 ἐστὶν
726 4058 1028 4128 ἐπιστήμη.
1089 4077 1107 4110 ι
1157 4057 1269 4128 Τὴν
1319 4057 1575 4126 τοιαύτην
1617 4054 1709 4112 οὖν
1749 4057 1894 4130 ἔχειν

309 4151 506 4219 σοφίαν
562 4151 657 4204 καὶ
693 4151 856 4221 ἡμεῖς
902 4149 1051 4221 πάσῃ
1085 4148 1314 4218 δυνάμει
1353 4150 1770 4220 σπουδάσωμεν,
1807 4151 1894 4204 ἵνα

307 4242 712 4313 περισώσωμεν
759 4240 993 4307 ἕκαστος
1020 4239 1119 4312 τὴν
1153 4240 1288 4292 ἰδίαν
1319 4239 1476 4293 πόλιν
1511 4241 1619 4294 ἀπὸ
1657 4241 1766 4294 τῶν
1799 4256 1896 4294 πο-

307 4331 676 4404 λιορκούντων
715 4331 885 4402 αὐτὴν
915 4330 1190 4403 αἰσθητῶν
1251 4331 1344 4384 καὶ
1393 4331 1598 4402 νοητῶν
1650 4333 1894 4402 ἐφέδρων

311 4425 409 4479 καὶ
439 4427 741 4496 δυσμενῶν.

1995 575 2302 642 posuimus,
2371 574 2680 644 divinaeque
2732 575 3014 645 sapientiae
3049 576 3318 631 auxilium
3352 593 3456 648 ope
3493 580 3583 634 illa

1993 673 2048 718 et
2087 663 2411 721 defensione
2444 665 2796 736 praestantius
2832 667 3202 734 ostendimus,
3251 683 3418 738 quam
3480 670 3584 724 ba-

1976 755 2124 840 'bere
2159 756 2354 812 civitas
2384 757 2566 828 possit
2595 773 2626 812 a
2647 758 2975 814 decemviris
3008 759 3062 812 in
3115 760 3233 828 ipsa
3287 760 3582 816 dominan-

1995 848 2140 902 tibus
2171 865 2186 901 :
2243 848 2413 904 verba
2445 865 2642 920 nempe
2670 849 2998 919 simpliciter
3035 859 3223 922 atque,
3265 859 3328 906 ut
3360 861 3579 913 sonant,

1993 937 2317 1006 planissime
2357 938 2720 1008 interpretati.
2757 941 2816 995 Si
2846 955 2980 996 vero
3007 941 3216 996 dictum
3251 942 3387 997 illud
3411 943 3578 998 etiam

1995 1029 2063 1083 ad
2090 1043 2362 1100 anagOges
2389 1030 2636 1085 rationes
2673 1031 2950 1102 explicare
3007 1033 3264 1100 velimus,
3321 1043 3576 1089 naturam

1993 1119 2480 1189 conditionemque
2508 1120 2746 1177 hominis
2775 1125 3202 1192 constituemus,
3241 1126 3298 1179 in
3328 1141 3438 1194 qua
3479 1127 3579 1180 de-

1992 1225 2110 1267 cem
2159 1222 2314 1278 sunt,
2337 1211 2433 1281 qui
2477 1220 2805 1282 potestatem
2839 1225 3119 1280 exercent,
3151 1217 3398 1287 quinque
3431 1217 3582 1272 scili-

1993 1311 2081 1358 cet
2108 1303 2308 1362 animae
2339 1303 2651 1369 facultates,
2695 1304 3074 1376 intelligentia,
3118 1308 3396 1379 cogitatio,
3431 1307 3577 1363 ima-

1993 1395 2221 1466 ginatio,
2265 1395 2475 1466 opinio,
2501 1411 2722 1461 sensus,
2755 1407 2813 1452 et
2844 1399 3087 1468 quinque
3108 1399 3375 1467 corporis,
3399 1399 3574 1464 visus,

1993 1487 2238 1551 auditus,
2273 1487 2562 1554 odoratus,
2612 1500 2828 1559 gustus,
2883 1497 3085 1553 tactus,
3133 1505 3256 1560 quze
3296 1491 3574 1545 hominem

1993 1578 2136 1634 intra
2163 1579 2372 1649 pariter
2393 1587 2556 1650 atque
2582 1591 2738 1635 extra
2771 1581 2953 1636 vivere
3000 1592 3055 1636 et
3100 1581 3218 1638 vice
3269 1597 3370 1638 sua
3424 1568 3574 1652 fungi

1993 1671 2314 1727 declarant:
2359 1680 2418 1726 at
2449 1673 2497 1728 si
2539 1673 2786 1727 caelestis
2837 1674 3102 1738 sapientia
3146 1673 3576 1738 abfuerityuibil

1995 1765 2121 1820 inde
2155 1765 2409 1820 utilitatis
2459 1779 2547 1828 ea,
2604 1764 2672 1819 de
2723 1781 2831 1835 qua
2889 1781 3036 1820 nunc
3087 1766 3323 1834 agimus,
3381 1767 3579 1822 civitas

1994 1857 2280 1927 percipere
2319 1865 2518 1932 potest.
2555 1855 2750 1911 Totius
2797 1856 2942 1911 enim
2981 1857 3148 1912 maris
3186 1869 3318 1912 aestu
3348 1873 3415 1914 ae
3455 1875 3581 1928 pro-

1994 1949 2150 2006 cellis
2177 1957 2231 2004 et
2260 1949 2520 2006 ﬂuctibus
2560 1951 2904 2004 internorum
2929 1949 3082 2020 191
3115 1959 3580 2022 esternorumqne

1995 2044 2238 2099 hostium
2263 2042 2451 2098 furore
2478 2041 2770 2099 concitatis
2814 2044 3089 2108 obruitur,
3148 2051 3204 2098 et
3239 2044 3314 2097 ‘in
3367 2049 3576 2115 peccati

1995 2133 2209 2204 gurgite
2255 2133 2610 2204 demergitur.
2659 2132 2870 2200 Quibus
2917 2144 3098 2188 autem
3139 2149 3372 2204 superna
3433 2137 3576 2190 adsit

1993 2225 2284 2294 sapientia,
2313 2225 2380 2279 iis
2415 2225 2590 2280 multo
2624 2223 2838 2279 ﬁrmius
2867 2224 3130 2280 auxilium
3163 2225 3386 2295 prabet,
3408 2241 3574 2296 quam

1993 2317 2184 2373 decem
2217 2317 2316 2380 illi,
2347 2332 2486 2387 quos
2517 2317 2570 2370 in
2597 2317 2702 2372 hac
2729 2318 2952 2372 civitate
2974 2325 3298 2385 potestatem
3322 2334 3578 2374 exercere

1993 2410 2256 2478 diximus,
2290 2424 2392 2466 nec
2427 2418 2610 2464 tainen
2651 2424 2872 2464 servare
2903 2417 3221 2479 potuerunt.

2065 2676 2266 2744 Quidni
2292 2693 2423 2748 ergo
2450 2678 2628 2748 majus
2650 2676 2705 2732 in
2743 2677 3009 2747 sapientia
3063 2677 3381 2748 praesidium
3417 2681 3580 2734 auxi-

1996 2771 2242 2841 liumque
2259 2771 2503 2839 positum
2534 2771 2808 2833 videatur,
2835 2769 2997 2840 cujus
3017 2785 3119 2840 ope
3144 2771 3581 2842 inexpugnabilis

1994 2872 2050 2917 et
2097 2863 2350 2918 hostibus
2403 2861 2633 2915 omnino
2690 2860 2951 2930 impervia
3009 2861 3208 2916 civitas
3237 2863 3349 2926 fiat,
3384 2863 3437 2918 iu
3469 2880 3580 2933 qua

1995 2955 2114 3022 ipsa
2171 2953 2472 3010 versetur?
2524 2959 2818 3022 pmpterca
2877 2959 2932 3005 et
2964 2951 3166 3008 Paulus
3191 2970 3421 3024 magnus
3451 2971 3584 3024 τινος

1997 3046 2177 3100 stolus
2207 3046 2330 3099 ait:
2375 3064 2394 3094 ι
2431 3045 2489 3098 ln
2539 3043 2810 3112 sapientia
2868 3045 3144 3099 amlmlate
3195 3047 3261 3099 ad
3316 3061 3434 3106 eos.
3487 3049 3582 3116 qui

1919 3175 1964 3230 α
1999 3135 2134 3192 foris
2170 3145 2299 3192 sunt
2337 3135 2419 3202 ⁶³;
2452 3155 2470 3188 ι
2507 3136 2831 3204 sapientiam
2863 3137 3145 3205 appellans
3179 3153 3287 3192 non
3303 3153 3429 3192 eam
3461 3155 3585 3208 quas

1995 3237 2351 3305 externarum
2410 3227 2827 3294 disciplinarum
2897 3228 3146 3282 subsidio
3213 3241 3582 3299 comparatur,

1997 3323 2088 3377 sed
2123 3337 2246 3392 quae
2284 3322 2578 3375 virtutibus
2611 3329 2666 3374 et
2715 3329 2861 3376 recte
2909 3319 3065 3376 factis
3088 3337 3148 3375 sc
3199 3325 3399 3391 prodit,
3441 3331 3496 3378 et
3529 3325 3584 3378 in

1996 3427 2328 3482 unoquoque
2361 3411 2592 3470 habitat.
2629 3411 2727 3482 qui
2767 3411 3091 3480 pudicitiam
3123 3421 3176 3465 et
3208 3415 3585 3467 mansuetudi-

1995 3520 2117 3558 nem
2153 3514 2208 3560 et
2239 3503 2552 3573 aequitatem
2583 3513 2636 3558 ct
2667 3502 3032 3558 obedientiam
3065 3512 3119 3556 et
3145 3503 3582 3558 misericordiam

1994 3603 2050 3650 et
2075 3601 2307 3650 caeteros
2347 3593 2524 3648 bonos
2567 3591 2780 3648 fructus
2809 3601 3178 3648 consectetur.
3223 3591 3431 3648 Idcirco
3461 3592 3586 3648 Jobi

1997 3699 2220 3756 quoque
2251 3684 2470 3740 athleta:
2505 3684 2728 3754 pietatis
2765 3683 2904 3737 liber
2935 3682 3176 3752 quodam
3209 3682 3265 3736 in
3303 3683 3428 3737 loco
3473 3683 3587 3737 haec

1996 3777 2166 3832 habet
2205 3793 2220 3832 :
2259 3794 2281 3830 ι
2321 3775 2472 3830 Dixit.
2505 3774 2651 3832 Deus
2687 3773 2905 3830 homini
2947 3791 2960 3828 :
2994 3773 3136 3829 Ecce
3165 3773 3326 3830 timor
3368 3773 3586 3830 Domini

1995 3871 2114 3936 ipsa
2146 3879 2232 3926 est
2261 3868 2649 3939 sapientia,.et
2699 3867 2959 3921 recedere
3001 3881 3030 3919 a
3093 3867 3237 3920 malo
3279 3865 3589 3934 intelligen-

1997 3959 2070 4012 tia
2085 3959 2186 4010 δε.»
2211 3957 2384 4012 Porro
2415 3954 2738 4024 sapientiam
2773 3954 3090 4022 bujusmodi
3120 3969 3220 4023 nos
3248 3955 3412 4008 etiam
3434 3956 3587 4008 ontui

1996 4047 2350 4104 contentione
2375 4046 2577 4102 habere
2603 4045 2944 4110 Studeamus,
2973 4054 3031 4098 ιιι
3051 4046 3323 4114 propriam
3353 4046 3588 4116 quisque

1997 4141 2274 4196 civitatem
2309 4140 2380 4194 ab
2419 4148 2859 4210 oppugnatorum
2908 4137 3030 4192 telis
3079 4151 3136 4192 ct
3189 4138 3432 4193 hostium
3466 4155 3590 4194 cor-

1996 4229 2148 4299 poris
2175 4237 2341 4297 atque
2369 4227 2539 4282 animi
2573 4227 2862 4284 obsidione
2895 4226 3263 4281 vindicemus.

391 4520 456 4571 "0
493 4517 552 4570 δέ
584 4535 748 4586 φησιν
774 4560 790 4584 ,
824 4534 845 4568 ι
881 4516 1008 4570 ’Ότι
1042 4514 1330 4588 ἄνθρωπος
1377 4516 1479 4571 οὐκ
1527 4515 1642 4571 ἐστι
1686 4517 1893 4584 δίκαιος

2073 4527 2230 4594 Quod
2267 4537 2450 4582 autem
2481 4527 2626 4583 addit
2663 4545 2677 4582 :
2715 4547 2734 4579 ι
2763 4526 2904 4594 Quia
2937 4529 3108 4584 homo
3142 4545 3251 4585 non
3291 4540 3375 4585 est
3400 4531 3590 4602 justus

309 4611 372 4662 ἐν
419 4611 486 4680 τῇ
534 4611 628 4680 γῇ,
679 4608 736 4671 ὃς
772 4609 990 4677 ποιήσει
1037 4607 1264 4676 ἀγαθὸν,
1315 4609 1409 4660 καὶ
1448 4609 1546 4680 οὐχ
1576 4609 1894 4683 ἁμαρτήσε-

309 4717 428 4767 ται,
469 4721 488 4752 ι
524 4701 662 4773 πρὸς
692 4700 910 4754 πλείονα
955 4699 1464 4770 ταπεινοφροσύνην
1512 4700 1728 4755 ἕλκεται
1767 4704 1896 4768 τοὺς

311 4793 637 4860 ἀκούοντας,
684 4791 822 4863 πρὸς
866 4791 928 4845 τὸ
961 4791 1104 4844 κατὰ
1135 4793 1196 4844 τὸ
1230 4793 1432 4862 μᾶλλον
1479 4791 1760 4862 ἐπιζητεῖν
1796 4793 1895 4866 τὴν

307 4884 523 4942 ἄνωθεν
559 4883 750 4952 σοφίαν
781 4886 876 4938 καὶ
923 4885 1022 4955 τὴν
1071 4883 1282 4937 ἐκεῖθεν
1317 4881 1588 4955 βοήθειαν,
1625 4885 1702 4950 ὡς
1732 4885 1894 4940 οὐδα-

313 4975 437 5048 μῶς
491 4973 834 5045 ἐξισχύοντος
891 4972 987 5027 τοῦ
1047 4972 1338 5044 ἀνθρώπου
1391 4972 1740 5043 κατορθῶσαι
1793 4977 1895 5048 τὴν

309 5065 780 5141 ἀ[να]μαρτησίαν
810 5065 916 5118 ἐπὶ.
932 5066 1031 5135 τῆς
1056 5063 1182 5133 γῆς,
1201 5062 1302 5116 οὐκ
1324 5061 1540 5132 ἔχοντος
1559 5063 1658 5136 τὴν
1686 5065 1894 5120 ἀνωθεν

309 5158 572 5232 ἀρῥωγὴν
603 5158 698 5213 καὶ
740 5155 1054 5228 συνεργίαν.
1105 5155 1260 5208 lintei
1315 5155 1416 5224 μὲν
1442 5153 1502 5206 τὸ
1541 5154 1749 5226 ἀγαθὸν
1799 5157 1893 5212 ἄν-

307 5252 336 5301 0
347 5265 553 5320 ρωπος,
591 5251 688 5303 καὶ
714 5249 835 5310 ταῖς
863 5247 1122 5316 φυσικαῖς
1153 5243 1430 5315 ἐπιμένων
1460 5245 1556 5300 καί⁵
1594 5251 1896 5320 στοιχειούσ

387 5375 434 5406 ⁸³
470 5374 682 5430 Coloss.
725 5388 798 5435 tv,
833 5377 888 5426 5.
966 5366 1135 5425 “Job
1159 5383 1357 5433 xxvm,
1380 5368 1474 5424 28.

386 5492 502 5561 (87)
541 5490 717 5558 Quam
763 5488 852 5542 hic
897 5487 1089 5542 Noster
1121 5486 1517 5561 interpretatur
1559 5483 1904 5543 Ecclesiastte

308 5555 668 5626 sententiam,
715 5575 778 5614 ea
825 5566 928 5620 est,
959 5573 1067 5627 qua
1117 5557 1420 5610 Calviniaui
1469 5555 1794 5622 abutuntur,
1843 5569 1901 5614 ut

307 5640 588 5705 justorum
617 5632 781 5685 etiam
829 5628 970 5705 facta
1011 5627 1196 5681 omnia
1231 5642 1338 5680 non
1385 5627 1546 5705 modo
1577 5627 1895 5705 nonnbona,

313 5695 410 5760 sed
454 5705 618 5757 etiam
649 5711 870 5771 peccata
903 5699 1080 5771 plane
1121 5711 1244 5752 esse
1279 5695 1626 5771 contendant.
1683 5698 1893 5771 Quibus

314 5767 1311 5842 Gregoriusfadeoadversatur,_ut
1347 5767 1432 5842 _ab
1478 5781 1672 5842 eorum
1719 5769 1886 5842 etiam

317 5835 580 5914 opinione
597 5839 922 5914 dissentiat,
964 5836 1311 5914 quietbnieo
1345 5835 1573 5914 homini,
1601 5838 1886 5914 etcuique

319 5905 486 5970 etiam
517 5910 612 5982 qui
652 5909 921 5966 charitatc
965 5905 1148 5964 divina
1180 5916 1388 5972 careat,
1421 5905 1692 5976 quidquid
1741 5905 1876 5980 agit,

2003 4621 2249 4681 interra,
2285 4621 2379 4689 qui
2404 4619 2568 4675 faciet
2595 4621 2823 4688 bonum,
2855 4631 2910 4676 ct
2945 4638 3053 4678 non
3094 4623 3364 4690 peccabit,
3406 4645 3426 4676 ι
3467 4627 3590 4678 idco
3655 4697 3663 4703 _

2003 4716 2237 4776 spectat,
2273 4717 2334 4762 ut
2367 4709 2648 4762 auditores
2686 4709 2754 4762 ad
2789 4709 2955 4762 animi
2995 4710 3386 4766 demissionem
3415 4713 3586 4767 addu-

2003 4808 2112 4862 cat,
2175 4810 2228 4853 et
2275 4799 2343 4853 ad
2390 4801 2669 4855 caelestem
2717 4800 3044 4868 sapientiam
3083 4809 3247 4870 atque
3285 4817 3441 4872 opem
3479 4804 3584 4858 im-

2002 4885 2688 4961 pensiu‘s‘itiltuirendam;
2723 4905 2848 4947 cum
2883 4893 3094 4963 peccati
3147 4893 3324 4948 labem
3375 4909 3574 4965 nequa-
3633 4931 3650 4969 __.

2003 4996 2170 5052 quam
2206 4981 2260 5037 in
2293 4983 2394 5037 bac
2427 4983 2536 5038 vita
2559 4982 2801 5052 effugere
2834 4983 3001 5038 homo
3051 4984 3255 5048 valeat,
3297 4985 3400 5040 nisi
3451 4987 3594 5040 sub-
3631 4983 3651 5061 ς

2003 5073 2204 5129 sidium
2239 5075 2316 5129 illi
2341 5075 2720 5145 auxiliumque
2744 5075 3010 5132 divinitus
3032 5087 3234 5146 μεωειο
3257 5077 3350 5132 sit.
3375 5075 3587 5133 Bonum

2004 5273 2126 5315 cem
2163 5259 2277 5330 (87)
2309 5278 2322 5314 :
2355 5275 2545 5315 verum
2582 5259 2746 5316 facile
2780 5260 3080 5316 admodum
3122 5271 3392 5326 mutatur,
3427 5273 3482 5316 ιι
3523 5265 3594 5318 ad

2013 5495 2184 5564 culpae
2211 5500 2461 5564 vertunt,
2505 5492 2716 5560 Quippe
2745 5490 2948 5564 diserte
2985 5492 3237 5557 allirmat,
3270 5493 3472 5546 bonum
3501 5509 3588 5562 agt

2008 5563 2202 5620 ab’eo
2257 5563 2495 5634 quoque,
2549 5565 2643 5633 qui
2695 5563 2776 5634 vel
2824 5563 2950 5634 unis
3005 5572 3213 5618 natura:
3258 5565 3590 5632 praescriptis

2005 5633 2332 5705 obsequitur
2357 5644 2406 5705 et
2454 5634 2659 5688 insistit
2687 5651 2700 5688 :
2737 5633 2988 5705 Ka‘tfzal;
3029 5635 3289 5702 φυσικαῖς
3311 5634 3593 5705 ἐπιμένων

2002 5708 2097 5758 καὶ
2140 5701 2576 5775 στοιχειούμενος
2629 5701 3056 5775 καταστάσεσιν,
3103 5705 3360 5771 quamvis
3401 5701 3590 5775 divina

2000 5771 2433 5844 sapietttia'sive:
2453 5773 2664 5828 etulein
2693 5774 2864 5840 gratia
2913 5771 3156 5844 nondum
3189 5783 3385 5828 auctus
3413 5773 3506 5843 sit,
3529 5781 3591 5830 ut

1998 5842 2196 5916 nempe
2228 5861 2294 5901 ex
2326 5845 2394 5900 iis
2421 5843 2614 5914 liquet,
2646 5859 2767 5914 quae
2795 5842 3045 5914 protinus
3075 5853 3410 5914 sequuntur.

3620 5063 3636 5100 ι

3619 5121 3638 5154 ."

3620 5157 3639 5177 τ

2001 5167 2224 5238 quidem
2280 5169 2392 5239 agit
2432 5170 2620 5233 homo,
2675 5178 2932 5225 naturam
2978 5179 3201 5240 quoque
3233 5182 3456 5228 secutus
3486 5167 3634 5240 (ιιι-ξ

3622 5215 3638 5253 ι
