3992 6400
463 353 594 417 10527
1566 356 1628 415 S.
1682 353 2063 414 GREGOIHI
2117 349 2634 411 AGRIGENTINI
3593 348 3706 412 109.8

461 471 747 535 peceatum
790 475 996 532 pronus
1025 460 1369 515 convertitur
1407 461 1646 532 :quippe
1676 464 1770 530 qui
1798 479 1862 517 ex
1895 465 2043 515 muni
2077 507 2084 520 λ

2186 475 2316 523 ,ενος
2373 459 2775 512 καταστάσεσιν
2798 461 2820 490 ·’
2867 456 2982 511 ἀλλ’
3019 456 3262 528 εὐχερῶς
3304 457 3609 514 ἀλλοιοῦται
3633 464 3711 514 καὶ

462 567 618 628 parte
679 554 1040 609 varietatibus
1106 553 1419 608 innutneris
1471 563 1526 608 et
1575 555 2053 610 vicissitudioiluts

2186 551 2566 622 εαρατρέπεται
2603 550 2804 622 ῥᾳδίως
2853 549 2991 620 πρὸς
3044 549 3358 622 ἁμαρτίαν,
3391 550 3488 604 ἆτε
3517 550 3579 622 δὴ
3627 570 3714 623 μυ-

463 649 746 718 subjectus
783 646 875 703 sit.
910 645 1066 712 Quod
1113 645 1182 708 si,
1215 645 1402 700 animo
1439 646 1597 716 192
1629 648 1694 700 ad
1722 646 2056 714 l)eum,per-

2193 643 2300 705 ίαις
2349 641 2672 696 ἀλλοιώσεσι
2725 644 2822 696 καὶ
2879 643 3210 713 μεταϐολαῖς
3263 643 3717 713 καθυποκείμενος

464 738 608 792 fecte
662 735 935 806 planeque
985 734 1226 799 sublato,
1256 736 1459 805 dignus
1492 736 1604 800 ﬁat,
1635 736 1726 805 qui
1763 751 2057 806 supernam

2186 735 2572 807 μφοτέρωθεν.
2629 736 2692 788 Ei
2743 735 2800 788 δὲ
2835 734 3202 804 καταξιωθείη
3246 735 3334 790 διὰ
3363 735 3468 806 τῆς
3501 736 3591 790 τοῦ
3619 737 3720 803 νοὸς

465 828 792 898 sapientiam
829 828 1199 898 hospitantem
1240 827 1495 898 accipiat.
1529 843 1650 898 qua:
1672 827 1928 882 Christus
1952 821 2058 890 est,

2188 826 2472 897 νδελεχοῦς
2521 828 2660 900 πρὸς
2691 828 2826 882 Θεὸν
2877 828 3114 892 νεύσεως
3141 829 3240 900 τὴν
3282 829 3495 883 ἄνωθεν
3553 831 3724 900 σοφίαν

466 921 533 974 de
562 934 674 988 quo
712 919 918 973 Paulus
954 934 1187 990 magnus
1243 919 1532 988 apostolus
1579 919 1698 972 ait:
1757 934 1775 968 ι
1806 916 2063 972 Christus

2186 919 2344 972 αϐεῖν
2379 919 2610 985 ἐνοικον,
2643 920 2764 991 ἥτις
2795 921 2941 974 ἐστὶν
2969 921 2999 974 ὁ
3030 921 3288 992 Χριστὸς,
3324 921 3456 992 περὶ
3489 913 3549 975 οὗ
3583 939 3725 992 φησιν

469 1022 551 1068 est
579 1013 670 1066 Dei
707 1013 980 1082 sapientia
1007 1022 1061 1066 et
1087 1013 1263 1066 virtus
1288 1013 1356 1073 ⁸³,
1398 1031 1416 1064 ι
1459 1020 1519 1065 ιιι
1551 1011 1604 1064 in
1637 1010 2055 1065 Proverbiorum

2186 1009 2374 1072 Ιαῦλος
2421 1011 2452 1062 ὁ
2505 1011 2677 1080 μέγας
2725 1011 3058 1076 ἀπόστολος·
3115 1031 3134 1061 ι
3173 1013 3412 1082 Χριστός
3460 1015 3576 1066 ἐστι
3610 1014 3727 1068 Θεοῦ

425 1120 691 1175 ιιμιοῳιι)
723 1105 865 1160 libro
903 1107 1020 1176 ipsa
1049 1105 1185 1160 dicit
1221 1123 1234 1159 :
1274 1124 1293 1158 ι
1329 1104 1444 1175 Ego
1464 1104 1733 1174 sapientia
1756 1103 2058 1158 inhabitavi

2186 1103 2328 1172 rotpia.
2359 1105 2457 1156 καὶ
2483 1102 2734 1175 δύναμις,
2773 1123 2792 1156 ι
2825 1106 2901 1168 ὡς
2933 1105 3036 1159 κάν
3066 1107 3132 1174 τῇ
3162 1105 3272 1160 τῶν
3303 1105 3622 1176 Παροιμιῶν
3661 1105 3730 1176 βί-

469 1201 764 1254 consilium
815 1208 871 1254 et
919 1200 1233 1265 scientiam,
1266 1207 1320 1254 et
1349 1198 1741 1272 cogitationem
1775 1213 1876 1270 ego
1905 1199 2063 1253 invo-

2186 1195 2277 1266 ῑλῳ
2327 1197 2528 1266 φησιν’
2589 1217 2609 1250 ι
2679 1198 2822 1266 Ἐγὼ
2857 1201 2890 1269 ἡ
2926 1201 3090 1270 σοφία
3128 1199 3531 1269 κατεσκήνωσα
3559 1199 3730 1269 βουλὴν

473 1289 594 1343 cavi
626 1288 702 1355 “;
741 1307 760 1340 ι
817 1295 932 1342 tum
997 1302 1129 1342 vero
1183 1287 1392 1343 aditum
1448 1286 1787 1342 adversariis
1839 1301 2059 1342 omnem

476 1379 814 1434 intercludit.
845 1379 934 1432 Ait
966 1378 1167 1434 deinde
1205 1377 1562 1434 Ecclesiastes
1595 1396 1608 1432 :

2164 1289 2259 1339 καὶ
2307 1288 2532 1354 γνῶσιν,
2579 1291 2676 1343 καὶ
2725 1289 2936 1344 ἔννοιαν
2965 1289 3076 1359 ἐγὼ
3103 1289 3564 1362 ἑπεκαλεσαμην·
3605 1309 3623 1343 ι
3653 1308 3732 1364 τη.

2166 1377 2400 1432 νικαῦτα
2434 1381 2649 1444 γίνεται
2684 1381 2968 1445 παντελῶς
3003 1384 3119 1444 τοῖς
3151 1381 3497 1446 ὑπεναντίοις
3533 1381 3735 1454 ἀπρόσι-

2164 1487 2276 1532 τος.
2300 1467 2436 1526 Εἷτὰ
2474 1490 2642 1544 φησιν
2669 1477 2698 1528 ὁ
2745 1475 3181 1547 Ἑκκλησιαστής
3202 1491 3216 1504 ⁸

2054 1555 2082 1627 §
2115 1557 2178 1614 ll.

551 1645 718 1700 Vens.
749 1647 840 1709 9|,
871 1647 961 1700 9.2.
992 1645 1054 1699 Et
1088 1647 1296 1716 quidem
1331 1648 1383 1700 in
1413 1663 1588 1700 omnes
1621 1664 1906 1709 sermones,
1935 1664 2065 1716 quos

2238 1662 2351 1714 Καί
2403 1676 2470 1730 γε
2515 1664 2604 1727 είς
2647 1661 2883 1728 πάντας
2929 1662 3174 1732 λόγους,
3221 1661 3334 1727 οὓς
3367 1659 3738 1730 λαλήσουσιν

481 1749 760 1808 uquenlur
817 1741 1005 1808 impii,
1065 1757 1126 1792 ue
1190 1740 1397 1794 dederis
1463 1757 1553 1794 cor
1615 1753 1797 1804 tuum,
1851 1751 1908 1794 ιιι
1967 1758 2070 1794 non

481 1835 675 1888 audias
736 1851 943 1888 aereum
1006 1845 1154 1887 tuum
1227 1835 1630 1888 maledicentcm
1677 1837 1826 1901 tibi;
1877 1839 2070 1890 etenim

482 1929 782 1995 frequenter
805 1937 922 1995 aget
959 1935 1128 1977 (reum
1165 1927 1413 1996 maligne,
1442 1935 1490 1978 et
1530 1926 1711 1979 multis
1739 1926 1907 1979 modis
1934 1928 2072 1981 male

481 2018 668 2088 afﬁciet
682 2033 772 2070 cor
790 2027 958 2082 luunt,
977 2020 1101 2088 quia
1121 2017 1298 2084 utique
1311 2025 1359 2070 et
1379 2028 1434 2070 tu
1450 2017 1777 2071 maledixisti
1797 2018 1919 2070 aliis
1935 2023 2068 2088 (83).

550 2198 852 2270 Postquam
886 2198 1412 2254 ostenditeximian't
1457 2209 1622 2268 atque
1666 2198 1942 2270 ingentem
1975 2214 2073 2254 su-

485 2308 666 2364 perna:
707 2290 989 2361 sapientia:
1040 2290 1149 2343 vim
1204 2306 1326 2346 esse
1378 2290 1445 2344 ad
1499 2306 1717 2355 eorum,
1757 2291 1854 2362 qui
1899 2291 2072 2361 ipsam

485 2385 668 2453 adepti
717 2383 850 2446 sint,
895 2381 1277 2437 liberationem
1317 2393 1481 2452 atque
1513 2383 1742 2437 salutem
1774 2370 2076 2450 ,trausfert

487 2493 798 2532 sermonem
833 2475 898 2530 ad
955 2476 1232 2530 hominem
1291 2492 1511 2547 quoque
1557 2476 1736 2547 ipsum
1797 2477 2076 2547 sapientia:

485 2567 874 2637 coruparandm
923 2568 1105 2620 studio
1162 2568 1404 2622 maxime
1461 2568 1773 2632 incensum,
1823 2571 2076 2624 excitans

485 2661 741 2714 eumdem
778 2669 943 2728 atque
971 2673 1198 2728 urgens,
1245 2667 1305 2713 ut
1351 2661 1567 2714 animos
1597 2662 1774 2724 tollat,
1814 2669 1870 2715 et
1906 2661 2080 2715 soler-

488 2765 600 2807 tem
626 2761 750 2822 agat
788 2753 980 2817 vitam,
1015 2766 1119 2807 nec
1147 2753 1332 2806 omnia
1391 2752 1440 2806 iu
1487 2753 1768 2822 sapientia:
1823 2756 2078 2824 praesidio

485 2858 653 2915 atque
681 2860 783 2914 ope
815 2844 900 2900 sic
928 2843 1181 2912 collocet,
1210 2854 1267 2899 ut
1294 2845 1410 2914 ipse.
1435 2845 1776 2914 diligentiam
1809 2848 2076 2908 remittat,

2173 1753 2415 1819 ἀσεϐεῖς
2443 1795 2456 1816 ,
2491 1753 2580 1824 μὴ
2631 1753 2738 1822 δὸς
2778 1755 3036 1824 καρδίαν
3067 1769 3207 1819 σου,
3247 1755 3414 1820 ὅπως
3447 1752 3535 1822 μὴ
3580 1753 3737 1808 ἀκού-

2171 1861 2292 1920 σῃς
2322 1846 2431 1900 τὸν
2455 1846 2682 1902 δοῦλόν
2709 1863 2827 1902 σου
2867 1847 3288 1916 καταρώμενόν
3315 1860 3430 1899 σε·
3461 1845 3554 1899 ὅτι
3594 1848 3738 1900 κλει·

2172 1939 2390 2004 στάκις
2415 1939 2859 2008 πονηρεύσεταί
2891 1956 2987 2005 σε,
3023 1940 3122 1993 καί
3155 1941 3283 1994 καθ’
3310 1937 3501 2003 ὁδοὺς
3529 1935 3740 2001 πολλὰ(

2173 2030 2437 2086 κακώσει
2492 2031 2751 2103 καρδίαν
2787 2046 2926 2098 σου,
2979 2031 3070 2086 ὅτι
3110 2033 3212 2086 καί
3255 2047 3322 2102 γε
3378 2033 3463 2100 ὠς
3497 2031 3580 2088 σὺ
3622 2049 3740 2088 κατ·

2174 2124 2382 2196 ηράσω
2417 2125 2675 2193 ἐτέρους.
3516 2130 3523 2136 ’

2246 2217 2533 2284 Κραταιάν
2564 2217 2658 2269 καὶ
2714 2215 2962 2287 μεγάλην
3011 2214 3157 2285 ἔχειν
3209 2215 3368 2285 ίσχὺν
3415 2213 3518 2286 τὴν
3562 2213 3742 2269 ἄνωθεν

2178 2307 2374 2376 σοφίαν
2428 2309 2852 2378 ἀποφηνάμενος
2904 2306 3042 2376 πρὸς
3097 2305 3487 2376 ἀπολύτρωσιν
3535 2307 3625 2360 καὶ
3658 2323 3746 2360 σω·

2177 2397 2375 2468 τῆρίαν
2420 2399 2532 2452 τῶν
2573 2401 2809 2470 ἐχόντων
2854 2400 3048 2471 αὐτὴν,
3087 2399 3439 2470 μετοχετεύει
3478 2399 3572 2453 τὸν
3611 2399 3746 2468 λόγον

2179 2493 2274 2543 καὶ
2305 2491 2442 2561 πρὸς
2470 2491 2637 2544 αὐτὸν
2669 2491 2763 2545 τὸν
2807 2491 3099 2563 ἄνθρωπον
3129 2491 3220 2546 τὸν
3258 2493 3393 2561 περὶ
3433 2491 3627 2546 πολλοῦ
3661 2491 3742 2562 τὴν

2179 2585 2379 2653 κτῆσιν
2424 2583 2524 2653 τῆς
2569 2583 2764 2652 σοφίας
2807 2584 3201 2654 πεποιημένον,
3258 2584 3556 2638 διανιστῶν
3605 2584 3742 2638 αὐτὸν

2179 2675 2276 2729 καὶ
2301 2678 2630 2748 παρορμῶν,
2654 2675 3091 2748 θαῤῥαλεοῦσθαι
3122 2676 3218 2730 καὶ
3235 2675 3620 2744 προσεκτικῶς
3641 2675 3738 2744 ζῇν,

2181 2767 2277 2821 καὶ
2328 2766 2404 2838 μὴ
2452 2767 2516 2820 τὸ
2563 2768 2675 2822 πᾶν
2703 2769 2784 2830 είς
2833 2766 2931 2836 τὴν
2964 2767 3252 2836 ἀντίληψιν
3304 2765 3626 2821 ἀνατιθέναι
3667 2765 3742 2819 καὶ

2183 2859 2442 2930 βοήθειαν
2471 2861 2572 2932 τῆς
2601 2861 2819 2930 σοφίας,
2845 2861 3010 2915 αὑτὸν
3036 2861 3092 2914 δὲ
3114 2859 3458 2914 διατίθεσθαι
3493 2860 3739 2932 ῥᾳθύμως,

489 2949 544 2990 ct
567 2951 798 2990 securus
833 2937 1153 3005 otiususque
1179 2936 1405 2990 desidiae
1435 2953 1492 2992 se
1520 2938 1686 2992 dedat
1709 2949 1872 3008 atque
1897 2954 2082 2993 socor-

2186 2954 2282 3007 καὶ
2324 2953 2552 3024 γνώμην
2578 2953 2926 3024 ἀτημέλητον
2964 2953 3348 3024 ἐπιφέρεσθαι,
3385 2952 3482 3006 καὶ
3514 2950 3644 3023 μετά
3668 2952 3741 3020 ρᾳ-

489 3028 634 3091 diae;
671 3027 856 3096 itaque
879 3027 1168 3095 impiorum
1205 3027 1321 3081 sive
1349 3027 1658 3083 daemonum
1700 3028 1816 3082 sive
1861 3044 2080 3099 perver-
2107 3001 2152 3059 θ

489 3135 680 3175 sorum
710 3119 994 3174 hominum
1037 3119 1328 3175 suasiones
1385 3119 1546 3174 facile
1601 3121 1897 3175 admittat:
1949 3121 2080 3190 quin

493 3213 607 3269 imo
658 3211 764 3266 illis
823 3221 1166 3274 succenseat,
1223 3220 1280 3267 et
1337 3214 1686 3268 vehementer
1747 3214 2082 3288 indignetur,

493 3305 940 3374 quotiescunque
973 3305 1318 3374 alloquenles
1355 3307 1646 3362 consilium
1675 3307 1827 3373 dant,
1870 3317 1931 3361 ut
1980 3308 2085 3360 int-

493 3397 718 3466 pietatis
768 3407 823 3452 et
887 3397 1093 3453 erroris
1156 3398 1448 3468 opiniones
1496 3399 1882 3468 amplectatur.
1944 3419 1962 3451 ι
2007 3399 2086 3455 Nc

495 3490 715 3545 dederis
750 3508 768 3542 ι
812 3491 984 3553 enim,
1023 3490 1222 3560 inquit,
1258 3509 1278 3542 ‹
1312 3505 1410 3546 cor
1449 3502 1600 3546 tuutn
1641 3512 1658 3544 ι
1712 3495 2084 3556 sermonibus,

495 3598 637 3651 quos
665 3581 741 3634 illi
791 3581 1081 3635 inducunt.
1121 3581 1216 3635 Est
1261 3595 1445 3636 autem
1502 3599 1677 3652 genus
1727 3586 1829 3638 hoc
1887 3593 2084 3639 (δοιιῐιιο

495 3675 688 3730 macia:
741 3685 796 3729 et
850 3675 1051 3729 fastidii
1111 3686 1164 3730 et
1222 3676 1584 3730 aversationis
1641 3690 1695 3731 et
1741 3687 2088 3746 contemptus

498 3769 706 3823 bonum
755 3769 945 3838 utique
989 3783 1054 3822 ac
1083 3767 1324 3822 beatum.
1357 3767 1559 3824 Verum
1589 3780 1642 3824 et
1677 3769 1723 3824 si
1749 3770 1970 3839 quidam
2005 3770 2088 3822 in-

501 3861 816 3923 veniantur,
861 3860 956 3930 qui
1001 3868 1054 3914 te
1089 3861 1355 3916 conviciis
1395 3871 1581 3932 petant
1611 3871 1666 3916 et
1699 3853 2004 3933 despiciant
2035 3873 2090 3917 et

500 3953 792 4015 irrideant,
821 3969 931 4007 non
965 3952 1088 4006 ideo
1115 3954 1358 4008 animum
1397 3956 1481 4008 his
1531 3955 1809 4020 advertas,
1864 3971 1986 4016 nec.
2029 3964 2090 4010 ut

501 4044 631 4108 illis,
673 4045 744 4099 ita
771 4055 826 4100 et
853 4047 940 4100 his
970 4046 1107 4100 iram
1136 4055 1302 4117 atque
1345 4048 1778 4118 indignationem
1804 4058 2086 4104 ostentes:

500 4146 786 4189 mansuete
821 4137 1007 4204 potius
1030 4144 1083 4190 et
1122 4139 1394 4207 patienter
1421 4139 1794 4207 proximorum
1841 4140 2090 4208 petulan-

502 4228 634 4280 tiam
669 4228 832 4294 fcras,
866 4238 921 4281 et
980 4243 1268 4283 servorum
1322 4229 1565 4298 ipsorum
1631 4232 2086 4299 mussitatioues;

501 4333 614 4388 quo
643 4317 873 4389 ﬂagellis
907 4319 1176 4388 ejusmodi
1209 4331 1262 4375 et
1308 4322 1482 4392 plagis
1518 4323 1822 4393 Sapientem
1866 4339 1932 4379 ac
1973 4323 2088 4376 for-
2121 4362 2166 4418 Β

504 4424 611 4464 tem
645 4413 891 4466 animum
933 4413 1224 4482 ohjieiens,
1281 4415 1348 4467 ad
1405 4415 1687 4470 meliorem
1740 4432 1837 4472 eos
1879 4407 2086 4486 frugem

502 4503 808 4558 transferre
851 4502 1068 4560 facilius
1127 4507 1322 4574 possis.
1382 4505 1460 4561 Ne
1507 4508 1724 4563 dederis
1777 4509 1946 4578 igitur
1997 4525 2093 4563 cor

505 4608 682 4661 tuum,
714 4604 774 4651 ut
799 4597 1002 4666 impius
1037 4598 1230 4652 audias
1259 4598 1626 4664 consiliarios,
1657 4599 1817 4670 193
1851 4600 1968 4654 sive
2002 4615 2094 4652 ex-

507 4701 694 4744 ternos
739 4691 854 4745 sive
901 4689 1168 4754 internus,
1217 4707 1352 4745 neve
1385 4706 1478 4746 eos
1532 4691 1811 4753 attendas.
1861 4693 1956 4762 qui
1996 4691 2092 4746 tibi

505 4782 1008 4853 quomodocunque
1041 4784 1425 4838 conviciantur
1455 4799 1518 4838 ae
1563 4783 1902 4838 maledicunt
1935 4803 1946 4837 :
1996 4784 2091 4838 sed

505 4874 666 4942 quasi
696 4875 831 4928 nihil
869 4874 1137 4937 audieris,
1174 4875 1256 4928 sic
1293 4885 1342 4928 te
1381 4889 1506 4928 cum
1537 4875 1624 4930 his
1655 4891 1811 4946 a'que
1851 4890 1915 4930 ac
1966 4890 2092 4929 cum

493 4965 616 5021 illis
649 4983 828 5037 geras,
859 4975 920 5020 ut
949 4983 1126 5036 neque
1162 4967 1285 5022 illos
1331 4968 1442 5022 ullo
1491 4968 1654 5023 modo
1706 4969 1958 5037 sequaris
2001 4978 2094 5021 aut

507 5059 564 5112 in
593 5074 785 5114 eorum
813 5061 1143 5114 sententiam
1181 5060 1372 5114 venias
1404 5079 1420 5126 ;
1457 5075 1632 5130 neque
1672 5060 1802 5114 dum
1852 5061 1950 5116 hos
2009 5075 2096 5113 re-

510 5150 738 5206 tundere
763 5153 1008 5218 conaris,
1041 5151 1280 5206 ludibtia
1320 5154 1636 5208 eorumdem
1675 5168 1740 5207 ac
1767 5151 1973 5206 rabiem
1996 5152 2095 5206 a'l-

512 5260 698 5300 versas
751 5253 804 5300 te
854 5246 1143 5312 cumules,
1205 5253 1260 5300 et
1317 5246 1686 5302 contumelias
1738 5246 2091 5315 multiplices,

510 5350 646 5404 quas
674 5336 743 5390 ab
777 5336 911 5407 ipsis
941 5337 996 5390 in
1022 5337 1134 5391 vita
1163 5337 1376 5408 reliqua
1411 5336 1656 5408 perferre
1679 5337 1879 5392 debeas
1912 5357 1924 5390 :
1973 5351 2095 5392 tan-

509 5438 674 5492 quam
705 5425 752 5480 si
780 5425 1129 5480 sermonibus
1151 5439 1367 5491 eorum,
1399 5425 1600 5494 quibus
1629 5435 1679 5480 te
1703 5425 1860 5494 quasi
1896 5425 2098 5496 jaculis

506 5513 806 5570 confodere
835 5515 1016 5570 conati
1049 5525 1202 5581 sunt,
1237 5515 1423 5570 animo
1467 5515 1752 5571 vulnerato
1789 5501 2098 5570 concidisse

591 5633 635 5664 “
670 5630 687 5684 Ι
730 5631 864 5686 Cor.
891 5647 932 5698 ι,
963 5629 1056 5686 24.
1137 5633 1183 5664 ⁸⁸
1213 5629 1378 5687 Prov.
1407 5646 1531 5698 νιιι,
1577 5631 1664 5686 1‘2.

2187 3048 2400 3117 στώνης
2421 3049 2516 3100 καὶ
2548 3046 3046 3119 καταφρονητικῶς
3079 3045 3202 3118 ζῇν,
3227 3045 3374 3100 ὥστε
3410 3047 3507 3100 καὶ
3534 3045 3629 3108 τὰς
3653 3045 3741 3097 εισ-

2185 3143 2418 3213 ηγήσεις
2454 3139 2562 3196 τῶν
2613 3141 2828 3194 ἀσεϐῶν
2881 3140 3003 3212 ἦτοι
3055 3140 3330 3211 δαιμόνων
3382 3141 3416 3212 ἢ
3471 3138 3742 3204 κακοδόξων

2185 3231 2491 3303 ἀνθρώπων
2531 3233 2852 3304 προσίεσθαι
2883 3233 3080 3303 ῥαδίως
3100 3247 3115 3264 ⁶
3145 3233 3260 3288 ἀλλ’
3293 3231 3616 3305 ὀργίζεσθαι
3645 3231 3740 3285 κατ’

2186 3326 2368 3378 αὐτῶν
2404 3325 2500 3378 καὶ
2544 3326 2896 3396 χαλεπαίνειν
2929 3326 3198 3396 σφοδρῶς,
3233 3327 3402 3398 ἡνίκα
3431 3323 3742 3397 προσλαλῶσι

2187 3419 2282 3472 καὶ
2301 3436 2364 3471 συ
2373 3418 2784 3488 μϐουλεύωνται
2809 3419 2906 3483 τὰς
2935 3420 3233 3489 ὑπολήψεις
3259 3420 3368 3489 τῆς
3397 3419 3646 3483 ἀσεϐείας
3668 3416 3742 3472 καὶ

2187 3511 2282 3564 τοῦ
2328 3511 2559 3582 ψεύδους
2609 3511 3017 3584 προσήκασθαι.
3075 3531 3095 3564 ι
3133 3513 3222 3584 Μὴ
3266 3513 3360 3578 δὺς
3402 3533 3422 3568 ι
3459 3513 3586 3584 γὰρ,
3615 3511 3741 3582 φησὶ,

2193 3622 2212 3654 ι
2249 3605 2350 3674 τὴν
2378 3604 2605 3674 καρδίαν
2637 3622 2733 3658 σου
2790 3623 2807 3656 ι
2848 3605 2928 3668 εἰς
2961 3602 3056 3668 οὓς
3089 3603 3156 3657 ἂν
3184 3603 3409 3674 ἐροῦσιν
3448 3605 3637 3658 ἐκεῖνοι
3672 3599 3744 3654 λό·

2189 3710 2340 3761 γους.
2382 3695 2556 3748 Τοῦτο
2583 3695 2639 3748 δὲ
2688 3693 2748 3747 τὸ
2781 3689 2922 3757 εἶδος
2961 3694 3063 3764 τῆς
3094 3693 3385 3758 ἀπειθείας
3418 3695 3514 3748 καὶ
3554 3691 3645 3762 τῆς
3672 3691 3743 3743 ἀν-

2195 3785 2393 3854 ηκοΐας
2426 3784 2520 3836 καὶ
2554 3783 2654 3852 τῆς
2703 3784 3057 3855 ἀποστροφῆς
3090 3785 3185 3837 καὶ
3229 3783 3545 3854 παρακοῆς,
3573 3779 3741 3850 ἀγαθόν

2191 3880 2308 3932 ἔστι
2342 3878 2436 3930 καὶ
2487 3878 2778 3947 μακάριον.
2823 3877 2984 3930 ’Λλλά
3017 3877 3120 3930 κᾶν
3144 3893 3288 3940 τινες
3314 3875 3607 3948 εὑρεθῶσιν
3647 3873 3742 3924 ἐπι-

2193 3967 2540 4030 σκώπτοντες
2569 3985 2628 4020 σε
2660 3967 2754 4022 καὶ
2793 3967 3280 4038 διαλοιδορούμενοι
3309 3968 3407 4020 καὶ
3434 3977 3738 4032 κατακωμῳ·

2189 4061 2429 4123 δούντες,
2464 4059 2538 4130 μὴ
2587 4057 2861 4130 προσέξῃς
2910 4059 3114 4122 αὐτοῖς,
3148 4059 3272 4128 οὐχὶ
3305 4057 3494 4121 καθὼς
3523 4053 3734 4114 ἐκείνοις.

2191 4150 2336 4204 οὕτω
2367 4153 2472 4204 κάν
2517 4149 2727 4212 τούτοις
2756 4149 2926 4222 ὀργὴν
2959 4149 3376 4220 ἐνδεικνύμενος
3417 4150 3510 4203 καὶ
3541 4147 3739 4216 φλεγμο-

2192 4243 2290 4315 νὴν
2320 4243 2550 4316 καρδίας
2573 4260 2586 4274 °
2639 4242 2775 4296 ἀλλὰ
2819 4238 3012 4314 πράως
3055 4242 3152 4295 καὶ
3183 4242 3554 4314 μακροθύμως
3593 4238 3736 4308 φέρων

2192 4337 2292 4400 τὰς
2339 4337 2626 4409 παροινίας
2672 4337 2782 4390 τῶν
2829 4337 3020 4400 πέλας,
3060 4337 3222 4407 iliceti.
3275 4335 3386 4390 τῶν
3419 4335 3737 4404 ὲξυπηρετονο

2197 4429 2378 4497 μένων
2401 4427 2532 4490 τοὺς
2557 4429 2930 4498 γογγυσμοὺς,
2962 4427 3051 4480 ἵνα
3078 4427 3140 4478 τὸ
3159 4426 3451 4496 φιλόσοφον
3478 4425 3571 4495 τῆς
3594 4417 3736 4492 ψυχῆς

2194 4517 2290 4572 καὶ
2317 4517 2650 4589 καρτερικὸν
2683 4517 2806 4571 ἀντὶ
2838 4519 3120 4588 μαστίγων
3155 4519 3248 4571 καὶ
3281 4516 3510 4585 πληγῶν
3540 4509 3737 4583 προϐαλο

2194 4610 2444 4680 λόμενος,
2479 4609 2682 4680 μᾶλλον
2719 4608 2860 4674 ἕξεις
2893 4611 3092 4672 αὐτοὺς
3127 4610 3266 4680 πρὸς
3298 4611 3360 4662 τὸ
3389 4611 3626 4681 κρεῖττον
3661 4601 3736 4656 ἀλ-

2193 4700 2568 4771 λοιουμένους.
2628 4701 2722 4772 Μὴ
2772 4701 2862 4764 δὸς
2913 4697 3006 4754 οὖν
3065 4702 3162 4772 τὴν
3208 4701 3442 4770 καρδίαν
3495 4715 3582 4752 σου
3630 4693 3734 4765 πρὸς

2195 4794 2445 4866 ὑπακοὴν
2493 4794 2602 4852 τῶν
2650 4795 2866 4848 ἀσεϐῶν
2914 4793 3258 4864 συμϐούλων,
3295 4791 3563 4860 αἰσθητῶν
3587 4785 3735 4856 δηλον-

2195 4887 2278 4940 ότι
2327 4889 2422 4941 καὶ
2467 4887 2697 4956 νοητῶν,
2732 4886 2867 4956 μηδὲ
2905 4885 3148 4957 προσίῃς
3182 4888 3293 4948 τοῖς
3323 4881 3564 4937 ὁπωσοῦν
3590 4895 3640 4932 σε
3667 4891 3735 4927 κα·

2197 4973 2599 5050 τακερτομοῢσι
2624 4979 2718 5032 καὶ
2749 4978 2926 5047 δυσφη
2937 4977 3127 5048 μοῦσιν
3145 4993 3160 5008 ·
3182 4977 3295 5030 ἀλλ’
3323 4977 3398 5040 ὡς
3431 4975 3587 5046 μηδὲν
3612 4966 3733 5025 datod-

2199 5088 2320 5134 σας,
2355 5070 2531 5134 οὕτως
2563 5071 2838 5139 διατέθητι
2888 5071 3026 5144 πρὸς
3057 5071 3285 5134 τούτους
3327 5072 3422 5124 καὶ
3465 5067 3592 5138 πρὸς
3617 5060 3732 5116 ἐκεί·

2197 5179 2342 5225 νους,
2401 5161 2489 5214 ἵνα
2541 5163 2682 5232 μήτε
2726 5162 2786 5216 τὸ
2822 5163 3084 5232 παράπαν
3137 5161 3367 5226 ἐκείνοις
3407 5154 3730 5224 ἀκολουθήσῃς

2197 5252 2294 5307 καὶ
2325 5247 2700 5324 σὶιμφωνήσῃς
2719 5268 2737 5286 ο
2768 5253 2934 5325 ,μήτε
2983 5253 3212 5316 τούτους
3261 5251 3590 5323 πειρώμενος
3614 5245 3730 5298 ἀντι·

2200 5344 2484 5416 πλήττειν,
2521 5344 2722 5416 μᾶλλον
2767 5345 3027 5416 αὐξήσεις
3075 5345 3219 5399 κατὰ
3251 5344 3344 5398 σοῦ
3381 5339 3625 5410 λοιδορίας
3657 5329 3729 5386 καὶ

2197 5433 2398 5498 λύττας
2425 5435 2522 5488 καὶ
2551 5434 3034 5508 πολλαπλασιάσῃς
3058 5435 3156 5499 τάς
3187 5436 3318 5509 παρ’
3340 5434 3514 5490 αὐτῶν
3541 5424 3732 5495 ἐπαχθη·

2175 5528 2438 5596 ·σομένας
2462 5529 2530 5598 τῇ
2564 5525 2679 5598 ζωῇ
2722 5544 2816 5580 σου
2847 5528 3121 5590 κακώσεις
3142 5545 3156 5558 ·
3193 5528 3288 5581 ac;
3321 5527 3383 5598 δὴ
3415 5517 3727 5593 τιτρωσκόμε-

581 5750 694 5818 (38)
732 5744 877 5800 LXX
925 5746 1128 5803 habent
1177 5748 1326 5813 ὅπως
1359 5751 1434 5822 μὴ
1478 5748 1718 5821 ἀκούσῃς
1761 5745 1855 5799 τοῦ
1905 5745 2084 5801 δούλω

2186 5765 2230 5801 ν.)
2275 5749 2669 5820 καταρωμένου
2739 5767 2822 5808 σε.
2873 5750 3089 5822 Olymp.
3139 5751 3216 5823 μὴ
3261 5750 3361 5822 θῇς
3425 5749 3515 5818 τὴν
3542 5737 3722 5812 καρδίαν

543 5843 729 5883 που..
