3992 6376
177 351 366 441 ’1033

1295 349 1377 432 'IN
1409 363 1987 430 ECCLESIASTEN-
2020 391 2080 398 —
2110 364 2256 424 LIB.
2291 364 2422 424 γη.

3358 359 3491 428 10%

287 484 574 538 Δείκνυται
594 480 648 533 δὲ
671 478 764 534 καὶ
786 479 963 551 πολλῷ
979 477 1034 532 δὲ
1063 476 1259 549 πρώην
1281 481 1308 532 ό
1331 477 1535 547 ἀγαθὸς
1561 476 1802 546 Ποιητὴς

1981 471 2142 544 196
2171 471 2516 528 Manifestum
2549 487 2710 543 porro
2741 480 2842 540 est,
2881 475 3056 529 multo
3089 474 3245 544 prius
3285 475 3488 532 bonum

202 579 326 630 τῶν
353 574 614 630 ἁπάντων
651 571 824 634 αἴτιος
851 572 959 624 τῶν
982 571 1189 636 κακῶν,
1220 569 1318 625 ἆτε
1348 570 1413 640 δὴ
1447 568 1556 622 τῶν
1586 568 1677 622 ὑπ’
1706 567 1806 620 αύ-

203 667 313 720 τοῦ
347 665 654 736 γεγονότων
686 663 932 734 ἀστέρων
965 661 1281 717 κακοποιῶν
1311 661 1655 730 πεφυκότων,
1714 660 1807 712 καί⁸

204 760 314 830 τῆς
342 758 540 829 κακίας
569 755 739 810 ὄντων
773 755 984 810 αίτίων.
1019 755 1092 810 Οὐ
1113 755 1294 808 τοίνυν
1326 753 1438 807 τῶν
1460 751 1808 822 ἀστρολόγων

205 850 314 922 τὴν
345 849 545 920 τέχνην
579 847 919 919 καταμαθεῖν
947 845 1181 919 ἐζήτησε
1209 845 1347 918 πρὸς
1379 844 1440 898 τδ
1467 832 1692 898 τοιαῦτα
1725 844 1810 897 δο-

208 938 402 1006 ξάζειν
429 938 608 992 ἄτοπα
635 938 732 990 καὶ
753 937 1090 1008 παλίμφημα
1113 937 1209 991 καὶ
1243 936 1460 998 πάντως
1483 933 1608 1000 ἄξια
1640 951 1810 988 κατα·

207 1030 486 1098 γέλωτος·
531 1029 650 1082 ἀλλ’
709 1029 796 1083 ἵνα
843 1029 1044 1101 μᾶλλον
1095 1027 1334 1100 ἔμπαλιν
1387 1027 1454 1082 δι’
1491 1027 1662 1096 αὐτῆς
1711 1029 1809 1098 τῆς

209 1121 364 1175 κατά
383 1119 584 1188 γνῶσιν
615 1121 811 1192 πείρας
843 1119 1045 1190 διαγνῷ
1067 1121 1166 1194 τὴν
1194 1119 1516 1192 ἀφροσύνην
1547 1119 1653 1174 τῶν
1678 1119 1809 1172 ἀσε-

213 1211 332 1266 ϐῶν
351 1212 442 1266 καὶ
468 1210 567 1283 τὴν
596 1211 730 1282 ὀχλη
739 1211 866 1283 ρίαν
893 1213 988 1266 καὶ
1013 1215 1340 1285 περιφοράν.
1373 1213 1678 1282 Ὀνομάσας
1700 1211 1810 1281 γὰρ

220 1319 244 1356 ι
271 1302 462 1371 σοφίαν
505 1304 601 1357 καὶ
629 1305 830 1375 ψῆφον,
864 1322 882 1356 ι
932 1304 1035 1377 τὴν
1076 1305 1188 1358 τῶν
1234 1305 1582 1378 ἀστρολόγων
1617 1305 1810 1375 τέχνην

209 1394 672 1466 ὁμολογουμένως
723 1395 996 1468 ἐδήλωσεν
1035 1414 1049 1430 ’
1105 1397 1246 1470 αὕτη
1295 1398 1405 1468 γὰρ
1453 1399 1688 1470 μάλιστα
1720 1397 1810 1452 διὰ

208 1485 571 1558 ψηφοφορίας
595 1486 696 1559 τὴν
729 1487 866 1542 ἰδίαν
896 1488 1046 1544 δοκεῖ
1067 1491 1328 1544 σύστασιν
1348 1491 1516 1562 ἔχειν.
1540 1491 1810 1562 Σημαίνε-

208 1594 308 1632 ται
329 1579 385 1632 δὲ
407 1580 502 1632 καὶ
534 1580 622 1634 διὰ
648 1579 756 1633 τῶν
781 1581 1090 1651 ὀνομασιῶν
1115 1621 1128 1646 ,
1182 1583 1294 1652 τῆς
1339 1585 1630 1654 ὀχνίηρίιῑς
1667 1583 1812 1652 λέγω

208 1671 314 1724 καὶ
343 1671 454 1740 τῆς
479 1671 828 1741 περιφορᾶς,
860 1675 894 1744 ἡ
929 1675 1092 1745 τέχνη
1142 1674 1253 1728 τῶν
1283 1675 1650 1746 ἀστρολόγων,
1713 1673 1809 1728 ἅτε

127 1781 134 1786 ·
209 1759 282 1833 δὴ
302 1765 416 1826 τοῖς
449 1763 729 1832 μετιοῦσιν
754 1765 944 1836 αὐτὴν,
969 1766 1242 1836 ἐνδελεχῆ,
1271 1767 1474 1838 μᾶλλον
1495 1765 1551 1821 δὲ
1582 1767 1805 1838 διηνεκῆ

210 1853 627 1924 παρενόχλησιν
654 1856 991 1925 ἐμποιοῦσα,
1023 1859 1122 1910 καὶ
1159 1861 1274 1922 τοῖς
1305 1858 1804 1912 κατακολουθοῦσιν

211 1943 404 2008 αὐτοῖς
442 1945 540 2000 καὶ
566 1947 918 2001 πιστεύουσιν
941 1948 1402 2021 ἀπαγγελλομένη
1435 1949 1532 2003 καί¹
1564 1965 1805 2020 προκατ-

210 2038 558 2106 αγγέλλουσα
614 2039 772 2093 τοῦτο
821 2041 1077 2094 κάκεῖνο·
1129 2042 1265 2112 πρὸς
1299 2042 1398 2111 τὴν
1446 2041 1696 2094 ἐναντίαν
1748 2040 1805 2094 δὲ

211 2129 543 2182 καταντῶσα
578 2131 908 2202 περιφορὰν,
969 2133 1046 2196 ὼς
1073 2133 1380 2204 προσδοκᾷν
1433 2135 1532 2204 μὲν
1563 2133 1652 2187 ἀεὶ
1677 2135 1806 2196 τοὺς

208 2218 316 2283 τὰς
353 2220 690 2289 ἐπαγγελίας
727 2225 826 2293 τῆς
854 2225 1198 2294 εἰσηγήσεως
1226 2225 1406 2277 αὐτῶν
1426 2223 1803 2293 δεδεγμένους,

212 2310 318 2382 τὴν
360 2312 591 2366 ἔκϐασιν
617 2313 727 2367 τῶν
769 2315 1196 2384 εύφραινόντων,
1243 2316 1274 2385 ἦ
1307 2315 1416 2369 τῶν
1467 2315 1803 2382 λυπούντων,

217 2403 322 2457 καὶ
371 2405 460 2458 διὰ
504 2404 666 2458 τοῦτο
705 2405 976 2476 μηδέποτε
1013 2404 1112 2477 τὴν
1172 2405 1307 2460 ἰδίαν
1352 2405 1580 2476 καρδίαν
1626 2405 1808 2476 ἀπηλ-

219 2491 502 2565 λαγμένην
528 2495 878 2566 εὑρίσκοντες
909 2495 1108 2568 λύπης,
1145 2496 1238 2552 διά
1283 2497 1384 2569 τὴν
1408 2497 1518 2552 τῶν
1545 2496 1807 2552 τοιούτων

219 2585 561 2656 καραδοκίαν
589 2586 620 2656 ἢ
657 2588 920 2657 περιττῆς
957 2587 1242 2658 θυμηδίας,
1273 2589 1374 2660 τῆς
1411 2589 1682 2660 μηδεμίαν
1709 2589 1808 2642 αὺ-

212 2680 338 2739 τοῖς
375 2675 741 2748 προξενούσης
797 2678 1008 2750 χαράν·
1062 2679 1179 2732 ἀλλ’
1221 2677 1298 2743 ὡς
1329 2679 1690 2750 ἀτημελήτως
1738 2679 1786 2733 δι

210 2767 358 2821 αὑτό
407 2785 470 2835 γε
500 2767 658 2822 τοῦτο
695 2769 1080 2835 διατεθέντας,
1116 2773 1187 2825 ἐν’
1223 2774 1344 2834 ταῖς
1397 2771 1552 2835 ἰδίαις
1592 2773 1808 2843 ἀπροσε-

211 2859 394 2926 εξίαις
415 2860 668 2932 καὶπρὸς
686 2863 1066 2935 χαλεπότητας
1086 2863 1536 2936 περιενεχθέντας
1552 2865 1646 2918 καὶ
1664 2881 1807 2936 συμ-

215 2951 415 3022 φοράς.
442 2951 614 3006 Τοῦτο
643 2955 753 3025 γὰρ
780 2953 1053 3026 ἐδήλωσεν
1103 2957 1131 3008 ό
1166 2957 1328 3024 σοφὸς
1375 2957 1808 3028 Ἐκκλησιαστὴς

217 3043 412 3097 εἰπών·
447 3063 467 3096 ι
509 3045 620 3099 Καὶ.
649 3046 892 3116 εὑρίσκω
928 3045 1042 3115 ἐγὼ
1077 3047 1246 3120 αὐτὴν
1281 3049 1616 3119 πικροτέραν
1665 3048 1810 3119 ὑπὲρ

216 3133 476 3190 θάνατον.
518 3155 538 3190 ι

287 3227 526 3297 Αὐτὴν,
555 3227 716 3295 τίνα;
745 3229 960 3302 Δηλαδὴ
1003 3249 1023 3282 ι
1053 3229 1150 3303 τὴν
1192 3230 1386 3300 σοφίαν
1431 3233 1525 3286 καὶ
1563 3231 1660 3304 τὴν
1705 3233 1842 3305 ψῆακ

215 3335 348 3389 φον,
375 3337 395 3372 ι
430 3320 550 3391 ἦτοι
574 3319 773 3391 τέχνην
801 3320 912 3375 τῶν
942 3322 1312 3392 ἀστρολόγων,
1353 3321 1430 3386 ὡς
1475 3323 1563 3376 ἀεὶ
1597 3323 1814 3395 μυρίοις

217 3413 476 3476 θανάτοις
501 3412 1029 3468 καθυποδάλλουσαν
1057 3417 1186 3478 τοὺς
1209 3415 1628 3470 κατακολουθεῖν
1672 3419 1808 3489 αὐτῇ

219 3503 616 3573 βουλομένουςσ
647 3505 746 3558 καὶ
781 3504 868 3558 διὰ
897 3507 998 3574 τὴν
1026 3507 1356 3576 προσδοκίαν
1388 3507 1497 3562 τῶν
1524 3507 1808 3580 λυπηρῶν,

217 3593 320 3646 καὶ
347 3591 436 3646 διὰ
455 3591 551 3664 τὴν
572 3591 860 3658 ἀπότευξιν
883 3593 992 3648 τῶν
1021 3596 1350 3667 χαροποιῶν.
1379 3596 1560 3664 ’Ἃπαξ
1583 3598 1680 3668 μὲν
1702 3601 1810 3670 γὰρ

221 3684 480 3766 θνήσκειν
511 3685 802 3756 ἄνθρωπος
843 3685 1087 3752 πέφυκεν
1106 3703 1122 3719 ο
1158 3688 1253 3742 ἂτε
1287 3688 1350 3760 δὴ
1370 3689 1462 3742 καί
1493 3689 1685 3759 θνητὸς
1707 3689 1805 3746 ῶν.

223 3775 306 3827 Τὸ
329 3774 384 3828 δὲ
410 3776 692 3838 τοιαύταις
721 3775 941 3840 πολλαῖς
975 3778 1071 3830 καὶ
1121 3777 1392 3849 διηνεκέσι
1440 3779 1535 3833 καὶ
1563 3780 1809 3852 χρονίαις

225 3863 742 3936 καθυποὸιὸλῆσθαι
771 3867 881 3921 τῶν
900 3869 1182 3940 δυσχερῶν
1220 3871 1316 3924 καί⁸
1345 3871 1607 3942 λυπηρῶν
1630 3889 1806 3945 προσ-

216 3956 453 4039 δοκίαις,
477 3959 572 4013 καὶ
609 3958 795 4029 μέντοι
820 3959 930 4013 τῶν
953 3960 1114 4030 δῆθεν
1135 3962 1355 4028 ἀγαθῶν
1383 3965 1479 4016 καὶ
1497 3964 1807 4035 χαροποιῶν

216 4049 568 4115 ἀποτεύξεσι,
610 4049 730 4114 πῶς
761 4051 884 4121 οὐχὶ
908 4053 1002 4104 καὶ
1047 4052 1284 4106 θανάτου
1343 4057 1675 4126 πικροτέραν
1707 4056 1806 4130 τὴν

215 4141 478 4212 τοιαύτην
503 4141 742 4196 δείκνυσι
774 4141 1124 4216 ψηφοφορίαν
1146 4146 1240 4198 καί
1259 4147 1457 4218 τέχνην
1478 4165 1493 4216 ;
1525 4150 1590 4202 Ὃ
1615 4150 1670 4204 δέ
1702 4168 1806 4220 φη-

217 4239 356 4290 σινό
397 4237 850 4308 Έκκλησιαστής’
889 4255 908 4289 ‹
931 4239 1251 4294 Ἐκύκλωσα
1285 4243 1396 4310 ἐγὼ
1422 4244 1516 4297 καὶ
1545 4245 1576 4316 ἡ
1606 4246 1805 4316 καρδία

218 4343 362 4401 μου·
390 4347 408 4380 ι
439 4331 626 4400 μηδεὶς
655 4331 870 4402 οἰηθείη
908 4331 1102 4404 δηλοῦν
1134 4335 1194 4386 τὸ
1219 4333 1334 4404 ἐγὼ
1373 4336 1523 4401 ἄλλο,
1556 4337 1651 4391 καὶ
1687 4339 1804 4407 τὴν

212 4423 475 4494 καρδίαν
517 4425 680 4480 ἄλλο·
712 4426 1016 4498 ἀδιαίρετος
1075 4428 1183 4498 γάρ
1228 4431 1382 4482 ἐστιν
1425 4432 1453 4484 ὁ
1489 4431 1800 4500 ἄνθρωπος,

1913 581 2096 620 rerum
2119 565 2364 620 omnium
2401 565 2776 628 Conditorem,
2811 566 3080 621 malarum
3111 582 3330 640 quoque
3363 585 3497 624 cau-

1912 673 2030 714 sam
2059 658 2357 723 exstitisse,
2392 673 2516 714 cum
2557 659 2625 713 ab
2663 673 2730 714 eo
2760 668 2909 716 astra
2949 661 3166 716 condita
3215 662 3347 728 sint,
3375 677 3498 734 quin

1913 751 2058 806 mala
2087 749 2280 806 aﬁ‘erre
2313 758 2370 805 et
2406 749 2664 806 vitiorum
2697 766 2875 806 causa:
2911 767 3033 808 esse
3082 752 3352 822 feruntur,
3387 771 3494 809 non

1913 842 2078 914 igitur
2107 843 2512 914 astrologorum
2549 851 2718 898 artem
2747 844 2993 900 ediscere
3016 845 3246 912 studuit,
3282 857 3340 900 ut
3372 846 3495 900 talia

1912 935 2249 1005 Opinaretur,
2275 949 2398 1004 ηοω
2419 934 2733 1014 importuna
2762 943 2894 990 sunt
2922 943 2977 989 ct
2997 933 3250 1001 infamia,
3281 950 3346 991 ac
3377 937 3498 1006 pla-

1913 1040 1982 1080 ne
2014 1025 2312 1080 deridicula
2348 1043 2362 1079 :
2395 1025 2489 1080 sed
2521 1033 2579 1078 ut
2611 1025 2792 1096 potius
2823 1040 2852 1080 e
2887 1025 3166 1081 contrario
3205 1027 3496 1096 impiorum
3591 1097 3594 1100 γ

1912 1117 2198 1173 stultitiam
2241 1125 2296 1172 et
2335 1116 2727 1172 turbulentiam
2768 1131 2820 1172 et
2857 1117 3344 1174 circumactionem
3379 1119 3498 1188 ipsa

1911 1211 2157 1268 scientia:
2186 1211 2520 1281 experientia
2565 1211 2859 1280 detegeret.
2893 1210 3030 1266 Cum
3069 1212 3214 1267 enim
3260 1212 3500 1282 appella-

1912 1304 1986 1358 rit
2016 1323 2036 1357 ς
2081 1303 2406 1374 sapientiam
2431 1309 2484 1357 et
2512 1302 2809 1368 calculum,
2843 1321 2862 1353 ι
2897 1303 3302 1374 astrologorum
3325 1313 3496 1360 artem

1912 1397 2113 1452 diserte
2137 1395 2443 1467 designavit
2468 1413 2482 1461 ;
2511 1395 2713 1466 quippe
2737 1411 2860 1466 ηοω
2888 1396 2942 1450 in
2968 1396 3303 1450 calculorum
3332 1397 3500 1452 ratio-

1913 1491 2075 1546 nibus
2110 1489 2364 1544 ineundis
2390 1489 2627 1543 maxime
2649 1489 2952 1543 consistere
2987 1489 3220 1542 videtur.
3251 1490 3364 1546 Nec
3393 1490 3498 1544 mi-

1915 1597 2018 1637 nus
2053 1580 2454 1649 astrologorum
2501 1588 2673 1634 artem
2708 1579 2814 1634 illa:
2843 1579 3152 1649 significant
3177 1580 3500 1649 appellatio-

1911 1689 2034 1736 nes,
2059 1671 2418 1735 turbulentiw,
2443 1670 2688 1739 inquam,
2707 1680 2759 1726 et
2784 1672 3248 1737 circumactionis;
3267 1687 3390 1728 cum
3409 1672 3497 1738 iis,

1912 1767 2005 1836 qui
2041 1781 2162 1822 eam
2214 1769 2420 1832 colunt,
2475 1765 2777 1831 assiduam,
2812 1765 2897 1820 vel
2949 1765 3132 1835 potius
3179 1775 3497 1836 perpetuam

1908 1858 2100 1913 all‘erat
2124 1857 2619 1928 perturbationem,
2637 1866 2691 1912 et
2705 1857 3069 1912 sectatoribus
3091 1872 3284 1912 eorum
3309 1857 3499 1912 iidem-

1908 1965 2016 2022 que
2055 1950 2381 2005 habentibus
2412 1949 2517 2004 hoc
2550 1957 2602 2003 et
2638 1948 2770 2004 illud
2806 1949 3093 2004 denuntiet
3129 1964 3194 2004 ac
3240 1949 3499 2018 pollicea-

1909 2046 2022 2103 tur,
2055 2039 2389 2108 eosdemque
2429 2039 2483 2092 in
2532 2039 2866 2094 contrariam
2913 2047 3224 2110 retorqueat
3258 2039 3497 2094 circum-

1910 2129 2198 2191 actionem,
2227 2137 2286 2182 ut
2320 2143 2538 2198 semper
2569 2135 2911 2197 exspectent,
2942 2126 3071 2182 dum
3107 2127 3374 2196 promissa
3407 2143 3499 2185 ac-

1910 2221 2138 2290 cipiant,
2168 2235 2291 2291 qua:
2325 2219 2402 2274 illi
2433 2220 2650 2280 dedere.
2683 2217 2897 2274 faustos
2936 2219 3145 2275 scilicet
3188 2221 3370 2276 exitus
3402 2229 3498 2275 aut

1891 2311 2096 2372 tristes
2127 2328 2142 2366 :
2179 2311 2364 2381 itaque
2391 2321 2673 2380 nunquam
2701 2310 2946 2364 animum
2981 2323 3113 2366 cura
3147 2325 3378 2366 vacuum
3414 2312 3498 2366 in-

1909 2401 2156 2468 veniant,
2182 2401 2374 2456 talium
2407 2402 2591 2456 rerum
2622 2400 3029 2470 exspectatione
3063 2409 3118 2456 et
3143 2401 3299 2456 vanis
3331 2401 3496 2457 illecti

1912 2492 2210 2559 blanditiis,
2241 2507 2364 2564 ηοω
2386 2492 2595 2547 nullum
2627 2492 2762 2562 ipsis
2785 2492 3045 2564 gaudium
3068 2493 3316 2549 allatura!
3343 2494 3454 2549 sint
3478 2509 3494 2549 :

1913 2599 1977 2640 ac
2014 2593 2303 2656 propterea
2349 2584 2709 2655 negligentius
2759 2599 2818 2640 se
2851 2591 3062 2655 gerant,
3091 2597 3144 2640 et
3191 2586 3246 2640 in
3282 2593 3496 2642 suamet

1911 2676 2120 2732 desidia
2148 2675 2415 2746 .undique
2458 2675 2872 2731 difﬁcultatibus
2908 2675 3280 2746 aerumnisque
3305 2675 3498 2732 condia-

1912 2774 2147 2822 ctentur.
2177 2763 2313 2820 Nam
2356 2765 2458 2820 hoc
2491 2763 2668 2834 ipsum
2710 2763 2930 2834 sapiens
2967 2763 3324 2820 Ecclesiastes
3351 2763 3499 2820 indi~

1911 2857 2078 2922 cavit,
2101 2872 2226 2912 cum
2251 2857 2392 2913 dixit
2422 2877 2434 2911 :
2463 2877 2482 2909 ‹
2521 2855 2587 2910 Et
2607 2857 2826 2912 invenio
2858 2871 2963 2928 ego
2991 2871 3111 2913 eam
3141 2865 3320 2915 morte
3342 2871 3502 2914 amav

1911 2963 2134 3005 rnorem.
2179 2967 2201 3002 ι

1987 3230 2146 3302 Eam,
2170 3234 2506 3306 quamnam?
2528 3235 2632 3290 nisi
2664 3253 2684 3286 ι
2714 3233 3052 3305 Sapientiam
3079 3241 3134 3290 et
3155 3230 3450 3300 calculum,
3473 3251 3495 3284 ι

1912 3329 2028 3382 Sive
2081 3334 2253 3380 artem
2307 3326 2749 3396 astrologorum,
2804 3341 2930 3382 cum
2985 3327 3104 3383 haec
3153 3327 3351 3384 millies
3402 3341 3501 3384 eos

1912 3414 2051 3470 mori
2085 3415 2493 3484 quodammodo
2529 3423 2710 3484 cogat,
2765 3419 2864 3485 qui
2913 3428 2973 3470 se
3007 3413 3082 3468 illi
3115 3415 3497 3471 dediderunt:

1910 3509 2108 3580 partim
2143 3507 2216 3562 ob
2247 3502 2485 3563 tristium
2523 3506 2896 3573 formidinem,
2935 3507 3134 3578 partim
3173 3507 3246 3562 ob
3287 3505 3500 3564 fausto-

1911 3615 2030 3655 rum
2063 3599 2498 3655 frustrationem.
2529 3597 2706 3654 Semel
2732 3599 2878 3654 enim
2911 3597 3120 3654 homini
3149 3599 3499 3655 moriendum

1908 3701 2017 3753 est.
2047 3698 2107 3746 ut
2147 3691 2396 3746 mortalis
2439 3691 2560 3760 ejus
2611 3698 2807 3746 natura
2860 3690 2980 3746 fert.
3016 3691 3087 3745 At
3119 3701 3250 3746 vero
3284 3707 3348 3747 ea
3375 3707 3500 3748 esse
3580 3716 3588 3720 ·

1907 3786 2246 3850 conditione,
2280 3790 2341 3840 ut
2379 3784 2594 3839 funesta
2630 3793 2792 3854 atque
2841 3783 3018 3838 tristia
3075 3781 3336 3838 diuturna
3373 3799 3501 3854 per-

1907 3886 2180 3948 petuaque
2230 3875 2592 3947 trepidatione
2637 3875 2832 3932 timere
2882 3875 3105 3940 debeas,
3153 3875 3298 3931 bona
3332 3885 3500 3947 atque

1908 3971 2031 4027 laeta
2080 3981 2360 4041 nunquam
2411 3969 2706 4024 adventare
2736 3968 2946 4034 videas,
2979 3969 3259 4038 quomodo
3290 3985 3499 4040 suppu-

1907 4062 2168 4116 tationem
2228 4059 2392 4130 197
2452 4057 2723 4128 ejusmodi
2783 4068 2950 4125 atque
3007 4065 3180 4112 artem
3220 4072 3329 4112 non
3377 4059 3496 4128 ipsa

1907 4163 2089 4209 morte
2133 4154 2462 4207 amariorcm
2494 4147 2771 4206 declarat?
2797 4149 2954 4216 Quod
2983 4158 3166 4202 autem
3213 4149 3361 4204 dicat
3387 4149 3498 4203 Ec-

1907 4245 2186 4300 clesiastes
2225 4263 2240 4300 :
2278 4263 2296 4296 ι
2335 4243 2574 4304 Circuivi
2626 4259 2728 4312 ego
2777 4251 2832 4298 et
2880 4258 2978 4298 cor
3016 4247 3224 4309 meum,
3257 4261 3278 4295 ι
3332 4258 3498 4298 nemo

1905 4347 2077 4408 putet,
2123 4337 2270 4392 aliud
2317 4352 2451 4391 voce
2479 4335 2615 4406 Ego,
2665 4336 2812 4390 aliud
2841 4351 2974 4390 voce
3017 4333 3123 4390 Cor
3163 4335 3487 4405 signiﬁcari.

1905 4429 2226 4485 lndividuus
2253 4429 2396 4483 enim
2423 4437 2506 4483 est
2534 4429 2720 4494 homo,
2750 4429 3037 4482 nominum
3061 4428 3189 4482 licet
3218 4426 3496 4496 signiﬁca-

211 4519 322 4574 κᾶν
349 4517 599 4590 διῄρηται
650 4521 772 4580 ταῖς
819 4519 1119 4589 σημασίαις
1159 4520 1268 4575 τῶν
1310 4521 1617 4591 ὀνομάτων·
1664 4523 1801 4576 ἀλλά

1913 4523 2152 4578 tionibus
2185 4521 2478 4575 dividatur.
2509 4519 2711 4574 Verum
2749 4520 2828 4575 sic
2857 4520 3063 4590 accipe,
3089 4529 3152 4574 ut
3192 4520 3269 4576 rei
3310 4521 3494 4591 inqui-

208 4610 517 4678 λογιζέσθω
539 4609 638 4681 τὴν
657 4609 765 4662 ἀπὸ
784 4611 1010 4681 καρδίας
1036 4612 1130 4664 ἐπὶ
1151 4610 1228 4682 τῷ
1253 4613 1537 4683 πράγματι
1568 4615 1796 4686 ζήτησιν

206 4704 278 4757 τὸ
299 4702 587 4774 εἰρημένον
625 4703 840 4771 δηλοῦν.
869 4703 1222 4773 Παρεμπεδοῖ
1248 4704 1303 4756 δὲ
1331 4706 1425 4758 καὶ
1453 4722 1796 4780 κατακωμῳ-

207 4794 296 4848 δεῖ
326 4791 432 4845 τῶν
459 4791 722 4846 τοιούτων
751 4793 848 4863 τὴν
879 4792 1158 4864 ὲξαπάτην
1185 4795 1280 4847 καὶ
1306 4794 1392 4848 διά
1438 4793 1548 4849 τῶν
1573 4799 1794 4863 ἀαέσως

207 4887 496 4956 ἑπομένων
525 4885 716 4940 εἰπών.
745 4886 883 4957 Φησὶ
912 4885 1049 4957 γάρ·

1907 4614 2162 4670 sitionem
2192 4627 2223 4666 a
2261 4611 2425 4668 corde
2467 4614 2704 4681 pendere
2753 4613 2861 4667 illis
2906 4613 3089 4667 verbis
3127 4613 3487 4682 significetur.

1905 4701 2087 4775 Pergit
2107 4718 2269 4774 porro
2290 4702 2594 4774 praestigias
2624 4702 2855 4757 istorum
2881 4713 2936 4757 et
2961 4701 3204 4758 fallacias
3227 4703 3491 4772 perstrin-

1905 4811 2032 4866 gere
2065 4795 2132 4850 iis
2160 4794 2345 4862 etiam,
2373 4809 2494 4865 qua:
2527 4795 2778 4864 protinus
2809 4803 3131 4865 sequuntur.
3167 4793 3256 4848 Ait
3288 4794 3433 4848 enim
3465 4811 3486 4848 ι

1781 5005 1912 5081 sv.

282 5095 409 5150 Σὺν
439 5095 554 5164 τὴν·
600 5096 890 5167 γυναῖκα,
946 5077 1081 5166 ἣτις
1117 5097 1248 5152 ἐστὶ
1282 5102 1644 5175 θηρεύματα,
1696 5077 1798 5159 καί

203 5186 474 5256 σαγῆναι
501 5188 716 5258 καρδία
737 5187 946 5259 αὐτῆς,
977 5190 1204 5261 δεσμὸς
1231 5195 1319 5258 εἰς
1343 5191 1542 5261 χεῖρας
1581 5194 1793 5265 αὐτῆς.

1973 5107 2140 5166 Vens.
2172 5108 2262 5162 ‘26.
2303 5107 2578 5162 Mulierem
2605 5121 2722 5180 quae
2746 5120 2823 5164 est
2853 5107 3031 5180 laquei
3067 5121 3392 5176 venatorum,
3433 5119 3483 5166 et

1901 5218 2106 5272 sugente
2150 5217 2241 5255 cor
2272 5201 2408 5271 ejus,
2441 5201 2704 5256 vinculum
2734 5204 2788 5256 in
2823 5205 3064 5259 manibus
3109 5205 3246 5275 ejus.
3299 5203 3482 5260 Bonus

214 5279 461 5350 Ἀγαθός
499 5281 614 5348 πρὸ
655 5280 980 5350 προσώπου
1013 5282 1121 5336 τοῦ
1161 5281 1311 5337 Θεοῦ
1348 5282 1796 5352 ἐξαιρεθήσεται

1913 5310 2078 5346 :oram
2107 5292 2210 5348 Deo
2236 5305 2452 5348 eruetur
2484 5295 2549 5348 ab
2595 5311 2677 5363 ea,
2707 5303 2758 5348 et
2786 5296 2878 5366 qui
2905 5306 3106 5367 peccat,
3151 5299 3390 5367 capietur
3427 5300 3484 5352 iu

204 5370 313 5428 ἀπ’
345 5371 538 5442 αὐτῆς
561 5413 577 5440 ,
629 5371 730 5425 καὶ
771 5371 1124 5442 ἁμαρτάνων
1163 5375 1669 5444 συλληφθήσεται
1724 5380 1796 5434 ἐν

205 5461 385 5531 αὐτῇ.

203 5577 468 5650 praeditus
499 5585 617 5650 est;
658 5576 750 5650 sed
777 5577 938 5632 veluti
964 5577 1186 5632 vinculis
1229 5579 1565 5650 quibusdam,
1598 5597 1662 5634 ac
1700 5599 1792 5637 ue-

198 5649 492 5710 ccssitatis,
516 5657 573 5701 ut
597 5649 676 5703 ita
699 5649 894 5715 dicam,
914 5650 1132 5703 nexibus
1154 5649 1471 5704 constrictus
1497 5653 1566 5704 ad
1588 5663 1793 5706 utrum-

1897 5386 1994 5440 illa
2023 5387 2157 5458 (9-4).

1969 5586 2091 5664 (94)-
2123 5586 2264 5664 LEX
2314 5588 2826 5664 liabentuﬁﬁpeupa
2874 5605 2983 5664 pro,
3023 5590 3368 5664 θηρεύματα.
3410 5593 3482 5650 At

1899 5659 2134 5729 veroiin
2173 5657 2657 5729 Constitutionibus
2703 5657 3011 5729 apostolicis
3047 5657 3322 5720 sententia
3367 5676 3476 5720 tota

197 5735 318 5806 τιμε
341 5719 627 5806 adducitur
664 5735 682 5772 :
716 5720 848 5800 nihil
879 5730 937 5772 ut
985 5719 1244 5800 reliquum
1267 5721 1372 5802 sit,
1402 5732 1505 5806 qua
1534 5739 1566 5803 α
1606 5723 1790 5777 bestiis

1913 5729 1977 5781 sic
2005 5728 2232 5806 aliet'tur
2263 5728 2379 5799 (lib.
2409 5746 2456 5806 _I,
2490 5747 2538 5784 (ε.
2560 5731 2658 5806 _9):
2706 5719 2980 5806 Ἑμίσησα
3015 5719 3158 5806 ὑπερ
3187 5737 3278 5789 τὸν
3309 5719 3477 5806 Ocian

195 5789 448 5862 eti/ferat,
483 5791 573 5860 qui
611 5792 845 5844 omnium
875 5806 1058 5844 earum
1089 5791 1370 5860 imperium
1393 5789 1650 5847 divinitus
1687 5811 1786 5848 na-

197 5871 325 5916 ειασ
360 5867 458 5914 est.

487 5953 759 6019 Ρλνιήοι,
803 5956 848 6016 G
863 5977 919 6018 ιι.
949 5956 1221 6018 XCVIII.

1894 5815 1986 5850 τον
2011 5799 2116 5878 Ξὺν
2144 5799 2244 5878 τῂν
2269 5803 2522 5878 γυναζκα,
2545 5799 2679 5878 -ἥτις
2706 5799 2823 5878 ἐστὶ
2855 5799 3107 5876 θῆρευμα
3129 5799 3235 5860 ’καὶ
3263 5805 3476 5878 σαγήνη

1896 5868 2146 5940 καρδίας,
2179 5868 2367 5939 δεσμοὶ
2391 5871 2449 5924 δὲ
2479 5868 2661 5943 χεῖρες
2691 5875 2882 5946 αὐτῆς·

3037 5969 3112 6028 33
