3992 6416
167 453 179 464 ’
272 465 412 536 1011

1340 471 1425 532 IN
1469 467 2050 532 ECCLESIASTEN.‘
2079 494 2149 504 -
2175 419 2327 531 [ΗΞ.
2359 469 2490 530 VII.

3406 455 3540 518 10-112
3604 429 3620 441 '

266 580 437 633 τείτω
466 575 662 646 σοφοὺς
689 573 891 646 ἄνδρας
922 571 1014 627 καὶ
1046 574 1324 641 συνετοὺς,
1357 577 1483 640 τοὺς
1511 575 1574 630 τὸ
1601 577 1862 648 θεωρητι-

1992 589 2068 640 es,
2101 573 2196 645 qui
2229 575 2467 629 nativam
2503 571 2671 628 animi
2702 571 2772 627 ad
2808 569 3210 641 disnicicudum
3247 568 3545 638 agendum-

272 666 374 720 κδν
412 665 510 734 τῆς
561 662 762 733 ψυχῆς,
793 663 890 716 καὶ
926 663 988 716 τδ
1039 663 1344 734 πρακτικὸν
1402 665 1861 720 ἀνεπιϐούλευτον

273 747 674 816 διασώσαντας,
701 751 795 806 καὶ
819 751 906 806 διὰ
935 752 1092 807 τοῦτο
1111 752 1442 826 δυναμένους
1472 756 1572 827 τὴν
1601 755 1862 828 ἀλήθειαν

277 845 598 916 ἀποκρίνειν
629 842 722 898 τοῦ
747 843 996 916 ψεύδους,
1027 845 1122 899 καὶ
1148 843 1256 900 τῶν
1283 847 1640 920 ἐσφαλμένων
1663 847 1864 920 ὑπολή-

276 937 424 1006 ψεων
458 936 825 990 ἀπαλλάττειν
874 937 1002 1000 τοὺς
1044 938 1495 1008 προσφοιτῶντας
1537 940 1741 1004 αὐτοῖς,
1771 941 1866 994 καὶ

279 1027 420 1097 πρὸς
471 1026 572 1090 τὰς
611 1028 891 1098 ἀτραποὺς
932 1028 1032 1100 τῆς
1077 1029 1350 1102 σωτηρίας
1399 1030 1747 1102 καθοδηγεῖν.
1799 1033 1865 1085 Οί

277 1116 513 1172 τοιοῦτοι
542 1119 653 1190 γάρ
677 1119 827 1172 ῖσασι
859 1120 956 1174 καὶ
981 1119 1135 1176 λύσιν
1167 1123 1413 1194 ῥήματος
1444 1123 1630 1176 δοῦναι
1667 1123 1866 1186 παντὸς

284 1208 685 1282 προϐληθέντος
725 1210 784 1278 ἐξ
837 1211 1092 1284 ἀπορίας,
1141 1213 1240 1267 καὶ
1271 1213 1509 1284 φωτίσαι
1543 1214 1639 1269 τοῦ
1691 1215 1867 1288 μαθη-

285 1301 506 1364 τιῶντος
557 1299 619 1354 τὸ
660 1301 851 1371 νοητὸν
909 1304 1224 1372 πρόσωπον,
1268 1305 1344 1370 ὡς
1378 1307 1471 1360 καὶ
1513 1306 1674 1360 πάλιν
1703 1307 1867 1362 αὐτὸν

285 1390 372 1444 διά
405 1389 505 1460 τῆς
539 1391 750 1444 ἐκεῖθεν
781 1392 928 1462 αὐτῷ
954 1398 1390 1465 προσγεγονυίας
1419 1397 1626 1462 λύσεως
1651 1401 1745 1452 καὶ
1776 1416 1866 1452 σο·

287 1483 416 1551 φίας
444 1481 642 1547 ἄλλους
669 1483 950 1548 φωτίζειν.
977 1489 1040 1540 Οἱ
1071 1488 1184 1558 γὰρ
1206 1491 1265 1543 ὲν
1297 1490 1741 1563 μετριοφροσύνῃ
1771 1491 1868 1545 καὶ

289 1573 557 1644 πραότητι
586 1575 683 1628 καὶ
708 1575 944 1630 διαθέσει
977 1578 1208 1648 καρδίας
1247 1580 1592 1652 ἀπεριέργως
1637 1583 1748 1644 τοῖς
1777 1598 1870 1634 σο-

290 1668 412 1733 φοῖς
445 1665 782 1736 προσιόντες,
821 1668 917 1721 καὶ
953 1668 1332 1740 διδασκόμενοι
1381 1673 1510 1742 παρ’
1547 1673 1726 1726 αὐτῶν
1760 1672 1869 1726 τῶν

287 1755 625 1828 ἀσυμφόρων
649 1757 744 1811 καὶ
770 1757 879 1812 τῶν
897 1759 1190 1814 λυσιτελῶν
1218 1763 1318 1833 τὴν
1343 1764 1568 1832 γνῶσιν.
1595 1764 1871 1835 ἀπρόσκο-

289 1862 391 1898 πον
419 1845 718 1902 καθιστῶσι
744 1849 845 1922 τὴν
871 1851 1008 1904 ίδίαν
1037 1851 1208 1924 ζωήν.
1234 1854 1447 1926 Ὠσπερ
1471 1857 1500 1908 ό
1527 1855 1746 1927 ἀναιδὴς
1777 1856 1871 1910 καὶ

290 1939 638 2010 ὑπερήφανος
669 1940 764 1994 καὶ
799 1913 1171 2013 μεγάλαυγος,
1207 1913 1475 2014 μηδαμῶς
1508 1943 1588 2016 τῷ
1619 1913 1873 2000 διδασκα-
1901 1913 1944 1969 Β

291 2027 419 2098 λείῳ
441 2028 539 2082 τοῦ
567 2030 879 2100 πνεύματος
907 2033 1188 2104 προσιέναι
1221 2034 1570 2106 βουλόμενος,
1607 2037 1878 2109 στυγητὸς

292 2117 520 2191 εὕρηται
571 2121 668 2175 καὶ
719 2123 954 2190 φευκτὸς
996 2127 1110 2189 τοῖς
1145 2129 1388 2190 συνετοϊς
1427 2127 1522 2180 καὶ
1554 2131 1740 2198 σοφοῖς
1778 2129 1880 2198 τῆς

295 2209 433 2274 ιδίας
463 2211 840 2283 μεγαλαυχίας
869 2213 1076 2285 ταύτην
1099 2216 1372 2288 εὑρίσκων
1393 2217 1492 2288 τὴν
1515 2219 1770 2290 ἀμοιϐήν.
1798 2219 1880 2274 Τὰ

295 2303 578 2374 πρέποντα
632 2301 743 2378 γὰρ
807 2307 902 2362 καὶ
955 2309 1308 2380 συμφέροντα
1367 2311 1559 2381 μαθεῖν
1611 2312 1716 2365 ὑπὸ
1770 2310 1878 2366 τῶν

299 2394 478 2463 σοφῶν
526 2396 628 2450 ούκ
681 2397 964 2470 ἐθελήσας,
1021 2399 1139 2454 ἀλλ’
1189 2403 1246 2455 ἐν
1296 2401 1718 2472 πονηρολογίαις
1757 2399 1878 2456 ικαὶ

299 2485 839 2558 ψευδορῤημοσύναις
902 2492 1417 2562 παρρησιαζόμενος
1479 2493 1872 2564 ἀναισχύντως,

302 2576 466 2641 αὐτὸς
492 2579 681 2632 ἑαυτὸν
706 2579 997 2652 καθίστησι
1029 2583 1278 2654 αισητόν.
1314 2579 1447 2639 Εἶτά
1491 2600 1657 2656 φησιν
1693 2585 1722 2636 ὁ
1754 2583 1878 2638 Ἐκ-

305 2667 638 2740 κλησιαστὴς
671 2685 688 2700 ο

374 2873 570 2942 Στόμα
608 2873 920 2944 βασιλέως
959 2878 1260 2947 φύλαξον,
1289 2881 1386 2935 καὶ
1417 2883 1550 2950 περὶ
1583 2883 1771 2954 λόγου
1799 2884 1886 2954 ὄρ·

305 2979 418 3015 κου
453 2961 602 3017 Θεοῦ
631 2963 718 3033 μὴ
759 2965 1094 3028 σπούδαζε·
1138 2969 1257 3024 ἀπὸ
1313 2971 1640 3038 προσώπου
1697 2973 1888 3028 αὐτοῦ

305 3051 612 3119 πορεύσῃο
661 3051 747 3122 μὴ
800 3053 956 3124 στῆς
1005 3055 1076 3110 ἐν
1105 3059 1276 3134 ,λόγῳ
1333 3059 1596 3128 πονηρῷ,
1635 3059 1888 3118 ὅτι’πᾶν

307 3137 338 3190 ὃ
380 3139 492 3194 ἐὰν
533 3141 767 3215 θελήσῃ
817 3145 1082 3214 ποιήσει,
1135 3146 1329 3214 καθὼς
1374 3149 1552 3202 λαλεῖ
1584 3151 1888 3219 βασιλεὺς

304 3231 674 3294 ἐέουσιάζων
690 3249 706 3264 ο
737 3239 837 3290 καί
866 3238 958 3305 τίς
981 3237 1107 3306 ἐρεῖ
1125 3239 1308 3306 αὐτῷ,
1348 3241 1410 3296 Τί
1428 3241 1761 3310 ἐποίησας;

377 3325 834 3398 Είσηγησάμενος
863 3329 963 3394 τάς
994 3331 1215 3403 ἀληθεῖς
1260 3333 1390 3404 περὶ
1421 3332 1558 3388 Θεοῦ
1598 3335 1888 3405 φυλάττειν

310 3417 630 3489 ὑπολήψεις,
660 3420 756 3474 καὶ
789 3422 1060 3493 μηδαμῶς
1089 3425 1540 3497 παραχαράττειν
1575 3428 1676 3498 τὴν
1703 3429 1890 3484 εἰκόνα

305 3507 410 3578 τῆς
447 3509 734 3574 εὐσεϐείας
777 3514 893 3576 τοῖς
937 3513 1202 3570 ἀκαλλέσι
1233 3517 1328 3570 καὶ
1361 3516 1702 3586 ψευδοδόξοις
1753 3517 1893 3590 χρώ-

311 3617 450 3670 μασι
482 3599 592 3654 τῶν
617 3602 678 3654 ὲν
707 3603 828 3666 ταῖς
867 3603 1291 3674 ἀστρολογικαῗς
1323 3605 1528 3678 ψήφοις
1555 3607 1890 3679 ἀσχολουμέ-

309 3709 440 3758 νων,
490 3690 628 3746 ἀλλά
664 3693 796 3764 μίαν
825 3693 1038 3748 οίεσθαι
1079 3697 1175 3750 καὶ
1221 3699 1615 3770 καταγγέλλειν
1656 3701 1892 3772 ἁρχικὴν

315 3783 475 3851 φύσιν
522 3782 623 3856 τὴν
669 3785 792 3840 τότε
834 3787 894 3840 τὸ
943 3787 1052 3842 πᾶν
1075 3786 1431 3858 διεξάγουσαν
1459 3792 1750 3860 πανσόφως
1798 3793 1894 3844 καὶ

319 3877 727 3948 συμφερόντως,
768 3878 863 3931 καὶ
901 3879 1002 3948 τὴν
1042 3880 1278 3937 ἑκάστου
1307 3884 1633 3955 προαίρεσιν
1673 3884 1774 3953 τῆς
1807 3883 1894 3953 ἐφ’

310 3967 553 4038 ἑκάτερα
586 3969 791 4040 ῥοπῆς,
833 3970 1079 4040 δηλονότι
1111 3973 1220 4026 τῶν
1247 3974 1333 4042 ἐφ’
1365 3975 1499 4046 ἡμῖν
1541 3976 1636 4028 καὶ
1663 3974 1770 4028 τῶν
1795 3974 1898 4028 οὐκ

309 4057 401 4128 ἐφ’
423 4059 552 4129 ἡμῖν
578 4059 722 4130 ἔχειν
744 4059 845 4131 τὴν
867 4059 1140 4126 ἐξουσίαν·
1166 4065 1262 4119 νῦν
1285 4067 1367 4135 ἐφ’
1390 4067 1586 4137 ἑτέραν
1609 4068 1896 4137 είσήγὴσιν

315 4149 551 4220 μέτεισι,
579 4151 676 4206 καὶ
708 4157 1206 4224 κατασφαλίζεται,
1242 4159 1510 4230 μηδαμῶς
1530 4162 1599 4214 τά
1628 4159 1894 4231 λελεγμέ-

307 4259 382 4295 να
422 4245 572 4312 παρά
599 4243 869 4314 βασιλέως
892 4247 1242 4320 δημοσιεύειν
1264 4291 1278 4314 ,
1314 4251 1404 4305 ἵνα
1449 4251 1526 4322 μὴ
1561 4252 1900 4323 πρόσκομμα

308 4331 412 4421 καὶ
458 4332 667 4388 σκῶλον
709 4334 847 4408 εὕρῃ
891 4337 987 4391 καὶ
1036 4339 1345 4410 πειρασμὸν
1387 4341 1646 4412 ἀνόνητον
1685 4344 1712 4396 ὁ
1740 4342 1900 4396 τοῦτο

311 4425 511 4479 ποιῶν.
564 4427 710 4480 Διότι
762 4429 858 4482 καί
909 4430 1011 4484 πού
1076 4449 1210 4503 φησι
1263 4433 1322 4486 τὸ
1369 4435 1552 4504 λόγιον
1609 4435 1707 4506 τῆς
1748 4436 1900 4501 θείας

479 4519 578 4590 ἦς’
649 4539 668 4572 ι
715 4521 1035 4594 Μυστήριον
1093 4519 1372 4594 βασιλέως
1445 4525 1736 4594 φυλάττειν
1802 4545 1900 4582 κα·

393 4701 629 4760 Ἔπειτα
680 4707 1088 4776 παρεγγυᾶται,
1151 4708 1248 4760 καὶ
1295 4708 1370 4778 μὴ
1432 4711 1722 4780 πρόχειρον
1761 4707 1902 4763 εἶναι

314 4790 460 4862 πηὸς
511 4793 698 4862 ὅρκον,
754 4795 892 4865 μηδὲ
943 4796 1046 4867 τὴν
1094 4795 1341 4864 γλῶτταν
1398 4799 1678 4852 εὐόλισθον
1737 4794 1906 4852 οὖσαν

315 4885 628 4956 συγχωρεῖν
650 4884 823 4954 ὄνομα⁵
851 4885 988 4940 Θεοῦ
1022 4888 1285 4957 προάγειν
1319 4888 1400 4946 είς
1426 4891 1521 4952 τὰς
1553 4890 1771 4958 ὁμιλίας
1805 4890 1904 4954 τὰς

313 4972 460 5042 πρὸς
488 4974 615 5037 τοὺς
648 4974 844 5040 πέλας.
869 4975 1040 5030 Τοῦτο
1067 4978 1124 5032 δὲ
1152 4977 1336 5050 διττὴν
1362 4979 1472 5050 ἔχει
1493 4983 1594 5050 τὴν
1623 4981 1862 5051 ἔμφασιν
1889 4998 1903 5014 ο

311 5062 353 5133 ἢ
375 5063 439 5116 τὸ
467 5063 735 5135 μηδαμῶς
759 5067 849 5119 ἐπ’
865 5066 1094 5138 ὀνόματι
1124 5067 1262 5122 Θεοῦ
1287 5069 1375 5124 διά
1391 5087 1510 5124 τινα
1537 5073 1906 5147 προκειμένην

366 5242 578 5330 ,(ιιῌι
605 5241 1017 5330 ‘LY‘IX‘baben'tv.
1041 5285 1054 5300 .
1079 5285 1091 5298 .
1124 5245 1609 5330 uij‘c'n'ouﬁdtsng._.
1636 5284 1651 5300 .
1675 5287 1687 5330 _.
1719 5257 1774 5330 et
1804 5265 1906 5301 κα-

314 5313 432 5376 θὼς
456 5313 728 5382 βασιλεὺς
756 5315 1108 5380 ἐξουσιάζων,
1127 5313 1237 5369 ’καὶ
1265 5317 1374 5381 τίς.
1393 5356 1405 5368 .
1426 5357 1440 5370 .
1460 5359 1473 5372 .
1492 5313 1748 5372 "Aduolat
1775 5333 1904 5372 vero

313 5384 768 5456 Olympiodorus,
821 5383 993 5438 Ἀλλα
1037 5385 1094 5439 δὲ
1147 5385 1329 5456 βιϐλία
1385 5385 1570 5458 ἔχουσι
1609 5388 1906 5458 πορευθῆ-

314 5470 451 5508 ναι.
476 5475 481 5480 “

397 5524 474 5598 (εἰ)
500 5523 636 5598 Tol).
668 5541 771 5598 xit,
798 5525 849 5580 7.
876 5526 980 5598 Sed
1007 5530 1146 5598 apud
1173 5527 1312 5583 LXX
1337 5527 1569 5598 legimus
1595 5529 1906 5598 Μυπτήριον

318 5593 592 5674 βασιλέως
627 5594 791 5674 καλὸν
825 5593 1055 5674 κρύψαις
1087 5593 1407 5674 Ephra'mns
1447 5600 1506 5674 in
1543 5593 1900 5674 Encont.'Ba-

318 5615 592 5663 βασιλεως
627 5615 791 5648 καί.ον
825 5615 1051 5668 κρυψαι.
1087 5615 1126 5652 IS
1169 5615 1404 5652 nra'mns
1448 5616 1498 5652 ιιι
1543 5615 1762 5654 nucem.
1798 5615 1900 5650 ua-

314 5665 416 5750 fi'l.
444 5663 708 5750 κρύπτειν
737 5665 832 5750 μὲν
857 5665 964 5750 γάρ
993 5669 1100 5750 τὰς,
1123 5615 1313 5750 aqum;
1337 5668 1448 5750 τῶν
1483 5668 1768 5738 βασιλέων,
1804 5686 1905 5722 κα-

323 5735 842 5808 λόιιλιῳιιιί-(ζοιοί.
875 5735 1020 5791 Men.
1054 5735 1236 5792 Κίον.
1275 5750 1310 5792 t.
1345 5737 1432 5802 ΙΙΙ,
1469 5735 1520 5808 p.
1558 5741 1673 5807 54.)

401 5805 481 5875 (6)
518 5805 576 5858 In
617 5804 862 5880 angatis
911 5808 1176 5880 habemus
1212 5825 1224 5860 :
1263 5809 1372 5878 Ego
1417 5804 1482 5880 osi
1511 5804 1667 5880 regis,
1695 5808 1907 5863 obserro

313 5885 374 5932 ει
407 5886 667 5948 prtccepta
703 5875 996 5944 jurmncnti
1045 5877 1177 5932 Dei:
1209 5875 1328 5957 qua}
1380 5875 1586 5934 melius"
1632 5879 1909 5936 Hebraicis

1963 683 2071 738 que
2124 665 2438 721 facultatem
2499 665 2756 722 intactam
2812 664 3192 739 integramque
3247 661 3542 722 servarint,

1966 761 2148 830 itaque
2191 773 2316 813 vera
2353 775 2382 812 a
2415 758 2567 813 falsis
2597 771 2884 812 secernere
2912 757 3145 826 possint,
3174 766 3228 811 et
3271 754 3544 809 teutitan-

1964 858 2048 908 tes
2079 851 2145 906 ad
2177 865 2237 905 se
2263 863 2373 903 non
2420 849 2580 904 modo
2606 849 2676 904 ab
2705 862 2892 903 errore
2937 863 3214 911 revocare,
3258 847 3349 902 sed
3379 847 3544 900 etiam

1966 945 2022 1000 in
2052 945 2276 1000 semitas
2324 943 2518 999 salutis
2563 942 2853 998 deducere.
2885 940 2997 996 Viri
3048 942 3193 996 enim
3229 938 3545 1009 liujusmodi

1965 1036 2379 1093 dissolutionem
2427 1049 2644 1105 quoque
2675 1033 2825 1088 verbi
2866 1034 3137 1104 cujusque
3177 1047 3244 1087 ex
3279 1029 3549 1099 ambigui—

1967 1138 2078 1186 tate
2122 1129 2388 1200 propositi
2423 1128 2654 1183 reddere
2700 1135 2930 1190 norunt,
2983 1135 3037 1181 et
3075 1125 3318 1181 discendi
3353 1122 3551 1192 cupido

1968 1221 2170 1277 mentis
2201 1220 2412 1276 vultum
2445 1225 2598 1276 tanta
2621 1219 2748 1273 luce
2775 1215 3127 1288 perfundere,
3160 1224 3221 1270 ut
3249 1217 3364 1285 ipse
3386 1215 3548 1269 etiam

1972 1327 2081 1367 non
2113 1311 2316 1377 minus,
2345 1311 2415 1366 ob
2443 1309 2736 1367 enodatum
2764 1303 3053 1379 quasitum
3087 1315 3141 1360 et
3175 1315 3382 1375 partam
3427 1305 3582 1359 inde
3647 1335 3657 1346 -

1971 1402 2342 1473 sapientiam,
2393 1401 2516 1458 aliis
2549 1402 2728 1456 lucem
2767 1399 2964 1454 afferre
3021 1397 3214 1467 possit.
3267 1394 3401 1448 Nam
3456 1395 3550 1464 qui

1973 1493 2252 1548 moderate
2279 1500 2578 1562 pacateque
2605 1501 2662 1546 et
2704 1489 2890 1544 animo
2921 1497 3113 1558 parato
3149 1502 3214 1542 ac
3249 1485 3553 1554 composito

1973 1585 2040 1640 ad
2070 1583 2346 1653 sapientes
2385 1581 2673 1646 accedunt,
2719 1588 2884 1648 atque
2915 1578 2982 1632 ab
3018 1578 3153 1646 ipsis
3185 1575 3558 1646 cognitionem

1972 1675 2236 1730 hauriunt
2278 1687 2492 1738 eorum,
2527 1687 2650 1741 quae
2682 1677 2936 1734 noceant,
2975 1683 3206 1738 quaeque
3248 1666 3480 1736 prosint,
3519 1666 3553 1718 ii

1972 1767 2142 1823 vitam
2175 1779 2333 1820 suam
2373 1763 2555 1818 omnis
2585 1763 2746 1832 plane
2786 1759 3106 1815 offensionis
3135 1765 3414 1826 expertem
3453 1755 3556 1808 im-

1978 1869 2310 1925 munemque
2338 1853 2678 1908 constituant
2711 1871 2724 1905 :
2753 1865 2876 1906 cum
2905 1863 2936 1904 e
2959 1847 3242 1903 contrario
3269 1845 3558 1914 impudens

1978 1958 2030 2004 et
2055 1944 2310 2017 superbia
2346 1944 2596 2012 fastuque
2625 1941 2821 2007 elatus,
2853 1939 2948 2009 qui
2991 1938 3058 1992 ad
3091 1936 3258 1990 animi
3305 1934 3552 1989 scholam

1977 2040 2118 2103 itare
2151 2037 2310 2102 nolit,
2352 2037 2500 2090 hunc
2525 2031 2910 2090 ostentationis
2939 2043 3053 2084 suae
3079 2026 3318 2081 fructum
3352 2025 3554 2094 capiat,

1984 2140 2042 2186 ut
2074 2145 2125 2183 in
2166 2125 2516 2198 prudentium
2549 2121 2989 2194 sapientiumque
3037 2116 3223 2172 odium
3260 2115 3560 2170 et-aliena—

1982 2223 2186 2277 tionem
2238 2219 2505 2273 incurrat.
2541 2213 2596 2271 is
2643 2214 2812 2280 enim,
2848 2213 2942 2282 qui
2991 2226 3022 2265 a
3067 2208 3404 2279 sapientibus
3439 2221 3562 2276 qua:

1979 2315 2230 2377 deceant,
2273 2324 2505 2379 quaeque
2542 2306 2696 2360 utilia
2747 2305 2880 2368 sint,
2920 2303 3166 2358 ediscere
3203 2299 3465 2363 noluerit,
3508 2306 3563 2351 ct

1983 2406 2037 2460 in
2063 2403 2247 2476 pravis
2284 2400 2464 2471 potius
2494 2397 2761 2468 falsisque
2797 2393 3143 2451 sermonibus
3179 2391 3348 2446 libere
3383 2391 3562 2458 impu»

1982 2499 2286 2563 denterquc
2343 2506 2404 2547 se
2465 2496 2736 2556 exerceat,
2797 2486 3093 2555 semetipse
3150 2484 3217 2539 ad
3275 2498 3563 2539 commune
3663 2498 3688 2514 κ

1984 2584 2170 2641 odium
2201 2581 2444 2653 exponit.
2482 2578 2644 2634 Addit
2677 2577 2874 2634 deinde
2913 2574 3270 2630 Ecclesiastes
3302 2591 3315 2626 :

1813 2793 1841 2864 ξ,
1886 2789 2018 2848 vnt.

2051 2880 2213 2951 202
2244 2878 2410 2934 Vsus.
2445 2877 2568 2932 2-4.
2613 2875 2686 2932 Os
2738 2877 2875 2947 regis
2932 2871 3162 2935 custodi,
3202 2880 3252 2926 et
3303 2873 3366 2922 de
3411 2867 3564 2923 rerbo

1975 2971 2276 3041 juramenti
2305 2969 2404 3025 Dei
2459 2985 2522 3024 ne
2549 2977 2767 3039 satagas
2795 2983 2814 3020 :
2843 2984 2876 3020 a
2906 2967 3047 3037 facie
3080 2963 3194 3034 ejus
3221 2960 3518 3041 ambulabis
3548 2973 3564 3010 :

1987 3081 2048 3118 ne
2079 3074 2186 3118 stes
2217 3064 2272 3117 in
2310 3063 2462 3117 uerbo
2511 3064 2676 3128 malo,
2713 3061 2972 3130 quoniam
3009 3073 3180 3122 omne,
3225 3055 3362 3126 quod
3393 3039 3568 3108 co'lne-

1986 3155 2078 3218 rit,
2109 3153 2290 3224 faciet,
2334 3155 2473 3208 sicut
2513 3152 2752 3222 loquitur
2784 3167 2878 3206 rex
2903 3156 3225 3222 potestatem
3253 3145 3490 3210 habens;
3517 3153 3567 3198 et

1913 3287 1957 3344 ο
1987 3247 2105 3344 quia
2132 3245 2270 3300 dicet
2305 3246 2395 3298 ei:
2428 3243 2572 3309 Quid
2604 3243 2740 3344 focis
2773 3242 2894 3314 (4)?

2059 3336 2358 3407 Postquam
2391 3334 2699 3398 admonuit,
2735 3342 2797 3388 ut
2826 3347 2984 3388 veras
3013 3331 3080 3387 de
3111 3331 3224 3385 Deo
3271 3327 3571 3384 sententias

1991 3438 2265 3493 tueamur,
2304 3443 2369 3481 ac
2402 3441 2470 3481 ne
2509 3425 2727 3494 pietatis
2769 3423 3062 3494 imaginem
3095 3420 3375 3476 indecoris
3416 3417 3571 3472 fuca—

1989 3523 2171 3591 tisque
2199 3534 2388 3574 eorum
2421 3516 2698 3572 coloribus
2737 3514 3131 3577 deformemus,
3174 3511 3270 3584 qui
3301 3525 3361 3566 se
3392 3519 3567 3563 astro-

1990 3613 2148 3682 legiae
2196 3610 2424 3666 calculis
2483 3608 2847 3674 dediderunt,
2901 3607 3091 3676 utique
3145 3605 3448 3660 stantiamus
3510 3617 3575 3653 ac.

1991 3706 2351 3778 proﬁteamur
2397 3719 2562 3760 unam
2609 3717 2732 3759 esse
2785 3701 3087 3772 principem
3141 3708 3416 3759 naturam,
3453 3711 3576 3765 quae

1994 3785 2170 3853 initio.
2195 3796 2382 3851 omnia
2429 3795 2705 3865 sapienter
2749 3804 2915 3864 atque
2949 3793 3178 3848 utiliter.
3205 3788 3493 3850 ordiuarit,
3523 3797 3577 3841 et

1994 3887 2267 3942 voluntati
2299 3887 2570 3958 cujusque
2613 3886 2826 3952 datum,
2860 3897 2921 3939 ut
2957 3884 3013 3938 in
3046 3892 3338 3950 utramque
3364 3887 3574 3950 partem

1997 3979 2263 4036 inclinare
2321 3995 2382 4034 se
2431 3985 2638 4048 posset,
2699 3987 2810 4034 tam
2864 3977 2932 4032 ad
2981 3992 3044 4032 ea
3094 3991 3286 4045 nempe
3341 3987 3464 4043 qua:
3521 3972 3576 4026 in

1997 4069 2158 4126 nobis
2186 4077 2338 4137 sunt,
2361 4085 2527 4140 quam
2558 4083 2680 4138 quze
2727 4068 2782 4122 in
2825 4068 2985 4122 nobis
3022 4083 3128 4122 non
3166 4074 3331 4121 sunt:
3363 4065 3474 4134 jam
3509 4062 3577 4117 ad

1998 4161 2224 4214 alteram
2271 4158 2700 4214 admonitionem
2750 4155 2965 4220 transit,
3017 4163 3074 4208 et
3113 4152 3414 4208 cavendum
3444 4165 3581 4218 pra:-

2000 4253 2208 4317 scribit,
2257 4267 2325 4305 ne
2361 4265 2598 4320 unquam
2643 4248 2787 4318 regis
2829 4249 2972 4302 dicta
3009 4245 3292 4315 vulgemus
3330 4262 3342 4296 :
3375 4259 3440 4296 ue
3487 4241 3583 4311 qui

2000 4345 2106 4400 hoc
2145 4343 2356 4406 fecerit,
2398 4341 2658 4403 offendat,
2699 4351 2955 4408 magnum
2992 4338 3140 4392 nulla
3174 4337 3408 4390 utilitate
3441 4334 3585 4403 peri-

2003 4434 2186 4489 culum
2212 4432 2424 4488 subeat.
2456 4430 2826 4496 Quamobrem
2851 4427 3095 4494 quodam
3135 4427 3187 4479 in
3220 4427 3342 4478 loco
3371 4423 3585 4477 divinao

2003 4541 2124 4582 rum
2154 4523 2480 4578 Litterarum
2516 4523 2568 4576 id
2606 4537 2827 4590 quoque
2855 4529 3034 4575 exstat
3063 4518 3343 4576 oraculum
3376 4534 3389 4570 :
3423 4533 3439 4566 ι
3472 4513 3584 4585 lily-

1934 4635 1976 4690 ι)
2008 4615 2234 4670 sterium
2267 4615 2410 4684 regis
2441 4612 2718 4666 custodire
2753 4611 2952 4665 bonum
2982 4619 3066 4665 est
3094 4607 3191 4680 (5).
3225 4626 3244 4658 ι

2076 4701 2338 4756 Hortatur
2387 4701 2616 4766 deinde,
2681 4716 2751 4754 ne
2809 4700 3102 4768 quisquam
3159 4695 3334 4751 facilis
3385 4696 3457 4750 sit
3516 4693 3586 4749 ad

1995 4793 2420 4865 jusjurandum,
2467 4807 2600 4847 neve
2659 4792 2819 4854 l'erat,
2876 4801 2934 4844 ut
2983 4791 3168 4860 lingua
3214 4790 3268 4842 in
3316 4788 3584 4858 proximis

2004 4884 2480 4958 alloquendis.Dei
2514 4900 2712 4938 nomen
2749 4893 2953 4938 temere
2986 4882 3131 4938 ciere
3173 4889 3457 4936 assuescat
3483 4879 3581 4949 (6).

2000 4979 2056 5034 ld
2081 4987 2262 5034 autem
2295 4976 2568 5048 geminam
2607 4975 2770 5032 habet
2803 4974 3282 5044 signiﬁcationem,
3331 4987 3400 5026 ne
3437 4971 3589 5027 scili-

2002 5081 2091 5128 cet
2123 5071 2178 5126 in
2207 5069 2301 5127 Dei
2335 5068 2580 5136 nomine,
2614 5067 2931 5139 quicunque
2967 5082 3024 5121 se
3051 5073 3347 5136 pra'textus
3369 5063 3582 5128 oil‘erat,

2001 5245 2356 5316 respondent,
2381 5255 2434 5300 et
2460 5246 2600 5300 lianc
2627 5244 2954 5316 sententiam
2985 5243 3268 5316 continere
3294 5243 3580 5296 videatur:

2006 5313 2264 5388 Equidem
2305 5325 2416 5388 tant
2471 5325 2792 5388 prteceptum
2828 5315 2980 5388 regis
3024 5313 3341 5388 servandum
3380 5330 3582 5379 censeo,

2004 5385 2161 5460 quam
2182 5386 2320 5460 quod
2348 5385 2798 5460 Deojuravimtts.
2828 5385 2924 5439 Vel
2967 5385 3128 5439 etiam
3149 5385 3370 5460 docent
3400 5396 3587 5438 sancte

2007 5455 2336 5513 servandum
2364 5457 2508 5526 regis
2539 5465 2890 5525 praeceptum,
2917 5455 3422 5526 cumisubdit‘orugu
3456 5457 3587 5508 litlcs

2001 5527 2362 5598 jurejurando
2395 5523 2632 5594 obligata
2662 5523 2772 5594 regi
2805 5527 2896 5598 sit.
2932 5528 3000 5580 At
3022 5525 3222 5581 Noster
3241 5523 3392 5598 LXX
3424 5527 3589 5598 inter-

2011 5596 2194 5668 pretes
2236 5598 2528 5668 sequitur,
2571 5605 2630 5668 et
2657 5612 2778 5664 quae
2817 5597 2868 5648 in
2903 5613 3096 5668 eorum
3139 5596 3584 5668 verbisieminet.

2015 5665 2347 5723 'scntentiaru
2387 5665 2629 5733 exuonit.
2668 5667 3033 5736 Symmachus
3075 5665 3390 5736 habetth
3422 5665 3590 5718 σπεύ-

2017 5755 2137 5809 σῃς,
2165 5737 2308 5807 quod
2337 5737 2528 5809 eodem
2559 5734 2771 5809 recidit.
2790 5734 2934 5809 HSive
2965 5736 3110 5790 enim
3141 5739 3288 5805 legas
3313 5735 3388 5806 μὴ
3416 5751 3587 5809 σπου-

2016 5805 2206 5880 δᾶσῃς,
2245 5809 2360 5862 sive
2392 5807 2466 5880 μὴ
2493 5806 2755 5880 σπεύσῃς,
2788 5807 2922 5860 illud
2964 5822 3270 5870 mouentur,
3307 5805 3372 5859 ne
3405 5807 3469 5860 ad
3497 5805 3588 5876 juo

2019 5877 2249 5935 randum
2275 5877 2544 5950 proclives
2573 5877 2768 5933 simus.

3282 6045 3311 6068 ἢ
