3992 6402
623 319 675 332 ττι
711 315 771 325 στ’·

283 390 422 458 ιβιδ

1309 397 1396 458 IN
1448 398 1878 460 ECCLESIAS?

1982 399 2032 459 ιι
2067 427 2135 436 -
2187 401 2337 462 LIB.
2378 402 2510 464 vn.
3385 367 3552 463 ἰῖιεο

277 501 385 557 τοῦ
404 499 602 570 σοφοῦ
631 494 930 572 δεδήλωκεν
955 499 1275 572 ὀνομασίας,
1303 504 1378 568 ὠς
1405 507 1438 576 ἡ
1461 506 1678 560 δοθεῖσα
1709 508 1860 576 παρά

1982 509 2112 566 ioue
2164 511 2493 581 significavit
2531 534 2544 566 :
2587 510 2798 576 Sciant,
2845 512 3092 580 inquam,
3142 511 3209 565 de
3271 519 3551 574 maintain,

276 607 425 656 τινος
448 591 640 664 ἐντολὴ
666 594 858 664 καιρὸν
887 594 1019 648 ἴδιον
1045 594 1157 660 seu
1187 599 1286 668 τῆς
1311 597 1568 668 κρίσεως,
1599 601 1658 652 ἐν
1689 592 1734 667 ᾧ
1762 599 1860 669 λή-

1966 603 2114 673 quod
2160 604 2285 672 quis
2333 603 2400 658 ab
2453 603 2637 674 aliquo
2682 604 2986 673 acceperit,
3027 601 3295 672 judicium
3355 602 3552 656 idoneo

278 685 445 756 ψεται
479 687 579 749 τὰς
623 685 900 752 ἐξετάσεις
945 691 1044 744 καὶ
1071 691 1170 754 τὰς
1201 690 1428 760 ἐρεύνας
1455 691 1556 760 τῆς
1595 693 1736 747 κατὰ
1759 693 1864 762 ,τὴν

1982 710 2210 764 .empore
2241 695 2508 761 futurum,
2553 697 2609 750 in
2641 711 2752 765 quo
2798 695 3106 764 inquirctur
3137 705 3300 763 atque
3335 695 3554 748 ilWEsli-

278 777 503 848 ἐντολὴν
531 777 774 848 δηλονότι
806 779 1058 850 φυλακῆς
1088 781 1121 852 ἢ
1152 781 1540 851 παραϐάσεως.
1560 782 1682 834 Ὀτι
1704 785 1868 836 παντὶ

281 869 572 942 πράγματι
607 869 976 942 πληρουμένῳ
1005 873 1075 926 δι’
1109 872 1335 942 ἐντολῆς
1368 871 1428 938 ἐξ
1459 872 1710 943 ἀνάγκης
1737 875 1868 928 ἁκο-

279 961 464 1016 λουθεί
481 963 672 1034 καιρὸς
693 963 996 1030 ἐξετάσεως
1023 965 1118 1020 καὶ
1146 965 1382 1036 κρίσεως
1411 965 1547 1036 πρὸς
1565 966 1868 1037 άντάληψιν

279 1053 556 1124 ἀποδοχῆς
583 1053 636 1124 ἢ,
653 1054 975 1125 καταδίκης.
1397 1121 1404 1129 ι
1476 1053 1494 1075 ⁸

352 1145 748 1216 Παρεγγυᾶται
779 1144 962 1201 τοίνυν
1003 1145 1104 1211 τὰς
1137 1147 1434 1219 δεδομένας
1467 1147 1710 1216 ἐντολάς,
1743 1152 1869 1206 ὅθεν

285 1237 354 1292 ἂν
373 1235 642 1307 εὐρεθῶσι
670 1237 967 1308 διδόμεναι,
997 1239 1287 1306 φυλάττειν
1313 1241 1372 1309 ἐξ
1405 1242 1667 1309 ἅπαντος,
1697 1245 1785 1299 διὰ
1809 1247 1869 1300 τὸ

284 1329 472 1396 μένειν
503 1329 605 1398 τὴν
641 1327 788 1400 ζωὴν
815 1329 908 1384 τοῦ
935 1331 1196 1397 λαϐόντος
1231 1337 1333 1403 τὴν
1361 1336 1602 1406 ἐντολὴν,
1634 1338 1868 1410 ἀπείρα-

282 1437 412 1474 στον
456 1420 554 1473 καὶ
589 1421 773 1489 πάσης
807 1420 991 1492 λώϐης
1028 1423 1121 1475 καὶ
1158 1425 1432 1496 τιμωρίας
1478 1427 1764 1498 ἀμέτοχον.
1812 1431 1868 1482 Ὀ

281 1515 398 1585 γάρ
439 1512 826 1583 ἐντελλόμενός
859 1531 972 1567 τισι
1009 1514 1212 1584 μείζων
1251 1515 1482 1588 εὓρηται
1518 1518 1738 1583 πάντως
1772 1521 1870 1574 καὶ

282 1604 554 1676 κρείττων
593 1605 704 1658 τῶν
747 1603 1089 1674 δεδεγμένων
1132 1606 1226 1658 καὶ
1266 1605 1540 1663 λαϐόντων
1585 1607 1774 1681 αὐτὴν,
1820 1613 1866 1664 εί

282 1698 382 1750 καὶ
415 1695 526 1750 τῶν
559 1695 962 1766 ἐντελλομένων
999 1696 1134 1750 πολὺ
1181 1698 1317 1768 πρὸς
1346 1699 1608 1770 ἀλλήλους
1639 1699 1868 1772 εὓρηται

281 1789 347 1842 τὸ
372 1789 632 1860 διάφορον
652 1804 666 1821 ο
695 1780 792 1843 καὶ
818 1788 1038 1852 πάντως
1068 1789 1568 1860 είσπραχθήσονται
1599 1793 1753 1856 δίκας
1776 1795 1868 1846 εὐ-

1967 786 2207 857 gabitur,
2227 795 2500 857 quatenus
2517 784 2837 840 mandatum
2861 784 3197 839 custoditum
3225 783 3554 837 violatumve

1970 877 2156 933 fuerit.
2206 877 2422 948 Quippe
2456 893 2572 932 rem
2613 877 2917 946 quamlibet
2955 893 3020 931 ex
3060 886 3334 946 prmeepto
3375 876 3554 946 perfe—

1971 979 2113 1025 ctam
2156 969 2472 1025 necessario
2501 977 2713 1038 tempus
2755 968 3116 1038 consequitur
3147 967 3470 1038 quaestionis
3500 978 3554 1022 et

1965 1060 2182 1131 iudicii,
2215 1069 2275 1145 ut
2305 1059 2592 1130 praemium
2627 1058 2833 1113 feratur
2860 1065 2954 1113 aut
2985 1074 3166 1128 pinna.

2045 1149 2518 1221 ilortaturigitur,
2551 1157 2612 1204 ut
2639 1157 2860 1218 accepta
2887 1149 3164 1212 mandata,
3195 1150 3554 1218 undecunque

1972 1243 2100 1300 data
2151 1243 2279 1307 sint,
2336 1243 2561 1296 omnino
2604 1255 2910 1306 servemus,
2953 1255 3064 1309 quo
3109 1241 3216 1294 \ita
3268 1239 3408 1308 ejus,
3459 1242 3549 1309 qui

1974 1333 2295 1389 mandatum
2342 1333 2634 1401 acceperit,
2678 1317 2883 1386 intacta
2917 1340 3155 1396 maneat,
3189 1340 3240 1385 ct
3269 1331 3553 1386 dedecoris

1975 1435 2137 1496 atque
2162 1440 2338 1495 paena:
2368 1424 2629 1479 immunis
2668 1425 2760 1478 sit.
2790 1423 2928 1478 Nam
2956 1423 3052 1494 qui
3079 1423 3200 1477 aliis
3235 1424 3550 1476 mandatum

1972 1517 2088 1582 dat,
2142 1515 2320 1584 major
2368 1515 2530 1584 plane
2583 1523 2751 1584 atque
2795 1513 3144 1584 praestantior
3191 1513 3260 1567 iis
3305 1522 3408 1578 Cal,
3461 1515 3553 1582 qui

1971 1611 2161 1665 datum
2219 1617 2589 1678 acceperunt:
2622 1618 2764 1673 esto,
2827 1607 2971 1661 inter
3021 1621 3118 1662 eos
3168 1621 3406 1676 quoque,
3462 1609 3554 1674 qui

1973 1700 2332 1772 praacipiunt,
2391 1699 2731 1754 discriminis
2785 1714 2893 1751 non
2949 1713 3144 1767 parum
3203 1697 3552 1751 inveniatur:

1973 1794 2163 1861 itaque
2211 1791 2308 1861 qui
2362 1789 2620 1844 mandata
2669 1804 2929 1858 accepere
2963 1773 3204 1858 iis,qui
3255 1789 3554 1852 dederunt,

283 1880 496 1950 καίρως
525 1881 632 1936 ὑπὸ
657 1880 767 1936 τῶν
801 1880 1114 1935 δεδωκότων
1135 1882 1234 1946 τὰς
1268 1883 1488 1947 ἐντολὰς
1511 1887 1559 1938 οἱ
1582 1885 1862 1949 λαϐόντες.

1982 1891 2286 1956 opportuno
2319 1891 2560 1952 tempore
2581 1882 2804 1936 omnino
2832 1896 3022 1952 pinnas
3045 1881 3274 1947 dabunt,
3311 1891 3548 1952 prepter-

285 1970 400 2022 Καὶ
445 1969 537 2024 διά
580 1970 744 2024 τοῦτο
780 1971 1108 2035 σπουδάζειν
1138 1972 1246 2043 χρὴ
1288 1974 1386 2026 καὶ⁹
1416 1974 1524 2028 τῶν
1559 1975 1872 2030 δεδωκότων

283 2063 570 2134 ἀρχόντων
600 2060 697 2117 καὶ
725 2061 996 2134 βασιλέων
1030 2064 1124 2116 καλ⁴
1162 2063 1366 2132 γονέων
1409 2066 1505 2119 καὶ
1536 2067 1873 2122 διδασκάλων

283 2155 357 2208 τὰ
389 2155 744 2224 θεσπίσματα
773 2155 1068 2223 φυλάττειν
1094 2157 1153 2222 ἐξ
1185 2156 1445 2225 ἅπαντος,
1482 2159 1577 2212 καὶ
1606 2159 1786 2230 πολλῷ
1817 2159 1872 2212 δέ

289 2245 496 2317 μᾶλλον
527 2244 646 2319 ,τοῦ
704 2247 930 2317 ποιητοῦ
984 2249 1081 2304 καὶ
1127 2249 1262 2304 Θεοῦ
1315 2252 1411 2304 καὶ
1457 2251 1717 2304 δεσπότου
1764 2250 1874 2304 τῶν

285 2337 424 2391 ὅλων
445 2352 459 2366 ⁸
491 2337 578 2392 ἴνα
603 2339 699 2392 καὶ
726 2339 826 2412 τὴν
857 2340 1160 2412 εὐμάρειαν
1187 2343 1281 2396 τοῦ
1319 2343 1438 2414 βίου
1476 2343 1660 2412 σφίσιν
1692 2343 1875 2406 αὐτοῖς

290 2429 342 2482 oi
372 2429 744 2498 φυλάσσοντες
766 2432 1212 2503 πρυτανεύσωσι,
1252 2436 1348 2488 καὶ
1382 2435 1664 2500 τεύξονται
1695 2435 1753 2489 δέ
1782 2435 1878 2488 καὶ

291 2520 404 2574 τῶν
441 2523 780 2592 ἐπουρανίων
826 2523 920 2577 καὶ
951 2523 1276 2596 θεοπρεπῶν
1313 2526 1656 2580 ἀντιδόσεων.
1696 2525 1878 2581 Ἐντο-

198 2667 204 2674 _
290 2611 396 2680 λὴν
421 2611 481 2666 δέ
516 2629 681 2684 φησιν
723 2616 754 2667 ό
786 2613 946 2684 λόγος
977 2615 1077 2686 τὴν
1112 2617 1348 2688 ἔχουσαν
1377 2618 1440 2672 τὸ
1469 2617 1590 2687 φῶς
1614 2619 1714 2688 τῆς
1747 2618 1880 2689 άλη-

287 2701 443 2768 οείας
471 2705 568 2758 καὶ
595 2708 696 2778 τῆς
725 2707 1101 2780 δικαιοσύνης,
1139 2711 1260 2782 οὐχὶ
1287 2711 1388 2784 τὴν
1427 2711 1520 2764 ἐπὶ
1559 2713 1676 2775 τοῖς
1697 2711 1880 2784 χειρί-

285 2811 440 2860 στοις
487 2795 594 2850 ὑπό
621 2815 784 2852 τινων
812 2798 1034 2868 φαύλων
1073 2802 1168 2856 καὶ
1215 2802 1510 2876 μοχθηρῶν
1556 2804 1872 2877 γινομένην.

286 2879 428 2942 Εἶτά
455 2904 622 2959 φησιν
651 2890 679 2943 ὁ
713 2888 1147 2960 Ἐκκλησιαστής
1169 2907 1182 2922 ·

1971 1993 2034 2032 ea
2067 1991 2216 2031 curae
2259 1991 2384 2031 esse
2425 1974 2608 2038 debet,
2646 1983 2706 2028 ut
2751 1990 2874 2044 quae
2927 1989 2956 2027 a
3007 1972 3420 2042 magistratibus
3467 1983 3560 2027 aut

1970 2069 2195 2140 regibus
2251 2078 2345 2123 aut
2395 2067 2718 2138 parentibus
2769 2075 2865 2120 aut
2911 2065 3191 2136 magistris
3237 2075 3556 2134 praescripta

1973 2159 2198 2225 fuerint,
2235 2160 2304 2215 ad
2349 2157 2618 2214 amussim
2657 2173 2974 2223 servemus;
3011 2156 3180 2211 multo
3208 2171 3336 2211 vero
3378 2156 3554 2224 magis

1971 2270 2091 2324 quin
2122 2255 2191 2309 ab
2222 2263 2445 2309 auctore
2480 2263 2532 2309 et
2563 2253 2670 2308 Deo
2701 2253 3045 2321 Dominoque
3087 2251 3327 2305 universi
3357 2269 3370 2304 :
3399 2259 3457 2305 ut
3489 2250 3560 2306 iis

1975 2346 2286 2407 custoditis.
2337 2345 2462 2399 vitae
2499 2343 2820 2398 facilitatem
2863 2343 3023 2398 nobis
3056 2357 3462 2412 comparemus,
3503 2355 3560 2396 et

1973 2437 2217 2494 cmlestia
2254 2437 2420 2492 simul
2464 2452 2528 2492 ac
2567 2436 2752 2491 divina
2785 2435 3008 2504 prmmia
3049 2450 3431 2504 assequamur.
3463 2432 3561 2487 Est

1975 2537 2157 2584 autem
2199 2527 2290 2582 hic
2318 2542 2501 2582 sermo
2530 2526 2597 2580 de
2638 2523 2898 2580 mandato
2929 2524 3104 2578 lucem
3153 2524 3386 2577 habente
3414 2522 3558 2576 vcti-

1974 2621 2104 2678 tatis
2136 2628 2302 2690 atque
2325 2617 2573 2689 iustitiae,
2622 2631 2730 2670 non
2765 2619 2834 2670 de
2879 2630 2968 2681 eo,
3003 2615 3150 2684 quod
3195 2613 3558 2684 pessimarum

1975 2727 2160 2769 rerum
2192 2726 2360 2766 causa
2388 2727 2416 2764 a
2453 2711 2613 2766 malis
2648 2708 2977 2779 quibusdam
3001 2715 3056 2762 et
3087 2707 3354 2777 improbis
3381 2706 3560 2776 profc-

1983 2815 2128 2862 ctum
2157 2803 2248 2859 sit.
2283 2803 2373 2857 Ait
2401 2800 2594 2858 deinde
2629 2799 2988 2857 Ecclesiastes
3017 2819 3031 2854 :

1859 2913 1988 3087 ς..

363 3096 493 3150 Ὀτι
523 3096 747 3168 γνῶσις
793 3099 900 3154 τοῦ
929 3099 1244 3171 ἀνθρώπου
1273 3101 1478 3171 πολλὴ
1527 3103 1622 3156 ἐπ’
1653 3105 1871 3159 αὐτόν·

2051 3103 2219 3159 VERS.
2250 3101 2303 3156 6.
2348 3099 2489 3166 Quia
2515 3099 2737 3153 scientia
2768 3095 2996 3150 hominis
3030 3095 3198 3148 inuita
3230 3110 3384 3164 super
3408 3112 3522 3148 cum
3542 3133 3560 3160 ,

283 3188 380 3242 ὅτι
402 3190 515 3244 οὐκ
543 3190 678 3244 ἐστι
707 3190 1018 3260 γινώσκων
1043 3194 1100 3248 τί
1128 3193 1195 3248 τὸ
1215 3195 1534 3265 ἐσόμενον,
1563 3195 1652 3249 ὅτι
1682 3196 1875 3264 καθὼς

282 3282 488 3344 ἔσται,
509 3283 600 3349 τίς
629 3284 956 3354 ἀναγγελεῖ
973 3286 1170 3352 animi);

361 3377 476 3440 Τὰς
507 3379 951 3446 προφασιστικάς
981 3379 1162 3444 αἰτίας
1185 3381 1405 3452 ἀναιρεί
1431 3381 1542 3434 τῶν
1568 3381 1879 3452 λαμϐανόν-

281 3488 400 3524 των
430 3469 530 3533 τὰς
562 3471 802 3535 ἐντολάς,
837 3473 966 3542 παρ’
999 3464 1074 3525 ὧν
1107 3472 1174 3526 ἂν
1198 3474 1296 3526 καὶ⁹
1320 3458 1550 3537 λάϐ’ωσι,
1576 3475 1672 3527 καὶ
1709 3475 1882 3544 μηδα-

289 3561 415 3630 μῶς
441 3560 756 3631 τηρούντων
787 3561 885 3616 καὶ
916 3562 1293 3632 φυλαττόντων
1315 3577 1332 3596 ⁶
1363 3565 1458 3618 καὶ
1481 3565 1558 3635 τῷ
1585 3565 1762 3637 καιρῷ
1785 3568 1881 3634 τῆς

286 3653 532 3723 κρίσεως
581 3653 676 3707 καὶ
718 3653 816 3722 τῆς
851 3637 1156 3719 ἐξετάσεως
1188 3655 1286 3725 τὴν
1326 3655 1592 3726 ἀνάλογον
1624 3657 1883 3727 κατάκρι-

292 3761 379 3796 σιν
429 3743 798 3814 δεδεγμένων,
845 3744 946 3814 τῆς
1000 3745 1320 3816 ἀθετήσεως
1372 3733 1882 3820 καῖπαραΰάσεως

290 3835 538 3900 ἄγνοιαν,
569 3835 602 3906 ἢ
634 3836 735 3906 τῆς
762 3835 974 3890 ἑαυτῶν
1011 3837 1254 3902 διανοίας
1289 3839 1575 3908 ἀφέλειαν,
1603 3840 1636 3910 ἦ
1676 3840 1804 3894 ἄλλο
1831 3857 1882 3893 τι

215 4002 230 4011 _
286 3923 403 3978 τῶν
441 3925 853 3996 παραπλησίων
883 3928 1156 3982 εἰωθότων
1185 3929 1386 4000 λέγειν,
1416 3932 1526 3986 τῶν
1559 3934 1658 3996 τὰς
1687 3933 1884 3988 ἀπολο-

286 4017 420 4084 γίας
443 4017 502 4070 ἐν
529 4017 606 4088 τῷ
629 4019 1061 4088 κατακρίνεσθαι
1097 4024 1460 4093 ποιουμένων.
1493 4024 1586 4095 Μὴ
1614 4034 1724 4097 γάρ
1751 4043 1884 4094 προ-

274 4107 527 4190 ¹φασίσῃ,
555 4108 742 4181 φησὶν,
773 4109 998 4178 ἄγνοιαν
1039 4113 1099 4166 ἐν
1127 4113 1208 4184 τῷ
1237 4115 1311 4185 μὴ
1343 4115 1576 4185 φυλάξαι
1605 4117 1704 4182 τὴν
1732 4120 1882 4170 ἐντο-

287 4199 410 4270 λὴν,
447 4199 516 4270 ἥν
554 4199 706 4270 παρὰ
731 4199 825 4253 τοῦ
865 4200 1112 4270 μείζονος
1134 4205 1230 4257 καὶ
1265 4205 1572 4276 κρείττονος
1615 4209 1843 4278 εἴληφας
1865 4223 1879 4238 ⁶

251 4358 258 4364 _
289 4290 568 4362 εὑρεθήτῃ
616 4291 726 4362 γάρ
761 4292 860 4360 τῆς
895 4291 1156 4361 ἀληθείας
1181 4294 1678 4366 καταψευδόμενος.
1710 4299 1790 4352 Δι’
1816 4301 1882 4370 ἥν

290 4381 508 4451 αίτίανς
546 4403 566 4434 ι
599 4384 725 4436 Ὅτι
764 4383 970 4452 γνῶσις
1002 4383 1098 4437 τοῦ
1140 4385 1431 4456 ἀνθρώπου
1468 4387 1638 4460 πολλὴ
1665 4390 1750 4442 ἐπ’
1781 4391 1882 4443 αὑ-

1981 3199 2108 3268 quia
2134 3214 2238 3251 non
2258 3204 2358 3259 est,
2386 3195 2476 3266 qui
2501 3204 2804 3264 cognoscat,
2834 3190 2961 3260 quid
2987 3190 3226 3259 futurum
3255 3190 3324 3244 sit
3344 3203 3362 3242 :
3380 3190 3568 3258 quippe

1981 3290 2116 3343 sicut
2142 3289 2266 3352 erit,
2293 3289 2411 3358 quis
2441 3285 2780 3340 annuntiabit
2803 3284 2850 3336 ei
2873 3281 2992 3352 (9)?

2064 3380 2370 3436 Praetextus
2427 3387 2484 3434 et
2527 3374 2912 3430 excusationes
2962 3374 3158 3428 evertit
3209 3389 3424 3438 eorum,
3475 3373 3566 3441 qui

1984 3484 2202 3544 accepta
2248 3471 2530 3532 mandata,
2574 3471 2889 3538 quicunque
2928 3482 2992 3522 ea
3031 3465 3299 3521 dederint.
3345 3466 3570 3520 minime

1985 3575 2204 3622 servant
2248 3573 2343 3619 aut
2375 3562 2730 3628 custodiunt;
2763 3576 3002 3629 cumque
3025 3559 3220 3629 judicii
3256 3569 3308 3614 et
3340 3559 3572 3626 inquisi-
3607 3582 3620 3597 ο

1987 3660 2156 3714 tionis
2186 3666 2400 3726 tempus
2445 3653 2748 3716 advenerit,
2798 3667 2908 3721 quo
2937 3651 3130 3706 merita
3185 3665 3346 3719 pmna
3393 3650 3570 3704 alim-ti

1985 3751 2138 3812 sint,
2199 3744 2428 3815 neglecti
2490 3743 2787 3812 violatique
2843 3740 3003 3795 officii
3057 3741 3419 3810 ignorantiam
3479 3749 3576 3793 aut

1987 3839 2188 3894 mentis
2247 3852 2362 3891 suae
2421 3834 2832 3904 simplicitatem
2887 3833 2970 3884 vel
3027 3831 3188 3902 205
3234 3832 3380 3884 aliud
3442 3831 3572 3900 quid

1988 3927 2304 3999 hujusmodi
2353 3925 2600 3996 proferre
2635 3925 2854 3987 solent,
2897 3939 3008 3993 quo
3033 3939 3114 3987 se,
3143 3924 3272 3977 dum
3303 3923 3568 3978 condent-

1985 4031 2206 4085 nautur,
2254 4019 2438 4088 aliqua
2487 4017 2698 4072 ratione
2739 4014 3052 4070 defendant.
3078 4013 3154 4069 Ne
3177 4015 3344 4080 enim,
3373 4015 3574 4084 inquit,

1987 4112 2354 4184 ignorantiam
2386 4119 2656 4186 prauean
2679 4104 2744 4162 ad
2781 4107 3144 4178 patrocinium
3174 4123 3281 4162 non
3313 4108 3573 4161 custoditi

1987 4200 2254 4266 mandati,
2283 4199 2428 4269 quod
2457 4215 2486 4252 a
2516 4198 2725 4267 majore
2767 4207 2822 4252 et
2852 4197 3230 4266 praBStantiore
3271 4197 3529 4266 accepisti
3561 4215 3574 4248 :

1984 4291 2270 4346 veritatem
2299 4292 2446 4346 enim
2479 4289 2704 4344 minime
2727 4305 2757 4344 a
2793 4298 2844 4346 te
2867 4299 3034 4355 stare,
3072 4289 3365 4344 constabit.
3400 4289 3575 4355 Quam

1987 4385 2056 4438 ob
2108 4382 2372 4439 causam?
2405 4402 2422 4435 ι
2456 4382 2594 4448 Quia
2645 4383 2870 4438 scientia
2919 4380 3161 4436 hominis
3203 4381 3372 4436 multa
3412 4397 3578 4452 super

229 4537 232 4540 ,
292 4473 410 4536 τὸν,
455 4492 474 4526 ι
509 4476 759 4528 τουτέστι
793 4477 872 4538 είς
897 4476 966 4529 τὰ
1001 4477 1352 4548 συμφέροντα
1381 4479 1479 4533 καὶ
1504 4479 1756 4552 λυσιτελῆ
1787 4485 1878 4553 τῆς

1993 4490 2195 4541 cum,»
2231 4474 2284 4528 id
2330 4482 2438 4537 est,
2485 4475 2551 4528 ad
2599 4489 2663 4528 ea
2710 4474 3092 4544 cognoscenda
3137 4477 3260 4542 quae
3297 4474 3424 4528 vitae
3466 4489 3580 4530 suae

297 4565 434 4629 ιδίας
481 4565 651 4636 ζωῆς.
711 4566 826 4619 Καὶ
885 4567 1070 4636 μάτην
1109 4568 1226 4637 ἐρεῖ
1273 4585 1397 4632 τις·
1435 4570 1549 4623 Οὐκ
1597 4571 1768 4643 ᾔδειν,
1817 4573 1891 4636 ὠς

298 4659 778 4729 κατακριθήσομαι
833 4659 910 4729 μὴ
951 4657 1194 4727 φυλάξας
1223 4661 1323 4730 τὴν
1355 4653 1600 4732 ἐντολήν.
1641 4665 1926 4734 Ἐξελέγο.

1991 4569 2212 4638 prosint
2262 4575 2430 4636 atque
2473 4567 2804 4638 conducant.
2853 4565 2932 4620 Ac
2959 4563 3163 4622 frustra
3212 4567 3339 4634 quis
3385 4566 3573 4621 dicat:

1991 4657 2325 4713 Nescieliam
2361 4672 2448 4712 me
2497 4657 2921 4711 condemnatum
2981 4655 3068 4720 iri,
3105 4655 3207 4710 nisi
3256 4657 3576 4710 mandatum

296 4766 450 4819 χεται
491 4747 604 4818 γὰρ
647 4748 957 4817 γινώσκων,
1017 4749 1091 4812 ὡς
1149 4752 1257 4812 πᾶς
1311 4751 1602 4823 ἄνθρωπος
1649 4755 1748 4826 τὴν
1801 4755 1878 4809 δε-

1991 4767 2322 4807 servassem.
2372 4750 2508 4805 Illud
2543 4751 2689 4805 enim
2739 4751 2852 4818 ipse
2887 4765 3050 4802 nosse
3083 4748 3448 4812 convincitur,
3483 4751 3579 4801 ho-

295 4840 529 4910 δομένην
576 4838 726 4910 αὐτῷ
791 4838 868 4912 μὴ
910 4839 1156 4908 φυλάξας
1197 4841 1440 4912 ἐντολὴν,
1489 4845 1768 4914 ἀναλόγως
1820 4851 1887 4918 τῇ

295 4929 506 5000 ταύτης
570 4931 884 5002 παραϐάσει
936 4929 1038 5003 τὴν
1085 4930 1242 5002 δίκην
1277 4931 1391 4999 ἕξει
1440 4935 1532 4996 καὶ
1570 4935 1670 5002 τὴν
1715 4939 1888 4992 κατά-

299 5039 500 5078 κοισιν.

372 5203 448 5271 (9)
489 5201 828 5276 Olymp....
883 5205 1008 5259 ’Ότι
1075 5209 1175 5262 οὐκ
1240 5207 1353 5261 ἔστι
1417 5207 1703 5277 γινώσκων
1763 5209 1886 5262 ἐσό-

305 5288 485 5340 μενον.
1303 5313 1314 5322 .

371 5345 482 5412 (10)
521 5344 801 5420 Diversam
820 5347 998 5420 plane
1023 5349 1350 5420 sententiam
1385 5351 1606 5420 exhibet
1638 5349 1886 5420 Symma-

299 5412 456 5478 chus,
476 5417 576 5491 _qu_i
610 5417 788 5491 locum
819 5412 972 5491 hunc
997 5418 1077 5491 sic
1107 5422 1379 5491 transtulit
1415 5437 1429 5474 :
1471 5419 1534 5473 Ἢ
1565 5412 1884 5491 γὰρ’κάκω-

303 5499 386 5560 αις
412 5486 504 5560 τού
535 5487 835 5560 ἀνθρώπου
857 5488 1030 5560 πολλὴ
1065 5491 1188 5542 κατ’
1208 5490 1405 5544 αὐτοῦ·
1443 5491 1492 5544 id
1522 5486 1882 5556 est,'i’cxatio

299 5556 436 5628 enim
462 5557 693 5611 hominis
727 5559 896 5612 multa
925 5556 1215 5614 est-contra
1235 5561 1444 5628 ipsum;
1481 5571 1532 5615 rt
1580 5562 1720 5616 hanc
1768 5579 1884 5615 am-

305 5626 496 5700 trleitus
537 5630 665 5682 item
709 5639 792 5683 est
829 5629 1060 5684 Latinus
1097 5626 1388 5700 interpres.
1437 5635 1529 5698 qui
1571 5632 1778 5686 habet:
1817 5632 1882 5687 Et

303 5696 475 5770 t'tulta
501 5700 729 5770 hominis
767 5701 1004 5770 afﬂictio,
1057 5696 1371 5770 quanquam
1422 5696 1781 5758 Thcodotioni
1819 5721 1885 5757 ea

305 5764 504 5832 placuit
543 5764 942 5842 interpretatio,
980 5764 1145 5838 quam
1185 5764 1326 5842 apud
1379 5772 1517 5825 LXX
1557 5775 1704 5827 viros
1749 5775 1886 5842 legi-

307 5848 466 5906 mus;
499 5839 730 5894 reddidit
751 5843 920 5909 Cnitn,
953 5843 1075 5894 ’Ότι
1103 5839 1304 5911 γνῶσις
1325 5843 1417 5896 τοῦ
1450 5843 1732 5916 ἀνθρώπου
1769 5839 1886 5898 ἐστὶ

152 6123 349 6230 \

1990 4845 2122 4897 mini
2156 4844 2378 4914 cuique,
2405 4844 2498 4914 qui
2533 4845 2721 4898 datum
2756 4842 2860 4895 sibi
2895 4843 3208 4894 mandatum
3249 4857 3356 4895 non
3391 4851 3580 4896 custo~

1987 4935 2169 5001 dierit,
2202 4936 2470 5004 judicium
2503 4944 2556 4990 ιι
2597 4933 3108 4990 condemnationem
3149 4943 3397 5005 paratam
3433 4950 3576 4998 esse,

2003 5045 2124 5098 quae
2159 5028 2358 5083 delicto
2386 5027 2712 5099 respondeat
2736 5027 2868 5099 (l0).

1986 5209 2156 5283 πολλὴ
2200 5209 2508 5264 ἐπάὖτόν.
2559 5209 2764 5265 "orum
2822 5221 3001 5265 autem
3039 5212 3397 5274 discordiam,
3447 5215 3574 5283 quia

1987 5281 2192 5335 vocalia
2265 5289 2463 5348 puncta
2520 5283 2762 5353 nondum
2822 5283 2994 5350 aptnl-
3034 5283 3292 5336 llebrzeos
3358 5281 3574 5353 recepta

1983 5361 2162 5412 erant,
2219 5367 2323 5405 una
2392 5353 2619 5404 omnino
2679 5352 2861 5406 intulit
2926 5355 3102 5407 littera
3149 5369 3162 5406 :
3206 5352 3582 5422 Symmachus

1982 5423 2127 5492 enim
2165 5422 2294 5491 legit
2329 5431 2472 5487 τιν-ι,
2502 5423 2646 5491 ψιοιΙ
2682 5431 2767 5477 est
2792 5424 3002 5492 «ﬁlictia
3041 5425 3155 5478 sive
3203 5423 3398 5487 flabat,
3453 5443 3580 5480 cmn

1983 5491 2122 5565 LXX
2156 5493 2487 5565 interpretes
2523 5495 2782 5562 legissent
2826 5491 2960 5557 mn.
3019 5494 3162 5564 quod
3219 5506 3303 5550 est
3335 5498 3583 5565 _rognitio

1994 5564 2108 5637 sive
2136 5563 2332 5637 pellat.
2369 5564 2470 5637 rati
2499 5565 2708 5618 scilicet
2734 5580 2854 5619 esse
2887 5563 3100 5634 Dalcth,
3135 5567 3279 5636 quod
3325 5563 3588 5637 Symma-

1942 5678 1948 5683 .
1995 5635 2100 5687 eho
2135 5625 2314 5706 Resch
2347 5634 2524 5689 visum
2549 5645 2667 5700 est;
2695 5639 2896 5704 quippe
2929 5625 3216 5706 utriusque
3246 5625 3438 5691 litterae
3475 5653 3584 5692 una

1997 5721 2160 5785 prope
2204 5705 2378 5759 forma
2425 5715 2530 5768 est,
2565 5722 2758 5776 caque,
2809 5711 2863 5758 iit
2911 5705 3164 5790 lcrtnrcttt
3218 5707 3401 5762 Iulli-re
3438 5724 3586 5777 δςιιιιο

1997 5787 2190 5846 pnas”.
