  <div class='ocr_page' id='page_1' title='image "/cluster/home/n/w/nwhite01/storage/ocr_20150623/98/coo.31924054870021/535.png"; bbox 0 0 3992 6382; ppageno 0'>
   <div class='ocr_carea' id='block_1_1' title="bbox 560 387 619 410">
    <p class='ocr_par' dir='ltr' id='par_1_1' title="bbox 560 387 619 410">
     <span class='ocr_line' id='line_1_1' title="bbox 560 387 619 410; baseline 0 -6"><span class='ocrx_word' id='word_1_1' title='bbox 560 387 619 410; x_wconf 63' lang='grc' dir='ltr'><strong>ον</strong></span> 
     </span>
    </p>
   </div>
   <div class='ocr_carea' id='block_1_2' title="bbox 527 383 658 450">
    <p class='ocr_par' dir='ltr' id='par_1_2' title="bbox 527 383 658 450">
     <span class='ocr_line' id='line_1_2' title="bbox 560 387 619 410; baseline 0 -6"><span class='ocrx_word' id='word_1_2' title='bbox 560 387 619 410; x_wconf 62' lang='grc' dir='ltr'><strong>ον</strong></span> 
     </span>
     <span class='ocr_line' id='line_1_3' title="bbox 527 383 658 450; baseline -0.015 0"><span class='ocrx_word' id='word_1_3' title='bbox 527 383 566 450; x_wconf 80' lang='lat' dir='ltr'><strong>l&#39;</strong></span> <span class='ocrx_word' id='word_1_4' title='bbox 598 385 658 448; x_wconf 66' lang='lat' dir='ltr'><strong>ul</strong></span> 
     </span>
    </p>
   </div>
   <div class='ocr_carea' id='block_1_3' title="bbox 1632 383 2684 445">
    <p class='ocr_par' dir='ltr' id='par_1_3' title="bbox 1632 383 2684 445">
     <span class='ocr_line' id='line_1_4' title="bbox 1632 383 2684 445; baseline -0.001 -2"><span class='ocrx_word' id='word_1_5' title='bbox 1632 385 1694 445; x_wconf 90' lang='lat' dir='ltr'><strong>S.</strong></span> <span class='ocrx_word' id='word_1_6' title='bbox 1745 384 2122 445; x_wconf 70' lang='lat' dir='ltr'>GREGORII</span> <span class='ocrx_word' id='word_1_7' title='bbox 2169 383 2684 445; x_wconf 66' lang='lat' dir='ltr'><strong>AGRIGEXTINI</strong></span> 
     </span>
    </p>
   </div>
   <div class='ocr_carea' id='block_1_4' title="bbox 3624 388 3748 456">
    <p class='ocr_par' dir='ltr' id='par_1_4' title="bbox 3624 388 3748 456">
     <span class='ocr_line' id='line_1_5' title="bbox 3624 388 3748 456; baseline 0.016 -2"><span class='ocrx_word' id='word_1_8' title='bbox 3624 388 3748 456; x_wconf 63' lang='lat'><strong>{05-2</strong></span> 
     </span>
    </p>
   </div>
   <div class='ocr_carea' id='block_1_5' title="bbox 525 496 2100 572">
    <p class='ocr_par' dir='ltr' id='par_1_5' title="bbox 525 498 2096 572">
     <span class='ocr_line' id='line_1_6' title="bbox 525 498 2096 572; baseline -0.003 -18"><span class='ocrx_word' id='word_1_9' title='bbox 525 504 655 572; x_wconf 70' lang='lat' dir='ltr'><strong>quid</strong></span> <span class='ocrx_word' id='word_1_10' title='bbox 686 498 952 568; x_wconf 80' lang='lat' dir='ltr'><strong>injustitia</strong></span> <span class='ocrx_word' id='word_1_11' title='bbox 977 507 1030 553; x_wconf 93' lang='lat' dir='ltr'><strong>ct</strong></span> <span class='ocrx_word' id='word_1_12' title='bbox 1052 499 1281 554; x_wconf 72' lang='lat' dir='ltr'><strong>avaritia</strong></span> <span class='ocrx_word' id='word_1_13' title='bbox 1303 506 1356 554; x_wconf 85' lang='lat' dir='ltr'><strong>ct</strong></span> <span class='ocrx_word' id='word_1_14' title='bbox 1384 498 1656 554; x_wconf 81' lang='lat' dir='ltr'><strong>calumnia</strong></span> <span class='ocrx_word' id='word_1_15' title='bbox 1681 499 1874 552; x_wconf 63' lang='grc' dir='ltr'><strong>αἰτέει-ρ</strong></span> <span class='ocrx_word' id='word_1_16' title='bbox 1903 500 2096 569; x_wconf 86' lang='lat' dir='ltr'><strong>possit,</strong></span> 
     </span>
    </p>
   </div>
   <div class='ocr_carea' id='block_1_6' title="bbox 2197 496 3746 572">
    <p class='ocr_par' dir='ltr' id='par_1_6' title="bbox 2203 496 3746 572">
     <span class='ocr_line' id='line_1_7' title="bbox 2203 496 3746 572; baseline 0.006 -24"><span class='ocrx_word' id='word_1_17' title='bbox 2203 497 2568 566; x_wconf 80' lang='grc' dir='ltr'>συκοφαντίας</span> <span class='ocrx_word' id='word_1_18' title='bbox 2611 496 2998 567; x_wconf 70' lang='grc' dir='ltr'><strong>πορευομένων</strong></span> <span class='ocrx_word' id='word_1_19' title='bbox 3045 498 3125 562; x_wconf 84' lang='grc' dir='ltr'>εἰς</span> <span class='ocrx_word' id='word_1_20' title='bbox 3157 497 3328 564; x_wconf 80' lang='grc' dir='ltr'>τέλος,</span> <span class='ocrx_word' id='word_1_21' title='bbox 3361 499 3460 556; x_wconf 80' lang='grc' dir='ltr'>καὶ</span> <span class='ocrx_word' id='word_1_22' title='bbox 3503 501 3746 572; x_wconf 75' lang='grc' dir='ltr'>μηδαμῶς</span> 
     </span>
    </p>
   </div>
   <div class='ocr_carea' id='block_1_7' title="bbox 527 594 2101 664">
    <p class='ocr_par' dir='ltr' id='par_1_7' title="bbox 527 594 2101 664">
     <span class='ocr_line' id='line_1_8' title="bbox 527 594 2101 664; baseline -0.003 -12"><span class='ocrx_word' id='word_1_23' title='bbox 527 614 628 652; x_wconf 90' lang='lat' dir='ltr'><strong>nec</strong></span> <span class='ocrx_word' id='word_1_24' title='bbox 665 605 847 649; x_wconf 85' lang='lat' dir='ltr'><strong>tamen</strong></span> <span class='ocrx_word' id='word_1_25' title='bbox 893 595 1152 664; x_wconf 79' lang='lat' dir='ltr'><strong>peccandi</strong></span> <span class='ocrx_word' id='word_1_26' title='bbox 1203 609 1443 663; x_wconf 85' lang='lat' dir='ltr'><strong>unquam</strong></span> <span class='ocrx_word' id='word_1_27' title='bbox 1490 603 1543 648; x_wconf 91' lang='lat' dir='ltr'><strong>et</strong></span> <span class='ocrx_word' id='word_1_28' title='bbox 1583 594 1810 647; x_wconf 88' lang='lat' dir='ltr'><strong>nocendi</strong></span> <span class='ocrx_word' id='word_1_29' title='bbox 1861 595 1969 646; x_wconf 90' lang='lat' dir='ltr'><strong>ulla</strong></span> <span class='ocrx_word' id='word_1_30' title='bbox 2019 604 2101 647; x_wconf 90' lang='lat' dir='ltr'><strong>est</strong></span> 
     </span>
    </p>
   </div>
   <div class='ocr_carea' id='block_1_8' title="bbox 526 685 2101 755">
    <p class='ocr_par' dir='ltr' id='par_1_8' title="bbox 526 685 2101 755">
     <span class='ocr_line' id='line_1_9' title="bbox 526 685 2101 755; baseline -0.003 -13"><span class='ocrx_word' id='word_1_31' title='bbox 526 688 772 742; x_wconf 85' lang='lat' dir='ltr'><strong>satietas.</strong></span> <span class='ocrx_word' id='word_1_32' title='bbox 809 685 864 739; x_wconf 92' lang='lat' dir='ltr'><strong>Id</strong></span> <span class='ocrx_word' id='word_1_33' title='bbox 901 690 1048 740; x_wconf 84' lang='lat' dir='ltr'><strong>enim</strong></span> <span class='ocrx_word' id='word_1_34' title='bbox 1087 685 1383 755; x_wconf 88' lang='lat' dir='ltr'><strong>expressit,</strong></span> <span class='ocrx_word' id='word_1_35' title='bbox 1416 700 1540 738; x_wconf 90' lang='lat' dir='ltr'><strong>cum</strong></span> <span class='ocrx_word' id='word_1_36' title='bbox 1572 685 1708 739; x_wconf 73' lang='lat' dir='ltr'><strong>dixit</strong></span> <span class='ocrx_word' id='word_1_37' title='bbox 1738 703 1752 738; x_wconf 91' lang='lat'>:</span> <span class='ocrx_word' id='word_1_38' title='bbox 1788 704 1806 735; x_wconf 78' lang='grc' dir='ltr'><strong>ι</strong></span> <span class='ocrx_word' id='word_1_39' title='bbox 1837 685 1968 749; x_wconf 75' lang='lat' dir='ltr'><strong>Ome</strong></span> <span class='ocrx_word' id='word_1_40' title='bbox 2005 699 2101 752; x_wconf 87' lang='lat' dir='ltr'><strong>pro</strong></span> 
     </span>
    </p>
   </div>
   <div class='ocr_carea' id='block_1_9' title="bbox 501 774 2099 848">
    <p class='ocr_par' dir='ltr' id='par_1_9' title="bbox 501 774 2099 848">
     <span class='ocr_line' id='line_1_10' title="bbox 501 774 2099 848; baseline -0.003 -18"><span class='ocrx_word' id='word_1_41' title='bbox 501 785 793 848; x_wconf 73' lang='lat' dir='ltr'><strong>&#39;pntestate</strong></span> <span class='ocrx_word' id='word_1_42' title='bbox 845 775 974 830; x_wconf 81' lang='lat' dir='ltr'><strong>fecit</strong></span> <span class='ocrx_word' id='word_1_43' title='bbox 1020 776 1185 829; x_wconf 86' lang='lat' dir='ltr'><strong>homo</strong></span> <span class='ocrx_word' id='word_1_44' title='bbox 1247 775 1301 827; x_wconf 93' lang='lat' dir='ltr'><strong>in</strong></span> <span class='ocrx_word' id='word_1_45' title='bbox 1356 774 1674 837; x_wconf 86' lang='lat' dir='ltr'><strong>hominem,</strong></span> <span class='ocrx_word' id='word_1_46' title='bbox 1731 785 1787 828; x_wconf 92' lang='lat' dir='ltr'><strong>ut</strong></span> <span class='ocrx_word' id='word_1_47' title='bbox 1843 774 2099 842; x_wconf 81' lang='lat' dir='ltr'><strong>allligerel</strong></span> 
     </span>
    </p>
   </div>
   <div class='ocr_carea' id='block_1_10' title="bbox 525 863 2102 934">
    <p class='ocr_par' dir='ltr' id='par_1_10' title="bbox 525 863 2102 934">
     <span class='ocr_line' id='line_1_11' title="bbox 525 863 2102 934; baseline -0.002 -15"><span class='ocrx_word' id='word_1_48' title='bbox 525 882 690 931; x_wconf 83' lang='lat' dir='ltr'><strong>cum;</strong></span> <span class='ocrx_word' id='word_1_49' title='bbox 729 885 749 916; x_wconf 73' lang='grc' dir='ltr'><strong>ι</strong></span> <span class='ocrx_word' id='word_1_50' title='bbox 804 865 1002 934; x_wconf 86' lang='lat' dir='ltr'><strong>quippe</strong></span> <span class='ocrx_word' id='word_1_51' title='bbox 1054 864 1337 919; x_wconf 79' lang='lat' dir='ltr'><strong>rationalis</strong></span> <span class='ocrx_word' id='word_1_52' title='bbox 1397 863 1860 932; x_wconf 82' lang='lat' dir='ltr'><strong>intelligentisque</strong></span> <span class='ocrx_word' id='word_1_53' title='bbox 1906 865 2102 916; x_wconf 64' lang='lat' dir='ltr'><strong>anima:</strong></span> 
     </span>
    </p>
   </div>
   <div class='ocr_carea' id='block_1_11' title="bbox 529 957 2100 1026">
    <p class='ocr_par' dir='ltr' id='par_1_11' title="bbox 529 957 2100 1026">
     <span class='ocr_line' id='line_1_12' title="bbox 529 957 2100 1026; baseline -0.001 -16"><span class='ocrx_word' id='word_1_54' title='bbox 529 959 777 1013; x_wconf 79' lang='lat' dir='ltr'><strong>libertate</strong></span> <span class='ocrx_word' id='word_1_55' title='bbox 809 959 862 1011; x_wconf 91' lang='lat' dir='ltr'><strong>in</strong></span> <span class='ocrx_word' id='word_1_56' title='bbox 895 972 956 1012; x_wconf 90' lang='lat' dir='ltr'><strong>re</strong></span> <span class='ocrx_word' id='word_1_57' title='bbox 986 957 1128 1011; x_wconf 92' lang='lat' dir='ltr'><strong>mala</strong></span> <span class='ocrx_word' id='word_1_58' title='bbox 1155 958 1382 1022; x_wconf 84' lang='lat' dir='ltr'><strong>abusus,</strong></span> <span class='ocrx_word' id='word_1_59' title='bbox 1415 965 1734 1026; x_wconf 83' lang='lat' dir='ltr'><strong>potestath</strong></span> <span class='ocrx_word' id='word_1_60' title='bbox 1761 971 1914 1009; x_wconf 89' lang='lat' dir='ltr'><strong>suam</strong></span> <span class='ocrx_word' id='word_1_61' title='bbox 1943 971 2100 1008; x_wconf 63' lang='lat' dir='ltr'><strong>crer-</strong></span> 
     </span>
    </p>
   </div>
   <div class='ocr_carea' id='block_1_12' title="bbox 527 1045 2102 1116">
    <p class='ocr_par' dir='ltr' id='par_1_12' title="bbox 527 1045 2102 1116">
     <span class='ocr_line' id='line_1_13' title="bbox 527 1045 2102 1116; baseline -0.006 -11"><span class='ocrx_word' id='word_1_62' title='bbox 527 1059 647 1116; x_wconf 84' lang='lat' dir='ltr'><strong>cet,</strong></span> <span class='ocrx_word' id='word_1_63' title='bbox 695 1049 991 1103; x_wconf 79' lang='lat' dir='ltr'><strong>voluntatis</strong></span> <span class='ocrx_word' id='word_1_64' title='bbox 1035 1058 1376 1102; x_wconf 91' lang='lat' dir='ltr'><strong>momentum</strong></span> <span class='ocrx_word' id='word_1_65' title='bbox 1435 1048 1502 1101; x_wconf 85' lang='lat' dir='ltr'><strong>ad</strong></span> <span class='ocrx_word' id='word_1_66' title='bbox 1559 1046 1889 1116; x_wconf 80' lang='lat' dir='ltr'><strong>peccandum</strong></span> <span class='ocrx_word' id='word_1_67' title='bbox 1941 1045 2102 1098; x_wconf 84' lang='lat' dir='ltr'><strong>incli-</strong></span> 
     </span>
    </p>
   </div>
   <div class='ocr_carea' id='block_1_13' title="bbox 527 1136 2103 1208">
    <p class='ocr_par' dir='ltr' id='par_1_13' title="bbox 527 1136 2103 1208">
     <span class='ocr_line' id='line_1_14' title="bbox 527 1136 2103 1208; baseline -0.003 -16"><span class='ocrx_word' id='word_1_68' title='bbox 527 1138 730 1204; x_wconf 89' lang='lat' dir='ltr'><strong>nando,</strong></span> <span class='ocrx_word' id='word_1_69' title='bbox 767 1138 820 1192; x_wconf 92' lang='lat' dir='ltr'><strong>id</strong></span> <span class='ocrx_word' id='word_1_70' title='bbox 846 1150 926 1192; x_wconf 90' lang='lat' dir='ltr'><strong>est</strong></span> <span class='ocrx_word' id='word_1_71' title='bbox 956 1138 1221 1208; x_wconf 77' lang='lat' dir='ltr'><strong>indulget.</strong></span> <span class='ocrx_word' id='word_1_72' title='bbox 1253 1147 1312 1192; x_wconf 90' lang='lat' dir='ltr'><strong>ut</strong></span> <span class='ocrx_word' id='word_1_73' title='bbox 1343 1137 1638 1202; x_wconf 81' lang='lat' dir='ltr'><strong>mentiatur</strong></span> <span class='ocrx_word' id='word_1_74' title='bbox 1662 1147 1713 1190; x_wconf 90' lang='lat' dir='ltr'><strong>et</strong></span> <span class='ocrx_word' id='word_1_75' title='bbox 1738 1136 2103 1189; x_wconf 82' lang='lat' dir='ltr'><strong>calumnietur</strong></span> 
     </span>
    </p>
   </div>
   <div class='ocr_carea' id='block_1_14' title="bbox 525 1210 2105 1297">
    <p class='ocr_par' dir='ltr' id='par_1_14' title="bbox 525 1210 2105 1297">
     <span class='ocr_line' id='line_1_15' title="bbox 525 1210 2105 1297; baseline -0.001 -16"><span class='ocrx_word' id='word_1_76' title='bbox 525 1238 579 1282; x_wconf 82' lang='lat' dir='ltr'><strong>et</strong></span> <span class='ocrx_word' id='word_1_77' title='bbox 612 1240 768 1283; x_wconf 81' lang='lat' dir='ltr'><strong>vexet</strong></span> <span class='ocrx_word' id='word_1_78' title='bbox 795 1238 852 1284; x_wconf 88' lang='lat' dir='ltr'><strong>et</strong></span> <span class='ocrx_word' id='word_1_79' title='bbox 877 1210 1106 1284; x_wconf 82' lang='lat' dir='ltr'><strong>ditcscat</strong></span> <span class='ocrx_word' id='word_1_80' title='bbox 1147 1229 1361 1286; x_wconf 85' lang='lat' dir='ltr'><strong>alienis.</strong></span> <span class='ocrx_word' id='word_1_81' title='bbox 1398 1238 1452 1280; x_wconf 86' lang='lat' dir='ltr'><strong>et</strong></span> <span class='ocrx_word' id='word_1_82' title='bbox 1491 1228 1802 1297; x_wconf 75' lang='lat' dir='ltr'><strong>proximum</strong></span> <span class='ocrx_word' id='word_1_83' title='bbox 1844 1227 2030 1280; x_wconf 88' lang='lat' dir='ltr'><strong>multis</strong></span> <span class='ocrx_word' id='word_1_84' title='bbox 2053 1235 2105 1279; x_wconf 87' lang='lat' dir='ltr'><strong>ct</strong></span> 
     </span>
    </p>
   </div>
   <div class='ocr_carea' id='block_1_15' title="bbox 527 1318 2107 1391">
    <p class='ocr_par' dir='ltr' id='par_1_15' title="bbox 527 1318 2107 1391">
     <span class='ocr_line' id='line_1_16' title="bbox 527 1318 2107 1391; baseline -0.001 -17"><span class='ocrx_word' id='word_1_85' title='bbox 527 1323 694 1377; x_wconf 73' lang='lat' dir='ltr'><strong>variis</strong></span> <span class='ocrx_word' id='word_1_86' title='bbox 755 1322 938 1377; x_wconf 89' lang='lat' dir='ltr'><strong>modis</strong></span> <span class='ocrx_word' id='word_1_87' title='bbox 1001 1323 1238 1390; x_wconf 76' lang='lat' dir='ltr'><strong>pessime</strong></span> <span class='ocrx_word' id='word_1_88' title='bbox 1299 1320 1514 1376; x_wconf 83' lang='lat' dir='ltr'><strong>alliciat.</strong></span> <span class='ocrx_word' id='word_1_89' title='bbox 1563 1318 1854 1389; x_wconf 86' lang='lat' dir='ltr'><strong>Propterea</strong></span> <span class='ocrx_word' id='word_1_90' title='bbox 1917 1319 2107 1391; x_wconf 85' lang='lat' dir='ltr'><strong>utique</strong></span> 
     </span>
    </p>
   </div>
   <div class='ocr_carea' id='block_1_16' title="bbox 527 1414 1046 1485">
    <p class='ocr_par' dir='ltr' id='par_1_16' title="bbox 527 1414 1046 1485">
     <span class='ocr_line' id='line_1_17' title="bbox 527 1414 1046 1485; baseline 0.004 -19"><span class='ocrx_word' id='word_1_91' title='bbox 527 1415 725 1485; x_wconf 81' lang='lat' dir='ltr'><strong>adjecit</strong></span> <span class='ocrx_word' id='word_1_92' title='bbox 752 1414 1003 1484; x_wconf 86' lang='lat' dir='ltr'><strong>protinus</strong></span> <span class='ocrx_word' id='word_1_93' title='bbox 1031 1433 1046 1468; x_wconf 91' lang='lat'><strong>:</strong></span> 
     </span>
    </p>
   </div>
   <div class='ocr_carea' id='block_1_17' title="bbox 2199 588 3740 665">
    <p class='ocr_par' dir='ltr' id='par_1_17' title="bbox 2199 588 3740 665">
     <span class='ocr_line' id='line_1_18' title="bbox 2199 588 3740 665; baseline 0.003 -26"><span class='ocrx_word' id='word_1_94' title='bbox 2199 588 2608 657; x_wconf 64' lang='grc' dir='ltr'>κορεννυμὲεων</span> <span class='ocrx_word' id='word_1_95' title='bbox 2634 591 2692 640; x_wconf 89' lang='grc' dir='ltr'><strong>ἐν</strong></span> <span class='ocrx_word' id='word_1_96' title='bbox 2721 591 2841 651; x_wconf 84' lang='grc' dir='ltr'>ταῖς</span> <span class='ocrx_word' id='word_1_97' title='bbox 2868 590 3272 660; x_wconf 70' lang='grc' dir='ltr'><strong>κακοπραγίαις</strong></span> <span class='ocrx_word' id='word_1_98' title='bbox 3297 593 3388 643; x_wconf 83' lang='grc' dir='ltr'>καὶ</span> <span class='ocrx_word' id='word_1_99' title='bbox 3419 607 3740 665; x_wconf 77' lang='grc' dir='ltr'>πονηροπραο</span> 
     </span>
    </p>
   </div>
   <div class='ocr_carea' id='block_1_18' title="bbox 2198 676 3743 748">
    <p class='ocr_par' dir='ltr' id='par_1_18' title="bbox 2198 676 3743 748">
     <span class='ocr_line' id='line_1_19' title="bbox 2198 676 3743 748; baseline 0.007 -22"><span class='ocrx_word' id='word_1_100' title='bbox 2198 676 2359 742; x_wconf 79' lang='grc' dir='ltr'>ξῖαις.</span> <span class='ocrx_word' id='word_1_101' title='bbox 2385 677 2557 729; x_wconf 77' lang='grc' dir='ltr'>Τοῦτο</span> <span class='ocrx_word' id='word_1_102' title='bbox 2579 678 2684 748; x_wconf 75' lang='grc' dir='ltr'><strong>γάρ</strong></span> <span class='ocrx_word' id='word_1_103' title='bbox 2709 677 2974 748; x_wconf 75' lang='grc' dir='ltr'>ἐδήλωσεν</span> <span class='ocrx_word' id='word_1_104' title='bbox 2997 679 3188 731; x_wconf 77' lang='grc' dir='ltr'>εἰπών’</span> <span class='ocrx_word' id='word_1_105' title='bbox 3219 699 3238 730; x_wconf 75' lang='grc' dir='ltr'><strong>ι</strong></span> <span class='ocrx_word' id='word_1_106' title='bbox 3259 679 3397 732; x_wconf 86' lang='grc' dir='ltr'><strong>Ὅσα</strong></span> <span class='ocrx_word' id='word_1_107' title='bbox 3418 681 3743 746; x_wconf 76' lang='grc' dir='ltr'>ἐξουσιάσατο</span> 
     </span>
    </p>
   </div>
   <div class='ocr_carea' id='block_1_19' title="bbox 2195 768 3746 848">
    <p class='ocr_par' dir='ltr' id='par_1_19' title="bbox 2195 768 3746 848">
     <span class='ocr_line' id='line_1_20' title="bbox 2195 768 3746 848; baseline 0.004 -26"><span class='ocrx_word' id='word_1_108' title='bbox 2195 770 2227 822; x_wconf 82' lang='grc' dir='ltr'>ὁ</span> <span class='ocrx_word' id='word_1_109' title='bbox 2267 768 2555 837; x_wconf 82' lang='grc' dir='ltr'>ἄνθρωπος</span> <span class='ocrx_word' id='word_1_110' title='bbox 2598 771 2656 822; x_wconf 89' lang='grc' dir='ltr'><strong>ἐν</strong></span> <span class='ocrx_word' id='word_1_111' title='bbox 2703 769 2976 840; x_wconf 77' lang='grc' dir='ltr'>ἀνθρώπῳ</span> <span class='ocrx_word' id='word_1_112' title='bbox 3002 771 3096 823; x_wconf 77' lang='grc' dir='ltr'><strong>τού</strong></span> <span class='ocrx_word' id='word_1_113' title='bbox 3125 771 3375 826; x_wconf 83' lang='grc' dir='ltr'>κακῶσαι</span> <span class='ocrx_word' id='word_1_114' title='bbox 3407 774 3594 828; x_wconf 70' lang='grc' dir='ltr'>αὐτόν.</span> <span class='ocrx_word' id='word_1_115' title='bbox 3623 793 3642 826; x_wconf 77' lang='grc' dir='ltr'><strong>ι</strong></span> <span class='ocrx_word' id='word_1_116' title='bbox 3670 777 3746 848; x_wconf 80' lang='grc' dir='ltr'><strong>Τῷ</strong></span> 
     </span>
    </p>
   </div>
   <div class='ocr_carea' id='block_1_20' title="bbox 2195 860 3748 936">
    <p class='ocr_par' dir='ltr' id='par_1_20' title="bbox 2195 860 3748 936">
     <span class='ocr_line' id='line_1_21' title="bbox 2195 860 3748 936; baseline 0.006 -24"><span class='ocrx_word' id='word_1_117' title='bbox 2195 861 2306 930; x_wconf 73' lang='grc' dir='ltr'><strong>γὰρ</strong></span> <span class='ocrx_word' id='word_1_118' title='bbox 2338 860 2673 930; x_wconf 79' lang='grc' dir='ltr'>αὐτεξουσίῳ</span> <span class='ocrx_word' id='word_1_119' title='bbox 2718 861 2818 931; x_wconf 79' lang='grc' dir='ltr'>τῆς</span> <span class='ocrx_word' id='word_1_120' title='bbox 2845 862 3072 931; x_wconf 79' lang='grc' dir='ltr'><strong>λογικῆς</strong></span> <span class='ocrx_word' id='word_1_121' title='bbox 3113 864 3207 916; x_wconf 72' lang='grc' dir='ltr'><strong>καὶ</strong></span> <span class='ocrx_word' id='word_1_122' title='bbox 3248 867 3441 936; x_wconf 76' lang='grc' dir='ltr'>νοερᾶς</span> <span class='ocrx_word' id='word_1_123' title='bbox 3474 865 3645 936; x_wconf 72' lang='grc' dir='ltr'>ψυχῆς</span> <span class='ocrx_word' id='word_1_124' title='bbox 3671 870 3748 922; x_wconf 81' lang='grc' dir='ltr'>ἐπὶ</span> 
     </span>
    </p>
   </div>
   <div class='ocr_carea' id='block_1_21' title="bbox 2195 952 3750 1028">
    <p class='ocr_par' dir='ltr' id='par_1_21' title="bbox 2195 952 3750 1028">
     <span class='ocr_line' id='line_1_22' title="bbox 2195 952 3750 1028; baseline 0.004 -23"><span class='ocrx_word' id='word_1_125' title='bbox 2195 955 2310 1016; x_wconf 87' lang='grc' dir='ltr'>τοῖς</span> <span class='ocrx_word' id='word_1_126' title='bbox 2339 952 2565 1021; x_wconf 84' lang='grc' dir='ltr'>φαύλοις</span> <span class='ocrx_word' id='word_1_127' title='bbox 2593 953 3075 1023; x_wconf 74' lang='grc' dir='ltr'><strong>ἀποχρησάμενος,</strong></span> <span class='ocrx_word' id='word_1_128' title='bbox 3106 957 3135 1006; x_wconf 80' lang='grc' dir='ltr'>ὁ</span> <span class='ocrx_word' id='word_1_129' title='bbox 3161 955 3260 1025; x_wconf 80' lang='grc' dir='ltr'><strong>τὴν</strong></span> <span class='ocrx_word' id='word_1_130' title='bbox 3293 957 3469 1026; x_wconf 77' lang='grc' dir='ltr'>ῥοπὴν</span> <span class='ocrx_word' id='word_1_131' title='bbox 3505 957 3601 1026; x_wconf 77' lang='grc' dir='ltr'>τῆς</span> <span class='ocrx_word' id='word_1_132' title='bbox 3637 975 3750 1028; x_wconf 83' lang='grc' dir='ltr'>προ-</span> 
     </span>
    </p>
   </div>
   <div class='ocr_carea' id='block_1_22' title="bbox 2195 1044 3748 1116">
    <p class='ocr_par' dir='ltr' id='par_1_22' title="bbox 2195 1044 3748 1116">
     <span class='ocr_line' id='line_1_23' title="bbox 2195 1044 3748 1116; baseline 0.005 -22"><span class='ocrx_word' id='word_1_133' title='bbox 2195 1044 2462 1114; x_wconf 76' lang='grc' dir='ltr'>αιρέσεως</span> <span class='ocrx_word' id='word_1_134' title='bbox 2512 1045 2650 1114; x_wconf 71' lang='grc' dir='ltr'>πρὸς</span> <span class='ocrx_word' id='word_1_135' title='bbox 2704 1045 2766 1097; x_wconf 80' lang='grc' dir='ltr'>τὸ</span> <span class='ocrx_word' id='word_1_136' title='bbox 2821 1045 3031 1099; x_wconf 84' lang='grc' dir='ltr'><strong>ἀδικεῖν</strong></span> <span class='ocrx_word' id='word_1_137' title='bbox 3086 1047 3382 1110; x_wconf 75' lang='grc' dir='ltr'>ἀποκλίνας</span> <span class='ocrx_word' id='word_1_138' title='bbox 3448 1047 3748 1116; x_wconf 73' lang='grc' dir='ltr'>ἐξουσιάζει,</span> 
     </span>
    </p>
   </div>
   <div class='ocr_carea' id='block_1_23' title="bbox 2195 1135 3752 1205">
    <p class='ocr_par' dir='ltr' id='par_1_23' title="bbox 2195 1135 3752 1205">
     <span class='ocr_line' id='line_1_24' title="bbox 2195 1135 3752 1205; baseline 0.003 -19"><span class='ocrx_word' id='word_1_139' title='bbox 2195 1136 2447 1188; x_wconf 72' lang='grc' dir='ltr'>τουτέστι</span> <span class='ocrx_word' id='word_1_140' title='bbox 2479 1135 2894 1204; x_wconf 80' lang='grc' dir='ltr'>συγκεχώρηται</span> <span class='ocrx_word' id='word_1_141' title='bbox 2929 1136 3026 1189; x_wconf 78' lang='grc' dir='ltr'>καὶ</span> <span class='ocrx_word' id='word_1_142' title='bbox 3062 1135 3461 1205; x_wconf 75' lang='grc' dir='ltr'><strong>διαψεύσασθαι</strong></span> <span class='ocrx_word' id='word_1_143' title='bbox 3491 1138 3586 1191; x_wconf 79' lang='grc' dir='ltr'>καὶ</span> <span class='ocrx_word' id='word_1_144' title='bbox 3613 1155 3752 1191; x_wconf 85' lang='grc' dir='ltr'>συκο-</span> 
     </span>
    </p>
   </div>
   <div class='ocr_carea' id='block_1_24' title="bbox 2200 1226 3753 1296">
    <p class='ocr_par' dir='ltr' id='par_1_24' title="bbox 2200 1226 3753 1296">
     <span class='ocr_line' id='line_1_25' title="bbox 2200 1226 3753 1296; baseline 0.003 -18"><span class='ocrx_word' id='word_1_145' title='bbox 2200 1228 2425 1296; x_wconf 85' lang='grc' dir='ltr'>φαντεῖν</span> <span class='ocrx_word' id='word_1_146' title='bbox 2471 1229 2569 1280; x_wconf 71' lang='grc' dir='ltr'>καὶ</span> <span class='ocrx_word' id='word_1_147' title='bbox 2615 1226 2923 1280; x_wconf 85' lang='grc' dir='ltr'>διαϐάλλειν</span> <span class='ocrx_word' id='word_1_148' title='bbox 2970 1228 3064 1281; x_wconf 82' lang='grc' dir='ltr'>καὶ</span> <span class='ocrx_word' id='word_1_149' title='bbox 3099 1229 3466 1292; x_wconf 76' lang='grc' dir='ltr'><strong>πλεονεκτεῖν,</strong></span> <span class='ocrx_word' id='word_1_150' title='bbox 3497 1229 3591 1282; x_wconf 76' lang='grc' dir='ltr'>καὶ</span> <span class='ocrx_word' id='word_1_151' title='bbox 3618 1231 3753 1283; x_wconf 55' lang='lat' dir='ltr'><strong>mla.</strong></span> 
     </span>
    </p>
   </div>
   <div class='ocr_carea' id='block_1_25' title="bbox 2197 1317 3763 1390">
    <p class='ocr_par' dir='ltr' id='par_1_25' title="bbox 2197 1317 3763 1390">
     <span class='ocr_line' id='line_1_26' title="bbox 2197 1317 3763 1390; baseline 0.003 -20"><span class='ocrx_word' id='word_1_152' title='bbox 2197 1319 2415 1390; x_wconf 86' lang='grc' dir='ltr'>τρόπως</span> <span class='ocrx_word' id='word_1_153' title='bbox 2458 1317 2552 1369; x_wconf 75' lang='grc' dir='ltr'><strong>καὶ</strong></span> <span class='ocrx_word' id='word_1_154' title='bbox 2597 1317 2854 1380; x_wconf 71' lang='grc' dir='ltr'>ποικίλως</span> <span class='ocrx_word' id='word_1_155' title='bbox 2901 1318 2996 1372; x_wconf 77' lang='grc' dir='ltr'>τὸν</span> <span class='ocrx_word' id='word_1_156' title='bbox 3034 1317 3263 1390; x_wconf 79' lang='grc' dir='ltr'>πλησίον</span> <span class='ocrx_word' id='word_1_157' title='bbox 3291 1317 3524 1372; x_wconf 75' lang='grc' dir='ltr'>κακοῦν.</span> <span class='ocrx_word' id='word_1_158' title='bbox 3563 1320 3763 1390; x_wconf 74' lang='grc' dir='ltr'>Ἀμέλει</span> 
     </span>
    </p>
   </div>
   <div class='ocr_carea' id='block_1_26' title="bbox 2197 1410 2952 1480">
    <p class='ocr_par' dir='ltr' id='par_1_26' title="bbox 2197 1410 2952 1480">
     <span class='ocr_line' id='line_1_27' title="bbox 2197 1410 2952 1480; baseline -0.001 -17"><span class='ocrx_word' id='word_1_159' title='bbox 2197 1410 2380 1463; x_wconf 83' lang='grc' dir='ltr'>τοίνυν</span> <span class='ocrx_word' id='word_1_160' title='bbox 2409 1410 2632 1480; x_wconf 78' lang='grc' dir='ltr'>ἀμέσως</span> <span class='ocrx_word' id='word_1_161' title='bbox 2655 1410 2906 1480; x_wconf 79' lang='grc' dir='ltr'>ἐπήγαγε</span> <span class='ocrx_word' id='word_1_162' title='bbox 2933 1426 2952 1440; x_wconf 63' lang='grc' dir='ltr'>δ</span> 
     </span>
    </p>
   </div>
   <div class='ocr_carea' id='block_1_27' title="bbox 2063 1563 3518 1640">
    <p class='ocr_par' dir='ltr' id='par_1_27' title="bbox 2063 1563 3518 1640">
     <span class='ocr_line' id='line_1_28' title="bbox 2063 1563 3518 1640; baseline 0.001 -23"><span class='ocrx_word' id='word_1_163' title='bbox 2063 1565 2090 1636; x_wconf 85' lang='lat'><strong>§</strong></span> <span class='ocrx_word' id='word_1_164' title='bbox 2128 1563 2246 1618; x_wconf 82' lang='lat' dir='ltr'><strong>xu.</strong></span> <span class='ocrx_word' id='word_1_165' title='bbox 3511 1635 3518 1640; x_wconf 23' lang='grc' dir='ltr'><strong>Ι</strong></span> 
     </span>
    </p>
   </div>
   <div class='ocr_carea' id='block_1_28' title="bbox 599 1673 2100 1750">
    <p class='ocr_par' dir='ltr' id='par_1_28' title="bbox 599 1681 2089 1750">
     <span class='ocr_line' id='line_1_29' title="bbox 599 1681 2089 1750; baseline -0.003 -14"><span class='ocrx_word' id='word_1_166' title='bbox 599 1685 763 1738; x_wconf 74' lang='lat' dir='ltr'><strong>Vens.</strong></span> <span class='ocrx_word' id='word_1_167' title='bbox 804 1684 893 1739; x_wconf 76' lang='grc'><strong>10.</strong></span> <span class='ocrx_word' id='word_1_168' title='bbox 933 1681 1002 1737; x_wconf 84' lang='grc' dir='ltr'>Ει</span> <span class='ocrx_word' id='word_1_169' title='bbox 1036 1693 1159 1737; x_wconf 84' lang='lat' dir='ltr'><strong>tunc</strong></span> <span class='ocrx_word' id='word_1_170' title='bbox 1192 1683 1300 1736; x_wconf 82' lang='lat' dir='ltr'><strong>ridi</strong></span> <span class='ocrx_word' id='word_1_171' title='bbox 1331 1681 1518 1750; x_wconf 78' lang='lat' dir='ltr'><strong>impios</strong></span> <span class='ocrx_word' id='word_1_172' title='bbox 1553 1683 1606 1734; x_wconf 83' lang='lat' dir='ltr'><strong>in</strong></span> <span class='ocrx_word' id='word_1_173' title='bbox 1648 1681 1886 1749; x_wconf 77' lang='lat' dir='ltr'><strong>sepulcra</strong></span> <span class='ocrx_word' id='word_1_174' title='bbox 1919 1681 2089 1732; x_wconf 84' lang='lat' dir='ltr'><strong>intro-</strong></span> 
     </span>
    </p>
   </div>
   <div class='ocr_carea' id='block_1_29' title="bbox 2197 1673 3695 1750">
    <p class='ocr_par' dir='ltr' id='par_1_29' title="bbox 2261 1673 3695 1749">
     <span class='ocr_line' id='line_1_30' title="bbox 2261 1673 3695 1749; baseline 0.002 -18"><span class='ocrx_word' id='word_1_175' title='bbox 2261 1677 2370 1731; x_wconf 74' lang='grc' dir='ltr'><strong>Καὶ</strong></span> <span class='ocrx_word' id='word_1_176' title='bbox 2397 1678 2531 1732; x_wconf 79' lang='grc' dir='ltr'>τότε</span> <span class='ocrx_word' id='word_1_177' title='bbox 2551 1673 2719 1732; x_wconf 77' lang='grc' dir='ltr'>εἶδον</span> <span class='ocrx_word' id='word_1_178' title='bbox 2745 1677 2986 1745; x_wconf 79' lang='grc' dir='ltr'>ἀσεϐεῖς</span> <span class='ocrx_word' id='word_1_179' title='bbox 3013 1680 3098 1745; x_wconf 80' lang='grc' dir='ltr'><strong>είς</strong></span> <span class='ocrx_word' id='word_1_180' title='bbox 3129 1678 3360 1749; x_wconf 66' lang='grc' dir='ltr'>τάφους</span> <span class='ocrx_word' id='word_1_181' title='bbox 3378 1679 3695 1748; x_wconf 79' lang='grc' dir='ltr'>ἀχθέντας.</span> 
     </span>
    </p>
   </div>
   <div class='ocr_carea' id='block_1_30' title="bbox 527 1776 872 1846">
    <p class='ocr_par' dir='ltr' id='par_1_30' title="bbox 527 1776 872 1846">
     <span class='ocr_line' id='line_1_31' title="bbox 527 1776 872 1846; baseline 0 -18"><span class='ocrx_word' id='word_1_182' title='bbox 527 1778 710 1829; x_wconf 79' lang='lat' dir='ltr'><strong>ductos</strong></span> <span class='ocrx_word' id='word_1_183' title='bbox 738 1776 872 1846; x_wconf 78' lang='lat' dir='ltr'><strong>(l5).</strong></span> 
     </span>
    </p>
   </div>
   <div class='ocr_carea' id='block_1_31' title="bbox 596 1865 2101 1934">
    <p class='ocr_par' dir='ltr' id='par_1_31' title="bbox 596 1865 2101 1934">
     <span class='ocr_line' id='line_1_32' title="bbox 596 1865 2101 1934; baseline 0 -16"><span class='ocrx_word' id='word_1_184' title='bbox 596 1867 826 1931; x_wconf 83' lang='lat' dir='ltr'><strong>Quando</strong></span> <span class='ocrx_word' id='word_1_185' title='bbox 869 1866 1073 1919; x_wconf 83' lang='lat' dir='ltr'><strong>scilicet</strong></span> <span class='ocrx_word' id='word_1_186' title='bbox 1113 1866 1376 1920; x_wconf 72' lang='lat' dir='ltr'><strong>adrersns</strong></span> <span class='ocrx_word' id='word_1_187' title='bbox 1425 1865 1809 1920; x_wconf 75' lang='lat' dir='ltr'><strong>itnhccillimos</strong></span> <span class='ocrx_word' id='word_1_188' title='bbox 1849 1879 2101 1934; x_wconf 87' lang='lat' dir='ltr'><strong>quosque</strong></span> 
     </span>
    </p>
   </div>
   <div class='ocr_carea' id='block_1_32' title="bbox 527 1955 2100 2028">
    <p class='ocr_par' dir='ltr' id='par_1_32' title="bbox 527 1955 2100 2028">
     <span class='ocr_line' id='line_1_33' title="bbox 527 1955 2100 2028; baseline 0 -19"><span class='ocrx_word' id='word_1_189' title='bbox 527 1958 718 2010; x_wconf 63' lang='lat' dir='ltr'><strong>smvire</strong></span> <span class='ocrx_word' id='word_1_190' title='bbox 751 1965 1057 2028; x_wconf 60' lang='lat' dir='ltr'><strong>cmpeguut.</strong></span> <span class='ocrx_word' id='word_1_191' title='bbox 1097 1966 1151 2008; x_wconf 92' lang='lat' dir='ltr'><strong>et</strong></span> <span class='ocrx_word' id='word_1_192' title='bbox 1175 1956 1239 2009; x_wconf 89' lang='lat' dir='ltr'><strong>ad</strong></span> <span class='ocrx_word' id='word_1_193' title='bbox 1280 1955 1532 2024; x_wconf 76' lang='lat' dir='ltr'><strong>nequitia.-</strong></span> <span class='ocrx_word' id='word_1_194' title='bbox 1566 1971 1620 2010; x_wconf 89' lang='lat' dir='ltr'><strong>et</strong></span> <span class='ocrx_word' id='word_1_195' title='bbox 1650 1956 2019 2024; x_wconf 81' lang='lat' dir='ltr'><strong>improbitatis</strong></span> <span class='ocrx_word' id='word_1_196' title='bbox 2045 1965 2100 2009; x_wconf 90' lang='lat' dir='ltr'><strong>et</strong></span> 
     </span>
    </p>
   </div>
   <div class='ocr_carea' id='block_1_33' title="bbox 525 2047 2098 2116">
    <p class='ocr_par' dir='ltr' id='par_1_33' title="bbox 525 2047 2098 2116">
     <span class='ocr_line' id='line_1_34' title="bbox 525 2047 2098 2116; baseline -0.001 -15"><span class='ocrx_word' id='word_1_197' title='bbox 525 2049 837 2116; x_wconf 86' lang='lat' dir='ltr'><strong>rapinarum</strong></span> <span class='ocrx_word' id='word_1_198' title='bbox 859 2058 910 2101; x_wconf 92' lang='lat' dir='ltr'><strong>et</strong></span> <span class='ocrx_word' id='word_1_199' title='bbox 928 2047 1171 2100; x_wconf 71' lang='lat' dir='ltr'><strong>avaritiae</strong></span> <span class='ocrx_word' id='word_1_200' title='bbox 1194 2062 1470 2100; x_wconf 86' lang='lat' dir='ltr'><strong>summum</strong></span> <span class='ocrx_word' id='word_1_201' title='bbox 1494 2062 1716 2101; x_wconf 79' lang='lat' dir='ltr'><strong>venere:</strong></span> <span class='ocrx_word' id='word_1_202' title='bbox 1741 2058 1878 2112; x_wconf 92' lang='lat' dir='ltr'><strong>tum,</strong></span> <span class='ocrx_word' id='word_1_203' title='bbox 1901 2047 2098 2116; x_wconf 89' lang='lat' dir='ltr'><strong>inquit,</strong></span> 
     </span>
    </p>
   </div>
   <div class='ocr_carea' id='block_1_34' title="bbox 526 2136 2099 2205">
    <p class='ocr_par' dir='ltr' id='par_1_34' title="bbox 526 2136 2099 2205">
     <span class='ocr_line' id='line_1_35' title="bbox 526 2136 2099 2205; baseline 0 -17"><span class='ocrx_word' id='word_1_204' title='bbox 526 2136 822 2205; x_wconf 71' lang='lat' dir='ltr'><strong>iznprmiso</strong></span> <span class='ocrx_word' id='word_1_205' title='bbox 862 2150 924 2188; x_wconf 88' lang='lat' dir='ltr'><strong>ac</strong></span> <span class='ocrx_word' id='word_1_206' title='bbox 974 2144 1168 2204; x_wconf 71' lang='lat' dir='ltr'><strong>praeter</strong></span> <span class='ocrx_word' id='word_1_207' title='bbox 1218 2150 1368 2203; x_wconf 85' lang='lat' dir='ltr'><strong>spem</strong></span> <span class='ocrx_word' id='word_1_208' title='bbox 1401 2150 1757 2204; x_wconf 77' lang='lat' dir='ltr'><strong>supergressa</strong></span> <span class='ocrx_word' id='word_1_209' title='bbox 1808 2149 1958 2188; x_wconf 89' lang='lat' dir='ltr'><strong>mors</strong></span> <span class='ocrx_word' id='word_1_210' title='bbox 2002 2149 2099 2188; x_wconf 88' lang='lat' dir='ltr'><strong>eos</strong></span> 
     </span>
    </p>
   </div>
   <div class='ocr_carea' id='block_1_35' title="bbox 528 2218 2099 2297">
    <p class='ocr_par' dir='ltr' id='par_1_35' title="bbox 528 2218 2099 2297">
     <span class='ocr_line' id='line_1_36' title="bbox 528 2218 2099 2297; baseline 0 -17"><span class='ocrx_word' id='word_1_211' title='bbox 528 2229 582 2280; x_wconf 93' lang='lat' dir='ltr'><strong>in</strong></span> <span class='ocrx_word' id='word_1_212' title='bbox 635 2237 836 2281; x_wconf 88' lang='lat' dir='ltr'><strong>terram</strong></span> <span class='ocrx_word' id='word_1_213' title='bbox 890 2227 1224 2297; x_wconf 73' lang='lat' dir='ltr'><strong>prostravit,</strong></span> <span class='ocrx_word' id='word_1_214' title='bbox 1288 2218 1676 2296; x_wconf 68' lang='lat' dir='ltr'><strong>sepulcrisque</strong></span> <span class='ocrx_word' id='word_1_215' title='bbox 1722 2228 1984 2282; x_wconf 83' lang='lat' dir='ltr'><strong>contexit.</strong></span> <span class='ocrx_word' id='word_1_216' title='bbox 2042 2227 2099 2281; x_wconf 89' lang='lat' dir='ltr'><strong>ld</strong></span> 
     </span>
    </p>
   </div>
   <div class='ocr_carea' id='block_1_36' title="bbox 526 2315 2100 2398">
    <p class='ocr_par' dir='ltr' id='par_1_36' title="bbox 526 2315 2100 2398">
     <span class='ocr_line' id='line_1_37' title="bbox 526 2315 2100 2398; baseline 0.001 -28"><span class='ocrx_word' id='word_1_217' title='bbox 526 2327 709 2372; x_wconf 88' lang='lat' dir='ltr'><strong>autem</strong></span> <span class='ocrx_word' id='word_1_218' title='bbox 763 2317 940 2386; x_wconf 87' lang='lat' dir='ltr'><strong>ipsum</strong></span> <span class='ocrx_word' id='word_1_219' title='bbox 990 2325 1044 2370; x_wconf 91' lang='lat' dir='ltr'><strong>et</strong></span> <span class='ocrx_word' id='word_1_220' title='bbox 1087 2315 1255 2369; x_wconf 84' lang='lat' dir='ltr'><strong>David</strong></span> <span class='ocrx_word' id='word_1_221' title='bbox 1294 2317 1558 2386; x_wconf 88' lang='lat' dir='ltr'><strong>propheta</strong></span> <span class='ocrx_word' id='word_1_222' title='bbox 1605 2317 1752 2398; x_wconf 69' lang='lat' dir='ltr'><strong>clare</strong></span> <span class='ocrx_word' id='word_1_223' title='bbox 1799 2332 2100 2386; x_wconf 69' lang='lat' dir='ltr'><strong>repraesen-</strong></span> 
     </span>
    </p>
   </div>
   <div class='ocr_carea' id='block_1_37' title="bbox 525 2406 2102 2478">
    <p class='ocr_par' dir='ltr' id='par_1_37' title="bbox 525 2406 2102 2478">
     <span class='ocr_line' id='line_1_38' title="bbox 525 2406 2102 2478; baseline 0 -15"><span class='ocrx_word' id='word_1_224' title='bbox 525 2418 627 2471; x_wconf 90' lang='lat' dir='ltr'><strong>tat,</strong></span> <span class='ocrx_word' id='word_1_225' title='bbox 671 2423 794 2463; x_wconf 89' lang='lat' dir='ltr'><strong>cum</strong></span> <span class='ocrx_word' id='word_1_226' title='bbox 840 2408 958 2462; x_wconf 89' lang='lat' dir='ltr'><strong>ait:</strong></span> <span class='ocrx_word' id='word_1_227' title='bbox 993 2426 1013 2458; x_wconf 77' lang='grc' dir='ltr'><strong>ι</strong></span> <span class='ocrx_word' id='word_1_228' title='bbox 1047 2406 1388 2471; x_wconf 74' lang='grc' dir='ltr'>θείθοοι-ιιιιι,</span> <span class='ocrx_word' id='word_1_229' title='bbox 1417 2408 1700 2477; x_wconf 89' lang='lat' dir='ltr'><strong>perierunt</strong></span> <span class='ocrx_word' id='word_1_230' title='bbox 1731 2419 1951 2478; x_wconf 88' lang='lat' dir='ltr'><strong>propter</strong></span> <span class='ocrx_word' id='word_1_231' title='bbox 2001 2409 2102 2463; x_wconf 91' lang='lat' dir='ltr'><strong>ini-</strong></span> 
     </span>
    </p>
   </div>
   <div class='ocr_carea' id='block_1_38' title="bbox 524 2495 2100 2570">
    <p class='ocr_par' dir='ltr' id='par_1_38' title="bbox 524 2495 2100 2570">
     <span class='ocr_line' id='line_1_39' title="bbox 524 2495 2100 2570; baseline 0 -18"><span class='ocrx_word' id='word_1_232' title='bbox 524 2499 786 2570; x_wconf 85' lang='lat' dir='ltr'><strong>quitatem</strong></span> <span class='ocrx_word' id='word_1_233' title='bbox 847 2513 1001 2553; x_wconf 84' lang='lat' dir='ltr'><strong>suam</strong></span> <span class='ocrx_word' id='word_1_234' title='bbox 1023 2497 1090 2552; x_wconf 80' lang='lat'><strong>&quot;.</strong></span> <span class='ocrx_word' id='word_1_235' title='bbox 1121 2516 1142 2548; x_wconf 72' lang='grc' dir='ltr'><strong>ι</strong></span> <span class='ocrx_word' id='word_1_236' title='bbox 1193 2495 1261 2550; x_wconf 86' lang='lat' dir='ltr'><strong>Et</strong></span> <span class='ocrx_word' id='word_1_237' title='bbox 1318 2512 1536 2552; x_wconf 86' lang='lat' dir='ltr'><strong>rursum</strong></span> <span class='ocrx_word' id='word_1_238' title='bbox 1577 2513 1592 2550; x_wconf 89' lang='lat'><strong>:</strong></span> <span class='ocrx_word' id='word_1_239' title='bbox 1629 2516 1648 2549; x_wconf 86' lang='grc'><em>‹</em></span> <span class='ocrx_word' id='word_1_240' title='bbox 1681 2497 1800 2551; x_wconf 84' lang='lat' dir='ltr'><strong>Vidi</strong></span> <span class='ocrx_word' id='word_1_241' title='bbox 1871 2498 2100 2568; x_wconf 89' lang='lat' dir='ltr'><strong>impium</strong></span> 
     </span>
    </p>
   </div>
   <div class='ocr_carea' id='block_1_39' title="bbox 525 2587 2103 2662">
    <p class='ocr_par' dir='ltr' id='par_1_39' title="bbox 525 2587 2103 2662">
     <span class='ocr_line' id='line_1_40' title="bbox 525 2587 2103 2662; baseline 0 -18"><span class='ocrx_word' id='word_1_242' title='bbox 525 2591 989 2662; x_wconf 85' lang='lat' dir='ltr'><strong>superexaltatum</strong></span> <span class='ocrx_word' id='word_1_243' title='bbox 1013 2597 1067 2644; x_wconf 92' lang='lat' dir='ltr'><strong>et</strong></span> <span class='ocrx_word' id='word_1_244' title='bbox 1097 2589 1367 2644; x_wconf 81' lang='lat' dir='ltr'><strong>elevatum</strong></span> <span class='ocrx_word' id='word_1_245' title='bbox 1392 2589 1534 2644; x_wconf 84' lang='lat' dir='ltr'><strong>sicut</strong></span> <span class='ocrx_word' id='word_1_246' title='bbox 1568 2589 1762 2644; x_wconf 85' lang='lat' dir='ltr'><strong>cedros</strong></span> <span class='ocrx_word' id='word_1_247' title='bbox 1788 2587 2005 2644; x_wconf 78' lang='lat' dir='ltr'><strong>Libani.</strong></span> <span class='ocrx_word' id='word_1_248' title='bbox 2034 2588 2103 2645; x_wconf 88' lang='lat' dir='ltr'><strong>Et</strong></span> 
     </span>
    </p>
   </div>
   <div class='ocr_carea' id='block_1_40' title="bbox 525 2679 2099 2750">
    <p class='ocr_par' dir='ltr' id='par_1_40' title="bbox 525 2679 2099 2750">
     <span class='ocr_line' id='line_1_41' title="bbox 525 2679 2099 2750; baseline 0.001 -15"><span class='ocrx_word' id='word_1_249' title='bbox 525 2681 774 2743; x_wconf 80' lang='lat' dir='ltr'><strong>transivi,</strong></span> <span class='ocrx_word' id='word_1_250' title='bbox 804 2689 860 2735; x_wconf 89' lang='lat' dir='ltr'><strong>et</strong></span> <span class='ocrx_word' id='word_1_251' title='bbox 895 2695 1023 2735; x_wconf 88' lang='lat' dir='ltr'><strong>ecce</strong></span> <span class='ocrx_word' id='word_1_252' title='bbox 1075 2695 1183 2735; x_wconf 91' lang='lat' dir='ltr'><strong>non</strong></span> <span class='ocrx_word' id='word_1_253' title='bbox 1209 2688 1349 2744; x_wconf 87' lang='lat' dir='ltr'><strong>erat,</strong></span> <span class='ocrx_word' id='word_1_254' title='bbox 1379 2687 1434 2734; x_wconf 82' lang='lat' dir='ltr'><strong>et</strong></span> <span class='ocrx_word' id='word_1_255' title='bbox 1465 2679 1691 2750; x_wconf 69' lang='lat' dir='ltr'><strong>quaesivi</strong></span> <span class='ocrx_word' id='word_1_256' title='bbox 1722 2694 1872 2746; x_wconf 87' lang='lat' dir='ltr'><strong>eum,</strong></span> <span class='ocrx_word' id='word_1_257' title='bbox 1901 2689 1957 2736; x_wconf 89' lang='lat' dir='ltr'><strong>et</strong></span> <span class='ocrx_word' id='word_1_258' title='bbox 1988 2695 2099 2736; x_wconf 93' lang='lat' dir='ltr'><strong>non</strong></span> 
     </span>
    </p>
   </div>
   <div class='ocr_carea' id='block_1_41' title="bbox 523 2772 2103 2844">
    <p class='ocr_par' dir='ltr' id='par_1_41' title="bbox 523 2772 2103 2844">
     <span class='ocr_line' id='line_1_42' title="bbox 523 2772 2103 2844; baseline 0.005 -21"><span class='ocrx_word' id='word_1_259' title='bbox 523 2782 606 2827; x_wconf 79' lang='lat' dir='ltr'><strong>est</strong></span> <span class='ocrx_word' id='word_1_260' title='bbox 631 2773 878 2828; x_wconf 80' lang='lat' dir='ltr'><strong>inventus</strong></span> <span class='ocrx_word' id='word_1_261' title='bbox 903 2772 1056 2828; x_wconf 82' lang='lat' dir='ltr'><strong>locus</strong></span> <span class='ocrx_word' id='word_1_262' title='bbox 1083 2774 1204 2842; x_wconf 86' lang='lat' dir='ltr'><strong>ejus</strong></span> <span class='ocrx_word' id='word_1_263' title='bbox 1226 2772 1306 2838; x_wconf 77' lang='lat'><strong>&quot;;</strong></span> <span class='ocrx_word' id='word_1_264' title='bbox 1332 2792 1350 2825; x_wconf 73' lang='grc' dir='ltr'><strong>ι</strong></span> <span class='ocrx_word' id='word_1_265' title='bbox 1375 2772 1570 2828; x_wconf 90' lang='lat' dir='ltr'><strong>mortis</strong></span> <span class='ocrx_word' id='word_1_266' title='bbox 1599 2773 1855 2828; x_wconf 84' lang='lat' dir='ltr'><strong>nimirum</strong></span> <span class='ocrx_word' id='word_1_267' title='bbox 1881 2783 2103 2844; x_wconf 87' lang='lat' dir='ltr'><strong>repente</strong></span> 
     </span>
    </p>
   </div>
   <div class='ocr_carea' id='block_1_42' title="bbox 527 2865 2104 2935">
    <p class='ocr_par' dir='ltr' id='par_1_42' title="bbox 527 2865 2104 2935">
     <span class='ocr_line' id='line_1_43' title="bbox 527 2865 2104 2935; baseline 0.001 -15"><span class='ocrx_word' id='word_1_268' title='bbox 527 2866 832 2935; x_wconf 77' lang='lat' dir='ltr'><strong>ingruentis</strong></span> <span class='ocrx_word' id='word_1_269' title='bbox 850 2865 1104 2927; x_wconf 79' lang='lat' dir='ltr'><strong>adventu,</strong></span> <span class='ocrx_word' id='word_1_270' title='bbox 1126 2866 1181 2919; x_wconf 94' lang='lat' dir='ltr'><strong>in</strong></span> <span class='ocrx_word' id='word_1_271' title='bbox 1200 2865 1494 2934; x_wconf 87' lang='lat' dir='ltr'><strong>perniciem</strong></span> <span class='ocrx_word' id='word_1_272' title='bbox 1515 2865 1900 2934; x_wconf 85' lang='lat' dir='ltr'><strong>sempiternam</strong></span> <span class='ocrx_word' id='word_1_273' title='bbox 1921 2880 2104 2922; x_wconf 85' lang='lat' dir='ltr'><strong>aman-</strong></span> 
     </span>
    </p>
   </div>
   <div class='ocr_carea' id='block_1_43' title="bbox 526 2955 2104 3027">
    <p class='ocr_par' dir='ltr' id='par_1_43' title="bbox 526 2955 2104 3027">
     <span class='ocr_line' id='line_1_44' title="bbox 526 2955 2104 3027; baseline 0.001 -17"><span class='ocrx_word' id='word_1_274' title='bbox 526 2957 639 3010; x_wconf 84' lang='lat' dir='ltr'><strong>dati</strong></span> <span class='ocrx_word' id='word_1_275' title='bbox 668 2965 817 3012; x_wconf 87' lang='lat' dir='ltr'><strong>sunt.</strong></span> <span class='ocrx_word' id='word_1_276' title='bbox 848 2955 960 3011; x_wconf 89' lang='lat' dir='ltr'><strong>lloc</strong></span> <span class='ocrx_word' id='word_1_277' title='bbox 991 2957 1136 3012; x_wconf 86' lang='lat' dir='ltr'><strong>enim</strong></span> <span class='ocrx_word' id='word_1_278' title='bbox 1167 2956 1405 3012; x_wconf 87' lang='lat' dir='ltr'><strong>ostendit</strong></span> <span class='ocrx_word' id='word_1_279' title='bbox 1438 2957 1525 3020; x_wconf 92' lang='lat' dir='ltr'><strong>iis,</strong></span> <span class='ocrx_word' id='word_1_280' title='bbox 1549 2971 1673 3027; x_wconf 69' lang='lat' dir='ltr'><strong>qua:</strong></span> <span class='ocrx_word' id='word_1_281' title='bbox 1698 2955 1943 3027; x_wconf 78' lang='lat' dir='ltr'><strong>proxime</strong></span> <span class='ocrx_word' id='word_1_282' title='bbox 1967 2957 2104 3012; x_wconf 89' lang='lat' dir='ltr'><strong>sub-</strong></span> 
     </span>
    </p>
   </div>
   <div class='ocr_carea' id='block_1_44' title="bbox 522 3050 700 3121">
    <p class='ocr_par' dir='ltr' id='par_1_44' title="bbox 522 3050 700 3121">
     <span class='ocr_line' id='line_1_45' title="bbox 522 3050 700 3121; baseline 0.017 -18"><span class='ocrx_word' id='word_1_283' title='bbox 522 3050 654 3121; x_wconf 86' lang='lat' dir='ltr'><strong>jecit</strong></span> <span class='ocrx_word' id='word_1_284' title='bbox 685 3067 700 3106; x_wconf 89' lang='lat'><strong>:</strong></span> 
     </span>
    </p>
   </div>
   <div class='ocr_carea' id='block_1_45' title="bbox 2280 1857 3758 1930">
    <p class='ocr_par' dir='ltr' id='par_1_45' title="bbox 2280 1857 3758 1930">
     <span class='ocr_line' id='line_1_46' title="bbox 2280 1857 3758 1930; baseline 0.001 -21"><span class='ocrx_word' id='word_1_285' title='bbox 2280 1857 2475 1910; x_wconf 85' lang='grc' dir='ltr'>Ἦνίκα</span> <span class='ocrx_word' id='word_1_286' title='bbox 2512 1857 2759 1926; x_wconf 74' lang='grc' dir='ltr'>δηλονότι</span> <span class='ocrx_word' id='word_1_287' title='bbox 2798 1859 3245 1930; x_wconf 79' lang='grc' dir='ltr'>κατεφρυάξαντο</span> <span class='ocrx_word' id='word_1_288' title='bbox 3288 1861 3398 1912; x_wconf 86' lang='grc' dir='ltr'><strong>τῶν</strong></span> <span class='ocrx_word' id='word_1_289' title='bbox 3449 1859 3758 1913; x_wconf 77' lang='grc' dir='ltr'>ἀδυνατωτέ-</span> 
     </span>
    </p>
   </div>
   <div class='ocr_carea' id='block_1_46' title="bbox 2203 1950 3845 2022">
    <p class='ocr_par' dir='ltr' id='par_1_46' title="bbox 2203 1950 3845 2022">
     <span class='ocr_line' id='line_1_47' title="bbox 2203 1950 3845 2022; baseline 0.002 -21"><span class='ocrx_word' id='word_1_290' title='bbox 2203 1967 2334 2020; x_wconf 89' lang='grc' dir='ltr'>ρων,</span> <span class='ocrx_word' id='word_1_291' title='bbox 2365 1951 2461 2002; x_wconf 80' lang='grc' dir='ltr'><strong>καὶ</strong></span> <span class='ocrx_word' id='word_1_292' title='bbox 2505 1950 2640 2022; x_wconf 78' lang='grc' dir='ltr'>πρὸς</span> <span class='ocrx_word' id='word_1_293' title='bbox 2683 1951 2785 2020; x_wconf 82' lang='grc' dir='ltr'>τὴν</span> <span class='ocrx_word' id='word_1_294' title='bbox 2818 1951 3096 2020; x_wconf 78' lang='grc' dir='ltr'><strong>ἀκρότητα</strong></span> <span class='ocrx_word' id='word_1_295' title='bbox 3141 1951 3243 2020; x_wconf 81' lang='grc' dir='ltr'>τῆς</span> <span class='ocrx_word' id='word_1_296' title='bbox 3297 1951 3500 2013; x_wconf 83' lang='grc' dir='ltr'>κακίας</span> <span class='ocrx_word' id='word_1_297' title='bbox 3555 1951 3754 2019; x_wconf 76' lang='grc' dir='ltr'>καὶτῆς</span> <span class='ocrx_word' id='word_1_298' title='bbox 3839 1998 3845 2004; x_wconf 89' lang='grc'><strong>.</strong></span> 
     </span>
    </p>
   </div>
   <div class='ocr_carea' id='block_1_47' title="bbox 2201 2038 3756 2111">
    <p class='ocr_par' dir='ltr' id='par_1_47' title="bbox 2201 2038 3756 2111">
     <span class='ocr_line' id='line_1_48' title="bbox 2201 2038 3756 2111; baseline 0.001 -20"><span class='ocrx_word' id='word_1_299' title='bbox 2201 2038 2556 2110; x_wconf 79' lang='grc' dir='ltr'>φαυλότητος,</span> <span class='ocrx_word' id='word_1_300' title='bbox 2585 2043 2681 2092; x_wconf 77' lang='grc' dir='ltr'>καὶ</span> <span class='ocrx_word' id='word_1_301' title='bbox 2701 2039 2812 2093; x_wconf 78' lang='grc' dir='ltr'>τῶν</span> <span class='ocrx_word' id='word_1_302' title='bbox 2833 2041 3193 2111; x_wconf 84' lang='grc' dir='ltr'>ἀρπακτικῶν</span> <span class='ocrx_word' id='word_1_303' title='bbox 3222 2041 3454 2094; x_wconf 77' lang='grc' dir='ltr'>καὶτῶν</span> <span class='ocrx_word' id='word_1_304' title='bbox 3485 2041 3756 2094; x_wconf 81' lang='grc' dir='ltr'>πλεονεκτι-</span> 
     </span>
    </p>
   </div>
   <div class='ocr_carea' id='block_1_48' title="bbox 2201 2132 3753 2206">
    <p class='ocr_par' dir='ltr' id='par_1_48' title="bbox 2201 2132 3753 2206">
     <span class='ocr_line' id='line_1_49' title="bbox 2201 2132 3753 2206; baseline 0.001 -21"><span class='ocrx_word' id='word_1_305' title='bbox 2201 2133 2312 2185; x_wconf 86' lang='grc' dir='ltr'>κῶν</span> <span class='ocrx_word' id='word_1_306' title='bbox 2356 2132 2806 2202; x_wconf 75' lang='grc' dir='ltr'>ἐπιτηδευμάτων</span> <span class='ocrx_word' id='word_1_307' title='bbox 2845 2133 3127 2201; x_wconf 83' lang='grc' dir='ltr'>ἀφίκοντο,</span> <span class='ocrx_word' id='word_1_308' title='bbox 3174 2136 3318 2197; x_wconf 88' lang='grc' dir='ltr'>τότε,</span> <span class='ocrx_word' id='word_1_309' title='bbox 3369 2137 3563 2206; x_wconf 79' lang='grc' dir='ltr'>φησὶν,</span> <span class='ocrx_word' id='word_1_310' title='bbox 3610 2136 3753 2206; x_wconf 70' lang='grc' dir='ltr'>ἀπρο-</span> 
     </span>
    </p>
   </div>
   <div class='ocr_carea' id='block_1_49' title="bbox 2199 2225 3753 2296">
    <p class='ocr_par' dir='ltr' id='par_1_49' title="bbox 2199 2225 3753 2296">
     <span class='ocr_line' id='line_1_50' title="bbox 2199 2225 3753 2296; baseline 0.001 -20"><span class='ocrx_word' id='word_1_311' title='bbox 2199 2225 2382 2286; x_wconf 84' lang='grc' dir='ltr'>όπτως</span> <span class='ocrx_word' id='word_1_312' title='bbox 2429 2227 2524 2276; x_wconf 74' lang='grc' dir='ltr'>καὶ</span> <span class='ocrx_word' id='word_1_313' title='bbox 2553 2227 2686 2295; x_wconf 84' lang='grc' dir='ltr'>παρ’</span> <span class='ocrx_word' id='word_1_314' title='bbox 2718 2225 2939 2287; x_wconf 75' lang='grc' dir='ltr'>ἐλπίδας</span> <span class='ocrx_word' id='word_1_315' title='bbox 2967 2225 3212 2278; x_wconf 81' lang='grc' dir='ltr'>ἐπελθὼν</span> <span class='ocrx_word' id='word_1_316' title='bbox 3243 2229 3271 2279; x_wconf 86' lang='grc' dir='ltr'>ὀ</span> <span class='ocrx_word' id='word_1_317' title='bbox 3297 2225 3554 2289; x_wconf 76' lang='grc' dir='ltr'>θάνατος.</span> <span class='ocrx_word' id='word_1_318' title='bbox 3584 2228 3753 2296; x_wconf 72' lang='grc' dir='ltr'><strong>κατεὲῤ⁸</strong></span> 
     </span>
    </p>
   </div>
   <div class='ocr_carea' id='block_1_50' title="bbox 2203 2316 3755 2389">
    <p class='ocr_par' dir='ltr' id='par_1_50' title="bbox 2203 2316 3755 2389">
     <span class='ocr_line' id='line_1_51' title="bbox 2203 2316 3755 2389; baseline -0.002 -18"><span class='ocrx_word' id='word_1_319' title='bbox 2203 2319 2333 2388; x_wconf 79' lang='grc' dir='ltr'>ραξε</span> <span class='ocrx_word' id='word_1_320' title='bbox 2363 2317 2501 2389; x_wconf 61' lang='grc' dir='ltr'>προς</span> <span class='ocrx_word' id='word_1_321' title='bbox 2524 2319 2621 2386; x_wconf 75' lang='grc' dir='ltr'>τὴν</span> <span class='ocrx_word' id='word_1_322' title='bbox 2650 2318 2774 2386; x_wconf 78' lang='grc' dir='ltr'>γῆν,</span> <span class='ocrx_word' id='word_1_323' title='bbox 2795 2319 3026 2379; x_wconf 74' lang='grc' dir='ltr'>καὶτοῖς</span> <span class='ocrx_word' id='word_1_324' title='bbox 3051 2318 3242 2385; x_wconf 87' lang='grc' dir='ltr'>τάφοις</span> <span class='ocrx_word' id='word_1_325' title='bbox 3269 2316 3535 2387; x_wconf 62' lang='grc' dir='ltr'>ἐκάλυψε.</span> <span class='ocrx_word' id='word_1_326' title='bbox 3560 2317 3629 2369; x_wconf 72' lang='grc' dir='ltr'><strong>Τὸ</strong></span> <span class='ocrx_word' id='word_1_327' title='bbox 3652 2317 3755 2370; x_wconf 70' lang='grc' dir='ltr'>αὐτὸ</span> 
     </span>
    </p>
   </div>
   <div class='ocr_carea' id='block_1_51' title="bbox 2199 2405 3756 2479">
    <p class='ocr_par' dir='ltr' id='par_1_51' title="bbox 2199 2405 3756 2479">
     <span class='ocr_line' id='line_1_52' title="bbox 2199 2405 3756 2479; baseline 0 -17"><span class='ocrx_word' id='word_1_328' title='bbox 2199 2409 2258 2463; x_wconf 85' lang='grc' dir='ltr'>δὲ</span> <span class='ocrx_word' id='word_1_329' title='bbox 2284 2408 2446 2462; x_wconf 82' lang='grc' dir='ltr'>τοῦτο</span> <span class='ocrx_word' id='word_1_330' title='bbox 2473 2409 2776 2478; x_wconf 80' lang='grc' dir='ltr'>παρίστησι</span> <span class='ocrx_word' id='word_1_331' title='bbox 2804 2407 2990 2478; x_wconf 84' lang='grc' dir='ltr'>σαφῶς</span> <span class='ocrx_word' id='word_1_332' title='bbox 3016 2409 3114 2461; x_wconf 75' lang='grc' dir='ltr'><strong>καὶ</strong></span> <span class='ocrx_word' id='word_1_333' title='bbox 3138 2405 3305 2461; x_wconf 76' lang='grc' dir='ltr'>Δαϐὶδ</span> <span class='ocrx_word' id='word_1_334' title='bbox 3333 2411 3363 2462; x_wconf 81' lang='grc' dir='ltr'><strong>ὁ</strong></span> <span class='ocrx_word' id='word_1_335' title='bbox 3389 2410 3674 2479; x_wconf 75' lang='grc' dir='ltr'>προφήτης</span> <span class='ocrx_word' id='word_1_336' title='bbox 3698 2411 3756 2462; x_wconf 67' lang='grc' dir='ltr'><strong>εἰη</strong></span> 
     </span>
    </p>
   </div>
   <div class='ocr_carea' id='block_1_52' title="bbox 2202 2500 3748 2572">
    <p class='ocr_par' dir='ltr' id='par_1_52' title="bbox 2202 2500 3748 2572">
     <span class='ocr_line' id='line_1_53' title="bbox 2202 2500 3748 2572; baseline -0.001 -17"><span class='ocrx_word' id='word_1_337' title='bbox 2202 2501 2340 2556; x_wconf 77' lang='grc' dir='ltr'><strong>ιπών⁹</strong></span> <span class='ocrx_word' id='word_1_338' title='bbox 2365 2521 2384 2553; x_wconf 71' lang='grc' dir='ltr'>ο</span> <span class='ocrx_word' id='word_1_339' title='bbox 2406 2501 2708 2566; x_wconf 79' lang='grc' dir='ltr'>Ἐξέλιπον,</span> <span class='ocrx_word' id='word_1_340' title='bbox 2738 2500 3022 2554; x_wconf 84' lang='grc' dir='ltr'>ἀπώλοντο</span> <span class='ocrx_word' id='word_1_341' title='bbox 3046 2500 3136 2554; x_wconf 83' lang='grc' dir='ltr'><strong>διὰ</strong></span> <span class='ocrx_word' id='word_1_342' title='bbox 3156 2501 3255 2571; x_wconf 83' lang='grc' dir='ltr'>τὴν</span> <span class='ocrx_word' id='word_1_343' title='bbox 3275 2503 3516 2572; x_wconf 68' lang='grc' dir='ltr'>ἀνομίαν</span> <span class='ocrx_word' id='word_1_344' title='bbox 3535 2501 3748 2556; x_wconf 72' lang='grc' dir='ltr'>αὐτῶν.»</span> 
     </span>
    </p>
   </div>
   <div class='ocr_carea' id='block_1_53' title="bbox 2200 2590 3754 2664">
    <p class='ocr_par' dir='ltr' id='par_1_53' title="bbox 2200 2590 3754 2664">
     <span class='ocr_line' id='line_1_54' title="bbox 2200 2590 3754 2664; baseline -0.003 -15"><span class='ocrx_word' id='word_1_345' title='bbox 2200 2594 2314 2649; x_wconf 75' lang='grc' dir='ltr'><strong>Καὶ</strong></span> <span class='ocrx_word' id='word_1_346' title='bbox 2332 2593 2515 2647; x_wconf 80' lang='grc' dir='ltr'>πάλινο</span> <span class='ocrx_word' id='word_1_347' title='bbox 2535 2612 2554 2644; x_wconf 77' lang='grc' dir='ltr'><strong>ι</strong></span> <span class='ocrx_word' id='word_1_348' title='bbox 2579 2590 2734 2649; x_wconf 74' lang='grc' dir='ltr'>Εἶδον</span> <span class='ocrx_word' id='word_1_349' title='bbox 2747 2592 2840 2648; x_wconf 77' lang='grc' dir='ltr'><strong>τὸν</strong></span> <span class='ocrx_word' id='word_1_350' title='bbox 2855 2591 3028 2663; x_wconf 83' lang='grc' dir='ltr'>ἀσεϐῆ</span> <span class='ocrx_word' id='word_1_351' title='bbox 3048 2593 3489 2663; x_wconf 82' lang='grc' dir='ltr'>ὕπεραιρὸμενον</span> <span class='ocrx_word' id='word_1_352' title='bbox 3509 2594 3601 2646; x_wconf 80' lang='grc' dir='ltr'>καὶ</span> <span class='ocrx_word' id='word_1_353' title='bbox 3619 2593 3754 2664; x_wconf 79' lang='grc' dir='ltr'>ὑπερ-</span> 
     </span>
    </p>
   </div>
   <div class='ocr_carea' id='block_1_54' title="bbox 2203 2684 3753 2758">
    <p class='ocr_par' dir='ltr' id='par_1_54' title="bbox 2203 2684 3753 2758">
     <span class='ocr_line' id='line_1_55' title="bbox 2203 2684 3753 2758; baseline -0.001 -19"><span class='ocrx_word' id='word_1_354' title='bbox 2203 2684 2509 2756; x_wconf 77' lang='grc' dir='ltr'>υψούμενον</span> <span class='ocrx_word' id='word_1_355' title='bbox 2547 2685 2624 2750; x_wconf 86' lang='grc' dir='ltr'>ὡς</span> <span class='ocrx_word' id='word_1_356' title='bbox 2654 2685 2758 2751; x_wconf 84' lang='grc' dir='ltr'><strong>τάς</strong></span> <span class='ocrx_word' id='word_1_357' title='bbox 2800 2686 3030 2758; x_wconf 74' lang='grc' dir='ltr'>κέδρους</span> <span class='ocrx_word' id='word_1_358' title='bbox 3072 2685 3168 2741; x_wconf 81' lang='grc' dir='ltr'>τοῦ</span> <span class='ocrx_word' id='word_1_359' title='bbox 3213 2685 3479 2751; x_wconf 82' lang='grc' dir='ltr'>Λιϐάνου,</span> <span class='ocrx_word' id='word_1_360' title='bbox 3525 2686 3617 2742; x_wconf 83' lang='grc' dir='ltr'><strong>καὶ</strong></span> <span class='ocrx_word' id='word_1_361' title='bbox 3649 2701 3753 2756; x_wconf 73' lang='grc' dir='ltr'>παρ-</span> 
     </span>
    </p>
   </div>
   <div class='ocr_carea' id='block_1_55' title="bbox 2201 2773 3752 2850">
    <p class='ocr_par' dir='ltr' id='par_1_55' title="bbox 2201 2773 3752 2850">
     <span class='ocr_line' id='line_1_56' title="bbox 2201 2773 3752 2850; baseline -0.001 -19"><span class='ocrx_word' id='word_1_362' title='bbox 2201 2778 2512 2848; x_wconf 73' lang='grc' dir='ltr'>ῆλθον,-καὶ</span> <span class='ocrx_word' id='word_1_363' title='bbox 2548 2777 2661 2832; x_wconf 76' lang='grc' dir='ltr'>ίδοὺ</span> <span class='ocrx_word' id='word_1_364' title='bbox 2691 2777 2792 2832; x_wconf 80' lang='grc' dir='ltr'><strong>οὐκ</strong></span> <span class='ocrx_word' id='word_1_365' title='bbox 2819 2773 2908 2850; x_wconf 82' lang='grc' dir='ltr'>ἦν,</span> <span class='ocrx_word' id='word_1_366' title='bbox 2942 2780 3039 2833; x_wconf 77' lang='grc' dir='ltr'>καὶ</span> <span class='ocrx_word' id='word_1_367' title='bbox 3075 2778 3319 2849; x_wconf 78' lang='grc' dir='ltr'>ἐζήτησα</span> <span class='ocrx_word' id='word_1_368' title='bbox 3341 2778 3534 2842; x_wconf 81' lang='grc' dir='ltr'>αὐτὸν,</span> <span class='ocrx_word' id='word_1_369' title='bbox 3567 2779 3656 2832; x_wconf 84' lang='grc' dir='ltr'>καὶ</span> <span class='ocrx_word' id='word_1_370' title='bbox 3677 2778 3752 2846; x_wconf 74' lang='grc' dir='ltr'><strong>οὐχ</strong></span> 
     </span>
    </p>
   </div>
   <div class='ocr_carea' id='block_1_56' title="bbox 2202 2869 3752 2940">
    <p class='ocr_par' dir='ltr' id='par_1_56' title="bbox 2202 2869 3752 2940">
     <span class='ocr_line' id='line_1_57' title="bbox 2202 2869 3752 2940; baseline -0.001 -18"><span class='ocrx_word' id='word_1_371' title='bbox 2202 2870 2402 2940; x_wconf 83' lang='grc' dir='ltr'>εὑρέθη</span> <span class='ocrx_word' id='word_1_372' title='bbox 2427 2872 2456 2924; x_wconf 82' lang='grc' dir='ltr'><strong>ὁ</strong></span> <span class='ocrx_word' id='word_1_373' title='bbox 2481 2871 2648 2934; x_wconf 82' lang='grc' dir='ltr'>τόπος</span> <span class='ocrx_word' id='word_1_374' title='bbox 2676 2869 2842 2924; x_wconf 79' lang='grc' dir='ltr'>αὐτοῦ</span> <span class='ocrx_word' id='word_1_375' title='bbox 2865 2887 2879 2902; x_wconf 82' lang='grc'><em>’</em></span> <span class='ocrx_word' id='word_1_376' title='bbox 2919 2889 2939 2923; x_wconf 69' lang='grc' dir='ltr'><strong>ι</strong></span> <span class='ocrx_word' id='word_1_377' title='bbox 2969 2871 3077 2925; x_wconf 85' lang='grc' dir='ltr'><strong>ὑπὸ</strong></span> <span class='ocrx_word' id='word_1_378' title='bbox 3099 2872 3198 2940; x_wconf 78' lang='grc' dir='ltr'>τῆς</span> <span class='ocrx_word' id='word_1_379' title='bbox 3228 2870 3463 2936; x_wconf 78' lang='grc' dir='ltr'>ἐξάπινα</span> <span class='ocrx_word' id='word_1_380' title='bbox 3483 2871 3655 2924; x_wconf 88' lang='grc' dir='ltr'>τοίνυν</span> <span class='ocrx_word' id='word_1_381' title='bbox 3675 2870 3752 2921; x_wconf 68' lang='grc' dir='ltr'>ἐπι</span> 
     </span>
    </p>
   </div>
   <div class='ocr_carea' id='block_1_57' title="bbox 2204 2959 3752 3033">
    <p class='ocr_par' dir='ltr' id='par_1_57' title="bbox 2204 2959 3752 3033">
     <span class='ocr_line' id='line_1_58' title="bbox 2204 2959 3752 3033; baseline -0.002 -18"><span class='ocrx_word' id='word_1_382' title='bbox 2204 2961 2463 3031; x_wconf 80' lang='grc' dir='ltr'>ελθούσης</span> <span class='ocrx_word' id='word_1_383' title='bbox 2494 2961 2680 3025; x_wconf 82' lang='grc' dir='ltr'>αὐτοῖς</span> <span class='ocrx_word' id='word_1_384' title='bbox 2708 2960 2804 3014; x_wconf 79' lang='grc' dir='ltr'>τοῦ</span> <span class='ocrx_word' id='word_1_385' title='bbox 2835 2962 3066 3016; x_wconf 81' lang='grc' dir='ltr'>θανάνου</span> <span class='ocrx_word' id='word_1_386' title='bbox 3092 2963 3282 3031; x_wconf 80' lang='grc' dir='ltr'>φορᾶς,</span> <span class='ocrx_word' id='word_1_387' title='bbox 3309 2960 3454 3033; x_wconf 76' lang='grc' dir='ltr'>πρὸς</span> <span class='ocrx_word' id='word_1_388' title='bbox 3482 2959 3580 3031; x_wconf 77' lang='grc' dir='ltr'>τὴν</span> <span class='ocrx_word' id='word_1_389' title='bbox 3602 2960 3752 3013; x_wconf 84' lang='grc' dir='ltr'>διαιω-</span> 
     </span>
    </p>
   </div>
   <div class='ocr_carea' id='block_1_58' title="bbox 2127 3049 3751 3122">
    <p class='ocr_par' dir='ltr' id='par_1_58' title="bbox 2127 3049 3751 3122">
     <span class='ocr_line' id='line_1_59' title="bbox 2127 3049 3751 3122; baseline -0.001 -18"><span class='ocrx_word' id='word_1_390' title='bbox 2127 3059 2172 3116; x_wconf 84' lang='lat' dir='ltr'>c</span> <span class='ocrx_word' id='word_1_391' title='bbox 2204 3049 2460 3115; x_wconf 80' lang='grc' dir='ltr'>νίζουσαν</span> <span class='ocrx_word' id='word_1_392' title='bbox 2533 3051 2816 3106; x_wconf 84' lang='grc' dir='ltr'>ἀπώλειαν</span> <span class='ocrx_word' id='word_1_393' title='bbox 2883 3050 3388 3122; x_wconf 79' lang='grc' dir='ltr'>παρεπέμφθησαν.</span> <span class='ocrx_word' id='word_1_394' title='bbox 3451 3049 3619 3105; x_wconf 85' lang='grc' dir='ltr'>Τοῦτο</span> <span class='ocrx_word' id='word_1_395' title='bbox 3667 3049 3751 3120; x_wconf 79' lang='grc' dir='ltr'>γὰρ</span> 
     </span>
    </p>
   </div>
   <div class='ocr_carea' id='block_1_59' title="bbox 2206 3141 2922 3213">
    <p class='ocr_par' dir='ltr' id='par_1_59' title="bbox 2206 3141 2922 3213">
     <span class='ocr_line' id='line_1_60' title="bbox 2206 3141 2922 3213; baseline -0.001 -18"><span class='ocrx_word' id='word_1_396' title='bbox 2206 3141 2441 3212; x_wconf 82' lang='grc' dir='ltr'>ἐδήλωσε</span> <span class='ocrx_word' id='word_1_397' title='bbox 2467 3141 2690 3213; x_wconf 78' lang='grc' dir='ltr'>ἀμέσως</span> <span class='ocrx_word' id='word_1_398' title='bbox 2717 3141 2890 3196; x_wconf 71' lang='grc' dir='ltr'>εἰπών</span> <span class='ocrx_word' id='word_1_399' title='bbox 2908 3158 2922 3172; x_wconf 79' lang='grc'><em>’</em></span> 
     </span>
    </p>
   </div>
   <div class='ocr_carea' id='block_1_60' title="bbox 2047 3293 2254 3366">
    <p class='ocr_par' dir='ltr' id='par_1_60' title="bbox 2047 3293 2254 3366">
     <span class='ocr_line' id='line_1_61' title="bbox 2047 3293 2254 3366; baseline 0 -16"><span class='ocrx_word' id='word_1_400' title='bbox 2047 3293 2075 3366; x_wconf 69' lang='grc' dir='ltr'><strong>ε</strong></span> <span class='ocrx_word' id='word_1_401' title='bbox 2115 3294 2254 3350; x_wconf 84' lang='lat' dir='ltr'><strong>xm.</strong></span> 
     </span>
    </p>
   </div>
   <div class='ocr_carea' id='block_1_61' title="bbox 601 3451 2104 3520">
    <p class='ocr_par' dir='ltr' id='par_1_61' title="bbox 601 3451 2104 3520">
     <span class='ocr_line' id='line_1_62' title="bbox 601 3451 2104 3520; baseline 0.001 -13"><span class='ocrx_word' id='word_1_402' title='bbox 601 3453 667 3507; x_wconf 78' lang='lat' dir='ltr'><strong>Et</strong></span> <span class='ocrx_word' id='word_1_403' title='bbox 696 3454 758 3509; x_wconf 84' lang='lat' dir='ltr'><strong>de</strong></span> <span class='ocrx_word' id='word_1_404' title='bbox 780 3455 977 3511; x_wconf 83' lang='lat' dir='ltr'><strong>Sancto</strong></span> <span class='ocrx_word' id='word_1_405' title='bbox 1019 3455 1246 3520; x_wconf 69' lang='lat' dir='ltr'><strong>inerunt,</strong></span> <span class='ocrx_word' id='word_1_406' title='bbox 1277 3461 1326 3506; x_wconf 83' lang='lat' dir='ltr'><strong>et</strong></span> <span class='ocrx_word' id='word_1_407' title='bbox 1358 3451 1567 3506; x_wconf 77' lang='lat' dir='ltr'><strong>laudati</strong></span> <span class='ocrx_word' id='word_1_408' title='bbox 1606 3462 1729 3506; x_wconf 75' lang='lat' dir='ltr'><strong>sunt</strong></span> <span class='ocrx_word' id='word_1_409' title='bbox 1777 3453 1832 3505; x_wconf 87' lang='lat' dir='ltr'><strong>in</strong></span> <span class='ocrx_word' id='word_1_410' title='bbox 1867 3453 2104 3519; x_wconf 75' lang='lat' dir='ltr'><strong>civitate,</strong></span> 
     </span>
    </p>
   </div>
   <div class='ocr_carea' id='block_1_62' title="bbox 525 3544 1908 3616">
    <p class='ocr_par' dir='ltr' id='par_1_62' title="bbox 525 3544 1908 3616">
     <span class='ocr_line' id='line_1_63' title="bbox 525 3544 1908 3616; baseline 0.001 -17"><span class='ocrx_word' id='word_1_411' title='bbox 525 3547 650 3616; x_wconf 75' lang='lat' dir='ltr'><strong>quia</strong></span> <span class='ocrx_word' id='word_1_412' title='bbox 683 3547 758 3600; x_wconf 73' lang='lat' dir='ltr'><strong>sic</strong></span> <span class='ocrx_word' id='word_1_413' title='bbox 784 3547 1040 3616; x_wconf 76' lang='lat' dir='ltr'><strong>fecerant.</strong></span> <span class='ocrx_word' id='word_1_414' title='bbox 1091 3547 1158 3599; x_wconf 82' lang='lat' dir='ltr'><strong>At</strong></span> <span class='ocrx_word' id='word_1_415' title='bbox 1185 3546 1282 3598; x_wconf 82' lang='lat' dir='ltr'><strong>hoc</strong></span> <span class='ocrx_word' id='word_1_416' title='bbox 1306 3561 1507 3615; x_wconf 82' lang='lat' dir='ltr'><strong>quoque</strong></span> <span class='ocrx_word' id='word_1_417' title='bbox 1537 3545 1744 3598; x_wconf 76' lang='lat' dir='ltr'><strong>vanitas</strong></span> <span class='ocrx_word' id='word_1_418' title='bbox 1773 3544 1908 3615; x_wconf 69' lang='lat' dir='ltr'><strong>(li).</strong></span> 
     </span>
    </p>
   </div>
   <div class='ocr_carea' id='block_1_63' title="bbox 594 3720 2105 3794">
    <p class='ocr_par' dir='ltr' id='par_1_63' title="bbox 594 3720 2105 3794">
     <span class='ocr_line' id='line_1_64' title="bbox 594 3720 2105 3794; baseline 0.001 -18"><span class='ocrx_word' id='word_1_419' title='bbox 594 3721 748 3794; x_wconf 90' lang='lat' dir='ltr'><strong>lmpii</strong></span> <span class='ocrx_word' id='word_1_420' title='bbox 781 3723 1027 3793; x_wconf 90' lang='lat' dir='ltr'><strong>quidem,</strong></span> <span class='ocrx_word' id='word_1_421' title='bbox 1063 3721 1262 3790; x_wconf 90' lang='lat' dir='ltr'><strong>inquit,</strong></span> <span class='ocrx_word' id='word_1_422' title='bbox 1295 3721 1350 3774; x_wconf 92' lang='lat' dir='ltr'><strong>in</strong></span> <span class='ocrx_word' id='word_1_423' title='bbox 1393 3720 1703 3790; x_wconf 88' lang='lat' dir='ltr'><strong>sepulcrum</strong></span> <span class='ocrx_word' id='word_1_424' title='bbox 1737 3721 1890 3786; x_wconf 87' lang='lat' dir='ltr'><strong>illati,</strong></span> <span class='ocrx_word' id='word_1_425' title='bbox 1919 3737 1948 3776; x_wconf 90' lang='lat' dir='ltr'><strong>a</strong></span> <span class='ocrx_word' id='word_1_426' title='bbox 1993 3721 2105 3778; x_wconf 88' lang='lat' dir='ltr'><strong>Deo</strong></span> 
     </span>
    </p>
   </div>
   <div class='ocr_carea' id='block_1_64' title="bbox 524 3807 2104 3884">
    <p class='ocr_par' dir='ltr' id='par_1_64' title="bbox 524 3807 2104 3884">
     <span class='ocr_line' id='line_1_65' title="bbox 524 3807 2104 3884; baseline -0.002 -14"><span class='ocrx_word' id='word_1_427' title='bbox 524 3814 755 3884; x_wconf 84' lang='lat' dir='ltr'><strong>scjnncti</strong></span> <span class='ocrx_word' id='word_1_428' title='bbox 786 3822 938 3869; x_wconf 87' lang='lat' dir='ltr'><strong>sunt.</strong></span> <span class='ocrx_word' id='word_1_429' title='bbox 977 3809 1112 3866; x_wconf 85' lang='lat' dir='ltr'><strong>Nam</strong></span> <span class='ocrx_word' id='word_1_430' title='bbox 1160 3811 1212 3866; x_wconf 92' lang='lat' dir='ltr'><strong>id</strong></span> <span class='ocrx_word' id='word_1_431' title='bbox 1251 3807 1442 3866; x_wconf 80' lang='lat' dir='ltr'><strong>Sancti</strong></span> <span class='ocrx_word' id='word_1_432' title='bbox 1493 3813 1784 3882; x_wconf 82' lang='lat' dir='ltr'><strong>appellatio</strong></span> <span class='ocrx_word' id='word_1_433' title='bbox 1832 3813 1936 3868; x_wconf 87' lang='lat' dir='ltr'><strong>hoc</strong></span> <span class='ocrx_word' id='word_1_434' title='bbox 1984 3815 2104 3869; x_wconf 84' lang='lat' dir='ltr'><strong>loco</strong></span> 
     </span>
    </p>
   </div>
   <div class='ocr_carea' id='block_1_65' title="bbox 523 3887 2104 3976">
    <p class='ocr_par' dir='ltr' id='par_1_65' title="bbox 523 3887 2104 3976">
     <span class='ocr_line' id='line_1_66' title="bbox 523 3887 2104 3976; baseline 0.002 -20"><span class='ocrx_word' id='word_1_435' title='bbox 523 3887 795 3976; x_wconf 74' lang='lat' dir='ltr'><strong>designat,</strong></span> <span class='ocrx_word' id='word_1_436' title='bbox 821 3902 1281 3974; x_wconf 89' lang='lat' dir='ltr'><strong>quemadmodum</strong></span> <span class='ocrx_word' id='word_1_437' title='bbox 1312 3903 1578 3972; x_wconf 80' lang='lat' dir='ltr'><strong>scriptum</strong></span> <span class='ocrx_word' id='word_1_438' title='bbox 1601 3911 1685 3958; x_wconf 90' lang='lat' dir='ltr'><strong>est</strong></span> <span class='ocrx_word' id='word_1_439' title='bbox 1711 3921 1725 3956; x_wconf 90' lang='lat'>:</span> <span class='ocrx_word' id='word_1_440' title='bbox 1752 3921 1773 3954; x_wconf 74' lang='grc' dir='ltr'><strong>ι</strong></span> <span class='ocrx_word' id='word_1_441' title='bbox 1810 3903 2104 3959; x_wconf 78' lang='lat' dir='ltr'><strong>Auferatur</strong></span> 
     </span>
    </p>
   </div>
   <div class='ocr_carea' id='block_1_66' title="bbox 525 3992 2100 4068">
    <p class='ocr_par' dir='ltr' id='par_1_66' title="bbox 525 3992 2100 4068">
     <span class='ocr_line' id='line_1_67' title="bbox 525 3992 2100 4068; baseline 0 -18"><span class='ocrx_word' id='word_1_442' title='bbox 525 3997 744 4068; x_wconf 89' lang='lat' dir='ltr'><strong>impius,</strong></span> <span class='ocrx_word' id='word_1_443' title='bbox 771 4011 838 4051; x_wconf 90' lang='lat' dir='ltr'><strong>ne</strong></span> <span class='ocrx_word' id='word_1_444' title='bbox 873 3995 1052 4050; x_wconf 83' lang='lat' dir='ltr'><strong>videat</strong></span> <span class='ocrx_word' id='word_1_445' title='bbox 1078 3993 1307 4064; x_wconf 74' lang='lat' dir='ltr'><strong>gloriam</strong></span> <span class='ocrx_word' id='word_1_446' title='bbox 1342 3992 1554 4048; x_wconf 90' lang='lat' dir='ltr'><strong>Domini</strong></span> <span class='ocrx_word' id='word_1_447' title='bbox 1581 3995 1666 4049; x_wconf 61' lang='grc' dir='ltr'><strong>τυ.</strong></span> <span class='ocrx_word' id='word_1_448' title='bbox 1699 4014 1718 4046; x_wconf 74' lang='grc' dir='ltr'><strong>ι</strong></span> <span class='ocrx_word' id='word_1_449' title='bbox 1748 3998 1817 4050; x_wconf 80' lang='lat' dir='ltr'><strong>At</strong></span> <span class='ocrx_word' id='word_1_450' title='bbox 1845 3996 1937 4066; x_wconf 92' lang='lat' dir='ltr'><strong>qui</strong></span> <span class='ocrx_word' id='word_1_451' title='bbox 1977 4013 2100 4052; x_wconf 93' lang='lat' dir='ltr'><strong>cum</strong></span> 
     </span>
    </p>
   </div>
   <div class='ocr_carea' id='block_1_67' title="bbox 526 4086 2102 4159">
    <p class='ocr_par' dir='ltr' id='par_1_67' title="bbox 526 4086 2102 4159">
     <span class='ocr_line' id='line_1_68' title="bbox 526 4086 2102 4159; baseline 0 -17"><span class='ocrx_word' id='word_1_452' title='bbox 526 4089 632 4144; x_wconf 90' lang='lat' dir='ltr'><strong>illis</strong></span> <span class='ocrx_word' id='word_1_453' title='bbox 661 4104 844 4159; x_wconf 88' lang='lat' dir='ltr'><strong>parem</strong></span> <span class='ocrx_word' id='word_1_454' title='bbox 873 4102 1093 4156; x_wconf 86' lang='lat' dir='ltr'><strong>operam</strong></span> <span class='ocrx_word' id='word_1_455' title='bbox 1124 4086 1190 4141; x_wconf 89' lang='lat' dir='ltr'><strong>ad</strong></span> <span class='ocrx_word' id='word_1_456' title='bbox 1219 4086 1548 4156; x_wconf 86' lang='lat' dir='ltr'><strong>impietatem</strong></span> <span class='ocrx_word' id='word_1_457' title='bbox 1581 4097 1635 4142; x_wconf 89' lang='lat' dir='ltr'><strong>et</strong></span> <span class='ocrx_word' id='word_1_458' title='bbox 1665 4089 1871 4144; x_wconf 87' lang='lat' dir='ltr'><strong>scelera</strong></span> <span class='ocrx_word' id='word_1_459' title='bbox 1908 4099 2102 4143; x_wconf 90' lang='lat' dir='ltr'><strong>contu-</strong></span> 
     </span>
    </p>
   </div>
   <div class='ocr_carea' id='block_1_68' title="bbox 525 4177 2101 4248">
    <p class='ocr_par' dir='ltr' id='par_1_68' title="bbox 525 4177 2101 4248">
     <span class='ocr_line' id='line_1_69' title="bbox 525 4177 2101 4248; baseline 0.001 -17"><span class='ocrx_word' id='word_1_460' title='bbox 525 4181 726 4243; x_wconf 83' lang='lat' dir='ltr'><strong>lerunt,</strong></span> <span class='ocrx_word' id='word_1_461' title='bbox 761 4190 1064 4247; x_wconf 88' lang='lat' dir='ltr'><strong>eorumque</strong></span> <span class='ocrx_word' id='word_1_462' title='bbox 1093 4177 1335 4247; x_wconf 71' lang='lat' dir='ltr'><strong>vestigiis</strong></span> <span class='ocrx_word' id='word_1_463' title='bbox 1365 4177 1530 4248; x_wconf 79' lang='lat'><strong>209</strong></span> <span class='ocrx_word' id='word_1_464' title='bbox 1558 4178 1614 4232; x_wconf 93' lang='lat' dir='ltr'><strong>in</strong></span> <span class='ocrx_word' id='word_1_465' title='bbox 1654 4179 1759 4234; x_wconf 87' lang='lat' dir='ltr'><strong>hac</strong></span> <span class='ocrx_word' id='word_1_466' title='bbox 1789 4180 1896 4233; x_wconf 82' lang='lat' dir='ltr'><strong>vita</strong></span> <span class='ocrx_word' id='word_1_467' title='bbox 1939 4179 2101 4233; x_wconf 83' lang='lat' dir='ltr'><strong>insti-</strong></span> 
     </span>
    </p>
   </div>
   <div class='ocr_carea' id='block_1_69' title="bbox 525 4268 2098 4342">
    <p class='ocr_par' dir='ltr' id='par_1_69' title="bbox 525 4268 2098 4342">
     <span class='ocr_line' id='line_1_70' title="bbox 525 4268 2098 4342; baseline 0.001 -19"><span class='ocrx_word' id='word_1_468' title='bbox 525 4280 662 4342; x_wconf 79' lang='lat' dir='ltr'><strong>tere,</strong></span> <span class='ocrx_word' id='word_1_469' title='bbox 690 4269 963 4338; x_wconf 62' lang='lat' dir='ltr'><strong>praeconio</strong></span> <span class='ocrx_word' id='word_1_470' title='bbox 994 4268 1119 4322; x_wconf 87' lang='lat' dir='ltr'><strong>illos</strong></span> <span class='ocrx_word' id='word_1_471' title='bbox 1156 4269 1432 4325; x_wconf 87' lang='lat' dir='ltr'><strong>celebrare</strong></span> <span class='ocrx_word' id='word_1_472' title='bbox 1463 4279 1627 4339; x_wconf 89' lang='lat' dir='ltr'><strong>atque</strong></span> <span class='ocrx_word' id='word_1_473' title='bbox 1678 4285 1945 4326; x_wconf 82' lang='lat' dir='ltr'><strong>exornare</strong></span> <span class='ocrx_word' id='word_1_474' title='bbox 1991 4285 2098 4324; x_wconf 89' lang='lat' dir='ltr'><strong>non</strong></span> 
     </span>
    </p>
   </div>
   <div class='ocr_carea' id='block_1_70' title="bbox 523 4357 2100 4429">
    <p class='ocr_par' dir='ltr' id='par_1_70' title="bbox 523 4357 2100 4429">
     <span class='ocr_line' id='line_1_71' title="bbox 523 4357 2100 4429; baseline 0.001 -17"><span class='ocrx_word' id='word_1_475' title='bbox 523 4358 780 4413; x_wconf 87' lang='lat' dir='ltr'><strong>desinunt</strong></span> <span class='ocrx_word' id='word_1_476' title='bbox 827 4358 896 4412; x_wconf 89' lang='lat' dir='ltr'><strong>ob</strong></span> <span class='ocrx_word' id='word_1_477' title='bbox 939 4372 1002 4411; x_wconf 88' lang='lat' dir='ltr'><strong>ea</strong></span> <span class='ocrx_word' id='word_1_478' title='bbox 1053 4357 1191 4427; x_wconf 86' lang='lat' dir='ltr'><strong>ipsa,</strong></span> <span class='ocrx_word' id='word_1_479' title='bbox 1243 4374 1364 4428; x_wconf 65' lang='lat' dir='ltr'><strong>qum</strong></span> <span class='ocrx_word' id='word_1_480' title='bbox 1423 4359 1670 4429; x_wconf 81' lang='lat' dir='ltr'><strong>improbe</strong></span> <span class='ocrx_word' id='word_1_481' title='bbox 1720 4368 1883 4429; x_wconf 88' lang='lat' dir='ltr'><strong>atque</strong></span> <span class='ocrx_word' id='word_1_482' title='bbox 1934 4359 2100 4429; x_wconf 88' lang='lat' dir='ltr'><strong>impie</strong></span> 
     </span>
    </p>
   </div>
   <div class='ocr_carea' id='block_1_71' title="bbox 521 4447 2098 4521">
    <p class='ocr_par' dir='ltr' id='par_1_71' title="bbox 521 4447 2098 4521">
     <span class='ocr_line' id='line_1_72' title="bbox 521 4447 2098 4521; baseline 0.001 -16"><span class='ocrx_word' id='word_1_483' title='bbox 521 4458 830 4518; x_wconf 73' lang='lat' dir='ltr'><strong>gesserunt.</strong></span> <span class='ocrx_word' id='word_1_484' title='bbox 863 4447 1065 4502; x_wconf 78' lang='lat' dir='ltr'><strong>Multos</strong></span> <span class='ocrx_word' id='word_1_485' title='bbox 1095 4449 1237 4503; x_wconf 87' lang='lat' dir='ltr'><strong>enim</strong></span> <span class='ocrx_word' id='word_1_486' title='bbox 1271 4452 1404 4506; x_wconf 85' lang='lat' dir='ltr'><strong>tales</strong></span> <span class='ocrx_word' id='word_1_487' title='bbox 1431 4451 1626 4506; x_wconf 81' lang='lat' dir='ltr'><strong>civitas</strong></span> <span class='ocrx_word' id='word_1_488' title='bbox 1657 4450 1823 4506; x_wconf 86' lang='lat' dir='ltr'><strong>habet</strong></span> <span class='ocrx_word' id='word_1_489' title='bbox 1851 4469 1864 4505; x_wconf 91' lang='lat'><strong>:</strong></span> <span class='ocrx_word' id='word_1_490' title='bbox 1896 4452 2098 4521; x_wconf 83' lang='lat' dir='ltr'><strong>saepius</strong></span> 
     </span>
    </p>
   </div>
   <div class='ocr_carea' id='block_1_72' title="bbox 522 4542 2100 4612">
    <p class='ocr_par' dir='ltr' id='par_1_72' title="bbox 522 4542 2100 4612">
     <span class='ocr_line' id='line_1_73' title="bbox 522 4542 2100 4612; baseline 0.002 -18"><span class='ocrx_word' id='word_1_491' title='bbox 522 4543 723 4612; x_wconf 88' lang='lat' dir='ltr'><strong>quippe</strong></span> <span class='ocrx_word' id='word_1_492' title='bbox 763 4542 902 4597; x_wconf 89' lang='lat' dir='ltr'><strong>inter</strong></span> <span class='ocrx_word' id='word_1_493' title='bbox 943 4542 1224 4611; x_wconf 87' lang='lat' dir='ltr'><strong>improbos</strong></span> <span class='ocrx_word' id='word_1_494' title='bbox 1274 4542 1569 4598; x_wconf 86' lang='lat' dir='ltr'><strong>consensio</strong></span> <span class='ocrx_word' id='word_1_495' title='bbox 1611 4551 1715 4607; x_wconf 89' lang='lat' dir='ltr'><strong>est,</strong></span> <span class='ocrx_word' id='word_1_496' title='bbox 1752 4558 1916 4611; x_wconf 89' lang='lat' dir='ltr'><strong>quam</strong></span> <span class='ocrx_word' id='word_1_497' title='bbox 1958 4543 2100 4599; x_wconf 88' lang='lat' dir='ltr'><strong>inter</strong></span> 
     </span>
    </p>
   </div>
   <div class='ocr_carea' id='block_1_73' title="bbox 526 4633 2094 4703">
    <p class='ocr_par' dir='ltr' id='par_1_73' title="bbox 526 4633 2094 4703">
     <span class='ocr_line' id='line_1_74' title="bbox 526 4633 2094 4703; baseline 0.002 -18"><span class='ocrx_word' id='word_1_498' title='bbox 526 4634 724 4703; x_wconf 84' lang='lat' dir='ltr'><strong>probos</strong></span> <span class='ocrx_word' id='word_1_499' title='bbox 785 4643 837 4686; x_wconf 87' lang='lat' dir='ltr'><strong>et</strong></span> <span class='ocrx_word' id='word_1_500' title='bbox 891 4633 1152 4688; x_wconf 83' lang='lat' dir='ltr'><strong>honestos</strong></span> <span class='ocrx_word' id='word_1_501' title='bbox 1201 4651 1214 4688; x_wconf 88' lang='lat'><strong>:</strong></span> <span class='ocrx_word' id='word_1_502' title='bbox 1273 4643 1332 4688; x_wconf 90' lang='lat' dir='ltr'><strong>ut</strong></span> <span class='ocrx_word' id='word_1_503' title='bbox 1385 4642 1706 4703; x_wconf 88' lang='lat' dir='ltr'><strong>propterea,</strong></span> <span class='ocrx_word' id='word_1_504' title='bbox 1751 4633 1846 4703; x_wconf 92' lang='lat' dir='ltr'><strong>qui</strong></span> <span class='ocrx_word' id='word_1_505' title='bbox 1905 4634 2094 4689; x_wconf 87' lang='lat' dir='ltr'><strong>eadem</strong></span> 
     </span>
    </p>
   </div>
   <div class='ocr_carea' id='block_1_74' title="bbox 2277 3455 3749 3526">
    <p class='ocr_par' dir='ltr' id='par_1_74' title="bbox 2277 3455 3749 3526">
     <span class='ocr_line' id='line_1_75' title="bbox 2277 3455 3749 3526; baseline 0.001 -18"><span class='ocrx_word' id='word_1_506' title='bbox 2277 3455 2386 3509; x_wconf 79' lang='lat' dir='ltr'><strong>Kal</strong></span> <span class='ocrx_word' id='word_1_507' title='bbox 2435 3455 2504 3509; x_wconf 73' lang='grc' dir='ltr'><strong>ἐκ</strong></span> <span class='ocrx_word' id='word_1_508' title='bbox 2555 3455 2663 3512; x_wconf 82' lang='grc' dir='ltr'><strong>τοῦ</strong></span> <span class='ocrx_word' id='word_1_509' title='bbox 2711 3455 2904 3526; x_wconf 81' lang='grc' dir='ltr'>Ἀγίου</span> <span class='ocrx_word' id='word_1_510' title='bbox 2944 3456 3385 3526; x_wconf 75' lang='grc' dir='ltr'>ἐπορεύθησαν,</span> <span class='ocrx_word' id='word_1_511' title='bbox 3437 3457 3536 3514; x_wconf 80' lang='grc' dir='ltr'>καὶ</span> <span class='ocrx_word' id='word_1_512' title='bbox 3571 3457 3749 3526; x_wconf 63' lang='lat' dir='ltr'><strong>expri-</strong></span> 
     </span>
    </p>
   </div>
   <div class='ocr_carea' id='block_1_75' title="bbox 2205 3545 3751 3616">
    <p class='ocr_par' dir='ltr' id='par_1_75' title="bbox 2205 3545 3751 3616">
     <span class='ocr_line' id='line_1_76' title="bbox 2205 3545 3751 3616; baseline -0.001 -15"><span class='ocrx_word' id='word_1_513' title='bbox 2205 3548 2404 3614; x_wconf 81' lang='grc' dir='ltr'>θησαν</span> <span class='ocrx_word' id='word_1_514' title='bbox 2435 3547 2506 3600; x_wconf 83' lang='grc' dir='ltr'>ἐν</span> <span class='ocrx_word' id='word_1_515' title='bbox 2536 3545 2611 3616; x_wconf 76' lang='grc' dir='ltr'>τῇ</span> <span class='ocrx_word' id='word_1_516' title='bbox 2641 3548 2835 3614; x_wconf 73' lang='grc' dir='ltr'>πόλει,</span> <span class='ocrx_word' id='word_1_517' title='bbox 2868 3547 2957 3600; x_wconf 84' lang='grc' dir='ltr'>ὅτι</span> <span class='ocrx_word' id='word_1_518' title='bbox 2995 3548 3188 3614; x_wconf 84' lang='grc' dir='ltr'>οὕτως</span> <span class='ocrx_word' id='word_1_519' title='bbox 3218 3547 3546 3616; x_wconf 77' lang='grc' dir='ltr'>ἐποίησαν.</span> <span class='ocrx_word' id='word_1_520' title='bbox 3579 3548 3683 3601; x_wconf 84' lang='grc' dir='ltr'>Καί</span> <span class='ocrx_word' id='word_1_521' title='bbox 3699 3561 3751 3614; x_wconf 77' lang='grc' dir='ltr'>τε</span> 
     </span>
    </p>
   </div>
   <div class='ocr_carea' id='block_1_76' title="bbox 2205 3638 2745 3708">
    <p class='ocr_par' dir='ltr' id='par_1_76' title="bbox 2205 3638 2745 3708">
     <span class='ocr_line' id='line_1_77' title="bbox 2205 3638 2745 3708; baseline 0.006 -16"><span class='ocrx_word' id='word_1_522' title='bbox 2205 3638 2382 3693; x_wconf 84' lang='grc' dir='ltr'>τοῦτο</span> <span class='ocrx_word' id='word_1_523' title='bbox 2399 3641 2745 3708; x_wconf 78' lang='grc' dir='ltr'>ματαιότης.</span> 
     </span>
    </p>
   </div>
   <div class='ocr_carea' id='block_1_77' title="bbox 2278 3727 3752 3802">
    <p class='ocr_par' dir='ltr' id='par_1_77' title="bbox 2278 3727 3752 3802">
     <span class='ocr_line' id='line_1_78' title="bbox 2278 3727 3752 3802; baseline -0.001 -19"><span class='ocrx_word' id='word_1_524' title='bbox 2278 3730 2341 3783; x_wconf 80' lang='lat' dir='ltr'><strong>Oi</strong></span> <span class='ocrx_word' id='word_1_525' title='bbox 2377 3731 2474 3801; x_wconf 87' lang='grc' dir='ltr'>μὲν</span> <span class='ocrx_word' id='word_1_526' title='bbox 2521 3731 2762 3797; x_wconf 83' lang='grc' dir='ltr'>ἀσεϐεῖς,</span> <span class='ocrx_word' id='word_1_527' title='bbox 2799 3731 2985 3802; x_wconf 75' lang='grc' dir='ltr'>φησὶν,</span> <span class='ocrx_word' id='word_1_528' title='bbox 3031 3732 3111 3795; x_wconf 88' lang='grc' dir='ltr'><strong>είς</strong></span> <span class='ocrx_word' id='word_1_529' title='bbox 3147 3728 3316 3798; x_wconf 82' lang='grc' dir='ltr'>τάφον</span> <span class='ocrx_word' id='word_1_530' title='bbox 3366 3730 3641 3802; x_wconf 82' lang='grc' dir='ltr'>ἀχθέντες,</span> <span class='ocrx_word' id='word_1_531' title='bbox 3673 3727 3752 3793; x_wconf 70' lang='grc' dir='ltr'>ἀερ-</span> 
     </span>
    </p>
   </div>
   <div class='ocr_carea' id='block_1_78' title="bbox 2204 3813 3820 3893">
    <p class='ocr_par' dir='ltr' id='par_1_78' title="bbox 2204 3813 3820 3893">
     <span class='ocr_line' id='line_1_79' title="bbox 2204 3813 3820 3893; baseline -0.002 -18"><span class='ocrx_word' id='word_1_532' title='bbox 2204 3821 2517 3893; x_wconf 77' lang='grc' dir='ltr'>ωρίσοησαν</span> <span class='ocrx_word' id='word_1_533' title='bbox 2564 3824 2633 3876; x_wconf 83' lang='grc' dir='ltr'><strong>ἐκ</strong></span> <span class='ocrx_word' id='word_1_534' title='bbox 2666 3823 2759 3877; x_wconf 79' lang='grc' dir='ltr'>τοῦ</span> <span class='ocrx_word' id='word_1_535' title='bbox 2803 3823 2958 3877; x_wconf 74' lang='grc' dir='ltr'>Θεοῦ.</span> <span class='ocrx_word' id='word_1_536' title='bbox 2998 3823 3168 3876; x_wconf 82' lang='grc' dir='ltr'>Τοῦτο</span> <span class='ocrx_word' id='word_1_537' title='bbox 3207 3823 3316 3893; x_wconf 71' lang='grc' dir='ltr'><strong>γὰρ</strong></span> <span class='ocrx_word' id='word_1_538' title='bbox 3347 3823 3448 3877; x_wconf 80' lang='grc' dir='ltr'>τοῦ</span> <span class='ocrx_word' id='word_1_539' title='bbox 3508 3821 3682 3890; x_wconf 78' lang='grc' dir='ltr'>Ἀγίου</span> <span class='ocrx_word' id='word_1_540' title='bbox 3706 3818 3752 3868; x_wconf 77' lang='grc' dir='ltr'>τὸ</span> <span class='ocrx_word' id='word_1_541' title='bbox 3813 3813 3820 3822; x_wconf 84' lang='grc'><em>’</em></span> 
     </span>
    </p>
   </div>
   <div class='ocr_carea' id='block_1_79' title="bbox 2203 3909 3750 3985">
    <p class='ocr_par' dir='ltr' id='par_1_79' title="bbox 2203 3909 3750 3985">
     <span class='ocr_line' id='line_1_80' title="bbox 2203 3909 3750 3985; baseline -0.005 -18"><span class='ocrx_word' id='word_1_542' title='bbox 2203 3913 2374 3983; x_wconf 74' lang='grc' dir='ltr'>ὄνομα</span> <span class='ocrx_word' id='word_1_543' title='bbox 2403 3914 2555 3984; x_wconf 86' lang='grc' dir='ltr'>δηλοῖ</span> <span class='ocrx_word' id='word_1_544' title='bbox 2585 3913 2704 3977; x_wconf 77' lang='grc' dir='ltr'>νῦν,</span> <span class='ocrx_word' id='word_1_545' title='bbox 2735 3915 2875 3966; x_wconf 78' lang='grc' dir='ltr'>κατὰ</span> <span class='ocrx_word' id='word_1_546' title='bbox 2907 3915 2966 3966; x_wconf 83' lang='grc' dir='ltr'>τὸ</span> <span class='ocrx_word' id='word_1_547' title='bbox 2998 3913 3383 3984; x_wconf 74' lang='grc' dir='ltr'>γεγραμμένον</span> <span class='ocrx_word' id='word_1_548' title='bbox 3410 3932 3423 3944; x_wconf 88' lang='grc'>·</span> <span class='ocrx_word' id='word_1_549' title='bbox 3455 3933 3475 3966; x_wconf 73' lang='grc' dir='ltr'><strong>ι</strong></span> <span class='ocrx_word' id='word_1_550' title='bbox 3497 3909 3750 3985; x_wconf 75' lang='grc' dir='ltr'>Ἀρθήτωό</span> 
     </span>
    </p>
   </div>
   <div class='ocr_carea' id='block_1_80' title="bbox 2203 3999 3749 4077">
    <p class='ocr_par' dir='ltr' id='par_1_80' title="bbox 2203 3999 3749 4077">
     <span class='ocr_line' id='line_1_81' title="bbox 2203 3999 3749 4077; baseline -0.006 -18"><span class='ocrx_word' id='word_1_551' title='bbox 2203 4006 2426 4075; x_wconf 75' lang='grc' dir='ltr'>ἀσεϐὴς,</span> <span class='ocrx_word' id='word_1_552' title='bbox 2461 4006 2549 4058; x_wconf 79' lang='grc' dir='ltr'>ἵνα</span> <span class='ocrx_word' id='word_1_553' title='bbox 2599 4005 2674 4076; x_wconf 80' lang='grc' dir='ltr'>μὴ</span> <span class='ocrx_word' id='word_1_554' title='bbox 2720 4005 2806 4077; x_wconf 76' lang='grc' dir='ltr'><strong>ἴδῃ</strong></span> <span class='ocrx_word' id='word_1_555' title='bbox 2835 4004 2930 4074; x_wconf 83' lang='grc' dir='ltr'>τὴν</span> <span class='ocrx_word' id='word_1_556' title='bbox 2957 4004 3115 4068; x_wconf 70' lang='grc' dir='ltr'>δὰξαν</span> <span class='ocrx_word' id='word_1_557' title='bbox 3156 4006 3389 4076; x_wconf 76' lang='grc' dir='ltr'>Κυρίου.</span> <span class='ocrx_word' id='word_1_558' title='bbox 3427 4024 3446 4056; x_wconf 71' lang='grc' dir='ltr'><strong>ι</strong></span> <span class='ocrx_word' id='word_1_559' title='bbox 3496 4006 3559 4058; x_wconf 80' lang='grc' dir='ltr'><strong>Οἱ</strong></span> <span class='ocrx_word' id='word_1_560' title='bbox 3592 4003 3642 4056; x_wconf 85' lang='grc' dir='ltr'><strong>δέ</strong></span> <span class='ocrx_word' id='word_1_561' title='bbox 3666 3999 3749 4053; x_wconf 83' lang='grc' dir='ltr'><strong>τῶν</strong></span> 
     </span>
    </p>
   </div>
   <div class='ocr_carea' id='block_1_81' title="bbox 2204 4095 3748 4169">
    <p class='ocr_par' dir='ltr' id='par_1_81' title="bbox 2204 4095 3748 4169">
     <span class='ocr_line' id='line_1_82' title="bbox 2204 4095 3748 4169; baseline -0.005 -20"><span class='ocrx_word' id='word_1_562' title='bbox 2204 4097 2388 4150; x_wconf 81' lang='grc' dir='ltr'>αὐτῶν</span> <span class='ocrx_word' id='word_1_563' title='bbox 2419 4098 2648 4160; x_wconf 87' lang='grc' dir='ltr'>ἐκείνοις</span> <span class='ocrx_word' id='word_1_564' title='bbox 2689 4095 3053 4166; x_wconf 82' lang='grc' dir='ltr'>ἀσεϐημάτων</span> <span class='ocrx_word' id='word_1_565' title='bbox 3111 4098 3204 4149; x_wconf 86' lang='grc' dir='ltr'><strong>καί</strong></span> <span class='ocrx_word' id='word_1_566' title='bbox 3257 4095 3748 4169; x_wconf 78' lang='grc' dir='ltr'>κακοπραγημάτων</span> 
     </span>
    </p>
   </div>
   <div class='ocr_carea' id='block_1_82' title="bbox 2203 4187 3743 4262">
    <p class='ocr_par' dir='ltr' id='par_1_82' title="bbox 2203 4187 3743 4262">
     <span class='ocr_line' id='line_1_83' title="bbox 2203 4187 3743 4262; baseline -0.005 -19"><span class='ocrx_word' id='word_1_567' title='bbox 2203 4190 2434 4260; x_wconf 79' lang='grc' dir='ltr'>ἐργάται</span> <span class='ocrx_word' id='word_1_568' title='bbox 2466 4192 2524 4242; x_wconf 81' lang='grc' dir='ltr'><strong>ἐν</strong></span> <span class='ocrx_word' id='word_1_569' title='bbox 2551 4192 2616 4262; x_wconf 76' lang='grc' dir='ltr'><strong>τῇ</strong></span> <span class='ocrx_word' id='word_1_570' title='bbox 2653 4187 2776 4260; x_wconf 75' lang='grc' dir='ltr'><strong>ζωῇ</strong></span> <span class='ocrx_word' id='word_1_571' title='bbox 2799 4187 2973 4259; x_wconf 79' lang='grc' dir='ltr'>ταύτῃ</span> <span class='ocrx_word' id='word_1_572' title='bbox 3005 4189 3572 4258; x_wconf 77' lang='grc' dir='ltr'>προσαπαμείϐοντες,</span> <span class='ocrx_word' id='word_1_573' title='bbox 3608 4197 3743 4254; x_wconf 87' lang='grc' dir='ltr'>προσ-</span> 
     </span>
    </p>
   </div>
   <div class='ocr_carea' id='block_1_83' title="bbox 2204 4273 3745 4353">
    <p class='ocr_par' dir='ltr' id='par_1_83' title="bbox 2204 4273 3745 4353">
     <span class='ocr_line' id='line_1_84' title="bbox 2204 4273 3745 4353; baseline -0.003 -19"><span class='ocrx_word' id='word_1_574' title='bbox 2204 4282 2474 4353; x_wconf 77' lang='grc' dir='ltr'>επῄνεσαν</span> <span class='ocrx_word' id='word_1_575' title='bbox 2501 4283 2704 4347; x_wconf 80' lang='grc' dir='ltr'>αὐτοὺς</span> <span class='ocrx_word' id='word_1_576' title='bbox 2731 4281 3180 4352; x_wconf 83' lang='grc' dir='ltr'>ἀνευφημοῦντες</span> <span class='ocrx_word' id='word_1_577' title='bbox 3207 4281 3304 4336; x_wconf 79' lang='grc' dir='ltr'>καὶ</span> <span class='ocrx_word' id='word_1_578' title='bbox 3324 4281 3663 4352; x_wconf 79' lang='grc' dir='ltr'>γεραίροντες</span> <span class='ocrx_word' id='word_1_579' title='bbox 3682 4273 3745 4340; x_wconf 78' lang='grc' dir='ltr'>ἐφ’</span> 
     </span>
    </p>
   </div>
   <div class='ocr_carea' id='block_1_84' title="bbox 2199 4364 3745 4444">
    <p class='ocr_par' dir='ltr' id='par_1_84' title="bbox 2199 4364 3745 4444">
     <span class='ocr_line' id='line_1_85' title="bbox 2199 4364 3745 4444; baseline 0.001 -20"><span class='ocrx_word' id='word_1_580' title='bbox 2199 4367 2282 4436; x_wconf 72' lang='grc' dir='ltr'>οἷς</span> <span class='ocrx_word' id='word_1_581' title='bbox 2335 4373 2602 4444; x_wconf 73' lang='grc' dir='ltr'>ἔπραττον</span> <span class='ocrx_word' id='word_1_582' title='bbox 2635 4373 2856 4442; x_wconf 84' lang='grc' dir='ltr'>φαύλως</span> <span class='ocrx_word' id='word_1_583' title='bbox 2909 4373 3004 4428; x_wconf 75' lang='grc' dir='ltr'>καὶ</span> <span class='ocrx_word' id='word_1_584' title='bbox 3051 4371 3346 4434; x_wconf 76' lang='grc' dir='ltr'>δυσσεϐῶς,</span> <span class='ocrx_word' id='word_1_585' title='bbox 3388 4371 3618 4432; x_wconf 79' lang='grc' dir='ltr'>Πολλοὺς</span> <span class='ocrx_word' id='word_1_586' title='bbox 3661 4364 3745 4435; x_wconf 77' lang='grc' dir='ltr'><strong>γὰρ</strong></span> 
     </span>
    </p>
   </div>
   <div class='ocr_carea' id='block_1_85' title="bbox 2201 4456 3742 4536">
    <p class='ocr_par' dir='ltr' id='par_1_85' title="bbox 2201 4456 3742 4536">
     <span class='ocr_line' id='line_1_86' title="bbox 2201 4456 3742 4536; baseline -0.002 -21"><span class='ocrx_word' id='word_1_587' title='bbox 2201 4463 2399 4532; x_wconf 75' lang='grc' dir='ltr'>ἔχουσα</span> <span class='ocrx_word' id='word_1_588' title='bbox 2442 4462 2720 4528; x_wconf 84' lang='grc' dir='ltr'>τοιούτους</span> <span class='ocrx_word' id='word_1_589' title='bbox 2759 4468 2792 4536; x_wconf 75' lang='grc' dir='ltr'><strong>ἡ</strong></span> <span class='ocrx_word' id='word_1_590' title='bbox 2824 4466 2982 4531; x_wconf 85' lang='grc' dir='ltr'>πόλις</span> <span class='ocrx_word' id='word_1_591' title='bbox 3005 4483 3020 4499; x_wconf 67' lang='grc' dir='ltr'><em>υ</em></span> <span class='ocrx_word' id='word_1_592' title='bbox 3048 4466 3142 4519; x_wconf 77' lang='grc' dir='ltr'>ἐπὶ</span> <span class='ocrx_word' id='word_1_593' title='bbox 3177 4466 3364 4518; x_wconf 87' lang='grc' dir='ltr'>πλεῖον</span> <span class='ocrx_word' id='word_1_594' title='bbox 3409 4466 3518 4536; x_wconf 78' lang='grc' dir='ltr'><strong>γάρ</strong></span> <span class='ocrx_word' id='word_1_595' title='bbox 3561 4456 3742 4526; x_wconf 81' lang='grc' dir='ltr'>ἐστινὴ</span> 
     </span>
    </p>
   </div>
   <div class='ocr_carea' id='block_1_86' title="bbox 2197 4548 3742 4629">
    <p class='ocr_par' dir='ltr' id='par_1_86' title="bbox 2197 4548 3742 4629">
     <span class='ocr_line' id='line_1_87' title="bbox 2197 4548 3742 4629; baseline -0.003 -20"><span class='ocrx_word' id='word_1_596' title='bbox 2197 4555 2307 4609; x_wconf 86' lang='grc' dir='ltr'><strong>τῶν</strong></span> <span class='ocrx_word' id='word_1_597' title='bbox 2341 4555 2561 4626; x_wconf 81' lang='grc' dir='ltr'>φαύλων</span> <span class='ocrx_word' id='word_1_598' title='bbox 2611 4559 2960 4629; x_wconf 81' lang='grc' dir='ltr'>ὁμοφροσύνη</span> <span class='ocrx_word' id='word_1_599' title='bbox 3017 4559 3120 4628; x_wconf 82' lang='grc' dir='ltr'>τῆς</span> <span class='ocrx_word' id='word_1_600' title='bbox 3167 4557 3278 4611; x_wconf 82' lang='grc' dir='ltr'><strong>τῶν</strong></span> <span class='ocrx_word' id='word_1_601' title='bbox 3333 4555 3629 4611; x_wconf 79' lang='grc' dir='ltr'>σπουδαίων</span> <span class='ocrx_word' id='word_1_602' title='bbox 3671 4548 3742 4604; x_wconf 76' lang='grc' dir='ltr'>καὶ</span> 
     </span>
    </p>
   </div>
   <div class='ocr_carea' id='block_1_87' title="bbox 2201 4638 3741 4721">
    <p class='ocr_par' dir='ltr' id='par_1_87' title="bbox 2201 4638 3741 4721">
     <span class='ocr_line' id='line_1_88' title="bbox 2201 4638 3741 4721; baseline -0.004 -21"><span class='ocrx_word' id='word_1_603' title='bbox 2201 4648 2510 4716; x_wconf 83' lang='grc' dir='ltr'>φιλοκάλων</span> <span class='ocrx_word' id='word_1_604' title='bbox 2534 4663 2546 4677; x_wconf 86' lang='grc'>⁶</span> <span class='ocrx_word' id='word_1_605' title='bbox 2571 4649 2864 4703; x_wconf 86' lang='grc' dir='ltr'>ἀκόλουθον</span> <span class='ocrx_word' id='word_1_606' title='bbox 2897 4645 2966 4721; x_wconf 79' lang='grc' dir='ltr'>ἦν</span> <span class='ocrx_word' id='word_1_607' title='bbox 2999 4650 3126 4713; x_wconf 82' lang='grc' dir='ltr'>τοὺς</span> <span class='ocrx_word' id='word_1_608' title='bbox 3155 4648 3447 4720; x_wconf 83' lang='grc' dir='ltr'>ὁμοδόξους</span> <span class='ocrx_word' id='word_1_609' title='bbox 3467 4647 3562 4702; x_wconf 77' lang='grc' dir='ltr'>καὶ</span> <span class='ocrx_word' id='word_1_610' title='bbox 3585 4638 3741 4698; x_wconf 81' lang='grc' dir='ltr'>ταυτὸ·</span> 
     </span>
    </p>
   </div>
   <div class='ocr_carea' id='block_1_88' title="bbox 471 4723 2100 4810">
    <p class='ocr_par' dir='ltr' id='par_1_88' title="bbox 525 4724 2099 4796">
     <span class='ocr_line' id='line_1_89' title="bbox 525 4724 2099 4796; baseline 0.001 -18"><span class='ocrx_word' id='word_1_611' title='bbox 525 4725 818 4796; x_wconf 83' lang='lat' dir='ltr'><strong>npinantur</strong></span> <span class='ocrx_word' id='word_1_612' title='bbox 867 4741 932 4778; x_wconf 89' lang='lat' dir='ltr'><strong>ac</strong></span> <span class='ocrx_word' id='word_1_613' title='bbox 971 4725 1250 4790; x_wconf 88' lang='lat' dir='ltr'><strong>sentiunt,</strong></span> <span class='ocrx_word' id='word_1_614' title='bbox 1300 4725 1406 4780; x_wconf 91' lang='lat' dir='ltr'><strong>illis</strong></span> <span class='ocrx_word' id='word_1_615' title='bbox 1460 4724 1674 4778; x_wconf 87' lang='lat' dir='ltr'><strong>laudem</strong></span> <span class='ocrx_word' id='word_1_616' title='bbox 1730 4725 1814 4778; x_wconf 76' lang='lat' dir='ltr'><strong>Vel</strong></span> <span class='ocrx_word' id='word_1_617' title='bbox 1864 4726 2099 4780; x_wconf 90' lang='lat' dir='ltr'><strong>mortuis</strong></span> 
     </span>
    </p>
   </div>
   <div class='ocr_carea' id='block_1_89' title="bbox 2197 4723 3742 4810">
    <p class='ocr_par' dir='ltr' id='par_1_89' title="bbox 2205 4737 3742 4810">
     <span class='ocr_line' id='line_1_90' title="bbox 2205 4737 3742 4810; baseline 0.002 -21"><span class='ocrx_word' id='word_1_618' title='bbox 2205 4754 2409 4806; x_wconf 82' lang='grc' dir='ltr'>φρονας</span> <span class='ocrx_word' id='word_1_619' title='bbox 2435 4743 2530 4791; x_wconf 84' lang='grc' dir='ltr'><strong>καὶ</strong></span> <span class='ocrx_word' id='word_1_620' title='bbox 2554 4739 2885 4810; x_wconf 80' lang='grc' dir='ltr'>τεθνηκότας</span> <span class='ocrx_word' id='word_1_621' title='bbox 2915 4741 3273 4810; x_wconf 85' lang='grc' dir='ltr'>ἀνευφημεῖν.</span> <span class='ocrx_word' id='word_1_622' title='bbox 3307 4739 3408 4793; x_wconf 83' lang='grc' dir='ltr'>Διά</span> <span class='ocrx_word' id='word_1_623' title='bbox 3430 4737 3584 4792; x_wconf 80' lang='grc' dir='ltr'>τοῦτό</span> <span class='ocrx_word' id='word_1_624' title='bbox 3611 4745 3742 4804; x_wconf 80' lang='grc' dir='ltr'>φησιν</span> 
     </span>
    </p>
   </div>
   <div class='ocr_carea' id='block_1_90' title="bbox 525 4814 2098 4894">
    <p class='ocr_par' dir='ltr' id='par_1_90' title="bbox 525 4814 2098 4894">
     <span class='ocr_line' id='line_1_91' title="bbox 525 4814 2098 4894; baseline 0.001 -24"><span class='ocrx_word' id='word_1_625' title='bbox 525 4817 788 4878; x_wconf 87' lang='lat' dir='ltr'><strong>tribuere,</strong></span> <span class='ocrx_word' id='word_1_626' title='bbox 824 4815 1134 4870; x_wconf 86' lang='lat' dir='ltr'><strong>mirandum</strong></span> <span class='ocrx_word' id='word_1_627' title='bbox 1173 4832 1280 4870; x_wconf 91' lang='lat' dir='ltr'><strong>non</strong></span> <span class='ocrx_word' id='word_1_628' title='bbox 1297 4817 1392 4871; x_wconf 84' lang='lat' dir='ltr'><strong>sit.</strong></span> <span class='ocrx_word' id='word_1_629' title='bbox 1426 4814 1550 4869; x_wconf 89' lang='lat' dir='ltr'><strong>Ideo</strong></span> <span class='ocrx_word' id='word_1_630' title='bbox 1575 4816 1795 4894; x_wconf 82' lang='lat' dir='ltr'><strong>sapiens</strong></span> <span class='ocrx_word' id='word_1_631' title='bbox 1826 4817 2098 4872; x_wconf 85' lang='lat' dir='ltr'><strong>Ecclesia-</strong></span> 
     </span>
    </p>
   </div>
   <div class='ocr_carea' id='block_1_91' title="bbox 523 4907 2099 4980">
    <p class='ocr_par' dir='ltr' id='par_1_91' title="bbox 523 4907 2099 4980">
     <span class='ocr_line' id='line_1_92' title="bbox 523 4907 2099 4980; baseline 0 -17"><span class='ocrx_word' id='word_1_632' title='bbox 523 4921 633 4964; x_wconf 83' lang='lat' dir='ltr'><strong>stes</strong></span> <span class='ocrx_word' id='word_1_633' title='bbox 676 4909 790 4963; x_wconf 88' lang='lat' dir='ltr'><strong>ait:</strong></span> <span class='ocrx_word' id='word_1_634' title='bbox 831 4927 849 4960; x_wconf 80' lang='grc' dir='ltr'><strong>ι</strong></span> <span class='ocrx_word' id='word_1_635' title='bbox 887 4910 954 4962; x_wconf 85' lang='lat' dir='ltr'><strong>At</strong></span> <span class='ocrx_word' id='word_1_636' title='bbox 993 4909 1096 4964; x_wconf 84' lang='lat' dir='ltr'><strong>hoc</strong></span> <span class='ocrx_word' id='word_1_637' title='bbox 1124 4924 1342 4980; x_wconf 88' lang='lat' dir='ltr'><strong>quoque</strong></span> <span class='ocrx_word' id='word_1_638' title='bbox 1384 4907 1615 4971; x_wconf 85' lang='lat' dir='ltr'><strong>vanitas,</strong></span> <span class='ocrx_word' id='word_1_639' title='bbox 1649 4925 1668 4959; x_wconf 71' lang='grc' dir='ltr'><strong>ο</strong></span> <span class='ocrx_word' id='word_1_640' title='bbox 1710 4909 1965 4963; x_wconf 89' lang='lat' dir='ltr'><strong>usitatam</strong></span> <span class='ocrx_word' id='word_1_641' title='bbox 2001 4909 2099 4968; x_wconf 89' lang='lat' dir='ltr'><strong>ite-</strong></span> 
     </span>
    </p>
   </div>
   <div class='ocr_carea' id='block_1_92' title="bbox 519 4999 2098 5070">
    <p class='ocr_par' dir='ltr' id='par_1_92' title="bbox 519 4999 2098 5070">
     <span class='ocr_line' id='line_1_93' title="bbox 519 4999 2098 5070; baseline 0 -16"><span class='ocrx_word' id='word_1_642' title='bbox 519 5017 646 5056; x_wconf 83' lang='lat' dir='ltr'><strong>rans</strong></span> <span class='ocrx_word' id='word_1_643' title='bbox 679 5000 976 5054; x_wconf 81' lang='lat' dir='ltr'><strong>formulam</strong></span> <span class='ocrx_word' id='word_1_644' title='bbox 1012 5001 1078 5054; x_wconf 88' lang='lat' dir='ltr'><strong>ad</strong></span> <span class='ocrx_word' id='word_1_645' title='bbox 1120 4999 1568 5053; x_wconf 86' lang='lat' dir='ltr'><strong>condemnandas</strong></span> <span class='ocrx_word' id='word_1_646' title='bbox 1603 5000 2098 5070; x_wconf 87' lang='lat' dir='ltr'><strong>improbandasque</strong></span> 
     </span>
    </p>
   </div>
   <div class='ocr_carea' id='block_1_93' title="bbox 519 5091 2098 5165">
    <p class='ocr_par' dir='ltr' id='par_1_93' title="bbox 519 5091 2098 5165">
     <span class='ocr_line' id='line_1_94' title="bbox 519 5091 2098 5165; baseline 0.001 -19"><span class='ocrx_word' id='word_1_647' title='bbox 519 5095 739 5149; x_wconf 77' lang='lat' dir='ltr'><strong>fallaces</strong></span> <span class='ocrx_word' id='word_1_648' title='bbox 785 5101 840 5148; x_wconf 90' lang='lat' dir='ltr'><strong>et</strong></span> <span class='ocrx_word' id='word_1_649' title='bbox 890 5095 1060 5148; x_wconf 77' lang='lat' dir='ltr'><strong>malas</strong></span> <span class='ocrx_word' id='word_1_650' title='bbox 1104 5093 1389 5165; x_wconf 85' lang='lat' dir='ltr'><strong>opiniones</strong></span> <span class='ocrx_word' id='word_1_651' title='bbox 1444 5103 1606 5162; x_wconf 84' lang='lat' dir='ltr'><strong>atque</strong></span> <span class='ocrx_word' id='word_1_652' title='bbox 1651 5091 2098 5148; x_wconf 65' lang='lat' dir='ltr'><strong>factaJam&#39;vero</strong></span> 
     </span>
    </p>
   </div>
   <div class='ocr_carea' id='block_1_94' title="bbox 519 5184 2095 5257">
    <p class='ocr_par' dir='ltr' id='par_1_94' title="bbox 519 5184 2095 5257">
     <span class='ocr_line' id='line_1_95' title="bbox 519 5184 2095 5257; baseline 0.001 -19"><span class='ocrx_word' id='word_1_653' title='bbox 519 5194 578 5238; x_wconf 88' lang='lat' dir='ltr'><strong>ut</strong></span> <span class='ocrx_word' id='word_1_654' title='bbox 632 5195 855 5239; x_wconf 88' lang='lat' dir='ltr'><strong>causam</strong></span> <span class='ocrx_word' id='word_1_655' title='bbox 909 5199 1130 5255; x_wconf 89' lang='lat' dir='ltr'><strong>quoque</strong></span> <span class='ocrx_word' id='word_1_656' title='bbox 1184 5184 1634 5252; x_wconf 69' lang='lat' dir='ltr'><strong>demonstraret,</strong></span> <span class='ocrx_word' id='word_1_657' title='bbox 1681 5186 1752 5241; x_wconf 91' lang='lat' dir='ltr'><strong>ob</strong></span> <span class='ocrx_word' id='word_1_658' title='bbox 1801 5199 1965 5257; x_wconf 88' lang='lat' dir='ltr'><strong>quam</strong></span> <span class='ocrx_word' id='word_1_659' title='bbox 2027 5185 2095 5240; x_wconf 87' lang='lat' dir='ltr'><strong>ad</strong></span> 
     </span>
    </p>
   </div>
   <div class='ocr_carea' id='block_1_95' title="bbox 517 5275 2093 5345">
    <p class='ocr_par' dir='ltr' id='par_1_95' title="bbox 517 5275 2093 5345">
     <span class='ocr_line' id='line_1_96' title="bbox 517 5275 2093 5345; baseline 0.002 -16"><span class='ocrx_word' id='word_1_660' title='bbox 517 5275 829 5345; x_wconf 77' lang='lat' dir='ltr'><strong>impios,ch</strong></span> <span class='ocrx_word' id='word_1_661' title='bbox 872 5287 1124 5331; x_wconf 85' lang='lat' dir='ltr'><strong>mortuos</strong></span> <span class='ocrx_word' id='word_1_662' title='bbox 1158 5276 1629 5334; x_wconf 84' lang='lat' dir='ltr'><strong>commcndandos</strong></span> <span class='ocrx_word' id='word_1_663' title='bbox 1674 5277 1894 5334; x_wconf 88' lang='lat' dir='ltr'><strong>adducti</strong></span> <span class='ocrx_word' id='word_1_664' title='bbox 1940 5288 2093 5345; x_wconf 83' lang='lat' dir='ltr'><strong>sunt,</strong></span> 
     </span>
    </p>
   </div>
   <div class='ocr_carea' id='block_1_96' title="bbox 515 5365 1038 5438">
    <p class='ocr_par' dir='ltr' id='par_1_96' title="bbox 515 5365 1038 5438">
     <span class='ocr_line' id='line_1_97' title="bbox 515 5365 1038 5438; baseline 0.004 -18"><span class='ocrx_word' id='word_1_665' title='bbox 515 5365 716 5436; x_wconf 72' lang='lat' dir='ltr'><strong>adjecit</strong></span> <span class='ocrx_word' id='word_1_666' title='bbox 743 5367 996 5438; x_wconf 89' lang='lat' dir='ltr'><strong>protinus</strong></span> <span class='ocrx_word' id='word_1_667' title='bbox 1025 5387 1038 5422; x_wconf 87' lang='lat'><strong>:</strong></span> 
     </span>
    </p>
   </div>
   <div class='ocr_carea' id='block_1_97' title="bbox 2197 4825 3736 4900">
    <p class='ocr_par' dir='ltr' id='par_1_97' title="bbox 2197 4825 3736 4900">
     <span class='ocr_line' id='line_1_98' title="bbox 2197 4825 3736 4900; baseline 0.005 -22"><span class='ocrx_word' id='word_1_668' title='bbox 2197 4828 2226 4878; x_wconf 81' lang='grc' dir='ltr'>ὁ</span> <span class='ocrx_word' id='word_1_669' title='bbox 2249 4828 2408 4895; x_wconf 81' lang='grc' dir='ltr'>σοφὸς</span> <span class='ocrx_word' id='word_1_670' title='bbox 2441 4829 2898 4899; x_wconf 80' lang='grc' dir='ltr'>Ἐκκλησιαστής·</span> <span class='ocrx_word' id='word_1_671' title='bbox 2934 4851 2958 4897; x_wconf 42' lang='grc' dir='ltr'><strong>ι,</strong></span> <span class='ocrx_word' id='word_1_672' title='bbox 2978 4831 3088 4884; x_wconf 82' lang='grc' dir='ltr'>Καί</span> <span class='ocrx_word' id='word_1_673' title='bbox 3121 4847 3185 4899; x_wconf 87' lang='grc' dir='ltr'><strong>γε</strong></span> <span class='ocrx_word' id='word_1_674' title='bbox 3218 4829 3376 4884; x_wconf 84' lang='grc' dir='ltr'>τοῦτο</span> <span class='ocrx_word' id='word_1_675' title='bbox 3406 4825 3736 4900; x_wconf 72' lang='grc' dir='ltr'>ματαιὸτηςνι</span> 
     </span>
    </p>
   </div>
   <div class='ocr_carea' id='block_1_98' title="bbox 2196 4915 3740 4992">
    <p class='ocr_par' dir='ltr' id='par_1_98' title="bbox 2196 4915 3740 4992">
     <span class='ocr_line' id='line_1_99' title="bbox 2196 4915 3740 4992; baseline 0.006 -22"><span class='ocrx_word' id='word_1_676' title='bbox 2196 4917 2258 4971; x_wconf 82' lang='grc' dir='ltr'>τὸ</span> <span class='ocrx_word' id='word_1_677' title='bbox 2311 4917 2540 4987; x_wconf 86' lang='grc' dir='ltr'>σύνηθες</span> <span class='ocrx_word' id='word_1_678' title='bbox 2589 4921 2887 4992; x_wconf 86' lang='grc' dir='ltr'>πρόσρημα</span> <span class='ocrx_word' id='word_1_679' title='bbox 2943 4922 3046 4991; x_wconf 81' lang='grc' dir='ltr'>τῆς</span> <span class='ocrx_word' id='word_1_680' title='bbox 3101 4921 3518 4990; x_wconf 75' lang='grc' dir='ltr'>καταγνώσεως,</span> <span class='ocrx_word' id='word_1_681' title='bbox 3548 4917 3634 4972; x_wconf 74' lang='grc' dir='ltr'><strong>καὶ</strong></span> <span class='ocrx_word' id='word_1_682' title='bbox 3665 4915 3740 4980; x_wconf 69' lang='grc' dir='ltr'><strong>τῆς</strong></span> 
     </span>
    </p>
   </div>
   <div class='ocr_carea' id='block_1_99' title="bbox 2196 5011 3792 5086">
    <p class='ocr_par' dir='ltr' id='par_1_99' title="bbox 2196 5011 3792 5086">
     <span class='ocr_line' id='line_1_100' title="bbox 2196 5011 3792 5086; baseline -0.016 -4"><span class='ocrx_word' id='word_1_683' title='bbox 2196 5011 2624 5084; x_wconf 66' lang='grc' dir='ltr'>ἀπαγορεύσεως</span> <span class='ocrx_word' id='word_1_684' title='bbox 2665 5014 2777 5068; x_wconf 83' lang='grc' dir='ltr'><strong>τῶν</strong></span> <span class='ocrx_word' id='word_1_685' title='bbox 2827 5015 3184 5086; x_wconf 83' lang='grc' dir='ltr'>ἐσφαλμένων</span> <span class='ocrx_word' id='word_1_686' title='bbox 3223 5017 3318 5070; x_wconf 81' lang='grc' dir='ltr'>καὶ</span> <span class='ocrx_word' id='word_1_687' title='bbox 3353 5013 3597 5086; x_wconf 82' lang='grc' dir='ltr'>πονηρῶν</span> <span class='ocrx_word' id='word_1_688' title='bbox 3633 5011 3738 5062; x_wconf 68' lang='lat' dir='ltr'><strong>lia-o-</strong></span> <span class='ocrx_word' id='word_1_689' title='bbox 3785 5026 3792 5033; x_wconf 62' lang='grc' dir='ltr'><strong>θ</strong></span> 
     </span>
    </p>
   </div>
   <div class='ocr_carea' id='block_1_100' title="bbox 2195 5097 3738 5176">
    <p class='ocr_par' dir='ltr' id='par_1_100' title="bbox 2195 5097 3738 5176">
     <span class='ocr_line' id='line_1_101' title="bbox 2195 5097 3738 5176; baseline 0.008 -23"><span class='ocrx_word' id='word_1_690' title='bbox 2195 5099 2414 5170; x_wconf 74' lang='grc' dir='ltr'>λήψεων</span> <span class='ocrx_word' id='word_1_691' title='bbox 2474 5103 2568 5156; x_wconf 73' lang='grc' dir='ltr'>καὶ</span> <span class='ocrx_word' id='word_1_692' title='bbox 2621 5104 2870 5176; x_wconf 78' lang='grc' dir='ltr'>πράξεων</span> <span class='ocrx_word' id='word_1_693' title='bbox 2929 5107 3196 5162; x_wconf 85' lang='grc' dir='ltr'>ἐπειπών.</span> <span class='ocrx_word' id='word_1_694' title='bbox 3247 5103 3382 5162; x_wconf 77' lang='grc' dir='ltr'>Εἶτα</span> <span class='ocrx_word' id='word_1_695' title='bbox 3435 5104 3637 5164; x_wconf 83' lang='grc' dir='ltr'>δεικνὺς</span> <span class='ocrx_word' id='word_1_696' title='bbox 3669 5097 3738 5152; x_wconf 55' lang='grc' dir='ltr'><strong>καὶ</strong></span> 
     </span>
    </p>
   </div>
   <div class='ocr_carea' id='block_1_101' title="bbox 2201 5191 3735 5283">
    <p class='ocr_par' dir='ltr' id='par_1_101' title="bbox 2201 5191 3735 5283">
     <span class='ocr_line' id='line_1_102' title="bbox 2201 5191 3735 5283; baseline 0.003 -39"><span class='ocrx_word' id='word_1_697' title='bbox 2201 5191 2300 5262; x_wconf 81' lang='grc' dir='ltr'>τὴν</span> <span class='ocrx_word' id='word_1_698' title='bbox 2323 5193 2522 5257; x_wconf 85' lang='grc' dir='ltr'>αἰτίαν,</span> <span class='ocrx_word' id='word_1_699' title='bbox 2554 5195 2622 5248; x_wconf 85' lang='grc' dir='ltr'><strong>δι’</strong></span> <span class='ocrx_word' id='word_1_700' title='bbox 2650 5197 2716 5266; x_wconf 81' lang='grc' dir='ltr'>ἢν</span> <span class='ocrx_word' id='word_1_701' title='bbox 2740 5197 3098 5269; x_wconf 84' lang='grc' dir='ltr'>προήχθησαν</span> <span class='ocrx_word' id='word_1_702' title='bbox 3123 5199 3218 5252; x_wconf 69' lang='grc' dir='ltr'>καὶ</span> <span class='ocrx_word' id='word_1_703' title='bbox 3240 5199 3364 5264; x_wconf 81' lang='grc' dir='ltr'>τοὺς</span> <span class='ocrx_word' id='word_1_704' title='bbox 3389 5193 3735 5283; x_wconf 65' lang='grc' dir='ltr'>ἀποιχομένους</span> 
     </span>
    </p>
   </div>
   <div class='ocr_carea' id='block_1_102' title="bbox 2202 5283 3318 5362">
    <p class='ocr_par' dir='ltr' id='par_1_102' title="bbox 2202 5283 3318 5362">
     <span class='ocr_line' id='line_1_103' title="bbox 2202 5283 3318 5362; baseline 0.01 -27"><span class='ocrx_word' id='word_1_705' title='bbox 2202 5283 2420 5347; x_wconf 83' lang='grc' dir='ltr'>ἀσεϐεῖς</span> <span class='ocrx_word' id='word_1_706' title='bbox 2454 5288 2720 5352; x_wconf 85' lang='grc' dir='ltr'>ἐπαινεῖν,</span> <span class='ocrx_word' id='word_1_707' title='bbox 2752 5289 2975 5358; x_wconf 84' lang='grc' dir='ltr'>ἀμέσως</span> <span class='ocrx_word' id='word_1_708' title='bbox 3012 5292 3318 5362; x_wconf 78' lang='grc' dir='ltr'>ἐπήγαγενο</span> 
     </span>
    </p>
   </div>
   <div class='ocr_carea' id='block_1_103' title="bbox 588 5507 2341 5597">
    <p class='ocr_par' dir='ltr' id='par_1_103' title="bbox 588 5507 2341 5597">
     <span class='ocr_line' id='line_1_104' title="bbox 588 5507 2341 5597; baseline 0.004 -19"><span class='ocrx_word' id='word_1_709' title='bbox 588 5525 631 5556; x_wconf 85' lang='grc'><strong>⁷³</strong></span> <span class='ocrx_word' id='word_1_710' title='bbox 656 5523 800 5581; x_wconf 82' lang='lat' dir='ltr'><strong>Psal.</strong></span> <span class='ocrx_word' id='word_1_711' title='bbox 836 5539 1006 5588; x_wconf 80' lang='lat' dir='ltr'><strong>Lxxu,</strong></span> <span class='ocrx_word' id='word_1_712' title='bbox 1035 5525 1120 5582; x_wconf 85' lang='lat' dir='ltr'><strong>l9.</strong></span> <span class='ocrx_word' id='word_1_713' title='bbox 1169 5527 1247 5559; x_wconf 63' lang='grc' dir='ltr'><strong>-τι</strong></span> <span class='ocrx_word' id='word_1_714' title='bbox 1271 5524 1413 5582; x_wconf 79' lang='lat' dir='ltr'><strong>Psai.</strong></span> <span class='ocrx_word' id='word_1_715' title='bbox 1455 5542 1638 5594; x_wconf 66' lang='lat' dir='ltr'><strong>xxx&quot;,</strong></span> <span class='ocrx_word' id='word_1_716' title='bbox 1669 5519 1756 5581; x_wconf 72' lang='lat'><strong>35.</strong></span> <span class='ocrx_word' id='word_1_717' title='bbox 1839 5529 1906 5561; x_wconf 71' lang='grc'><strong>⁷⁸·</strong></span> <span class='ocrx_word' id='word_1_718' title='bbox 1932 5526 2036 5584; x_wconf 87' lang='lat' dir='ltr'><strong>lsa.</strong></span> <span class='ocrx_word' id='word_1_719' title='bbox 2069 5507 2217 5597; x_wconf 77' lang='lat' dir='ltr'><strong>xxw,</strong></span> <span class='ocrx_word' id='word_1_720' title='bbox 2258 5530 2341 5586; x_wconf 90' lang='lat' dir='ltr'><strong>l0.</strong></span> 
     </span>
    </p>
   </div>
   <div class='ocr_carea' id='block_1_104' title="bbox 591 5699 1707 5781">
    <p class='ocr_par' dir='ltr' id='par_1_104' title="bbox 591 5699 1707 5781">
     <span class='ocr_line' id='line_1_105' title="bbox 591 5699 1707 5781; baseline -0.002 -17"><span class='ocrx_word' id='word_1_721' title='bbox 591 5699 700 5781; x_wconf 52' lang='grc' dir='ltr'><strong>(Β)</strong></span> <span class='ocrx_word' id='word_1_722' title='bbox 731 5708 964 5781; x_wconf 72' lang='lat' dir='ltr'><strong>Olym_p_._</strong></span> <span class='ocrx_word' id='word_1_723' title='bbox 990 5712 1068 5774; x_wconf 84' lang='grc' dir='ltr'><strong>εἰς</strong></span> <span class='ocrx_word' id='word_1_724' title='bbox 1098 5712 1300 5781; x_wconf 79' lang='grc' dir='ltr'>τάφους</span> <span class='ocrx_word' id='word_1_725' title='bbox 1337 5709 1707 5779; x_wconf 79' lang='grc' dir='ltr'>είσαχθέντας.</span> 
     </span>
    </p>
   </div>
   <div class='ocr_carea' id='block_1_105' title="bbox 590 5779 2086 5851">
    <p class='ocr_par' dir='ltr' id='par_1_105' title="bbox 590 5779 2086 5851">
     <span class='ocr_line' id='line_1_106' title="bbox 590 5779 2086 5851; baseline -0.003 -13"><span class='ocrx_word' id='word_1_726' title='bbox 590 5779 702 5851; x_wconf 68' lang='grc' dir='ltr'>(ιιι)</span> <span class='ocrx_word' id='word_1_727' title='bbox 733 5780 800 5834; x_wconf 82' lang='lat' dir='ltr'><strong>At</strong></span> <span class='ocrx_word' id='word_1_728' title='bbox 833 5779 972 5834; x_wconf 73' lang='lat' dir='ltr'><strong>LXX</strong></span> <span class='ocrx_word' id='word_1_729' title='bbox 1004 5779 1244 5837; x_wconf 72' lang='lat' dir='ltr'><strong>referunt</strong></span> <span class='ocrx_word' id='word_1_730' title='bbox 1292 5781 1357 5835; x_wconf 85' lang='lat' dir='ltr'><strong>ad</strong></span> <span class='ocrx_word' id='word_1_731' title='bbox 1407 5782 1690 5850; x_wconf 83' lang='lat' dir='ltr'><strong>superiora</strong></span> <span class='ocrx_word' id='word_1_732' title='bbox 1741 5781 1831 5834; x_wconf 80' lang='grc' dir='ltr'>καὶ</span> <span class='ocrx_word' id='word_1_733' title='bbox 1875 5781 1938 5836; x_wconf 85' lang='grc' dir='ltr'><strong>ἐκ</strong></span> <span class='ocrx_word' id='word_1_734' title='bbox 1991 5782 2086 5834; x_wconf 74' lang='grc' dir='ltr'>τοῦ</span> 
     </span>
    </p>
   </div>
   <div class='ocr_carea' id='block_1_106' title="bbox 2206 5715 3490 5790">
    <p class='ocr_par' dir='ltr' id='par_1_106' title="bbox 2206 5715 3490 5790">
     <span class='ocr_line' id='line_1_107' title="bbox 2206 5715 3490 5790; baseline 0.007 -23"><span class='ocrx_word' id='word_1_735' title='bbox 2206 5715 2382 5784; x_wconf 79' lang='grc' dir='ltr'>ἁγίου,</span> <span class='ocrx_word' id='word_1_736' title='bbox 2411 5723 2461 5768; x_wconf 84' lang='lat' dir='ltr'><strong>et</strong></span> <span class='ocrx_word' id='word_1_737' title='bbox 2486 5715 2692 5772; x_wconf 89' lang='lat' dir='ltr'><strong>addunt</strong></span> <span class='ocrx_word' id='word_1_738' title='bbox 2729 5715 2820 5770; x_wconf 77' lang='grc' dir='ltr'><strong>καὶ</strong></span> <span class='ocrx_word' id='word_1_739' title='bbox 2853 5716 3228 5790; x_wconf 76' lang='grc' dir='ltr'>ἐπορεύθησαν</span> <span class='ocrx_word' id='word_1_740' title='bbox 3263 5719 3388 5774; x_wconf 74' lang='grc' dir='ltr'><strong>καὶ.</strong></span> <span class='ocrx_word' id='word_1_741' title='bbox 3409 5755 3454 5775; x_wconf 89' lang='grc'><strong>..</strong></span> <span class='ocrx_word' id='word_1_742' title='bbox 3476 5757 3490 5776; x_wconf 88' lang='grc'>.</span> 
     </span>
    </p>
   </div>
   <div class='ocr_carea' id='block_1_107' title="bbox 3829 5991 3846 6177">
    <p class='ocr_par' dir='ltr' id='par_1_107' title="bbox 3829 5991 3846 6177">
     <span class='ocr_line' id='line_1_108' title="bbox 3829 5991 3846 6177; baseline 0 0"><span class='ocrx_word' id='word_1_743' title='bbox 3829 5991 3846 6177; x_wconf 70' lang='lat' dir='ltr'><strong>i</strong></span> 
     </span>
    </p>
   </div>
   <div class='ocr_carea' id='block_1_108' title="bbox 3401 6202 3844 6382">
    <p class='ocr_par' dir='ltr' id='par_1_108' title="bbox 3401 6202 3844 6382">
     <span class='ocr_line' id='line_1_109' title="bbox 3401 6202 3844 6382; baseline -0.065 0"><span class='ocrx_word' id='word_1_744' title='bbox 3401 6202 3844 6382; x_wconf 46' lang='grc' dir='ltr'><strong>Ᾰμ</strong></span> 
     </span>
    </p>
   </div>
  </div>
