3992 6376
273 341 412 409 1357

1333 347 1414 418 ΙΝ
1457 341 2016 412 ECCLESIASTEN
2076 377 2146 386 -
2188 353 2336 412 LIB.
2379 354 2514 417 ΠΙ.

3428 357 3564 428 1033

262 459 416 528 ξίαν,
451 459 580 512 ὅσον
617 454 756 530 ηκεν
787 457 868 522 εἰς
895 458 996 529 τὴν
1030 457 1327 530 πρόχειρον
1375 459 1512 512 θέαν
1547 460 1644 512 καὶ
1674 461 1849 529 φαινὸ·

1969 463 2279 519 ostenderit
2307 479 2450 531 sese,
2482 464 2616 520 etin
2649 479 3011 536 conspectum
3063 467 3350 526 iioimnum
3395 490 3566 531 vene-

263 567 452 622 μενον.
481 551 544 604 Ei
571 551 683 622 γὰρ
715 550 809 605 καὶ
845 551 921 622 μὴ
958 550 1172 616 πάντας
1203 553 1336 615 τοὺς
1381 553 1606 620 ἀσεϐεῖς
1635 554 1864 626 ὠκυμό-

262 660 394 710 ρους
423 643 584 712 ἴσμεν
634 642 730 697 καὶ
788 642 1160 713 καρπαλίμως
1209 642 1540 716 δεχομένους
1607 646 1709 717 τὴν
1757 644 1868 700 ἀπὸ

256 735 366 804 τῆς
403 733 690 806 παρούσης
719 734 866 805 ζωῆς
897 734 1176 788 ἔκπτωσιν
1204 736 1304 789 καὶ
1343 739 1688 822 περιτροπήν
1710 753 1724 766 ·
1749 737 1866 789 ἀλλ’

258 825 368 878 οὐκ
408 824 474 878 ὲκ
504 823 616 878 τῶν
645 823 1093 893 διαγνωσθέντων
1142 826 1278 896 ἡμῖν
1318 829 1580 883 τοιούτων
1607 829 1694 898 ἐφ’
1727 827 1864 880 ἑκά-

263 934 372 991 στῃ
391 919 560 990 γενεᾷ
582 917 832 990 δηλονότι
857 918 954 972 καὶ
973 919 1162 990 γενεᾷ,
1177 919 1257 990 τῷ
1291 921 1702 994 Ἐκκλησιαστῇ
1726 935 1868 990 παρ-

261 1011 525 1082 είληπται
578 1009 643 1064 τὸ
695 1011 992 1082 εἰρημένον
1035 1010 1133 1064 καὶ
1159 1011 1273 1067 νῦν.
1304 1008 1439 1068 Εἶτά
1471 1029 1640 1086 φησιν
1665 1014 1695 1067 ὁ
1734 1010 1859 1065 Ἑκ-

261 1101 611 1174 κλησιαστής
643 1120 652 1132 ·

1965 555 2058 610 rit.
2095 553 2234 610 Nam
2264 557 2368 612 etsi
2405 574 2513 612 non
2547 573 2742 614 omnes
2792 559 2994 630 impios
3047 562 3226 620 brevis
3255 566 3356 621 aevi
3390 567 3566 624 fuisse

1965 647 2198 722 scjmus,
2247 655 2303 701 et
2333 662 2400 702 ex
2444 647 2546 702 bac
2575 649 2686 704 vita
2727 649 2912 705 medio
2953 653 3007 706 in
3046 668 3214 708 cursu
3277 668 3566 729 correptos

1963 734 2200 792 celerius
2227 735 2532 806 migrasse;
2563 753 2670 791 non
2735 739 2878 807 ideo,
2905 741 2951 795 si
2982 743 3124 797 ratio
3163 745 3434 802 habeatur
3467 757 3566 804 eu-

1965 840 2086 880 rum
2115 841 2240 896 quze
2289 827 2526 898 singulis
2572 831 2830 888 aetatibus
2884 835 3186 906 contigisse
3220 841 3559 909 accepimus,

1965 917 2117 988 quod
2149 919 2240 974 hic
2270 919 2480 974 dictum
2534 930 2638 986 est,
2672 929 2878 977 temere
2913 925 2982 980 ab
3022 925 3357 986 Ecclesiaste
3385 934 3562 1002 prola-

1963 1019 2078 1065 tum
2114 1011 2290 1066 videri
2317 1011 2478 1077 debet
2501 1012 2637 1084 (ετ).
2671 1011 2764 1068 Ait
2790 1015 2990 1072 deinde
3023 1016 3392 1080 Ecclesiastes
3419 1041 3434 1076 :

1807 1213 1836 1285 ς
1866 1209 2013 1267 XVI.

343 1310 515 1363 Ἔστι
537 1309 892 1378 ματαιότης,
919 1306 960 1376 ἢ
985 1310 1308 1379 πεποίηται
1334 1310 1434 1366 ἐπὶ
1459 1309 1570 1379 τῆς
1599 1306 1732 1381 γῆς,
1765 1309 1856 1362 ὅτι

259 1400 385 1454 εισι
417 1400 659 1466 δίκαιοι,
689 1399 778 1453 ὅτι
801 1399 1016 1470 φθάνει
1037 1401 1190 1469 πρὸς
1217 1403 1464 1470 αὐτοὺς,
1497 1403 1579 1469 ὠς
1627 1403 1857 1471 ποίημα

261 1491 390 1546 τῶν
411 1491 651 1548 ἀσεϐῶν
669 1508 684 1523 ο
713 1491 817 1546 καί
853 1493 1018 1547 εἰσιν
1038 1493 1304 1562 ἀσεϐεῖς,
1335 1496 1428 1550 ὅτι
1464 1495 1680 1566 φθάνει
1703 1494 1858 1562 πρὸς

261 1583 494 1652 αὐτοὺς
510 1585 590 1650 ὡς
627 1584 856 1653 ποίημα
882 1582 1002 1638 τῶν
1053 1583 1322 1642 δικαίων.
1377 1587 1493 1642 Καὶ
1524 1584 1667 1642 εἶπα
1692 1603 1706 1616 ·
1743 1585 1857 1641 Καί

261 1692 335 1746 τε
367 1675 547 1729 τοῦτο
575 1677 922 1746 ματαιότης.

338 1767 665 1838 ιιαράλογος
709 1767 940 1841 εὓρηται
990 1771 1136 1843 φορά
1182 1771 1279 1826 καὶ
1306 1771 1432 1840 δόξα
1477 1771 1854 1844 διεφθαρμένη

261 1861 362 1916 καὶ
386 1861 564 1932 πάντη
589 1861 815 1934 ψευδὴς,
839 1866 873 1934 ἡ
921 1865 1068 1936 ιιαρὰ
1085 1865 1197 1918 τῶν
1228 1865 1538 1936 μισοκάλων
1565 1867 1660 1919 καὶ
1689 1881 1858 1918 κακο-

259 1953 434 2020 δόξων
464 1953 771 2025 ἀνθρώπων
799 1957 896 2010 καὶ
945 1956 1228 2010 δυσσεϐὦν
1256 1957 1522 2030 γινομένη
1556 1960 1674 2022 τοῖς
1699 1958 1856 2011 εὐσε-

262 2044 388 2100 ϐέσι
412 2047 508 2099 καὶ
543 2045 798 2110 δικαίοις,
826 2046 922 2100 καὶ
957 2041 1060 2118 τῆς
1109 2049 1313 2120 ἀρετῆς
1354 2051 1636 2121 ἐρασταῖς,
1675 2049 1856 2104 καὶτὸ

259 2134 506 2206 ἔμπαλιν
541 2138 657 2199 τοῖς
716 2136 946 2190 ἀσεϐέσι
979 2137 1077 2191 καὶ
1126 2141 1388 2211 πονηροῖς
1410 2140 1444 2210 ὴ
1483 2140 1580 2193 καὶ
1607 2139 1708 2204 τὰς
1740 2139 1852 2192 τῶν

257 2227 548 2299 ἑκατέρων
577 2227 882 2300 ὑπολήψεις
915 2229 1250 2302 ἀμείϐουσα,
1294 2233 1391 2286 καὶ
1423 2230 1608 2302 μέντοι
1629 2233 1726 2286 καὶ
1753 2231 1854 2296 τὰς

259 2318 659 2392 προσηκούσας
686 2321 782 2374 καὶ
805 2321 1182 2392 καταλλήλους
1197 2323 1563 2394 ἀνταμείψεις
1593 2325 1854 2380 ὲναλλάτυ

261 2427 455 2478 τουσα,
491 2411 587 2466 καὶ
618 2411 722 2475 τὰς
771 2411 874 2482 μὲν
922 2412 1287 2485 ὀφειλομένας
1346 2417 1461 2480 τοῖς
1499 2417 1727 2487 ἀγαθοῖς
1755 2418 1852 2472 καὶ

263 2501 494 2566 δικαίοις
519 2503 876 2574 ἀπονέμουσα
903 2507 1022 2569 τοῖς
1053 2505 1278 2562 ἀσεϐέσι
1298 2509 1394 2563 καὶ
1420 2512 1682 2581 πονηροῖς
1712 2526 1727 2542 ⁶
1757 2511 1852 2564 καὶ⁹

260 2593 332 2647 τὺ
352 2592 588 2664 ἔμπαλιν
612 2593 713 2659 τὰς
739 2598 952 2668 ὲπηρτη
961 2597 1134 2668 μένας
1150 2598 1383 2663 ἐκείνοις
1400 2600 1850 2672 άντιπαρέχουσα

258 2684 497 2751 τούτοις,
520 2685 642 2740 κατ’
669 2687 991 2748 ἐναντίωσιν
1019 2689 1121 2761 τῆς
1144 2690 1486 2763 θεοπρεποῦς
1509 2692 1850 2762 ἀγαθότητος

256 2779 362 2833 καὶ
407 2777 836 2851 δικαιοκρισίας.
883 2781 944 2834 '0
973 2781 1074 2852 μὲν
1109 2783 1222 2854 γάρ
1266 2784 1430 2846 ’Θεὸς-
1466 2787 1580 2848 τοῖς
1623 2783 1851 2854 ἀγαθοῖς

257 2870 479 2941 ἀγαθὰς
531 2871 765 2926 δίδωσιν
815 2873 1118 2939 ἀντιδόσεις
1143 2914 1160 2940 ,
1188 2875 1453 2941 ὡσαύτως
1508 2893 1574 2946 γε
1623 2877 1730 2948 μὴν
1755 2876 1850 2931 καὶ

254 2965 376 3028 τοῖς
425 2966 690 3035 πονηροῖς
723 2965 1003 3036 πονηράςο
1038 2965 1136 3021 ἅτε
1179 2966 1244 3038 δὴ
1276 2967 1583 3040 θεοπρεπεῖ
1603 2969 1848 3040 τρυτάνῃ

2033 1299 2192 1359 Vers.
2224 1303 2314 1358 M.
2349 1301 2448 1358 Est
2476 1303 2710 1367 vanitas,
2742 1320 2860 1374 qua:
2882 1303 3030 1373 facta
3049 1315 3128 1360 est
3152 1324 3308 1378 super
3337 1319 3554 1373 terram,

1960 1397 2087 1467 quia
2125 1403 2250 1448 sunt
2292 1395 2447 1461 iusti,
2476 1396 2605 1466 quia
2667 1395 2806 1449 venit
2859 1395 2928 1448 ad
2980 1412 3068 1450 eos
3098 1437 3112 1460 ,
3155 1400 3310 1468 quasi
3353 1401 3558 1471 factum

1959 1485 2288 1554 impiorum;
2317 1495 2366 1538 et
2423 1493 2550 1538 sunt
2602 1485 2754 1550 impii
2779 1525 2794 1549 ,
2818 1484 2947 1554 quia
2994 1486 3132 1538 venit
3159 1495 3229 1540 ad
3259 1505 3369 1554 eos,
3397 1497 3552 1561 quasi

1960 1575 2167 1645 factum
2223 1573 2648 1644 justorum.'Et
2706 1573 2826 1628 dixi
2859 1589 2879 1629 :
2939 1571 3059 1628 Hoc
3119 1579 3283 1632 etiam
3344 1585 3556 1638 vanitas

1889 1699 1934 1754 Β
1959 1671 2039 1717 est
2070 1661 2207 1739 (’25)_.

2033 1752 2349 1808 Absurdam
2380 1753 2822 1810 distributionem
2851 1767 2906 1813 et
2933 1769 3254 1831 corruptum
3281 1761 3556 1832 judicium

1964 1858 2029 1898 ac
2051 1843 2210 1913 plane
2238 1845 2438 1900 falsum
2493 1847 2760 1903 induxere
2810 1849 3067 1908 homines
3096 1853 3395 1922 inhonesti,
3425 1848 3574 1926 per?

1963 1935 2220 2004 versique
2275 1946 2459 2008 atque
2488 1937 2663 2007 impii,
2694 1948 2803 1994 tam
2842 1945 3024 2010 quoad
3058 1943 3181 2012 pios
3207 1953 3258 1998 et
3277 1944 3457 2014 justos
3485 1963 3553 2002 ac

1961 2026 2180 2083 virtutis
2205 2037 2500 2092 amatores,
2530 2046 2695 2100 quam
2725 2032 2908 2100 quoad
2970 2033 3172 2103 impios
3202 2051 3233 2090 e
3271 2039 3555 2092 contrario

1960 2129 2016 2173 et
2039 2117 2373 2189 ﬂagitiosus,
2426 2135 2540 2191 quo
2593 2138 2788 2192 nempe
2844 2133 3210 2196 utrorumque
3261 2129 3556 2198 Opiniones

1961 2221 2296 2283 permutant,
2332 2222 2388 2268 et
2442 2216 2837 2271 convenientes
2892 2220 3252 2290 propriasque
3367 2233 3549 2278 remu—

1960 2303 2277 2359 nerationcs
2333 2305 2636 2373 invertunt,
2671 2314 2731 2362 ut
2785 2323 2910 2378 quae
2941 2309 3102 2366 bonis
3155 2326 3221 2366 ac
3259 2311 3428 2383 justis
3457 2314 3553 2368 de-

1959 2394 2182 2464 bentur,
2205 2409 2270 2451 ea
2301 2395 2488 2467 impiis
2517 2406 2572 2452 et
2595 2395 2884 2469 ﬂagitiosis
2913 2400 3198 2470 assignent
3224 2418 3240 2467 ;
3265 2411 3322 2458 et
3355 2419 3388 2458 e
3415 2419 3550 2458 con-

1961 2485 2132 2540 trario
2158 2501 2283 2556 quae
2313 2486 2434 2542 istis
2473 2487 2812 2558 impendent,
2845 2487 2900 2542 in
2937 2503 3038 2544 eos
3079 2492 3380 2558 reﬂectant,
3404 2494 3548 2548 divi-

1959 2591 2046 2632 me
2079 2576 2312 2632 bonitati
2336 2587 2390 2633 et
2421 2578 2576 2648 justo
2615 2579 2829 2652 judicio
2873 2580 3033 2650 plane
3084 2583 3381 2638 adversati.
3410 2584 3546 2640 Nam

1957 2668 2105 2726 Deus
2149 2670 2368 2740 quidem
2428 2669 2593 2726 bonis
2623 2669 2797 2725 bonas
2837 2671 2931 2725 dat
2968 2673 3464 2740 remnnerationcs,
3493 2683 3548 2729 et

1958 2762 2151 2818 eodem
2187 2763 2378 2833 utique
2408 2762 2573 2817 modo
2613 2762 2788 2818 malls-
2825 2765 3002 2818 malas
3030 2765 3232 2834 quippe
3261 2765 3356 2836 qui
3387 2765 3548 2821 lance

1957 2851 2276 2922 aequissima
2311 2853 2580 2922 ponderat
2607 2859 2664 2907 et
2685 2853 2972 2909 distribuit
2993 2854 3228 2925 singulis
3249 2871 3371 2925 quae
3392 2856 3547 2925 quis-

1956 2959 2064 3013 que
2089 2943 2322 2998 meritus
2367 2951 2471 2998 est.
2529 2943 2601 2997 At
2651 2943 2908 2998 humanae
2958 2945 3158 3001 mentis
3212 2945 3483 3016 judicium
3515 2964 3548 3000 e

254 3034 633 3117 ταλαντεύων,
661 3056 762 3110 καὶ
801 3034 1077 3128 διανέμων
1139 3034 1360 3128 ἑκάστῳ
1413 3034 1482 3112 τὰ
1518 3034 1848 3125 κατ”ἁξίανξ

1959 3037 2238 3090 contrario
2263 3034 2422 3089 bonis
2446 3036 2644 3101 malas,
2665 3045 2721 3090 et
2757 3036 2918 3092 malis
2956 3037 3130 3092 bonas
3162 3037 3396 3108 illosque
3425 3054 3546 3109 pue-

257 3147 340 3202 Τὺ
385 3147 443 3201 δὲ
495 3149 784 3220 κριτήριον
825 3149 927 3218 τῆς
959 3147 1310 3221 ἀνθρωπίνης
1343 3149 1577 3222 γνώμης
1609 3151 1850 3222 ἔμπαλιν

254 3241 380 3302 τοῖς
413 3239 645 3308 ἀγαθοῖς
691 3255 832 3310 πονη
841 3239 964 3310 ράς,
1011 3244 1126 3304 τοῖς
1181 3241 1240 3296 δὲ
1295 3245 1560 3313 πονηροῖς
1613 3242 1847 3311 ἀγαθὰς,

253 3331 552 3396 κάκείνους
575 3333 676 3403 μὲν
699 3333 960 3387 κολάσεσι
987 3333 1393 3388 καθυποϐἀλλει
1411 3337 1506 3390 καὶ
1527 3335 1846 3408 τιμωρίαις,
1887 3365 1892 3372 ι

253 3423 540 3488 ποικίλαις
579 3422 822 3494 ὲξορίαις
856 3423 1336 3495 παραπέμπουσα,
1358 3427 1456 3480 κει)⁸
1473 3426 1849 3498 καθείργουσα

254 3513 506 3585 χρονίαις
533 3515 784 3584 εἱρκταῖς
807 3530 822 3544 ·
857 3514 1034 3567 ἐνίοτε
1080 3509 1138 3568 δὲ
1171 3516 1266 3568 καὶ
1299 3515 1445 3586 λιμῷ
1479 3517 1575 3570 καὶ
1618 3517 1848 3586 μάστιγι

254 3605 359 3658 καὶ
386 3603 523 3674 πυρὶ
548 3603 645 3657 καὶ
682 3603 910 3674 σιδήρῳ,
937 3605 1034 3658 καὶ
1089 3603 1256 3674 βοράν
1300 3604 1514 3674 θηρίοις
1545 3605 1850 3676 παραπέμ-

257 3712 356 3748 πει
389 3696 484 3749 καὶ
513 3694 732 3750 δίδωσιν
759 3695 1002 3765 ἀκρίτως
1027 3695 1124 3748 καὶ
1171 3697 1545 3768 παραφρόνως
1567 3712 1582 3727 ⁸
1619 3697 1848 3762 τούτους

1952 3127 2038 3183 nis
2094 3127 2488 3198 suppliciisque
2549 3127 2900 3198 subjicit,ct
2949 3130 3116 3184 modo
3162 3133 3314 3184 varia
3347 3133 3544 3186 exsilia

1953 3219 2191 3274 tolerare
2210 3219 2392 3288 jubet,
2415 3217 2582 3274 modo
2611 3219 2932 3275 carceribus
2959 3221 3015 3274 in
3045 3220 3370 3276 diuturnum
3405 3233 3551 3279 tem«-'

1949 3321 2055 3378 pus
2100 3305 2334 3361 includit
2369 3323 2385 3361 :
2419 3305 2692 3362 interdum
2754 3321 2884 3362 vero
2925 3316 2982 3361 et
3011 3306 3154 3362 fame
3191 3318 3246 3363 et
3282 3309 3468 3382 ﬂagris
3491 3320 3549 3365 et

1951 3401 2077 3471 igne
2096 3410 2150 3454 et
2179 3398 2328 3454 ferro
2353 3399 2658 3463 excruciat,
2677 3406 2772 3452 aut
2791 3413 2973 3454 escam
3004 3399 3246 3454 destinat
3269 3402 3545 3472 traditque

1950 3492 2167 3556 belluis,
2197 3491 2397 3546 indicta
2428 3490 2590 3561 213
2619 3505 2788 3546 causa
2828 3500 2882 3546 et
2927 3492 3133 3546 amenti
3186 3494 3454 3558 consilio;
3487 3503 3546 3547 at

1953 3587 2054 3639 hos
2083 3583 2330 3656 praemiis
2360 3581 2548 3648 allicit,
2582 3591 2637 3638 et
2665 3582 2901 3652 deliciis,
2927 3571 3208 3654 imperiis,
3245 3585 3421 3656 gloria
3457 3585 3543 3640 di-

1951 3685 2169 3749 gnatur.

260 3787 325 3840 δὲ
347 3787 764 3859 καταγεραίρει,
807 3787 903 3842 καὶ¹
926 3787 1152 3858 τρυφῶν
1184 3787 1332 3856 ἀξιοῖ
1380 3789 1476 3844 καὶ
1515 3791 1847 3846 δυναστειῶν
1961 3859 1966 3865 θ

257 3880 357 3934 και
387 3879 578 3947 δοξῶν.

329 3971 506 4025 Τοῦτο
550 3969 732 4025 τοίνυν
772 3970 956 4042 πάσης
1002 3971 1322 4044 παραλόγου
1356 3971 1599 4044 κρίσεως
1627 3973 1840 4044 ἀνάμε-

253 4079 387 4118 στον
413 4062 649 4136 εὕρηται
677 4063 774 4118 καὶ
800 4063 904 4134 τῆς
934 4064 1176 4136 ἐσχάτης
1213 4065 1613 4138 παραπληξίας
1637 4083 1846 4138 σημαν-

248 4153 431 4217 τικὸν,
493 4155 585 4207 καὶ
633 4149 1042 4222 καταγνώσεως
1075 4153 1248 4218 ἀξιον.
1303 4154 1402 4208 Διὰ
1442 4155 1606 4208 τοῦτό
1654 4170 1788 4228 φησι
1825 4173 1841 4190 ο

255 4265 280 4298 ¢
323 4245 436 4300 Καί
464 4262 529 4314 γε
563 4244 724 4300 τοῦτο
757 4245 1086 4316 ματαιότης,
1127 4265 1146 4299 ι
1174 4244 1240 4299 τὸ
1268 4244 1504 4315 σύνηθες
1539 4248 1844 4319 πρόσρημα

247 4337 355 4409 τῆς
407 4337 790 4408 ὲκφαυλίσεως
847 4335 959 4392 τῶν
1015 4335 1277 4390 τοιούτων
1324 4335 1520 4390 εἰπών.
1596 4337 1690 4391 Διὸ
1743 4338 1842 4411 τὴν

2019 3967 2076 4024 ld
2103 3982 2273 4040 porro
2301 3976 2408 4036 est,
2442 3967 2588 4040 quod
2623 3968 2868 4040 perversi
2906 3967 3101 4042 judicii
3138 3969 3364 4040 plenum
3394 3969 3542 4026 video

1948 4073 2057 4130 tur,
2094 4072 2149 4118 et
2181 4063 2514 4118 dementiam
2553 4062 3061 4118 indicat‘summam
3092 4071 3258 4133 atque
3288 4064 3538 4118 omnium

1945 4155 2300 4211 damnatione
2329 4153 2734 4225 dignissimam.
2769 4153 2978 4210 Idcirco
3015 4155 3133 4209 ait:
3168 4173 3188 4206 ι
3228 4153 3342 4210 11οο
3371 4155 3537 4210 etiam

1943 4248 2161 4303 vanitas
2200 4253 2319 4311 est,
2359 4264 2378 4298 ι
2429 4253 2756 4300 consuetum
2812 4259 3089 4315 usurpans
3135 4245 3382 4312 dictum,
3426 4261 3540 4316 quo

1945 4338 2080 4394 talia
2131 4337 2485 4407 improbaret.
2517 4333 2751 4406 Jamque
2779 4335 3069 4406 objurgata
3097 4337 3542 4408 reprehensaque

249 4429 514 4499 τοιαύτην
527 4430 919 4502 κατακερτομή
927 4445 1028 4494 σας
1043 4429 1138 4484 καὶ
1156 4429 1540 4502 κατακωμῳδή
1548 4447 1648 4494 σας
1669 4431 1839 4486 ἀκατ-

1959 4427 2304 4500 perversione
2334 4425 2606 4496 ejusmodi
2638 4425 2878 4480 absurda
2899 4433 3066 4494 atque
3083 4435 3437 4496 praepostera,
3469 4428 3539 4481 ai

249 4519 487 4590 ἀλληλον
531 4520 902 4591 ἀντιστροφὴν
941 4519 1037 4572 καὶ
1083 4518 1420 4590 παράλογον,
1453 4519 1717 4584 ὡσαύτως
1749 4521 1844 4574 ἐπὶ

247 4612 356 4682 τὴν
385 4610 518 4681 εὐθῆ
544 4610 706 4676 δόξαν
736 4610 848 4665 τῶν
877 4612 938 4666 ὲν
963 4609 1044 4682 τῷ
1067 4609 1170 4682 βίῳ
1195 4610 1629 4682 πολιτευομένων
1662 4601 1845 4684 πραγ-

252 4703 443 4776 μάτων
493 4703 778 4775 ἐχώρησεν
803 4741 819 4766 ,
848 4703 926 4767 ὡς
979 4703 1082 4775 τῆς
1130 4703 1576 4776 διεστραμμένης
1611 4704 1842 4777 γνώμης

241 4798 347 4852 καὶ
384 4795 837 4868 πονηροπραξίας
891 4795 1191 4867 ἀμέτοχοι,
1239 4798 1337 4852 καὶ
1383 4798 1675 4870 κρείττους
1699 4799 1841 4852 ἀπο-

245 4887 576 4962 φανθέντες,
607 4887 708 4953 τὰς
752 4888 976 4960 ἀληθεῖς
1029 4889 1333 4962 ὑπολήψεις
1379 4891 1478 4945 καὶ
1529 4890 1631 4956 τὰς
1660 4890 1841 4956 εὐθεῖς

239 4981 406 5047 δόξας
435 4981 529 5035 ἐπὶ
565 4983 682 5046 τοῖς
719 4980 948 5050 ἀγαθοῖς
970 4982 1067 5036 καὶ
1090 4981 1372 5036 θεοσεϐέσι
1397 4982 1494 5036 καὶ
1525 4983 1839 5047 σπουδαίοις

240 5071 584 5145 ἀνθρώποις,
614 5075 713 5128 καὶ
754 5073 818 5128 τὺ
845 5072 1085 5144 ἔμπαλιν
1131 5076 1248 5138 τοῖς
1287 5073 1514 5128 ἀσεϐέσι
1546 5075 1642 5130 καὶ
1669 5092 1838 5146 πονη-

247 5164 367 5236 ροῖς
391 5163 488 5218 καὶ
512 5162 738 5232 φαύλοις
763 5163 1092 5232 διαφυλάξαι
1139 5164 1535 5236 σπουδάσωμεν
1559 5179 1576 5196 ο
1605 5164 1696 5219 ῖνα
1738 5181 1838 5218 πε-

323 5301 436 5375 (22)
473 5302 593 5375 Alia
610 5311 692 5359 est
712 5302 1032 5375 Hieronymi
1079 5303 1508 5375 interpretatiofc
1521 5302 1639 5375 Non
1663 5303 1832 5368 enim,

243 5373 448 5446 inquit,
497 5373 576 5440 hi,
601 5375 697 5444 qui
718 5374 900 5446 multo
926 5373 1197 5446 tempore
1226 5373 1464 5446 ivivﬁunt,
1507 5373 1836 5446 prolongant

245 5444 368 5500 dies
433 5459 600 5510 suos;
636 5444 730 5500 sed
775 5445 870 5514 qui
913 5445 1149 5515 grandes
1195 5460 1290 5515 eos
1330 5445 1540 5499 iaciunt
1561 5444 1833 5500 bonorum

245 5530 480 5586 operum
515 5513 937 5588 magnitudine;—
956 5515 1112 5588 unde
1157 5525 1214 5570 et
1232 5513 1410 5588 Ja'cob
1435 5516 1599 5588 quasi
1614 5531 1682 5588 se
1709 5531 1836 5588 pec:

246 5584 494 5642 camrem
539 5584 808 5642 conﬁtens
861 5585 1032 5641 dicit:
1075 5584 1242 5640 Parvi
1289 5598 1335 5640 et
1380 5584 1513 5640 mali
1565 5586 1680 5640 dies
1711 5584 1834 5639 ’mei

247 5653 406 5728 (Gen.
452 5656 727 5728 unum;
770 5667 828 5712 et
881 5657 932 5710 in
971 5655 1192 5710 Psalmo
1237 5658 1528 5722 conﬁtens,
1566 5655 1710 5718 Dies.
1750 5657 1836 5710 in-

244 5727 388 5798 Quit,
439 5727 543 5781 mei
591 5728 728 5798 sieta
759 5728 1252 5798 untbraiinclinati
1295 5739 1440 5788 sum.
1471 5737 1523 5782 et
1563 5743 1656 5797 ego
1696 5729 1837 5781 sicut

245 5796 430 5862 {suum
459 5798 583 5852 arui
619 5796 796 5870 (Psal.
823 5814 899 5867 ei,
930 5797 1052 5868 l9);
1083 5813 1191 5854 non
1221 5798 1368 5870 quod
1420 5796 1638 5869 longam
1668 5798 1834 5853 vitam

1947 4537 2134 4578 rerum
2182 4521 2373 4575 itidem
2402 4559 2417 4583 ,
2452 4533 2577 4590 qua:
2621 4518 2678 4572 in
2717 4519 2822 4573 hac
2850 4518 2964 4572 vita
3000 4527 3294 4589 geruntur,
3329 4529 3542 4575 rectam

1945 4611 2412 4670 existimationem
2444 4610 2685 4676 devenit,
2721 4624 2833 4680 quo
2865 4609 3006 4665 male
3041 4611 3313 4665 sentiendi
3342 4621 3535 4680 prate-

1944 4719 2053 4776 que
2097 4703 2300 4776 agendi
2351 4701 2632 4758 licentiam
2695 4700 2900 4770 perosi,
2939 4707 2994 4754 et
3034 4699 3340 4770 potioribus
3367 4701 3538 4756 rebus

1945 4794 2170 4860 addicti,
2212 4783 2322 4850 non
2357 4794 2545 4848 minus
2573 4792 2640 4847 de
2655 4791 2816 4846 bonis
2839 4799 2892 4844 et
2919 4791 3024 4860 piis
3050 4791 3406 4862 honestisque
3431 4792 3534 4847 ho"

1947 4887 2213 4954 minibus,
2239 4901 2407 4957 quam
2432 4885 2503 4940 de
2529 4885 2717 4954 impiis
2761 4893 2816 4939 et
2848 4883 3009 4940 malis
3041 4885 3420 4955 improbisque
3443 4901 3536 4940 ve-

1938 4994 2036 5049 ras
2063 4977 2368 5034 sententias
2399 4984 2454 5032 et
2485 4985 2662 5032 rectas
2692 4976 2980 5046 opiniones
3006 4978 3146 5030 tueri
3173 4976 3535 5033 studeamus:

1945 5077 2008 5126 ut
2036 5069 2274 5141 quisque
2300 5078 2556 5125 nostrum
2591 5067 2779 5123 ﬁdenti
2823 5067 3012 5122 animo
3074 5066 3242 5122 Deum
3288 5067 3538 5124 universi

1945 5178 2072 5220 cum
2095 5159 2305 5217 Davide
2334 5160 2602 5232 propheta
2652 5159 2967 5230 alloquatur
2993 5168 3048 5214 ct
3066 5159 3214 5216 dicat
3241 5176 3256 5214 :
3292 5177 3310 5212 ι
3353 5159 3536 5215 Parti-

1944 5300 2224 5373 quaesierit
2259 5299 2324 5373 in!
2347 5298 2626 5370 praesenti,
2656 5298 2710 5373 in
2741 5312 2850 5367 quo
2878 5309 3062 5373 omne,
3099 5293 3244 5373 quod
3271 5294 3539 5373 visimus,

1944 5365 2109 5428 breve
2137 5381 2190 5426 et
2216 5365 2410 5426 umbra
2440 5381 2523 5425 est
2567 5379 2622 5425 et
2659 5365 2842 5439 imago
2870 5384 2894 5439 :_7
2914 5365 2982 5420 In
3016 5367 3246 5438 imagine
3267 5367 3406 5439 enim
3444 5382 3539 5439 pe-

1945 5442 2216 5496 rambulat
2270 5443 2424 5496 homo
2455 5440 2574 5508 (Ps.
2602 5437 2833 5502 xxxvnt,
2869 5437 2964 5507 7);
3001 5439 3094 5492 sed
3134 5437 3285 5508 Quod
3343 5437 3415 5492 de
3449 5437 3536 5492 [ιι-ι

1941 5523 2070 5568 turo
2104 5513 2316 5575 timeat,
2350 5528 2418 5567 ne
2442 5512 2726 5582 longitudo
2751 5511 2876 5567 vitae
2922 5509 3120 5580 ipsius,
3153 5508 3248 5566 ubi
3293 5523 3422 5563 vera
3453 5516 3539 5564 est

1943 5585 2074 5640 vita.
2099 5583 2398 5638 brevietur.
2436 5603 2454 5634 ι

2014 5655 2129 5732 (23)
2169 5655 2327 5732 ξριιά
2579 5654 2794 5732 leges...
2833 5651 3118 5732 "Ott__elcl.
3165 5649 3391 5732 δίκαιοι,
3452 5649 3540 5732 ὅτι

1949 5719 2145 5800 φθάνει
2172 5719 2292 5800 ῖέπ⁹
2349 5719 2660 5800 αὐτοὺςφῖ
2682 5725 2898 5800 Qlymp.
2957 5725 3085 5779 Ὅτι
3153 5721 3350 5800 φθάνει
3395 5719 3540 5794 πρὸς

1947 5795 2146 5860 αὐτοὺς
2176 5794 2254 5861 ώς
2284 5795 2499 5870 ποίημα
2529 5798 2636 5851 τῶν
2669 5794 2916 5851 ἀδίκων..
