3992 6378
296 349 436 424 1361

1331 359 1412 420 IN
1452 356 2029 418 ECCLESIASTEN-
2070 383 2140 391 -
2172 359 2319 418 LIB.
2363 358 2526 418 VIII.

3459 351 3596 418 ΙΟΟὲ

261 479 274 488 ·
304 464 564 539 βρώμασι
593 462 687 517 καὶ
705 461 915 532 πόμασι
953 462 1517 534 κατασκευαζομένης
1561 464 1648 516 ἐπ’
1683 463 1892 527 αὐτοῖς,

2001 461 2285 516 hominum
2321 463 2521 517 bonum
2553 461 2805 532 designat
2846 475 2911 516 ac
2939 469 3180 531 separat,
3223 461 3351 532 quia
3387 462 3591 519 bonum

301 556 401 610 καὶ
431 555 595 626 μόνον
627 552 907 625 ἀφορίζων
937 552 1033 606 καὶ
1068 553 1554 625 προσαποκληρῶν
1583 553 1693 606 τῶν
1715 554 1897 608 τοιού-

298 663 412 701 των
469 643 774 716 ἀνθρώπων
820 643 886 698 τὸ
926 643 1154 713 ἀγαθὸν,
1198 645 1274 704 ὡς
1303 644 1458 697 οὐδὲν
1482 645 1612 700 ἄλλο
1635 645 1896 714 δυνηθέν⁴

299 757 432 802 των,
465 738 500 810 ἢ
543 737 746 810 μᾶλλον
775 737 952 792 εἰπεῖν
1013 735 1392 808 βουληθέντων
1432 737 1742 806 κτήσασθαι
1792 754 1896 790 κα-

299 831 393 886 λὸν
417 830 562 886 κατὰ
584 832 679 885 τὸν
715 831 962 901 παρόντα
988 829 1102 900 βίον
1127 847 1141 862 ·
1182 829 1298 882 ἀλλ’
1320 830 1444 884 οὐδὲ
1467 830 1604 900 πρὸς
1628 829 1728 901 τὴν
1764 829 1897 900 μέλ-

301 927 507 980 λουσαν
549 922 698 996 ζωὴν
733 923 922 987 αὐτοῖς
960 922 1322 994 εὑρεθήσεται
1370 921 1432 975 τὸ
1463 923 1748 992 παράπαν,
1778 920 1896 974 ἀλλ’

300 1018 336 1090 ἢ
374 1017 537 1089 μόνον
563 1017 598 1088 ἡ
637 1015 782 1069 κατά
799 1013 892 1068 τὸν
921 1015 1168 1084 παρόντα
1194 1013 1308 1084 βίον
1343 1013 1602 1084 εὐετηρία
1627 1013 1723 1066 καὶ
1754 1013 1896 1082 θυμ-

301 1108 427 1178 ηδία
473 1107 570 1161 καὶ
597 1106 790 1177 τέρψις
813 1106 846 1175 ἡ
879 1103 970 1158 διὰ
1006 1105 1110 1174 τῆς
1135 1103 1393 1176 βρώσεως
1411 1102 1506 1156 καὶ
1530 1103 1631 1172 τῆς
1660 1102 1891 1166 πόσεως.

303 1198 607 1269 Μονονουχὶ
654 1198 763 1266 γάρ
795 1214 968 1268 φησιο
1027 1196 1255 1250 Πάντων
1287 1196 1722 1264 ,ἀπεστέρηνται
1785 1194 1895 1245 τῶν

305 1289 525 1360 ἀγαθῶν
544 1288 642 1344 καὶ
692 1291 838 1343 κατὰ
869 1290 971 1360 τὴν
999 1285 1290 1359 παροῦσαν
1314 1287 1462 1356 ζωὴν
1492 1287 1589 1340 καὶ
1619 1286 1764 1340 κατά
1792 1285 1894 1356 τὴν

304 1382 629 1454 μέλλουσαν,
661 1381 758 1436 ἀτε
802 1381 867 1452 δὴ
929 1383 1071 1450 σφᾶς
1127 1381 1328 1444 αὐτοὺς
1371 1377 1715 1448 αὐθαιρέτως
1758 1377 1896 1442 πρὸς

303 1475 488 1528 πᾶσαν
523 1473 710 1528 ἀδικον
764 1472 968 1542 πρᾶξιν
1041 1472 1138 1526 καὶ
1188 1472 1348 1538 δόξαν
1407 1460 1747 1542 κατάλληλον
1799 1468 1897 1524 καὶ⁹

301 1568 622 1640 παράλογον
643 1565 1057 1638 ὲπιρρίψαντες,
1081 1564 1157 1630 ὡς
1189 1564 1431 1634 εὐλόγως
1461 1563 1558 1618 καὶ⁸
1588 1562 1897 1634 προσηκόν-

299 1677 414 1715 των
445 1659 680 1715 ἀκοῦσαι
733 1657 830 1712 καὶ
861 1657 935 1711 δι’
966 1657 1100 1710 αὐτὸ
1147 1657 1310 1711 τοῦτο
1367 1655 1522 1728 παρά
1577 1655 1681 1727 τῆς
1741 1653 1896 1720 θείας

301 1752 506 1824 βουλῆς
538 1751 638 1806 καὶ
683 1749 1114 1822 δικαιοκρισίαςο
1152 1768 1174 1802 ι
1215 1749 1551 1804 Ἀπελάϐετε
1598 1747 1668 1801 τά
1707 1745 1896 1815 ἀγαθά

300 1845 460 1918 ὑμῶν
485 1847 546 1900 ὲν
573 1847 642 1918 τῇ
673 1843 786 1917 ζωῇ
811 1843 989 1915 ὑμῶν,
1012 1844 1108 1898 καὶ
1128 1843 1219 1898 διὰ
1243 1843 1406 1897 τοῦτο
1431 1841 1528 1896 νῦν
1549 1842 1842 1898 όδυνάσθε.
1869 1861 1888 1894 ι

1999 555 2147 608 aliud
2184 555 2235 607 in
2271 555 2372 609 huc
2403 555 2515 609 vita
2557 554 2766 608 nullum
2803 552 3109 624 potuerint,
3153 569 3246 609 seu
3281 556 3466 622 po'ius
3493 571 3596 610 no-

2001 645 2198 700 luerint
2233 645 2589 715 comparare:
2629 649 2773 717 quod
2809 647 3030 718 quidem
3067 648 3118 702 in
3141 646 3324 702 futura
3349 649 3460 704 vita
3493 651 3595 704 mi-

1999 741 2147 793 nime
2181 739 2288 794 illis
2311 750 2510 809 praesto
2542 741 2646 796 erit
2670 757 2684 806 ;
2708 750 2769 795 ut
2805 752 2934 807 tota,
2962 743 3086 795 dum
3111 743 3302 796 vivunt
3326 786 3340 809 ,
3362 743 3594 798 felicitas

1999 841 2188 880 eorum
2224 839 2279 881 et
2313 829 2496 882 laetitia
2543 841 2594 882 et
2623 829 2942 898 iucunditas
2967 830 3158 884 edendi
3183 840 3236 883 et
3261 831 3475 885 bibendi
3501 847 3596 886 vo-

1998 919 2208 986 luptate
2265 921 2682 990 circumscripta
2741 921 2833 975 sit.
2864 920 3022 976 Velut
3048 925 3092 978 si
3128 924 3373 978 diceret:
3405 923 3598 978 Omni-

1996 1011 2099 1068 bus
2123 1011 2283 1066 bonis
2324 1008 2397 1065 illi
2430 1027 2664 1066 caruere
2707 1021 2760 1067 et
2806 1015 2990 1083 quoad
3052 1027 3376 1084 praesentem
3403 1019 3592 1085 vitam,

1997 1114 2050 1159 et
2078 1106 2255 1172 quoad
2281 1103 2515 1160 futuram
2539 1123 2556 1172 ;
2577 1121 2700 1160 cum
2733 1108 2946 1176 seipsos
2986 1118 3179 1177 sponte
3211 1111 3262 1162 in
3297 1126 3462 1166 omne
3491 1111 3593 1166 ﬂa-

1996 1196 2188 1264 gitium
2227 1205 2393 1265 atque
2425 1197 2475 1251 in
2501 1199 2713 1253 similes
2738 1199 3005 1269 planeque
3023 1200 3288 1256 absurdas
3306 1204 3593 1272 opiniones

1998 1288 2354 1359 projecerint,
2394 1298 2450 1344 ut
2495 1290 2624 1360 jure
2671 1291 2978 1360 meritoque
3013 1293 3096 1346 vel
3125 1293 3195 1346 ob
3229 1293 3279 1348 id
3325 1296 3500 1364 ipsum
3539 1297 3589 1348 in

1997 1382 2182 1437 divino
2250 1381 2480 1437 consilio
2517 1383 2842 1453 judicioque
2895 1383 3134 1438 addituri
3187 1386 3329 1438 sint:
3365 1405 3384 1436 ι
3422 1387 3594 1440 Rece-

1997 1473 2157 1543 pistis
2187 1476 2326 1530 bona
2352 1487 2531 1530 vestra
2561 1477 2611 1528 in
2637 1476 2752 1531 vita
2786 1484 2970 1532 vestra
3001 1494 3014 1530 :
3044 1491 3108 1531 ac
3142 1487 3426 1546 propterea
3447 1494 3592 1533 nunc

1998 1566 2323 1621 cruciamini
2359 1566 2496 1639 (25).
2529 1587 2548 1620 ι
2587 1567 2724 1623 Dum
2751 1571 2898 1624 enim
2935 1569 3038 1625 sub
3072 1570 3186 1624 sole
3219 1569 3314 1626 illo
3343 1583 3591 1640 aspecta-

1995 1659 2093 1716 bili
2121 1659 2290 1715 vitam
2323 1661 2622 1726 doceretis,
2679 1675 2782 1716 nec
2833 1675 2932 1718 vos
2964 1662 3268 1719 etiamnum
3309 1669 3458 1719 terra
3498 1663 3596 1719 ob-

2001 1751 2248 1822 tegisset,
2287 1751 2498 1807 nullam
2530 1754 2601 1809 de
2639 1738 2757 1809 aevo
2814 1752 3000 1809 futuro
3027 1770 3219 1810 curam
3246 1756 3592 1826 suscepistis.

2012 1845 2234 1901 Idcirco
2259 1859 2411 1900 nunc
2465 1845 2533 1902 ad
2575 1847 2678 1902 hoc
2735 1846 3010 1914 translati,
3045 1848 3368 1918 impietatis,
3408 1856 3467 1902 ut
3499 1863 3598 1918 par

299 1941 516 2005 Ζῶντες
545 1939 656 2012 γὰρ
697 1939 803 1993 ὑπὸ
828 1937 920 1994 τὸν
948 1937 1214 2010 αίσθητδν
1237 1936 1416 2008 ἥλιον,
1441 1937 1539 1992 καὶ
1569 1939 1744 2010 μήπω
1790 1955 1895 1991 κα-

2001 1945 2143 2002 erat,
2166 1945 2221 1992 et
2247 1927 2516 1994 scelerum
2548 1947 2853 1994 vestrorum
2875 1937 3082 2006 justam
3107 1941 3410 1995 intercedem
3440 1939 3596 1994 inve—

299 2035 602 2104 λυφθέντες
623 2033 732 2088 ὐπὸ
768 2032 872 2102 τῆς
897 2032 1023 2104 γῆς,
1055 2031 1320 2103 οὐδεμιᾶς
1351 2029 1627 2102 ἠξιώσατε
1672 2031 1895 2104 φροντί-
2001 2030 2184 2086 nistis.

297 2125 390 2191 δος
415 2126 547 2195 περὶ
583 2123 680 2178 τοῦ
719 2123 1008 2196 μέλλοντος
1036 2113 1258 2186 αἰῶνος.
1291 2123 1391 2178 Διά
1428 2124 1588 2178 τοῦτο
1659 2122 1756 2178 νῦν
1809 2121 2178 2194 ἀμειφθέντες
2211 2122 2294 2188 είς
2353 2118 2546 2176 τοῦτον
2569 2162 2584 2188 ,
2617 2121 2730 2175 τῶν
2769 2120 2919 2176 ιδίων
2955 2120 3332 2192 ἀσεϐημάτων
3363 2121 3460 2175 καὶ
3490 2137 3592 2174 κα-

299 2217 758 2290 κοπραγημάτων
828 2215 987 2282 ἀξίας
1056 2215 1333 2286 εὐρήκατε
1407 2215 1505 2268 καὶ
1569 2215 1672 2280 τὰς
1719 2215 1980 2286 ἀμοιϐάς.
2106 2225 2109 2227 ’
3058 2269 3066 2278 ,

372 2313 563 2369 Ταῦτα
595 2313 730 2386 γάρ,
757 2315 924 2384 φησὶν
957 2314 984 2366 ό
1014 2312 1178 2382 σοφὸς
1225 2311 1684 2384 Ἐκκλησιαστὴς,
1709 2313 1897 2385 ἐννοή-

2069 2311 2200 2368 Ilaec
2246 2311 2416 2378 enim,
2448 2310 2628 2382 inquit
2663 2311 2884 2381 sapiens
2933 2309 3309 2376 Ecclesiastes,
3344 2327 3466 2367 cum
3495 2328 3589 2369 co-

307 2425 406 2472 σας
439 2447 455 2472 ,
504 2425 522 2459 ι
569 2406 793 2460 Ἔδωκα
819 2405 937 2478 (τὴν
991 2405 1225 2474 καρδίαν
1276 2421 1380 2475 μου
1421 2405 1519 2459 τοῦ
1557 2406 1762 2474 γνῶναι
1797 2406 1897 2476 τὴν

1999 2402 2284 2474 gitassem:
2321 2421 2340 2454 ι
2387 2401 2523 2457 Dedi
2575 2417 2671 2456 eor
2710 2417 2914 2469 meum,
2951 2410 3009 2455 ut
3058 2416 3448 2472 cognoscerem
3499 2419 3592 2459 8a-

309 2498 522 2568 σοφίαν,
554 2497 655 2551 καὶ
678 2495 773 2551 τοῦ
807 2495 937 2550 ἰδεῖν
983 2495 1076 2550 τὸν
1119 2496 1509 2568 περισπασμὺν
1534 2497 1630 2550 τὸν
1654 2514 1897 2569 πεποιη-

2000 2495 2288 2565 pientiam,
2317 2502 2372 2548 et
2397 2495 2645 2549 viderem
2679 2493 3105 2557 distensionem,
3141 2509 3264 2562 qua:
3318 2494 3456 2549 facta
3510 2510 3592 2551 est

309 2593 474 2663 μένον
495 2591 584 2644 ἐπὶ
611 2591 713 2661 τῆς
761 2590 866 2660 γῆς
887 2607 900 2620 ·
946 2607 965 2641 ι
995 2589 1055 2643 ὃν
1115 2590 1164 2643 οἱ
1197 2590 1431 2657 πονηροὶ
1473 2588 1569 2643 καὶ
1603 2589 1894 2658 μισόκαλοι

283 2683 557 2752 καθάπερ
621 2680 833 2758 ἔνοικον
862 2679 1101 2751 ἔχοντες,
1151 2679 1212 2734 οὐ
1267 2679 1505 2733 διδόασιν
1561 2679 1730 2734 ὕπνον
1777 2684 1894 2747 τοῖς

300 2773 606 2844 ὀφθαλμοῖς
630 2773 664 2844 ἢ
687 2771 1004 2842 νυσταγμδν
1032 2773 1148 2834 τοῖς
1170 2769 1465 2840 βλεφάροις
1487 2787 1502 2802 ο
1535 2771 1653 2826 ἀλλ’
1675 2775 1734 2826 ὲν
1759 2773 1896 2843 ἡμέ-

307 2881 378 2937 ρᾳ
438 2865 589 2936 πάσῃ
638 2865 737 2918 καὶ
784 2863 944 2916 νυκτὶ
986 2861 1086 2926 τὰς
1107 2863 1252 2917 κατά
1283 2861 1394 2915 τῶν
1415 2863 1660 2916 εὐσεϐῶν
1689 2865 1786 2917 καὶ
1810 2865 1892 2918 δι-

301 2955 482 3008 καίων
512 2953 822 3025 ἀνθρώπων
873 2953 1114 3007 τίθενται
1163 2952 1399 3023 μελέτας
1433 2954 1654 3017 ἀδίκους
1674 2955 1770 3008 καὶ
1803 2972 1898 3008 πο·-

301 3044 478 3118 νηράς
510 3045 591 3109 είς
619 3044 684 3098 τὸ
711 3043 908 3116 ἐξᾶραι
951 3045 1048 3097 καὶ
1077 3043 1139 3096 τὸ
1173 3045 1520 3114 μνημόσυνον
1566 3045 1747 3098 αὐτῶν
1784 3046 1896 3100 ἀπὸ

1991 2599 2158 2654 Super
2194 2595 2396 2640 terram
2427 2601 2442 2650 ;
2477 2604 2495 2636 ι
2535 2601 2700 2655 quam
2729 2584 2968 2654 improbi
2995 2584 3245 2638 liornines
3271 2593 3325 2638 et
3355 2585 3590 2640 virtutes

1993 2677 2210 2744 hostes,
2244 2692 2365 2732 cum
2397 2677 2546 2732 inlus
2591 2678 2644 2730 in
2685 2676 2868 2732 animo
2912 2676 3224 2745 patiantur,
3271 2689 3384 2730 non
3413 2675 3591 2731 oculis

1994 2770 2270 2834 somnum,
2306 2784 2413 2823 non
2468 2767 2745 2838 palpebris
2791 2767 3183 2822 dormitionem
3231 2767 3586 2836 concedunt:

1959 2864 2087 2915 -sed
2113 2861 2256 2915 diem
2297 2869 2468 2914 totum
2493 2875 2564 2914 ac
2599 2870 2811 2915 noctem
2856 2858 2910 2912 in
2946 2873 3012 2912 eo
3049 2859 3363 2925 traducunt,
3389 2867 3451 2912 ut
3485 2857 3591 2928 piis

1993 2965 2056 3005 ac
2083 2951 2246 3021 jnstis
2283 2951 2600 3007 hominibus
2635 2950 2936 3018 perniciem
2983 2940 3310 3014 moliantur,
3339 2959 3396 3004 et
3439 2952 3588 3004 omni

1993 3043 2385 3112 suppliciorum
2445 3059 2507 3098 ac
2562 3051 2964 3097 tormentorum
3027 3057 3228 3112 genere
3283 3042 3366 3095 vel
3417 3042 3587 3110 ipsam

299 3136 410 3207 γῆς
441 3135 532 3190 διά
564 3133 830 3189 ποικίλων
885 3133 981 3188 καὶ
1036 3135 1402 3191 παντοδαπῶν
1465 3135 1753 3207 τιμωριῶν
1797 3139 1894 3190 καὶ

1999 3151 2183 3192 eorum
2219 3134 2542 3191 memoriam
2571 3149 2602 3189 e
2651 3134 2832 3189 medio
2879 3134 3174 3188 tollendam
3223 3143 3439 3188 curent.
3494 3131 3590 3188 Et-

304 3227 580 3298 βασάνων.
613 3227 726 3281 Καὶ
765 3225 877 3296 γὰρ
908 3225 1118 3297 ’ἐπειδὴ
1168 3227 1609 3298 προηγουμένως
1663 3227 1890 3300 ἔφησεν,

307 3337 331 3372 ε
375 3318 499 3372 ὀτι
525 3315 783 3386 γινώσκω
811 3314 925 3386 ἐγὼ
950 3316 1155 3386 ἀγαθὸν
1180 3313 1322 3384 εἶναι
1369 3321 1490 3382 τοῖς
1526 3318 1894 3392 φοϐουμένοις

300 3407 397 3462 τὸν
435 3407 588 3474 Θεὸν,
610 3408 750 3480 ὅπερ
808 3407 911 3461 οὐκ
950 3405 1104 3461 ἔσται
1131 3409 1246 3472 τοῖς
1284 3407 1552 3461 ἀσεϐέσι·
1588 3427 1610 3462 ι
1649 3425 1896 3480 προκατ-

301 3499 593 3569 αγγέλλων
620 3497 900 3564 ἐντεῦθεν,
945 3498 1023 3563 ὡς
1062 3495 1242 3570 οἶμαι,
1269 3499 1628 3570 προφητικῶς
1656 3501 1755 3572 τὴν
1787 3502 1896 3556 τῶν

305 3593 487 3663 ἁγίων
513 3592 836 3647 ἀποστόλων
888 3593 985 3647 καὶ
1033 3592 1361 3665 ,μαρτύρων
1417 3593 1634 3664 ἀγαθὴν
1708 3594 1898 3648 θεόθεν

307 3683 638 3756 ἀντάμειψιν
690 3685 750 3737 ὲν
809 3686 874 3754 τῇ
939 3683 1190 3756 βασιλείᾳ
1243 3683 1356 3736 τῶν
1405 3684 1672 3756 οὐρανῶν,
1705 3685 1790 3754 ἐφ’
1817 3679 1898 3748 οἷς

311 3776 744 3846 καθυπήνεγκαν
769 3775 956 3840 πόνοις
985 3777 1080 3830 κα)⁸
1104 3777 1298 3839 κόποις
1323 3775 1412 3829 διὰ
1433 3775 1648 3847 μυρίων
1671 3777 1896 3830 τελειω-

311 3867 501 3931 θέντες
525 3865 780 3937 βασάνων
809 3881 824 3898 ·
865 3861 986 3920 εἶτα
1022 3865 1302 3937 παρευθὺς
1328 3865 1627 3935 ἐπαγαγὼν
1671 3871 1766 3922 καὶ
1795 3871 1900 3940 φή-

309 3977 437 4024 σας,
471 3978 491 4011 ι
522 3954 665 4014 εἶναι
690 3958 1034 4030 ματαιότητα
1059 3959 1442 4030 πεποιημένην
1474 3961 1567 4013 ἐπὶ
1592 3961 1691 4031 τῆς
1721 3961 1846 4032 γῆς,
1873 3981 1893 4014 ι

305 4051 558 4122 δηλονότι
585 4049 738 4123 παρά
761 4051 872 4104 τῶν
908 4051 1114 4104 ἀδίκων
1144 4049 1450 4120 ἀνθρώπων
1473 4053 1567 4106 καὶ
1593 4053 1896 4122 δυσσεϐῶν,

303 4144 435 4215 ἥτις
475 4142 796 4196 ὲναλλάττει
816 4143 916 4205 τάς
953 4142 1256 4213 ὑπολήψεις
1281 4143 1390 4196 τῶν
1418 4143 1645 4199 δικαίων
1665 4147 1744 4210 εἰς
1771 4147 1901 4211 τοὺς

306 4235 558 4300 ἀδίκους,
594 4236 690 4290 καὶ⁵
716 4234 827 4288 τῶν
843 4233 1056 4288 ἀσεϐῶν
1081 4236 1160 4298 εἰς
1180 4235 1307 4298 τοὺς
1333 4235 1578 4300 εὐσεϐεῖς
1603 4252 1616 4266 ο
1647 4238 1742 4290 καὶ
1765 4255 1904 4310 προ-

307 4328 726 4396 καταγγέλλων
749 4327 840 4382 διά
890 4327 1002 4380 τῶν
1038 4327 1352 4398 εἰρημένων
1409 4328 1510 4397 τὴν
1538 4327 1649 4382 τῶν
1686 4330 1900 4384 ἀσεϐῶν

305 4418 409 4472 καὶ
438 4417 772 4488 παρανόμων
796 4415 1065 4485 βασιλέων
1097 4415 1193 4468 καὶ
1221 4413 1510 4484 τυράννων
1540 4415 1902 4486 ἀντίστροφον

1996 3229 2144 3283 enim
2178 3242 2300 3281 cum
2361 3226 2618 3296 superius
2663 3225 2926 3283 dixisset:
2960 3243 2980 3276 ι
3013 3223 3196 3292 Quare
3225 3233 3280 3279 et
3317 3240 3592 3295 cognosco

1995 3335 2098 3390 ego
2128 3357 2144 3382 ,
2179 3319 2382 3374 bonum
2421 3334 2544 3374 esse
2589 3319 2912 3374 timentibus
2945 3316 3140 3382 Deum,
3169 3318 3316 3388 quod
3347 3333 3454 3373 non
3481 3319 3592 3374 erit

1998 3411 2182 3482 impiis
2210 3411 2256 3443 '°
2285 3429 2298 3465 :
2329 3427 2349 3461 ι
2385 3420 2442 3465 et
2468 3409 2671 3466 exinde
2707 3409 3125 3479 prophetarum,
3151 3418 3212 3462 ut
3249 3422 3398 3475 reor,
3436 3423 3590 3462 more

1999 3514 2316 3559 sanctorum
2377 3503 2752 3572 apostolorum
2795 3511 2960 3573 atque
3015 3509 3318 3568 martyrum
3365 3501 3587 3570 praemi»

1999 3598 2602 3668 praenuntiasset,.qu:e
2651 3596 2705 3648 in
2740 3595 3128 3660 coelestiregno
3149 3605 3362 3662 ρι-ηνιρι·
3385 3594 3588 3646 tolera-

2002 3698 2085 3743 tos
2119 3689 2333 3744 labores
2361 3689 2755 3755 cruciatusque
2781 3685 3045 3754 plurimos
3067 3694 3447 3740 consummata
3478 3685 3587 3736 vim

2000 3789 2031 3828 a
2063 3773 2174 3829 Deo
2234 3789 2527 3843 accepere:
2551 3773 2664 3842 jam
2711 3773 3015 3842 subjiciens
3060 3773 3350 3842 protinus;
3390 3789 3410 3823 ο
3471 3788 3592 3826 esse

2001 3863 2322 3927 vanitatem,
2353 3880 2476 3934 qua:
2537 3863 2676 3917 facta
2708 3874 2790 3917 est
2827 3878 2992 3932 super
3023 3872 3247 3926 terram,
3280 3879 3300 3912 ι
3338 3865 3406 3916 ab
3445 3862 3594 3931 inju-

2003 3956 2105 4010 stis
2133 3970 2332 4024 nempe
2351 3965 2518 4025 atque
2557 3954 2741 4022 impiis
2765 3954 3077 4008 horninibus
3097 3995 3112 4020 ,
3143 3954 3452 4022 quaejustos
3478 3962 3595 4008 tan-

2003 4063 2168 4118 quam
2200 4049 2457 4117 injustos,
2487 4056 2543 4101 et
2574 4049 2689 4116 pios
2705 4055 2966 4115 tanquam
3003 4048 3202 4116 impios
3228 4045 3469 4100 traducit
3492 4062 3508 4112 ;
3530 4062 3594 4098 an

2003 4141 2253 4194 oratione
2268 4139 2568 4210 designans
2594 4140 2887 4208 impiorum
2923 4152 3110 4207 regum
3140 4147 3196 4190 ct
3235 4137 3593 4192 scelestorum

2010 4240 2374 4304 tyrannorum
2428 4231 2595 4300 216
2634 4244 2950 4298 perversum
2977 4228 3108 4282 illud
3132 4243 3195 4282 ac
3217 4225 3627 4298 pettui'balum,

2005 4322 2816 4393 inordinatumquejudicium,
2859 4337 2970 4392 quo
3005 4323 3087 4376 usi
3122 4331 3252 4374 sunt
3297 4320 3350 4374 in
3380 4321 3598 4388 pietatis

2005 4415 2241 4470 athletas
2269 4425 2324 4471 et
2351 4414 2605 4472 .veritatis
2635 4423 3071 4486 propugnatores
3107 4415 3446 4483 sint-eratque
3473 4429 3598 4482 pro-

306 4509 495 4580 κρίσιν
521 4509 616 4562 καὶ
660 4506 1107 4589 διεστρξ.μμένην
1170 4506 1264 4558 καὶ
1298 4505 1519 4560 σκολιὰν
1544 4547 1556 4566 ,
1586 4507 1650 4578 ἢν
1681 4503 1897 4560 ἐποίουν

2007 4506 2266 4562 fessionis
2299 4516 2502 4562 nostrae
2526 4515 2841 4578 "martyres:
2871 4504 2936 4558 iis
2976 4520 3220 4575 quoque,
3256 4506 3349 4572 qui
3387 4503 3510 4556 deli:
3537 4502 3595 4554 iti

309 4603 396 4664 είς
448 4603 574 4664 τοὺς
625 4599 872 4672 ἀθλητὰς
923 4598 1024 4668 τῆς
1069 4597 1359 4662 εὐσεϐείας
1386 4597 1484 4651 καὶ
1507 4597 1606 4668 τῆς
1638 4598 1898 4672 ἀληθείας

313 4691 637 4762 προμάχους
688 4691 785 4744 καὶ
813 4691 913 4760 τῆς
937 4686 1270 4762 εἰλικρινοῦς
1311 4688 1470 4759 ἡμῶν
1497 4687 1737 4753 πίστεως
1757 4691 1902 4761 μάρ-

307 4799 481 4854 τυρας
507 4798 520 4814 ·
558 4783 655 4836 καὶ
719 4781 906 4853 μέντοι
947 4779 1074 4843 τοὺς
1133 4777 1758 4849 καταμαλακιζομένους
1805 4780 1901 4832 καὶ

309 4875 750 4947 πειθαρχοῦντας
771 4877 893 4938 ταῖς
925 4872 1081 4942 σφῶν
1112 4871 1430 4940 ἀξιώσεσιν,
1453 4872 1550 4926 καὶ
1575 4873 1901 4940 γινομένους

307 4957 596 5038 ἐξάρνους,
639 4966 736 5020 καὶ
783 4963 960 5020 ταῦτα
994 4964 1175 5018 πάντα
1197 4965 1316 5026 ταῖς
1352 4962 1619 5017 ἀνωτάτω
1656 4963 1899 5034 μέμψεσι

308 5056 715 5115 καθυποϐαλὼν
803 5058 900 5112 καὶ
991 5055 1483 5127 κατακωμῳδήσας
1507 5071 1520 5088 ο
1589 5055 1902 5120 ἀκολούθως

309 5149 592 5224 προῆλθεν
623 5153 802 5206 εἰπεῖν
830 5149 924 5205 καὶ
959 5150 1202 5222 σημᾶναι
1233 5149 1331 5202 καὶ
1359 5147 1451 5200 τὸν
1479 5147 1716 5202 ἄτακτον
1746 5167 1903 5222 περι-

310 5243 590 5314 σπασμὸν,
621 5241 681 5296 ὃν
733 5243 828 5296 καὶ
888 5243 946 5296 ὲν
973 5242 1164 5314 ἡμέρᾳ
1215 5241 1310 5295 καὶ
1333 5241 1392 5293 ὲν
1436 5239 1596 5293 νυκτὶ
1622 5239 1766 5293 κατά
1795 5239 1904 5294 τῶν

309 5337 489 5407 ἁγίων
516 5335 822 5399 λυττῶντες
852 5329 1000 5405 εἶχον
1025 5333 1163 5404 πρὸς
1193 5332 1256 5386 τὸ
1301 5329 1640 5385 καθελκύσαι
1673 5330 1772 5384 καὶ
1800 5347 1904 5385 κα-

307 5422 597 5482 τασπᾶσαι
639 5426 731 5482 τὸν
763 5426 1144 5495 ἀξιεπαίνετον
1195 5419 1361 5477 τόνον“
1385 5423 1486 5494 τῆς
1521 5422 1906 5494 γενναιότητος

311 5520 496 5582 αὐτῶν
526 5521 624 5575 καὶ
654 5517 940 5592 θεοφιλοῦς
967 5516 1364 5590 προαιρέσεως.

387 5635 438 5670 ⁸⁸
467 5633 783 5702 Ecclemm,
819 5635 907 5690 12.

391 5766 510 5836 (25)
540 5765 674 5822 Luc.
709 5781 824 5830 va,
849 5765 943 5821 25.
974 5766 1044 5819 At
1077 5765 1196 5836 ipsa
1221 5760 1521 5836 Evangelii
1544 5759 1904 5836 verlia‘sunt:

321 5829 552 5904 Τέκνον,
586 5829 856 5910 μνήσθητι
898 5837 982 5892 ὅτι
1026 5829 1302 5897 ἀπέλαϐες
1351 5829 1416 5886 σύ
1468 5831 1537 5886 τὰ
1590 5829 1774 5899 ἀγαθά
1809 5846 1903 5884 σου

2003 4608 2167 4668 atque
2200 4598 2390 4663 illecti,
2425 4614 2615 4653 eorum
2678 4596 2990 4654 auctoritati
3035 4604 3363 4666 paruerunt,
3394 4604 3447 4647 et
3483 4609 3600 4663 pro-

2004 4691 2212 4746 ditores
2236 4690 2368 4747 facti
2396 4702 2549 4758 sunt,
2580 4679 2904 4756 ueterisque
2937 4687 3252 4758 huiusmodi
3283 4687 3446 4740 rebus
3469 4702 3598 4756 grao

2008 4786 2238 4841 vissime
2281 4785 2612 4854 improbatis
2638 4798 2703 4838 ac
2732 4782 3114 4852 repreliensis,
3151 4794 3219 4836 eo
3238 4780 3457 4834 demum
3497 4780 3566 4836 de

2003 4878 2174 4941 venit,
2203 4884 2266 4932 ut
2305 4877 2662 4947 irrequietam
2691 4875 2838 4930 illam
2883 4874 3278 4929 distensionem
3311 4872 3598 4937 indicaret,

2007 4983 2128 5037 qua:
2163 4967 2282 5023 dies
2338 4977 2642 5037 noctesque
2689 4967 2957 5022 adversus
2985 4974 3207 5019 sanctos
3235 4965 3602 5018 exercuiteo—

2010 5075 2134 5113 rum
2165 5058 2432 5123 furorem,
2465 5061 2511 5116 si
2541 5075 2646 5129 qua
2682 5061 2893 5115 ratione
2919 5072 3236 5129 germanam
3269 5057 3468 5109 borum
3491 5057 3600 5110 vir-

2011 5158 2182 5208 tutem
2202 5166 2233 5206 e
2259 5150 2370 5206 Deo
2393 5151 2719 5222 gratissima:
2742 5150 3039 5205 voluntatis
3063 5147 3426 5204 constantiam
3451 5162 3598 5202 nun-

2008 5259 2174 5314 quam
2232 5245 2368 5301 satis
2424 5245 2756 5300 laudandam
2811 5241 3142 5300 labefactare
3177 5256 3243 5297 ac
3294 5239 3602 5298 dissolvere

2009 5337 2124 5392 ullo
2153 5337 2314 5394 modo
2339 5347 2586 5409 possent.

2012 5759 2073 5812 ὲν
2105 5755 2173 5824 τῇ
2203 5753 2317 5822 ζωῇ
2377 5769 2494 5824 σου,
2537 5752 2634 5805 καὶ
2668 5750 2920 5824 Λάζαρος
2955 5751 3158 5818 ὁμοίως
3200 5748 3269 5803 τά
3301 5745 3480 5802 κακά’
3504 5741 3604 5800 νῦν

2013 5827 2069 5881 δὲ
2104 5821 2191 5883 ἰδὲ
2227 5821 2648 5896 παρακαλεῖται,
2684 5825 2749 5877 σὺ
2779 5824 2836 5876 δὲ
2861 5821 3138 5876 ὀδυνᾶσαι.
