3992 6386
503 387 534 464 ,1
547 389 654 455 063

1727 378 2110 442 GREGORH
2151 376 2244 439 AG
2256 379 2576 439 RIGENTI

3623 367 3738 456 ωδε

581 498 773 570 Itaque
824 506 886 553 ut
919 494 1173 554 tenebras
1225 495 1454 552 istorum
1497 503 1550 549 ct
1581 493 1882 549 ca-citatem
1917 489 2090 559 signi-

2265 483 2377 554 Τὴν
2427 479 2521 538 οὖν
2574 484 2839 555 ἀϐλεψίαν
2901 485 3008 540 τῶν
3064 489 3324 545 τοιούτων
3365 491 3460 546 καὶ
3495 495 3740 564 τύφλωσιν

517 593 724 659 llcaret,
755 590 892 646 dixit
915 604 1132 644 rursum
1162 607 1176 644 :
1219 608 1238 641 ι
1273 587 1338 642 Ει
1401 585 1510 640 vidi
1557 586 1742 643 omnia
1775 597 1939 652 opera
1974 581 2090 645 Dei,

516 683 644 754 quia
669 697 775 736 non
805 681 1012 751 poterit
1041 681 1208 735 homo
1233 677 1483 734 invenire
1506 694 1677 748 opus,
1715 674 1861 746 quod
1889 669 2094 727 factum

517 777 604 827 est
626 772 729 826 sub
766 771 940 826 solea
977 769 1166 839 Neque
1193 771 1336 825 enim
1382 769 1678 840 quidquam
1721 769 2098 836 cognoverunt

517 873 612 918 aut
641 863 1048 926 intellexerunt,
1067 861 1164 917 sed
1191 862 1244 918 in
1274 862 1535 918 cmcitatis
1567 875 1680 915 sua:
1706 856 1946 912 tenebris
1965 865 2096 924 pro-

519 955 691 1025 gressi
755 964 906 1014 sunt.
963 953 1208 1008 dicentes
1242 939 1462 1022 lapidi:
1499 971 1518 1004 ι
1558 949 1640 1006 Tu
1692 965 1776 1004 me
1826 945 2027 1012 fecisti,
2073 965 2091 998 ι

517 1056 572 1102 et
595 1061 764 1101 aureo
780 1051 1076 1101 simulacro
1102 1046 1186 1100 vel
1209 1044 1426 1118 ligneo:
1459 1062 1478 1095 ι
1507 1043 1652 1097 Deus
1667 1056 1820 1098 meus
1840 1055 1900 1095 es
1946 1049 2026 1093 tu.
2073 1059 2093 1092 ι

518 1137 652 1190 Nam
687 1152 810 1192 cum
834 1137 906 1193 ob
947 1153 1217 1192 summam
1251 1136 1463 1191 consilii
1501 1134 1741 1202 inOpiam
1797 1131 2099 1200 intelligere

516 1241 628 1282 non
685 1227 984 1296 potuerint,
1027 1226 1313 1281 materiem
1357 1225 1668 1279 universam
1700 1237 1730 1276 a
1771 1219 1880 1275 Deo
1909 1220 2100 1274 cundi-

517 1324 630 1371 tam
657 1297 716 1371 et
744 1325 942 1372 extera
968 1317 1176 1382 omnia,
1207 1331 1338 1385 qua:
1359 1325 1696 1385 spectamus,
1723 1326 1889 1382 opera
1914 1309 2098 1365 homi-

518 1421 653 1459 num
703 1405 1015 1460 ministerio
1072 1408 1139 1460 ab
1193 1416 1415 1460 auctore
1484 1405 1751 1459 destinata
1817 1418 1977 1469 esse;
2044 1401 2097 1456 in

519 1495 688 1552 falsas
751 1497 1070 1567 huiusmodi
1120 1506 1173 1552 et
1231 1498 1454 1552 insanas
1506 1497 1794 1566 Opiniones
1853 1495 2097 1566 prolapsi

521 1598 651 1642 sunt
689 1588 823 1660 (26).
849 1590 1028 1660 Atque
1079 1590 1182 1644 hac
1226 1591 1290 1643 de
1324 1603 1492 1644 causa
1545 1590 1636 1659 qui
1691 1588 1832 1658 apud
1881 1588 2100 1644 Grmcos

519 1679 796 1747 sapientes
845 1694 968 1734 esse
1027 1679 1301 1744 videntur,
1329 1689 1752 1762 quantacunque
1773 1696 1904 1736 cura
1931 1696 2098 1735 unum

517 1785 710 1826 verum
736 1769 903 1825 Deum
929 1769 1257 1840 investigare
1287 1781 1451 1842 atque
1477 1770 1723 1826 invenire
1748 1771 1930 1826 conati
1963 1772 2094 1836 sint,

2197 575 2591 646 αἰνιττόμενος,
2628 575 2834 648 ἔφησεν
2861 572 3018 643 αὖθις
3041 595 3056 609 ο
3090 598 3109 631 ι
3146 581 3260 634 Καὶ
3287 576 3426 636 εἶδον
3477 585 3742 656 σύμπαντα

2195 664 2264 718 τά
2295 667 2580 736 ποιήματα
2607 667 2700 720 τοῦ
2731 665 2891 733 θεοῦ,
2920 669 3002 722 ὅτι
3035 669 3097 723 οὑ
3148 670 3438 744 δυνήσεται
3485 674 3744 750 ἄνθρωπος

2197 755 2290 809 τοῦ
2329 757 2512 825 εὑρεῖν
2542 759 2640 812 σὺν
2681 758 2742 812 τὸ
2787 760 3004 830 ποίημα
3042 762 3104 816 τὸ
3143 766 3512 837 πεποιημένον
3551 771 3649 826 ὑπὸ
3668 776 3746 830 τὸν

2197 847 2368 918 ἥλιον.
2398 866 2418 900 ι
2457 849 2596 902 Οὐδὲ
2656 849 2766 922 γάρ
2805 851 3058 921 ἔγνωσαν
3081 896 3098 918 ,
3120 855 3244 909 οὑδὲ
3281 859 3547 928 συνῆκαν,
3575 863 3680 916 ἀλλ’
3700 867 3748 918 ὲν

2200 938 2382 992 σκότει
2419 943 2520 1011 τῆς
2549 939 2684 1004 ιδίας
2712 941 3046 1014 τυφλότητος
3089 946 3502 1020 ἐπορεύθησαν,
3525 949 3750 1020 λέγοντες

2196 1027 2278 1098 τῷ
2301 1029 2454 1101 λίθῳ,
2499 1049 2518 1082 ι
2553 1031 2627 1084 Σύ
2655 1048 2722 1102 με
2777 1033 3064 1104 ἐποίησας,
3106 1055 3125 1088 ι
3159 1037 3356 1109 καὶτῷ
3396 1043 3753 1116 χρυσοτεὺκτῳ

2200 1120 2401 1192 ξοάνῳ,
2430 1122 2526 1174 καὶ
2569 1123 2756 1191 μέντοι
2804 1124 2884 1194 τῷ
2935 1125 3299 1198 ξυλοτεύκτῳ,
3337 1151 3356 1180 ι
3393 1128 3528 1196 Θεός
3577 1149 3672 1203 μου
3712 1130 3755 1188 εί

2201 1209 2286 1264 σύ.
2325 1229 2344 1262 ι
2377 1211 2470 1281 Μὴ
2495 1211 2818 1283 δυνηθέντες
2872 1214 2982 1286 γὰρ
3015 1218 3209 1288 νοῆσαι
3263 1219 3354 1274 διὰ
3387 1221 3588 1292 πολλὴν
3611 1224 3754 1278 ἀϐου-
3865 1221 3867 1230 ¹

2200 1300 2343 1362 λίαν,
2398 1301 2475 1364 ὡς
2531 1301 2630 1374 ὕλη
2687 1305 2838 1359 πᾶσα
2886 1306 3042 1378 παρά
3075 1307 3168 1362 τοῦ
3203 1309 3340 1363 Θεοῦ
3367 1317 3642 1381 γεγονυῖα,
3676 1319 3755 1370 καὶ

2201 1395 2310 1447 πᾶν
2341 1392 2468 1447 ἄλλο
2520 1393 2729 1465 κτίσμα
2780 1395 2888 1449 τῶν
2935 1399 3234 1470 ὁρωμένων
3264 1402 3402 1474 πρὸς
3428 1402 3528 1474 τὴν
3551 1405 3654 1459 τῶν
3675 1407 3755 1462 ἀνι

2202 1488 2437 1559 θρὼπων
2465 1487 2872 1566 ᾷξυπηρέτησιν
2895 1492 3086 1562 γέγονε
3123 1493 3276 1566 παρά
3297 1495 3393 1550 τοῦ
3430 1497 3752 1570 ποιήσαντος,

2200 1581 2283 1642 είς
2318 1579 2418 1644 τὰς
2449 1579 2711 1644 τοιαύτας
2738 1582 3092 1653 ὲσφαλμένας
3119 1587 3219 1640 καὶ
3257 1587 3454 1658 μωρὰς
3485 1589 3755 1660 ὑπολήψεις

2202 1669 2532 1738 ἐξώκειλαν.
2558 1673 2668 1748 Kac
2695 1673 2890 1728 τούτου
2947 1677 3112 1747 χάριν
3161 1678 3296 1748 ὅσην
3350 1679 3421 1734 ἂν
3463 1680 3756 1753 ἐπιμέλειαν

2202 1762 2359 1844 ἔσχον
2386 1765 2435 1816 οί
2471 1763 2758 1829 δοκοῦντες
2808 1763 2947 1822 εῖναι
2992 1767 3150 1838 σοφοὶ
3181 1769 3290 1825 τῶν
3329 1770 3598 1844 Ἐλλήνων
3642 1775 3755 1846 πρὸς

519 1863 746 1918 minimc
781 1869 1122 1930 repererunt,
1159 1861 1256 1916 sed
1282 1876 1555 1918 evanuere
1582 1862 1636 1918 in
1668 1863 2092 1933 cOgitationibus

2199 1825 2522 1925 τδξητῆσαι
2549 1854 2646 1908 καὶ
2686 1825 2940 1928 ἐφευρεῖν
2986 1825 3082 1913 τὸν
3127 1859 3291 1930 μόνον
3333 1825 3590 1934 ἀληθινὸν

519 1954 658 2018 suis,
683 1961 737 2008 et
765 1953 1030 2022 insipiens
1046 1969 1138 2008 cor
1157 1969 1348 2008 eorum
1374 1955 1614 2020 tenebris
1641 1956 1936 2011 obductum
1966 1965 2050 2012 est
2077 1974 2091 2010 :

2199 1947 2298 2017 οὑχ
2323 1939 2504 2018 εὗρον,
2537 1948 2656 2001 ἀλλ’
2679 1949 3125 2032 ἐματαιώθησαν⁶
3149 1953 3207 2007 ὲν
3249 1956 3365 2018 τοῖς
3417 1955 3752 2029 διαλογισμοῖς

517 2043 751 2114 professi
781 2059 840 2100 se
868 2061 988 2100 esse
1039 2047 1338 2115 sapientes,
1383 2048 1746 2103 insanierunt.
1790 2049 1902 2119 Ego
1944 2063 2093 2115 vero,

2200 2039 2400 2107 αὐτῶν,
2431 2040 2526 2094 καὶ
2551 2041 2898 2114 ἐσκοτίσθηή
2928 2042 3192 2110 ἀσύνετος
3212 2045 3400 2102 αὐτῶν
3429 2047 3647 2117 καρδία,
3669 2050 3752 2120 φά·

517 2137 718 2206 inquit,
753 2152 875 2190 cum
930 2138 1045 2192 haec
1074 2139 1260 2193 omnia
1310 2139 1496 2192 animo
1520 2139 1806 2209 explorata
1837 2141 2094 2196 haberem

2203 2151 2428 2199 σκοντες
2459 2130 2600 2190 εἶναι
2637 2137 2811 2206 σοφοὶ,
2848 2139 3278 2212 ἐμωράνθησαν.
3327 2142 3477 2212 Ἐγὼ
3517 2143 3595 2210 δὲ,
3625 2147 3750 2217 φησί,

517 2225 788 2296 planeque
844 2242 1198 2296 cognossem,
1230 2238 1488 2284 accurate
1545 2229 1878 2300 deprehendi
1937 2240 2094 2302 atque

2201 2227 2375 2284 ταῦτα
2406 2229 2588 2284 πάντα
2619 2233 2686 2302 τῇ
2717 2231 2921 2303 καρδίᾳ
2959 2249 3063 2301 μου
3102 2233 3492 2304 παρεξετάσας
3533 2239 3623 2290 καὶ
3659 2238 3752 2293 δισο

520 2328 808 2374 assecutus
848 2334 1038 2377 suum
1073 2319 1362 2386 Quomodo
1415 2321 1574 2392 justi,
1602 2330 1656 2376 et
1709 2323 2014 2393 sapientes,
2042 2331 2094 2379 et

2205 2319 2390 2386 γνοὺς,
2434 2319 2825 2392 κατελαϐόμην
2873 2321 3120 2394 ἀκριϐῶς
3158 2324 3254 2377 καὶ
3297 2323 3555 2394 διέγνων,
3593 2344 3610 2378 ι
3635 2327 3702 2391 ὡς
3718 2326 3754 2381 oi

519 2407 664 2464 facta
693 2424 881 2465 eorum
910 2427 1094 2466 coram
1122 2411 1230 2468 Deo
1256 2429 1270 2478 ;
1308 2429 1326 2465 ι
1361 2429 1426 2468 ac
1455 2415 1580 2469 licet
1625 2415 1727 2471 visi
1783 2419 1894 2472 sint
1923 2417 2094 2473 oculis

2203 2412 2406 2466 δίκαιοι
2430 2413 2528 2468 atat
2557 2414 2610 2467 οί
2633 2416 2812 2484 σοφοὶ,
2843 2415 2938 2468 καὶ⁵
2963 2415 3020 2466 ai
3056 2415 3317 2487 ἐργασίαι
3346 2416 3535 2470 αὐτῶν
3557 2417 3752 2472 ἐνώπιόν

517 2500 893 2571 insipientium
943 2503 1106 2574 21']
1140 2507 1490 2574 occubuisse,
1527 2516 1582 2562 et
1630 2504 1874 2564 aerumna
1919 2509 2094 2565 exitus

2206 2508 2312 2559 είσι
2339 2505 2434 2559 τοῦ
2464 2505 2600 2560 Θεοῦ
2625 2523 2640 2537 ο
2679 2530 2695 2557 ο
2729 2506 2826 2560 καὶ
2853 2506 2958 2561 κᾶν
2987 2507 3178 2574 ἔδοξαν
3200 2509 3258 2562 ὲν
3290 2508 3598 2580 ὀφθαλμοῖς
3618 2509 3750 2580 ἀφρό-

515 2605 708 2648 eorum
731 2593 948 2650 habitus
968 2593 1150 2662 fuerit,
1181 2610 1308 2666 spes
1331 2604 1511 2652 tamen
1533 2599 1850 2655 eorumdem
1876 2599 2094 2656 immor-

2199 2612 2314 2649 νων
2332 2596 2609 2664 τεθνάναι,
2638 2597 2734 2650 καὶ
2757 2596 3009 2669 ἐλογίσθη
3047 2599 3290 2663 κάκωσις
3315 2599 3552 2671 ήέξοδος
3573 2601 3728 2655 αὐτῶν

517 2683 734 2740 talitate
756 2684 914 2754 plena
949 2687 1041 2740 sit.
1110 2699 1119 2706 '

592 2773 717 2830 llaec
777 2776 1022 2846 profecto
1075 2779 1382 2838 vaticinans
1443 2781 1665 2853 sapiens
1737 2779 2100 2841 Ecclesiastes

517 2869 811 2936 occupavit
867 2876 1034 2939 atque
1091 2872 1345 2942 pradixit
1391 2873 1460 2928 de
1489 2874 1785 2944 impiorum
1818 2890 2008 2946 regum
2040 2885 2106 2931 ac

2205 2689 2239 2758 ή
2273 2687 2331 2740 δὲ
2367 2687 2523 2751 ἐλπὶς
2549 2688 2728 2742 αὐτῶν
2773 2688 3074 2754 ἀθανασίας
3110 2689 3322 2762 πλήρης
3365 2691 3513 2745 ἐστί.

2279 2777 2466 2832 Ταῦτα
2512 2777 2871 2847 προφητικῶς
2905 2779 2934 2830 ὁ
2965 2778 3129 2848 σοφὸς
3171 2779 3614 2854 Ἐκκλησιαστὴς
3647 2800 3752 2854 προ-

2203 2869 2396 2938 είληφε
2435 2867 2624 2936 σαφῶς
2652 2868 2748 2921 καὶ
2774 2867 3102 2938 κατήγγειλε
3133 2869 3264 2940 περὶ
3297 2871 3403 2941 τῆς
3433 2873 3546 2926 τῶν
3579 2873 3754 2927 ἀσεϐῶν

519 2965 883 3028 tyrannorum
917 2959 1108 3017 furore
1158 2970 1322 3033 atque
1369 2965 1526 3031 rabie
1581 2965 1844 3022 adversus
1889 2965 2094 3036 pietatis

2208 2959 2477 3030 βασιλέων
2515 2957 2614 3012 καὶ
2651 2959 2930 3028 τυράννων
2959 2959 3290 3030 δυσμενείας
3313 2963 3414 3016 καὶ
3439 2964 3652 3036 λύττης,
3679 2965 3756 3033 τῆς

520 3048 758 3103 athletas
783 3065 848 3104 ac
876 3051 1238 3122 triumphales
1272 3064 1572 3126 martyres;
1605 3071 1839 3126 quorum
1875 3056 2106 3126 praecla-

2208 3048 2350 3103 κατὰ
2384 3048 2494 3101 τῶν
2525 3047 2780 3118 ἀθλητῶν
2801 3048 2900 3119 τῆς
2929 3048 3220 3114 εὐσεϐείας
3249 3052 3341 3104 καὶ
3368 3054 3756 3126 τροπαιοφόρων

520 3153 585 3195 ra
609 3141 938 3209 certamina,
964 3153 1017 3198 et
1040 3145 1221 3200 omnis
1262 3148 1479 3216 generis
1499 3148 1776 3203 cruciatus
1815 3156 1870 3202 et
1897 3148 2094 3219 suppli-

2214 3141 2531 3214 μαρτύρων,
2565 3135 2642 3196 ὧν
2668 3144 2724 3195 ai
2754 3143 2864 3196 τῶν
2907 3143 3220 3214 ἀθλητικῶν
3253 3146 3648 3218 παλαισμάτων
3681 3152 3758 3220 ἐρ.

517 3231 604 3286 cia
654 3242 710 3286 et
741 3233 964 3289 dolores
993 3243 1254 3306 tanquam
1287 3237 1791 3309 fragrantissimum
1821 3241 2105 3296 sullimen-

519 3330 636 3378 tum
671 3325 740 3380 ad
771 3325 1010 3381 sublime
1040 3343 1104 3382 ac
1149 3339 1405 3384 sanctum
1471 3330 1568 3385 Dei
1607 3331 1780 3388 altare
1833 3347 2104 3404 perveneé

517 3425 669 3480 runt,
728 3425 895 3486 atque
948 3417 1061 3473 illic
1129 3419 1402 3491 descripta
1449 3432 1723 3492 prostant,
1765 3433 1823 3480 et
1862 3425 2103 3481 nobilem

519 3507 850 3562 athletarum
905 3509 1162 3565 virtutem
1219 3519 1388 3582 atque
1432 3527 1678 3571 amorem
1739 3529 1868 3588 erga
1921 3517 2101 3583 illum,

516 3597 608 3666 qui
629 3611 772 3654 unus
791 3610 984 3656 natura
1008 3601 1270 3672 solusque
1309 3617 1474 3659 verus
1506 3613 1588 3662 est
1619 3606 1784 3674 Deus,
1817 3623 2104 3664 commen-

514 3687 648 3743 dant
675 3701 839 3760 atque
870 3701 1164 3760 testantur,
1219 3709 1285 3750 ae
1331 3697 1492 3753 simul
1550 3697 1740 3754 odium
1797 3700 2100 3769 declarant,

514 3794 628 3851 quo
662 3781 860 3838 diaboli
903 3785 1124 3842 fraudes
1161 3797 1218 3842 et
1269 3787 1544 3845 idolorum
1604 3791 1810 3846 cultum
1848 3792 2100 3849 detestati

515 3881 678 3927 sunt:
729 3888 850 3942 quae
900 3877 1086 3930 omnia
1117 3877 1238 3933 sine
1289 3879 1608 3936 discrimine
1637 3882 1986 3954 delectuque,
2017 3885 2102 3938 vel

515 3961 696 4028 potius
727 3960 783 4014 in
819 3964 1152 4018 contrariam
1181 3975 1394 4035 partem
1432 3967 1611 4022 insani
1646 3969 1897 4026 homines
1937 3981 2102 4044 atque

517 4051 692 4122 impii,
714 4055 873 4110 novis
909 4048 1222 4112 nominibus
1256 4067 1420 4128 atque
1460 4060 1812 4130 opinionibus
1837 4065 2099 4133 inductis,

517 4143 834 4218 immutant,
870 4161 934 4201 ac
990 4162 1171 4202 rerum
1227 4159 1480 4206 naturam
1538 4152 1840 4222 invertunt,
1898 4160 2100 4212 bonum

516 4237 644 4304 rati,
676 4240 822 4308 quod
857 4239 1082 4306 malum,
1117 4250 1281 4312 atque
1317 4243 1653 4300 econtrario
1695 4247 1920 4310 malum,
1957 4251 2101 4318 quod

515 4329 724 4390 bonum
755 4339 875 4396 est;
913 4341 968 4386 et
1017 4334 1274 4389 tenebras
1303 4350 1404 4405 pro
1434 4335 1554 4392 luce
1589 4336 1868 4406 habentes,
1896 4338 2102 4394 lucem-

516 4435 624 4490 que
655 4435 754 4500 pro
775 4422 1045 4488 tenebris;
1070 4423 1326 4494 quodque
1343 4425 1502 4480 dulce
1523 4436 1627 4494 est,
1644 4438 1894 4482 amarum
1917 4428 2102 4498 appel-

2132 3201 2180 3264 Β

2207 3233 2400 3300 γασίαι
2429 3234 2528 3288 καὶ
2573 3233 2816 3288 ποικίλαι
2869 3235 2965 3288 καὶ
3013 3237 3357 3291 παντοδαπαὶ
3405 3239 3650 3304 κολάσεις
3682 3242 3758 3297 καὶ

2203 3311 2473 3394 τιμωρίαι
2509 3325 2605 3377 καὶ
2645 3324 2940 3396 ἀλγηδόνες
2975 3327 3057 3388 είς
3083 3326 3143 3380 τὸ
3171 3327 3285 3382 ἄνω
3323 3329 3428 3383 καὶ
3475 3333 3652 3402 νοερὸν
3682 3330 3756 3385 τοῦ

2205 3413 2342 3466 Θεοῦ
2391 3415 2785 3486 θυσιαστήριον
2833 3415 2912 3478 ὡς
2966 3417 3168 3482 εὑῶδες
3217 3418 3460 3490 ἀνῆλθον
3520 3421 3756 3494 θυμίαμα,

2206 3503 2370 3556 κάκεῖ
2397 3503 2686 3572 γεγόνασιν
2714 3505 3209 3577 ἀπογεγραμμέναι
3245 3510 3342 3562 καὶ
3385 3514 3757 3584 παριστάμεναι

2206 3593 2302 3647 καὶ
2330 3592 2700 3663 κηρύττουσαι
2747 3595 2840 3648 καὶ
2889 3596 3268 3667 μαρτυροῦσαι
3295 3601 3400 3670 τήν
3435 3602 3759 3673 γενναιότητα

2207 3685 2315 3738 τῶν
2341 3683 2612 3756 ἀθλητῶν,
2641 3687 2735 3740 καὶ
2765 3688 2866 3758 τὴν
2903 3687 3042 3758 πρὸς
3071 3689 3237 3744 αὑτὸν
3262 3691 3517 3764 ἀγάπην,
3548 3694 3759 3766 δηλονότι

2205 3777 2296 3830 τὸν
2321 3779 2492 3842 ὄντως
2519 3779 2649 3833 ὄντα
2671 3779 2770 3833 καὶ
2797 3779 2958 3848 μόνον
2991 3779 3251 3850 ἀληθινὸν
3271 3784 3432 3840 Θεόν.
3463 3787 3574 3840 Καὶ
3601 3787 3759 3857 μέντοι

2206 3871 2301 3924 καὶ
2329 3871 2393 3924 τὸ
2429 3873 2587 3941 μῖσος
2621 3870 2719 3925 καὶ
2745 3870 2848 3943 τὴν
2889 3871 3192 3942 ἀπέχθειαν
3229 3874 3330 3946 τὴν
3372 3877 3519 3932 κατά
3549 3876 3639 3931 τοῦ
3666 3877 3750 3931 δια·

2205 3963 2362 4018 θόλου
2413 3947 2506 4016 καὶ
2552 3963 2656 4035 τῆς
2709 3963 2997 4035 είδωλικῆς
3043 3965 3348 4037 ἐξαπάτης,
3399 3962 3480 4024 ὧν
3530 3969 3758 4024 ἁπάντων

2205 4057 2541 4126 ἀδιακρίτως
2605 4056 2703 4110 καὶ
2757 4057 3189 4127 συγκεχυμένως
3252 4059 3458 4129 μᾶλλον
3509 4061 3577 4114 δ’·
3613 4061 3758 4113 είπεῖν

2203 4147 2585 4218 ἀντιστρόφως
2603 4146 2666 4198 ιοὶ
2702 4145 3102 4216 ματαιόφρονες
3140 4147 3240 4200 καὶ
3293 4149 3644 4221 παραπλῆγες
3679 4147 3756 4202 καὶ

2202 4237 2508 4304 δυσσεϐεῖς,
2541 4237 2642 4300 τάς
2671 4237 2972 4308 ὀνομασίας
3019 4240 3115 4292 καὶ
3151 4239 3253 4304 τὰς
3287 4241 3588 4314 ὑπολήψεις
3626 4240 3753 4304 δοξά-

2203 4329 2411 4394 ζοντες,
2441 4327 2730 4398 ἀμείϐουσι
2763 4329 2857 4381 καὶ
2878 4329 3448 4399 προσεναλλάττονται
3476 4332 3586 4386 τῶν
3609 4347 3754 4402 πραγ-

2205 4421 2392 4491 μάτων
2421 4421 2524 4488 τὴν
2565 4419 2766 4490 φύσιν·
2818 4420 2912 4473 καὶ
2957 4420 3242 4486 δοξάζουσι
3275 4423 3338 4477 τὸ
3373 4423 3573 4489 καλὸν,
3614 4439 3755 4492 πονη-

517 4508 720 4578 lantes,
777 4522 832 4566 et
893 4513 1038 4582 quod
1088 4529 1360 4582 amarum,
1412 4516 1591 4584 dulce,
1638 4518 1799 4589 longe
1827 4518 2004 4586 aliter,
2037 4533 2094 4574 ac

2209 4512 2300 4582 ρόν
2319 4527 2333 4542 ο
2367 4511 2462 4564 καὶ
2495 4510 2556 4563 τὸ
2585 4510 2821 4580 ἔμπαλιν
2843 4511 2905 4564 τὸ
2929 4528 3066 4582 πονη
3077 4512 3190 4582 ρδν,
3226 4514 3391 4569 καλόν
3413 4531 3428 4547 ι
3454 4516 3549 4570 καὶ
3570 4514 3752 4568 τιθέασι

515 4617 690 4658 σείεται
713 4619 810 4659 nos
841 4603 1060 4661 Littera:
1093 4608 1400 4666 docuerunt
1425 4609 1494 4663 ⁸¹.
1539 4609 1694 4676 Quod
1733 4613 1952 4681 sapiens
1989 4613 2096 4668 Ecé

513 4693 794 4753 clesiastes
831 4706 890 4752 ut
927 4702 1259 4764 ostenderet,
1309 4701 1512 4772 adjecit
1545 4703 1795 4772 protinus
1825 4715 1878 4759 et
1908 4705 2019 4759 ait:

584 4978 631 5016 ⁸⁸
671 4978 778 5036 lsa.
821 4996 874 5050 ν,
891 4981 988 5038 20.

581 5098 695 5169 (‘26)
726 5098 786 5154 ln
814 5099 1045 5170 Synopsi
1076 5099 1388 5170 divinarum
1412 5099 1903 5170 Litterarum,quae
1917 5100 2088 5155 Atha-

511 5171 670 5225 nasio
695 5169 977 5236 tribuitur,
1004 5171 1124 5226 lucc
1164 5171 1284 5240 ipsa
1319 5169 1667 5226 Ecclesiastae
1694 5175 1861 5226 verba
1892 5180 2087 5225 auctor

512 5240 702 5304 refert,
735 5242 938 5312 quibus
971 5241 1238 5296 declarari
1270 5240 1547 5305 ostendat,
1574 5257 1739 5312 quam
1769 5253 1922 5312 vanae
1943 5243 2090 5312 jam-

511 5319 626 5364 tum
654 5310 838 5382 essent
865 5310 1244 5382 Egyptiorum
1283 5320 1449 5376 artes,
1473 5310 1750 5380 quamque
1783 5310 1971 5367 futiles
2001 5311 2088 5382 fu-

510 5389 649 5434 tura:
695 5381 889 5436 deinde
943 5379 1139 5436 essent
1193 5379 1504 5436 Graacorum
1555 5379 1954 5437 contentiones.
2001 5381 2090 5434 Ἐν

507 5451 686 5522 τούτῳ
723 5451 801 5522 δὲ,
838 5452 1034 5520 inquit,
1062 5451 1142 5520 τῷ
1177 5450 1375 5522 βιϐλίῳ
1393 5452 1657 5522 περὶτῆς
1677 5451 1928 5522 φυσικῆς
1949 5451 2082 5504 θεω-

509 5520 980 5592 ρίαςςφιλοσοφῶν
1035 5520 1307 5590 φαίνεται.
1339 5520 1753 5592 ’Ἐπειδηγάρ
1795 5520 2087 5592 Αἰγύπτιοι

511 5589 610 5663 μὲν
641 5589 1028 5663 εφαντάζοντο,
1050 5589 1322 5663 ’Έλληνες
1367 5593 1425 5646 δὲ
1447 5589 1672 5663 ἔμελλον
1702 5589 1832 5663 περὶ
1878 5591 2086 5663 τούτων

509 5657 830 5730 μυθολογεῖν
848 5678 875 5732 γ’
903 5661 992 5714 διά
1047 5663 1204 5714 τοῦτο
1221 5657 1384 5725 ὀὗτος
1429 5657 1704 5732 [Ινεύματι
1735 5657 1876 5732 ἁγίῳ
1906 5661 2088 5715 κινού-

541 5745 693 5793 ιενος,
749 5731 911 5784 παύει
962 5733 1059 5801 μὲν
1093 5735 1219 5794 τοὺς
1265 5731 1684 5802 ἐπιχειροῦντας
1715 5731 2086 5802 περὶτούτων

541 5803 713 5872 ητεῖν,
748 5803 973 5871 φάσκων
995 5817 1007 5831 °
1038 5804 1119 5856 Οὐ
1149 5801 1480 5870 δυνήσεται
1531 5801 1846 5872 ἄνθρωπὸς
1866 5802 1975 5857 τοῦ
1995 5803 2085 5858 st)-

2205 4601 2268 4654 τὺ
2301 4600 2516 4664 σκότος,
2557 4599 2696 4668 φῶς,
2737 4601 2832 4654 καὶ
2871 4599 2936 4652 τὸ
2987 4599 3122 4670 96¢,
3157 4603 3380 4668 σκότος·
3433 4607 3528 4660 καὶ
3566 4605 3750 4674 λέγουσι

2203 4691 2266 4745 τὺ
2290 4691 2486 4761 γλυκὺ,
2519 4691 2738 4763 πικρὸν,
2766 4693 2950 4746 καὶτὸ
2990 4693 3208 4764 πικρὸν,
3244 4695 3442 4765 γλυκὺ,
3491 4697 3636 4769 πσρά
3673 4694 3750 4765 τὴν

2205 4785 2496 4855 εἰσήγησιν
2523 4783 2624 4853 τῆς
2672 4782 2824 4848 θείας
2865 4783 3116 4855 Γραφῆς.
3155 4786 3340 4860 Ὅπερ
3385 4774 3750 4860 παρεμφαίνων

2205 4877 2236 4928 ό
2265 4875 2428 4945 σοφὸς
2457 4875 2911 4946 Ἐκκλησιαστὴς,
2941 4875 3165 4946 ἀμέσως
3193 4880 3447 4950 ἐπήγαγε
3472 4879 3564 4934 καί
3588 4893 3746 4950 φησιν’

2182 5104 2319 5182 pair
2345 5105 2415 5182 τὸ
2445 5089 2674 5182 ποίημα
2704 5107 2794 5182 τὸ,
2816 5119 3228 5182 πεποιημένον
3263 5114 3384 5170 ὑπὸ
3435 5113 3542 5168 τὸν
3573 5111 3741 5180 ἣλιον.

2189 5173 2416 5252 deradat
2427 5173 2712 5252 μοχθῆσῃ
2736 5173 3068 5252 Δᾆνθρωειτόξ-
3099 5183 3206 5238 τοῦ
3245 5181 3493 5252 (inﬂuat
3509 5223 3524 5247 ,
3549 5173 3742 5248 καὶούχ

2187 5243 2462 5328 ξὺρήξῖερ.
2489 5243 2544 5304 Id
2569 5243 2707 5328 est,"
2726 5249 2840 5328 Hoc
2863 5243 3132 5328 aquam
3152 5243 3305 5328 libro.
3321 5243 3394 5308 De
3419 5243 3619 5328 natura:
3637 5243 3742 5328 con}:

2189 5317 2530 5408 temptatione
2559 5319 2938 5408 philosophari
2953 5325 3194 5408 ridetur.
3211 5323 3346 5380 Cum
3375 5325 3518 5408 enin}
3537 5320 3741 5408 Ερςριίί

2190 5395 2300 5450 iam
2330 5395 2644 5459 opinionum
2676 5395 2988 5448 commentis
3024 5395 3194 5449 dediti
3229 5405 3424 5461 essent,
3453 5395 3741 5450 ιζνωεὶὐετο

2190 5455 2360 5531 multa
2411 5457 2475 5513 de
2533 5461 2615 5513 his
2670 5461 2970 5531 fabulaturi
3000 5474 3174 5520 essent
3193 5483 3213 5531 ;
3243 5467 3441 5520 idcirco
3474 5465 3642 5518 divino
3671 5459 3740 5514 ἱίίε

2190 5473 2360 5510 muua
2411 5473 2475 5513 ae
2533 5473 2615 5513 ms
2670 5473 2969 5531 [abutaturi
3000 5474 3174 5520 essent
3193 5483 3213 5531 ;
3243 5473 3441 5520 idcirco
3474 5473 3642 5518 divino
3671 5473 3737 5514 tua

2195 5527 2406 5594 Spiritu
2441 5531 2742 5616 impulsus.
2776 5535 2958 5616 qui‘t‘ie
2978 5537 3096 5590 istis
3128 5537 3392 5616 inquirere
3437 5541 3737 5616 conarentur,

2193 5601 2477 5666 compescit
2512 5601 2994 5684 _inq_uien§':.Non
3057 5601 3258 5676 poterit
3313 5607 3477 5662 homo
3530 5601 3738 5684 invenire

2193 5681 2354 5734 opus,
2383 5669 2530 5795 quod
2555 5669 2660 5726 sub
2693 5674 2811 5754 sole
2845 5669 3161 5756 factum'est
3186 5695 3199 5732 :
3235 5693 3334 5759 nec
3359 5675 3737 5748 quamvisquw

2194 5737 2367 5796 rendo
2409 5750 2670 5812 augetur,
2703 5754 2965 5802 inveniet.
3001 5747 3260 5820 (Synops.
3286 5749 3379 5805 ltb.
3410 5757 3523 5819 xv.)
