3992 6452
327 511 458 581 1077

1332 515 1426 576 IN
1459 513 2052 578 ECCLESIASTEN.
2093 545 2160 554 —
2199 519 2349 580 LIB.
2393 520 2568 582 VIII.

3449 479 3616 585 1078.

323 629 479 699 σοφία
497 627 557 678 ὲν
587 622 710 695 ᾅδῃ,
741 624 874 676 ὅπου
905 625 968 679 σὺ
995 625 1236 698 πορεύσῃ
1269 626 1414 680 ἐκεῖ·
1449 646 1466 678 ι
1504 628 1605 697 οὐχ
1644 628 1719 691 ῶς
1763 630 1906 682 ἀπο-

2040 629 2249 698 nferno,
2275 647 2387 701 quo
2435 641 2492 687 tu
2539 632 2704 688 iades
2739 631 2902 698 illuc;
2961 651 2980 686 ι
3038 633 3185 688 baud
3225 634 3356 703 quia
3401 635 3591 691 anima

319 721 552 792 θεμένης
575 717 669 772 καὶ
699 716 978 780 παντελῶς
1005 719 1458 788 ἀποδαλλομένης
1480 721 1608 782 τοὺς
1630 719 1905 789 ἐμφύτους

320 812 616 883 λογισμοὺς
643 811 743 882 τῆς
770 811 952 882 ψυχῆς
978 813 1070 866 καὶ
1098 814 1198 884 τὴν
1220 812 1452 886 οὐσιὼδη
1475 813 1679 882 γνῶσίν
1713 831 1774 867 τε
1812 813 1907 868 καὶ

323 907 532 976 σοφίαν,
583 902 699 957 ἀλλ’
733 903 810 967 ὡς
835 903 1090 975 οὐδαμῶς
1119 904 1424 976 δυναμένης
1467 905 1606 975 μετά
1641 905 1740 974 τὴν
1771 907 1910 960 ἀπο-

323 997 634 1067 δίωσιψτὴν
671 996 906 1051 ἐνταῦθα
931 996 1320 1067 ἐξομολόγησιν
1355 997 1631 1050 ποιεῖσθαι
1663 996 1773 1050 τῶν
1801 990 1908 1050 ὧν·

324 1109 428 1161 περ
452 1089 592 1160 μετὰ
618 1088 714 1142 τοῦ
741 1088 996 1158 σώματος
1023 1088 1442 1160 ἐπλημμέλησε,
1473 1089 1566 1142 καὶ
1585 1089 1685 1158 τὴν
1708 1089 1910 1143 ὲπανά·

323 1183 480 1254 ληψιν
525 1183 634 1235 τῶν
684 1181 1017 1252 κρειττόνων
1061 1181 1162 1232 καὶ
1213 1181 1629 1251 συμφερόντων.
1679 1176 1754 1234 Τὸ
1799 1182 1909 1252 γὰρ

331 1270 740 1345 συναμφότερόν
765 1275 916 1326 ἐστιν
938 1273 967 1324 ὁ
995 1271 1304 1343 ἄνθρωπος,
1332 1273 1366 1342 ἠ
1394 1271 1542 1344 ψυχὴ
1583 1271 1788 1344 δηλαδὴ
1819 1275 1911 1326 καὶ

327 1369 384 1420 τὸ
411 1367 592 1435 σῶμα,
626 1365 721 1418 καὶ
748 1366 856 1418 πᾶν
889 1364 1228 1435 κατόρθωμα
1277 1363 1374 1418 καὶ
1417 1363 1798 1435 πλημμέλημα
1825 1365 1912 1418 διὰ

325 1459 432 1512 τῶν
461 1457 789 1528 ἀμφοτέρων
831 1455 1070 1509 ἐνταῦθα
1117 1455 1445 1526 γινομένων,
1493 1457 1624 1524 παρ’
1647 1455 1912 1525 ἑκατέρου

331 1551 422 1602 καὶ
471 1549 572 1618 τὴν
622 1546 768 1600 ἴασιν
800 1545 1052 1616 δέχεσθαι
1100 1545 1341 1610 πέφυκε.
1379 1544 1499 1598 Κᾶν
1539 1542 1667 1615 δόξῃ
1726 1543 1782 1597 δέ
1828 1559 1914 1605 τις

331 1639 698 1710 προϐαλέσθαι
740 1638 839 1698 τὰς
889 1636 1109 1700 ἀσεϐεῖς
1155 1635 1252 1689 καὶ
1284 1635 1530 1705 πονηρὰς
1561 1635 1912 1705 ἐνθυμήσεις,

325 1732 401 1794 ὡς
433 1731 519 1784 διὰ
551 1730 714 1801 μόνον
745 1728 1096 1800 ἐνεργεῖσθαι
1124 1727 1232 1781 τῶν
1249 1725 1486 1796 λογικῶν
1507 1726 1791 1796 δυνάμεων
1819 1727 1916 1794 τῆς

324 1824 526 1894 ψυχῆς,
573 1822 840 1892 μηδαμῶς
880 1819 1359 1881 ὲπικοινωνοῦντος
1387 1817 1482 1872 τοῦ
1528 1817 1798 1888 σώματος,
1841 1819 1917 1883 ὡς

331 1916 404 1987 μή
439 1932 524 1968 πω
553 1913 690 1983 πρὸς
720 1910 923 1984 πρᾶξιν
938 1909 1306 1984 ὲκδεὸηκυίας
1331 1927 1344 1942 ο
1372 1909 1487 1963 ἀλλ’
1512 1906 1605 1964 οὖν
1631 1911 1918 1980 συνεζευγ-

331 2006 468 2078 μένη
495 2004 572 2074 τῷ
617 2003 854 2074 σώματι,
887 2003 976 2057 διὰ
1003 2006 1103 2074 τῆς
1153 2005 1273 2074 μετ’
1301 2002 1470 2056 αὐτοῦ
1499 2003 1795 2072 συναφείας
1825 2005 1920 2056 καὶ

327 2097 536 2158 ταύτας
568 2095 857 2163 ὠδίνησεν.

398 2187 514 2242 Οὐκ
567 2185 716 2238 ἐστιν
743 2183 860 2248 οὖν,
893 2203 912 2236 ι
932 2184 990 2238 ὲν
1050 2182 1130 2254 τῷ
1156 2182 1256 2254 ᾅδῃ
1294 2181 1455 2252 σοφία
1481 2183 1575 2236 καὶ
1604 2183 1804 2252 γνῶσις
1827 2185 1922 2239 καί⁵

327 2277 610 2349 λογισμὸς,
660 2277 796 2331 ὅπου
844 2276 909 2330 σὺ
957 2276 1200 2346 πορεύσῃ
1249 2276 1386 2337 ἐκεῖ,
1420 2297 1438 2326 ι
1488 2275 1732 2346 δηλονότι
1783 2276 1922 2348 πρὸς

331 2373 717 2445 ἑπανόρθωσιν
763 2373 858 2426 xui.
905 2371 1212 2440 βελτίωσιν.
1269 2370 1378 2424 Καὶ
1433 2370 1524 2425 διὰ
1568 2371 1728 2424 τοῦτο
1778 2388 1924 2442 παρ-

333 2471 602 2540 εγγυᾶται
646 2468 814 2538 μηδὲν
847 2465 955 2519 τῶν
985 2464 1284 2520 λυσιτελῶν
1317 2465 1413 2520 καὶ
1441 2465 1619 2536 ψυχῆς
1642 2467 1926 2520 σωστικῶν

339 2565 399 2614 ὲν
451 2561 528 2632 τῷ
593 2561 826 2632 παρόντι
889 2559 988 2630 βίῳ
1048 2559 1426 2632 παραϐλέπειν
1487 2560 1580 2614 καὶ
1642 2561 1923 2632 παρορᾷν,

338 2651 478 2706 ἀλλὰ
519 2651 669 2723 πάσῃ
721 2649 947 2720 δυνάμει
989 2649 1354 2723 καρπαλίμως
1391 2649 1585 2702 ποιεῖν.
1633 2645 1767 2702 Εἶτά
1818 2667 1924 2722 φης

338 2762 461 2811 σιν..
493 2766 500 2776 .
578 2770 584 2775 .

2010 721 2250 790 deponat
2288 732 2344 777 et
2386 724 2616 778 omnino
2651 733 2817 778 exuat
2856 723 3050 779 insitas
3093 724 3460 794 cogitationes
3497 737 3594 783 aut

2008 813 2382 883 cognitionem
2418 825 2473 868 et
2501 815 2842 884 sapientiam
2863 824 3075 870 natura).
3117 817 3397 886 propriam
3423 859 3438 884 ,
3493 817 3591 872 sed

2010 907 2194 976 quod,
2248 917 2542 978 postquam
2587 909 2714 964 hinc
2757 923 2788 963 e
2827 909 2937 963 vita
2975 910 3256 974 excessit,
3313 923 3423 964 non
3478 911 3592 978 jam

2009 1011 2200 1050 eorum
2230 1013 2352 1068 quae
2391 1013 2517 1054 cum
2559 1011 2790 1068 corpore
2823 999 3079 1065 admisit,
3129 1000 3424 1054 criminum
3465 1015 3599 1055 con-
3705 1032 3720 1038 -

2012 1087 2309 1143 fessionem
2344 1104 2604 1160 peragere
2643 1091 2974 1158 possit,-nec
2994 1102 3052 1146 se
3082 1091 3160 1145 ad'
3175 1093 3404 1147 honesta
3431 1103 3598 1161 atque

2011 1179 2166 1234 utilia
2191 1179 2420 1236 rel'erre.
2463 1180 2559 1235 Est
2609 1181 2754 1235 enim
2800 1182 2965 1236 homo
3007 1190 3303 1252 utrumque
3333 1184 3598 1250 cunjunc-

2013 1281 2150 1334 tum,
2178 1271 2364 1325 anima
2409 1272 2622 1326 scilicet
2665 1280 2832 1341 atque
2874 1287 3114 1342 corpus,
3167 1281 3381 1328 etcum
3435 1289 3599 1330 omne

2014 1361 2228 1417 facinus
2259 1378 2324 1418 ac
2356 1363 2556 1428 scelus,
2590 1363 2843 1418 dum'hic
2877 1357 3240 1434 agssimul'
3267 1366 3493 1434 degunt,
3530 1367 3600 1420 ab

2013 1464 2248 1524 utroque
2280 1454 2374 1520 sit,
2403 1446 2856 1524 utrumque'item
2902 1457 3207 1510 sanitatcm'
3235 1457 3475 1526 recipere
3507 1473 3600 1512 ne-

2013 1561 2166 1602 cesse
2195 1555 2300 1602 est.
2326 1543 2442 1601 Nisi
2470 1547 2616 1616 quod
2641 1546 2980 1616 objiciendus
3001 1549 3124 1616 quis
3149 1557 3374 1602 censeat
3401 1549 3599 1618 impias

2016 1640 2303 1710 malasque
2336 1639 2699 1708 cngitationes
2721 1677 2735 1703 ,
2763 1641 2910 1694 velut
2949 1655 3072 1709 quae
3111 1639 3246 1694 solis
3293 1641 3494 1696 animus
3521 1643 3602 1695 fa-

2018 1731 2312 1786 cultatibus
2387 1731 2747 1800 perﬁciantur
2780 1771 2796 1796 ,
2847 1732 2937 1788 cui
2983 1733 3132 1786 nulla
3197 1746 3320 1786 cum
3372 1746 3606 1804 corpore

2017 1825 2335 1878 communio
2365 1827 2486 1878 tum’
2521 1823 2614 1888 sit,
2669 1824 2816 1894 quod
2866 1826 2932 1879 ad
2971 1823 3186 1880 facinus
3229 1825 3409 1894 ipsum
3463 1842 3604 1882 non-

2018 1919 2148 1973 dum
2178 1916 2505 1988 pervenerit.
2541 1915 2742 1972 Verum
2775 1918 2917 1987 quia'
2936 1917 3150 1987 corpori
3179 1917 3474 1987 conjuncta
3495 1928 3602 1982 est,

2017 2026 2113 2066 eas
2153 2024 2372 2080 quoque
2418 2023 2528 2065 non
2569 2010 2692 2066 sine
2740 2009 2989 2080 ejusdem
3047 2009 3381 2066 commercio
3437 2023 3604 2080 pepe-

2019 2103 2090 2157 rit
2118 2100 2253 2172 (ιδ).
2970 2156 2974 2162 ,

2087 2191 2208 2247 Non
2235 2201 2322 2248 est
2369 2191 2533 2263 igitur
2571 2211 2591 2244 ι
2627 2192 2680 2246 in
2711 2190 2927 2246 inferno
2957 2194 3244 2262 sapientia,
3274 2203 3328 2249 et
3349 2193 3602 2256 scientia,
3635 2182 3644 2193 ’

2018 2293 2074 2340 et
2097 2285 2374 2356 cogitatio,
2397 2299 2506 2354 quo
2528 2290 2586 2338 tu
2605 2283 2767 2340 vades
2791 2283 2941 2350 illuc,
2979 2304 2997 2336 ι
3033 2285 3084 2339 id
3102 2295 3184 2343 est
3200 2285 3266 2340 ad
3299 2285 3604 2341 correctio-

2022 2391 2144 2432 nem
2186 2385 2350 2445 atque
2380 2373 2716 2444 profectum,
2769 2389 2836 2430 ac
2874 2384 3161 2445 propterea
3215 2375 3468 2431 hortatur
3521 2385 3604 2440 ut,

2024 2485 2081 2524 re
2105 2468 2256 2522 nulla
2287 2483 2410 2538 quae
2433 2467 2584 2525 utilis
2612 2475 2666 2522 et
2691 2460 2948 2522 salutaris
2977 2468 3174 2522 animae
3204 2467 3311 2533 sit,
3363 2467 3494 2523 dum
3527 2469 3608 2522 vi-

2025 2562 2225 2624 vimus,
2259 2561 2506 2630 neglecta
2542 2569 2637 2614 aut
2673 2567 3014 2630 contempta,
3046 2559 3179 2614 illud
3211 2570 3423 2615 mature
3443 2568 3608 2630 atque

2021 2653 2170 2710 omni
2201 2652 2550 2709 contentione
2583 2665 2894 2722 urgeamus.
2934 2653 3096 2708 Addit
3123 2652 3352 2710 deinde:

1913 2881 2056 2948 ᾗΙΧ.

425 3017 826 3090 Ἐπέστρεψω
861 3022 962 3077 καὶ
1007 3020 1174 3078 εἶδον
1208 3023 1323 3076 {me
1365 3023 1468 3076 τὸν
1509 3021 1705 3089 ἣλιον,
1739 3023 1828 3077 ὅτι
1854 3025 1924 3078 οὐ

338 3115 471 3180 τοῖς
511 3114 762 3183 κούφοις
799 3117 831 3168 ὀ
865 3113 1107 3184 δρόμος,
1148 3114 1246 3166 καὶ
1299 3115 1370 3167 οὐ
1413 3116 1538 3180 τοῖς
1565 3113 1848 3180 δυνατοῖς
1894 3117 1927 3169 ό

337 3209 631 3276 πόλεμος.
663 3207 766 3260 καί
792 3223 859 3275 γε
893 3209 965 3261 οὐ
1005 3205 1086 3272 τῷ
1124 3203 1296 3274 σοφῷ
1335 3209 1368 3259 ό
1394 3205 1607 3275 ἄρτος·
1637 3209 1740 3260 καί
1761 3223 1827 3277 γε
1855 3209 1926 3262 οὐ

2106 3022 2274 3080 Vens.
2318 3026 2406 3080 12.
2461 3023 2708 3080 Conuerti
2750 3041 2865 3087 me,
2905 3033 2957 3077 et
2991 3023 3100 3076 vidi
3133 3021 3228 3076 sub
3287 3023 3430 3087 sole,
3481 3038 3614 3091 quo-

2035 3117 2181 3170 niam
2211 3128 2419 3174 nonest
2446 3116 2706 3172 velocibus
2732 3133 2944 3178 cursus,
2993 3131 3083 3170 nec
3129 3115 3430 3185 potentibus
3474 3132 3617 3186 prte-

2016 3211 2190 3274 -lium,
2226 3227 2318 3265 nec
2343 3211 2556 3282 quidem
2581 3209 2806 3280 sapienti
2829 3210 2986 3279 panis
3009 3250 3025 3276 ,
3053 3225 3144 3263 nec
3176 3207 3390 3279 quidem
3417 3207 3618 3262 intelli-

337 3297 470 3364 τοῖς
491 3295 774 3362 συνετοῖς
794 3297 1080 3364 πλοῦτος,
1113 3298 1214 3351 καί
1243 3315 1310 3368 τε
1339 3300 1410 3352 οὐ
1444 3298 1568 3364 τοῖς
1601 3297 1926 3367 γινώσκου·

2040 3305 2274 3374 gentibus
2301 3303 2520 3366 diuitiae,
2553 3319 2646 3356 nec
2677 3301 2889 3372 quidem
2921 3301 3210 3356 scientibus
3261 3301 3460 3372 gfutia,
3485 3317 3618 3370 quo-

337 3407 408 3446 σι
447 3389 620 3460 χάρις
643 3407 655 3420 ·
698 3390 787 3442 ὅτι
817 3389 1026 3458 καιρὸς
1062 3389 1160 3444 καί
1194 3389 1520 3459 ἀπάντημα
1545 3389 1927 3460 συναντήσει

341 3499 444 3537 ται
468 3481 590 3548 τοῖς
615 3480 808 3538 πᾶσιν
827 3481 1055 3548 αὐτοῖς.
1079 3483 1207 3537 "Ott
1242 3485 1354 3537 οὐκ
1387 3481 1543 3552 ἔγνω
1566 3486 1599 3538 ό
1621 3483 1934 3553 ἄνθρωπος

338 3569 456 3626 τὸν
482 3570 692 3640 καιρὸν
723 3571 930 3626 αὑτοῦ.
976 3571 1073 3638 Ὡς
1105 3575 1161 3626 οὶ
1199 3573 1402 3642 ἰχθύες
1453 3575 1509 3627 οἱ
1547 3576 1935 3644 θηρευόμενοι

337 3667 417 3720 ἐν
443 3663 876 3734 ἀμφιϐλήστρῳ
907 3664 1093 3731 κακῷ,
1131 3665 1228 3719 καὶ
1269 3665 1352 3731 ὡς
1377 3665 1557 3733 ὄρνεα
1588 3667 1661 3720 τὰ
1685 3667 1935 3736 θηρευόο

339 3775 498 3828 pera
542 3759 613 3811 ἐν
650 3757 878 3826 uariat,
910 3758 990 3825 ὡς
1039 3759 1193 3813 αὐτὰ
1245 3759 1670 3828 παγιδεύονται
1715 3762 1770 3813 οἱ
1817 3759 1938 3814 υἱοὶ

349 3849 460 3904 τοῦ
506 3851 824 3918 ἀνθρώπου
878 3850 948 3904 ἐν
978 3850 1160 3920 καιρῷ
1196 3849 1460 3920 πονηρῷ,
1494 3851 1641 3906 ὅταν
1676 3850 1938 3924 ἐπιπέσῃ

346 3942 447 3996 ἐπ’
471 3943 696 4009 αὐτοὺς
724 3942 915 4012 ἄφνω.

423 4033 596 4087 Πόθεν
617 4034 945 4103 ἐπιπρέψαι
966 4033 1133 4104 φησιν
1151 4033 1272 4099 ςἘκ
1288 4033 1400 4087 τῶν
1425 4033 1941 4104 περιστοιχιζουσῶν

343 4126 522 4184 αὑτὸν
554 4125 854 4196 φροντίδων
880 4125 978 4180 καὶ
1005 4125 1288 4197 μεριμνῶν
1319 4125 1533 4180 πολλῶν
1562 4125 1658 4179 καὶ
1692 4125 1945 4179 παντοδα-

349 4221 497 4286 πῶν,
525 4219 600 4283 ὡς
629 4217 857 4290 βασιλέα
887 4219 982 4272 καὶ
1003 4219 1198 4288 κριτὴν
1228 4220 1325 4272 καὶ
1349 4217 1694 4287 κυϐερνήτην
1721 4217 1822 4287 τῆς
1853 4219 1946 4285 έγ-

350 4311 785 4383 κεχειρισμένης
833 4309 988 4380 αὐτῷ
1045 4308 1232 4363 θεόθεν
1289 4307 1533 4380 μεγάλης
1579 4307 1806 4370 ὁλκάδος
1848 4307 1944 4361 τοῦ

349 4401 766 4473 δυσαριθμήτου
798 4400 1040 4472 πλήθους
1066 4401 1174 4454 τῶν
1218 4399 1600 4472 Ἰσραηλιτῶν.
1637 4399 1801 4462 Εἰκὸς
1837 4398 1946 4470 γάρ

347 4489 428 4564 ἢν
469 4491 619 4563 αὑτῷ
665 4494 786 4556 ταῖς
817 4491 1228 4562 ἀναφυομέναις
1259 4490 1618 4562 ἀσχολεῖσθαι
1647 4490 1947 4560 διοικήσεσι

349 4586 462 4656 τῆς
493 4585 779 4656 βασιλικῆς
822 4583 1188 4656 προμηθείας.
1231 4583 1515 4638 Ἐντεῦθεν
1559 4579 1653 4638 οὖν
1691 4583 1948 4654 ἐπιστρέ-

2035 3396 2180 3450 uiam
2203 3403 2402 3463 tempus
2440 3405 2490 3448 et
2517 3402 2728 3448 eventus
2756 3401 2996 3448 occurret
3028 3391 3277 3446 omnibus
3305 3391 3438 3446 illis.
3471 3389 3618 3455 Quia

2035 3487 2198 3542 nescit
2229 3486 2382 3540 homo
2415 3495 2617 3552 tempus
2656 3501 2832 3542 suum.
2875 3485 3044 3550 Quasi
3078 3485 3272 3554 pisces,
3310 3484 3401 3554 qui
3435 3493 3620 3538 tenen-

2037 3589 2126 3633 tur
2153 3579 2210 3632 in
2239 3577 2498 3632 retiaculo
2524 3577 2687 3640 malo,
2709 3584 2758 3630 et
2802 3577 2938 3630 sicut
2971 3577 3224 3640 volucres,
3261 3589 3380 3644 quae
3403 3575 3616 3642 capiun-

2039 3682 2126 3725 tur
2179 3672 2233 3725 in
2275 3669 2504 3740 laqueo:
2535 3669 2671 3723 sicut
2723 3684 2785 3722 ea
2829 3667 3197 3736 illaqucautur
3243 3667 3346 3736 ﬁlii
3391 3665 3621 3720 hominis

2040 3765 2092 3818 in
2149 3771 2378 3831 tempore
2429 3760 2617 3826 malo,
2680 3775 2798 3814 cum
2834 3757 3080 3815 ceciderit
3121 3774 3279 3826 super
3337 3759 3476 3826 ipsos
3539 3773 3618 3811 suo

2042 3853 2150 3906 bito
2185 3851 2319 3922 (ιι),

2115 4029 2271 4086 Unde
2309 4030 2526 4086 tandem
2557 4043 2616 4085 sc
2643 4043 2967 4084 conversum
3011 4027 3126 4080 ait?
3153 4025 3198 4080 A
3220 4025 3370 4080 curis
3408 4039 3621 4092 nempe,

2045 4125 2246 4194 quibus
2289 4123 2693 4192 circumseptus
2727 4127 2883 4185 erat,
2925 4120 3271 4190 negotiisque
3325 4119 3514 4173 multis
3561 4134 3628 4174 ac

2045 4216 2250 4281 variis;
2292 4215 2492 4285 quippe
2519 4214 2612 4285 qui
2638 4227 2733 4268 rex
2769 4225 2824 4267 et
2858 4211 3024 4280 judex
3067 4222 3122 4266 et
3155 4217 3338 4265 rector
3365 4211 3628 4265 creditam

2049 4310 2153 4366 sibi
2194 4307 2462 4364 divinitus
2501 4304 2757 4361 immensi
2805 4302 3180 4360 Israelitarum
3219 4303 3408 4372 populi
3445 4304 3629 4356 navim

2049 4399 2462 4456 moderabatur.
2500 4396 2638 4452 Eum
2668 4396 2816 4451 enim
2861 4394 3244 4450 oborientibus
3289 4393 3450 4462 regiae
3505 4409 3632 4462 pro-

2050 4493 2302 4550 videntiae
2325 4491 2476 4548 curis
2505 4488 2754 4545 distineri
2779 4487 3087 4558 oportebat.
3119 4486 3256 4541 llinc
3292 4485 3458 4556 igitur
3503 4502 3634 4540 cou-

2052 4601 2266 4652 versus,
2303 4583 2504 4656 inquit,
2555 4581 2672 4637 sive
2717 4581 3072 4652 praesentium
3131 4587 3296 4648 atque
3339 4593 3636 4634 occurren-

352 4679 492 4748 ψας,
524 4677 709 4748 φησὶν,
738 4679 859 4732 ἀντὶ
881 4676 1401 4748 τοῦ,προκειμένων
1425 4677 1520 4730 καὶ
1548 4675 1931 4748 προσδλεπομέ

2055 4679 2191 4734 ιὶιιηι
2221 4692 2403 4732 rerum
2442 4673 2805 4744 occupatione
2835 4671 3168 4742 posthabita,
3211 4670 3279 4724 ad
3317 4670 3393 4754 rei
3428 4685 3636 4740 pl'Opo-

359 4786 475 4823 νων
506 4769 850 4840 πραγμάτων
879 4771 978 4842 τὴν
1009 4769 1268 4840 ἀσχολίαν
1301 4768 1640 4833 καταλιπὼν,
1665 4768 1950 4822 ἀνθειλκυ-

359 4879 437 4915 σα
497 4861 633 4931 πρὸς
686 4859 786 4932 τὴν
834 4860 1207 4932 προκειμένην
1250 4859 1486 4931 θεωρίαν
1529 4860 1622 4913 τὸν
1663 4859 1808 4923 νοῦν,
1855 4858 1952 4912 καὶ

355 4949 529 5013 εἶδον,
549 4951 794 5020 δηλονότι
821 4952 937 5014 τοῖς
969 4951 1175 5020 νοεροῐς
1203 4948 1524 5019 ὀφθαλμοῖς,
1541 4947 1618 5011 ὡς
1645 4947 1764 5018 οὐχὶ
1791 4949 1898 5010 πᾶς
1925 4950 1954 5001 δ

355 5041 652 5114 χρώμενος
697 5041 1006 5105 ῶκυτάτοις
1037 5043 1187 5107 ποσὶ,
1221 5041 1318 5096 καὶ
1367 5042 1502 5112 πρὸς
1551 5041 1804 5113 σύντονον
1859 5039 1952 5093 καὶ

356 5134 716 5204 κουφοτὰτην
738 5135 966 5205 πορείαν
987 5133 1130 5202 ἄγαν
1163 5132 1378 5204 εὐφυῶς
1401 5133 1560 5203 έχων,
1592 5132 1693 5202 τῆς
1713 5131 1870 5202 νίκης
1892 5131 1955 5185 τὸ

361 5227 629 5302 βραϐεῖον
687 5226 983 5296 ἀπείληφε.
1037 5225 1310 5290 Πολλάκις
1361 5225 1472 5298 γὰρ
1533 5222 1953 5294 διολισθήσαςῆ

361 5316 786 5388 συμποδισθεὶς,
849 5315 1030 5388 ἥττων
1095 5316 1386 5389 ἀπεφάνθη
1455 5315 1564 5370 τῶν
1620 5314 1954 5370 ἀντιπάλων.

381 5408 529 5462 Ἀλλ’
572 5407 694 5462 οὐδὲ
729 5409 842 5472 τοῖς
873 5407 1280 5478 ἀλκιμωτάτοις
1319 5409 1347 5462 ὁ
1386 5406 1624 5476 πόλεμος
1657 5403 1956 5477 κατορθοῦ-

362 5497 506 5554 σθαι
541 5517 659 5563 πως
693 5501 940 5570 πέφυκε⁹
984 5499 1078 5553 καὶ
1113 5499 1213 5571 τὴν
1252 5499 1394 5554 κατά
1426 5499 1536 5553 τῶν
1563 5496 1824 5552 ἐναντίων
1863 5496 1958 5549 καὶ

358 5590 654 5662 ⁸πολεμίων
677 5593 710 5662 ἠ
736 5589 942 5661 φυσικὴ
967 5590 1255 5644 δυναστεία
1279 5591 1633 5662 ἐπικράτειαν
1664 5586 1961 5662 προεξένη-

449 5746 562 5809 (4⁸5)
614 5744 1068 5800 Ἐπανατέλλουσι
1099 5743 1228 5814 γὰρ,
1257 5743 1436 5814 inquit
1458 5742 1694 5814 Basilius
1722 5741 1798 5813 (in
1819 5741 1956 5814 psul.

362 5835 417 5876 ι.
449 5816 524 5883 1),
549 5815 801 5886 λογισμοὶ
833 5817 1062 5886 πονηροὶ
1108 5812 1190 5868 ἐκ
1216 5812 1350 5868 τῶν“
1379 5812 1568 5886 παθῶν
1619 5812 1738 5886 τῆς
1757 5812 1960 5886 σαρκὸς

359 5881 498 5948 ταῖς
551 5881 752 5956 ψυχαῖς
802 5881 992 5956 ἡμῶεῖ
1017 5886 1406 5956 ἐντικτόμενοι.
1456 5883 1508 5956 lt!
1541 5893 1626 5956 est
1652 5881 1960 5956 :VOriu'ntu‘r

360 5957 518 6014 enim
541 5953 718 6025 prem
762 5953 1112 6028 cogitationes
1139 5972 1166 6010 e
1213 5953 1390 6010 carnis
1422 5953 1721 6025 affectibus,
1763 5964 1808 6008 et
1842 5953 1960 6006 ani-

1819 6161 1842 6189 ο

2054 4772 2174 4828 sitm
2202 4766 2726 4834 contemplationem
2789 4764 3033 4819 animum
3088 4760 3334 4826 adduxi,
3405 4777 3472 4816 ae
3501 4761 3632 4827 vidi,

2053 4863 2254 4918 mentis
2278 4860 2469 4930 utique
2499 4856 2697 4922 oculis,
2729 4871 2838 4910 non
2868 4869 3318 4924 unumquemque
3343 4893 3359 4920 ,
3419 4855 3508 4909 cui
3545 4869 3638 4909 ve-

2057 4955 2322 5013 locissimi
2349 4953 2460 5010 sint
2485 4952 2672 5022 pedes,
2705 4957 2760 5004 et
2801 4949 3022 5003 habitus
3055 4947 3306 5016 corporis
3354 4947 3421 5002 ad
3458 4947 3640 5000 conci-

2055 5058 2229 5105 tatum
2278 5045 2671 5117 pernicemque
2721 5055 2946 5098 cursum
2992 5039 3312 5108 aptissimus
3339 5076 3354 5102 ,
3393 5037 3640 5093 victor-ite

2055 5145 2243 5200 laurea
2271 5140 2474 5212 potiri;
2501 5151 2646 5208 saepe
2671 5136 2818 5191 enim
2857 5135 3148 5206 prolapsus
3182 5142 3276 5186 aut
3321 5131 3638 5202 impeditus,

2058 5233 2220 5308 227
2244 5231 2473 5288 inferior
2507 5228 2838 5284 adversariis
2872 5235 2957 5287 est
2991 5224 3386 5290 renuntiatus;
3419 5224 3552 5293 quin
3588 5232 3643 5278 et

2058 5323 2464 5384 robustissimis
2492 5321 2804 5394 quibusque
2825 5333 2935 5372 non
2972 5320 3188 5386 semper
3217 5315 3422 5372 bellum
3449 5329 3642 5370 succe-

2059 5419 2190 5474 dere
2218 5431 2250 5472 e
2278 5412 2588 5478 sententia;
2632 5424 2732 5466 nec
2763 5417 2975 5463 naturae
3011 5407 3178 5470 vires,
3211 5404 3361 5461 vel'si
3397 5404 3643 5474 superio-

2059 5526 2150 5566 res
2188 5516 2395 5572 essent,
2427 5513 2622 5560 contra
2675 5503 2860 5556 hostes
2908 5506 3212 5570 pugnantes
3265 5512 3480 5566 semper
3546 5511 3641 5550 νὲιο

2063 5604 2251 5660 luisse.
2279 5596 2592 5670 Aliquando
2621 5594 2766 5650 enim
2801 5601 3049 5664 potentes
3085 5591 3156 5647 ab
3185 5589 3642 5646 imbecillioribus

2063 5741 2164 5793 mis
2201 5735 2398 5790 nostris
2437 5733 2836 5800 ingenerantur.

2139 5790 2252 5879 (ιιι
2281 5790 2719 5879 υί)ἰηβ.ἶζ...καί
2741 5813 2803 5866 γε
2830 5794 2888 5879 οὐ
2951 5795 3064 5878 τοῖς
3098 5790 3641 5879 σσφοζςρἀφςκς.

2061 5859 2768 5944 ὡςὶοιῧτῶςδποίγιδεύονταὶ
2820 5866 2875 5944 οἱ.
2923 5866 3029 5944 υἱοὶ
3059 5859 3184 5944 ’τοᾷ
3223 5859 3516 5944 ανθρώπου
3568 5859 3644 5922 εἰς

2066 5932 2256 6020 καιρὶν
2287 5932 2542 6017 πονηρδν,
2575 5943 2703 5996 ὅταν
2733 5935 2950 6010 ἐμπέσῃ
2983 5935 3071 5988 ἐπ’
3097 5933 3294 5996 αὐτοὺς
3330 5932 3504 6002 ἄφνω.
