  <div class='ocr_page' id='page_1' title='image "/cluster/home/n/w/nwhite01/storage/ocr_20150623/98/coo.31924054870021/550.png"; bbox 0 0 3992 6448; ppageno 0'>
   <div class='ocr_carea' id='block_1_1' title="bbox 291 504 422 575">
    <p class='ocr_par' dir='ltr' id='par_1_1' title="bbox 291 504 422 575">
     <span class='ocr_line' id='line_1_1' title="bbox 291 504 422 575; baseline 0.015 -2"><span class='ocrx_word' id='word_1_1' title='bbox 291 504 422 575; x_wconf 81' lang='grc'><strong>1081</strong></span> 
     </span>
    </p>
   </div>
   <div class='ocr_carea' id='block_1_2' title="bbox 1345 531 2462 606">
    <p class='ocr_par' dir='ltr' id='par_1_2' title="bbox 1345 531 2462 606">
     <span class='ocr_line' id='line_1_2' title="bbox 1345 531 2462 606; baseline 0.013 -14"><span class='ocrx_word' id='word_1_2' title='bbox 1345 531 1432 592; x_wconf 84' lang='grc' dir='ltr'><strong>ΙΝ</strong></span> <span class='ocrx_word' id='word_1_3' title='bbox 1463 533 2050 604; x_wconf 71' lang='lat' dir='ltr'><strong>ECCLESIASTEN.</strong></span> <span class='ocrx_word' id='word_1_4' title='bbox 2079 571 2144 582; x_wconf 90' lang='lat'><em>-</em></span> <span class='ocrx_word' id='word_1_5' title='bbox 2177 545 2324 605; x_wconf 76' lang='lat' dir='ltr'><strong>LIB.</strong></span> <span class='ocrx_word' id='word_1_6' title='bbox 2357 545 2462 606; x_wconf 75' lang='lat' dir='ltr'><strong>IX.</strong></span> 
     </span>
    </p>
   </div>
   <div class='ocr_carea' id='block_1_3' title="bbox 3429 533 3565 598">
    <p class='ocr_par' dir='ltr' id='par_1_3' title="bbox 3429 533 3565 598">
     <span class='ocr_line' id='line_1_3' title="bbox 3429 533 3565 598; baseline -0.022 0"><span class='ocrx_word' id='word_1_7' title='bbox 3429 533 3565 598; x_wconf 69' lang='lat'><strong>1082</strong></span> 
     </span>
    </p>
   </div>
   <div class='ocr_carea' id='block_1_4' title="bbox 286 615 1868 724">
    <p class='ocr_par' dir='ltr' id='par_1_4' title="bbox 286 615 1868 724">
     <span class='ocr_line' id='line_1_4' title="bbox 286 615 1868 724; baseline 0.022 -59"><span class='ocrx_word' id='word_1_8' title='bbox 286 615 822 724; x_wconf 44' lang='lat' dir='ltr'><strong>tjbgncu&#39;yxextbpqmt</strong></span> <span class='ocrx_word' id='word_1_9' title='bbox 845 622 1108 686; x_wconf 82' lang='grc' dir='ltr'>τάναντία</span> <span class='ocrx_word' id='word_1_10' title='bbox 1156 634 1416 702; x_wconf 81' lang='grc' dir='ltr'><strong>πολλάκις</strong></span> <span class='ocrx_word' id='word_1_11' title='bbox 1458 645 1570 706; x_wconf 86' lang='grc' dir='ltr'>τοῖς</span> <span class='ocrx_word' id='word_1_12' title='bbox 1600 646 1735 710; x_wconf 72' lang='grc' dir='ltr'>υἱοῖς</span> <span class='ocrx_word' id='word_1_13' title='bbox 1763 646 1868 699; x_wconf 79' lang='grc' dir='ltr'><strong>τῶν</strong></span> 
     </span>
    </p>
   </div>
   <div class='ocr_carea' id='block_1_5' title="bbox 1976 615 3564 724">
    <p class='ocr_par' dir='ltr' id='par_1_5' title="bbox 1981 647 3564 724">
     <span class='ocr_line' id='line_1_5' title="bbox 1981 647 3564 724; baseline -0.004 -20"><span class='ocrx_word' id='word_1_14' title='bbox 1981 651 2106 706; x_wconf 79' lang='lat' dir='ltr'><strong>filiis</strong></span> <span class='ocrx_word' id='word_1_15' title='bbox 2132 653 2412 708; x_wconf 83' lang='lat' dir='ltr'><strong>hominum</strong></span> <span class='ocrx_word' id='word_1_16' title='bbox 2465 669 2608 724; x_wconf 80' lang='lat' dir='ltr'><strong>saepe</strong></span> <span class='ocrx_word' id='word_1_17' title='bbox 2649 653 2929 709; x_wconf 87' lang='lat' dir='ltr'><strong>contraria</strong></span> <span class='ocrx_word' id='word_1_18' title='bbox 2979 652 3298 721; x_wconf 82' lang='lat' dir='ltr'><strong>contingere</strong></span> <span class='ocrx_word' id='word_1_19' title='bbox 3331 647 3564 718; x_wconf 86' lang='lat' dir='ltr'><strong>permit-</strong></span> 
     </span>
    </p>
   </div>
   <div class='ocr_carea' id='block_1_6' title="bbox 286 705 1874 806">
    <p class='ocr_par' dir='ltr' id='par_1_6' title="bbox 286 705 1874 806">
     <span class='ocr_line' id='line_1_6' title="bbox 286 705 1874 806; baseline 0.023 -50"><span class='ocrx_word' id='word_1_20' title='bbox 286 705 625 806; x_wconf 57' lang='grc' dir='ltr'>ανθρῶπων,</span> <span class='ocrx_word' id='word_1_21' title='bbox 653 713 742 769; x_wconf 80' lang='grc' dir='ltr'>ἵνα</span> <span class='ocrx_word' id='word_1_22' title='bbox 773 717 965 789; x_wconf 72' lang='grc' dir='ltr'>μηδεὶς</span> <span class='ocrx_word' id='word_1_23' title='bbox 992 723 1407 798; x_wconf 78' lang='grc' dir='ltr'><strong>ἐπερειδόμενος</strong></span> <span class='ocrx_word' id='word_1_24' title='bbox 1454 705 1562 786; x_wconf 68' lang='grc' dir='ltr'>και</span> <span class='ocrx_word' id='word_1_25' title='bbox 1580 705 1874 806; x_wconf 75' lang='grc' dir='ltr'>προσελπί-</span> 
     </span>
    </p>
   </div>
   <div class='ocr_carea' id='block_1_7' title="bbox 286 797 1874 895">
    <p class='ocr_par' dir='ltr' id='par_1_7' title="bbox 286 797 1874 895">
     <span class='ocr_line' id='line_1_7' title="bbox 286 797 1874 895; baseline 0.022 -47"><span class='ocrx_word' id='word_1_26' title='bbox 286 797 400 895; x_wconf 66' lang='grc' dir='ltr'>ζων</span> <span class='ocrx_word' id='word_1_27' title='bbox 433 799 484 895; x_wconf 61' lang='grc' dir='ltr'><strong>ἦΔ</strong></span> <span class='ocrx_word' id='word_1_28' title='bbox 499 803 620 866; x_wconf 82' lang='grc' dir='ltr'>ταῖς</span> <span class='ocrx_word' id='word_1_29' title='bbox 651 807 916 880; x_wconf 83' lang='grc' dir='ltr'>ταχύτησι</span> <span class='ocrx_word' id='word_1_30' title='bbox 944 812 1054 866; x_wconf 89' lang='grc' dir='ltr'><strong>τῶν</strong></span> <span class='ocrx_word' id='word_1_31' title='bbox 1083 797 1460 888; x_wconf 15' lang='grc' dir='ltr'>ίδίωνίποδῶν,</span> <span class='ocrx_word' id='word_1_32' title='bbox 1485 823 1517 895; x_wconf 87' lang='grc' dir='ltr'><strong>ῆ</strong></span> <span class='ocrx_word' id='word_1_33' title='bbox 1543 797 1662 888; x_wconf 67' lang='lat' dir='ltr'><strong>mi;</strong></span> <span class='ocrx_word' id='word_1_34' title='bbox 1687 827 1874 894; x_wconf 79' lang='grc' dir='ltr'>ἄλλαις</span> 
     </span>
    </p>
   </div>
   <div class='ocr_carea' id='block_1_8' title="bbox 281 891 1870 992">
    <p class='ocr_par' dir='ltr' id='par_1_8' title="bbox 281 891 1870 992">
     <span class='ocr_line' id='line_1_8' title="bbox 281 891 1870 992; baseline 0.026 -53"><span class='ocrx_word' id='word_1_35' title='bbox 281 891 415 992; x_wconf 48' lang='grc' dir='ltr'>τῶν.</span> <span class='ocrx_word' id='word_1_36' title='bbox 461 891 792 992; x_wconf 47' lang='grc' dir='ltr'>βραζιόνωιη</span> <span class='ocrx_word' id='word_1_37' title='bbox 863 901 895 972; x_wconf 80' lang='grc' dir='ltr'>ἢ</span> <span class='ocrx_word' id='word_1_38' title='bbox 967 907 1032 978; x_wconf 78' lang='grc' dir='ltr'>τῇ</span> <span class='ocrx_word' id='word_1_39' title='bbox 1070 912 1360 982; x_wconf 74' lang='grc' dir='ltr'><strong>περιουσίᾳ</strong></span> <span class='ocrx_word' id='word_1_40' title='bbox 1412 891 1516 984; x_wconf 71' lang='grc' dir='ltr'><strong>τῆς</strong></span> <span class='ocrx_word' id='word_1_41' title='bbox 1585 919 1778 986; x_wconf 72' lang='grc' dir='ltr'>σοφίας</span> 
     </span>
    </p>
   </div>
   <div class='ocr_carea' id='block_1_9' title="bbox 284 981 1874 1076">
    <p class='ocr_par' dir='ltr' id='par_1_9' title="bbox 284 981 1874 1076">
     <span class='ocr_line' id='line_1_9' title="bbox 284 981 1874 1076; baseline 0.021 -45"><span class='ocrx_word' id='word_1_42' title='bbox 284 981 561 1076; x_wconf 83' lang='grc' dir='ltr'>συνέσεως</span> <span class='ocrx_word' id='word_1_43' title='bbox 589 986 620 1057; x_wconf 81' lang='grc' dir='ltr'><strong>ἦ</strong></span> <span class='ocrx_word' id='word_1_44' title='bbox 647 989 926 1060; x_wconf 81' lang='grc' dir='ltr'>γνώσεως,</span> <span class='ocrx_word' id='word_1_45' title='bbox 960 995 1278 1073; x_wconf 81' lang='grc' dir='ltr'><strong>ὑπερόπτης</strong></span> <span class='ocrx_word' id='word_1_46' title='bbox 1299 981 1550 1076; x_wconf 80' lang='grc' dir='ltr'>εύρεθείη</span> <span class='ocrx_word' id='word_1_47' title='bbox 1582 981 1673 1061; x_wconf 54' lang='grc' dir='ltr'>καί</span> <span class='ocrx_word' id='word_1_48' title='bbox 1706 981 1874 1064; x_wconf 55' lang='lat' dir='ltr'><strong>nam;</strong></span> 
     </span>
    </p>
   </div>
   <div class='ocr_carea' id='block_1_10' title="bbox 282 1075 1873 1164">
    <p class='ocr_par' dir='ltr' id='par_1_10' title="bbox 282 1075 1873 1164">
     <span class='ocr_line' id='line_1_10' title="bbox 282 1075 1873 1164; baseline 0.021 -42"><span class='ocrx_word' id='word_1_49' title='bbox 282 1075 568 1146; x_wconf 72' lang='grc' dir='ltr'>φρονητὴς</span> <span class='ocrx_word' id='word_1_50' title='bbox 605 1079 700 1148; x_wconf 76' lang='grc' dir='ltr'>τῆς</span> <span class='ocrx_word' id='word_1_51' title='bbox 731 1084 871 1154; x_wconf 84' lang='grc' dir='ltr'>πρὸς</span> <span class='ocrx_word' id='word_1_52' title='bbox 903 1086 992 1139; x_wconf 85' lang='grc' dir='ltr'>τὸν</span> <span class='ocrx_word' id='word_1_53' title='bbox 1027 1087 1159 1145; x_wconf 71' lang='grc' dir='ltr'>ἴδιον</span> <span class='ocrx_word' id='word_1_54' title='bbox 1201 1075 1436 1164; x_wconf 78' lang='grc' dir='ltr'>ποιητὴν</span> <span class='ocrx_word' id='word_1_55' title='bbox 1478 1075 1573 1150; x_wconf 82' lang='grc' dir='ltr'><strong>καὶ</strong></span> <span class='ocrx_word' id='word_1_56' title='bbox 1604 1099 1736 1152; x_wconf 80' lang='grc' dir='ltr'>Θεὸν</span> <span class='ocrx_word' id='word_1_57' title='bbox 1781 1103 1873 1155; x_wconf 73' lang='grc' dir='ltr'><strong>καὶ</strong></span> 
     </span>
    </p>
   </div>
   <div class='ocr_carea' id='block_1_11' title="bbox 281 1165 1872 1262">
    <p class='ocr_par' dir='ltr' id='par_1_11' title="bbox 281 1165 1872 1262">
     <span class='ocr_line' id='line_1_11' title="bbox 281 1165 1872 1262; baseline 0.018 -44"><span class='ocrx_word' id='word_1_58' title='bbox 281 1165 568 1262; x_wconf 70' lang='grc' dir='ltr'>Δεσπότην</span> <span class='ocrx_word' id='word_1_59' title='bbox 600 1175 982 1242; x_wconf 87' lang='grc' dir='ltr'>προσνεύσεως</span> <span class='ocrx_word' id='word_1_60' title='bbox 1013 1180 1108 1234; x_wconf 80' lang='grc' dir='ltr'><strong>καὶ</strong></span> <span class='ocrx_word' id='word_1_61' title='bbox 1130 1184 1491 1254; x_wconf 85' lang='grc' dir='ltr'>προσεδρείας</span> <span class='ocrx_word' id='word_1_62' title='bbox 1511 1191 1608 1244; x_wconf 76' lang='grc' dir='ltr'><strong>καὶ</strong></span> <span class='ocrx_word' id='word_1_63' title='bbox 1637 1207 1872 1262; x_wconf 86' lang='grc' dir='ltr'>προσευ-</span> 
     </span>
    </p>
   </div>
   <div class='ocr_carea' id='block_1_12' title="bbox 284 1257 1871 1351">
    <p class='ocr_par' dir='ltr' id='par_1_12' title="bbox 284 1257 1871 1351">
     <span class='ocr_line' id='line_1_12' title="bbox 284 1257 1871 1351; baseline 0.019 -44"><span class='ocrx_word' id='word_1_64' title='bbox 284 1257 392 1351; x_wconf 66' lang='grc' dir='ltr'><strong>χῆς</strong></span> <span class='ocrx_word' id='word_1_65' title='bbox 418 1259 512 1312; x_wconf 80' lang='grc' dir='ltr'><strong>καὶ</strong></span> <span class='ocrx_word' id='word_1_66' title='bbox 545 1261 810 1332; x_wconf 81' lang='grc' dir='ltr'><strong>δεήσεως,</strong></span> <span class='ocrx_word' id='word_1_67' title='bbox 840 1268 977 1322; x_wconf 79' lang='grc' dir='ltr'>ἀλλὰ</span> <span class='ocrx_word' id='word_1_68' title='bbox 1009 1271 1218 1338; x_wconf 86' lang='grc' dir='ltr'>πάντες</span> <span class='ocrx_word' id='word_1_69' title='bbox 1266 1277 1354 1329; x_wconf 75' lang='grc' dir='ltr'><strong>ἐπ’</strong></span> <span class='ocrx_word' id='word_1_70' title='bbox 1389 1279 1551 1335; x_wconf 79' lang='grc' dir='ltr'>αὑτὸν</span> <span class='ocrx_word' id='word_1_71' title='bbox 1582 1257 1746 1351; x_wconf 77' lang='grc' dir='ltr'>ἔχωσι</span> <span class='ocrx_word' id='word_1_72' title='bbox 1772 1284 1871 1350; x_wconf 84' lang='grc' dir='ltr'>τὰς</span> 
     </span>
    </p>
   </div>
   <div class='ocr_carea' id='block_1_13' title="bbox 281 1350 1870 1444">
    <p class='ocr_par' dir='ltr' id='par_1_13' title="bbox 281 1350 1870 1444">
     <span class='ocr_line' id='line_1_13' title="bbox 281 1350 1870 1444; baseline 0.02 -45"><span class='ocrx_word' id='word_1_73' title='bbox 281 1350 532 1444; x_wconf 79' lang='grc' dir='ltr'>ἐλπίδας,</span> <span class='ocrx_word' id='word_1_74' title='bbox 565 1356 663 1408; x_wconf 75' lang='grc' dir='ltr'>καὶ</span> <span class='ocrx_word' id='word_1_75' title='bbox 686 1358 836 1428; x_wconf 81' lang='grc' dir='ltr'>παρὰ</span> <span class='ocrx_word' id='word_1_76' title='bbox 866 1362 966 1430; x_wconf 76' lang='grc' dir='ltr'>τῆς</span> <span class='ocrx_word' id='word_1_77' title='bbox 1000 1364 1428 1435; x_wconf 81' lang='grc' dir='ltr'>άγαϐοπρεποῦς</span> <span class='ocrx_word' id='word_1_78' title='bbox 1456 1350 1736 1431; x_wconf 64' lang='grc' dir='ltr'>αὐτοῦκαὶ</span> <span class='ocrx_word' id='word_1_79' title='bbox 1753 1377 1870 1444; x_wconf 83' lang='grc' dir='ltr'>φιλ-</span> 
     </span>
    </p>
   </div>
   <div class='ocr_carea' id='block_1_14' title="bbox 273 1443 1870 1535">
    <p class='ocr_par' dir='ltr' id='par_1_14' title="bbox 273 1443 1870 1535">
     <span class='ocr_line' id='line_1_14' title="bbox 273 1443 1870 1535; baseline 0.017 -40"><span class='ocrx_word' id='word_1_80' title='bbox 273 1443 577 1514; x_wconf 79' lang='grc' dir='ltr'><strong>ανθρώπου</strong></span> <span class='ocrx_word' id='word_1_81' title='bbox 607 1451 868 1522; x_wconf 78' lang='grc' dir='ltr'><strong>προνοίας</strong></span> <span class='ocrx_word' id='word_1_82' title='bbox 900 1454 1222 1521; x_wconf 81' lang='grc' dir='ltr'>ἐξαιτῶνται</span> <span class='ocrx_word' id='word_1_83' title='bbox 1250 1459 1350 1535; x_wconf 76' lang='grc' dir='ltr'>τὴν</span> <span class='ocrx_word' id='word_1_84' title='bbox 1385 1443 1870 1522; x_wconf 15' lang='grc' dir='ltr'>κατευόδωσινίκαὶ</span> 
     </span>
    </p>
   </div>
   <div class='ocr_carea' id='block_1_15' title="bbox 269 1537 1870 1626">
    <p class='ocr_par' dir='ltr' id='par_1_15' title="bbox 269 1537 1870 1626">
     <span class='ocr_line' id='line_1_15' title="bbox 269 1537 1870 1626; baseline 0.014 -37"><span class='ocrx_word' id='word_1_85' title='bbox 269 1537 380 1608; x_wconf 81' lang='grc' dir='ltr'>τὴν</span> <span class='ocrx_word' id='word_1_86' title='bbox 409 1539 793 1612; x_wconf 75' lang='grc' dir='ltr'><strong>ἀπολύτρωσιν</strong></span> <span class='ocrx_word' id='word_1_87' title='bbox 827 1547 919 1600; x_wconf 74' lang='grc' dir='ltr'><strong>καὶ</strong></span> <span class='ocrx_word' id='word_1_88' title='bbox 955 1551 1236 1620; x_wconf 79' lang='grc' dir='ltr'><strong>σωτηρίαν</strong></span> <span class='ocrx_word' id='word_1_89' title='bbox 1267 1554 1362 1606; x_wconf 82' lang='grc' dir='ltr'><strong>καὶ</strong></span> <span class='ocrx_word' id='word_1_90' title='bbox 1403 1555 1562 1626; x_wconf 81' lang='grc' dir='ltr'>νίκην</span> <span class='ocrx_word' id='word_1_91' title='bbox 1587 1557 1731 1612; x_wconf 86' lang='grc' dir='ltr'>κατὰ</span> <span class='ocrx_word' id='word_1_92' title='bbox 1761 1559 1870 1612; x_wconf 87' lang='grc' dir='ltr'><strong>τῶν</strong></span> 
     </span>
    </p>
   </div>
   <div class='ocr_carea' id='block_1_16' title="bbox 271 1630 1868 1716">
    <p class='ocr_par' dir='ltr' id='par_1_16' title="bbox 271 1630 1868 1716">
     <span class='ocr_line' id='line_1_16' title="bbox 271 1630 1868 1716; baseline 0.014 -36"><span class='ocrx_word' id='word_1_93' title='bbox 271 1630 436 1697; x_wconf 65' lang='grc' dir='ltr'>σφῶν</span> <span class='ocrx_word' id='word_1_94' title='bbox 483 1633 816 1690; x_wconf 85' lang='grc' dir='ltr'>ἀντιπάλων.</span> <span class='ocrx_word' id='word_1_95' title='bbox 860 1638 1065 1693; x_wconf 86' lang='grc' dir='ltr'><strong>Τούτου</strong></span> <span class='ocrx_word' id='word_1_96' title='bbox 1093 1643 1257 1714; x_wconf 84' lang='grc' dir='ltr'>χάριν</span> <span class='ocrx_word' id='word_1_97' title='bbox 1291 1645 1600 1716; x_wconf 83' lang='grc' dir='ltr'>ἀπρόοπτον</span> <span class='ocrx_word' id='word_1_98' title='bbox 1639 1649 1735 1701; x_wconf 77' lang='grc' dir='ltr'><strong>καὶ</strong></span> <span class='ocrx_word' id='word_1_99' title='bbox 1774 1650 1868 1704; x_wconf 82' lang='grc' dir='ltr'>τοῦ</span> 
     </span>
    </p>
   </div>
   <div class='ocr_carea' id='block_1_17' title="bbox 267 1721 1868 1812">
    <p class='ocr_par' dir='ltr' id='par_1_17' title="bbox 267 1721 1868 1812">
     <span class='ocr_line' id='line_1_17' title="bbox 267 1721 1868 1812; baseline 0.016 -38"><span class='ocrx_word' id='word_1_100' title='bbox 267 1721 516 1778; x_wconf 85' lang='grc' dir='ltr'>θανάτου</span> <span class='ocrx_word' id='word_1_101' title='bbox 543 1726 640 1797; x_wconf 81' lang='grc' dir='ltr'>τὴν</span> <span class='ocrx_word' id='word_1_102' title='bbox 663 1725 812 1799; x_wconf 86' lang='grc' dir='ltr'>ὥραν</span> <span class='ocrx_word' id='word_1_103' title='bbox 849 1729 1173 1804; x_wconf 82' lang='grc' dir='ltr'>ᾠκονόμησε</span> <span class='ocrx_word' id='word_1_104' title='bbox 1207 1739 1320 1800; x_wconf 83' lang='grc' dir='ltr'>τοῖς</span> <span class='ocrx_word' id='word_1_105' title='bbox 1342 1737 1656 1810; x_wconf 76' lang='grc' dir='ltr'>ἀνθρώποις</span> <span class='ocrx_word' id='word_1_106' title='bbox 1686 1743 1868 1812; x_wconf 80' lang='grc' dir='ltr'>ὑπάρ-</span> 
     </span>
    </p>
   </div>
   <div class='ocr_carea' id='block_1_18' title="bbox 267 1818 1868 1904">
    <p class='ocr_par' dir='ltr' id='par_1_18' title="bbox 267 1818 1868 1904">
     <span class='ocr_line' id='line_1_18' title="bbox 267 1818 1868 1904; baseline 0.014 -37"><span class='ocrx_word' id='word_1_107' title='bbox 267 1831 397 1886; x_wconf 72' lang='grc' dir='ltr'>χειν</span> <span class='ocrx_word' id='word_1_108' title='bbox 420 1831 434 1844; x_wconf 89' lang='grc'><strong>·</strong></span> <span class='ocrx_word' id='word_1_109' title='bbox 473 1818 560 1871; x_wconf 78' lang='grc' dir='ltr'>ἵνα</span> <span class='ocrx_word' id='word_1_110' title='bbox 593 1819 669 1890; x_wconf 86' lang='grc' dir='ltr'>τῷ</span> <span class='ocrx_word' id='word_1_111' title='bbox 708 1821 1028 1892; x_wconf 79' lang='grc' dir='ltr'>ἁσυμφανεῑ</span> <span class='ocrx_word' id='word_1_112' title='bbox 1071 1828 1168 1880; x_wconf 75' lang='grc' dir='ltr'><strong>καὶ</strong></span> <span class='ocrx_word' id='word_1_113' title='bbox 1201 1829 1560 1902; x_wconf 83' lang='grc' dir='ltr'>ἀδιαγνώστῳ</span> <span class='ocrx_word' id='word_1_114' title='bbox 1595 1836 1694 1904; x_wconf 83' lang='grc' dir='ltr'>τῆς</span> <span class='ocrx_word' id='word_1_115' title='bbox 1719 1833 1868 1903; x_wconf 86' lang='grc' dir='ltr'>ὥρας</span> 
     </span>
    </p>
   </div>
   <div class='ocr_carea' id='block_1_19' title="bbox 265 1909 1866 1998">
    <p class='ocr_par' dir='ltr' id='par_1_19' title="bbox 265 1909 1866 1998">
     <span class='ocr_line' id='line_1_19' title="bbox 265 1909 1866 1998; baseline 0.014 -40"><span class='ocrx_word' id='word_1_116' title='bbox 265 1909 543 1998; x_wconf 50' lang='grc' dir='ltr'>νήφωμεν</span> <span class='ocrx_word' id='word_1_117' title='bbox 601 1911 690 1964; x_wconf 78' lang='grc' dir='ltr'><strong>ἀεὶ</strong></span> <span class='ocrx_word' id='word_1_118' title='bbox 749 1916 845 1967; x_wconf 76' lang='grc' dir='ltr'><strong>καὶ</strong></span> <span class='ocrx_word' id='word_1_119' title='bbox 909 1915 1392 1990; x_wconf 67' lang='grc' dir='ltr'>διαγρηγορῶμεν,</span> <span class='ocrx_word' id='word_1_120' title='bbox 1456 1924 1533 1995; x_wconf 79' lang='grc' dir='ltr'><strong>μὴ</strong></span> <span class='ocrx_word' id='word_1_121' title='bbox 1589 1925 1866 1998; x_wconf 78' lang='grc' dir='ltr'>κλαπῆναι</span> 
     </span>
    </p>
   </div>
   <div class='ocr_carea' id='block_1_20' title="bbox 266 1986 1941 2088">
    <p class='ocr_par' dir='ltr' id='par_1_20' title="bbox 266 1986 1941 2088">
     <span class='ocr_line' id='line_1_20' title="bbox 266 1986 1941 2088; baseline 0.012 -37"><span class='ocrx_word' id='word_1_122' title='bbox 266 1999 370 2052; x_wconf 75' lang='grc' dir='ltr'>τὸν</span> <span class='ocrx_word' id='word_1_123' title='bbox 423 1995 575 2054; x_wconf 80' lang='grc' dir='ltr'>οἷκον</span> <span class='ocrx_word' id='word_1_124' title='bbox 630 2003 727 2074; x_wconf 81' lang='grc' dir='ltr'>τῆς</span> <span class='ocrx_word' id='word_1_125' title='bbox 765 1986 1054 2078; x_wconf 30' lang='grc' dir='ltr'>ἡμετέρας-</span> <span class='ocrx_word' id='word_1_126' title='bbox 1099 1986 1298 2081; x_wconf 52' lang='grc' dir='ltr'>ψυᾷίῆς,</span> <span class='ocrx_word' id='word_1_127' title='bbox 1349 1986 1468 2066; x_wconf 42' lang='grc' dir='ltr'><strong>καὶ·</strong></span> <span class='ocrx_word' id='word_1_128' title='bbox 1494 1986 1623 2078; x_wconf 70' lang='grc' dir='ltr'>τοὺς</span> <span class='ocrx_word' id='word_1_129' title='bbox 1664 1986 1870 2088; x_wconf 69' lang='grc' dir='ltr'>θησάυ-</span> <span class='ocrx_word' id='word_1_130' title='bbox 1901 1986 1941 2044; x_wconf 73' lang='grc' dir='ltr'><strong>Β</strong></span> 
     </span>
    </p>
   </div>
   <div class='ocr_carea' id='block_1_21' title="bbox 270 2093 1868 2172">
    <p class='ocr_par' dir='ltr' id='par_1_21' title="bbox 270 2093 1868 2172">
     <span class='ocr_line' id='line_1_21' title="bbox 270 2093 1868 2172; baseline 0.011 -27"><span class='ocrx_word' id='word_1_131' title='bbox 270 2095 408 2163; x_wconf 72' lang='grc' dir='ltr'>ρους</span> <span class='ocrx_word' id='word_1_132' title='bbox 463 2093 566 2166; x_wconf 87' lang='grc' dir='ltr'>τῆς</span> <span class='ocrx_word' id='word_1_133' title='bbox 621 2097 758 2166; x_wconf 85' lang='grc' dir='ltr'>πρὸς</span> <span class='ocrx_word' id='word_1_134' title='bbox 813 2098 948 2154; x_wconf 83' lang='grc' dir='ltr'><strong>Θεὸν</strong></span> <span class='ocrx_word' id='word_1_135' title='bbox 1015 2101 1233 2166; x_wconf 77' lang='grc' dir='ltr'>ἐλπίδος</span> <span class='ocrx_word' id='word_1_136' title='bbox 1301 2105 1395 2156; x_wconf 77' lang='grc' dir='ltr'><strong>καὶ</strong></span> <span class='ocrx_word' id='word_1_137' title='bbox 1454 2107 1692 2172; x_wconf 87' lang='grc' dir='ltr'>πίστεως</span> <span class='ocrx_word' id='word_1_138' title='bbox 1758 2108 1868 2162; x_wconf 82' lang='grc' dir='ltr'>άπ-</span> 
     </span>
    </p>
   </div>
   <div class='ocr_carea' id='block_1_22' title="bbox 263 2186 573 2258">
    <p class='ocr_par' dir='ltr' id='par_1_22' title="bbox 263 2186 573 2258">
     <span class='ocr_line' id='line_1_22' title="bbox 263 2186 573 2258; baseline 0.01 -21"><span class='ocrx_word' id='word_1_139' title='bbox 263 2186 573 2258; x_wconf 71' lang='grc' dir='ltr'>οὶὲσωμεν.</span> 
     </span>
    </p>
   </div>
   <div class='ocr_carea' id='block_1_23' title="bbox 349 2279 1866 2363">
    <p class='ocr_par' dir='ltr' id='par_1_23' title="bbox 349 2279 1866 2363">
     <span class='ocr_line' id='line_1_23' title="bbox 349 2279 1866 2363; baseline 0.011 -32"><span class='ocrx_word' id='word_1_140' title='bbox 349 2279 446 2332; x_wconf 75' lang='grc' dir='ltr'>Διὰ</span> <span class='ocrx_word' id='word_1_141' title='bbox 491 2280 649 2334; x_wconf 82' lang='grc' dir='ltr'>τοῦτό</span> <span class='ocrx_word' id='word_1_142' title='bbox 699 2299 867 2352; x_wconf 82' lang='grc' dir='ltr'>φησιν</span> <span class='ocrx_word' id='word_1_143' title='bbox 915 2285 944 2336; x_wconf 87' lang='grc' dir='ltr'><strong>ό</strong></span> <span class='ocrx_word' id='word_1_144' title='bbox 994 2286 1158 2355; x_wconf 76' lang='grc' dir='ltr'>σοφὸς</span> <span class='ocrx_word' id='word_1_145' title='bbox 1203 2287 1659 2363; x_wconf 78' lang='grc' dir='ltr'>Ἐκκλησιαστὴς,</span> <span class='ocrx_word' id='word_1_146' title='bbox 1689 2309 1709 2344; x_wconf 82' lang='grc' dir='ltr'><strong>ι</strong></span> <span class='ocrx_word' id='word_1_147' title='bbox 1742 2291 1866 2346; x_wconf 75' lang='grc' dir='ltr'>Ὀτι</span> 
     </span>
    </p>
   </div>
   <div class='ocr_carea' id='block_1_24' title="bbox 267 2370 1868 2450">
    <p class='ocr_par' dir='ltr' id='par_1_24' title="bbox 267 2370 1868 2450">
     <span class='ocr_line' id='line_1_24' title="bbox 267 2370 1868 2450; baseline 0.011 -29"><span class='ocrx_word' id='word_1_148' title='bbox 267 2371 378 2423; x_wconf 79' lang='grc' dir='ltr'><strong>οὐκ</strong></span> <span class='ocrx_word' id='word_1_149' title='bbox 411 2370 554 2438; x_wconf 78' lang='grc' dir='ltr'>ἔγνω</span> <span class='ocrx_word' id='word_1_150' title='bbox 595 2374 624 2425; x_wconf 87' lang='grc' dir='ltr'><strong>ό</strong></span> <span class='ocrx_word' id='word_1_151' title='bbox 671 2375 958 2446; x_wconf 81' lang='grc' dir='ltr'>ἄνθρωπος</span> <span class='ocrx_word' id='word_1_152' title='bbox 992 2377 1085 2431; x_wconf 79' lang='grc' dir='ltr'><strong>τὸν</strong></span> <span class='ocrx_word' id='word_1_153' title='bbox 1116 2379 1306 2450; x_wconf 72' lang='grc' dir='ltr'>καιρὸν</span> <span class='ocrx_word' id='word_1_154' title='bbox 1337 2381 1582 2448; x_wconf 58' lang='grc' dir='ltr'>αύτούμ</span> <span class='ocrx_word' id='word_1_155' title='bbox 1624 2383 1760 2436; x_wconf 83' lang='grc' dir='ltr'>ἀλλὰ</span> <span class='ocrx_word' id='word_1_156' title='bbox 1783 2385 1868 2439; x_wconf 82' lang='grc' dir='ltr'>δί-</span> 
     </span>
    </p>
   </div>
   <div class='ocr_carea' id='block_1_25' title="bbox 273 2463 1861 2550">
    <p class='ocr_par' dir='ltr' id='par_1_25' title="bbox 273 2463 1861 2550">
     <span class='ocr_line' id='line_1_25' title="bbox 273 2463 1861 2550; baseline 0.01 -35"><span class='ocrx_word' id='word_1_157' title='bbox 273 2481 384 2534; x_wconf 79' lang='grc' dir='ltr'><strong>κην</strong></span> <span class='ocrx_word' id='word_1_158' title='bbox 412 2463 609 2534; x_wconf 72' lang='grc' dir='ltr'>ἰχθύων</span> <span class='ocrx_word' id='word_1_159' title='bbox 647 2485 666 2518; x_wconf 78' lang='grc' dir='ltr'><strong>ι</strong></span> <span class='ocrx_word' id='word_1_160' title='bbox 706 2466 1091 2540; x_wconf 84' lang='grc' dir='ltr'>Θηρευομένων</span> <span class='ocrx_word' id='word_1_161' title='bbox 1123 2472 1182 2526; x_wconf 82' lang='grc' dir='ltr'>ὲν</span> <span class='ocrx_word' id='word_1_162' title='bbox 1213 2473 1618 2546; x_wconf 78' lang='grc' dir='ltr'>ἁμφιϐλήστρῳ</span> <span class='ocrx_word' id='word_1_163' title='bbox 1653 2477 1811 2550; x_wconf 80' lang='grc' dir='ltr'>κακῷ</span> <span class='ocrx_word' id='word_1_164' title='bbox 1841 2497 1861 2530; x_wconf 74' lang='grc' dir='ltr'><strong>ι</strong></span> 
     </span>
    </p>
   </div>
   <div class='ocr_carea' id='block_1_26' title="bbox 276 2558 1868 2636">
    <p class='ocr_par' dir='ltr' id='par_1_26' title="bbox 276 2558 1868 2636">
     <span class='ocr_line' id='line_1_26' title="bbox 276 2558 1868 2636; baseline 0.01 -28"><span class='ocrx_word' id='word_1_165' title='bbox 276 2559 380 2608; x_wconf 75' lang='grc' dir='ltr'><strong>καὶ</strong></span> <span class='ocrx_word' id='word_1_166' title='bbox 412 2558 718 2611; x_wconf 79' lang='grc' dir='ltr'>πιπτόντων</span> <span class='ocrx_word' id='word_1_167' title='bbox 741 2559 945 2630; x_wconf 78' lang='grc' dir='ltr'>ὀρνέων</span> <span class='ocrx_word' id='word_1_168' title='bbox 978 2564 1036 2615; x_wconf 82' lang='grc' dir='ltr'>ὲν</span> <span class='ocrx_word' id='word_1_169' title='bbox 1071 2563 1244 2634; x_wconf 69' lang='grc' dir='ltr'>πάγῃ,</span> <span class='ocrx_word' id='word_1_170' title='bbox 1277 2562 1605 2636; x_wconf 79' lang='grc' dir='ltr'>θηρεύονται</span> <span class='ocrx_word' id='word_1_171' title='bbox 1637 2569 1730 2622; x_wconf 73' lang='grc' dir='ltr'><strong>καὶ</strong></span> <span class='ocrx_word' id='word_1_172' title='bbox 1761 2587 1868 2624; x_wconf 85' lang='grc' dir='ltr'>πα-</span> 
     </span>
    </p>
   </div>
   <div class='ocr_carea' id='block_1_27' title="bbox 274 2651 1867 2736">
    <p class='ocr_par' dir='ltr' id='par_1_27' title="bbox 274 2651 1867 2736">
     <span class='ocr_line' id='line_1_27' title="bbox 274 2651 1867 2736; baseline 0.009 -34"><span class='ocrx_word' id='word_1_173' title='bbox 274 2651 584 2718; x_wconf 78' lang='grc' dir='ltr'>γιδεύονται</span> <span class='ocrx_word' id='word_1_174' title='bbox 618 2653 884 2718; x_wconf 78' lang='grc' dir='ltr'><strong>πολλάκις</strong></span> <span class='ocrx_word' id='word_1_175' title='bbox 916 2655 1012 2710; x_wconf 73' lang='grc' dir='ltr'>καὶ</span> <span class='ocrx_word' id='word_1_176' title='bbox 1045 2659 1094 2709; x_wconf 88' lang='grc' dir='ltr'><strong>οἱ</strong></span> <span class='ocrx_word' id='word_1_177' title='bbox 1131 2658 1434 2728; x_wconf 75' lang='grc' dir='ltr'>ἄνθρωποι,</span> <span class='ocrx_word' id='word_1_178' title='bbox 1462 2663 1585 2724; x_wconf 85' lang='grc' dir='ltr'>ταῖς</span> <span class='ocrx_word' id='word_1_179' title='bbox 1612 2663 1867 2736; x_wconf 76' lang='grc' dir='ltr'>ἁμαρτη-</span> 
     </span>
    </p>
   </div>
   <div class='ocr_carea' id='block_1_28' title="bbox 267 2745 1867 2826">
    <p class='ocr_par' dir='ltr' id='par_1_28' title="bbox 267 2745 1867 2826">
     <span class='ocr_line' id='line_1_28' title="bbox 267 2745 1867 2826; baseline 0.009 -32"><span class='ocrx_word' id='word_1_180' title='bbox 267 2747 462 2806; x_wconf 85' lang='grc' dir='ltr'>τικαῖς</span> <span class='ocrx_word' id='word_1_181' title='bbox 508 2745 710 2820; x_wconf 81' lang='grc' dir='ltr'>δηλαδὴ</span> <span class='ocrx_word' id='word_1_182' title='bbox 767 2749 976 2818; x_wconf 84' lang='grc' dir='ltr'>πάγαις</span> <span class='ocrx_word' id='word_1_183' title='bbox 1029 2751 1123 2804; x_wconf 78' lang='grc' dir='ltr'><strong>καὶ</strong></span> <span class='ocrx_word' id='word_1_184' title='bbox 1168 2751 1246 2822; x_wconf 85' lang='grc' dir='ltr'>τῷ</span> <span class='ocrx_word' id='word_1_185' title='bbox 1296 2753 1702 2826; x_wconf 75' lang='grc' dir='ltr'>ἀμφιϐλήστρῳ</span> <span class='ocrx_word' id='word_1_186' title='bbox 1756 2755 1867 2808; x_wconf 86' lang='grc' dir='ltr'><strong>τῶν</strong></span> 
     </span>
    </p>
   </div>
   <div class='ocr_carea' id='block_1_29' title="bbox 271 2837 1867 2913">
    <p class='ocr_par' dir='ltr' id='par_1_29' title="bbox 271 2837 1867 2913">
     <span class='ocr_line' id='line_1_29' title="bbox 271 2837 1867 2913; baseline 0.009 -25"><span class='ocrx_word' id='word_1_187' title='bbox 271 2837 468 2890; x_wconf 74' lang='grc' dir='ltr'>κακῶν</span> <span class='ocrx_word' id='word_1_188' title='bbox 531 2837 920 2910; x_wconf 81' lang='grc' dir='ltr'>βουλευμάτων</span> <span class='ocrx_word' id='word_1_189' title='bbox 976 2841 1071 2896; x_wconf 85' lang='grc' dir='ltr'>τοῦ</span> <span class='ocrx_word' id='word_1_190' title='bbox 1117 2845 1419 2913; x_wconf 85' lang='grc' dir='ltr'>μισοκάλου</span> <span class='ocrx_word' id='word_1_191' title='bbox 1467 2847 1724 2903; x_wconf 80' lang='grc' dir='ltr'>διαϐόλου</span> <span class='ocrx_word' id='word_1_192' title='bbox 1769 2849 1867 2902; x_wconf 79' lang='grc' dir='ltr'><strong>καὶ</strong></span> 
     </span>
    </p>
   </div>
   <div class='ocr_carea' id='block_1_30' title="bbox 271 2929 1866 3016">
    <p class='ocr_par' dir='ltr' id='par_1_30' title="bbox 271 2929 1866 3016">
     <span class='ocr_line' id='line_1_30' title="bbox 271 2929 1866 3016; baseline 0.009 -34"><span class='ocrx_word' id='word_1_193' title='bbox 271 2929 580 3000; x_wconf 72' lang='grc' dir='ltr'>δ·.σμε.ιοῢς</span> <span class='ocrx_word' id='word_1_194' title='bbox 608 2933 790 3004; x_wconf 81' lang='grc' dir='ltr'>ἡμῶν,</span> <span class='ocrx_word' id='word_1_195' title='bbox 823 2936 952 2990; x_wconf 81' lang='grc' dir='ltr'>ὅταν</span> <span class='ocrx_word' id='word_1_196' title='bbox 983 2935 1216 3004; x_wconf 75' lang='grc' dir='ltr'>ἐξάπινα</span> <span class='ocrx_word' id='word_1_197' title='bbox 1251 2939 1348 2995; x_wconf 77' lang='grc' dir='ltr'><strong>καὶ</strong></span> <span class='ocrx_word' id='word_1_198' title='bbox 1373 2942 1506 3016; x_wconf 82' lang='grc' dir='ltr'>παρ’</span> <span class='ocrx_word' id='word_1_199' title='bbox 1535 2941 1730 2997; x_wconf 72' lang='grc' dir='ltr'>ἐλπίδα</span> <span class='ocrx_word' id='word_1_200' title='bbox 1765 2944 1866 2996; x_wconf 81' lang='grc' dir='ltr'><strong>ὲπ-</strong></span> 
     </span>
    </p>
   </div>
   <div class='ocr_carea' id='block_1_31' title="bbox 275 3022 1096 3098">
    <p class='ocr_par' dir='ltr' id='par_1_31' title="bbox 275 3022 1096 3098">
     <span class='ocr_line' id='line_1_31' title="bbox 275 3022 1096 3098; baseline 0.016 -25"><span class='ocrx_word' id='word_1_201' title='bbox 275 3022 412 3092; x_wconf 74' lang='grc' dir='ltr'>έλθῃ</span> <span class='ocrx_word' id='word_1_202' title='bbox 447 3025 564 3088; x_wconf 84' lang='grc' dir='ltr'>τοῖς</span> <span class='ocrx_word' id='word_1_203' title='bbox 601 3025 677 3096; x_wconf 83' lang='grc' dir='ltr'><strong>μὴ</strong></span> <span class='ocrx_word' id='word_1_204' title='bbox 707 3027 1096 3098; x_wconf 82' lang='grc' dir='ltr'>προσέχουσιν.</span> 
     </span>
    </p>
   </div>
   <div class='ocr_carea' id='block_1_32' title="bbox 365 3115 1867 3198">
    <p class='ocr_par' dir='ltr' id='par_1_32' title="bbox 365 3115 1867 3198">
     <span class='ocr_line' id='line_1_32' title="bbox 365 3115 1867 3198; baseline 0.008 -30"><span class='ocrx_word' id='word_1_205' title='bbox 365 3115 506 3169; x_wconf 82' lang='grc' dir='ltr'>Ἀλλ’</span> <span class='ocrx_word' id='word_1_206' title='bbox 535 3117 701 3187; x_wconf 79' lang='grc' dir='ltr'>ἡμεῖς</span> <span class='ocrx_word' id='word_1_207' title='bbox 740 3120 828 3174; x_wconf 77' lang='grc' dir='ltr'><strong>ἀεὶ</strong></span> <span class='ocrx_word' id='word_1_208' title='bbox 868 3121 1133 3191; x_wconf 77' lang='grc' dir='ltr'>νήφοντες</span> <span class='ocrx_word' id='word_1_209' title='bbox 1173 3121 1492 3195; x_wconf 80' lang='grc' dir='ltr'>εύρεθῶμεν</span> <span class='ocrx_word' id='word_1_210' title='bbox 1531 3124 1625 3182; x_wconf 79' lang='grc' dir='ltr'><strong>καὶ</strong></span> <span class='ocrx_word' id='word_1_211' title='bbox 1659 3143 1867 3198; x_wconf 73' lang='grc' dir='ltr'>γρηγοο</span> 
     </span>
    </p>
   </div>
   <div class='ocr_carea' id='block_1_33' title="bbox 273 3206 1866 3288">
    <p class='ocr_par' dir='ltr' id='par_1_33' title="bbox 273 3206 1866 3288">
     <span class='ocr_line' id='line_1_33' title="bbox 273 3206 1866 3288; baseline 0.008 -29"><span class='ocrx_word' id='word_1_212' title='bbox 273 3206 509 3278; x_wconf 76' lang='grc' dir='ltr'>ροῦντες</span> <span class='ocrx_word' id='word_1_213' title='bbox 536 3209 632 3263; x_wconf 75' lang='grc' dir='ltr'><strong>καὶ</strong></span> <span class='ocrx_word' id='word_1_214' title='bbox 661 3211 1048 3282; x_wconf 68' lang='grc' dir='ltr'>προσεκτικῶς</span> <span class='ocrx_word' id='word_1_215' title='bbox 1071 3212 1390 3279; x_wconf 79' lang='grc' dir='ltr'>διαζῶντες,</span> <span class='ocrx_word' id='word_1_216' title='bbox 1412 3217 1506 3270; x_wconf 82' lang='grc' dir='ltr'><strong>καὶ</strong></span> <span class='ocrx_word' id='word_1_217' title='bbox 1531 3217 1628 3288; x_wconf 79' lang='grc' dir='ltr'>τὴν</span> <span class='ocrx_word' id='word_1_218' title='bbox 1657 3217 1866 3272; x_wconf 74' lang='grc' dir='ltr'>ἄνωθεν</span> 
     </span>
    </p>
   </div>
   <div class='ocr_carea' id='block_1_34' title="bbox 1950 722 3561 810">
    <p class='ocr_par' dir='ltr' id='par_1_34' title="bbox 1950 722 3561 810">
     <span class='ocr_line' id='line_1_34' title="bbox 1950 722 3561 810; baseline -0.001 -14"><span class='ocrx_word' id='word_1_219' title='bbox 1950 722 2188 806; x_wconf 54' lang='grc' dir='ltr'><strong>ἰιιιιιυι⁸</strong></span> <span class='ocrx_word' id='word_1_220' title='bbox 2217 753 2278 800; x_wconf 84' lang='grc' dir='ltr'><strong>ιιι</strong></span> <span class='ocrx_word' id='word_1_221' title='bbox 2315 761 2478 802; x_wconf 89' lang='lat' dir='ltr'><strong>nemo</strong></span> <span class='ocrx_word' id='word_1_222' title='bbox 2527 748 2739 803; x_wconf 89' lang='lat' dir='ltr'><strong>scilicet</strong></span> <span class='ocrx_word' id='word_1_223' title='bbox 2773 747 3011 803; x_wconf 80' lang='lat' dir='ltr'><strong>subnixo</strong></span> <span class='ocrx_word' id='word_1_224' title='bbox 3042 747 3252 807; x_wconf 87' lang='lat' dir='ltr'><strong>animo,</strong></span> <span class='ocrx_word' id='word_1_225' title='bbox 3278 756 3344 797; x_wconf 89' lang='lat' dir='ltr'><strong>ac</strong></span> <span class='ocrx_word' id='word_1_226' title='bbox 3377 754 3474 810; x_wconf 87' lang='lat' dir='ltr'><strong>spe</strong></span> <span class='ocrx_word' id='word_1_227' title='bbox 3506 739 3561 792; x_wconf 89' lang='lat' dir='ltr'><strong>in</strong></span> 
     </span>
    </p>
   </div>
   <div class='ocr_carea' id='block_1_35' title="bbox 1979 832 3559 909">
    <p class='ocr_par' dir='ltr' id='par_1_35' title="bbox 1979 832 3559 909">
     <span class='ocr_line' id='line_1_35' title="bbox 1979 832 3559 909; baseline -0.001 -22"><span class='ocrx_word' id='word_1_228' title='bbox 1979 836 2176 904; x_wconf 75' lang='lat' dir='ltr'><strong>pedum</strong></span> <span class='ocrx_word' id='word_1_229' title='bbox 2216 851 2446 892; x_wconf 89' lang='lat' dir='ltr'><strong>suorum</strong></span> <span class='ocrx_word' id='word_1_230' title='bbox 2487 839 2816 909; x_wconf 74' lang='lat' dir='ltr'><strong>pernicitate</strong></span> <span class='ocrx_word' id='word_1_231' title='bbox 2861 848 2956 893; x_wconf 84' lang='lat' dir='ltr'><strong>aut</strong></span> <span class='ocrx_word' id='word_1_232' title='bbox 2995 837 3349 892; x_wconf 84' lang='lat' dir='ltr'><strong>brachiorum</strong></span> <span class='ocrx_word' id='word_1_233' title='bbox 3388 832 3559 888; x_wconf 86' lang='lat' dir='ltr'><strong>robo-</strong></span> 
     </span>
    </p>
   </div>
   <div class='ocr_carea' id='block_1_36' title="bbox 1978 925 3558 1000">
    <p class='ocr_par' dir='ltr' id='par_1_36' title="bbox 1978 925 3558 1000">
     <span class='ocr_line' id='line_1_36' title="bbox 1978 925 3558 1000; baseline -0.002 -21"><span class='ocrx_word' id='word_1_234' title='bbox 1978 942 2054 991; x_wconf 84' lang='lat' dir='ltr'><strong>re,</strong></span> <span class='ocrx_word' id='word_1_235' title='bbox 2091 927 2174 981; x_wconf 77' lang='lat' dir='ltr'><strong>vel</strong></span> <span class='ocrx_word' id='word_1_236' title='bbox 2212 927 2266 981; x_wconf 91' lang='lat' dir='ltr'><strong>iu</strong></span> <span class='ocrx_word' id='word_1_237' title='bbox 2300 929 2582 998; x_wconf 74' lang='lat' dir='ltr'><strong>sapientiae</strong></span> <span class='ocrx_word' id='word_1_238' title='bbox 2616 931 2926 999; x_wconf 82' lang='lat' dir='ltr'><strong>praestantia</strong></span> <span class='ocrx_word' id='word_1_239' title='bbox 2960 939 3010 984; x_wconf 91' lang='lat' dir='ltr'><strong>et</strong></span> <span class='ocrx_word' id='word_1_240' title='bbox 3051 927 3257 1000; x_wconf 77' lang='lat' dir='ltr'><strong>ingenii</strong></span> <span class='ocrx_word' id='word_1_241' title='bbox 3287 933 3344 980; x_wconf 89' lang='lat' dir='ltr'><strong>et</strong></span> <span class='ocrx_word' id='word_1_242' title='bbox 3376 925 3558 979; x_wconf 83' lang='lat' dir='ltr'><strong>scien-</strong></span> 
     </span>
    </p>
   </div>
   <div class='ocr_carea' id='block_1_37' title="bbox 1977 1012 3557 1088">
    <p class='ocr_par' dir='ltr' id='par_1_37' title="bbox 1977 1012 3557 1088">
     <span class='ocr_line' id='line_1_37' title="bbox 1977 1012 3557 1088; baseline -0.001 -18"><span class='ocrx_word' id='word_1_243' title='bbox 1977 1017 2064 1070; x_wconf 73' lang='lat' dir='ltr'><strong>tiae</strong></span> <span class='ocrx_word' id='word_1_244' title='bbox 2093 1018 2380 1084; x_wconf 84' lang='lat' dir='ltr'><strong>collocata,</strong></span> <span class='ocrx_word' id='word_1_245' title='bbox 2419 1021 2741 1088; x_wconf 88' lang='lat' dir='ltr'><strong>superbiat,</strong></span> <span class='ocrx_word' id='word_1_246' title='bbox 2789 1037 2852 1075; x_wconf 87' lang='lat' dir='ltr'><strong>ac</strong></span> <span class='ocrx_word' id='word_1_247' title='bbox 2885 1019 3130 1074; x_wconf 74' lang='lat' dir='ltr'><strong>debitum</strong></span> <span class='ocrx_word' id='word_1_248' title='bbox 3179 1020 3289 1072; x_wconf 90' lang='lat' dir='ltr'><strong>Deo</strong></span> <span class='ocrx_word' id='word_1_249' title='bbox 3347 1012 3557 1070; x_wconf 76' lang='lat' dir='ltr'><strong>auctori</strong></span> 
     </span>
    </p>
   </div>
   <div class='ocr_carea' id='block_1_38' title="bbox 1974 1107 3560 1166">
    <p class='ocr_par' dir='ltr' id='par_1_38' title="bbox 1974 1107 3560 1166">
     <span class='ocr_line' id='line_1_38' title="bbox 1974 1107 3560 1166; baseline -0.001 -5"><span class='ocrx_word' id='word_1_250' title='bbox 1974 1119 2027 1162; x_wconf 88' lang='lat' dir='ltr'><strong>et</strong></span> <span class='ocrx_word' id='word_1_251' title='bbox 2055 1109 2280 1164; x_wconf 86' lang='lat' dir='ltr'><strong>domino</strong></span> <span class='ocrx_word' id='word_1_252' title='bbox 2309 1125 2414 1166; x_wconf 86' lang='lat' dir='ltr'><strong>suo</strong></span> <span class='ocrx_word' id='word_1_253' title='bbox 2437 1113 2649 1166; x_wconf 89' lang='lat' dir='ltr'><strong>cultum</strong></span> <span class='ocrx_word' id='word_1_254' title='bbox 2681 1121 2736 1166; x_wconf 89' lang='lat' dir='ltr'><strong>et</strong></span> <span class='ocrx_word' id='word_1_255' title='bbox 2769 1111 3148 1166; x_wconf 77' lang='lat' dir='ltr'><strong>assiduitatem</strong></span> <span class='ocrx_word' id='word_1_256' title='bbox 3195 1117 3252 1165; x_wconf 85' lang='lat' dir='ltr'><strong>et</strong></span> <span class='ocrx_word' id='word_1_257' title='bbox 3298 1107 3560 1163; x_wconf 71' lang='lat' dir='ltr'><strong>obsecrav</strong></span> 
     </span>
    </p>
   </div>
   <div class='ocr_carea' id='block_1_39' title="bbox 1977 1203 3556 1275">
    <p class='ocr_par' dir='ltr' id='par_1_39' title="bbox 1977 1203 3556 1275">
     <span class='ocr_line' id='line_1_39' title="bbox 1977 1203 3556 1275; baseline -0.003 -19"><span class='ocrx_word' id='word_1_258' title='bbox 1977 1203 2154 1259; x_wconf 88' lang='lat' dir='ltr'><strong>tiones</strong></span> <span class='ocrx_word' id='word_1_259' title='bbox 2183 1213 2237 1260; x_wconf 90' lang='lat' dir='ltr'><strong>et</strong></span> <span class='ocrx_word' id='word_1_260' title='bbox 2261 1219 2452 1273; x_wconf 87' lang='lat' dir='ltr'><strong>preces</strong></span> <span class='ocrx_word' id='word_1_261' title='bbox 2484 1205 2723 1275; x_wconf 82' lang='lat' dir='ltr'><strong>negligat</strong></span> <span class='ocrx_word' id='word_1_262' title='bbox 2751 1222 2764 1259; x_wconf 85' lang='lat'><strong>:</strong></span> <span class='ocrx_word' id='word_1_263' title='bbox 2794 1213 2963 1272; x_wconf 86' lang='lat' dir='ltr'><strong>utque</strong></span> <span class='ocrx_word' id='word_1_264' title='bbox 2991 1218 3184 1258; x_wconf 88' lang='lat' dir='ltr'><strong>omnes</strong></span> <span class='ocrx_word' id='word_1_265' title='bbox 3207 1215 3359 1272; x_wconf 81' lang='lat' dir='ltr'><strong>spem</strong></span> <span class='ocrx_word' id='word_1_266' title='bbox 3397 1213 3556 1255; x_wconf 87' lang='lat' dir='ltr'><strong>suam</strong></span> 
     </span>
    </p>
   </div>
   <div class='ocr_carea' id='block_1_40' title="bbox 1976 1293 3560 1367">
    <p class='ocr_par' dir='ltr' id='par_1_40' title="bbox 1976 1293 3560 1367">
     <span class='ocr_line' id='line_1_40' title="bbox 1976 1293 3560 1367; baseline -0.003 -18"><span class='ocrx_word' id='word_1_267' title='bbox 1976 1297 2027 1349; x_wconf 95' lang='lat' dir='ltr'><strong>in</strong></span> <span class='ocrx_word' id='word_1_268' title='bbox 2060 1311 2126 1351; x_wconf 89' lang='lat' dir='ltr'><strong>eo</strong></span> <span class='ocrx_word' id='word_1_269' title='bbox 2155 1295 2394 1367; x_wconf 84' lang='lat' dir='ltr'><strong>positam</strong></span> <span class='ocrx_word' id='word_1_270' title='bbox 2437 1295 2677 1352; x_wconf 81' lang='lat' dir='ltr'><strong>habeant</strong></span> <span class='ocrx_word' id='word_1_271' title='bbox 2711 1338 2724 1362; x_wconf 88' lang='lat'><strong>,</strong></span> <span class='ocrx_word' id='word_1_272' title='bbox 2767 1307 2934 1366; x_wconf 89' lang='lat' dir='ltr'><strong>atque</strong></span> <span class='ocrx_word' id='word_1_273' title='bbox 2982 1295 3052 1350; x_wconf 89' lang='lat' dir='ltr'><strong>ab</strong></span> <span class='ocrx_word' id='word_1_274' title='bbox 3099 1295 3304 1363; x_wconf 85' lang='lat' dir='ltr'><strong>Optima</strong></span> <span class='ocrx_word' id='word_1_275' title='bbox 3343 1293 3466 1362; x_wconf 85' lang='lat' dir='ltr'><strong>ejus</strong></span> <span class='ocrx_word' id='word_1_276' title='bbox 3505 1301 3560 1346; x_wconf 81' lang='lat' dir='ltr'><strong>et</strong></span> 
     </span>
    </p>
   </div>
   <div class='ocr_carea' id='block_1_41' title="bbox 1977 1386 3560 1459">
    <p class='ocr_par' dir='ltr' id='par_1_41' title="bbox 1977 1386 3560 1459">
     <span class='ocr_line' id='line_1_41' title="bbox 1977 1386 3560 1459; baseline -0.003 -17"><span class='ocrx_word' id='word_1_277' title='bbox 1977 1389 2368 1459; x_wconf 86' lang='lat' dir='ltr'><strong>benignissima</strong></span> <span class='ocrx_word' id='word_1_278' title='bbox 2404 1389 2746 1458; x_wconf 84' lang='lat' dir='ltr'><strong>providentia</strong></span> <span class='ocrx_word' id='word_1_279' title='bbox 2792 1388 3214 1458; x_wconf 81' lang='lat' dir='ltr'><strong>prosperitatem</strong></span> <span class='ocrx_word' id='word_1_280' title='bbox 3245 1398 3301 1443; x_wconf 90' lang='lat' dir='ltr'><strong>et</strong></span> <span class='ocrx_word' id='word_1_281' title='bbox 3348 1386 3560 1440; x_wconf 85' lang='lat' dir='ltr'><strong>redem-</strong></span> 
     </span>
    </p>
   </div>
   <div class='ocr_carea' id='block_1_42' title="bbox 1973 1473 3556 1546">
    <p class='ocr_par' dir='ltr' id='par_1_42' title="bbox 1973 1473 3556 1546">
     <span class='ocr_line' id='line_1_42' title="bbox 1973 1473 3556 1546; baseline -0.002 -17"><span class='ocrx_word' id='word_1_282' title='bbox 1973 1477 2213 1546; x_wconf 84' lang='lat' dir='ltr'><strong>ptionem</strong></span> <span class='ocrx_word' id='word_1_283' title='bbox 2247 1487 2301 1532; x_wconf 89' lang='lat' dir='ltr'><strong>et</strong></span> <span class='ocrx_word' id='word_1_284' title='bbox 2343 1478 2577 1534; x_wconf 85' lang='lat' dir='ltr'><strong>salutem</strong></span> <span class='ocrx_word' id='word_1_285' title='bbox 2621 1477 2796 1546; x_wconf 86' lang='lat' dir='ltr'><strong>deque</strong></span> <span class='ocrx_word' id='word_1_286' title='bbox 2825 1476 3079 1532; x_wconf 80' lang='lat' dir='ltr'><strong>hostibus</strong></span> <span class='ocrx_word' id='word_1_287' title='bbox 3113 1477 3228 1530; x_wconf 90' lang='lat' dir='ltr'><strong>suis</strong></span> <span class='ocrx_word' id='word_1_288' title='bbox 3266 1473 3556 1528; x_wconf 83' lang='lat' dir='ltr'><strong>victoriam</strong></span> 
     </span>
    </p>
   </div>
   <div class='ocr_carea' id='block_1_43' title="bbox 1973 1566 3556 1640">
    <p class='ocr_par' dir='ltr' id='par_1_43' title="bbox 1973 1566 3556 1640">
     <span class='ocr_line' id='line_1_43' title="bbox 1973 1566 3556 1640; baseline -0.004 -14"><span class='ocrx_word' id='word_1_289' title='bbox 1973 1579 2182 1640; x_wconf 80' lang='lat' dir='ltr'><strong>petant.</strong></span> <span class='ocrx_word' id='word_1_290' title='bbox 2213 1568 2328 1626; x_wconf 85' lang='lat' dir='ltr'><strong>Hac</strong></span> <span class='ocrx_word' id='word_1_291' title='bbox 2365 1569 2434 1626; x_wconf 91' lang='lat' dir='ltr'><strong>de</strong></span> <span class='ocrx_word' id='word_1_292' title='bbox 2459 1585 2628 1626; x_wconf 87' lang='lat' dir='ltr'><strong>causa</strong></span> <span class='ocrx_word' id='word_1_293' title='bbox 2659 1571 2838 1640; x_wconf 87' lang='lat' dir='ltr'><strong>ipsam</strong></span> <span class='ocrx_word' id='word_1_294' title='bbox 2876 1569 3070 1624; x_wconf 89' lang='lat' dir='ltr'><strong>mortis</strong></span> <span class='ocrx_word' id='word_1_295' title='bbox 3117 1572 3308 1623; x_wconf 87' lang='lat' dir='ltr'><strong>horam</strong></span> <span class='ocrx_word' id='word_1_296' title='bbox 3349 1581 3419 1622; x_wconf 90' lang='lat' dir='ltr'><strong>ne</strong></span> <span class='ocrx_word' id='word_1_297' title='bbox 3453 1566 3556 1620; x_wconf 88' lang='lat' dir='ltr'><strong>ho-</strong></span> 
     </span>
    </p>
   </div>
   <div class='ocr_carea' id='block_1_44' title="bbox 1973 1661 3558 1734">
    <p class='ocr_par' dir='ltr' id='par_1_44' title="bbox 1973 1661 3558 1734">
     <span class='ocr_line' id='line_1_44' title="bbox 1973 1661 3558 1734; baseline -0.004 -18"><span class='ocrx_word' id='word_1_298' title='bbox 1973 1663 2151 1720; x_wconf 90' lang='lat' dir='ltr'><strong>mines</strong></span> <span class='ocrx_word' id='word_1_299' title='bbox 2182 1678 2528 1734; x_wconf 71' lang='lat' dir='ltr'><strong>praenoscere</strong></span> <span class='ocrx_word' id='word_1_300' title='bbox 2567 1671 2812 1734; x_wconf 88' lang='lat' dir='ltr'><strong>possent,</strong></span> <span class='ocrx_word' id='word_1_301' title='bbox 2837 1661 3126 1718; x_wconf 86' lang='lat' dir='ltr'><strong>constituit</strong></span> <span class='ocrx_word' id='word_1_302' title='bbox 3153 1680 3167 1716; x_wconf 90' lang='lat'><strong>:</strong></span> <span class='ocrx_word' id='word_1_303' title='bbox 3199 1674 3310 1730; x_wconf 91' lang='lat' dir='ltr'><strong>quo</strong></span> <span class='ocrx_word' id='word_1_304' title='bbox 3335 1665 3558 1730; x_wconf 87' lang='lat' dir='ltr'><strong>propter</strong></span> 
     </span>
    </p>
   </div>
   <div class='ocr_carea' id='block_1_45' title="bbox 1975 1749 3557 1826">
    <p class='ocr_par' dir='ltr' id='par_1_45' title="bbox 1975 1749 3557 1826">
     <span class='ocr_line' id='line_1_45' title="bbox 1975 1749 3557 1826; baseline -0.004 -17"><span class='ocrx_word' id='word_1_305' title='bbox 1975 1755 2096 1826; x_wconf 88' lang='lat' dir='ltr'><strong>ejus</strong></span> <span class='ocrx_word' id='word_1_306' title='bbox 2134 1754 2400 1823; x_wconf 84' lang='lat' dir='ltr'><strong>temporis</strong></span> <span class='ocrx_word' id='word_1_307' title='bbox 2435 1755 2830 1810; x_wconf 83' lang='lat' dir='ltr'><strong>obscuritatem</strong></span> <span class='ocrx_word' id='word_1_308' title='bbox 2863 1762 2916 1808; x_wconf 88' lang='lat' dir='ltr'><strong>et</strong></span> <span class='ocrx_word' id='word_1_309' title='bbox 2949 1752 3352 1824; x_wconf 77' lang='lat' dir='ltr'><strong>ignorationem</strong></span> <span class='ocrx_word' id='word_1_310' title='bbox 3383 1749 3557 1805; x_wconf 91' lang='lat' dir='ltr'><strong>sobrii</strong></span> 
     </span>
    </p>
   </div>
   <div class='ocr_carea' id='block_1_46' title="bbox 1973 1841 3556 1918">
    <p class='ocr_par' dir='ltr' id='par_1_46' title="bbox 1973 1841 3556 1918">
     <span class='ocr_line' id='line_1_46' title="bbox 1973 1841 3556 1918; baseline -0.006 -14"><span class='ocrx_word' id='word_1_311' title='bbox 1973 1863 2190 1918; x_wconf 89' lang='lat' dir='ltr'><strong>semper</strong></span> <span class='ocrx_word' id='word_1_312' title='bbox 2213 1848 2410 1912; x_wconf 88' lang='lat' dir='ltr'><strong>simus,</strong></span> <span class='ocrx_word' id='word_1_313' title='bbox 2445 1862 2511 1902; x_wconf 87' lang='lat' dir='ltr'><strong>ac</strong></span> <span class='ocrx_word' id='word_1_314' title='bbox 2553 1847 2840 1918; x_wconf 77' lang='lat' dir='ltr'><strong>vigilemus</strong></span> <span class='ocrx_word' id='word_1_315' title='bbox 2872 1861 2940 1902; x_wconf 89' lang='lat' dir='ltr'><strong>ne</strong></span> <span class='ocrx_word' id='word_1_316' title='bbox 2967 1845 3166 1901; x_wconf 72' lang='lat' dir='ltr'><strong>anima:</strong></span> <span class='ocrx_word' id='word_1_317' title='bbox 3207 1855 3409 1898; x_wconf 74' lang='lat' dir='ltr'><strong>nostra:</strong></span> <span class='ocrx_word' id='word_1_318' title='bbox 3455 1841 3556 1896; x_wconf 89' lang='lat' dir='ltr'><strong>do-</strong></span> 
     </span>
    </p>
   </div>
   <div class='ocr_carea' id='block_1_47' title="bbox 1974 1935 3548 2010">
    <p class='ocr_par' dir='ltr' id='par_1_47' title="bbox 1974 1935 3548 2010">
     <span class='ocr_line' id='line_1_47' title="bbox 1974 1935 3548 2010; baseline -0.003 -16"><span class='ocrx_word' id='word_1_319' title='bbox 1974 1956 2096 1996; x_wconf 89' lang='lat' dir='ltr'><strong>mus</strong></span> <span class='ocrx_word' id='word_1_320' title='bbox 2125 1939 2439 2010; x_wconf 86' lang='lat' dir='ltr'><strong>diripiatur,</strong></span> <span class='ocrx_word' id='word_1_321' title='bbox 2471 1949 2528 1996; x_wconf 88' lang='lat' dir='ltr'><strong>et</strong></span> <span class='ocrx_word' id='word_1_322' title='bbox 2550 1940 2663 2009; x_wconf 87' lang='lat' dir='ltr'><strong>spei</strong></span> <span class='ocrx_word' id='word_1_323' title='bbox 2703 1941 2758 1996; x_wconf 92' lang='lat' dir='ltr'><strong>in</strong></span> <span class='ocrx_word' id='word_1_324' title='bbox 2789 1939 2901 1995; x_wconf 86' lang='lat' dir='ltr'><strong>Deo</strong></span> <span class='ocrx_word' id='word_1_325' title='bbox 2934 1937 3132 2010; x_wconf 77' lang='lat' dir='ltr'><strong>posita:</strong></span> <span class='ocrx_word' id='word_1_326' title='bbox 3168 1954 3232 1993; x_wconf 87' lang='lat' dir='ltr'><strong>ac</strong></span> <span class='ocrx_word' id='word_1_327' title='bbox 3267 1935 3390 1991; x_wconf 74' lang='lat' dir='ltr'><strong>fidei</strong></span> <span class='ocrx_word' id='word_1_328' title='bbox 3432 1935 3548 1990; x_wconf 88' lang='lat' dir='ltr'><strong>the-</strong></span> 
     </span>
    </p>
   </div>
   <div class='ocr_carea' id='block_1_48' title="bbox 1973 2029 2698 2102">
    <p class='ocr_par' dir='ltr' id='par_1_48' title="bbox 1973 2029 2698 2102">
     <span class='ocr_line' id='line_1_48' title="bbox 1973 2029 2698 2102; baseline 0.003 -16"><span class='ocrx_word' id='word_1_329' title='bbox 1973 2045 2172 2088; x_wconf 79' lang='lat' dir='ltr'><strong>sauros</strong></span> <span class='ocrx_word' id='word_1_330' title='bbox 2211 2032 2530 2086; x_wconf 86' lang='lat' dir='ltr'><strong>amittamus</strong></span> <span class='ocrx_word' id='word_1_331' title='bbox 2563 2029 2698 2102; x_wconf 70' lang='grc'><strong>(46).</strong></span> 
     </span>
    </p>
   </div>
   <div class='ocr_carea' id='block_1_49' title="bbox 2005 2287 3555 2364">
    <p class='ocr_par' dir='ltr' id='par_1_49' title="bbox 2005 2287 3555 2364">
     <span class='ocr_line' id='line_1_49' title="bbox 2005 2287 3555 2364; baseline -0.006 -10"><span class='ocrx_word' id='word_1_332' title='bbox 2005 2293 2337 2364; x_wconf 87' lang='lat' dir='ltr'><strong>.Propterea</strong></span> <span class='ocrx_word' id='word_1_333' title='bbox 2389 2293 2465 2348; x_wconf 88' lang='lat' dir='ltr'><strong>ait</strong></span> <span class='ocrx_word' id='word_1_334' title='bbox 2503 2293 2725 2362; x_wconf 83' lang='lat' dir='ltr'><strong>sapiens</strong></span> <span class='ocrx_word' id='word_1_335' title='bbox 2766 2290 3164 2346; x_wconf 79' lang='lat' dir='ltr'><strong>Ecclesiastes:</strong></span> <span class='ocrx_word' id='word_1_336' title='bbox 3213 2307 3232 2340; x_wconf 85' lang='grc' dir='ltr'><strong>ι</strong></span> <span class='ocrx_word' id='word_1_337' title='bbox 3270 2287 3411 2355; x_wconf 88' lang='lat' dir='ltr'><strong>Quia</strong></span> <span class='ocrx_word' id='word_1_338' title='bbox 3457 2303 3555 2344; x_wconf 60' lang='lat' dir='ltr'><strong>nec</strong></span> 
     </span>
    </p>
   </div>
   <div class='ocr_carea' id='block_1_50' title="bbox 1971 2381 3551 2452">
    <p class='ocr_par' dir='ltr' id='par_1_50' title="bbox 1971 2381 3551 2452">
     <span class='ocr_line' id='line_1_50' title="bbox 1971 2381 3551 2452; baseline -0.004 -13"><span class='ocrx_word' id='word_1_339' title='bbox 1971 2387 2077 2439; x_wconf 88' lang='lat' dir='ltr'><strong>scit</strong></span> <span class='ocrx_word' id='word_1_340' title='bbox 2131 2385 2298 2439; x_wconf 90' lang='lat' dir='ltr'><strong>homo</strong></span> <span class='ocrx_word' id='word_1_341' title='bbox 2338 2395 2555 2452; x_wconf 89' lang='lat' dir='ltr'><strong>tempus</strong></span> <span class='ocrx_word' id='word_1_342' title='bbox 2605 2398 2792 2448; x_wconf 88' lang='lat' dir='ltr'><strong>suum,</strong></span> <span class='ocrx_word' id='word_1_343' title='bbox 2835 2401 2854 2434; x_wconf 74' lang='grc' dir='ltr'><strong>ι</strong></span> <span class='ocrx_word' id='word_1_344' title='bbox 2917 2381 3010 2436; x_wconf 91' lang='lat' dir='ltr'><strong>sed</strong></span> <span class='ocrx_word' id='word_1_345' title='bbox 3077 2381 3309 2450; x_wconf 88' lang='lat' dir='ltr'><strong>piscium</strong></span> <span class='ocrx_word' id='word_1_346' title='bbox 3375 2394 3551 2444; x_wconf 83' lang='lat' dir='ltr'><strong>more,</strong></span> 
     </span>
    </p>
   </div>
   <div class='ocr_carea' id='block_1_51' title="bbox 1973 2471 3552 2548">
    <p class='ocr_par' dir='ltr' id='par_1_51' title="bbox 1973 2471 3552 2548">
     <span class='ocr_line' id='line_1_51' title="bbox 1973 2471 3552 2548; baseline -0.002 -21"><span class='ocrx_word' id='word_1_347' title='bbox 1973 2494 1994 2527; x_wconf 81' lang='grc' dir='ltr'><strong>ι</strong></span> <span class='ocrx_word' id='word_1_348' title='bbox 2027 2476 2122 2548; x_wconf 92' lang='lat' dir='ltr'><strong>qui</strong></span> <span class='ocrx_word' id='word_1_349' title='bbox 2165 2484 2420 2530; x_wconf 90' lang='lat' dir='ltr'><strong>tenentur</strong></span> <span class='ocrx_word' id='word_1_350' title='bbox 2456 2475 2511 2528; x_wconf 92' lang='lat' dir='ltr'><strong>in</strong></span> <span class='ocrx_word' id='word_1_351' title='bbox 2551 2473 2814 2528; x_wconf 88' lang='lat' dir='ltr'><strong>retiaculo</strong></span> <span class='ocrx_word' id='word_1_352' title='bbox 2857 2473 3022 2538; x_wconf 89' lang='lat' dir='ltr'><strong>malo,</strong></span> <span class='ocrx_word' id='word_1_353' title='bbox 3063 2492 3081 2524; x_wconf 74' lang='grc' dir='ltr'><strong>ι</strong></span> <span class='ocrx_word' id='word_1_354' title='bbox 3114 2482 3169 2528; x_wconf 89' lang='lat' dir='ltr'><strong>et</strong></span> <span class='ocrx_word' id='word_1_355' title='bbox 3217 2471 3362 2528; x_wconf 90' lang='lat' dir='ltr'><strong>sicut</strong></span> <span class='ocrx_word' id='word_1_356' title='bbox 3396 2471 3552 2525; x_wconf 87' lang='lat' dir='ltr'><strong>voln-</strong></span> 
     </span>
    </p>
   </div>
   <div class='ocr_carea' id='block_1_52' title="bbox 1969 2563 3554 2640">
    <p class='ocr_par' dir='ltr' id='par_1_52' title="bbox 1969 2563 3554 2640">
     <span class='ocr_line' id='line_1_52' title="bbox 1969 2563 3554 2640; baseline -0.003 -18"><span class='ocrx_word' id='word_1_357' title='bbox 1969 2585 2109 2636; x_wconf 85' lang='lat' dir='ltr'><strong>cres,</strong></span> <span class='ocrx_word' id='word_1_358' title='bbox 2138 2585 2261 2640; x_wconf 63' lang='lat' dir='ltr'><strong>quae</strong></span> <span class='ocrx_word' id='word_1_359' title='bbox 2307 2569 2559 2624; x_wconf 89' lang='lat' dir='ltr'><strong>incidunt</strong></span> <span class='ocrx_word' id='word_1_360' title='bbox 2603 2570 2656 2622; x_wconf 91' lang='lat' dir='ltr'><strong>in</strong></span> <span class='ocrx_word' id='word_1_361' title='bbox 2699 2568 2999 2637; x_wconf 86' lang='lat' dir='ltr'><strong>laqueum,</strong></span> <span class='ocrx_word' id='word_1_362' title='bbox 3053 2567 3308 2620; x_wconf 86' lang='lat' dir='ltr'><strong>homines</strong></span> <span class='ocrx_word' id='word_1_363' title='bbox 3366 2563 3554 2633; x_wconf 88' lang='lat' dir='ltr'><strong>utique</strong></span> 
     </span>
    </p>
   </div>
   <div class='ocr_carea' id='block_1_53' title="bbox 1971 2654 3552 2731">
    <p class='ocr_par' dir='ltr' id='par_1_53' title="bbox 1971 2654 3552 2731">
     <span class='ocr_line' id='line_1_53' title="bbox 1971 2654 3552 2731; baseline -0.004 -17"><span class='ocrx_word' id='word_1_364' title='bbox 1971 2661 2073 2730; x_wconf 89' lang='lat' dir='ltr'><strong>ipsi</strong></span> <span class='ocrx_word' id='word_1_365' title='bbox 2128 2662 2428 2730; x_wconf 85' lang='lat' dir='ltr'><strong>capiuntur</strong></span> <span class='ocrx_word' id='word_1_366' title='bbox 2479 2676 2621 2730; x_wconf 85' lang='lat' dir='ltr'><strong>saepe</strong></span> <span class='ocrx_word' id='word_1_367' title='bbox 2671 2655 2838 2727; x_wconf 74' lang='lat' dir='ltr'><strong>atque</strong></span> <span class='ocrx_word' id='word_1_368' title='bbox 2884 2659 3298 2731; x_wconf 71' lang='lat' dir='ltr'><strong>illaqueantur.</strong></span> <span class='ocrx_word' id='word_1_369' title='bbox 3339 2654 3552 2726; x_wconf 75' lang='lat' dir='ltr'><strong>peccati</strong></span> 
     </span>
    </p>
   </div>
   <div class='ocr_carea' id='block_1_54' title="bbox 1969 2748 3549 2823">
    <p class='ocr_par' dir='ltr' id='par_1_54' title="bbox 1969 2748 3549 2823">
     <span class='ocr_line' id='line_1_54' title="bbox 1969 2748 3549 2823; baseline -0.003 -16"><span class='ocrx_word' id='word_1_370' title='bbox 1969 2753 2180 2808; x_wconf 86' lang='lat' dir='ltr'><strong>scilicet</strong></span> <span class='ocrx_word' id='word_1_371' title='bbox 2209 2753 2440 2823; x_wconf 84' lang='lat' dir='ltr'><strong>laqueis,</strong></span> <span class='ocrx_word' id='word_1_372' title='bbox 2475 2763 2528 2807; x_wconf 85' lang='lat' dir='ltr'><strong>et</strong></span> <span class='ocrx_word' id='word_1_373' title='bbox 2557 2751 2918 2806; x_wconf 88' lang='lat' dir='ltr'><strong>consiliorum</strong></span> <span class='ocrx_word' id='word_1_374' title='bbox 2952 2750 3226 2804; x_wconf 81' lang='lat' dir='ltr'><strong>malorum</strong></span> <span class='ocrx_word' id='word_1_375' title='bbox 3260 2748 3549 2814; x_wconf 90' lang='lat' dir='ltr'><strong>retiacnlo,</strong></span> 
     </span>
    </p>
   </div>
   <div class='ocr_carea' id='block_1_55' title="bbox 1971 2841 3552 2916">
    <p class='ocr_par' dir='ltr' id='par_1_55' title="bbox 1971 2841 3552 2916">
     <span class='ocr_line' id='line_1_55' title="bbox 1971 2841 3552 2916; baseline -0.003 -18"><span class='ocrx_word' id='word_1_376' title='bbox 1971 2861 2083 2914; x_wconf 88' lang='lat' dir='ltr'><strong>quo</strong></span> <span class='ocrx_word' id='word_1_377' title='bbox 2124 2845 2399 2916; x_wconf 86' lang='lat' dir='ltr'><strong>malignus</strong></span> <span class='ocrx_word' id='word_1_378' title='bbox 2432 2845 2606 2900; x_wconf 87' lang='lat' dir='ltr'><strong>nostri</strong></span> <span class='ocrx_word' id='word_1_379' title='bbox 2633 2845 2850 2915; x_wconf 81' lang='lat' dir='ltr'><strong>generis</strong></span> <span class='ocrx_word' id='word_1_380' title='bbox 2884 2844 3062 2900; x_wconf 88' lang='lat' dir='ltr'><strong>hostis</strong></span> <span class='ocrx_word' id='word_1_381' title='bbox 3089 2841 3552 2906; x_wconf 86' lang='lat' dir='ltr'><strong>diabolusutitur,</strong></span> 
     </span>
    </p>
   </div>
   <div class='ocr_carea' id='block_1_56' title="bbox 1967 2935 3556 3009">
    <p class='ocr_par' dir='ltr' id='par_1_56' title="bbox 1967 2935 3556 3009">
     <span class='ocr_line' id='line_1_56' title="bbox 1967 2935 3556 3009; baseline -0.004 -17"><span class='ocrx_word' id='word_1_382' title='bbox 1967 2953 2092 2992; x_wconf 88' lang='lat' dir='ltr'><strong>cum</strong></span> <span class='ocrx_word' id='word_1_383' title='bbox 2127 2937 2428 3007; x_wconf 83' lang='lat' dir='ltr'><strong>improviso</strong></span> <span class='ocrx_word' id='word_1_384' title='bbox 2457 2936 2552 3009; x_wconf 90' lang='lat' dir='ltr'><strong>qui</strong></span> <span class='ocrx_word' id='word_1_385' title='bbox 2584 2937 2768 2992; x_wconf 89' lang='lat' dir='ltr'><strong>minus</strong></span> <span class='ocrx_word' id='word_1_386' title='bbox 2805 2935 2980 2992; x_wconf 87' lang='lat' dir='ltr'><strong>seduli</strong></span> <span class='ocrx_word' id='word_1_387' title='bbox 3007 2944 3156 3001; x_wconf 89' lang='lat' dir='ltr'><strong>sunt,</strong></span> <span class='ocrx_word' id='word_1_388' title='bbox 3186 2948 3291 2990; x_wconf 89' lang='lat' dir='ltr'><strong>nec</strong></span> <span class='ocrx_word' id='word_1_389' title='bbox 3322 2935 3556 3004; x_wconf 84' lang='lat' dir='ltr'><strong>opinan-</strong></span> 
     </span>
    </p>
   </div>
   <div class='ocr_carea' id='block_1_57' title="bbox 1969 3031 2306 3089">
    <p class='ocr_par' dir='ltr' id='par_1_57' title="bbox 1969 3031 2306 3089">
     <span class='ocr_line' id='line_1_57' title="bbox 1969 3031 2306 3089; baseline -0.012 -3"><span class='ocrx_word' id='word_1_390' title='bbox 1969 3043 2050 3086; x_wconf 91' lang='lat' dir='ltr'><strong>tes</strong></span> <span class='ocrx_word' id='word_1_391' title='bbox 2077 3031 2306 3089; x_wconf 80' lang='lat' dir='ltr'><strong>invadit.</strong></span> 
     </span>
    </p>
   </div>
   <div class='ocr_carea' id='block_1_58' title="bbox 2039 3117 3558 3190">
    <p class='ocr_par' dir='ltr' id='par_1_58' title="bbox 2039 3117 3558 3190">
     <span class='ocr_line' id='line_1_58' title="bbox 2039 3117 3558 3190; baseline -0.002 -17"><span class='ocrx_word' id='word_1_392' title='bbox 2039 3119 2208 3190; x_wconf 77' lang='lat'><strong>229</strong></span> <span class='ocrx_word' id='word_1_393' title='bbox 2234 3119 2347 3176; x_wconf 76' lang='lat' dir='ltr'><strong>Nos</strong></span> <span class='ocrx_word' id='word_1_394' title='bbox 2378 3135 2508 3176; x_wconf 73' lang='lat' dir='ltr'><strong>vero</strong></span> <span class='ocrx_word' id='word_1_395' title='bbox 2539 3135 2760 3190; x_wconf 69' lang='lat' dir='ltr'><strong>operam</strong></span> <span class='ocrx_word' id='word_1_396' title='bbox 2787 3121 3004 3186; x_wconf 87' lang='lat' dir='ltr'><strong>demus,</strong></span> <span class='ocrx_word' id='word_1_397' title='bbox 3054 3129 3112 3174; x_wconf 93' lang='lat' dir='ltr'><strong>ut</strong></span> <span class='ocrx_word' id='word_1_398' title='bbox 3141 3117 3384 3174; x_wconf 85' lang='lat' dir='ltr'><strong>sobriam</strong></span> <span class='ocrx_word' id='word_1_399' title='bbox 3417 3132 3558 3172; x_wconf 87' lang='lat' dir='ltr'><strong>sem-</strong></span> 
     </span>
    </p>
   </div>
   <div class='ocr_carea' id='block_1_59' title="bbox 1970 3209 3557 3282">
    <p class='ocr_par' dir='ltr' id='par_1_59' title="bbox 1970 3209 3557 3282">
     <span class='ocr_line' id='line_1_59' title="bbox 1970 3209 3557 3282; baseline -0.003 -17"><span class='ocrx_word' id='word_1_400' title='bbox 1970 3227 2066 3282; x_wconf 88' lang='lat' dir='ltr'><strong>per</strong></span> <span class='ocrx_word' id='word_1_401' title='bbox 2091 3220 2145 3264; x_wconf 89' lang='lat' dir='ltr'><strong>et</strong></span> <span class='ocrx_word' id='word_1_402' title='bbox 2185 3211 2494 3281; x_wconf 81' lang='lat' dir='ltr'><strong>vigilantem</strong></span> <span class='ocrx_word' id='word_1_403' title='bbox 2529 3221 2582 3266; x_wconf 90' lang='lat' dir='ltr'><strong>ct</strong></span> <span class='ocrx_word' id='word_1_404' title='bbox 2613 3221 2879 3266; x_wconf 85' lang='lat' dir='ltr'><strong>attentam</strong></span> <span class='ocrx_word' id='word_1_405' title='bbox 2926 3213 3092 3266; x_wconf 80' lang='lat' dir='ltr'><strong>vitam</strong></span> <span class='ocrx_word' id='word_1_406' title='bbox 3133 3225 3402 3281; x_wconf 81' lang='lat' dir='ltr'><strong>agamus,</strong></span> <span class='ocrx_word' id='word_1_407' title='bbox 3450 3209 3557 3262; x_wconf 87' lang='lat' dir='ltr'><strong>im-</strong></span> 
     </span>
    </p>
   </div>
   <div class='ocr_carea' id='block_1_60' title="bbox 271 3299 1868 3387">
    <p class='ocr_par' dir='ltr' id='par_1_60' title="bbox 271 3299 1866 3381">
     <span class='ocr_line' id='line_1_60' title="bbox 271 3299 1866 3381; baseline 0.008 -30"><span class='ocrx_word' id='word_1_408' title='bbox 271 3299 712 3373; x_wconf 74' lang='grc' dir='ltr'>ἐπικαλούμενοι</span> <span class='ocrx_word' id='word_1_409' title='bbox 735 3303 898 3376; x_wconf 83' lang='grc' dir='ltr'>χάριν</span> <span class='ocrx_word' id='word_1_410' title='bbox 924 3305 1020 3358; x_wconf 77' lang='grc' dir='ltr'><strong>καί⁹</strong></span> <span class='ocrx_word' id='word_1_411' title='bbox 1049 3307 1371 3375; x_wconf 84' lang='grc' dir='ltr'>συνέργειαν</span> <span class='ocrx_word' id='word_1_412' title='bbox 1391 3325 1404 3338; x_wconf 93' lang='grc'><strong>·</strong></span> <span class='ocrx_word' id='word_1_413' title='bbox 1439 3308 1508 3362; x_wconf 89' lang='grc' dir='ltr'><strong>δι’</strong></span> <span class='ocrx_word' id='word_1_414' title='bbox 1531 3304 1599 3381; x_wconf 87' lang='grc' dir='ltr'>ἦς</span> <span class='ocrx_word' id='word_1_415' title='bbox 1622 3307 1866 3380; x_wconf 82' lang='grc' dir='ltr'>δυνησώ-</span> 
     </span>
    </p>
   </div>
   <div class='ocr_carea' id='block_1_61' title="bbox 1976 3299 3555 3387">
    <p class='ocr_par' dir='ltr' id='par_1_61' title="bbox 1976 3301 3555 3374">
     <span class='ocr_line' id='line_1_61' title="bbox 1976 3301 3555 3374; baseline 0 -18"><span class='ocrx_word' id='word_1_416' title='bbox 1976 3303 2360 3372; x_wconf 76' lang='lat' dir='ltr'><strong>plorem&#39;usque</strong></span> <span class='ocrx_word' id='word_1_417' title='bbox 2387 3319 2684 3374; x_wconf 84' lang='lat' dir='ltr'><strong>supernam</strong></span> <span class='ocrx_word' id='word_1_418' title='bbox 2720 3305 2954 3374; x_wconf 79' lang='lat' dir='ltr'><strong>gratiam</strong></span> <span class='ocrx_word' id='word_1_419' title='bbox 2990 3313 3044 3358; x_wconf 87' lang='lat' dir='ltr'><strong>et</strong></span> <span class='ocrx_word' id='word_1_420' title='bbox 3073 3319 3233 3372; x_wconf 89' lang='lat' dir='ltr'><strong>opem</strong></span> <span class='ocrx_word' id='word_1_421' title='bbox 3258 3303 3314 3356; x_wconf 91' lang='lat' dir='ltr'><strong>in</strong></span> <span class='ocrx_word' id='word_1_422' title='bbox 3339 3301 3555 3372; x_wconf 86' lang='lat' dir='ltr'><strong>agendo</strong></span> 
     </span>
    </p>
   </div>
   <div class='ocr_carea' id='block_1_62' title="bbox 275 3392 1868 3469">
    <p class='ocr_par' dir='ltr' id='par_1_62' title="bbox 275 3392 1868 3469">
     <span class='ocr_line' id='line_1_62' title="bbox 275 3392 1868 3469; baseline 0.006 -25"><span class='ocrx_word' id='word_1_423' title='bbox 275 3393 427 3461; x_wconf 79' lang='grc' dir='ltr'>μεοα</span> <span class='ocrx_word' id='word_1_424' title='bbox 454 3392 562 3446; x_wconf 86' lang='grc' dir='ltr'><strong>τῶν</strong></span> <span class='ocrx_word' id='word_1_425' title='bbox 585 3393 1052 3451; x_wconf 76' lang='grc' dir='ltr'>ὲπιῦουλσυόντων</span> <span class='ocrx_word' id='word_1_426' title='bbox 1082 3398 1332 3469; x_wconf 81' lang='grc' dir='ltr'>ὲφὲδρων</span> <span class='ocrx_word' id='word_1_427' title='bbox 1361 3399 1457 3453; x_wconf 79' lang='grc' dir='ltr'><strong>καὶ</strong></span> <span class='ocrx_word' id='word_1_428' title='bbox 1489 3399 1740 3455; x_wconf 84' lang='grc' dir='ltr'>κλεπτῶν</span> <span class='ocrx_word' id='word_1_429' title='bbox 1777 3402 1868 3454; x_wconf 74' lang='grc' dir='ltr'><strong>καί¹</strong></span> 
     </span>
    </p>
   </div>
   <div class='ocr_carea' id='block_1_63' title="bbox 1976 3392 3557 3469">
    <p class='ocr_par' dir='ltr' id='par_1_63' title="bbox 1976 3393 3557 3467">
     <span class='ocr_line' id='line_1_63' title="bbox 1976 3393 3557 3467; baseline -0.005 -15"><span class='ocrx_word' id='word_1_430' title='bbox 1976 3395 2300 3464; x_wconf 82' lang='lat' dir='ltr'><strong>adjutricem</strong></span> <span class='ocrx_word' id='word_1_431' title='bbox 2330 3411 2346 3462; x_wconf 89' lang='lat'><strong>;</strong></span> <span class='ocrx_word' id='word_1_432' title='bbox 2375 3411 2484 3467; x_wconf 87' lang='lat' dir='ltr'><strong>qua</strong></span> <span class='ocrx_word' id='word_1_433' title='bbox 2515 3396 2902 3450; x_wconf 90' lang='lat' dir='ltr'><strong>insidiatorum</strong></span> <span class='ocrx_word' id='word_1_434' title='bbox 2930 3404 2984 3450; x_wconf 89' lang='lat' dir='ltr'><strong>et</strong></span> <span class='ocrx_word' id='word_1_435' title='bbox 3025 3393 3210 3448; x_wconf 83' lang='lat' dir='ltr'><strong>furum</strong></span> <span class='ocrx_word' id='word_1_436' title='bbox 3244 3393 3557 3446; x_wconf 80' lang='lat' dir='ltr'><strong>latronum-</strong></span> 
     </span>
    </p>
   </div>
   <div class='ocr_carea' id='block_1_64' title="bbox 269 3483 1868 3564">
    <p class='ocr_par' dir='ltr' id='par_1_64' title="bbox 269 3485 1868 3564">
     <span class='ocr_line' id='line_1_64' title="bbox 269 3485 1868 3564; baseline 0.006 -28"><span class='ocrx_word' id='word_1_437' title='bbox 269 3485 498 3556; x_wconf 79' lang='grc' dir='ltr'>λῃστῶν</span> <span class='ocrx_word' id='word_1_438' title='bbox 548 3487 1002 3560; x_wconf 81' lang='grc' dir='ltr'>ὑπεραναπτῆναι</span> <span class='ocrx_word' id='word_1_439' title='bbox 1044 3489 1144 3560; x_wconf 84' lang='grc' dir='ltr'><strong>τῆς</strong></span> <span class='ocrx_word' id='word_1_440' title='bbox 1196 3491 1380 3562; x_wconf 86' lang='grc' dir='ltr'>πάγης</span> <span class='ocrx_word' id='word_1_441' title='bbox 1413 3493 1506 3546; x_wconf 73' lang='grc' dir='ltr'><strong>καὶ</strong></span> <span class='ocrx_word' id='word_1_442' title='bbox 1529 3494 1714 3564; x_wconf 85' lang='grc' dir='ltr'>πάσης</span> <span class='ocrx_word' id='word_1_443' title='bbox 1751 3495 1868 3548; x_wconf 79' lang='grc' dir='ltr'>ἑπι-</span> 
     </span>
    </p>
   </div>
   <div class='ocr_carea' id='block_1_65' title="bbox 1976 3483 3556 3564">
    <p class='ocr_par' dir='ltr' id='par_1_65' title="bbox 1976 3483 3556 3558">
     <span class='ocr_line' id='line_1_65' title="bbox 1976 3483 3556 3558; baseline -0.003 -18"><span class='ocrx_word' id='word_1_444' title='bbox 1976 3503 2080 3557; x_wconf 88' lang='lat' dir='ltr'><strong>que</strong></span> <span class='ocrx_word' id='word_1_445' title='bbox 2104 3489 2332 3558; x_wconf 86' lang='lat' dir='ltr'><strong>laqueos</strong></span> <span class='ocrx_word' id='word_1_446' title='bbox 2376 3497 2429 3542; x_wconf 90' lang='lat' dir='ltr'><strong>et</strong></span> <span class='ocrx_word' id='word_1_447' title='bbox 2477 3487 2636 3542; x_wconf 88' lang='lat' dir='ltr'><strong>dolos</strong></span> <span class='ocrx_word' id='word_1_448' title='bbox 2669 3501 2862 3542; x_wconf 86' lang='lat' dir='ltr'><strong>omnes</strong></span> <span class='ocrx_word' id='word_1_449' title='bbox 2899 3494 2953 3542; x_wconf 86' lang='lat' dir='ltr'><strong>et</strong></span> <span class='ocrx_word' id='word_1_450' title='bbox 3009 3485 3254 3540; x_wconf 80' lang='lat' dir='ltr'><strong>furorem</strong></span> <span class='ocrx_word' id='word_1_451' title='bbox 3313 3483 3556 3554; x_wconf 76' lang='lat' dir='ltr'><strong>eﬂ‘ugere</strong></span> 
     </span>
    </p>
   </div>
   <div class='ocr_carea' id='block_1_66' title="bbox 270 3575 1868 3655">
    <p class='ocr_par' dir='ltr' id='par_1_66' title="bbox 270 3578 1868 3655">
     <span class='ocr_line' id='line_1_66' title="bbox 270 3578 1868 3655; baseline 0.006 -25"><span class='ocrx_word' id='word_1_452' title='bbox 270 3578 486 3650; x_wconf 77' lang='grc' dir='ltr'>σουλῆς</span> <span class='ocrx_word' id='word_1_453' title='bbox 532 3581 630 3634; x_wconf 74' lang='grc' dir='ltr'><strong>καὶ</strong></span> <span class='ocrx_word' id='word_1_454' title='bbox 663 3579 864 3654; x_wconf 85' lang='grc' dir='ltr'>λύττης</span> <span class='ocrx_word' id='word_1_455' title='bbox 897 3581 1098 3648; x_wconf 81' lang='grc' dir='ltr'>αὐτῶν,</span> <span class='ocrx_word' id='word_1_456' title='bbox 1147 3583 1441 3655; x_wconf 79' lang='grc' dir='ltr'>εὑρεθῆναι</span> <span class='ocrx_word' id='word_1_457' title='bbox 1485 3585 1541 3636; x_wconf 84' lang='grc' dir='ltr'>δὲ</span> <span class='ocrx_word' id='word_1_458' title='bbox 1596 3583 1868 3654; x_wconf 84' lang='grc' dir='ltr'>βελτίους,</span> 
     </span>
    </p>
   </div>
   <div class='ocr_carea' id='block_1_67' title="bbox 1976 3575 3554 3655">
    <p class='ocr_par' dir='ltr' id='par_1_67' title="bbox 1976 3575 3554 3650">
     <span class='ocr_line' id='line_1_67' title="bbox 1976 3575 3554 3650; baseline -0.002 -18"><span class='ocrx_word' id='word_1_459' title='bbox 1976 3581 2269 3649; x_wconf 73' lang='lat' dir='ltr'><strong>possimus,</strong></span> <span class='ocrx_word' id='word_1_460' title='bbox 2306 3591 2362 3636; x_wconf 91' lang='lat' dir='ltr'><strong>et</strong></span> <span class='ocrx_word' id='word_1_461' title='bbox 2408 3579 2609 3634; x_wconf 85' lang='lat' dir='ltr'><strong>virtute</strong></span> <span class='ocrx_word' id='word_1_462' title='bbox 2648 3579 3065 3650; x_wconf 85' lang='lat' dir='ltr'><strong>praestantiores</strong></span> <span class='ocrx_word' id='word_1_463' title='bbox 3098 3577 3228 3634; x_wconf 82' lang='lat' dir='ltr'><strong>facti</strong></span> <span class='ocrx_word' id='word_1_464' title='bbox 3256 3619 3268 3640; x_wconf 85' lang='lat'><strong>,</strong></span> <span class='ocrx_word' id='word_1_465' title='bbox 3317 3575 3554 3646; x_wconf 82' lang='lat' dir='ltr'><strong>spiritali</strong></span> 
     </span>
    </p>
   </div>
   <div class='ocr_carea' id='block_1_68' title="bbox 271 3667 1868 3745">
    <p class='ocr_par' dir='ltr' id='par_1_68' title="bbox 271 3669 1868 3745">
     <span class='ocr_line' id='line_1_68' title="bbox 271 3669 1868 3745; baseline 0.005 -25"><span class='ocrx_word' id='word_1_466' title='bbox 271 3669 376 3721; x_wconf 76' lang='grc' dir='ltr'><strong>καὶ</strong></span> <span class='ocrx_word' id='word_1_467' title='bbox 407 3669 690 3734; x_wconf 82' lang='grc' dir='ltr'>παντελῶς</span> <span class='ocrx_word' id='word_1_468' title='bbox 723 3672 1079 3743; x_wconf 84' lang='grc' dir='ltr'>οῑκειωθῆναι</span> <span class='ocrx_word' id='word_1_469' title='bbox 1109 3673 1187 3745; x_wconf 83' lang='grc' dir='ltr'><strong>τῷ</strong></span> <span class='ocrx_word' id='word_1_470' title='bbox 1215 3674 1335 3743; x_wconf 82' lang='grc' dir='ltr'>Θεῷ</span> <span class='ocrx_word' id='word_1_471' title='bbox 1358 3675 1446 3728; x_wconf 83' lang='grc' dir='ltr'><strong>διά</strong></span> <span class='ocrx_word' id='word_1_472' title='bbox 1474 3675 1689 3738; x_wconf 73' lang='grc' dir='ltr'>τελείας</span> <span class='ocrx_word' id='word_1_473' title='bbox 1720 3677 1868 3745; x_wconf 81' lang='grc' dir='ltr'>ἅγιο-</span> 
     </span>
    </p>
   </div>
   <div class='ocr_carea' id='block_1_69' title="bbox 1976 3667 3556 3745">
    <p class='ocr_par' dir='ltr' id='par_1_69' title="bbox 1976 3667 3556 3742">
     <span class='ocr_line' id='line_1_69' title="bbox 1976 3667 3556 3742; baseline 0.001 -19"><span class='ocrx_word' id='word_1_474' title='bbox 1976 3672 2207 3740; x_wconf 84' lang='lat' dir='ltr'><strong>quodam</strong></span> <span class='ocrx_word' id='word_1_475' title='bbox 2253 3673 2546 3726; x_wconf 83' lang='lat' dir='ltr'><strong>sanctioris</strong></span> <span class='ocrx_word' id='word_1_476' title='bbox 2588 3687 2653 3728; x_wconf 86' lang='lat' dir='ltr'><strong>ac</strong></span> <span class='ocrx_word' id='word_1_477' title='bbox 2691 3671 3036 3742; x_wconf 82' lang='lat' dir='ltr'><strong>perfectioris</strong></span> <span class='ocrx_word' id='word_1_478' title='bbox 3079 3671 3202 3725; x_wconf 68' lang='lat' dir='ltr'><strong>vita:</strong></span> <span class='ocrx_word' id='word_1_479' title='bbox 3250 3685 3394 3723; x_wconf 80' lang='lat' dir='ltr'><strong>nexu</strong></span> <span class='ocrx_word' id='word_1_480' title='bbox 3429 3667 3556 3724; x_wconf 84' lang='lat' dir='ltr'><strong>.Deo</strong></span> 
     </span>
    </p>
   </div>
   <div class='ocr_carea' id='block_1_70' title="bbox 279 3758 1868 3836">
    <p class='ocr_par' dir='ltr' id='par_1_70' title="bbox 279 3762 1868 3836">
     <span class='ocr_line' id='line_1_70' title="bbox 279 3762 1868 3836; baseline 0.004 -22"><span class='ocrx_word' id='word_1_481' title='bbox 279 3762 530 3830; x_wconf 72' lang='grc' dir='ltr'>πρεποῦς</span> <span class='ocrx_word' id='word_1_482' title='bbox 579 3765 676 3818; x_wconf 82' lang='grc' dir='ltr'><strong>καὶ</strong></span> <span class='ocrx_word' id='word_1_483' title='bbox 729 3766 1114 3836; x_wconf 78' lang='grc' dir='ltr'>πνευματικῆς</span> <span class='ocrx_word' id='word_1_484' title='bbox 1163 3768 1594 3831; x_wconf 81' lang='grc' dir='ltr'>καταστάσεως·</span> <span class='ocrx_word' id='word_1_485' title='bbox 1639 3768 1728 3820; x_wconf 84' lang='grc' dir='ltr'>ἵνα</span> <span class='ocrx_word' id='word_1_486' title='bbox 1774 3769 1868 3822; x_wconf 72' lang='grc' dir='ltr'><strong>καὶ</strong></span> 
     </span>
    </p>
   </div>
   <div class='ocr_carea' id='block_1_71' title="bbox 1976 3758 3555 3836">
    <p class='ocr_par' dir='ltr' id='par_1_71' title="bbox 1976 3758 3555 3833">
     <span class='ocr_line' id='line_1_71' title="bbox 1976 3758 3555 3833; baseline -0.001 -17"><span class='ocrx_word' id='word_1_487' title='bbox 1976 3763 2132 3833; x_wconf 89' lang='lat' dir='ltr'><strong>plane</strong></span> <span class='ocrx_word' id='word_1_488' title='bbox 2161 3764 2588 3833; x_wconf 83' lang='lat' dir='ltr'><strong>eonjungamur,</strong></span> <span class='ocrx_word' id='word_1_489' title='bbox 2637 3762 2823 3833; x_wconf 86' lang='lat' dir='ltr'><strong>itaque</strong></span> <span class='ocrx_word' id='word_1_490' title='bbox 2865 3762 3110 3818; x_wconf 76' lang='lat' dir='ltr'><strong>cmlestis</strong></span> <span class='ocrx_word' id='word_1_491' title='bbox 3133 3775 3354 3830; x_wconf 88' lang='lat' dir='ltr'><strong>quoque</strong></span> <span class='ocrx_word' id='word_1_492' title='bbox 3400 3758 3555 3830; x_wconf 88' lang='lat' dir='ltr'><strong>regni</strong></span> 
     </span>
    </p>
   </div>
   <div class='ocr_carea' id='block_1_72' title="bbox 275 3851 1868 3930">
    <p class='ocr_par' dir='ltr' id='par_1_72' title="bbox 275 3854 1868 3930">
     <span class='ocr_line' id='line_1_72' title="bbox 275 3854 1868 3930; baseline 0.004 -24"><span class='ocrx_word' id='word_1_493' title='bbox 275 3855 382 3923; x_wconf 81' lang='grc' dir='ltr'>τὴν</span> <span class='ocrx_word' id='word_1_494' title='bbox 411 3855 520 3907; x_wconf 88' lang='grc' dir='ltr'><strong>τῶν</strong></span> <span class='ocrx_word' id='word_1_495' title='bbox 544 3855 796 3926; x_wconf 83' lang='grc' dir='ltr'>οὐρανῶν</span> <span class='ocrx_word' id='word_1_496' title='bbox 820 3857 1104 3927; x_wconf 83' lang='grc' dir='ltr'>βασιλείαν</span> <span class='ocrx_word' id='word_1_497' title='bbox 1133 3858 1663 3930; x_wconf 84' lang='grc' dir='ltr'>κληρονομήσωμεν,</span> <span class='ocrx_word' id='word_1_498' title='bbox 1701 3854 1868 3913; x_wconf 78' lang='grc' dir='ltr'>ἐνάύ-</span> 
     </span>
    </p>
   </div>
   <div class='ocr_carea' id='block_1_73' title="bbox 1976 3851 3555 3930">
    <p class='ocr_par' dir='ltr' id='par_1_73' title="bbox 1976 3851 3555 3924">
     <span class='ocr_line' id='line_1_73' title="bbox 1976 3851 3555 3924; baseline -0.003 -15"><span class='ocrx_word' id='word_1_499' title='bbox 1976 3854 2344 3910; x_wconf 74' lang='lat' dir='ltr'><strong>haereditatem</strong></span> <span class='ocrx_word' id='word_1_500' title='bbox 2383 3855 2664 3920; x_wconf 82' lang='lat' dir='ltr'><strong>adeamus,</strong></span> <span class='ocrx_word' id='word_1_501' title='bbox 2712 3870 2838 3909; x_wconf 90' lang='lat' dir='ltr'><strong>cum</strong></span> <span class='ocrx_word' id='word_1_502' title='bbox 2890 3854 3008 3924; x_wconf 87' lang='lat' dir='ltr'><strong>ipso</strong></span> <span class='ocrx_word' id='word_1_503' title='bbox 3041 3852 3266 3909; x_wconf 88' lang='lat' dir='ltr'><strong>Christo</strong></span> <span class='ocrx_word' id='word_1_504' title='bbox 3307 3851 3419 3907; x_wconf 89' lang='lat' dir='ltr'><strong>Deo</strong></span> <span class='ocrx_word' id='word_1_505' title='bbox 3449 3865 3555 3905; x_wconf 59' lang='lat' dir='ltr'><strong>no.</strong></span> 
     </span>
    </p>
   </div>
   <div class='ocr_carea' id='block_1_74' title="bbox 269 3941 1868 4020">
    <p class='ocr_par' dir='ltr' id='par_1_74' title="bbox 269 3941 1868 4020">
     <span class='ocr_line' id='line_1_74' title="bbox 269 3941 1868 4020; baseline 0.003 -22"><span class='ocrx_word' id='word_1_506' title='bbox 269 3947 354 4016; x_wconf 80' lang='grc' dir='ltr'>τῷ</span> <span class='ocrx_word' id='word_1_507' title='bbox 379 3946 606 4016; x_wconf 79' lang='grc' dir='ltr'>Χριστῷ</span> <span class='ocrx_word' id='word_1_508' title='bbox 635 3945 714 4016; x_wconf 82' lang='grc' dir='ltr'>τῷ</span> <span class='ocrx_word' id='word_1_509' title='bbox 742 3947 862 4017; x_wconf 80' lang='grc' dir='ltr'><strong>Θεῷ</strong></span> <span class='ocrx_word' id='word_1_510' title='bbox 896 3947 1075 4018; x_wconf 78' lang='grc' dir='ltr'>ἡμῶν,</span> <span class='ocrx_word' id='word_1_511' title='bbox 1117 3941 1162 4016; x_wconf 82' lang='grc' dir='ltr'>ᾧ</span> <span class='ocrx_word' id='word_1_512' title='bbox 1195 3950 1229 4020; x_wconf 80' lang='grc' dir='ltr'><strong>ἡ</strong></span> <span class='ocrx_word' id='word_1_513' title='bbox 1261 3949 1386 4015; x_wconf 75' lang='grc' dir='ltr'>δόξα</span> <span class='ocrx_word' id='word_1_514' title='bbox 1427 3949 1524 4003; x_wconf 73' lang='grc' dir='ltr'><strong>καὶ</strong></span> <span class='ocrx_word' id='word_1_515' title='bbox 1565 3949 1627 4002; x_wconf 81' lang='grc' dir='ltr'>τὸ</span> <span class='ocrx_word' id='word_1_516' title='bbox 1663 3951 1868 4020; x_wconf 86' lang='grc' dir='ltr'>κράτος</span> 
     </span>
    </p>
   </div>
   <div class='ocr_carea' id='block_1_75' title="bbox 271 4032 1868 4114">
    <p class='ocr_par' dir='ltr' id='par_1_75' title="bbox 271 4032 1868 4114">
     <span class='ocr_line' id='line_1_75' title="bbox 271 4032 1868 4114; baseline 0.005 -25"><span class='ocrx_word' id='word_1_517' title='bbox 271 4032 377 4090; x_wconf 70' lang='grc' dir='ltr'>σὺν</span> <span class='ocrx_word' id='word_1_518' title='bbox 421 4036 500 4108; x_wconf 83' lang='grc' dir='ltr'><strong>τῷ</strong></span> <span class='ocrx_word' id='word_1_519' title='bbox 551 4038 954 4110; x_wconf 85' lang='grc' dir='ltr'>παντοκράτορι</span> <span class='ocrx_word' id='word_1_520' title='bbox 993 4041 1172 4112; x_wconf 72' lang='grc' dir='ltr'>Πατρὶ</span> <span class='ocrx_word' id='word_1_521' title='bbox 1217 4041 1313 4094; x_wconf 73' lang='grc' dir='ltr'><strong>καὶ</strong></span> <span class='ocrx_word' id='word_1_522' title='bbox 1355 4039 1432 4112; x_wconf 81' lang='grc' dir='ltr'><strong>τῷ</strong></span> <span class='ocrx_word' id='word_1_523' title='bbox 1467 4044 1720 4114; x_wconf 71' lang='grc' dir='ltr'>παναίίῳ</span> <span class='ocrx_word' id='word_1_524' title='bbox 1770 4043 1868 4098; x_wconf 77' lang='grc' dir='ltr'><strong>καὶ</strong></span> 
     </span>
    </p>
   </div>
   <div class='ocr_carea' id='block_1_76' title="bbox 266 4127 1865 4204">
    <p class='ocr_par' dir='ltr' id='par_1_76' title="bbox 266 4127 1865 4204">
     <span class='ocr_line' id='line_1_76' title="bbox 266 4127 1865 4204; baseline 0.003 -20"><span class='ocrx_word' id='word_1_525' title='bbox 266 4127 474 4199; x_wconf 74' lang='grc' dir='ltr'><strong>ἀγαθῷ</strong></span> <span class='ocrx_word' id='word_1_526' title='bbox 513 4131 608 4182; x_wconf 80' lang='grc' dir='ltr'><strong>καὶ</strong></span> <span class='ocrx_word' id='word_1_527' title='bbox 651 4128 904 4201; x_wconf 80' lang='grc' dir='ltr'>ζωοποιῷ</span> <span class='ocrx_word' id='word_1_528' title='bbox 947 4133 1250 4204; x_wconf 75' lang='grc' dir='ltr'>Πνεύμαιι,</span> <span class='ocrx_word' id='word_1_529' title='bbox 1281 4133 1376 4188; x_wconf 79' lang='grc' dir='ltr'>νῦν</span> <span class='ocrx_word' id='word_1_530' title='bbox 1417 4135 1511 4190; x_wconf 71' lang='grc' dir='ltr'><strong>καὶ</strong></span> <span class='ocrx_word' id='word_1_531' title='bbox 1541 4137 1630 4192; x_wconf 78' lang='grc' dir='ltr'><strong>ἀεὶ</strong></span> <span class='ocrx_word' id='word_1_532' title='bbox 1661 4135 1756 4192; x_wconf 81' lang='grc' dir='ltr'><strong>καὶ</strong></span> <span class='ocrx_word' id='word_1_533' title='bbox 1783 4137 1865 4202; x_wconf 80' lang='grc' dir='ltr'>εἰς</span> 
     </span>
    </p>
   </div>
   <div class='ocr_carea' id='block_1_77' title="bbox 1971 3946 3552 4018">
    <p class='ocr_par' dir='ltr' id='par_1_77' title="bbox 1971 3946 3552 4018">
     <span class='ocr_line' id='line_1_77' title="bbox 1971 3946 3552 4018; baseline -0.003 -16"><span class='ocrx_word' id='word_1_534' title='bbox 1971 3957 2108 4011; x_wconf 91' lang='lat' dir='ltr'><strong>stro,</strong></span> <span class='ocrx_word' id='word_1_535' title='bbox 2149 3949 2234 4003; x_wconf 87' lang='lat' dir='ltr'><strong>cui</strong></span> <span class='ocrx_word' id='word_1_536' title='bbox 2262 3947 2435 4018; x_wconf 87' lang='lat' dir='ltr'><strong>gloria</strong></span> <span class='ocrx_word' id='word_1_537' title='bbox 2469 3957 2526 4004; x_wconf 91' lang='lat' dir='ltr'><strong>et</strong></span> <span class='ocrx_word' id='word_1_538' title='bbox 2554 3949 2844 4018; x_wconf 86' lang='lat' dir='ltr'><strong>imperium</strong></span> <span class='ocrx_word' id='word_1_539' title='bbox 2879 3963 3003 4002; x_wconf 87' lang='lat' dir='ltr'><strong>eum</strong></span> <span class='ocrx_word' id='word_1_540' title='bbox 3037 3947 3418 4016; x_wconf 85' lang='lat' dir='ltr'><strong>omnipotente</strong></span> <span class='ocrx_word' id='word_1_541' title='bbox 3445 3946 3552 3999; x_wconf 82' lang='lat' dir='ltr'><strong>Pa-</strong></span> 
     </span>
    </p>
   </div>
   <div class='ocr_carea' id='block_1_78' title="bbox 1973 4037 3551 4110">
    <p class='ocr_par' dir='ltr' id='par_1_78' title="bbox 1973 4037 3551 4110">
     <span class='ocr_line' id='line_1_78' title="bbox 1973 4037 3551 4110; baseline -0.001 -17"><span class='ocrx_word' id='word_1_542' title='bbox 1973 4048 2054 4093; x_wconf 90' lang='lat' dir='ltr'><strong>tre</strong></span> <span class='ocrx_word' id='word_1_543' title='bbox 2079 4049 2133 4094; x_wconf 91' lang='lat' dir='ltr'><strong>et</strong></span> <span class='ocrx_word' id='word_1_544' title='bbox 2188 4048 2386 4095; x_wconf 83' lang='lat' dir='ltr'><strong>sancto</strong></span> <span class='ocrx_word' id='word_1_545' title='bbox 2431 4039 2686 4110; x_wconf 88' lang='lat' dir='ltr'><strong>bonoque</strong></span> <span class='ocrx_word' id='word_1_546' title='bbox 2727 4054 2790 4094; x_wconf 90' lang='lat' dir='ltr'><strong>ac</strong></span> <span class='ocrx_word' id='word_1_547' title='bbox 2849 4039 2975 4094; x_wconf 72' lang='lat' dir='ltr'><strong>vita:</strong></span> <span class='ocrx_word' id='word_1_548' title='bbox 3025 4049 3256 4092; x_wconf 85' lang='lat' dir='ltr'><strong>auctore</strong></span> <span class='ocrx_word' id='word_1_549' title='bbox 3317 4037 3551 4107; x_wconf 80' lang='lat' dir='ltr'><strong>Spiritu,</strong></span> 
     </span>
    </p>
   </div>
   <div class='ocr_carea' id='block_1_79' title="bbox 1971 4129 3456 4201">
    <p class='ocr_par' dir='ltr' id='par_1_79' title="bbox 1971 4129 3456 4201">
     <span class='ocr_line' id='line_1_79' title="bbox 1971 4129 3456 4201; baseline -0.001 -17"><span class='ocrx_word' id='word_1_550' title='bbox 1971 4146 2120 4190; x_wconf 88' lang='lat' dir='ltr'><strong>nunc</strong></span> <span class='ocrx_word' id='word_1_551' title='bbox 2155 4139 2210 4186; x_wconf 86' lang='lat' dir='ltr'><strong>et</strong></span> <span class='ocrx_word' id='word_1_552' title='bbox 2241 4147 2456 4201; x_wconf 87' lang='lat' dir='ltr'><strong>semper</strong></span> <span class='ocrx_word' id='word_1_553' title='bbox 2483 4139 2537 4186; x_wconf 88' lang='lat' dir='ltr'><strong>et</strong></span> <span class='ocrx_word' id='word_1_554' title='bbox 2563 4131 2617 4185; x_wconf 87' lang='lat' dir='ltr'><strong>in</strong></span> <span class='ocrx_word' id='word_1_555' title='bbox 2651 4131 2849 4186; x_wconf 72' lang='lat' dir='ltr'><strong>saecula</strong></span> <span class='ocrx_word' id='word_1_556' title='bbox 2882 4129 3228 4185; x_wconf 69' lang='lat' dir='ltr'><strong>sarculorum.</strong></span> <span class='ocrx_word' id='word_1_557' title='bbox 3257 4131 3456 4182; x_wconf 85' lang='lat' dir='ltr'><strong>Amen.</strong></span> 
     </span>
    </p>
   </div>
   <div class='ocr_carea' id='block_1_80' title="bbox 264 4217 1270 4294">
    <p class='ocr_par' dir='ltr' id='par_1_80' title="bbox 264 4217 1270 4294">
     <span class='ocr_line' id='line_1_80' title="bbox 264 4217 1270 4294; baseline 0.008 -24"><span class='ocrx_word' id='word_1_558' title='bbox 264 4218 405 4282; x_wconf 75' lang='grc' dir='ltr'>τοὺς</span> <span class='ocrx_word' id='word_1_559' title='bbox 441 4217 647 4282; x_wconf 81' lang='grc' dir='ltr'>αἰῶνας</span> <span class='ocrx_word' id='word_1_560' title='bbox 671 4217 781 4272; x_wconf 87' lang='grc' dir='ltr'><strong>τῶν</strong></span> <span class='ocrx_word' id='word_1_561' title='bbox 801 4219 1035 4276; x_wconf 72' lang='grc' dir='ltr'>αἰώνων.</span> <span class='ocrx_word' id='word_1_562' title='bbox 1074 4222 1270 4294; x_wconf 67' lang='grc' dir='ltr'>Ἀμήν.</span> 
     </span>
    </p>
   </div>
   <div class='ocr_carea' id='block_1_81' title="bbox 341 4452 2363 4482">
    <p class='ocr_par' dir='ltr' id='par_1_81' title="bbox 341 4452 2363 4482">
     <span class='ocr_line' id='line_1_81' title="bbox 341 4452 2363 4482; baseline 0.005 -9"><span class='ocrx_word' id='word_1_563' title='bbox 341 4452 2363 4482; x_wconf 52' lang='lat' dir='ltr'><em>W</em></span> 
     </span>
    </p>
   </div>
   <div class='ocr_carea' id='block_1_82' title="bbox 1440 4661 2406 4753">
    <p class='ocr_par' dir='ltr' id='par_1_82' title="bbox 1440 4661 2406 4753">
     <span class='ocr_line' id='line_1_82' title="bbox 1440 4661 2406 4753; baseline -0.005 -2"><span class='ocrx_word' id='word_1_564' title='bbox 1440 4661 1810 4752; x_wconf 87' lang='grc' dir='ltr'><strong>ΛΟΓΟΣ</strong></span> <span class='ocrx_word' id='word_1_565' title='bbox 1863 4661 2406 4753; x_wconf 87' lang='grc' dir='ltr'><strong>ΕΝΝΑΤΟΣ.</strong></span> 
     </span>
    </p>
   </div>
   <div class='ocr_carea' id='block_1_83' title="bbox 1868 4888 1940 4904">
    <p class='ocr_par' dir='ltr' id='par_1_83' title="bbox 1868 4888 1940 4904">
     <span class='ocr_line' id='line_1_83' title="bbox 1868 4888 1940 4904; baseline 0 -4"><span class='ocrx_word' id='word_1_566' title='bbox 1868 4888 1940 4904; x_wconf 67' lang='grc' dir='ltr'><strong>αι-</strong></span> 
     </span>
    </p>
   </div>
   <div class='ocr_carea' id='block_1_84' title="bbox 1460 5034 2348 5130">
    <p class='ocr_par' dir='ltr' id='par_1_84' title="bbox 1460 5034 2348 5130">
     <span class='ocr_line' id='line_1_84' title="bbox 1460 5034 2348 5130; baseline -0.001 -6"><span class='ocrx_word' id='word_1_567' title='bbox 1460 5035 1825 5126; x_wconf 72' lang='lat' dir='ltr'><strong>LIBER</strong></span> <span class='ocrx_word' id='word_1_568' title='bbox 1901 5034 2348 5130; x_wconf 89' lang='lat' dir='ltr'><strong>NONUS.</strong></span> 
     </span>
    </p>
   </div>
   <div class='ocr_carea' id='block_1_85' title="bbox 1868 5251 1942 5264">
    <p class='ocr_par' dir='ltr' id='par_1_85' title="bbox 1868 5251 1942 5264">
     <span class='ocr_line' id='line_1_85' title="bbox 1868 5251 1942 5264; baseline 0.014 -3"><span class='ocrx_word' id='word_1_569' title='bbox 1868 5251 1942 5264; x_wconf 65' lang='grc' dir='ltr'><strong>ο..</strong></span> 
     </span>
    </p>
   </div>
   <div class='ocr_carea' id='block_1_86' title="bbox 1855 5332 1953 5405">
    <p class='ocr_par' dir='ltr' id='par_1_86' title="bbox 1855 5332 1953 5405">
     <span class='ocr_line' id='line_1_86' title="bbox 1855 5332 1953 5405; baseline 0.031 -17"><span class='ocrx_word' id='word_1_570' title='bbox 1855 5332 1953 5405; x_wconf 66' lang='grc' dir='ltr'>ιι.</span> 
     </span>
    </p>
   </div>
   <div class='ocr_carea' id='block_1_87' title="bbox 345 5474 1868 5561">
    <p class='ocr_par' dir='ltr' id='par_1_87' title="bbox 345 5481 1858 5555">
     <span class='ocr_line' id='line_1_87' title="bbox 345 5481 1858 5555; baseline 0.001 -14"><span class='ocrx_word' id='word_1_571' title='bbox 345 5488 460 5542; x_wconf 83' lang='grc' dir='ltr'>Καί</span> <span class='ocrx_word' id='word_1_572' title='bbox 511 5501 576 5554; x_wconf 73' lang='grc' dir='ltr'>γε</span> <span class='ocrx_word' id='word_1_573' title='bbox 623 5484 791 5541; x_wconf 77' lang='grc' dir='ltr'>είδον-</span> <span class='ocrx_word' id='word_1_574' title='bbox 841 5481 1042 5548; x_wconf 61' lang='lat' dir='ltr'><strong>miro,</strong></span> <span class='ocrx_word' id='word_1_575' title='bbox 1093 5484 1323 5554; x_wconf 64' lang='grc' dir='ltr'>σοφίαν</span> <span class='ocrx_word' id='word_1_576' title='bbox 1350 5485 1470 5542; x_wconf 79' lang='grc' dir='ltr'><strong>ὑπὸ</strong></span> <span class='ocrx_word' id='word_1_577' title='bbox 1513 5487 1621 5540; x_wconf 74' lang='grc' dir='ltr'><strong>τὸν</strong></span> <span class='ocrx_word' id='word_1_578' title='bbox 1660 5487 1858 5555; x_wconf 73' lang='grc' dir='ltr'>ἥλιον,</span> 
     </span>
    </p>
   </div>
   <div class='ocr_carea' id='block_1_88' title="bbox 1976 5474 3610 5561">
    <p class='ocr_par' dir='ltr' id='par_1_88' title="bbox 2037 5474 3610 5561">
     <span class='ocr_line' id='line_1_88' title="bbox 2037 5474 3610 5561; baseline -0.005 -15"><span class='ocrx_word' id='word_1_579' title='bbox 2037 5491 2202 5561; x_wconf 82' lang='lat' dir='ltr'><strong>23o</strong></span> <span class='ocrx_word' id='word_1_580' title='bbox 2229 5487 2398 5544; x_wconf 67' lang='lat' dir='ltr'><strong>Vens.</strong></span> <span class='ocrx_word' id='word_1_581' title='bbox 2430 5488 2618 5545; x_wconf 74' lang='grc'><strong>15-16.</strong></span> <span class='ocrx_word' id='word_1_582' title='bbox 2656 5487 2722 5542; x_wconf 83' lang='grc' dir='ltr'>Ει</span> <span class='ocrx_word' id='word_1_583' title='bbox 2764 5487 2862 5543; x_wconf 83' lang='lat' dir='ltr'><strong>hoc</strong></span> <span class='ocrx_word' id='word_1_584' title='bbox 2896 5503 3099 5558; x_wconf 79' lang='lat' dir='ltr'><strong>quoque</strong></span> <span class='ocrx_word' id='word_1_585' title='bbox 3153 5486 3262 5542; x_wconf 81' lang='lat' dir='ltr'><strong>vidi</strong></span> <span class='ocrx_word' id='word_1_586' title='bbox 3293 5529 3307 5553; x_wconf 95' lang='lat'><strong>,</strong></span> <span class='ocrx_word' id='word_1_587' title='bbox 3344 5488 3555 5554; x_wconf 78' lang='lat' dir='ltr'><strong>sapien—</strong></span> <span class='ocrx_word' id='word_1_588' title='bbox 3599 5474 3610 5486; x_wconf 69' lang='grc'><em>“</em></span> 
     </span>
    </p>
   </div>
   <div class='ocr_carea' id='block_1_89' title="bbox 264 5575 1868 5652">
    <p class='ocr_par' dir='ltr' id='par_1_89' title="bbox 264 5575 1860 5648">
     <span class='ocr_line' id='line_1_89' title="bbox 264 5575 1860 5648; baseline -0.006 -16"><span class='ocrx_word' id='word_1_589' title='bbox 264 5578 370 5632; x_wconf 78' lang='grc' dir='ltr'><strong>καὶ</strong></span> <span class='ocrx_word' id='word_1_590' title='bbox 404 5578 638 5648; x_wconf 68' lang='grc' dir='ltr'>μεγάλη</span> <span class='ocrx_word' id='word_1_591' title='bbox 669 5575 800 5632; x_wconf 78' lang='grc' dir='ltr'><strong>ἐστὶ</strong></span> <span class='ocrx_word' id='word_1_592' title='bbox 831 5579 982 5646; x_wconf 78' lang='grc' dir='ltr'>πρός</span> <span class='ocrx_word' id='word_1_593' title='bbox 1005 5594 1114 5646; x_wconf 79' lang='grc' dir='ltr'><strong>με’</strong></span> <span class='ocrx_word' id='word_1_594' title='bbox 1147 5578 1324 5644; x_wconf 74' lang='grc' dir='ltr'>πόλις</span> <span class='ocrx_word' id='word_1_595' title='bbox 1365 5581 1567 5648; x_wconf 74' lang='grc' dir='ltr'><strong>μικρὰ,</strong></span> <span class='ocrx_word' id='word_1_596' title='bbox 1615 5581 1716 5634; x_wconf 73' lang='grc' dir='ltr'><strong>καὶ</strong></span> <span class='ocrx_word' id='word_1_597' title='bbox 1753 5581 1860 5634; x_wconf 74' lang='grc' dir='ltr'><strong>ἄν-</strong></span> 
     </span>
    </p>
   </div>
   <div class='ocr_carea' id='block_1_90' title="bbox 1976 5575 3550 5652">
    <p class='ocr_par' dir='ltr' id='par_1_90' title="bbox 1976 5581 3550 5652">
     <span class='ocr_line' id='line_1_90' title="bbox 1976 5581 3550 5652; baseline -0.002 -16"><span class='ocrx_word' id='word_1_598' title='bbox 1976 5583 2101 5636; x_wconf 80' lang='lat' dir='ltr'><strong>tiam</strong></span> <span class='ocrx_word' id='word_1_599' title='bbox 2131 5583 2223 5635; x_wconf 78' lang='lat' dir='ltr'><strong>sub</strong></span> <span class='ocrx_word' id='word_1_600' title='bbox 2254 5581 2382 5648; x_wconf 73' lang='lat' dir='ltr'><strong>sole,</strong></span> <span class='ocrx_word' id='word_1_601' title='bbox 2435 5591 2482 5635; x_wconf 78' lang='lat' dir='ltr'><strong>et</strong></span> <span class='ocrx_word' id='word_1_602' title='bbox 2515 5599 2706 5652; x_wconf 82' lang='lat' dir='ltr'><strong>magna</strong></span> <span class='ocrx_word' id='word_1_603' title='bbox 2737 5592 2813 5634; x_wconf 79' lang='lat' dir='ltr'><strong>est</strong></span> <span class='ocrx_word' id='word_1_604' title='bbox 2865 5583 2934 5634; x_wconf 90' lang='lat' dir='ltr'><strong>ad</strong></span> <span class='ocrx_word' id='word_1_605' title='bbox 2973 5598 3095 5647; x_wconf 83' lang='lat' dir='ltr'><strong>me;</strong></span> <span class='ocrx_word' id='word_1_606' title='bbox 3137 5581 3327 5634; x_wconf 82' lang='lat' dir='ltr'><strong>ciuitas</strong></span> <span class='ocrx_word' id='word_1_607' title='bbox 3363 5595 3550 5648; x_wconf 79' lang='lat' dir='ltr'><strong>parva,</strong></span> 
     </span>
    </p>
   </div>
   <div class='ocr_carea' id='block_1_91' title="bbox 263 5669 1868 5742">
    <p class='ocr_par' dir='ltr' id='par_1_91' title="bbox 263 5669 1861 5739">
     <span class='ocr_line' id='line_1_91' title="bbox 263 5669 1861 5739; baseline 0.001 -15"><span class='ocrx_word' id='word_1_608' title='bbox 263 5671 412 5739; x_wconf 77' lang='grc' dir='ltr'>δρες</span> <span class='ocrx_word' id='word_1_609' title='bbox 436 5672 505 5724; x_wconf 74' lang='grc' dir='ltr'><strong>ἐν</strong></span> <span class='ocrx_word' id='word_1_610' title='bbox 529 5669 684 5739; x_wconf 80' lang='grc' dir='ltr'>αὐτῇ</span> <span class='ocrx_word' id='word_1_611' title='bbox 713 5669 925 5738; x_wconf 68' lang='grc' dir='ltr'>ὀλίγοι.</span> <span class='ocrx_word' id='word_1_612' title='bbox 960 5669 1070 5722; x_wconf 81' lang='grc' dir='ltr'><strong>Καὶ</strong></span> <span class='ocrx_word' id='word_1_613' title='bbox 1097 5669 1324 5737; x_wconf 77' lang='grc' dir='ltr'><strong>ἐπέλθῃ</strong></span> <span class='ocrx_word' id='word_1_614' title='bbox 1351 5670 1444 5723; x_wconf 83' lang='grc' dir='ltr'><strong>ἐπ’</strong></span> <span class='ocrx_word' id='word_1_615' title='bbox 1473 5671 1670 5737; x_wconf 75' lang='grc' dir='ltr'>αὐτὴν</span> <span class='ocrx_word' id='word_1_616' title='bbox 1685 5673 1861 5736; x_wconf 81' lang='grc' dir='ltr'>βασι-</span> 
     </span>
    </p>
   </div>
   <div class='ocr_carea' id='block_1_92' title="bbox 1976 5669 3551 5742">
    <p class='ocr_par' dir='ltr' id='par_1_92' title="bbox 1976 5671 3551 5742">
     <span class='ocr_line' id='line_1_92' title="bbox 1976 5671 3551 5742; baseline -0.003 -16"><span class='ocrx_word' id='word_1_617' title='bbox 1976 5681 2018 5726; x_wconf 78' lang='lat' dir='ltr'><strong>et</strong></span> <span class='ocrx_word' id='word_1_618' title='bbox 2043 5674 2141 5726; x_wconf 85' lang='lat' dir='ltr'><strong>viri</strong></span> <span class='ocrx_word' id='word_1_619' title='bbox 2163 5674 2321 5742; x_wconf 80' lang='lat' dir='ltr'><strong>pauci</strong></span> <span class='ocrx_word' id='word_1_620' title='bbox 2347 5675 2402 5726; x_wconf 81' lang='lat' dir='ltr'><strong>in</strong></span> <span class='ocrx_word' id='word_1_621' title='bbox 2441 5689 2522 5726; x_wconf 88' lang='lat' dir='ltr'><strong>ea.</strong></span> <span class='ocrx_word' id='word_1_622' title='bbox 2555 5671 2621 5724; x_wconf 84' lang='lat' dir='ltr'><strong>Et</strong></span> <span class='ocrx_word' id='word_1_623' title='bbox 2661 5673 2798 5727; x_wconf 82' lang='lat' dir='ltr'><strong>venit</strong></span> <span class='ocrx_word' id='word_1_624' title='bbox 2848 5688 3007 5742; x_wconf 64' lang='lat' dir='ltr'><strong>meper</strong></span> <span class='ocrx_word' id='word_1_625' title='bbox 3033 5687 3149 5726; x_wconf 86' lang='lat' dir='ltr'><strong>eam</strong></span> <span class='ocrx_word' id='word_1_626' title='bbox 3186 5686 3279 5725; x_wconf 70' lang='lat' dir='ltr'><strong>rex</strong></span> <span class='ocrx_word' id='word_1_627' title='bbox 3307 5687 3551 5740; x_wconf 81' lang='lat' dir='ltr'><strong>magnus,</strong></span> 
     </span>
    </p>
   </div>
   <div class='ocr_carea' id='block_1_93' title="bbox 263 5761 1868 5834">
    <p class='ocr_par' dir='ltr' id='par_1_93' title="bbox 263 5761 1853 5834">
     <span class='ocr_line' id='line_1_93' title="bbox 263 5761 1853 5834; baseline 0.001 -17"><span class='ocrx_word' id='word_1_628' title='bbox 263 5763 419 5828; x_wconf 72' lang='grc' dir='ltr'><strong>λεὺς</strong></span> <span class='ocrx_word' id='word_1_629' title='bbox 442 5761 653 5832; x_wconf 78' lang='grc' dir='ltr'><strong>μέγας,</strong></span> <span class='ocrx_word' id='word_1_630' title='bbox 691 5763 789 5816; x_wconf 78' lang='grc' dir='ltr'><strong>καὶ</strong></span> <span class='ocrx_word' id='word_1_631' title='bbox 821 5761 1123 5817; x_wconf 69' lang='grc' dir='ltr'>κυκλώσει</span> <span class='ocrx_word' id='word_1_632' title='bbox 1157 5763 1374 5830; x_wconf 76' lang='grc' dir='ltr'><strong>αὐτὴν,</strong></span> <span class='ocrx_word' id='word_1_633' title='bbox 1411 5763 1511 5817; x_wconf 75' lang='grc' dir='ltr'><strong>καὶ</strong></span> <span class='ocrx_word' id='word_1_634' title='bbox 1538 5764 1853 5834; x_wconf 73' lang='grc' dir='ltr'><strong>οἰκοδομή-</strong></span> 
     </span>
    </p>
   </div>
   <div class='ocr_carea' id='block_1_94' title="bbox 1976 5761 3554 5834">
    <p class='ocr_par' dir='ltr' id='par_1_94' title="bbox 1976 5763 3554 5833">
     <span class='ocr_line' id='line_1_94' title="bbox 1976 5763 3554 5833; baseline 0 -19"><span class='ocrx_word' id='word_1_635' title='bbox 1976 5773 2007 5816; x_wconf 70' lang='lat' dir='ltr'><strong>rt</strong></span> <span class='ocrx_word' id='word_1_636' title='bbox 2043 5763 2394 5816; x_wconf 77' lang='lat' dir='ltr'><strong>circumdabit</strong></span> <span class='ocrx_word' id='word_1_637' title='bbox 2416 5779 2552 5826; x_wconf 82' lang='lat' dir='ltr'><strong>eam,</strong></span> <span class='ocrx_word' id='word_1_638' title='bbox 2579 5773 2627 5817; x_wconf 84' lang='lat' dir='ltr'><strong>et</strong></span> <span class='ocrx_word' id='word_1_639' title='bbox 2657 5763 2945 5833; x_wconf 74' lang='lat' dir='ltr'><strong>mdiﬁcabit</strong></span> <span class='ocrx_word' id='word_1_640' title='bbox 2973 5763 3226 5822; x_wconf 66' lang='lat' dir='ltr'><strong>adversus</strong></span> <span class='ocrx_word' id='word_1_641' title='bbox 3250 5778 3364 5816; x_wconf 87' lang='lat' dir='ltr'><strong>eam</strong></span> <span class='ocrx_word' id='word_1_642' title='bbox 3399 5778 3554 5830; x_wconf 78' lang='lat' dir='ltr'><strong>agge-</strong></span> 
     </span>
    </p>
   </div>
   <div class='ocr_carea' id='block_1_95' title="bbox 265 5853 1868 5926">
    <p class='ocr_par' dir='ltr' id='par_1_95' title="bbox 265 5853 1858 5925">
     <span class='ocr_line' id='line_1_95' title="bbox 265 5853 1858 5925; baseline 0.003 -18"><span class='ocrx_word' id='word_1_643' title='bbox 265 5871 368 5908; x_wconf 80' lang='grc' dir='ltr'><strong>σει</strong></span> <span class='ocrx_word' id='word_1_644' title='bbox 409 5854 500 5906; x_wconf 74' lang='grc' dir='ltr'><strong>ἐπ’</strong></span> <span class='ocrx_word' id='word_1_645' title='bbox 542 5853 738 5920; x_wconf 78' lang='grc' dir='ltr'>αὐτὴν</span> <span class='ocrx_word' id='word_1_646' title='bbox 781 5853 1050 5924; x_wconf 73' lang='grc' dir='ltr'>χάρακας</span> <span class='ocrx_word' id='word_1_647' title='bbox 1080 5853 1384 5922; x_wconf 72' lang='grc' dir='ltr'>μεγάλους</span> <span class='ocrx_word' id='word_1_648' title='bbox 1411 5870 1424 5885; x_wconf 79' lang='grc' dir='ltr'><strong><em>ο</em></strong></span> <span class='ocrx_word' id='word_1_649' title='bbox 1460 5855 1558 5908; x_wconf 78' lang='grc' dir='ltr'>καί</span> <span class='ocrx_word' id='word_1_650' title='bbox 1589 5857 1737 5925; x_wconf 78' lang='grc' dir='ltr'>εὕρῃ</span> <span class='ocrx_word' id='word_1_651' title='bbox 1788 5858 1858 5911; x_wconf 75' lang='grc' dir='ltr'><strong>ἐν</strong></span> 
     </span>
    </p>
   </div>
   <div class='ocr_carea' id='block_1_96' title="bbox 1976 5853 3554 5926">
    <p class='ocr_par' dir='ltr' id='par_1_96' title="bbox 1976 5856 3554 5926">
     <span class='ocr_line' id='line_1_96' title="bbox 1976 5856 3554 5926; baseline -0.002 -16"><span class='ocrx_word' id='word_1_652' title='bbox 1976 5873 2046 5910; x_wconf 68' lang='lat' dir='ltr'><strong>res</strong></span> <span class='ocrx_word' id='word_1_653' title='bbox 2075 5873 2310 5926; x_wconf 83' lang='lat' dir='ltr'><strong>magnas.</strong></span> <span class='ocrx_word' id='word_1_654' title='bbox 2349 5857 2413 5910; x_wconf 84' lang='lat' dir='ltr'><strong>Et</strong></span> <span class='ocrx_word' id='word_1_655' title='bbox 2444 5857 2640 5912; x_wconf 83' lang='lat' dir='ltr'><strong>invenit</strong></span> <span class='ocrx_word' id='word_1_656' title='bbox 2669 5859 2722 5911; x_wconf 84' lang='lat' dir='ltr'><strong>in</strong></span> <span class='ocrx_word' id='word_1_657' title='bbox 2754 5874 2814 5912; x_wconf 83' lang='lat' dir='ltr'><strong>ea</strong></span> <span class='ocrx_word' id='word_1_658' title='bbox 2841 5859 3012 5912; x_wconf 81' lang='lat' dir='ltr'><strong>virum</strong></span> <span class='ocrx_word' id='word_1_659' title='bbox 3033 5873 3316 5926; x_wconf 82' lang='lat' dir='ltr'><strong>pauperem</strong></span> <span class='ocrx_word' id='word_1_660' title='bbox 3341 5856 3554 5923; x_wconf 74' lang='lat' dir='ltr'><strong>sapien-</strong></span> 
     </span>
    </p>
   </div>
   <div class='ocr_carea' id='block_1_97' title="bbox 270 5931 1868 6025">
    <p class='ocr_par' dir='ltr' id='par_1_97' title="bbox 270 5944 1861 6025">
     <span class='ocr_line' id='line_1_97' title="bbox 270 5944 1861 6025; baseline 0.003 -25"><span class='ocrx_word' id='word_1_661' title='bbox 270 5947 436 6015; x_wconf 76' lang='grc' dir='ltr'>αὐτῇ</span> <span class='ocrx_word' id='word_1_662' title='bbox 463 5944 650 6016; x_wconf 62' lang='grc' dir='ltr'>ἄνδρα</span> <span class='ocrx_word' id='word_1_663' title='bbox 691 5949 922 6015; x_wconf 73' lang='grc' dir='ltr'>πένητα</span> <span class='ocrx_word' id='word_1_664' title='bbox 948 5947 1164 6025; x_wconf 49' lang='grc' dir='ltr'><strong>σοφὸν,</strong></span> <span class='ocrx_word' id='word_1_665' title='bbox 1199 5949 1295 6002; x_wconf 79' lang='grc' dir='ltr'><strong>καὶ</strong></span> <span class='ocrx_word' id='word_1_666' title='bbox 1341 5948 1628 6004; x_wconf 78' lang='grc' dir='ltr'>διασώσει</span> <span class='ocrx_word' id='word_1_667' title='bbox 1677 5952 1861 6017; x_wconf 79' lang='grc' dir='ltr'>αὐτὸς</span> 
     </span>
    </p>
   </div>
   <div class='ocr_carea' id='block_1_98' title="bbox 1976 5931 3550 6025">
    <p class='ocr_par' dir='ltr' id='par_1_98' title="bbox 1976 5931 3550 6023">
     <span class='ocr_line' id='line_1_98' title="bbox 1976 5931 3550 6023; baseline -0.001 -21"><span class='ocrx_word' id='word_1_668' title='bbox 1976 5961 2105 6016; x_wconf 79' lang='lat' dir='ltr'><strong>rem,</strong></span> <span class='ocrx_word' id='word_1_669' title='bbox 2149 5931 2200 6004; x_wconf 70' lang='lat' dir='ltr'><strong>et</strong></span> <span class='ocrx_word' id='word_1_670' title='bbox 2236 5950 2463 6006; x_wconf 78' lang='lat' dir='ltr'><strong>servabit</strong></span> <span class='ocrx_word' id='word_1_671' title='bbox 2506 5953 2550 6004; x_wconf 76' lang='lat' dir='ltr'><strong>is</strong></span> <span class='ocrx_word' id='word_1_672' title='bbox 2603 5953 2869 6007; x_wconf 79' lang='lat' dir='ltr'><strong>civitatem</strong></span> <span class='ocrx_word' id='word_1_673' title='bbox 2923 5952 2978 6006; x_wconf 84' lang='lat' dir='ltr'><strong>in</strong></span> <span class='ocrx_word' id='word_1_674' title='bbox 3020 5951 3284 6023; x_wconf 72' lang='lat' dir='ltr'><strong>sapientia</strong></span> <span class='ocrx_word' id='word_1_675' title='bbox 3323 5965 3442 6005; x_wconf 72' lang='lat' dir='ltr'><strong>sua.</strong></span> <span class='ocrx_word' id='word_1_676' title='bbox 3486 5947 3550 6002; x_wconf 79' lang='lat' dir='ltr'><strong>Et</strong></span> 
     </span>
    </p>
   </div>
  </div>
