3992 6418
194 335 362 400 1080
1291 335 1370 398 IN
1415 333 2002 398 ECCLESIAS’IEN.
2041 359 2111 372 ’-
2145 337 2291 396 Ll‘B.
2342 333 2448 395 IX-
3369 329 3504 394 1000

189 445 408 513 φύλων
435 460 448 474 ⁸
486 442 573 497 ἵνα
606 443 880 514 μηδέποτε
919 445 1304 518 διαμαρτῆσσ.ς
1332 449 1359 500 ὁ
1389 447 1511 509 νοῦς
1540 445 1650 498 τῶν
1683 445 1816 513 ἀληο

1933 443 2126 498 Lionem
2155 443 2381 510 oblitus,
2415 441 2645 497 victoria
2677 443 2935 507 excidat,
2980 450 3036 498 et
3084 455 3342 507 omnem,
3391 459 3498 512 qua

195 535 331 591 θῶν
352 535 704 607 ὑπολήψεων,
721 539 1018 610 παραρρυῇ
1037 539 1140 608 τῆς
1162 541 1340 609 νίκης,
1368 541 1461 593 κα)⁵
1475 540 1654 592 πᾶσαν
1677 540 1816 590 ἁπο-

1933 533 2178 598 ﬂorebat,
2208 534 2437 606 gloriam
2486 543 2852 606 navatamqne
2887 550 3108 607 operam
3155 534 3366 604 perdat.
3414 537 3504 588 Ait

189 628 370 683 λέσει
405 629 504 700 τὴν
535 628 810 700 προτέραν
847 629 1099 684 εὔκλειαν
1129 633 1226 684 καὶ
1259 631 1518 701 σπουδήν.
1547 624 1682 683 Εἶτά
1712 646 1816 700 φη-

1933 625 2124 682 deinde
2148 625 2370 697 sapiens
2389 625 2752 684 Ecclesiastes
2775 645 2786 680 :

193 735 300 774 σιν
337 721 370 773 ὁ
418 719 856 792 Ἐκκλησιαστής
879 736 892 752 ’

1786 827 1930 901 ειν.

283 927 476 980 Μυῖαι
505 925 802 981 θανοῦσαι
843 928 1176 997 σαπριοῦσι
1213 926 1562 982 σκευασίαν
1603 926 1812 979 ἐλαίου

199 1009 600 1080 ἡδύσματος.

289 1104 585 1174 Αίσθητῶς
615 1104 717 1176 μὲν
736 1105 798 1158 τὸ
823 1105 1002 1176 παρὸν
1034 1105 1200 1176 ῥητὸν
1235 1105 1497 1175 σημαίνει
1541 1103 1612 1158 τά
1643 1082 1820 1178 μικρᾶ

205 1198 400 1252 ταῦτα
426 1197 643 1266 ζωΰφια
663 1198 733 1252 τὰ
752 1199 1086 1270 διῖπτάμενα
1115 1201 1209 1253 καὶ
1242 1199 1512 1253 νύσσοντα
1551 1201 1648 1254 καὶ
1675 1218 1818 1271 παρ-

1991 922 2122 983 CAP.
2153 923 2220 980 Χ.
2279 923 2443 980 Vens.
2507 925 2559 980 1.
2619 924 2822 982 Musca,-
2866 937 3091 981 mortua:
3139 926 3502 996 putrefaciunt

1923 1018 2352 1086 compositionem
2388 1017 2492 1071 olei
2514 1022 2798 1072 suavitatis
2839 1020 2976 1091 (51).

1996 1106 2213 1162 Dictum
2247 1107 2370 1174 hoc,
2405 1118 2467 1164 ut
2497 1119 2680 1174 sonat,
2705 1126 2900 1180 parvas
2924 1112 3088 1167 hasce
3117 1111 3378 1167 bestiolas
3407 1111 3504 1165 de-

1925 1197 2468 1269 signatpervolantes
2501 1209 2666 1272 atque
2707 1212 3048 1272 pungentes,
3102 1219 3203 1258 nec
3248 1203 3507 1257 omnibus

211 1286 547 1359 ενοχλοῦντα
571 1289 714 1360 μετά
739 1289 850 1342 τῶν
883 1290 1061 1356 ἀλλων
1091 1289 1250 1355 ζώων
1277 1291 1538 1346 ἀπάντων
1569 1293 1665 1346 καὶ
1689 1295 1816 1358 τοὺς

210 1379 576 1448 ἀνθρώπους,
609 1379 650 1434 ὃ,
704 1381 802 1435 καὶ
853 1383 993 1453 πρὸς
1044 1384 1106 1436 τὸ
1154 1383 1608 1436 κατασκευασθὲν
1657 1383 1818 1454 χάριν

207 1472 543 1542 ἡδύσματος
586 1472 768 1528 ἔλαιον
809 1475 1149 1544 ἐμπεσόντα,
1183 1477 1691 1545 συναποπνίγονται
1727 1477 1819 1531 καὶ

211 1559 591 1616 θανατοῦνται
645 1565 714 1635 τῇ
772 1565 874 1634 τῆς
929 1563 1064 1636 ὕλης
1111 1566 1417 1636 παχύτητι,
1463 1568 1557 1620 καὶ
1601 1566 1691 1619 διὰ
1722 1566 1816 1619 τοῦ

1925 1291 2102 1346 solum
2139 1291 2472 1347 animalibus
2509 1293 2792 1357 molestas,
2849 1295 2942 1348 sed
2972 1295 3136 1348 etiam
3166 1294 3504 1360 hominibus,

1924 1399 2046 1454 quae
2079 1383 2135 1438 in
2178 1384 2361 1439 oleum
2407 1401 2628 1456 quoque
2684 1386 2972 1443 suavitatis
3032 1403 3199 1444 causa
3254 1401 3507 1460 paratmn

1927 1480 2232 1535 incidentes
2276 1479 2636 1545 suﬂ‘ocantur,
2684 1484 2926 1538 materia:
2959 1483 3105 1539 illius
3150 1484 3511 1540 crassitudine

1925 1583 2164 1636 enectae,
2199 1572 2383 1643 ibique
2407 1573 2718 1630 immortua:
2751 1585 2906 1647 putre
2938 1577 3070 1632 illud
3106 1587 3160 1632 et
3187 1578 3511 1646 graveolens

213 1651 382 1720 σφῶν
429 1651 664 1708 θανάτου
723 1655 937 1726 σαπρὸν
975 1657 1097 1728 ἦτοι
1141 1657 1375 1722 δυσῶδες
1413 1659 1821 1730 ἀπεργάζονται

1933 1663 2161 1718 reddunt
2189 1664 2460 1735 planeque
2491 1668 2816 1722 aversabile.
2852 1667 3018 1724 Juxta
3056 1684 3332 1740 anagogen
3381 1677 3512 1723 vero

215 1742 323 1795 καὶ
347 1745 605 1810 φευκτόν.
642 1745 1034 1814 Ἀναγωγικῶς
1056 1747 1114 1800 δὲ
1149 1749 1315 1819 μυίαις
1336 1749 1682 1810 θανατούσας
1702 1750 1820 1802 ὀνο-

218 1835 427 1906 μάζειν
474 1837 602 1901 τοὺς
656 1839 988 1908 μισοκὰλους
1025 1838 1290 1909 δαίμονας
1326 1840 1733 1912 ὑπειλήφαμεν,
1769 1841 1820 1893 οἳ

214 1926 385 1997 δίκην
417 1927 594 1996 μυιῶν
635 1931 745 1991 τοῖς
790 1927 1053 1998 μώλωψιν
1087 1930 1440 2001 ἐπιτρέχουσι
1473 1931 1584 1986 τῶν
1612 1930 1824 2002 ἅνθρω-

216 2017 402 2071 πίνων
443 2018 656 2090 ψυχῶν,
690 2021 787 2072 καὶ
836 2020 973 2090 πρὸς
1006 2019 1066 2072 τὸ
1099 2019 1332 2091 κέντρον
1381 2021 1688 2076 συνωθοῦσι
1719 2023 1820 2092 τῆς
1857 2018 1879 2032 ⁷

217 2110 530 2180 ἁμαρτίας,
580 2113 720 2182 ὅπερ
760 2113 881 2164 ἐστὶ
912 2115 1134 2177 πάντως
1162 2115 1190 2167 ὀ
1225 2114 1488 2178 θάνατος’
1523 2114 1820 2182 κάντεῦθεν

217 2179 326 2272 τὴν
389 2179 747 2277 κατασκευήν
779 2206 876 2260 τοῦ
921 2207 1116 2278 νοητοῦ
1154 2207 1256 2278 τῆς
1282 2207 1466 2278 ψυχῆς
1496 2179 1702 2272 ὲλαίοδ,
1733 2209 1823 2262 διά

219 2293 340 2348 τῶν
397 2294 520 2349 κατ’
580 2299 787 2368 ἀρετὴν
839 2300 1157 2370 ἀρωμάτων
1199 2301 1448 2368 γίνεσθαι
1508 2303 1822 2370 πεφυκυῖαν

227 2387 375 2458 πρὸς
421 2387 643 2458 ἥδυσμα
681 2389 784 2460 τῆς
821 2391 974 2454 θείας
1017 2392 1320 2463 ἀρεσκείας
1353 2392 1448 2444 καὶ
1482 2390 1824 2462 θεοπρεποῦς

230 2480 594 2552 ἀγαθότητος,
626 2484 921 2552 σαπριοῦσι
962 2485 1050 2539 διὰ
1095 2485 1190 2538 τοῦ
1225 2485 1458 2539 Θανάτου
1501 2483 1606 2553 τῆς
1645 2485 1828 2553 ἀμαρ-

230 2573 380 2637 τίας,
406 2575 497 2628 καὶ⁵
515 2579 639 2640 ταῖς
672 2577 1068 2650 ὸσφραντικαῖς
1091 2577 1188 2631 τοῦ
1221 2577 1358 2631 Θεοῦ
1401 2577 1704 2646 δυνάμεσιν
1733 2577 1825 2628 εὐ-

230 2668 523 2739 ρίσκεσθαι
557 2670 770 2743 δυσώδη
816 2671 1374 2743 παρασκευάζουσιν·
1423 2671 1500 2733 ὡς
1555 2668 1826 2740 μηδαμῶς

1929 1769 2150 1808 muscas
2179 1756 2494 1812 mortiferas
2527 1759 2798 1814 nominari
2850 1761 3188 1815 arbitramur
3239 1760 3512 1830 malignos

1927 1844 2227 1908 diemones,
2254 1845 2372 1914 qui,
2395 1863 2714 1904 muscarum
2747 1864 2931 1916 more,
2973 1850 3283 1905 animarum
3334 1852 3516 1906 homio

1929 1951 2060 1989 num
2091 1935 2358 1992 vibicibus
2393 1937 2650 2006 insident,
2706 1951 2758 1996 et
2795 1941 3080 1996 stimulum
3120 1952 3381 2012 praeterea
3431 1943 3514 1996 in-

1930 2029 2100 2097 tigunt
2131 2029 2360 2097 peccati,
2391 2030 2486 2099 qui
2516 2031 2745 2085 omnino
2776 2048 2926 2088 mors
2969 2041 3086 2096 est,
3132 2031 3317 2102 itaque
3349 2033 3514 2101 spiri-

1932 2117 2057 2171 talis
2089 2118 2288 2172 anima:
2312 2119 2415 2174 olei
2463 2121 2944 2190 compositionem,
2980 2137 3009 2174 e
3042 2122 3310 2176 virtutum
3345 2121 3510 2176 veluti

1929 2209 2192 2264 aromatis
2217 2210 2435 2264 conﬂati
2453 2211 2518 2266 ad
2548 2212 2748 2266 divinae
2777 2214 3164 2270 oblectationis
3204 2223 3257 2270 et
3285 2229 3515 2270 summae

1930 2298 2195 2354 bonitatis
2220 2301 2470 2366 delicias,
2509 2303 2719 2370 peccati
2755 2314 2933 2357 morte
2963 2314 3356 2375 corrumpunt,
3402 2303 3517 2358 eiii-

1929 2391 2213 2460 ciuntquc,
2240 2400 2301 2446 ut
2332 2406 2453 2446 eam
2485 2392 2628 2448 Deus
2645 2396 3049 2461 graveolentem
3079 2397 3298 2468 sibique
3327 2399 3515 2467 ingra-

1929 2487 2041 2533 tam
2073 2481 2336 2548 inveniat,
2376 2495 2477 2538 nec
2504 2481 2617 2537 ullo
2668 2486 2834 2538 modo
2885 2486 3068 2541 oleum
3125 2487 3398 2558 ejusmodi
3447 2503 3516 2541 ex

1927 2573 2230 2628 virtutibus
2274 2574 2438 2646 235
2499 2577 2864 2646 compositum
2929 2578 3198 2634 Dominus
3250 2590 3512 2650 tanquam

1929 2665 2100 2718 odore
2136 2667 2421 2747 suavitatis
2452 2667 2786 2737 fragrantem
2818 2667 3082 2723 odoretur
3116 2671 3250 2741 (δέ).

225 2759 316 2823 είς
344 2761 522 2832 ὀσμὴν
553 2763 783 2828 εὐωδίας
830 2764 1207 2836 ὀσφρανθῆναι
1237 2763 1330 2818 τὸν
1352 2761 1558 2832 Κύριον
1592 2763 1690 2832 τῆς
1727 2758 1988 2828 τοιαύτης
2025 2757 2120 2809 τοῦ
2189 2757 2372 2812 ἐλαίου
2439 2759 2536 2812 τοῦ
2573 2760 2727 2834 ’κατ’
2754 2761 2959 2832 ἀρετὴν
3008 2763 3513 2838 παραλαμϐανομέο

226 2867 327 2906 νου
353 2855 725 2925 κατασκευῆς.

308 2941 456 2995 Πάνυ
481 2941 540 2995 δὲ
565 2941 863 3013 προσφυῶς
893 2941 956 2995 τὸ
988 2943 1348 3014 παράδειγμα
1397 2945 1686 3016 προήγαγε
1709 2943 1819 2996 τῶν

1999 2937 2290 2991 Enimvero
2349 2937 2594 3006 apposite
2647 2940 2878 2993 omnino
2950 2944 3264 3013 exemplum
3321 2949 3510 3003 intulit

234 3031 432 3102 μυιῶν,
457 3031 682 3096 ταύταις
707 3031 1031 3095 ἀπεικάζων
1057 3032 1186 3096 τοὺς
1214 3031 1504 3104 δαίμονας,
1527 3033 1622 3085 καὶ
1653 3031 1742 3085 διὰ
1770 3030 1831 3082 τὸ

228 3123 392 3196 δίκην
447 3123 620 3192 μυιῶν
663 3123 870 3190 ἀερίως
916 3122 1313 3192 περιίπτασθαι
1369 3123 1686 3192 πανταχόσε
1736 3125 1829 3176 καὶ

230 3216 458 3270 νύσσειν
483 3218 613 3280 τοὺς
663 3215 990 3288 ἀνθρώπους
1047 3217 1144 3270 καὶ
1189 3216 1473 3288 πλήττειν,
1508 3217 1602 3270 καὶ
1649 3216 1737 3269 διὰ
1769 3217 1827 3268 τὸ

235 3309 391 3378 σφῶν
437 3308 659 3371 ἀναιδὲς
712 3309 810 3362 καὶ
854 3308 1049 3379 ίταμὺν
1127 3308 1227 3362 καὶ
1273 3309 1654 3378 ἀναίσχυντον,
1686 3309 1824 3378 ὅπερ

230 3401 421 3471 ἔχουσι
455 3401 551 3453 καὶ
574 3403 693 3462 ταῖς
717 3401 906 3471 μυίαις
935 3393 1355 3473 παραπλησίως,
1373 3403 1480 3455 Καὶ
1507 3402 1616 3472 γὰρ
1637 3403 1826 3471 ἐπειδὴ

235 3491 435 3562 μικρὸν
465 3491 657 3545 άνόπιν
689 3489 833 3556 εἶπε,
870 3511 888 3544 ι
928 3494 1037 3546 Καὶ
1071 3495 1408 3564 ἁμαρτάνων
1443 3488 1526 3556 εἷς
1566 3494 1827 3546 ἀπολέσει

231 3581 600 3653 ἀγαθωσύνην
650 3582 879 3653 πολλὴν,
929 3602 948 3634 ι
999 3582 1315 3645 ἀκολούθως
1371 3584 1465 3636 καὶ
1511 3583 1612 3646 τὰς
1659 3583 1826 3654 μυίας

233 3673 671 3745 παρεισκὲκρικε
700 3673 798 3738 τὰς
821 3673 1164 3738 θανατούσας
1188 3675 1286 3728 καὶ
1317 3673 1663 3743 σαπριούσας
1685 3691 1699 3705 ·
1739 3675 1824 3728 ἵνα

236 3765 385 3838 δείξῃ
419 3765 630 3834 σαφῶς,
663 3766 741 3831 ὡς
778 3766 1017 3838 μάλιστα
1041 3767 1135 3820 τὸν
1158 3768 1256 3837 τῆς
1284 3767 1564 3838 ἁμαρτίας
1585 3766 1822 3821 αἰνίττε-

235 3873 330 3910 ται
353 3857 606 3924 θάνατον,
644 3858 704 3922 ὃς
735 3858 976 3928 ὁπηνίκα
1020 3859 1249 3927 γένηταί
1277 3876 1387 3912 τινι
1432 3859 1522 3912 διὰ
1574 3861 1674 3928 τὴν
1727 3859 1822 3912 τοῦ

233 3949 355 4011 νοὸς
401 3950 737 4022 ἀπροσεξίαν
791 3943 888 4006 καὶ
941 3951 1238 4022 ρᾳθυμίαν,
1278 3951 1545 4005 ἀπόλλυσι
1593 3951 1824 4022 χρονίων

233 4043 479 4114 ἱδρώτων
511 4044 610 4098 καὶ
652 4043 1017 4100 παντοδαπῶν
1067 4044 1298 4113 ἀγώνων
1351 4043 1550 4114 πολλὴν
1597 4045 1820 4116 ἀρετήν.

245 4135 463 4205 ’Δμέλει
483 4135 666 4190 τοίνυν
693 4137 972 4208 ἐπήγαγεο

1932 3044 2270 3092 muscarum,
2311 3028 2492 3098 iisque
2521 3030 2803 3086 daemones
2833 3035 3190 3103 comparavit,
3239 3049 3354 3093 tum
3387 3046 3520 3112 quia

1931 3132 2194 3190 tanquam
2221 3134 2422 3174 muscae
2454 3119 2698 3190 undique
2729 3136 2827 3190 per
2871 3137 3055 3178 aerem
3119 3125 3370 3183 feruntur
3406 3171 3419 3191 ,
3467 3143 3521 3185 et

1932 3213 2186 3266 homines
2210 3222 2460 3281 pungunt
2491 3227 2556 3266 ac
2587 3214 2878 3282 sauciant;
2916 3224 3030 3270 tum
3059 3219 3189 3288 quia
3223 3221 3518 3291 impuden-

1930 3303 2062 3360 tiam
2102 3305 2303 3358 habent
2331 3313 2386 3358 et
2408 3305 2698 3359 audaciam
2733 3314 2787 3359 et
2812 3306 3088 3362 licentiam
3123 3327 3232 3366 non
3265 3297 3518 3368 dissim;-

1927 3396 2054 3452 lem.
2089 3395 2358 3462 Quoniam
2391 3405 2572 3450 autem
2622 3397 2784 3466 paulo
2819 3409 2947 3455 ante
2993 3399 3158 3464 dixit,
3195 3419 3215 3454 ι
3263 3401 3331 3456 Ει
3378 3421 3520 3475 pec-

1927 3503 2060 3542 cans
2093 3502 2235 3542 unus
2276 3487 2466 3556 perdet
2509 3487 2813 3544 bonitatem
2848 3491 3100 3557 multam,
3137 3513 3156 3544 ι
3198 3495 3396 3551 merito
3429 3498 3518 3552 in-

1925 3581 2083 3637 duxit
2111 3596 2333 3636 muscas
2373 3592 2428 3636 et
2485 3591 2716 3636 mortem
2778 3582 3078 3639 infertutes
3147 3589 3518 3656 ctputredine

1923 3673 2366 3730 contaminanles
2395 3682 2490 3726 :ut
2527 3674 2834 3729 luculenter
2852 3677 3172 3732 ostenderet
3227 3694 3286 3733 se
3333 3682 3517 3734 maxi-

1929 3783 2018 3821 me
2048 3766 2255 3836 peccati
2306 3774 2536 3820 mortem
2584 3766 2933 3836 significare,
2981 3785 3106 3839 quae
3148 3769 3316 3824 simul
3349 3781 3518 3842 atque

1930 3859 2204 3913 hominem
2230 3858 2302 3912 ob
2331 3857 2642 3912 intellectus
2669 3860 2980 3914 socordiam
3023 3870 3078 3915 et
3128 3860 3515 3916 remissionem

1929 3951 2286 4024 Oppresserit,
2320 3951 2550 4004 multam
2589 3950 2847 4006 virtutem
2891 3953 3174 4012 diuturnis
3216 3955 3520 4013 sudoribus

1929 4055 1982 4100 et
2025 4047 2206 4099 cunnis
2257 4043 2474 4114 generis
2513 4043 2908 4099 certaminibus
2954 4053 3164 4114 partam
3223 4046 3516 4116 disperdit.

1930 4137 2141 4193 Idcirco
2161 4135 2350 4206 utique
2376 4134 2578 4205 adjecit
2619 4153 2632 4188 :

1881 4230 1950 4286 ν.

309 4319 506 4388 Τίμιον
534 4319 749 4390 ὀλίγον
785 4318 1011 4388 σοφίας
1041 4317 1197 4385 ὑπὲρ
1234 4316 1426 4382 δόξαν
1466 4230 1821 4388 ἀρρσσύιηὲ

2001 4319 2299 4374 Pretiosum
2325 4319 2609 4386 paulu'um
2644 4317 2926 4387 sapientia:
2957 4335 3114 4388 super
3131 4318 3363 4388 gloriam
3394 4323 3522 4376 insi-

278 4412 522 4481 εγάλην.

229 4432 522 4483 “eruatur.

311 4501 610 4570 Παρίστησι
635 4498 744 4571 γάρ
767 4499 1044 4566 ἐντεῦθεν,
1071 4498 1148 4562 ὡς
1173 4500 1268 4554 καὶ
1301 4500 1362 4552 τὸ
1391 4499 1588 4570 μικρὸν
1625 4498 1824 4570 μέτρον

229 4596 336 4664 τῆς
363 4593 570 4650 ἄνωθεν
601 4594 990 4666 δεδωρημένης
1023 4594 1178 4667 παρά
1203 4594 1342 4648 Θεοῦ
1376 4594 1570 4664 σοφίας
1593 4596 1692 4647 καὶ
1729 4593 1824 4662 χά-

232 4703 402 4758 ριτος,
427 4683 790 4760 αἱρετώτερον
833 4687 930 4739 καὶ
973 4685 1422 4756 λυσιτελέστερόν
1456 4687 1573 4739 ὲστι
1623 4686 1822 4756 μᾶλλον

226 4779 310 4834 ὥς
337 4778 515 4848 τίμιον
543 4779 653 4833 τῶν
681 4781 742 4833 ὲν
774 4781 888 4842 τοῖς
921 4777 1322 4848 ἐπιτηδεύμασι
1354 4778 1446 4831 καὶ
1487 4781 1600 4840 τοῖς
1635 4776 1820 4847 ἔργοις

225 4871 332 4940 τῆς
359 4873 674 4943 ἀφροσύνης
695 4873 813 4944 ήτοι
841 4870 1183 4942 φαυλότητος
1203 4869 1365 4934 δόξαν
1398 4869 1647 4940 μεγάλην
1677 4868 1817 4938 λαμ-

226 4963 504 5016 ϐανόντων
540 4963 694 5033 ποιρά
725 4962 836 5016 τῶν
887 4962 1234 5033 δμοφρόνων,
1283 4961 1416 5031 περὶ
1461 4953 1537 5013 ὧν
1586 4977 1754 5030 φησιν
1790 4959 1817 5010 ὑ

242 5052 589 5118 ’Δπὸστολοςς
643 5073 661 5106 ι
707 5048 808 5108 Ὧν
853 5057 887 5125 ἡ
938 5055 1066 5120 δόξα
1109 5057 1168 5108 ὲν
1195 5056 1262 5126 τῇ
1291 5052 1527 5126 αἰσχύνῃ
1568 5052 1769 5105 αὐτῶν.
1800 5073 1816 5102 ι

303 5175 340 5206 ⁹¹
368 5173 602 5243 Philipp.
634 5189 718 5240 ιιι,
755 5173 839 5228 19.

306 5295 414 5363 (iii)
454 5293 669 5366 Olymp.
710 5295 886 5348 Μυίαι
935 5294 1268 5366 θανατοῦσαι
1291 5335 1304 5350 .
1333 5332 1384 5350 ..
1411 5334 1424 5349 .
1479 5293 1625 5363 quod
1662 5290 1820 5366 ΔΙλΧΧ

229 5361 449 5434 Quoque
496 5361 717 5420 habent.
769 5366 912 5432 Quin
937 5379 990 5420 et
1032 5365 1233 5420 Noster
1265 5367 1319 5419 in
1361 5361 1620 5419 contextu
1656 5361 1823 5434 θανα-

224 5433 425 5498 τούσας
449 5437 602 5490 dicit.
633 5438 702 5490 At
760 5446 916 5491 vetus
960 5437 1296 5493 Sclloliastes
1339 5436 1594 5505 explicat,
1628 5433 1819 5486 Μυιῶν

228 5508 460 5570 θάνατος
511 5505 675 5575 σήψει
727 5505 908 5560 ἔλαιον
961 5507 1161 5570 εὑῶδες
1202 5503 1469 5576 μυρεψοῦ.
1509 5503 1818 5576 Muscarunt

227 5594 366 5631 mors
409 5574 724 5646 putrefaciet
767 5587 1090 5646 unguentum
1125 5574 1250 5630 bene
1281 5574 1436 5632 olens
1475 5574 1816 5630 aromatarii.

229 5649 293 5702 In
328 5648 488 5702 llebr.
526 5646 728 5702 Musca:
756 5649 964 5702 mortis.

307 5719 414 5787 (.52)
447 5717 718 5773 Geneseos
771 5719 965 5772 alludit
1029 5717 1231 5776 verbis.
1275 5719 1478 5787 quibus
1527 5723 1812 5787 acceptum

230 5788 342 5844 Deo
379 5790 549 5844 luisse
601 5788 791 5845 Noemi
848 5803 878 5843 a
919 5789 1123 5844 diluvio
1155 5786 1486 5845 sacrificium
1543 5786 1808 5841 docemur

1927 4413 2144 4482 pienlire
2175 4427 2424 4482 magnam
2462 4411 2599 4482 (55).

2001 4501 2139 4556 Hinc
2169 4501 2314 4554 enim
2344 4502 2558 4566 statuit,
2593 4501 2674 4556 vtl
2713 4501 2967 4571 exiguam
2992 4511 3201 4570 partem
3238 4501 3378 4572 ejus,
3399 4519 3522 4572 qua:

1927 4609 1956 4647 a
1984 4591 2093 4648 Deo
2121 4593 2304 4659 datur,
2333 4593 2620 4658 sapientia:
2669 4603 2832 4664 atque
2865 4593 3054 4664 gratiae
3077 4634 3090 4657 ,
3129 4596 3518 4663 optabiliorem

1927 4687 2102 4741 multo
2124 4700 2246 4741 esse
2266 4698 2320 4741 et
2349 4685 2648 4759 utiliorem,
2681 4701 2846 4755 quam
2893 4687 3130 4740 honores
3175 4699 3393 4750 eorum,
3425 4687 3519 4755 qui

1929 4777 2128 4832 studiis
2173 4777 2445 4847 {actisque
2501 4779 2756 4832 amentiae
2807 4785 2970 4846 atque
3025 4776 3284 4845 nequitiae
3345 4777 3522 4846 plenis

1927 4870 2072 4940 apud
2115 4872 2356 4926 asseclas
2393 4885 2524 4925 suos
2577 4885 2832 4939 magnam
2882 4869 2987 4924 sibi
3034 4878 3362 4938 comparant
3405 4869 3523 4939 glo-

1925 4963 2060 5016 riam
2107 4962 2222 5034 (54)
2265 4979 2282 5029 ;
2343 4961 2413 5016 de
2460 4961 2663 5032 quibus
2711 4962 2787 5016 ait
2817 4961 3110 5029 Apostolus
3154 4978 3168 5014 :
3217 4979 3236 5011 ι
3274 4959 3521 5026 Quorum

1929 5055 2100 5127 gloria
2127 5056 2181 5109 in
2218 5055 2542 5110 confusione
2570 5055 2814 5124 ipsorum
2835 5054 2902 5107 9’.
2934 5073 2953 5106 ι
2987 5051 3122 5107 Nam
3152 5053 3244 5122 qui
3279 5069 3338 5107 se
3364 5069 3517 5106 exer-

1923 5292 2068 5366 (cap.
2103 5309 2224 5359 VIII,
2254 5309 2306 5366 v.
2338 5292 2630 5366 Qualia}.
2689 5293 2992 5366 ὠσφράνθη
3049 5293 3258 5366 Κύριος
3305 5296 3335 5348 δ
3386 5293 3518 5359 Θεὸς

1919 5363 2100 5434 ὀσμήν
2129 5365 2386 5430 εὐωδίας,
2423 5363 2798 5434 Odoratusque
2822 5363 2908 5419 ἐει
2939 5363 3194 5420 Dominus
3230 5364 3365 5420 Deus
3390 5366 3522 5419 odo-

1922 5449 2032 5486 rem
2064 5436 2371 5488 suavitutis.
2418 5434 2476 5489 In
2517 5451 2628 5506 quo
2661 5435 2891 5490 Paulum
2930 5439 3240 5506 apostolum
3275 5438 3522 5490 imitatus

1920 5511 2026 5568 est,
2056 5507 2150 5572 qui
2187 5507 2488 5560 dictionem
2534 5513 2783 5560 eamdem
2835 5522 2936 5560 nec
2987 5509 3200 5562 diversa
3252 5511 3522 5562 sententia

1918 5573 2342 5648 bis__u_surpavit.
2378 5575 2599 5646 (Ephes.
2626 5593 2678 5639 v,
2710 5578 2787 5642 ‘2;
2820 5576 3022 5648 Philip.
3056 5594 3128 5642 Iv,
3162 5579 3274 5648 l8.)

1990 5645 2104 5718 (:55)
2143 5646 2364 5718 Olymp-
2390 5645 2681 5718 μεγάλης.

1989 5715 2108 5788 (54),
2138 5715 2561 5788 Αῑίειιιήιιιιιιιιιι
2608 5715 2772 5788 lmjns
2817 5718 2920 5772 loci
2955 5719 3269 5784 lectionem,
3300 5734 3422 5788 quae
3463 5735 3519 5770 ιη

1916 5787 2199 5843 codicibus
2227 5787 2437 5844 Latinis
2464 5789 2764 5860 plurimum
2789 5791 2984 5859 variat,
3011 5794 3150 5845 hanc
3183 5806 3302 5844 esse
3335 5787 3517 5842 Lucas
