3992 6410
435 408 575 470 1.123

1535 399 1596 462 S.
1640 388 2018 460 GREGORII
2057 384 2570 449 AGRIGENTINI

3565 377 3700 445 λιιι

502 528 633 588 Quae
659 523 801 574 vero
827 518 897 572 ab
929 531 1172 588 anagogc
1217 517 1436 588 pendet,
1493 527 1547 573 et
1593 527 1701 572 tota
1735 511 2002 583 spiritalis

2176 502 2389 558 Οὐκοῦν
2419 495 2650 573 εἴπομεν
2667 499 2762 554 καὶ
2788 494 3251 570 τὴνάναγωγικήν
3276 513 3334 550 τε
3365 498 3458 552 καὶ
3472 501 3700 570 νοητήν.

429 613 668 680 est,jam
694 623 1055 678 exponamus.
1083 608 1425 663 Dennntians
1453 611 1624 670 enim,
1655 621 1723 660 ne
1748 607 1872 674 quis
1897 602 2006 670 regi

432 713 526 758 aut
565 700 719 756 diviti
772 701 1125 769 imprecetur,
1184 700 1345 770 257
1397 697 1682 756 Christum
1739 694 2011 764 signiﬁcat

437 791 604 844 Deum
642 789 884 843 universi
927 804 992 843 ac
1025 804 1205 858 regem
1245 789 1452 857 gloriae,
1487 802 1649 858 quem
1677 783 2013 852 compellans

435 878 705 946 Propheta
727 877 906 931 dixit:
946 895 962 926 ι
1001 875 1248 946 Regnum
1298 886 1452 930 tuum
1491 887 1716 944 regnum
1765 872 2010 926 omnium

438 971 792 1030 saeculorum,
829 976 884 1021 et
915 969 1220 1024 dominatio
1257 978 1347 1022 tua
1384 969 1438 1020 in
1462 966 1625 1022 omni
1665 963 2015 1034 generatione

438 1071 489 1114 ct
519 1059 965 1128 generatione“.
1005 1080 1024 1112 ι
1057 1059 1190 1114 .Fuit
1220 1059 1575 1128 enimoquoad
1605 1067 2016 1124 utramque-na-

438 1161 616 1206 turam
647 1161 705 1208 et
749 1167 842 1206 rex
881 1159 938 1207 et
973 1152 1124 1207 dives
1161 1167 1349 1205 revera
1403 1151 1517 1205 sive
1559 1148 1822 1201 Dominus
1852 1165 1866 1201 :
1899 1153 2016 1198 tan-

439 1257 602 1311 quam
637 1241 892 1310 princeps
920 1243 1071 1311 pacis
1098 1249 1147 1294 et
1173 1241 1321 1309 regis
1349 1239 1520 1294 Filius
1555 1237 1867 1307 unigenitus
1892 1250 2014 1288 om-

439 1333 741 1402 nipotentis
789 1332 885 1386 Dei
937 1332 1133 1396 Patris,
1182 1347 1291 1400 qua
1347 1330 1486 1398 Deus
1534 1337 1728 1382 natura
1776 1337 1900 1391 est;
1941 1340 2018 1380 iac

437 1431 701 1492 praeterea
735 1438 830 1492 per
862 1423 1117 1476 humanae
1163 1433 1373 1475 naturae
1406 1421 1865 1487 assumptionem,
1891 1425 2017 1472 tan-

440 1527 604 1580 quam
637 1511 784 1566 ﬁlins
809 1526 976 1580 regis,
1013 1525 1206 1578 nempe
1238 1508 1430 1570 David,
1468 1507 1930 1576 quemadmodum
1965 1513 2019 1559 et

442 1601 496 1655 in
536 1603 842 1672 Evangeliis
891 1603 1156 1670 scriptum
1202 1610 1322 1663 est,
1365 1600 1580 1654 Judaeos
1636 1599 1736 1668 ipsi
1785 1598 2020 1651 interro-

439 1693 611 1762 ganti.
662 1693 821 1762 cujus
847 1693 999 1746 ﬁlius
1036 1699 1219 1752 esset,
1257 1691 1480 1753 dixisse,
1518 1692 1708 1760 utique
1754 1689 1973 1742 Davidis
1997 1701 2018 1740 :

439 1780 564 1846 ipso
593 1781 789 1834 deinde
818 1782 1126 1850 obiectante
1155 1781 1264 1834 illis
1288 1796 1353 1834 ac
1382 1781 1598 1834 dicente
1625 1799 1638 1834 :
1671 1799 1692 1832 ι
1731 1779 2018 1850 Quomodo

2113 594 2346 648 Βασιλέα
2359 593 2470 664 γὰρ
2495 594 2570 664 μὴ
2591 589 2937 662 καταρᾶσθαι
2957 591 3094 660 μήτε
3123 587 3377 642 πλούσιον
3396 582 3703 658 καταγγέλ-

2111 691 2238 749 λων,
2284 686 2376 740 τὸν
2406 685 2640 754 Χριστὸν
2668 683 2969 736 αἰνίττεται
3001 681 3096 735 καὶ
3122 681 3256 734 Θεὸν
3279 681 3387 732 τῶν
3417 682 3559 734 ὅλων
3608 684 3706 736 καὶ

2114 778 2336 848 βασιλέα
2355 780 2454 847 τῆς
2491 775 2670 846 δόξης,
2704 774 2840 845 πρὸς
2865 774 2926 826 ὃν
2957 790 3120 844 φησιν
3146 775 3174 826 ὁ
3215 774 3534 844 Προφήτης,
3573 793 3593 824 ι
3639 775 3706 828 Ἡ

2117 870 2368 939 βασιλεία
2397 886 2492 922 σου
2524 867 2770 939 βασιλεία
2816 867 3038 920 πάντων
3087 867 3196 918 τῶν
3230 866 3468 930 αἰώνων,
3526 867 3625 918 καί
3669 868 3704 936 ἡ

2113 964 2404 1018 δεσποτεία
2429 980 2523 1016 σου
2555 964 2613 1015 ὲν
2649 961 2802 1034 πάσῃ
2850 961 3016 1031 γενεᾷ
3055 959 3152 1012 uari.
3190 959 3377 1030 γενεᾷ.
3421 977 3440 1008 ι
3487 959 3708 1026 Πέφυκε

2115 1057 2225 1128 γὰρ
2255 1055 2374 1108 καθ’
2393 1053 2662 1124 ἑκατέραν
2679 1053 2880 1105 ὀὐσίαν
2915 1051 3008 1103 καὶ
3045 1047 3300 1118 βασιλεὺς
3319 1048 3416 1100 καὶ
3451 1047 3710 1110 πλούσιος
3791 1043 3794 1046 ’

2115 1145 2333 1216 ἀληθῶς
2383 1145 2503 1216 ἢτοι
2531 1144 2795 1214 δυνάστης
2815 1157 2830 1173 ’
2864 1141 2940 1204 ὡς
2969 1141 3154 1209 ἄρχων
3209 1139 3307 1208 τῆς
3339 1138 3564 1208 εἰρήνης
3611 1137 3710 1188 καὶ

2119 1237 2380 1308 βασιλέως
2403 1237 2520 1299 υίὸς
2551 1237 2844 1308 μονογενὴς
2865 1232 2960 1286 τοῦ
2988 1232 3427 1308 παντοκράτορος
3457 1227 3596 1282 Θεοῦ
3615 1229 3708 1280 καί

2119 1329 2352 1398 Πατρὸς,
2437 1327 2568 1390 Θεός
2595 1329 2711 1380 ἐστι
2739 1325 2862 1377 κατ’
2892 1325 3102 1378 οὐσίαψ
3115 1323 3195 1376 ἔτι
3227 1339 3285 1392 γε
3320 1321 3425 1392 μὴν
3445 1321 3540 1374 καὶ
3568 1321 3709 1374 κατὰ

2118 1419 2214 1488 τὴν
2239 1417 2508 1488 πρόληψιν
2533 1417 2632 1486 τῆς
2657 1415 3010 1486 ἀνθρωπίνης
3047 1413 3284 1482 φύσεως,
3311 1411 3387 1475 ὡς
3415 1412 3532 1474 υίὸς
3555 1412 3712 1481 βασι-

2118 1510 2278 1573 λέως,
2303 1509 2502 1577 δηλαδὴ
2522 1508 2616 1560 τοῦ
2646 1508 2831 1572 Δαϐἰδ,
2883 1505 3067 1569 καθὼς
3099 1507 3200 1558 κάν
3223 1507 3332 1566 τοῖς
3355 1501 3710 1570 Εὐαγγελίοις

2117 1603 2430 1672 γέγραπται
2462 1599 2590 1660 τοὺς
2629 1597 2920 1659 Ἰουδαίους
2944 1598 3116 1648 εἰπεῖν
3143 1594 3282 1663 πρὸς
3317 1593 3483 1648 αὐτὸν
3507 1593 3712 1662 ἐρωτή-

2121 1709 2313 1754 σαντα,
2345 1691 2490 1754 τίνος
2527 1689 2643 1752 υίός
2671 1692 2819 1742 ἐστιν
2841 1705 2854 1754 ;
2877 1689 2969 1742 --ὅτι
2991 1687 3096 1740 τοῦ
3113 1685 3289 1740 Δαϐίδ
3313 1701 3325 1716 ·
3360 1681 3458 1738 τοῦ
3479 1683 3536 1736 δὲ
3565 1683 3702 1752 πρὸς

2121 1783 2318 1845 αὐτοὺς
2369 1780 2864 1848 ἀνθυπενεγκόντος
2914 1779 3013 1832 καὶ
3050 1779 3346 1849 φήσαντος,
3405 1795 3425 1828 ι
3453 1774 3580 1838 Πῶς
3609 1773 3701 1828 οὖν

441 1886 572 1938 ergo
599 1871 675 1923 ait
705 1871 872 1924 David
901 1889 914 1924 :
946 1871 1092 1924 Dixit
1120 1869 1392 1926 Dominus
1429 1871 1663 1926 Domino
1691 1887 1845 1926 meo:
1879 1871 2017 1926 Sede

2128 1876 2287 1945 φησὶν
2307 1877 2334 1928 ὁ
2363 1873 2582 1938 Δαόιδ,ι
2611 1867 2766 1925 εἶπεν
2783 1871 3037 1942 ὁΚύριος
3057 1869 3134 1940 τῷ
3159 1869 3346 1940 Κυρίῳ
3377 1885 3502 1938 μου,
3528 1867 3711 1920 Κάθου

443 1974 476 2012 a
504 1961 710 2015 dextris
742 1961 915 2014 meis?
946 1962 999 2014 Si
1033 1977 1166 2029 ergo
1209 1962 1472 2016 Dominus
1500 1961 1720 2016 Davidis
1745 1971 1850 2028 est,
1881 1978 2018 2032 quo-

444 2049 608 2102 modo
644 2059 694 2104 et
734 2050 878 2104 ﬁlius
912 2050 1032 2119 ejus
1069 2059 1156 2104 est
1178 2051 1262 2103 ul?
1296 2069 1316 2101 ι
1359 2049 1478 2104 Non
1523 2061 1580 2104 ut
1613 2067 1672 2107 se
1701 2053 1872 2106 ﬁlium
1915 2051 2020 2104 Da-

443 2139 587 2191 vidis
635 2153 756 2192 esse
810 2139 1171 2202 inﬁciaretur,
1233 2141 1328 2194 sed
1385 2149 1446 2194 ut
1497 2141 1729 2211 gemine
1781 2151 2019 2205 naturae,

445 2227 664 2291 divina},
699 2229 946 2300 inquam,
981 2240 1033 2284 et
1072 2233 1347 2296 humanae,
1373 2229 1436 2284 in
1485 2246 1610 2286 eum
1642 2233 2022 2287 concurrentis

447 2320 730 2374 veritatem
753 2307 1136 2376 conﬁrmaret.
1170 2322 1352 2387 Quare
1385 2321 1453 2376 de
1489 2323 1678 2377 eodem
1721 2323 1797 2376 ait
1831 2338 2022 2378 rursus

446 2413 682 2479 quodam
736 2413 787 2464 in
839 2413 958 2466 loco
991 2395 1252 2484 propheta
1301 2413 1509 2468 David:
1550 2433 1568 2464 ι
1609 2413 1874 2469 Dominus
1908 2415 2022 2468 vir-

441 2511 623 2554 tutum
682 2501 797 2570 ipse
847 2512 933 2556 est
986 2519 1082 2557 rex
1131 2505 1404 2573 glorize“.
1449 2523 1469 2556 ι
1516 2503 1654 2560 lluic
1703 2506 1868 2574 igitur
1909 2507 2022 2576 regi

447 2604 814 2658 nequaquam,
851 2591 1048 2660 inquit,
1081 2593 1400 2661 imprecere,
1433 2593 1485 2647 id
1511 2603 1614 2658 est,
1649 2610 1780 2649 cave
1809 2604 1890 2660 tu,
1926 2609 2025 2664 po-

446 2677 572 2746 pule
591 2676 926 2743 Judaaornm,
953 2682 1039 2734 cui
1068 2681 1406 2736 obstinatum
1436 2691 1518 2740 est
1545 2700 1641 2740 cor
1665 2700 1763 2740 nec
1786 2687 2025 2740 circum-

447 2766 622 2823 cisum
647 2787 661 2834 ;
687 2783 883 2825 cavete
911 2789 1030 2838 vos,
1077 2775 1260 2828 caeteri
1290 2791 1360 2830 ex
1399 2778 1712 2833 infidelibus
1745 2781 2024 2849 gentibus.

448 2873 517 2914 ne
561 2860 709 2916 hunc
755 2865 1086 2918 contumelia
1143 2864 1412 2934 efﬁciatis,
1453 2884 1588 2923 neve
1635 2870 1890 2926 irrisione
1927 2879 2028 2925 aut

443 2951 1060 3022 cunvicio'ohjurgetis,
1095 2972 1196 3025 pro
1238 2959 1436 3027 quibus
1467 2961 1790 3030 praeoptavit
1835 2961 2026 3032 singu-

446 3041 552 3094 lari
577 3057 702 3112 erga
743 3045 990 3100 homines
1019 3049 1298 3104 voluntate
1334 3051 1388 3104 in
1419 3053 1719 3106 humanam
1755 3054 2025 3108 conditio-

2117 1970 2183 2022 ὲκ
2210 1967 2399 2034 δεξιῶν
2427 1982 2528 2035 μου
2551 1981 2566 2029 ;
2603 1984 2622 2017 ι
2661 1966 2710 2016 εἰ
2739 1959 2832 2017 οὖν
2857 1962 3059 2033 Κύριος
3079 1959 3172 2014 τοῦ
3199 1960 3362 2014 Δαδίδ
3391 1963 3563 2020 ἐστιν,
3597 1959 3712 2022 πῶς

2119 2061 2266 2112 ἐστιν
2293 2055 2462 2111 αὐτοῦ
2485 2055 2584 2108 καὶ
2619 2054 2768 2120 υἰός;
2805 2071 2824 2104 ι
2861 2051 2995 2122 Οὐχί
3024 2049 3086 2104 τὸ
3114 2050 3228 2114 υίὸς
3259 2047 3401 2104 εἶναι
3429 2047 3526 2102 τοῦ
3555 2047 3715 2102 Δασιδ

2119 2149 2462 2219 ἀνατρέπων,
2494 2147 2630 2200 ἀλλὰ
2661 2143 2772 2198 τῶν
2809 2142 3234 2214 συνδραμουσῶν
3259 2143 3543 2212 ἑκατέρων
3561 2139 3709 2210 αὐτῷ

2123 2241 2358 2309 φύσεων,
2389 2239 2488 2309 τῆς
2519 2236 2670 2300 θείας
2692 2237 2835 2306 φημί⁸
2863 2235 3076 2304 καὶτῆς
3099 2233 3464 2305 ἀνθρωπίνης
3491 2231 3712 2286 πιστού-

2125 2347 2285 2402 μενος
2315 2329 2413 2400 τὴν
2436 2327 2714 2398 ἀλήθειαν.
2751 2327 2848 2380 Διὰ
2880 2324 3043 2379 τοῦτο
3091 2326 3221 2396 περὶ
3246 2323 3418 2378 αὑτοῦ
3447 2325 3578 2394 φησί
3611 2340 3710 2378 που

2123 2422 2285 2476 πάλιν
2318 2421 2346 2472 ὁ
2381 2420 2670 2490 προφήτης
2721 2417 2909 2483 Δα6“ιδ,
2973 2436 2994 2468 ι
3023 2418 3226 2488 Κύριος
3280 2416 3398 2469 τῶν
3435 2415 3712 2485 δυνάμεων

2123 2512 2284 2574 αὐτός
2329 2513 2478 2564 ἐστιν
2511 2512 2536 2562 ὁ
2569 2507 2824 2579 βασιλεὺς
2857 2506 2956 2576 τῆς
2994 2505 3170 2576 δόξης.
3209 2524 3228 2557 ι
3278 2505 3486 2558 Τοῦτον
3535 2503 3712 2556 τοίνυν

2123 2602 2216 2654 τὸν
2245 2599 2470 2670 βασιλέα
2496 2597 2767 2670 μηδαμῶς
2800 2597 3114 2668 καταράσῃ,
3137 2596 3295 2666 φησὶ,
3319 2593 3601 2646 τουτέστιν
3639 2589 3719 2667 μὴ,

2123 2691 2534 2762 διαλοιδορήσῃς
2565 2689 2702 2760 μηδὲ
2731 2688 3117 2758 καταμωμήσῃ
3152 2687 3242 2740 καί
3267 2682 3640 2756 κατασκώψῃς
3682 2684 3710 2736 6

2137 2779 2429 2842 Ἰουδαῖκδς
2469 2778 2594 2842 λαὸς
2644 2778 2738 2830 κειιί⁵
2767 2777 3144 2847 ἀπερίτμητος
3196 2775 3296 2844 τὴν
3345 2775 3580 2845 καρδίαν
3623 2771 3714 2826 καὶ

2129 2870 2576 2942 σκληροκάρδιος,
2628 2868 2763 2939 μηδέ
2794 2883 2878 2931 τις
2907 2867 3065 2929 ἄλλος
3093 2865 3200 2919 τῶν
3233 2865 3492 2920 ἀπίστων
3526 2863 3712 2927 ἐθνῶν,

2127 2964 2244 3018 ἀνθ’
2263 2959 2338 3016 ὦν
2371 2963 2546 3014 είλετο
2573 2961 2708 3031 πρὸς
2733 2960 2829 3031 τὴν
2862 2958 3206 3030 ἀνθρωπίνην
3227 2961 3499 3030 ἐσχατιὰν
3538 2955 3716 3029 κατελ-

2129 3054 2240 3108 θεῖν
2274 3055 2368 3108 καὶ
2405 3053 2632 3126 φορέσαι
2653 3053 2753 3122 τὴν
2773 3039 3047 3120 ’ταπεινὴν
3083 3049 3180 3104 τοῦ
3217 3049 3348 3104 ἰδίου
3411 3050 3716 3120 πλάσματος

451 3125 576 3184 nem
613 3147 643 3185 a
675 3147 734 3186 se
765 3150 928 3202 quam
970 3141 1395 3195 remotissimam
1441 3141 1800 3210 descendere,
1845 3145 2025 3198 humi-

452 3220 663 3242 I-__._-_-
704 3238 862 3242 -__-,,,
910 3241 918 3242 κ
1298 3241 1305 3242 ,
1506 3235 1514 3242 .
1581 3233 1591 3242 .

2130 3145 2290 3215 φύσιν
2321 3143 2662 3214 αὐθαιρέτως
2687 3144 2782 3197 κιιιί⁵
2805 3140 3218 3213 φιλανθρώπως,
3253 3141 3398 3211 πρὸς
3422 3141 3710 3195 ἀνάπλασιν

451 3220 668 3291 lemque
699 3238 924 3292 operum
958 3242 1184 3282 suorum
1219 3241 1468 3284 naturain
1505 3233 1750 3300 induere,
1797 3249 1917 3288 eam
1963 3244 2025 3288 ut

450 3315 761 3382 reﬁngeret,
815 3332 879 3370 ac
930 3318 1228 3374 beatiorem
1274 3321 1341 3376 ad
1401 3323 1561 3377 linem
1615 3332 1781 3394 atque
1823 3333 2023 3380 statum

451 3406 796 3460 transferret.
870 3408 1057 3478 Neque
1110 3427 1235 3466 vero
1287 3422 1465 3468 tecum
1521 3415 1636 3484 ipse
1690 3417 2024 3486 cogitando,

452 3495 958 3552 inhumanationem
987 3502 1080 3554 tali
1109 3518 1233 3573 rege
1263 3505 1538 3576 indignam
1563 3522 1684 3562 esse
1709 3509 2026 3576 putaveris;

453 3602 632 3656 neque
669 3593 1068 3660 contempseris
1114 3604 1210 3648 aut
1249 3595 1676 3666 iniprubaveris,
1720 3600 1865 3668 quod
1903 3615 2030 3655 cor-

451 3693 586 3748 pore
607 3691 892 3750 assumpto
911 3683 1275 3740 voluntariam
1303 3687 1355 3741 in
1374 3703 1538 3743 cruce
1557 3698 1790 3746 mortem
1809 3691 2026 3758 ohierit,

451 3779 618 3839 atque
646 3771 698 3824 in
734 3774 954 3827 tertium
984 3775 1128 3830 diem
1172 3777 1225 3831 in
1261 3780 1518 3849 sepulcro
1566 3769 1985 3838 claususifuerit
2008 3775 2044 3839 ε’

453 3877 550 3930 per
579 3877 700 3932 qua:
747 3864 801 3918 in
827 3855 1046 3935 judicio
1071 3878 1126 3922 et
1148 3867 1385 3935 iustitia,
1428 3880 1488 3926 ut
1535 3874 1802 3943 scriptum
1833 3882 1919 3928 est
1941 3874 1986 3905 ’⁷
2009 3913 2024 3940 ,

453 3952 782 4008 homicidam
813 3971 877 4011 ac
899 3961 1196 4028 superbum
1227 3960 1484 4016 Satanam
1509 3965 1840 4036 proﬂigavit,
1869 3975 2032 4036 teque

453 4061 517 4098 ex
547 4046 712 4110 illius,
743 4063 772 4102 a
809 4064 919 4118 quo
950 4049 1135 4107 fueras
1165 4053 1446 4124 deceptus.
1484 4058 1770 4126 tyrannide
1797 4059 2033 4113 crudeli-

455 4152 562 4207 que
583 4138 864 4193 dominatu
889 4140 1291 4197 humanissime
1312 4144 1601 4200 liberatum
1631 4147 1698 4201 ad
1726 4149 2032 4220 majestatis

455 4247 566 4284 sua:
593 4231 872 4300 fastigium
904 4237 1104 4290 evexit.

523 4321 689 4394 258
714 4325 868 4390 Quod
899 4336 1076 4380 autem
1111 4328 1288 4383 addit:
1329 4347 1348 4381 ι
1385 4330 1523 4396 Quia
1552 4333 1790 4390 volucris
1813 4336 1936 4391 cceli
1959 4335 2034 4391 ef-

452 4412 590 4468 feret
608 4431 790 4470 vocem
812 4427 980 4482 tuam,
995 4427 1050 4472 et
1073 4419 1277 4476 habens
1296 4439 1501 4491 pennas
1518 4426 1851 4480 renuntiabit
1871 4429 2033 4483 verba

2129 3233 2300 3303 αὐτῆς
2331 3232 2426 3285 καὶ
2455 3231 2590 3302 πρὸς
2629 3232 2916 3300 κρείττονα
2947 3228 3101 3300 λῆξιν
3124 3232 3218 3282 καὶ
3246 3231 3702 3284 ἀποκατάστασιν.

2127 3323 2278 3394 Μηδὲ
2295 3327 2402 3392 γὰρ
2430 3322 2654 3387 ἀναξίαν
2682 3322 2776 3384 τοῦ
2797 3321 3039 3376 τοιούτου
3067 3321 3331 3393 βασιλέως
3355 3321 3706 3390 διενθυμηθῇς

2128 3415 2188 3467 ὲν
2209 3417 2320 3478 τοῖς
2341 3413 2588 3486 ταμείοις
2620 3415 2717 3490 τῆς
2752 3417 2850 3485 σῆς
2876 3414 3100 3493 καρδίας
3137 3412 3276 3468 εἶναι
3311 3416 3413 3484 τὴν
3442 3411 3704 3484 ἐνανθρώ-

2130 3522 2326 3578 πησιν’
2369 3505 2505 3577 μηδὲ
2527 3505 2934 3578 διαλοιδορήσῃς
2965 3507 3086 3578 ἢτοι
3108 3505 3596 3580 δυσφημήσῃςοτὴν
3625 3505 3704 3557 ἐν·

2131 3597 2458 3668 σωμάτωσιν
2489 3596 2656 3651 αὑτοῦ
2688 3600 2782 3652 καὶ
2823 3599 2920 3669 τὴν
2939 3597 3245 3653 ἐθελούσιον
3292 3600 3589 3670 ἀνάρτησιν
3620 3597 3706 3652 ἐπὶ

2129 3690 2224 3744 τοῦ
2255 3689 2493 3760 σταυροῦ
2521 3691 2612 3756 καί
2631 3689 2729 3762 τὴν
2750 3691 3046 3762 τριήμερω
3070 3692 3278 3762 ταφήν
3312 3693 3382 3746 δι’
3404 3686 3478 3746 ὧν
3507 3692 3704 3745 τὸνάν-
3754 3751 3756 3754 ν

2131 3785 2508 3856 θρωποκτόνον
2537 3791 2633 3841 καὶ
2663 3787 3003 3858 μεγάλαυχον
3035 3788 3340 3860 κατέρραξε
3389 3789 3625 3843 Σατανᾶν
3650 3789 3705 3840 ἐν

2131 3879 2312 3950 κρίσει
2340 3879 2437 3932 καὶ
2457 3879 2770 3950 δικαιοσύνῃ
2806 3879 2948 3933 κατὰ
2989 3879 3050 3933 τὸ
3073 3883 3484 3953 γεγραμμένον,
3507 3879 3709 3950 καὶτῆς

2134 3973 2343 4026 ἐκείνου
2369 3971 2682 4042 τυραννίδος
2708 3974 2805 4025 καὶ
2828 3973 3025 4043 λύττης
3048 3975 3142 4026 καὶ
3171 3973 3627 4034 καταδυναστείας
3647 3985 3704 4024 σι

2131 4061 2224 4115 τὸν
2250 4062 2344 4114 ὑπ’
2377 4061 2545 4116 αὑτοῦ
2571 4063 2962 4130 φενακισθέντα
2980 4063 3379 4134 φιλανθρώπως
3403 4059 3705 4132 ἀπελυτρὼ-

2136 4168 2290 4225 σ-ατο,
2321 4153 2412 4204 καὶ
2443 4151 2580 4221 πρὸς
2605 4153 2666 4205 τὺ
2705 4151 2838 4222 ὕψος
2867 4154 2964 4224 τῆς
3025 4153 3162 4224 ἰδίας
3205 4153 3597 4225 μεγαλωσύνης
3619 4151 3704 4205 ἀνα

2134 4223 2361 4312 ⁴Ιίγαγεν.

2209 4329 2272 4384 ’Ὁ
2304 4328 2360 4381 δέ
2399 4345 2585 4398 φησιν,
2625 4347 2643 4380 ι
2677 4329 2800 4383 Ὀτι
2831 4331 3080 4384 πετεινδν
3113 4332 3206 4387 τοῦ
3237 4335 3474 4407 οὐρανοῦ
3505 4333 3697 4406 ἀποίσῃ

2134 4426 2234 4494 τὴν
2262 4425 2448 4497 φωνήν
2488 4441 2604 4486 σου,
2645 4427 2740 4479 καὶ
2763 4427 2792 4478 ὁ
2813 4427 2912 4490 τὰς
2937 4429 3218 4500 πτέρυγας
3248 4430 3393 4502 ἔχων
3415 4430 3703 4500 ἀπαγγελεί

454 4517 570 4570 tua,
613 4525 632 4557 ι
668 4507 944 4565 diabolum
981 4512 1270 4568 manifesto
1319 4516 1588 4586 signiﬁcat
1617 4530 1670 4574 et
1705 4520 1886 4576 socios
1913 4523 2025 4592 ejus

2137 4517 2293 4583 λόγον
2323 4533 2440 4582 σου,
2483 4535 2503 4568 ι
2539 4515 2634 4570 τοῦ
2666 4516 2913 4571 διαϐόλου
2949 4521 3174 4576 καὶτῶν
3201 4523 3518 4578 συνοπαδῶν
3545 4518 3699 4576 αὐτοῦ

455 4597 724 4666 malignos
768 4599 1046 4655 daemones
1099 4617 1222 4671 quae
1266 4604 1548 4676 loquaris,
1595 4617 1648 4662 et
1717 4625 1838 4680 qua:
1867 4613 2034 4666 etiam

455 4690 663 4758 cogites
693 4690 1079 4746 observantes:
1117 4695 1210 4764 qui
1265 4703 1528 4766 tanquam
1583 4701 1744 4755 aerize
1785 4703 2034 4758 volucres

455 4779 686 4836 insidias
733 4790 959 4836 struunt
990 4793 1042 4838 et
1091 4785 1510 4846 circumvolant.
1546 4791 1669 4845 sine
1711 4793 1818 4847 ulla
1855 4795 2038 4864 quiete

453 4871 772 4942 vigilantes:
799 4883 856 4929 et
895 4875 984 4938 iis,
1016 4876 1108 4946 qui
1140 4877 1308 4954 Deum
1343 4891 1550 4947 amant,
1595 4882 1794 4939 infensi
1821 4901 2036 4955 semper

455 4975 619 5034 atque
649 4966 952 5034 terribiles;
983 4969 1074 5023 ubi
1123 4971 1489 5042 dignoverint,
1533 4975 1695 5029 verba
1723 4976 1886 5046 impia
1931 4977 2030 5034 ad-

451 5069 647 5112 versus
690 5073 894 5128 regem,
933 5061 1002 5115 de
1040 5078 1150 5130 quo
1198 5065 1433 5135 agimus,
1479 5067 1547 5120 ah
1583 5067 1768 5138 aliquo
1821 5071 2033 5140 prolata

451 5159 596 5214 esse,
629 5159 723 5204 aut
777 5152 948 5208 malas
979 5153 1337 5222 cogitationes
1367 5157 1420 5209 in
1461 5158 1628 5210 animi
1665 5163 2034 5229 penetralibus

454 5249 722 5308 receptas,
758 5245 1008 5312 exemplo
1029 5247 1096 5299 ad
1125 5245 1499 5300 accusandum
1531 5249 1841 5322 prosiliunt,
1873 5252 2034 5320 quid-

455 5326 586 5394 quid
635 5329 681 5382 is
731 5337 814 5384 vcl
871 5333 1088 5390 locutus
1132 5333 1301 5390 fuerit
1341 5337 1424 5390 vel
1473 5349 1654 5393 mente
1693 5343 2030 5410 conceperit:

455 5431 566 5472 non
611 5421 738 5489 quia
783 5420 1088 5482 invisibiles
1133 5428 1300 5482 animi
1341 5429 1698 5498 cogitationes
1736 5431 1812 5486 illi
1863 5433 2036 5505 inspi-

458 5508 793 5578 ciantatqne
823 5527 1191 5580 cognoscant:
1235 5519 1286 5574 id
1338 5522 1483 5575 cnim
1518 5537 1679 5576 nemo
1704 5532 2035 5592 putareom-

457 5595 588 5651 nino
627 5597 788 5652 debet
848 5603 994 5671 (97);
1048 5607 1142 5660 scd
1195 5609 1316 5676 quia
1369 5609 1626 5666 admissae
1667 5627 1840 5667 necne
1882 5615 2032 5681 sint,

2135 4607 2230 4656 καί
2255 4603 2873 4676 μισοκάλων-δαιμόνων
2917 4607 3016 4676 τὴν
3058 4612 3445 4683 παρατήρησιν
3487 4613 3592 4665 τῶν
3631 4611 3700 4662 εξ-

2135 4695 2388 4766 ρημένων
2439 4694 2614 4764 λόγων
2639 4737 2655 4762 ,
2691 4695 2772 4751 ἔτι
2806 4715 2867 4767 γε
2902 4699 3009 4770 μὴν
3049 4701 3282 4756 καὶτῶν
3306 4702 3698 4774 ἐνθυμημάτων

2133 4788 2428 4842 αἰνίττεται
2458 4789 2774 4860 προφανῶς,
2799 4789 2848 4844 οἳ
2877 4793 3034 4863 δίκην
3062 4794 3330 4849 πετεινῶν
3355 4796 3558 4867 ἀερίων
3581 4797 3693 4862 ἐφε-

2133 4879 2386 4950 δρεύουσι
2417 4883 2512 4934 καὶ
2565 4883 2980 4952 περιίπτανται,
3011 4868 3484 4956 ’διαγρυπνοῦντες
3533 4882 3698 4940 ἀπαύ-

2143 4991 2284 5036 στως
2309 4974 2404 5027 καὶ
2427 4975 2526 5044 τὴν
2561 4974 2697 5046 πρὸς
2731 4976 2858 5040 τοὺς
2893 4976 3223 5044 ἀγαπῶντας
3249 4979 3338 5034 τὴν
3371 4978 3570 5047 Κύριον
3591 4978 3699 5028 ἐπι·

2143 5065 2342 5135 ϐουλὴν
2387 5066 2484 5118 καὶ
2521 5067 2921 5138 παρενόχλησιν
2959 5068 3176 5140 ἔχοντες
3202 5087 3217 5102 ο
3251 5073 3412 5138 ἡνίκα
3455 5066 3699 5137 διαγνῶσι

2143 5159 2286 5210 κατὰ
2313 5157 2408 5210 τοῦ
2441 5159 3036 5232 παραληφθέντοςὴμῖν
3065 5161 3332 5230 βασιλέως
3362 5163 3551 5231 λόγους
3578 5159 3698 5210 δυσ-

2140 5250 2357 5318 φήμους
2410 5251 2746 5322 εἰρημένους
2769 5253 2918 5322 παρά
2937 5269 3102 5318 τινος,
3133 5254 3166 5326 ἢ
3205 5256 3447 5324 πονηρὰς
3475 5248 3698 5318 ἐνθιμή-

2145 5356 2260 5401 σεις
2289 5341 2348 5392 ἐν
2374 5341 2488 5403 τοῖς
2534 5341 2780 5410 ταμείοις
2827 5345 2928 5413 τῆς
2986 5343 3213 5413 καρδίας
3255 5339 3694 5413 παραδέχθένταςο

2141 5435 2219 5495 εἰς
2260 5433 2596 5504 κατηγορίαν
2641 5437 2952 5506 παραυτίκα
3001 5437 3393 5507 προϐάλλονται
3433 5431 3568 5487 κατὰ
3597 5425 3698 5480 τῶν

2142 5527 2493 5594 λαλησὰντων
2521 5527 2554 5596 ἢ
2591 5528 3048 5598 παρτδεξομένων
3068 5546 3082 5560 ·
3113 5530 3214 5600 οὐχ
3249 5530 3321 5591 ὡς
3358 5527 3464 5580 τῶν
3490 5517 3696 5590 ἀφανῶν

2141 5619 2448 5687 νοημάτων
2470 5617 2568 5685 τῆς
2617 5617 2841 5688 καρδίας
2871 5619 3024 5682 όντες
3054 5619 3288 5672 ἐπόπται
3315 5617 3408 5672 καὶ
3430 5611 3656 5682 γνῶστιι
3679 5618 3692 5633 ·

527 5709 917 5783 "Psal.cxr.v,
953 5719 1037 5772 1'5.
1117 5720 1362 5777 “‘Matth.
1397 5736 1532 5790 xxn,
1563 5723 1652 5778 42.
1731 5725 1776 5760 ¹⁶
1803 5723 1949 5782 Psal.
1991 5747 2140 5797 xxrv,
2173 5728 2256 5784 10.
2327 5720 2379 5760 ’³⁷
2413 5728 2556 5784 Psal.
2592 5746 2736 5798 cxrx,
2778 5735 2830 5788 4.

517 5799 802 5881 ,(θῖλιίειξε
856 5824 987 5863 sane
1040 5823 1284 5866 veterum
1336 5815 1558 5870 Patrum
1611 5817 1856 5874 doctrina
1917 5833 2020 5880 est.

460 5868 742 5942 Diabolus,
773 5877 946 5948 inquit
981 5881 1346 5952 Hieronymus
1382 5868 1872 5957 (inipsialiiitvi)i,ﬂiit

2138 5837 2223 5879 ma
2263 5821 2594 5900 intrinsecus
2627 5827 2820 5900 nescit,
2851 5828 2994 5896 quod
3023 5829 3224 5900 cogitet
3265 5825 3444 5900 home.
3479 5816 3692 5900 ηῖείέῗῖ

2143 5894 2448 5951 exteriores
2507 5905 2688 5952 motus
2745 5885 3030 5968 intelligat.
3072 5885 3122 5952 »υ
3143 5897 3350 5955 Similia
3396 5885 3689 5948 Gennadius
