3992 6382
450 410 578 475 1131

1581 412 1642 471 S.
1670 409 2047 470 GBEGORH
2088 409 2181 469 AG
2194 408 2601 471 RIGENTINI

3583 412 3715 481 1132

446 550 624 600 mens,
663 547 785 602 qum
830 528 1153 601 longissime
1214 527 1518 593 distabant,
1564 527 1620 582 in
1675 525 2029 598 prudentium

2142 524 2234 597 τὴν
2258 524 2419 591 δόξαν
2455 524 2555 580 τοῦ
2581 522 3033 597 προσηλωθέντος
3069 525 3128 578 έν
3164 522 3243 595 τῷ
3278 525 3556 599 σταυρικῷ
3578 530 3716 604 ξύλῳ

446 626 760 684 auditorum
807 623 1096 680 utilitatem
1148 629 1314 691 atque
1341 618 1577 676 salutem
1598 617 2024 691 praenuntiavit.

446 722 536 777 Ait
568 717 788 775 deinde:

2137 616 2378 695 Χριστοῦ
2406 617 2476 672 δι’
2506 615 2716 687 ἄφατον
2746 616 2897 671 ἔλεον
2930 618 3024 671 uel
3054 615 3155 687 τὴν
3202 616 3582 692 ἀπολύτρωσιν
3626 624 3719 676 uel

2137 708 2237 782 τήν
2292 710 2575 783 σωτηρίαν
2632 708 2730 763 τοῦ
2783 710 2979 778 γένους
3017 707 3131 762 τῶν
3177 708 3508 781 ἀνθρώπων.
3540 711 3720 780 Οὕτως

877 808 948 863 τὰ
994 805 1239 878 μυστικὰ
1283 805 1381 860 uel
1408 769 1696 878 παράδοξα
1759 801 1872 857 τῶν
1930 769 2282 873 πραγμάτων
2342 802 2372 855 ό
2419 769 2583 871 σοφὸς
2629 769 3073 872 Ἐκκλησιαστὴς
3110 801 3238 863 ταῖς
3289 769 3582 871 αίσθηταῖς
3603 769 3721 857 svo;

452 906 682 977 μασίαις
709 901 1085 973 ἐξεικονίζων,
1115 898 1404 975 πόρρωθεν
1427 898 1499 953 τὰ
1526 897 1792 970 μέλλοντα
1825 894 2304 968 προκατήγγειλεν
2363 896 2447 959 εἰς
2506 893 2785 965 ὠφέλειαν
2845 892 2944 948 καὶ
2992 892 3273 966 σωτηρίαν
3320 892 3431 949 τῶν
3484 894 3722 961 συνετῶς

445 998 775 1056 ἀκουόντων.
807 992 945 1052 Εἶτά
974 1000 1109 1067 φησι
1124 1011 1139 1025 ο

1976 1075 2006 1151 9
2034 1074 2205 1131 xxn.

517 1184 685 1241 Vens.
716 1182 773 1249 4,
798 1180 852 1237 5.
882 1176 984 1245 Qui
1019 1176 1259 1232 observat
1291 1182 1491 1240 uentos,
1528 1189 1633 1228 non
1676 1172 1943 1238 seminat;
1981 1181 2033 1226 et

445 1264 535 1351 qui
557 1273 747 1346 aspicit
780 1271 962 1339 nubes,
997 1284 1103 1324 non
1131 1274 1308 1323 metet.
1369 1264 1434 1322 In
1468 1265 1658 1336 quibus
1693 1280 1797 1318 non
1827 1273 1905 1318 est
1940 1279 2032 1317 co-

446 1383 720 1440 gnoscens,
746 1378 866 1435 qua
925 1362 996 1417 sit
1029 1361 1116 1415 uia
1168 1358 1414 1430 spiritus,
1450 1358 1591 1410 sicut
1642 1371 1764 1411 ossa
1808 1355 1863 1409 in
1883 1362 2033 1408 utero

448 1458 802 1531 pmgnantis,
831 1456 908 1511 sic
949 1469 1053 1509 non
1105 1465 1385 1523 cognosces
1420 1464 1580 1519 opera
1616 1446 1748 1516 Dei,
1784 1447 1873 1517 qui
1908 1445 2033 1515 fecit

448 1554 627 1609 omnia
658 1550 759 1621 (6).

520 1725 621 1782 llic
677 1736 898 1795 quoque
949 1733 1170 1775 rursum
1214 1717 1269 1772 in
1317 1714 1529 1787 vulgari
1576 1714 1872 1772 verborum
1897 1726 2034 1769 sono

448 1818 716 1888 obvioque
739 1828 921 1881 sensu,
940 1809 1204 1866 moralem
1232 1808 1545 1864 doctrinam
1584 1805 1845 1878 exprimit
1869 1813 2036 1877 atque

446 1909 689 1966 exhibet.
739 1900 1213 1972 Quemadmodum
1253 1899 1401 1955 enim
1426 1898 1522 1970 qui
1540 1907 1731 1955 ventos
1758 1896 2033 1963 observat,

447 2002 493 2059 si
514 2002 775 2056 adversos
802 1994 1123 2065 dispexerit,
1161 2006 1342 2049 serere
1372 2008 1483 2049 non
1512 1992 1628 2048 vult
1653 2032 1669 2058 ,
1705 1990 1790 2046 vel
1818 1990 1865 2047 si
1891 1998 2032 2046 tem-

447 2091 731 2170 pestivitas
776 2095 1009 2160 urgeat;
1046 2093 1101 2142 et
1125 2085 1217 2157 qui
1249 2083 1422 2141 nubes
1464 2083 1730 2156 prospicit
1780 2081 2036 2139 assiduas

447 2197 502 2243 et
538 2185 695 2242 vario
723 2189 874 2239 motu
910 2180 1146 2237 invicem
1194 2178 1592 2245 discurrentes,
1645 2176 1830 2249 segnis
1860 2175 2035 2233 estad

452 2276 790 2345 metendum,
843 2287 968 2329 cum
1021 2270 1166 2327 haud
1207 2270 1348 2326 bene
1395 2269 1576 2337 norit,
1611 2283 1774 2340 quem
1801 2266 2037 2338 denique

448 2367 658 2424 exitum
701 2362 829 2420 coeli
877 2368 1178 2431 tempeSIas
1234 2358 1307 2414 sit
1337 2357 1625 2415 habitura:
1670 2371 1797 2412 nam
1828 2356 1932 2412 hoc
1955 2356 2036 2412 si-

449 2457 764 2532 gnificavit,
821 2453 913 2509 illa
964 2451 1271 2523 adjiciens:
1340 2468 1359 2502 ι
1397 2449 1455 2505 In
1520 2449 1722 2520 quibus
1792 2463 1903 2505 non
1951 2456 2037 2504 est

2218 1163 2421 1236 Μρῶν
2475 1165 2760 1238 ἀνέμους,
2806 1169 2881 1223 οὐ
2936 1167 3174 1238 σπείρει
3196 1181 3211 1199 ·
3243 1167 3344 1223 καί
3386 1168 3638 1236 ,Βλέπων
3659 1173 3726 1228 ὲν

2139 1258 2271 1326 ταῖς
2328 1259 2637 1330 νεφέλαις,
2672 1261 2747 1315 οὐ
2802 1260 3049 1329 θερίσει.
3098 1261 3196 1315 Ἐν
3224 1254 3317 1326 οἷς
3339 1263 3454 1317 οὐκ
3482 1264 3615 1318 ἐστι
3643 1284 3725 1336 γι-

2138 1349 2393 1405 νώσκων
2421 1351 2516 1417 τίς
2540 1352 2579 1421 ἠ
2619 1348 2761 1418 ὁδός
2794 1351 2903 1407 τοῦ
2946 1352 3292 1423 πνεύματος
3312 1391 3328 1418 ,
3351 1354 3433 1422 ὡς
3472 1355 3625 1411 ὀστᾶ
3659 1358 3728 1411 ἐν

2140 1438 2359 1511 γαστρί
2427 1438 2541 1509 τῆς
2613 1444 3043 1512 κυοφορούσης
3068 1481 3084 1507 ,
3138 1442 3330 1510 οὕτως
3383 1447 3457 1501 οὐ
3526 1446 3724 1520 γνώσῃ

2139 1533 2215 1589 τὰ
2267 1532 2576 1604 ποιήματα
2628 1532 2739 1589 τοῦ
2786 1533 2967 1603 Θεοῦ,
3022 1534 3094 1601 ὃς
3147 1535 3402 1606 ἐποίησε
3449 1538 3526 1594 τὰ
3579 1541 3729 1611 σύμ-

2140 1634 2363 1677 «arta.

2213 1714 2324 1768 Καὶ
2357 1713 2454 1768 νῦν
2484 1713 2643 1778 αὖθις
2671 1715 2730 1769 ὲν
2759 1715 2840 1788 τῷ
2860 1716 3161 1789 γράμματι
3184 1718 3284 1773 uel
3325 1718 3407 1790 τῷ
3452 1722 3726 1795 προχείρῳ

2139 1804 2374 1876 νοήματι
2399 1803 2501 1876 τὴν
2540 1805 2815 1877 τροπικὴν
2869 1806 3169 1863 αἰνίττεται
3216 1810 3313 1863 uel
3352 1812 3725 1883 παρεμφαίνει

2139 1897 2514 1954 διδασκαλίαν.
2547 1899 2765 1972 Ὠσπερ
2809 1900 2921 1973 γὰρ
2949 1902 2978 1955 ό
3006 1903 3107 1973 τήν
3147 1901 3258 1958 τῶν
3296 1903 3518 1976 ἀνέμων
3551 1924 3726 1979 παρα-

2138 1989 2379 2061 τήρησιν
2414 1989 2557 2062 ἔχων
2581 2030 2597 2056 ,
2652 1992 3042 2064 ἐναντιότητας
3068 1994 3324 2065 καθορῶν
3346 2035 3363 2060 ,
3391 1996 3453 2050 οὔ
3479 1995 3727 2067 βούλεται

2143 2081 2416 2154 σπείρειν,
2457 2081 2704 2153 καίτοιγε
2740 2083 2837 2139 τοῦ
2887 2083 3085 2158 καιροῦ
3129 2087 3560 2157 κατεπείγοντος
3584 2105 3600 2121 ·
3637 2090 3728 2144 uel

2140 2170 2243 2235 τὰς
2271 2173 2505 2241 νεφέλας
2533 2172 2591 2228 δὲ
2614 2173 2981 2245 προσϐλέπων
3015 2178 3265 2250 συνεχεῖς
3309 2179 3505 2247 οῦσας,
3528 2181 3623 2236 uel
3651 2201 3727 2237 κι-

2146 2261 2338 2335 νήσεις
2372 2262 2819 2337 ἀλλεπαλλή).ους
2856 2268 3260 2341 πεποιημένας,
3286 2250 3606 2343 ἀπ’ρόθυμος
3642 2272 3726 2341 γί-

2143 2369 2292 2408 νεται
2325 2353 2422 2408 τοῦ
2452 2354 2711 2426 θερίζειν,
2764 2357 3008 2429 καίτοιγε
3059 2360 3136 2432 μὴ
3180 2361 3474 2431 γινώσκων
3521 2363 3727 2433 σαφῶς,

2143 2442 2304 2497 ποίαν
2329 2444 2357 2498 ό
2392 2442 2533 2522 ἀνὴρ
2554 2444 2649 2520 τοῦ
2680 2445 2814 2500 ἰδίου
2839 2449 3270 2520 καταστήματος
3307 2448 3422 2517 ἔξει
3445 2449 3545 2523 τὴν
3570 2450 3726 2505 ἑκϐα-

449 2523 813 2622 cognoscens,
847 2559 971 2616 quae
1000 2542 1069 2599 sit
1096 2541 1185 2597 via
1213 2539 1477 2612 spiritus;
1517 2558 1537 2592 ι
1566 2548 1730 2610 atque
1755 2538 1892 2594 adeo
1905 2537 2035 2594 talia

2142 2548 2254 2589 σιν*
2288 2535 2451 2590 τοῦτο
2485 2535 2595 2610 γὰρ
2625 2537 2904 2610 ἐσήμανεν
2948 2537 3144 2607 είπὼν,
3179 2558 3200 2593 ε
3249 2539 3343 2595 Ἐν
3390 2537 3476 2606 οἷς
3497 2542 3598 2596 οὐκ
3616 2540 3725 2597 ἐστι

451 2648 786 2713 spectantes,
820 2643 984 2706 atque
1010 2631 1232 2689 indiciis
1255 2638 1309 2687 et
1338 2630 1515 2701 signis
1544 2628 1704 2685 ﬁdem
1747 2628 2033 2695 habentes,

450 2734 523 2789 ob
555 2745 724 2787 vanas
750 2737 805 2785 et
826 2727 1026 2785 stultas
1047 2723 1486 2790 observationes,
1513 2736 1693 2794 neque
1717 2736 1904 2779 serere
1942 2736 2036 2777 ne-

450 2837 558 2897 que
585 2830 787 2878 metere
841 2826 1177 2892 potuerunt;
1215 2824 1271 2873 et
1310 2815 1414 2872 hoc
1435 2814 1581 2870 nacti
1618 2822 1768 2881 sunt,
1801 2824 1863 2870 ut
1892 2812 2039 2869 fame

450 2931 515 2971 ac
577 2914 666 2971 siti
719 2911 1214 2971 contabescerent:
1270 2900 1471 2979 neque'
1504 2908 1651 2964 enim
1708 2907 1941 2964 sationis
1983 2916 2040 2964 et

448 3008 649 3065 messis
690 3005 1168 3077 tempestivitatem
1239 3001 1520 3074 negligere
1568 3000 1887 3066 debebant;
1941 3000 2039 3057 sed

451 3113 551 3170 spe
578 3105 743 3168 atque
789 3095 894 3151 lide
944 3095 1002 3150 in
1038 3094 1152 3150 Deo
1178 3093 1358 3165 posita
1404 3091 1653 3147 animum
1684 3091 2038 3158 confirmare,

450 3199 617 3261 atque
637 3188 708 3245 ab
740 3202 831 3257 eo,
853 3186 1073 3258 rejectis
1118 3182 1628 3250 observationibus,
1674 3182 1904 3239 ﬁdenter
1937 3197 2034 3238 ex-

448 3282 669 3354 quirere
694 3276 860 3351 263
879 3286 934 3334 et
960 3276 1190 3334 seminis
1210 3289 1533 3333 successum
1568 3283 1624 3331 et
1643 3274 1842 3331 messis
1873 3275 2039 3330 uber-

449 3379 655 3430 tatem:
684 3366 796 3436 Sic,
852 3366 1056 3441 inquit,
1087 3382 1122 3422 ο
1175 3365 1448 3433 mortalis,
1482 3374 1541 3422 tu
1591 3379 1813 3437 quoque
1858 3364 2039 3422 insitis

448 3461 756 3534 prudentia:
784 3456 1039 3516 terminis
1076 3456 1272 3525 fultus,
1319 3465 1375 3513 et
1417 3454 2039 3512 rationaliumsfaculta-

451 3563 591 3622 tum,
645 3566 770 3626 qua
829 3551 931 3610 tibi
974 3565 1006 3607 a
1051 3548 1349 3607 Conditore
1381 3548 1701 3622 obtigerunt
1752 3547 1964 3621 judicio
1984 3556 2040 3606 et

448 3644 789 3721 cognitione,
815 3658 942 3717 quae
983 3643 1181 3705 idonea
1217 3652 1349 3702 sunt
1399 3652 1456 3701 et
1489 3643 1645 3701 utilia
1668 3651 1725 3702 et
1748 3642 2036 3712 salutaria,

450 3747 714 3812 reputans
747 3748 913 3811 atque
938 3736 1210 3810 cogitans,
1254 3750 1355 3794 nec
1392 3736 1462 3794 de
1503 3735 1683 3793 ventis
1734 3736 2039 3809 quidquam

2137 2624 2446 2694 γινώσκων,
2479 2628 2567 2693 τίς
2594 2629 2630 2700 ή
2659 2628 2779 2694 ὁδὸς
2802 2629 2899 2684 τοῦ
2924 2630 3266 2703 πνεύματος.
3308 2649 3329 2685 ι
3365 2631 3430 2687 οι
3457 2631 3517 2687 δὲ
3557 2632 3723 2687 ταῦτα

2139 2716 2614 2792 παρατηροῦντες,
2662 2720 2758 2775 uel
2792 2713 3045 2793 σημείοις
3095 2722 3190 2776 uel
3228 2722 3527 2794 συμϐόλοις
3559 2741 3723 2795 προσ-

2138 2812 2375 2885 έχοντες,
2408 2812 2535 2868 οὕτε
2561 2813 2813 2888 σπείρειν
2834 2812 2960 2869 οὔτε
2992 2813 3235 2886 θερίζειν
3260 2815 3615 2888 ἠδυνήθησαν
3638 2816 3722 2872 διὰ

2138 2906 2239 2978 τὴν
2268 2905 2510 2978 ματαίαν
2532 2905 2631 2960 uel
2655 2905 2974 2977 παράλογον
3011 2906 3407 2979 παρατήρησιν
3424 2922 3441 2940 ο
3468 2909 3563 2962 uel
3591 2910 3723 2963 κατὰ

2136 2998 2199 3053 τὸ
2225 2999 2523 3055 ἀκόλουθον
2547 2998 2695 3072 λιμῷ
2748 2999 2845 3054 uel
2898 2998 3030 3073 δίψῃ
3084 2998 3277 3066 κακῶς
3326 2999 3719 3073 διεφθάρησαν.

2141 3091 2291 3147 Ἔδει
2341 3092 2453 3165 γὰρ
2484 3093 2689 3165 ἥκιστα
2732 3093 2993 3165 παριδεῖν
3046 3093 3142 3148 τὸν
3164 3092 3262 3148 τοῦ
3297 3094 3507 3167 σπόρου
3533 3096 3721 3167 καιρὸν

2139 3184 2235 3240 uel
2261 3184 2358 3240 τοῦ
2389 3184 2606 3259 θέρους,
2653 3184 2749 3241 ere
2776 3184 2842 3257 δή
2860 3187 2930 3258 τῇ
2964 3185 3105 3258 πρὸς
3145 3185 3280 3242 Θεὸν
3313 3187 3495 3243 ἑλπίδι
3518 3188 3613 3244 uel
3641 3187 3722 3241 πε-

2141 3295 2258 3333 στει
2292 3278 2792 3351 κεκραταιωμένην
2824 3277 3052 3350 ἔχοντας
3077 3277 3176 3351 τὴν
3196 3279 3454 3352 καρδίαν,
3475 3280 3567 3335 uel
3594 3280 3743 3352 παρ’.

2138 3367 2307 3425 αὑτοῦ
2357 3368 2658 3442 ζητοῦντας
2708 3370 2768 3424 ἐν
2814 3370 3242 3444 ἀπαρατηρήτῳ
3282 3372 3610 3446 προαιρέσει
3639 3388 3723 3426 τε·

2140 3457 2500 3533 θαρρηκότως
2548 3458 2643 3514 τοῦ
2696 3460 2900 3533 σπόρου
2940 3460 3043 3533 τήν
3090 3462 3468 3518 κατευόδωσιν
3507 3463 3599 3517 uel
3628 3462 3721 3533 τήν

2137 3551 2232 3607 τοῦ
2261 3551 2457 3625 θέρους
2490 3551 2786 3620 ὲπίτευξιν.
2823 3551 3035 3620 Οὕτως,
3064 3552 3353 3627 ἄνθρωπε,
3389 3555 3487 3609 uel
3519 3556 3582 3610 σὺ
3614 3556 3719 3620 τοῖς

2138 3641 2407 3716 ἑμφύτοις
2437 3642 2542 3716 τῆς
2595 3644 2914 3717 φρονήσεως
2955 3644 3108 3714 ὅροις
3154 3645 3572 3718 ἐπερειδόμενος
3594 3687 3609 3713 ,
3634 3644 3720 3700 uel

2138 3737 2260 3800 ταῖς
2287 3735 2659 3808 διακριτικαῖς
2691 3736 3030 3808 ἐπιστήμαις
3061 3735 3174 3790 τῶν
3222 3737 3719 3811 ἀποκληρωοεισῶν

448 3841 546 3890 aut
572 3831 815 3889 nubibus
839 3830 1119 3896 laborans,
1149 3829 1362 3886 variant
1408 3827 1633 3885 virtutis
1692 3842 1882 3885 semen
1913 3844 2035 3900 per-

2143 3843 2225 3881 σοι
2250 3827 2541 3900 δυνάμεων
2566 3827 2804 3899 λογικῶν
2839 3829 2991 3900 παρὰ
3011 3827 3109 3882 τοῦ
3137 3829 3475 3901 ποιήσαντος
3500 3829 3570 3885 τά
3598 3847 3719 3885 κατι

362 3958 365 3961 ν
448 3934 616 3997 petuo
645 3937 831 3982 serere
867 3931 1094 3994 paratus
1122 3922 1232 3984 sis;
1266 3936 1367 3977 nec
1387 3920 1573 3978 minus
1600 3928 1830 3989 metere,
1852 3934 2036 3991 super-

449 4031 551 4073 nas
619 4013 1098 4072 remunerationes
1169 4012 1525 4084 divinamque
1595 4011 2034 4070 benevolentiam

452 4105 549 4162 tibi
610 4104 939 4173 concilians,
987 4103 1332 4160 misericordi
1370 4118 1568 4175 nempe
1624 4103 1956 4160 liberalitate
1982 4117 2038 4160 et

448 4197 928 4254 obsecrationibus
984 4194 1265 4268 largisque
1329 4195 1628 4268 lacrymis,
1694 4204 1808 4251 tum
1868 4194 2036 4252 rectis

444 4288 669 4362 judiciis
722 4297 779 4345 et
825 4288 987 4359 longa
1031 4287 1298 4361 patientia
1353 4287 1780 4378 patrocinioque
1838 4301 2035 4344 eorum

448 4378 568 4452 qui,
600 4387 825 4450 propter
849 4378 1281 4436 imbecillitatem
1308 4387 1475 4450 atque
1493 4378 1761 4451 inopiam,
1784 4378 2036 4436 subsidio

446 4479 503 4527 et
536 4471 704 4527 tutela
730 4477 891 4542 egent
922 4471 1328 4542 potentiorum:
1365 4470 1552 4540 itaque
1591 4471 1831 4543 optimas
1865 4484 2037 4541 quas-

446 4577 556 4633 que
604 4562 836 4618 virtutes
891 4562 988 4618 tibi
1044 4577 1324 4633 compara.
1376 4558 1557 4619 Habes
1607 4561 1754 4619 enim
1790 4561 1876 4619 vel
1916 4562 2036 4619 sine

446 4653 793 4724 spiritalibus
832 4651 1011 4710 ventis
1044 4669 1110 4709 ac
1150 4653 1413 4719 nubibus,
1456 4654 1679 4725 scriptis
1711 4654 1925 4710 scilicet
1950 4653 2033 4711 le-

445 4746 609 4817 gibus
655 4754 712 4802 et
736 4745 981 4802 oraculis
1002 4754 1057 4801 et
1085 4745 1450 4813 documentis,
1488 4744 1795 4801 naturalem
1836 4754 2032 4816 poten-

446 4839 579 4893 tiam
632 4838 856 4910 vimque
915 4839 984 4895 ad
1036 4839 1190 4895 utilia
1252 4855 1282 4895 a
1312 4842 1494 4897 noxiis
1544 4839 1925 4897 discernenda.
1967 4837 2034 4894 Et

446 4937 685 5001 oportet,
714 4931 853 4987 nihil
896 4938 958 4987 ut
1000 4946 1192 4987 eorum
1230 4948 1352 5004 quae
1400 4932 1548 4989 circa
1602 4941 1654 4989 te
1693 4931 2035 5005 sunt,negli-

443 5037 597 5093 gens,
626 5022 745 5079 sine
774 5021 955 5080 fructu
1002 5038 1284 5095 nunquam
1335 5038 1604 5091 maneas;
1646 5024 1740 5081 sed
1775 5032 1833 5079 ut
1851 5024 2034 5086 bonus

444 5115 655 5185 palmes
683 5130 748 5171 ac
780 5113 958 5183 ferax,
994 5127 1164 5187 atque
1187 5123 1247 5171 ut
1276 5116 1497 5187 pinguis
1527 5126 1674 5173 terra
1695 5126 1777 5173 'ac
1801 5115 2032 5188 frugife-

2140 3919 2351 3992 άλληλα
2407 3920 2503 3974 uel
2544 3919 2897 3992 συμφέροντα
2936 3919 3035 3974 uel
3059 3920 3308 3975 σωστικὰ
3348 3920 3717 3993 διανοούμενος

2137 4010 2237 4067 uel
2273 4011 2511 4083 φρονῶν,
2536 4012 2634 4066 uel
2663 4012 2771 4066 τῶν
2793 4012 3014 4084 ἀνέμων
3038 4013 3136 4067 uel
3162 4012 3275 4068 τῶν
3309 4014 3552 4086 νεφελῶν
3571 4013 3715 4085 ἄτερ,

2140 4102 2391 4174 σπείρειν
2418 4101 2506 4157 ἀεὶ
2553 4102 2942 4175 προθυμήθητι
2991 4102 3087 4157 τὸν
3112 4102 3365 4158 ποικίλον
3394 4103 3598 4175 σπόρον
3623 4101 3715 4172 τῆς

2138 4194 2341 4266 ἀρετῆς
2363 4211 2378 4226 ·
2415 4193 2677 4259 ὡσαύτως
2704 4193 2763 4247 δὲ
2793 4193 2888 4248 uel
2924 4192 3165 4268 θερίζειν
3183 4235 3200 4261 ,
3225 4195 3334 4268 τὴν
3356 4194 3565 4252 ἄνωθεν
3591 4195 3713 4248 ἀπο-

2137 4285 2301 4360 δοχὴν
2334 4286 2431 4342 uel
2465 4284 2619 4341 θείαν
2646 4284 2938 4356 εὐμένειαν
2972 4287 3366 4359 ἐφελκόμενος,
3406 4290 3468 4344 ἐν
3501 4287 3712 4358 ἐλεημο-

2139 4378 2329 4443 σύναις
2356 4375 2603 4448 δηλονότι
2621 4376 2717 4434 uel
2742 4380 3080 4450 προσευχαῖς
3104 4373 3202 4434 uel
3219 4379 3459 4452 δάκρυσι
3481 4379 3712 4450 δαψιλέσι

2137 4471 2234 4528 uel
2284 4471 2713 4544 δικαιοκρισίαις
2772 4472 2867 4529 uel
2902 4472 3318 4546 μακροθυμίαις
3364 4475 3459 4530 uel
3489 4488 3711 4547 προστα-
3798 4530 3803 4535 ,

2138 4562 2283 4629 σίαις
2317 4566 2439 4629 ταῖς
2473 4563 2612 4635 πρὸς
2659 4564 2790 4629 τοὺς
2823 4562 3122 4631 ἀδυνάτους
3169 4566 3267 4621 uel
3313 4566 3598 4640 δεομένους
3624 4564 3711 4636 τῆς

2136 4650 2533 4726 άντιληπτικῆς
2558 4653 2936 4728 χειραγωγίας
2965 4654 3075 4711 τῶν
3105 4655 3431 4731 ὑπερτέρων
3449 4671 3466 4688 ⁸
3502 4659 3595 4713 uel
3625 4671 3709 4709 πο-

2140 4745 2293 4817 ρίζου
2327 4745 2431 4810 τὰς
2481 4746 2785 4819 κρατίστας
2817 4745 2928 4801 τῶν
2975 4747 3212 4820 ἀρετῶν.
3238 4749 3432 4821 Ἔχεις
3486 4748 3597 4821 γὰρ
3625 4745 3703 4802 uel

2137 4835 2307 4911 χωρὶς
2335 4835 2448 4891 τῶν
2471 4837 2682 4910 νοητῶν
2723 4837 2944 4911 ἀνέμων
2977 4840 3074 4894 uel
3112 4840 3376 4911 νεφελῶν,
3413 4843 3580 4915 ήγουν
3614 4839 3705 4894 τῶν

2135 4927 2401 4999 γραπτῶν
2431 4928 2614 5001 νόμων
2645 4929 2741 4985 uel
2787 4929 3179 5004 θεσπισμάτων
3217 4934 3315 4988 uel
3356 4932 3707 5004 διδαγμάτων,

2137 5020 2376 5092 φυσικὰς
2406 5022 2672 5095 δυνάμεις
2717 5023 2814 5078 uel
2869 5023 3176 5096 διακρίσεις
3217 5023 3315 5080 τοῦ
3353 5026 3710 5098 συμφέροντος

2136 5112 2234 5168 uel
2257 5113 2353 5168 τοῦ
2383 5114 2734 5185 βλάπτοντος.
2776 5114 2891 5171 Καὶ
2915 5116 2997 5170 δεῖ
3024 5134 3084 5171 σε
3115 5107 3385 5191 μηδαμῶς
3421 5116 3712 5191 ἀμελοῦντα

444 5220 527 5273 ra,
553 5220 621 5260 ex
652 5205 769 5277 ipsa
811 5204 975 5262 domo
1015 5215 1105 5260 tua
1159 5214 1325 5278 atque
1350 5221 1382 5261 a
1415 5207 1704 5278 temetipso
1739 5207 1913 5263 multa
1943 5221 2031 5263 πό-

2142 5205 2249 5260 τῶν
2282 5207 2571 5281 προσεχῶν
2596 5224 2657 5262 τε
2683 5210 2778 5264 uel
2816 5208 3087 5280 σύνεγγυς
3113 5210 3365 5283 ἄκαρπον
3406 5210 3674 5281 διαμένειν
3695 5221 3711 5236 ⁶

444 5295 665 5363 fundas,
722 5305 777 5352 et
823 5310 1078 5353 racemos
1119 5295 1263 5353 feras
1321 5306 1571 5354 maturos
1600 5298 1867 5369 nullaque
1893 5299 2036 5355 alio-

448 5403 570 5442 rum
607 5402 777 5458 opera
829 5388 1070 5460 indigos,
1100 5400 1161 5444 ut
1216 5387 1407 5458 justus
1450 5390 1608 5456 Abel,
1631 5401 1691 5446 ut
1739 5388 1910 5458 Enos,
1974 5399 2036 5446 ut

424 5477 657 5544 ‘Enoch,
712 5488 775 5534 ut
810 5475 948 5546 Noe,
979 5488 1043 5536 ut
1093 5479 1289 5535 beatus
1344 5487 1402 5534 et
1466 5481 1682 5552 patiens
1733 5478 1928 5548 Jobus,
1975 5491 2036 5537 ut

446 5578 673 5627 sanctus
700 5569 996 5626 Abraham.
1021 5567 1141 5627 Nisi
1164 5569 1313 5627 enim
1354 5580 1553 5642 sponte
1585 5580 1753 5643 atque
1781 5588 1811 5628 a
1837 5581 1888 5629 te
1910 5572 2033 5643 ipso

446 5662 706 5721 incitatus
727 5663 795 5718 ad
828 5671 976 5719 recte
999 5661 1166 5727 facta,
1205 5661 1444 5721 fructum
1476 5672 1528 5719 te
1578 5663 1830 5720 attulisse
1848 5671 2035 5721 osten-

2140 5295 2256 5350 ἀλλ’
2280 5297 2357 5360 ὡς
2390 5297 2601 5368 ἀγαθὸν
2623 5298 2812 5371 κλῆμα
2836 5300 2934 5355 uel
2965 5300 3293 5372 πολυφόρον,
3336 5300 3431 5356 uel
3471 5299 3544 5369 γῆ
3584 5296 3713 5351 πίων

2138 5387 2237 5441 uel
2262 5388 2636 5460 καρποφόρος,
2669 5389 2885 5444 οἴκοθεν
2925 5390 3023 5445 uel
3065 5391 3198 5463 παρ’
3230 5390 3408 5461 ἑαυτῷ
3451 5387 3711 5463 πολύχουν

2137 5479 2513 5552 εὑρίσκεσθαι,
2543 5480 2639 5536 uel
2662 5479 2895 5555 βότρυας
2945 5483 3239 5555 βαστάζειν
3275 5481 3585 5552 πεπείρους,
3616 5477 3706 5532 καὶ

2139 5572 2411 5644 μηδαμῶς
2439 5573 2540 5644 τῆς
2583 5576 2715 5646 παρ’
2743 5577 2951 5648 ἑτέρων
2998 5576 3323 5649 καλιεργίας
3354 5572 3704 5644 ἠξιωμένους.

2142 5661 2221 5725 ὡς
2245 5663 2274 5715 ό
2302 5662 2516 5728 δίκαιος
2548 5663 2741 5734 Ἅϐελ,
2777 5667 2911 5732 ὼς’ό
2948 5666 3137 5734 Ἐνὼς,
3177 5667 3255 5735 ὡς
3297 5668 3327 5721 ὁ
3358 5662 3552 5736 Ἑνὼχ,
3592 5659 3663 5724 ὡς
3688 5659 3718 5712 δ

520 5832 595 5907 (ο)
624 5835 692 5891 At
724 5835 863 5891 Lxx
907 5822 1127 5904 habent,
1186 5836 1405 5908 Τηρῶν
1434 5838 1727 5908 ἄνεμον....
1756 5826 1870 5891 ὅσα
1910 5838 2035 5909 ποιή

2153 5838 2219 5893 τὰ
2254 5840 2570 5913 σύμπαντα.
