3992 6396
360 319 493 390 1137

1415 325 1499 388 IN
1540 325 2121 389 ECCLESIASTEN.
2161 355 2228 366 —
2277 301 2426 392 LIB.
2483 319 2558 390 x‘.

3493 328 3650 393 1138-

365 453 454 514 [ov
477 437 579 508 τῆς
601 435 808 509 ἀρετῆς
826 435 888 491 οὐ
916 434 1260 510 προσήκατο,
1281 434 1374 491 διά
1393 437 1454 492 τὸ
1477 441 1618 510 μετά
1643 457 1788 505 τινος
1821 441 1940 494 ἑπι-

2064 449 2244 497 actum
2290 451 2393 510 est,
2425 457 2537 498 non
2571 439 2792 498 admisit
2820 457 2836 508 ;
2868 439 3070 514 quippe
3122 441 3212 499 cui
3255 457 3482 514 gramen
3513 447 3636 510 ,ad-

358 527 541 603 μιξίας
569 529 898 600 χορτώδους,
925 527 1096 599 ἧγουν
1130 526 1416 598 ὲμπαθοῦς
1443 528 1739 594 διαθέσεως
1771 547 1941 585 κατα-

369 620 646 696 ιληθῆναι,
683 623 778 677 καὶ
833 621 1102 694 μηδαμῶς
1153 620 1248 676 τοῦ
1297 621 1542 694 καθαροῦ
1591 625 1797 696 σπόρου
1841 626 1944 698 τὴν

367 717 626 778 ιπάθειαν
658 715 802 788 ἔχειν
823 731 838 746 ο
886 716 1057 787 ἧγουν
1080 715 1157 780 ὡς
1188 715 1262 788 μὴ
1297 715 1366 769 δι’
1399 715 1532 770 αὐτὸ
1561 715 1622 770 τὸ
1651 717 1817 772 καλὸν
1859 735 1946 788 γι-

357 808 585 880 νόμενον
615 793 691 862 ’τὸ
725 806 889 861 καλὸν
923 806 1280 878 θεασάμενος,
1307 806 1422 862 ἀλλ’
1453 807 1852 879 ὲπιφερόμενός
1889 826 1944 863 τι

359 901 455 954 καὶ
486 900 729 964 ζιζάνιον
764 899 1114 972 ἀνθρωπίνης
1147 897 1442 971 ἀρεσκείας
1485 899 1518 970 ἢ
1563 899 1873 967 κενοδοξίας
1909 900 1943 972 ἧ

357 1007 505 1054 τινος
531 989 701 1060 ἄλλης
729 976 1000 1062 κοσμικῆς
1033 989 1360 1061 ὲμπαθείας.
1394 989 1514 1060 Χρὴ
1552 990 1752 1054 τοίνυν,
1785 991 1942 1062 φησὶ,

361 1081 639 1155 μηδέποτε
689 1082 992 1152 λαμϐάνειν
1045 1079 1258 1135 παῦλαν
1298 1081 1398 1152 τῆς
1441 1083 1795 1152 κατασπορᾶς
1835 1081 1944 1136 τῶν

359 1171 584 1241 ἀγαθῶν
627 1171 724 1226 καὶ
769 1171 1078 1226 σπουδαίων
1131 1171 1424 1242 νοημάτων
1471 1173 1566 1227 καὶ
1615 1171 1791 1242 λόγων
1847 1173 1946 1229 καὶ

358 1261 636 1334 πράξεων,
663 1261 778 1315 ἀλλ’
813 1263 879 1316 ὲκ
909 1261 1163 1316 παιδόθεν
1191 1261 1288 1316 καὶ
1323 1261 1487 1333 μέχρι
1519 1263 1725 1334 γήρως.
1758 1263 1946 1319 Ταῦτα

359 1353 468 1423 γὰρ
527 1351 858 1425 σημαίνεται
915 1351 1107 1424 σαφῶς
1165 1351 1254 1406 διὰ
1285 1353 1384 1423 τῆς
1418 1353 1644 1421 πρωΐας
1696 1353 1792 1408 καὶ
1845 1355 1946 1426 τῆς

359 1443 651 1511 ἑσπέρας·
693 1445 788 1498 καὶ
825 1444 1137 1516 προσευχὰς
1186 1445 1284 1498 καὶ
1331 1444 1646 1513 δοξολογίας
1679 1447 1818 1518 πρὸς
1852 1447 1945 1501 τὸν

359 1535 453 1590 ἐπὶ
480 1537 701 1592 πάντων
743 1536 900 1604 Θεὸν,
933 1537 1029 1592 καὶ
1061 1535 1318 1609 νηστείας
1367 1537 1468 1602 τὰς
1501 1538 1646 1592 κατὰ
1688 1537 1942 1610 δύναμιν,

361 1627 457 1680 καὶ
479 1625 579 1698 τὴν
607 1627 888 1698 πραότητα
916 1629 1010 1681 καὶ
1033 1628 1132 1699 τὴν
1155 1629 1378 1699 ἀγάπην
1404 1628 1497 1680 καὶ
1523 1628 1622 1698 τὴν
1647 1627 1946 1700 ἐλεημοσύο

359 1736 458 1790 νην
481 1719 594 1790 ’τὴν
624 1719 762 1792 πρὸς
793 1721 918 1783 τοὺς
948 1719 1147 1783 ἐνδεεῖς
1186 1719 1281 1774 καὶ
1327 1721 1578 1790 πτωχοὺς
1613 1721 1945 1793 ἐργάζεσθαι

2049 533 2273 588 mistum
2305 543 2473 602 esset,
2519 532 2574 590 id
2605 540 2690 591 est
2719 533 2949 590 aﬂ‘ectus
2991 539 3157 605 atque
3200 535 3496 604 cupiditas,
3533 554 3636 596 nec

2046 625 2178 680 vitio
2210 628 2359 682 omni
2411 628 2572 698 plane
2615 635 2829 685 careret
2865 645 2880 683 :
2929 626 3046 684 sive
3092 627 3221 698 quia
3254 627 3482 684 minime
3512 643 3636 686 tan.

2045 731 2212 787 quam
2242 717 2445 773 bonum
2471 717 2830 790 spectaveris,
2859 703 3008 790 quod
3037 733 3229 774 revera
3257 718 3464 774 bonum
3489 730 3630 786 erat,

2046 808 2141 863 sed
2177 807 2344 862 alieni
2399 807 2606 880 aliquid
2663 808 3139 880 superiuduxeris,
3173 818 3229 865 et
3285 810 3479 866 lolium
3527 812 3626 867 hu-

2045 914 2223 955 mana:
2257 900 2518 964 levitatis,
2552 901 2804 957 inanisve
2836 900 3025 973 gloriae
3048 901 3240 969 studii,
3271 913 3366 958 aut
3395 904 3630 975 alicujus

2047 991 2112 1046 de
2141 992 2358 1046 cmteris
2384 991 2551 1062 hujus
2575 991 2701 1048 vitae
2721 992 3135 1062 cupiditatibus.
3173 991 3365 1063 Itaque
3390 1005 3636 1065 oportet.

2002 1154 2013 1163 ο
2047 1083 2244 1154 inquit,
2278 1101 2560 1157 nunquam
2597 1094 2660 1141 ut
2695 1101 2978 1142 cessemus
3013 1099 3044 1140 a
3073 1085 3341 1142 bonarum
3375 1086 3628 1144 honesta-

2047 1193 2283 1248 rumque
2303 1179 2726 1250 cogitationum,
2748 1186 2806 1235 et
2834 1194 3178 1244 sermonum,
3201 1189 3256 1234 et
3281 1194 3508 1250 operum
3541 1195 3631 1235 sa~

2045 1269 2217 1337 tione,
2245 1284 2372 1326 cum
2400 1270 2469 1325 ab
2495 1270 2612 1341 ipsa
2642 1269 2898 1342 pueritia,
2933 1278 3049 1326 tum
3083 1285 3260 1340 usque
3294 1271 3360 1327 ad
3385 1271 3630 1336 senium,

2047 1363 2166 1420 haec
2199 1363 2344 1419 enim
2386 1362 2678 1418 manifesto
2719 1363 3032 1420 indicantur
3062 1378 3161 1434 per
3215 1363 3544 1418 Matutinum
3579 1372 3636 1418 et

2058 1453 2340 1524 Vesperum
2366 1469 2386 1507 :
2413 1461 2582 1524 utque
2623 1469 2726 1511 nos
2756 1454 2810 1509 in
2854 1455 3330 1511 obsecrationibus
3377 1469 3637 1510 exercca~

2047 1561 2173 1601 mus
2195 1561 2260 1602 ac
2291 1546 2492 1600 summi
2518 1545 2610 1600 Dei
2642 1546 2919 1610 laudibus,
2944 1554 2998 1602 et
3025 1546 3079 1601 in
3098 1545 3345 1618 jejuniis,
3368 1555 3634 1617 quantum

2051 1638 2194 1693 vires
2231 1637 2435 1705 ferunt,
2462 1647 2516 1693 et
2544 1636 2601 1692 in
2633 1638 3055 1694 mansuetudine
3079 1647 3134 1694 et
3159 1653 3352 1696 amore
3375 1648 3429 1695 et
3475 1639 3638 1694 mise-

2049 1731 2287 1787 ricordia
2319 1746 2448 1806 erga
2477 1745 2680 1801 egenos
2722 1741 2776 1787 et
2810 1745 3080 1802 pauperes
3130 1731 3378 1788 studiose
3412 1729 3638 1785 omnino

362 1809 662 1880 φιλοτίμως
693 1810 788 1865 καὶ
816 1811 1056 1882 δαψιλῶς
1075 1828 1089 1841 ·
1120 1813 1207 1866 ῐνα
1240 1811 1344 1866 κᾶν
1371 1813 1444 1883 μὴ
1469 1813 1539 1866 τά
1571 1813 1764 1884 πρῶτα
1791 1812 1946 1886 παρὰ

2059 1839 2114 1880 ac
2151 1822 2384 1896 benigne
2425 1841 2440 1878 :
2479 1837 2613 1894 quo,
2651 1822 2698 1879 si
2730 1822 2916 1878 minus
2957 1823 3174 1880 auctori
3217 1831 3410 1878 nostro
3443 1832 3499 1878 et
3541 1823 3638 1878 do-

355 1901 452 1957 τοῦ
482 1903 714 1975 ποιητοῦ
741 1905 834 1958 καὶ
862 1904 1126 1959 δεσπότου
1161 1904 1547 1976 παραδεχθῶσι
1579 1905 1674 1958 καὶ
1705 1921 1942 1976 στοιχει-

356 1994 518 2064 θῶσι,
557 1997 626 2051 τά
660 1997 796 2069 πρὸς
841 1998 1101 2069 ἑσπέραν,
1138 1997 1416 2070 ἤγουντά
1453 1997 1583 2070 τέλη
1635 1999 1736 2069 τῆς
1773 1998 1943 2070 ζωῆς,

353 2089 456 2162 τὴν
487 2090 760 2161 ἀποδοχὴν
783 2089 966 2158 ἕξουσι
999 2092 1093 2145 καὶ
1121 2091 1212 2146 τὸν
1247 2089 1468 2144 ἔπαινον
1487 2105 1501 2120 ’
1531 2090 1565 2164 ἢ
1595 2092 1643 2144 εί
1675 2090 1750 2164 μὴ
1774 2091 1944 2147 ταῦτα

355 2181 601 2246 πάντως,
647 2185 853 2238 ἐκεῖνα.
905 2184 966 2237 Εἰ
1006 2182 1052 2236 δ’
1091 2183 1378 2254 ἀμφύτερα
1419 2183 1534 2244 τοῖς
1580 2182 1946 2254 παντεφόροις

352 2274 661 2345 ὀφθαλμοῖς
689 2275 784 2328 τοῦ
817 2275 1027 2346 Κυρίου
1055 2275 1164 2330 τῶν
1190 2275 1446 2345 γνώσεων
1468 2274 1653 2340 ἕξουσι
1677 2276 1776 2345 τὴν
1809 2277 1946 2330 ἀποο

351 2363 544 2436 δοχὴν,
568 2364 722 2420 ἔσται
749 2365 826 2436 τῷ
849 2365 1130 2437 σπείροντι
1157 2365 1359 2437 μᾶλλον
1380 2366 1440 2419 τὸ
1465 2365 1692 2434 ἀγαθὸν,
1716 2366 1944 2436 ἀγαθὸν,

353 2458 452 2510 καὶ
481 2455 751 2527 πολύχουν
781 2457 990 2530 θερίσει
1024 2457 1210 2511 θεόθεν
1241 2456 1340 2530 τὴν
1371 2457 1630 2530 ἀμοιϐήν.
1663 2453 1798 2514 Εἶτά
1837 2475 1947 2532 φη-

359 2563 443 2602 σιν
472 2549 502 2602 ό
533 2548 696 2618 σοφὸς
743 2549 1180 2622 Ἐκκλησιαστής
1199 2566 1216 2581 ⁸
1557 2568 1562 2574 ⁷

2047 1917 2198 1971 mino
2226 1923 2390 1986 grata-
2417 1921 2580 1984 atque
2604 1921 2824 1986 accepta
2863 1912 3089 1980 fuerint,
3127 1930 3251 1985 qua:
3291 1915 3472 1986 prima
3506 1915 3636 1972 frci-

2047 2023 2192 2075 mus,
2239 2023 2304 2063 ea
2354 2007 2640 2080 praemium
2693 2021 2760 2064 ac
2801 2005 3024 2063 laudern
3068 2007 3326 2074 habeant,
3373 1991 3510 2076 quae.
3531 2007 3636 2064 sub

2045 2118 2334 2174 vesperum
2369 2102 2485 2159 sive
2512 2101 2774 2158 extremis
2817 2101 2942 2160 vita:
2963 2099 3484 2157 diebus‘l‘ecerimus
3508 2117 3521 2155 :
3549 2101 3637 2158 vel

2046 2196 2094 2252 si
2127 2211 2238 2251 non
2273 2195 2390 2251 haec
2420 2193 2671 2262 omnino,
2715 2193 2908 2251 saltem
2962 2193 3076 2249 illa.
3109 2192 3269 2261 Quod
3316 2196 3364 2249 si
3401 2203 3637 2264 utraque

2046 2286 2247 2344 divinis
2275 2287 2454 2344 oculis
2487 2286 2674 2344 omnia
2704 2281 3069 2343 lustrantibus
3096 2295 3151 2343 et
3178 2286 3637 2358 cognoscentibus

2045 2388 2270 2450 accepta
2301 2387 2486 2448 erunt,
2524 2379 2664 2436 bene
2691 2379 2771 2434 illi
2806 2379 2933 2447 erit,
2973 2381 3068 2448 qui
3098 2378 3222 2450 plus
3257 2377 3636 2444 seminaverit.

2050 2480 2106 2528 et
2133 2488 2165 2528 a
2194 2471 2307 2528 Deo
2335 2471 2548 2532 fructus
2574 2481 2740 2531 metet
2763 2471 3062 2530 uberiores.
3087 2470 3178 2527 Ait
3201 2470 3397 2528 deinde
3417 2469 3640 2541 sapiens

2052 2561 2409 2621 Ecclesiastes
2441 2581 2456 2620 :

306 2811 316 2815 -
428 2773 544 2830 Καὶ
571 2773 769 2846 γλυκὺ
798 2773 866 2831 τό
888 2773 1036 2845 φῶς.
1074 2772 1176 2830 καί
1203 2773 1432 2844 ἀγαθόν
1459 2771 1586 2839 τοῖς
1614 2771 1950 2843 ὀφθαλμοῖς

355 2865 428 2922 τὸ
459 2866 720 2932 ,ϐλέπειν
741 2866 868 2922 σὺν
889 2866 996 2920 τὸν
1020 2866 1201 2934 ἥλιον
1219 2882 1232 2896 ·
1261 2865 1354 2920 ὅτι
1379 2863 1477 2920 καὶ
1495 2865 1604 2920 ἐὰν
1623 2864 1728 2933 ἔτη
1746 2863 1952 2919 πολλὰ

355 2955 602 3022 ζήσεται
626 2956 960 3026 ἅνθρωπος,
991 2956 1063 3010 ἐν
1091 2955 1284 3012 πᾶσιν
1310 2953 1518 3020 αὐτοῖς
1535 2946 1952 3024 εὐφρανθήσε-

357 3063 479 3113 ται,
526 3046 625 3102 καὶ
658 3047 1084 3117 μνησθήσεται
1116 3047 1223 3114 τὰς
1259 3045 1484 3116 ἡμέρας
1524 3043 1630 3100 τοῦ
1667 3047 1949 3112 σκότους,

356 3139 452 3195 ὅτι
475 3140 703 3196 πολλαὶ
733 3140 1003 3196 ἔσονται.

445 3233 784 3296 ’Λκολούθως
811 3233 995 3303 ἔχεται
1033 3231 1142 3287 τῶν
1175 3231 1449 3304 αἰσθητῶν
1477 3231 1727 3298 εἰκόνων,
1767 3230 1854 3285 ἵνα
1881 3231 1952 3286 δι’

357 3327 567 3391 αὐτῶν,
596 3326 671 3390 ὡς
699 3326 770 3380 δι’
799 3327 1084 3396 ἐσόπτρων
1116 3324 1227 3379 τῶν
1270 3323 1604 3395 ἀρχετύπων
1635 3324 1734 3378 καὶ
1767 3340 1955 3396 κρειτ-

359 3417 538 3472 τόνων
565 3417 918 3486 άσυγκρίτως
952 3414 1257 3486 παραδείξῃ
1281 3416 1343 3468 τὸ
1363 3414 1578 3478 κάλλος.
1612 3415 1792 3469 Γλυκὺ
1818 3415 1950 3486 γὰρ,

363 3508 524 3577 φησὶ,
565 3506 728 3562 τοῦτο
759 3508 823 3574 τὸ
859 3507 976 3576 φῶς
1012 3506 1109 3559 καὶ
1136 3505 1259 3560 λίαν
1295 3505 1501 3574 ἀγαθὸν
1531 3505 1592 3558 τὸ
1615 3504 1831 3575 δέρκειν
1862 3504 1955 3558 τὸν

360 3597 629 3666 αἰσθητὸν
657 3597 809 3669 ἥλιον
836 3599 956 3661 ταῖς
987 3596 1146 3668 ὕψεσι
1183 3597 1293 3650 τῶν
1317 3594 1596 3666 αἰσθητῶν
1633 3595 1953 3666 ὀφθαλμῶν.

365 3689 544 3748 Τοῦτο
568 3689 628 3746 δὲ
662 3690 896 3758 φάσκειν
928 3689 1024 3743 καὶ
1061 3688 1338 3742 διδάσκειν
1385 3687 1659 3759 παρέλκον
1699 3689 1820 3741 ὲστὶ
1859 3688 1958 3742 καὶ

363 3781 649 3852 περιττὸν,
684 3784 735 3837 εί
761 3783 838 3853 μὴ
869 3781 1007 3854 πρὸς
1031 3781 1160 3837 ἀλλο
1208 3799 1260 3836 τι
1286 3782 1540 3852 κρεῖττον
1573 3780 1687 3852 φῶς
1715 3777 1956 3834 ἀποϐλέ-

365 3891 487 3941 πει,
515 3875 612 3928 καὶ
636 3873 774 3946 πρὸς
804 3873 896 3929 τὸν
919 3873 1113 3946 νοητὸν
1139 3877 1242 3945 τῆς
1269 3873 1626 3944 δικαιοσύνης
1653 3871 1809 3944 ἥλιον
1834 3870 1960 3942 βού-

363 3968 522 4046 λεται
552 3969 680 4032 τοὺς
709 3967 988 4040 ἀκροατὰς
1014 3966 1436 4038 παραπέμπειν.
1470 3967 1649 4020 Ἰσασι
1679 3963 1790 4036 γὰρ
1816 3963 1957 4020 πάν⁴

365 4077 462 4124 τες
490 4059 806 4133 ἄνθρωποι,
851 4059 948 4114 καὶ
988 4059 1163 4130 χωρὶς
1211 4058 1306 4112 τοῦ
1344 4055 1815 4129 Ἐκκλησιαστοῠ,
1861 4055 1962 4110 καὶ

363 4153 545 4224 γλυκὺ
574 4153 738 4208 τοῦτο
785 4154 848 4208 τὸ
874 4153 992 4222 φῶς
1032 4151 1324 4224 ὑπάρχειν,
1373 4151 1468 4204 καὶ
1501 4149 1563 4204 τὺ
1606 4149 1829 4221 βλέπειν
1867 4151 1960 4204 τὸν

363 4250 547 4323 ἥλιον,
575 4249 804 4320 ἀγαθόν.
847 4246 1135 4304 Ἐντεῦθεν
1159 4248 1270 4318 γὰρ
1296 4247 1330 4318 ἡ
1356 4245 1472 4318 ζωὴ
1505 4245 1614 4300 τῶν
1652 4245 1961 4318 ἀνθρώπων

365 4345 486 4415 ἔχει
510 4341 610 4416 τὴν
639 4341 924 4405 σύστασιν,
942 4339 1040 4395 καὶ
1068 4337 1140 4394 τά
1163 4337 1256 4393 τοῦ
1289 4337 1410 4409 βίου
1435 4336 1733 4392 διιθύνεται
1759 4337 1958 4404 πάντα,

367 4435 469 4489 καὶ
511 4433 622 4488 τῶν
665 4433 1013 4504 πραγμάτων
1042 4431 1100 4486 αἱ
1140 4429 1336 4501 φύσεις
1362 4430 1462 4502 τὴν
1494 4428 1784 4502 διαστολὴν
1822 4429 1964 4500 λαμ-

2126 2773 2291 2832 Vsns.
2331 2776 2387 2832 7.
2428 2774 2499 2831 Et
2519 2775 2680 2831 'dutce
2720 2777 2898 2846 tamen
2935 2787 2984 2830 et
3023 2777 3220 2830 bonum
3258 2772 3427 2828 oculis
3465 2774 3642 2852 videre

2049 2866 2216 2923 solem
2247 2883 2266 2922 :
2290 2869 2416 2938 quia
2444 2871 2543 2923 etsi
2592 2873 2750 2924 annis
2787 2867 2972 2923 multis
3009 2868 3196 2923 vixerit
3229 2865 3408 2929 homo,
3445 2865 3498 2918 in
3528 2881 3644 2919 om-

2051 2959 2204 3015 nibus
2239 2959 2322 3016 his
2351 2960 2642 3025 (relabitur,
2669 2969 2720 3016 et
2753 2959 3122 3016 recordabt'tur
3150 2958 3356 3014 dierum
3400 2957 3644 3013 tenebra-

2054 3068 2190 3118 rum,
2220 3054 2311 3124 qui
2339 3052 2494 3106 multi
2525 3063 2676 3109 erunt
2706 3051 2839 3126 (Η).
3035 3044 3044 3054 ’

2128 3227 2389 3286 Protinus
2426 3229 2716 3287 sensibiles
2743 3229 3010 3302 imagines
3035 3226 3404 3300 persequitur,
3447 3235 3508 3280 ut
3538 3224 3646 3280 illis

2059 3332 2321 3393 tanquam
2347 3323 2586 3394 speculis
2609 3321 3074 3394 pulchritudinem
3109 3320 3271 3392 267
3295 3325 3650 3390 repraesentet

2057 3430 2248 3470 carum
2282 3431 2467 3469 rerum
2507 3430 2630 3485 qua;
2663 3415 2948 3485 praecipuae
2973 3420 3124 3477 sunt,
3152 3421 3208 3468 et
3238 3420 3396 3467 extra
3424 3425 3646 3466 omnem

2058 3509 2521 3577 comparationem
2580 3507 2841 3577 petiores.
2895 3505 3064 3562 Dulce
3105 3504 3276 3569 enim,
3319 3503 3515 3575 inquit,
3564 3511 3650 3558 est

2063 3599 2166 3654 hoc
2191 3597 2403 3665 lumen,
2435 3608 2490 3655 et
2519 3599 2672 3656 valde
2703 3601 2906 3655 bonum
2937 3599 3057 3654 acie
3105 3597 3391 3654 oculorum
3429 3605 3648 3651 nostro-

2059 3707 2180 3746 rum
2213 3691 2386 3747 solem
2437 3691 2584 3748 hunc
2613 3692 3001 3762 aspectabilem
3048 3690 3270 3746 intueri.
3306 3689 3435 3745 Haec
3462 3699 3646 3744 autem

2061 3780 2306 3854 proferre
2331 3798 2396 3839 ac
2420 3783 2618 3840 docere
2643 3798 3110 3854 supervacaneum
3135 3791 3220 3838 est
3243 3791 3408 3854 atque
3434 3781 3646 3846 inutile,

2061 3875 2168 3933 nisi
2197 3876 2384 3932 lumen
2415 3875 2562 3931 aliud
2593 3862 2940 3946 praestantius
2979 3874 3256 3946 respiciat,
3284 3882 3338 3929 et
3367 3873 3651 3929 auditores

2062 3969 2128 4025 ad
2160 3969 2462 4041 spiritalem
2479 3968 2710 4040 justitiae
2734 3968 2905 4025 solem
2936 3969 3222 4022 traducere
3245 3965 3396 4022 velit.
3422 3962 3560 4019 Nam
3595 3971 3652 4018 et

2062 4059 2183 4116 sine
2213 4060 2546 4116 Ecclesiaste
2577 4074 2772 4116 omnes
2801 4058 3051 4114 homines
3085 4065 3308 4124 norunt,
3336 4054 3497 4111 dulce
3525 4069 3651 4110 esse

2062 4151 2168 4208 hoc
2195 4151 2401 4223 lumen,
2433 4161 2488 4208 et
2520 4152 2694 4208 solem
2728 4149 2916 4206 videre
2946 4150 3176 4205 bonum.
3203 4146 3335 4202 lnde
3362 4147 3508 4202 enim
3540 4146 3650 4202 vita

2064 4245 2350 4301 hominum
2419 4242 2871 4300 constitutionem
2927 4240 3110 4308 habet,
3157 4246 3214 4294 et
3266 4239 3452 4293 omnia
3503 4236 3652 4291 illius

2065 4339 2252 4394 munia
2281 4337 2616 4409 diriguntur,
2643 4349 2940 4406 rerumque
2970 4343 3184 4390 naturae
3219 4331 3512 4388 discrimen
3561 4345 3656 4386 ca-

2063 4433 2224 4504 piunt
2249 4439 2307 4487 et
2331 4439 2580 4486 mutuam
2606 4428 3036 4486 distinctionem.
3065 4425 3213 4482 Luce
3238 4424 3383 4480 enim
3418 4421 3652 4487 sublata,

367 4525 600 4580 6όινουσι
629 4525 729 4581 καὶ⁵
760 4524 1038 4595 διάκρισιν
1063 4521 1160 4578 ἀπ’
1185 4521 1456 4592 ἀλλήλων.
1482 4521 1666 4586 Φωτδς
1704 4520 1814 4592 γάρ
1852 4521 1950 4575 ἀπε

2067 4525 2188 4581 sine
2219 4524 2402 4596 specie
2436 4522 2674 4580 mundus
2713 4529 2882 4587 esset,
2912 4520 3134 4590 vitaque
3163 4519 3285 4574 sine
3312 4516 3447 4572 vita.
3473 4514 3656 4582 Quare

337 4624 343 4630 '
367 4619 546 4683 ὄντος,
591 4619 836 4690 ἄκοσμος
858 4611 929 4690 ἦν
959 4617 988 4670 ό
1017 4615 1224 4687 κόσμος
1243 4655 1258 4680 ,
1289 4615 1384 4670 καὶ
1411 4613 1568 4678 ἄθιος
1612 4614 1642 4668 ὁ
1687 4612 1836 4685 βίος·
1866 4614 1964 4668 καὶ

366 4710 465 4766 διὰ
509 4708 668 4764 τοῦτο
719 4708 1044 4781 προφθάσας
1095 4709 1125 4762 ό
1171 4706 1412 4777 θεόπτης
1465 4703 1711 4775 Μωῦσῆς
1766 4701 1960 4774 ἔφησε·

376 4821 400 4856 ι
437 4801 548 4856 Καὶ
574 4800 685 4854 ἴδεν
723 4801 752 4855 ό
777 4799 914 4865 Θεὸς
940 4799 1000 4854 τὸ
1023 4799 1164 4870 φῶς,
1191 4799 1287 4852 καὶ
1317 4793 1499 4865 εἶπεν,
1531 4797 1614 4851 ὅτι
1639 4792 1828 4852 καλόν.
1870 4815 1888 4850 ι

451 4895 570 4951 Ἵνα
589 4893 772 4949 τοίνυν
805 4895 882 4966 μὴ
915 4893 1266 4964 παρέλκοντα
1305 4891 1402 4946 καὶ
1445 4891 1681 4963 περιττά
1725 4889 1821 4950 καὶ
1857 4889 1964 4962 μά-

369 5005 508 5044 ταια
551 4987 732 5054 λέγειν
775 5003 862 5052 τις
903 4985 1118 5059 οἰηθείη
1159 4986 1253 5039 τὸν
1291 4985 1456 5056 σοφὸν
1502 4983 1962 5056 Ἐκκλησιαστὴν,

371 5082 458 5147 ὡς
485 5081 546 5137 τδ
575 5083 744 5136 πᾶσιν
774 5079 1170 5152 ἀριδηλότατον
1203 5079 1302 5134 καὶ
1334 5077 1736 5161 διεγνωσμένον
1767 5092 1967 5148 πειρα-

373 5176 544 5232 θέντα
566 5175 879 5231 διδάσκεινο
912 5177 1054 5228 νοεῖν
1079 5173 1226 5244 ἡμᾶς
1272 5172 1334 5239 ἐξ
1375 5172 1626 5244 ἀνάγκης
1665 5173 1965 5242 προσῆκεν,

2063 4617 2156 4673 ille
2211 4615 2306 4672 Dei
2361 4615 2764 4685 contemplator
2813 4611 3031 4686 Moyses
3081 4619 3416 4682 praeverteris
3459 4607 3598 4663 dixit
3638 4624 3652 4662 :

2069 4729 2088 4761 ι
2131 4709 2198 4764 Et
2223 4707 2362 4765 vidit
2385 4707 2531 4764 Deus
2558 4707 2760 4773 lucem,
2799 4715 2854 4761 et
2879 4703 3146 4775 ait,'quia
3173 4701 3380 4758 bonum
3419 4696 3555 4769 (12).
3593 4715 3612 4749 ι

2135 4884 2213 4942 Ne
2281 4883 2450 4955 igitur
2507 4861 2810 4954 sapientem
2867 4879 3256 4936 Ecclesiastem
3317 4892 3656 4947 supervacue

2066 4979 2190 5051 quis
2219 4986 2272 5033 et
2305 4976 2542 5031 inaniter
2566 4975 2867 5042 leviterque
2897 4971 3140 5028 locutum
3169 4969 3486 5035 arbitretur,
3528 4985 3652 5039 per-

2068 5072 2193 5128 inde
2223 5069 2404 5141 quasi,
2443 5067 2589 5140 quod
2636 5066 2896 5123 omnibus
2945 5061 3455 5120 manifestissimum
3491 5073 3656 5132 atque

2069 5164 2349 5236 cognitum
2383 5170 2488 5228 est,
2519 5161 2718 5216 docere
2751 5157 3124 5225 contenderit;
3160 5155 3403 5227 cOgitare
3431 5171 3532 5210 nos
3560 5171 3657 5209 ne-

375 5270 458 5336 ὥς
487 5269 577 5345 διά
599 5270 702 5341 τῆς
729 5266 1032 5340 ὀνομασίας
1062 5265 1159 5320 τοῦ
1205 5264 1468 5335 αἰσθητοῦ
1502 5266 1681 5334 φωτὸς
1727 5264 1788 5318 τὸ
1825 5263 1950 5336 μέγι

2071 5257 2312 5314 cessario
2342 5253 2621 5320 convenit,
2671 5253 2826 5308 illum
2867 5252 3260 5322 prophetarum
3311 5262 3488 5310 more.
3531 5263 3657 5302 rum

375 5364 478 5419 καὶ
506 5339 766 5438 ἀληθινρν
815 5359 912 5414 καὶ
955 5357 1132 5414 ἀΐδιον
1184 5357 1325 5426 φῶς,
1373 5356 1499 5430 ιῇὈ
1523 5352 1749 5424 φωτίζει
1790 5355 1950 5409 πάντι

2077 5347 2348 5404 sensibile
2387 5349 2572 5401 lumen
2623 5343 2966 5411 nominavit,
3019 5341 3092 5397 ob
3145 5343 3335 5398 oculos
3398 5339 3663 5396 habuisse

375 5454 672 5526 ἄνθρωπον
695 5452 778 5516 εἰς
800 5449 894 5506 τδν
915 5449 1123 5522 κόσμον
1153 5449 1474 5521 ἐρχόμενον,
1502 5465 1522 5501 ι
1560 5447 1807 5518 δηλονότι
1832 5449 1969 5517 Χρι-

376 5547 509 5604 στὸν
538 5547 632 5600 τὸν
663 5545 894 5618 Σωτῆρα
922 5541 1017 5598 τοῦ
1047 5542 1256 5614 κόσμου
1289 5539 1384 5596 καὶ
1407 5538 1730 5611 Λυτρωτὴν,
1749 5556 1896 5612 προφ
1908 5559 1966 5612 η-

2079 5461 2338 5517 magnum
2365 5452 2420 5500 et
2441 5458 2630 5498 verum
2661 5452 3035 5512 aeternumque
3059 5439 3270 5504 lumen,
3296 5436 3442 5510 quod
3478 5455 3498 5488 ι
3531 5438 3658 5492 illu-

2076 5540 2251 5596 minat
2278 5552 2492 5594 omnem
2537 5536 2815 5592 hominem
2864 5535 3173 5610 venientem
3227 5533 3281 5587 in
3322 5532 3464 5587 hunc
3499 5547 3661 5588 umn-

453 5725 567 5794 (Η)
597 5721 816 5795 Olymp.
863 5723 1372 5795 κοιὶμνησθὴςεται
1408 5723 1478 5776 τὰ
1525 5723 1662 5795 ἕρξον.
1709 5720 1804 5773 τοῦ
1859 5720 2176 5785 σκότους....

456 5788 571 5869 (12)
612 5788 718 5851 Séd
751 5788 892 5866 apud
923 5792 1064 5848 LXX
1093 5788 1432 5850 desideratur
1463 5788 1754 5848 καὶεῖπεν.
