3992 6376
307 343 445 414 Η39

1453 349 1513 409 S.
1558 345 1935 408 GBEGORII
1983 343 2076 403 AG
2088 340 2495 402 RIGENTINI

3471 340 3603 406 mo

309 460 436 515 dum
460 459 528 524 ²¹,
571 477 590 512 ι
627 457 911 516 Christum
965 460 1174 518 scilicet
1209 461 1402 518 mundi
1444 459 1792 519 Servatorem
1840 475 1905 516 ac

2030 457 2183 520 εικοῖς
2214 454 2519 528 ὀφθαλμοῖς
2563 452 2906 525 θεασάμενος
2939 439 3468 530 ένανθρωπήσαντα,
3512 461 3604 513 ml

307 552 751 622 Redemptorem,
780 553 900 624 qui,
937 552 1106 612 homo
1139 553 1342 624 lactus,
1370 555 1438 611 ad
1487 555 1746 612 humanae
1775 569 1907 611 con-

306 643 532 700 ditionis
589 653 836 702 extrema
883 647 1154 704 devenit:
1203 647 1271 704 de
1315 663 1428 719 quo
1477 647 1612 703 dicit
1644 647 1907 718 propheta

313 731 532 787 David:
567 751 587 785 ι
625 733 856 794 Cantate
900 733 1038 808 Deo,
1073 737 1290 808 psallite
1343 738 1554 794 nomini
1606 737 1762 808 ejus,
1808 737 1910 792 iter

311 820 474 878 facite
521 821 592 891 ei,
635 825 731 896 qui
765 829 1016 884 ascendit
1051 827 1117 884 ad
1153 828 1496 886 occidentem
1555 847 1567 884 :
1633 827 1909 884 Dominus

312 929 510 972 nomen
545 917 660 974 illi:
691 927 747 974 et
787 921 1062 977 exsultate
1091 921 1144 976 in
1193 932 1492 991 conspectu
1524 923 1644 992 ejus
1669 921 1736 976 ’³.
1779 941 1797 974 ι
1833 919 1912 975 Ac

315 1024 534 1063 rursum
583 1011 972 1070 vocalissimus
1018 1011 1191 1070 lsaias
1244 1033 1257 1070 :
1301 1033 1319 1066 ι
1361 1011 1536 1085 Regio
1569 1013 1816 1068 Zahulon
1856 1021 1911 1066 et

314 1109 460 1159 terra
489 1095 862 1172 Nephthalim,
893 1114 947 1161 et
978 1105 1175 1176 reliqui
1203 1104 1364 1176 juxta
1411 1121 1562 1161 mare
1603 1105 1911 1160 habitantes

315 1201 368 1253 et
404 1201 556 1251 trans
593 1193 913 1262 Iordanem,
948 1195 1171 1253 Galilaea
1203 1197 1473 1268 gentium,
1522 1196 1780 1268 populus,
1815 1197 1911 1266 qui

317 1283 550 1340 sedebas
590 1287 644 1342 in
679 1287 943 1354 tenebris,
980 1287 1160 1344 videte
1193 1289 1378 1344 lumen
1415 1303 1706 1360 magnum;
1735 1287 1910 1352 vobis,

317 1377 412 1448 qui
463 1377 729 1436 habitatis
761 1380 818 1440 in
843 1381 1068 1452 regione
1105 1388 1160 1436 et
1202 1382 1396 1442 umbra
1450 1383 1666 1447 mortis,
1705 1380 1798 1434 lux
1832 1378 1912 1433 af-

319 1468 553 1538 fulgehit
586 1471 726 1544 (l3).
759 1489 779 1526 ι

305 1581 315 1588 ·
391 1561 560 1618 Dulce
598 1561 891 1634 appellavit
927 1563 1139 1634 lumen,
1188 1579 1253 1620 ac
1282 1564 1488 1620 bonum
1525 1563 1914 1637 praenuntiavit

322 1652 534 1731 videre_
560 1654 736 1712 oculis
770 1655 888 1710 suis
925 1655 1096 1712 solem
1147 1656 1355 1728 gloriae,
1393 1669 1520 1712 eum
1567 1671 1785 1726 nempe,
1818 1657 1912 1726 qui

2010 549 2149 623 πρὸς
2179 549 2279 614 τὰς
2312 549 2528 620 δυσμὰς
2551 547 2777 603 ἐλθόντα
2809 549 2906 620 τῆς
2937 548 3294 623 ἀνθρωπίνης
3321 553 3602 622 ἐσχατιᾶς.

2010 643 2147 716 Περὶ
2179 635 2243 697 οὗ
2276 658 2442 712 φησιν
2473 642 2502 696 ὀ
2528 641 2820 713 προφήτης
2847 641 3016 696 Δαῦίδ
3038 658 3105 718 ἰ(
3135 641 3447 716 ’ᾼσατε’τῷ
3462 641 3602 714 Θεῷ,

2009 710 2222 802 ψάλατε
2252 710 2592 806 τῷ-ὀνόματι
2617 710 2810 800 αὐτού,
2837 710 3196 808 ὀδοποιήῖςατε
3228 734 3308 807 τῷ
3339 710 3607 806 επὶοεεῇ-

2011 823 2132 880 κότι
2167 825 2261 879 ἐπὶ
2289 824 2515 898 δυσμῶν
2535 839 2550 856 ⁶
2581 825 2789 898 Κύριος
2819 823 2993 898 ὄνομα
3019 827 3190 900 αὐτῷ,
3217 828 3316 882 καὶ
3343 827 3605 898 ἀγαλλιᾶ-

2014 919 2106 974 σθε
2137 918 2368 974 ἐνώπιον
2400 916 2592 975 αὐτοῦ.
2627 940 2646 972 ι
2679 919 2790 976 Καὶ
2825 920 2994 975 πάλιν
3020 924 3050 978 ὀ
3079 923 3604 994 μεγαλοφωνότατος

2028 1011 2258 1076 Ἡσαΐας
2279 1030 2294 1044 α
2326 1031 2345 1065 ι
2370 1010 2540 1084 Χώρα
2567 1012 2857 1067 Ζαϐουλὼν
2890 1015 2988 1068 καὶ
3015 1015 3092 1085 γῆ
3121 1014 3218 1068 τοῦ
3254 1015 3602 1086 Νεφθαλεὶμ,

2014 1105 2110 1160 καὶ
2142 1107 2192 1158 οί
2235 1103 2418 1160 λοιποὶ
2450 1105 2502 1160 ol
2526 1105 2626 1174 τὴν
2669 1106 2948 1178 παραλίαν
2979 1106 3261 1171 οἰκοῦντες
3291 1108 3390 1162 καὶ
3432 1109 3610 1178 πέραν

2013 1197 2110 1253 τοῦ
2156 1198 2454 1270 Ἰορδάνου,
2489 1198 2753 1254 Γαλιλαία
2782 1199 2892 1253 τῶν
2941 1200 3133 1265 ἐθνῶν,
3165 1201 3196 1253 ὀ
3227 1199 3357 1264 λαὸς
3399 1201 3428 1253 ὀ
3474 1199 3612 1254 καθ-

2015 1293 2220 1362 ήμενος
2253 1294 2312 1348 ὲν
2352 1291 2570 1358 σκότει,
2603 1292 2743 1346 ίδετε
2773 1292 2886 1362 φῶς
2922 1293 3067 1364 μέγα
3091 1307 3107 1324 ⁶
3139 1294 3190 1348 οἱ
3225 1292 3612 1356 κατοικοῦντες

2015 1385 2076 1437 ἐν
2113 1383 2268 1456 χώρᾳ.
2295 1384 2392 1438 καὶ
2421 1387 2552 1455 σκιᾷ
2593 1383 2851 1452 θανάτου,
2882 1383 3000 1454 φῶς
3023 1383 3232 1456 λάμψει
3261 1386 3348 1454 ἐφ’
3381 1383 3548 1456 ὑμᾶς.
3586 1404 3608 1440 ι

2085 1560 2268 1618 Γλυκὺ
2296 1562 2714 1634 προσηγόρευσε
2741 1563 2882 1634 φῶς,
2910 1563 3126 1619 καὶτὸν
3148 1564 3252 1635 τῆς
3276 1563 3434 1636 δόξης
3454 1563 3608 1637 ἣλιον

2018 1654 2221 1725 ἀγαθὸν
2261 1653 2486 1726 βλέπειν
2511 1656 2630 1720 τοῖς
2671 1655 2976 1726 ὀφθαλμοῖς
3011 1656 3478 1728 προκατήγγειλε,
3516 1657 3610 1710 τὸν

325 1741 524 1799 divinae
551 1743 1025 1803 inhumanationls
1049 1753 1293 1818 tempore
1315 1747 1392 1803 ait
1423 1764 1437 1802 :
1471 1766 1492 1799 ι
1523 1746 1636 1817 Ego
1666 1763 1789 1804 sum
1821 1748 1912 1804 lux

2030 1749 2244 1803 εἰπόντα
2279 1748 2422 1802 κατὰ
2449 1747 2542 1804 τὸν
2567 1748 2762 1820 καιρὸν
2795 1749 2902 1820 τῆς
2931 1749 3086 1814 θείας
3123 1749 3575 1821 ἐνσωματώσεως
3596 1763 3610 1778 ·

327 1835 516 1890 mundi
546 1853 564 1903 ;
593 1836 688 1906 qui
716 1837 968 1907 sequitur
999 1847 1108 1904 me,
1139 1809 1252 1894 non
1287 1809 1650 1895 ambulaverit
1679 1839 1731 1894 in
1763 1847 1910 1896 tene-

2030 1859 2048 1894 ι
2089 1839 2232 1911 Ἐγὼ
2259 1841 2376 1912 ειμι
2409 1841 2469 1896 τὸ
2500 1839 2619 1911 φῶς
2649 1809 2744 1895 τοῦ
2776 1809 2986 1913 κόσμου
3008 1858 3022 1872 ⁸
3122 1809 3438 1897 ἀκολδυθῶν
3463 1809 3613 1912 ἐμοὶ,

322 1927 460 1992 bris,
487 1927 582 1983 sed
609 1927 834 1984 habebit
857 1929 1040 1985 lumen
1061 1923 1455 1998 .vitae(ld).tEt
1476 1929 1672 1986 iterum
1701 1949 1714 1986 :
1743 1949 1763 1984 ι
1797 1928 1916 1988 Hoc

321 2029 406 2081 est
434 2019 730 2092 judicium,
754 2021 886 2094 quia
916 2021 1011 2078 lux
1064 2021 1215 2078 venit
1253 2022 1309 2080 in
1356 2023 1625 2079 mundum
1656 2022 1725 2078 ⁸³.
1768 2041 1787 2076 ι
1824 2022 1917 2080 Sic

321 2113 490 2184 igitur
513 2113 685 2172 solari
716 2115 842 2183 hoc,
875 2115 1022 2186 quod
1053 2113 1224 2188 268
1253 2115 1505 2188 corporis
1543 2116 1720 2174 oculis
1753 2132 1914 2174 usur-

321 2206 770 2280 pamus,lumine
797 2209 1098 2280 Spiritalem
1123 2209 1350 2278 iustitia:
1371 2209 1552 2266 Solem
1583 2189 1916 2282 praenuntia-

321 2299 421 2364 vit,
448 2299 542 2369 qui
565 2313 757 2358 revera
795 2293 1154 2358 dulcissimus
1182 2301 1249 2358 iis
1278 2300 1402 2368 fuit,
1439 2302 1533 2373 qui
1559 2301 1708 2373 digni
1745 2301 1915 2358 habiti

323 2391 496 2457 fuere,
529 2400 589 2449 ut
627 2395 697 2450 ab
737 2409 806 2452 eo
842 2395 1286 2462 instituerentur,
1332 2404 1504 2468 utque
1543 2397 1726 2467 ipsum
1777 2397 1918 2452 inter

323 2484 576 2542 homines
599 2480 886 2558 degentem
915 2497 1081 2558 atque
1103 2498 1412 2545 versantem
1433 2488 1608 2544 oculis
1631 2489 1748 2546 suis
1771 2489 1890 2560 aspi
1905 2518 1922 2531 ο

323 2586 514 2632 cerent
564 2587 826 2648 tanquam
877 2579 1158 2635 hominem
1198 2595 1498 2652 quemque,
1553 2597 1680 2637 cum
1732 2590 1918 2638 tamen

324 2683 435 2724 non
463 2677 523 2725 ut
544 2670 778 2742 quisque
811 2671 1097 2728 hominum
1137 2681 1301 2728 esset.
1343 2671 1474 2728 Erat
1509 2676 1657 2729 enim
1690 2683 1745 2730 et
1774 2673 1918 2732 Deus

324 2775 512 2829 verus,
552 2775 618 2817 ae
652 2772 943 2835 propterea
974 2772 1036 2820 ut
1060 2764 1189 2821 caeci
1214 2763 1483 2833 viderent,
1507 2775 1562 2822 et
1591 2765 1770 2822 claudi
1801 2779 1920 2821 am-

329 2849 608 2930 bularent,
648 2860 704 2909 et
743 2851 898 2913 surdi
935 2853 1210 2920 audirent,
1242 2853 1444 2920 eﬂecit,
1501 2855 1672 2926 lepris
1709 2855 1920 2912 obsitos

331 2937 639 3006 mandavit,
671 2949 923 2999 mortuos
953 2943 1072 2999 solo
1099 2943 1260 3014 jussu
1295 2943 1366 2999 ad
1403 2943 1572 3001 vitam
1621 2946 1914 3002 revocavit.

328 3031 503 3096 Porro
532 3049 678 3092 nunc
704 3035 868 3092 etiam
900 3036 1283 3093 dulcissimum
1317 3052 1507 3096 revera
1537 3047 1624 3095 est
1647 3039 1923 3110 spiritales

2017 1934 2080 1989 οὐ
2116 1933 2191 2006 μή
2235 1934 2595 2006 περιπατήσῃ
2631 1934 2690 1986 ὲν
2727 1934 2956 2008 σκοτίᾳ,
2979 1935 3096 1990 ἀλλ’
3129 1933 3245 2002 ’ἑξει
3273 1933 3335 1988 τὸ
3359 1932 3478 2003 φῶς
3513 1933 3617 2000 τῆς

2019 2027 2186 2100 ζωῆς.
2226 2047 2246 2082 ι
2277 2029 2392 2082 Καὶ
2432 2027 2620 2090 πάλιν,
2655 2045 2674 2079 ι
2713 2024 2866 2098 Αὕτη
2911 2027 3066 2082 ἐστὶν
3109 2028 3143 2098 ή
3174 2027 3362 2098 κρίσις
3387 2065 3403 2092 ,
3433 2025 3518 2080 δτι
3555 2022 3620 2077 τὸ

2019 2115 2137 2188 φῶς
2184 2117 2450 2190 ἐλήλυθεν
2500 2119 2584 2182 εἰς
2627 2117 2720 2172 τὸν
2772 2117 3002 2189 κόσμον.
3047 2137 3066 2172 ι
3108 2115 3270 2172 οὕτω
3300 2115 3488 2170 τοίνυν
3523 2112 3621 2168 διὰ

2019 2209 2114 2264 τοῦ
2145 2210 2374 2282 ἥλιξικοῦ
2409 2211 2604 2266 τούτου
2633 2213 2728 2266 καὶ
2769 2210 3110 2284 βλεπομένου
3160 2209 3342 2278 φωτὸς
3381 2209 3498 2271 τοῖς
3529 2207 3620 2259 al-

2023 2301 2242 2373 σθητοῖς
2268 2301 2572 2373 ὀφθαλμοῖς
2596 2305 2629 2375 ἡ
2639 2303 2756 2374 μῶν
2783 2302 2876 2356 τὸν
2908 2305 3102 2374 νοητὸν
3127 2300 3231 2370 τῆς
3259 2297 3618 2366 δικαιοσύνης

2021 2395 2504 2468 προκατήγγειλεν
2551 2395 2726 2467 ἥλιον,
2789 2393 3138 2459 γλυκύτατον
3190 2391 3484 2460 πεφυκότα
3534 2389 3618 2460 τῷ

2020 2489 2134 2544 ὄντι
2160 2489 2388 2554 καὶτοῖς
2419 2489 2539 2544 κατ’
2574 2489 2755 2542 έκεῖνο
2786 2485 2984 2558 καιροῦ
3011 2484 3436 2551 καταξιωθεῖσιν
3462 2482 3618 2552 αὐτῷ

1967 2634 1976 2639 .
2025 2582 2469 2654 μαθητευθῆναι,
2509 2583 2604 2636 καὶ
2632 2580 3006 2654 προσϐλέπειν
3035 2581 3133 2634 καὶ
3175 2579 3290 2641 τοῖς
3327 2575 3618 2647 αἰσθητοῖς

1972 2701 1978 2707 ·
2021 2675 2325 2746 ὀφθαλμοῖς
2351 2673 2716 2746 διατρίϐοντα
2745 2673 2842 2728 καὶ
2877 2671 3324 2744 συστρεφόμενον
3374 2670 3492 2733 τοῖς
3517 2670 3614 2722 ἀνι

2022 2765 2288 2839 θρώποις,
2315 2766 2390 2830 ὡς
2409 2765 2647 2820 ἕκαστον
2678 2763 2990 2837 ἄνθρωπον,
3011 2763 3117 2818 κᾶν
3145 2761 3244 2833 οὐχ
3273 2761 3350 2824 ὡς
3378 2759 3617 2820 ἕκαστος

2023 2838 2314 2928 ἄνθρωπος
2335 2850 2425 2926 ἦν.
2468 2855 2771 2924 Ἐπεφύκει
2800 2854 2909 2926 γὰρ
2936 2853 3037 2908 καὶ
3059 2851 3193 2917 Θεδς
3222 2849 3500 2922 ἀληθινὸς,
3521 2852 3618 2902 καὶ
3683 2862 3690 2869 ’

2022 2948 2114 3003 διὰ
2162 2946 2326 3002 τοῦτο
2379 2947 2474 3002 καὶ
2517 2946 2644 3011 τοὺς
2692 2947 2905 3018 πηροὺς
2947 2941 3335 3016 παρεσκεύαζε
3368 2940 3617 3013 βλέπειν..

2025 3041 2122 3096 καὶ
2177 3041 2308 3105 τοὺς
2370 3039 2582 3111 χωλοὺς
2635 3040 2997 3111 περιπατεῖν,
3054 3037 3152 3094 καὶ
3203 3036 3334 3100 τοὺς
3395 3031 3620 3104 κωφοὺς

330 3122 522 3178 oculos
553 3122 609 3178 in
645 3124 829 3194 ipsum
864 3127 1171 3196 intendere,
1193 3135 1249 3185 et
1277 3127 1581 3205 simplicem
1634 3130 1756 3202 ejus
1782 3131 1921 3188 divi-

2030 3131 2277 3196 ἀκούειν,
2312 3131 2561 3198 καὶτοὺς
2605 3131 2845 3202 λεπροὺς
2883 3129 3210 3202 ὲκαθάριζε,
3240 3129 3334 3182 κα)⁸
3357 3128 3487 3191 τοὺς
3525 3143 3618 3182 νε-

333 3230 573 3287 namque
617 3217 1088 3288 pulchritudinem
1131 3221 1492 3294 contemplari
1530 3232 1692 3294 atque
1735 3223 1921 3280 animo

2030 3224 2197 3296 κροῦς
2221 3223 2614 3295 προστάγματι
2646 3223 2796 3295 μόνῳ
2823 3223 2961 3294 πρὸς
2981 3222 3081 3294 τήν
3107 3221 3254 3288 ζωὴν
3276 3221 3624 3292 ἐπανήγαγε,

331 3317 590 3378 reputare
621 3325 636 3364 :
670 3319 786 3367 tum
813 3327 880 3370 ex
914 3312 1033 3384 ipsa
1059 3314 1564 3371 communicatione
1594 3322 1758 3385 atque
1789 3330 1922 3371 eon-

331 3399 508 3458 sortio
536 3401 800 3466 illustrari
824 3405 1190 3476 exomarique
1217 3415 1271 3462 et
1291 3405 1462 3461 animi
1485 3405 1775 3462 dulcedine
1804 3421 1928 3477 per-

333 3494 489 3550 fundi
516 3509 582 3554 ac
618 3494 965 3554 sanctitatem
1003 3495 1254 3564 induere,
1287 3496 1700 3568 intelligentiam
1734 3497 1928 3568 acqui-

333 3602 476 3658 rere,
499 3587 685 3646 divina
711 3587 953 3660 denique
975 3589 1346 3646 exsultatione
1381 3590 1670 3660 compleri,
1706 3606 1831 3662 quze
1859 3591 1926 3646 ad

335 3696 528 3742 omnes
552 3683 841 3753 praesentis
860 3681 992 3740 vitae
1019 3682 1141 3739 dies
1166 3681 1522 3752 producatur.

2032 3317 2146 3372 Καὶ
2183 3315 2279 3369 νῦν
2307 3315 2365 3370 δὲ
2397 3315 2741 3386 γλυκύτατόν
2787 3317 2904 3369 ἐστι
2936 3314 3013 3385 τῷ
3039 3313 3154 3368 ὄντι
3184 3311 3246 3368 τὸ
3276 3313 3416 3384 πρὸς
3455 3312 3622 3366 αὐτὸν

2033 3409 2304 3474 ἀτενίζειν
2337 3410 2451 3472 τοῖς
2477 3409 2687 3480 νοεροῖς
2727 3406 3034 3478 ὀφθαλμοῖς
3053 3449 3069 3472 ,
3116 3405 3298 3461 καὶτὸ
3330 3405 3626 3476 ἀμήχανον

2037 3499 2206 3556 αὐτοῦ
2233 3501 2330 3554 καὶ
2364 3497 2671 3570 θεοπρεπὲς
2715 3497 3087 3570 προσϐλέπειν
3121 3497 3220 3552 καὶ
3249 3494 3629 3566 φαντάζεσθαι

2035 3592 2236 3657 κάλλος
2257 3633 2271 3659 ,
2320 3593 2416 3646 καὶ
2464 3592 2586 3656 ταῖς
2629 3591 2842 3645 ἐκεῖθεν
2875 3589 3130 3660 μεθέξεσι
3176 3589 3267 3642 καὶ
3303 3586 3628 3658 μετουσίαις

2038 3683 2374 3754 φωτίζεσθαι
2403 3684 2503 3739 καὶ
2536 3682 2926 3748 καλλύνεσθαι,
2959 3685 3055 3739 καὶ
3084 3680 3482 3754 γλυκαίνεσθαι
3515 3679 3624 3750 τὴν

337 3773 595 3844 καρδίαν,
613 3773 712 3828 καὶ
725 3772 826 3846 τὴν
840 3773 1024 3848 ψυχήν
1050 3773 1518 3850 ἅγιᾴζεσθαι,καὶ
1543 3775 1922 3840 συνετίζεσθαι
1960 3775 2058 3848 τὴν
2123 3777 2386 3844 διάνοιαν,
2460 3777 2557 3832 καὶ
2593 3775 2936 3849 πληροῦσθαι
2968 3775 3120 3842 θείας
3148 3774 3528 3846 ἀγαλλιάσεως
3567 3777 3632 3829 ἐν

337 3868 543 3930 πάσαις
569 3867 692 3932 ταῖς
724 3863 964 3939 ἡμέραις
991 3866 1096 3938 τῆς
1131 3866 1444 3940 ἐνεστώσης
1467 3867 1640 3939 ζωῆς.

411 4003 468 4059 Id
489 4003 640 4059 enim
661 4002 882 4074 sapiens
905 4000 1266 4061 Ecclesiastes
1287 4001 1568 4068 indicavit,
1593 4016 1719 4056 cum
1743 3999 1884 4056 dixit
1917 4019 1932 4055 :

347 4114 367 4150 ι
388 4093 549 4162 Quia
582 4093 687 4150 etsi
721 4093 882 4151 annis
905 4093 1106 4152 multis
1134 4092 1336 4151 vixerit
1365 4089 1554 4156 homo,
1589 4091 1642 4146 in
1675 4089 1936 4146 omnibus

342 4185 432 4256 his
455 4183 751 4250 laetabitur.
789 4202 809 4238 ι
837 4182 1031 4240 Omnis
1053 4199 1296 4255 namque
1321 4179 1526 4246 laetitiae
1555 4181 1716 4254 plane
1741 4191 1937 4237 auctor

2107 3999 2281 4054 Τοῦτο
2308 3997 2418 4070 γὰρ
2443 3995 2670 4070 ᾐνίξατο
2697 3996 2878 4068 φήσας
2907 3995 2936 4050 ὀ
2967 3993 3132 4064 σοφὸς
3163 3992 3626 4066 Ἐκκλησιαστὴς,

2041 4110 2060 4144 ι
2096 4092 2222 4146 ’Ότι
2262 4091 2361 4144 καὶ
2395 4089 2490 4143 ἐὰν
2526 4087 2621 4161 ἔτη
2655 4087 2831 4142 πολλὰ
2879 4085 3110 4159 ζήσεται
3144 4087 3172 4140 ὀ
3203 4085 3490 4158 ἅνθρωπος
3513 4124 3528 4148 ,
3571 4087 3635 4138 ὲν

2035 4185 2206 4238 πᾶσιν
2237 4182 2427 4246 αὐτοῖς
2458 4179 2982 4252 εὐφρανθήσεται.)
3015 4174 3108 4250 Τῷ
3141 4175 3256 4232 ὀντι
3304 4177 3414 4246 γὰρ
3445 4174 3632 4244 πάσης

276 4271 280 4280 ’
343 4282 430 4332 est
456 4273 548 4330 ille
581 4274 813 4346 iustitiae
843 4274 939 4332 Sol
973 4275 1154 4346 ipsum
1187 4274 1536 4343 intuentibus
1565 4291 1578 4330 :
1621 4277 1690 4331 de
1719 4289 1830 4346 quo
1864 4271 1921 4327 ai:

2037 4273 2380 4346 εὐφροσύνης
2410 4273 2622 4341 γίνεται
2653 4270 2917 4342 πρόξενος
2949 4272 3064 4334 τοῖς
3107 4269 3246 4342 πρὸς
3289 4269 3454 4323 αὐτὸν
3494 4268 3634 4322 ἀπο-

345 4367 514 4422 David
548 4366 814 4438 propheta
853 4385 868 4422 :
902 4385 926 4424 ι
957 4363 1249 4426 Exsultent
1280 4367 1335 4422 in
1369 4373 1663 4438 conspectu
1699 4365 1816 4429 Dei,
1839 4364 1921 4420 det

2044 4367 2304 4420 ϐλέπουσι
2340 4365 2439 4436 τῆς
2484 4363 2833 4436 δικαιοσύνης
2872 4363 2904 4416 ὀ
2935 4363 3161 4427 ’Ἠλιοςο
3201 4359 3334 4432 περὶ
3382 4355 3445 4444 οὗ
3495 4376 3633 4432 φησι

346 4455 622 4524 lectentur
655 4460 711 4514 in
739 4458 931 4523 laetitia
951 4459 1066 4528 ²³’;
1103 4477 1123 4512 ι
1159 4474 1226 4515 ac
1262 4474 1487 4516 rursum
1521 4477 1536 4514 :
1571 4477 1592 4511 ι
1634 4454 1914 4514 Exsultate

2043 4457 2210 4517 Aa6l6
2241 4459 2270 4512 ὀ
2304 4457 2624 4528 προφήτης·
2677 4474 2700 4512 ι
2741 4454 3228 4524 ⁹Αγαλλιάτῖθουσαν
3257 4451 3494 4508 ἐνώπιον
3531 4449 3632 4504 τοῦ

344 4551 502 4622 justi,
534 4550 592 4606 in
613 4549 866 4620 Domino,
888 4557 1070 4606 rectos
1093 4549 1248 4608 decet
1271 4547 1606 4606 collaudatio
1624 4547 1726 4603 “.t
1752 4545 1921 4602 Enim

2043 4547 2221 4614 Θεοῦ,
2276 4545 2674 4617 τερφθήτωσαν
2721 4546 2780 4601 ὲν
2833 4543 3167 4617 εὐφροσύνῃ.
3210 4563 3229 4597 ›
3283 4545 3396 4598 Καὶ
3441 4541 3628 4605 πάλιν,

348 4657 483 4699 vero
511 4659 635 4698 cum
670 4641 875 4698 dixerit
904 4659 919 4696 :
977 4661 997 4694 ι
1030 4641 1094 4698 Et
1123 4641 1507 4700 recordabitur
1544 4640 1758 4697 dierum
1794 4648 1921 4696 tene

2049 4659 2068 4694 ι
2092 4637 2470 4709 ’Δγαλλιᾶπσθῇ
2499 4637 2729 4703 δίκαιοι,
2747 4638 2804 4692 ὲν
2823 4637 3034 4708 Κυρίῳ,
3054 4639 3166 4701 τοῖς
3193 4634 3383 4690 εύθέσι
3421 4634 3629 4708 πρέπει

349 4741 600 4806 hrarum,
631 4736 726 4810 qui
761 4735 918 4792 multi
950 4744 1136 4802 erunt,
1177 4753 1196 4788 ι
1229 4734 1581 4799 tenebrarum
1612 4731 1732 4789 dies
1753 4731 1921 4802 “liqw

2041 4729 2269 4794 αἴνεσις.
2308 4747 2328 4782 ι
2381 4725 2570 4794 Εἰπὼν
2620 4726 2830 4800 μέντοι,
2876 4745 2894 4780 ι
2957 4726 3068 4783 Καὶ
3118 4725 3497 4798 μνησθήσεται
3535 4723 3634 4788 τὰς

349 4831 643 4904 appellavit
688 4829 898 4901 primos
947 4827 1288 4885 inﬁdelitatis
1331 4827 1470 4895 dies,
1517 4826 1720 4897 quibus
1776 4825 1942 4880 homo

352 4922 532 4978 Solem
564 4921 754 4993 gloriae
783 4921 1050 4988 amictum
1083 4934 1317 4991 corpore
1364 4919 1420 4974 in
1466 4927 1613 4977 terra
1644 4933 1757 4972 non
1790 4916 1942 4971 vide-

350 5024 437 5074 rat
476 5029 656 5085 neque
688 5013 871 5069 lumen
902 5027 1117 5077 verum,
1156 5011 1223 5066 de
1251 5025 1363 5082 quo
1396 5010 1532 5066 dicit
1557 5007 1943 5064 vocalissimus

353 5109 558 5178 lsaias:
595 5126 612 5159 ι
648 5106 753 5174 Qui
786 5106 990 5163 sedetis
1037 5105 1090 5160 in
1120 5105 1368 5162 tenebris
1405 5113 1458 5159 et
1497 5100 1693 5158 umbra
1725 5099 1938 5166 mortis,

354 5201 531 5256 videte
565 5202 750 5256 lumen
782 5215 1064 5270 magnum,
1101 5209 1156 5254 ct
1207 5199 1300 5254 lux
1339 5195 1622 5268 aﬂulgebit
1681 5192 1860 5250 vobis.
1925 5213 1942 5244 ι

355 5293 466 5354 Eos
495 5293 754 5386 nimiJ'um
775 5294 914 5359 dies,
942 5291 1038 5362 qui
1070 5288 1469 5360 Solisjustitia:
1499 5296 1682 5352 ortum
1711 5301 1945 5359 praeces-

2047 4823 2268 4896 ἡμέρας
2293 4818 2389 4874 τοῦ
2415 4818 2670 4884 σκότους,
2701 4819 2784 4874 ὅτι
2819 4818 3014 4874 πολλαὶ
3041 4818 3277 4884 ἔσονται,
3314 4837 3333 4870 ι
3371 4817 3468 4872 τοῦ
3511 4818 3632 4872 σκό-

2047 4931 2176 4977 τους
2219 4910 2437 4984 ἡμέρας
2469 4909 2750 4981 ὠνόμασε,
2798 4908 3043 4979 δηλονότι
3085 4907 3186 4970 τὰς
3223 4906 3501 4978 προτέρας
3537 4905 3641 4973 τῆς

2049 5000 2332 5066 ἀπιστίας,
2365 5001 2422 5053 ὲν
2457 4993 2546 5062 αἶς
2573 4999 2675 5052 οὐκ
2707 4995 2776 5070 ἦν
2805 5000 2834 5051 ὀ
2867 4998 3156 5071 ἄνθρωπος
3185 4996 3390 5067 βλέψας
3416 4997 3511 5049 ἐπὶ
3536 4994 3639 5063 τῆς

2050 5097 2154 5168 γῆς
2203 5091 2676 5163 σεσωματωμένον
2706 5089 2806 5161 τῆς
2838 5089 2998 5160 δόξης
3040 5090 3130 5142 τὸν
3173 5087 3388 5154 ἽῙλιον,
3419 5085 3540 5140 οὐδὲ
3580 5086 3649 5141 τὰ

2059 5187 2176 5260 φῶς
2203 5186 2265 5241 τὸ
2299 5183 2576 5258 ἀληθινὸν,
2606 5184 2736 5256 περὶ
2767 5176 2828 5236 οὒ
2855 5199 3022 5254 φησιν
3050 5183 3078 5234 ὀ
3121 5178 3644 5252 μεγαλοφωνότατος

2072 5279 2303 5342 Ἡσαΐας
2325 5316 2343 5344 ,
2380 5294 2400 5329 ι
2431 5276 2500 5345 οι,
2538 5275 2842 5348 καθήμενοι
2871 5275 2929 5327 ὲν
2973 5274 3157 5327 σκότει
3191 5272 3288 5327 καὶ
3313 5273 3445 5343 σκιᾷ
3477 5269 3643 5325 θαλιά-

443 5498 486 5530 ²¹
519 5493 596 5548 «1ης
621 5510 678 5550 u.
716 5510 754 5558 ι,
787 5495 844 5552 9.
921 5493 964 5526 ⁸³
999 5491 1145 5550 Psal.
1178 5505 1348 5556 um,
1396 5490 1450 5556 5,
1480 5488 1534 5544 6.
1611 5481 1840 5542 "‘Joan.
1878 5499 1921 5539 Vl

2046 5481 2142 5549 12;
2181 5495 2261 5545 ιιι,
2309 5479 2398 5536 19.
2475 5477 2545 5509 ’³⁵
2589 5451 2940 5537 Ρεηιίωίνιι,
2976 5471 3030 5527 4.
3106 5467 3152 5502 ’⁵
3185 5468 3332 5525 Paul.
3373 5479 3520 5519 χχχ-ι
3594 5471 3644 5514 t.

432 5704 545 5776 (l5)
573 5701 808 5776 AIALXX
837 5703 1135 5776 habent....
1183 5700 1240 5758 '0
1275 5702 1395 5765 iul;
1421 5701 1447 5754 ὁ
1483 5699 1848 5769 πορευόμενος
1881 5697 1936 5749 ἓν

367 5773 578 5852 σκότει,
601 5773 768 5826 εἴδετε
807 5774 920 5855 φῶς
953 5777 1113 5844 μέγα.

2131 5691 2242 5756 (Η)
2275 5687 2330 5744 In
2358 5687 2603 5759 angatls
2637 5698 2814 5744 estw.
2852 5689 2923 5740 OL
2972 5685 3047 5754 μὴ
3085 5681 3454 5753 πεςιπατήσει
3497 5678 3554 5732 ὲν
3582 5679 3648 5748 τῇ

2065 5765 2297 5816 σκιτία..
2335 5802 2348 5815 .
