3930 6392
340 304 487 374 1163
819 299 822 302 ’
1489 303 1553 364 s.
1585 305 1968 375 GREGORII
2009 270 2522 368 mRIGENTiNI
2749 345 2764 358 .
3051 349 3057 356 .
3480 295 3618 363 unt

419 417 653 490 Egregie
700 428 830 471 vero
875 412 1082 485 aptavit
1119 412 1288 468 verba
1336 411 1594 483 inquiens
1625 431 1640 469 :
1679 432 1696 466 ι
1733 413 1791 468 lu
1821 423 1930 469 ter-

2105 415 2440 487 Θαυμασίως
2495 395 2553 470 δὲ
2609 414 2702 468 τὸν
2751 414 2914 484 λόγον
2943 411 3370 490 διεσχημάτισεν
3425 411 3616 464 εἰπών·

349 489 490 578 ram,
534 511 679 567 sicut
707 516 846 574 erat,
883 527 900 560 ι
936 507 988 561 id
1017 515 1122 572 est,
1151 505 1618 576 quemadmodum
1647 506 1777 561 item
1805 513 1933 562 ante

2043 526 2060 561 ι
2111 507 2235 562 Ἐπὶ
2266 507 2368 579 τὴν
2399 507 2524 577 γῆν,
2553 507 2629 571 ὼς
2662 501 2753 578 ἦν,
2788 525 2808 560 ι
2839 489 3090 560 τουτ’έστι
3121 503 3260 559 καθὸ
3285 503 3384 557 καὶ
3417 503 3621 573 πρότε-

347 610 488 668 erat,
531 616 697 672 quam
753 599 862 654 tale
915 613 1120 670 corpus
1175 613 1206 654 a
1261 596 1562 653 Conditore
1611 599 1930 669 ﬁngeretur.

2043 617 2130 671 ρον
2165 595 2234 671 ἦν
2269 599 2378 670 πρὸ
2406 599 2502 654 τοῦ
2531 599 2934 671 διαπλασθῆναι
2968 597 3124 669 παρὰ
3145 596 3240 650 τοῦ
3271 595 3623 669 Δημιουργοῦ

345 694 484 751 Nam
518 703 572 750 et
603 707 839 762 magnus
881 691 1096 762 Moyses
1148 691 1266 746 ait:
1305 709 1323 742 ι
1365 689 1434 744 Ει
1482 689 1742 746 formavit
1791 689 1934 745 Deus

2043 690 2196 762 σῶμα
2236 691 2504 746 τοιοῦτον.
2561 693 2674 745 Kal
2706 691 2814 763 γάρ
2845 708 3013 762 φησιν
3063 690 3272 762 Μωσῆς
3333 691 3362 743 6
3411 691 3582 761 μέγας
3607 730 3621 754 ,

348 787 668 849 hominem,
725 783 1012 855 pulverem
1073 783 1352 853 accipiens
1410 783 1478 838 de
1533 792 1683 838 terra
1734 782 1868 852 (59).
1909 800 1929 834 ι

2043 802 2060 834 ι
2097 783 2210 838 Kal
2239 783 2475 838 ἔπλασεν
2501 785 2530 838 6
2553 783 2688 848 Θεὸς
2715 785 2808 838 τὸν
2831 783 3122 856 ἄνθρωπον
3152 782 3282 855 χοῦν
3311 781 3494 837 λαὸὼν
3516 783 3625 837 άπὸ

349 879 650 934 Enimvero
703 877 1061 942 observasis,
1127 875 1406 946 quomodo
1457 890 1660 946 corpus
1711 875 1932 946 quidem

2043 877 2135 946 τῆς
2163 877 2289 947 γῆς.
2325 896 2344 930 ι
2379 879 2700 949 Παρατηρεῖ
2730 877 2786 930 δὲ
2821 879 2932 940 πᾶς
2962 878 2991 930 6
3027 875 3376 948 βουλόμενος,
3418 878 3538 940 πῶς
3565 878 3626 931 τὸ

347 972 468 1026 sive
523 969 800 1041 pulverem
856 967 1116 1022 distincte
1159 967 1214 1021 in
1261 974 1466 1035 terram
1519 967 1717 1022 reverti
1753 967 1932 1022 dixit:

2043 969 2201 1039 σῶμα
2228 969 2349 1039 μὲν,
2378 970 2499 1042 ἦτοι
2527 971 2620 1024 τὸν
2663 968 2796 1041 χοῦν
2843 969 2936 1023 ἐπὶ
2973 969 3074 1040 τὴν
3109 969 3215 1040 γῆν
3245 969 3624 1043 ἐπιστρέφειν,

351 1065 610 1131 spiritum
639 1069 825 1115 autem
863 1061 928 1122 ad
977 1058 1168 1126 Deum,
1218 1057 1683 1112 immortalitatem
1739 1058 1937 1116 animae

350 1151 809 1214 manifestissime
855 1151 984 1206 hinc
1028 1150 1438 1205 demonstrans.
1478 1150 1690 1204 Etenim
1720 1149 1934 1221 inquit:

356 1263 374 1294 ι
406 1245 472 1300 Et
497 1244 729 1314 spiritus
749 1241 1050 1296 revertitur
1075 1241 1144 1295 ad
1167 1240 1365 1306 Deum,
1396 1241 1489 1311 qui
1517 1241 1670 1296 dedit
1692 1241 1877 1310 illum;
1910 1258 1930 1293 ι

350 1337 596 1409 theologi
643 1335 850 1409 Moysis
893 1335 1207 1391 doctrinam
1261 1334 1330 1390 de
1377 1336 1562 1391 anima
1601 1337 1936 1392 conlirmans

351 1429 590 1488 dicentis
646 1445 845 1500 nempe
895 1446 910 1483 :
971 1449 989 1480 ι
1033 1427 1100 1483 Ει
1148 1429 1408 1482 formavit
1457 1427 1603 1484 Deus
1654 1428 1936 1484 hominem

351 1523 635 1596 pulverem
687 1522 757 1578 de
809 1531 978 1588 terra,
1032 1531 1086 1576 et
1137 1519 1427 1590 inspiravit
1467 1519 1520 1574 in
1573 1519 1770 1575 faciem
1816 1520 1938 1589 ejus

355 1617 636 1687 spiramen
667 1616 796 1670 vitae
828 1653 842 1678 ,
883 1622 938 1669 et
983 1613 1159 1669 iactus
1184 1623 1264 1668 cst
1301 1613 1466 1667 homo
1497 1611 1552 1667 in
1583 1612 1827 1668 animam
1855 1611 1940 1667 vi-

361 1715 602 1762 ventem.
661 1724 681 1757 ι
729 1703 910 1772 Quare
967 1702 1234 1773 spiratum
1269 1703 1385 1758 sive
1449 1703 1617 1770 vitam
1641 1719 1708 1760 ex
1739 1703 1942 1759 divina:

2037 1060 2442 1133 διεσταλμένως
2473 1057 2615 1118 εἴπεν
2653 1077 2674 1112 ι
2704 1061 2778 1113 Τὸ
2798 1059 2854 1116 δὲ
2887 1059 3108 1130 πνεῦμα
3137 1059 3275 1134 πρὸς
3303 1061 3398 1115 τὸν
3430 1061 3620 1114 Θεόν·›

2035 1151 2134 1224 τὴν
2165 1151 2466 1208 ἀθανασίαν
2516 1155 2614 1226 τῆς
2644 1151 2824 1224 ψυχῆς
2852 1152 3104 1207 ἐντεῦθεν
3149 1151 3436 1224 προδήλως
3479 1170 3626 1224 παρ-

2035 1241 2341 1311 εμφαίνων.
2389 1241 2502 1296 Kal
2550 1241 2660 1312 γάρ
2695 1255 2831 1312 φησι
2859 1258 2871 1271 ·
2913 1257 2932 1290 ι
2979 1241 3089 1294 Kal
3134 1239 3197 1294 τὸ
3238 1239 3456 1311 πνεῦμα
3500 1241 3627 1294 ὲπι-

2041 1334 2265 1406 στρέφει
2300 1337 2440 1407 πρὸς
2470 1334 2560 1389 τὸν
2591 1334 2747 1396 Θεὸν,
2773 1333 2831 1398 ὃς
2868 1333 3068 1388 ἔδωκεν
3119 1333 3289 1388 αὑτό)
3327 1351 3347 1386 ι
3375 1333 3470 1387 τοῦ
3503 1333 3626 1388 θεο-

2041 1423 2312 1494 φάντορος
2344 1425 2624 1486 Μωῦσέως
2655 1423 2716 1478 τὸ
2745 1423 2872 1495 περὶ
2899 1423 3081 1494 ψυχῆς
3111 1423 3292 1495 δόγμα
3334 1439 3627 1502 παρεμπε-

2038 1516 2146 1571 δῶν
2175 1516 2416 1588 δηλονότι
2451 1516 2513 1570 τὸ
2555 1517 2788 1583 φάσκον,
2827 1534 2846 1568 ι
2890 1515 3003 1571 Kal
3039 1515 3279 1570 ἔπλασεν
3312 1517 3342 1568 6
3371 1515 3502 1580 Θεὸς
3531 1516 3626 1570 τὸν

2039 1607 2350 1680 ἄνθρωπον,
2381 1607 2513 1680 χοῦν
2548 1609 2656 1664 ἀπὸ
2679 1610 2780 1681 τῆς
2808 1609 2932 1680 γῆς,
2964 1607 3062 1662 καὶ
3085 1607 3423 1678 ἐνεφύσησεν
3453 1611 3537 1674 εἰς
3564 1611 3628 1664 τὸ

2043 1700 2340 1774 πρόσωπον
2367 1699 2534 1756 αὑτοῦ
2569 1701 2739 1774 πνοὴν
2765 1699 2935 1773 ζωῆς,
2973 1701 3070 1754 καὶ
3102 1702 3324 1770 ἐγένετο
3353 1701 3382 1755 6
3409 1701 3626 1774 ἄνθρω-

358 1799 688 1873 spirationis
725 1799 900 1868 gratia
951 1806 1153 1860 ortam,
1192 1810 1316 1866 qua!
1345 1797 1684 1882 progenitori
1729 1806 1936 1860 nostro.

2045 1811 2148 1860 πος
2192 1795 2274 1859 εἰς
2313 1793 2498 1866 ψυχὴν
2534 1793 2736 1860 ζῶσαν.
2774 1811 2794 1848 ι
2832 1793 2945 1865 Τὴν
2981 1788 3075 1848 οῦν
3117 1793 3227 1847 ἀπὸ
3259 1793 3362 1865 τῆς
3404 1795 3629 1866 χάριτος

354 1894 539 1965 primo
570 1889 780 1946 homini
809 1903 840 1943 a
871 1888 1096 1959 pulvere
1127 1885 1365 1942 formato
1391 1885 1518 1943 data
1541 1897 1646 1954 est,
1685 1888 1937 1958 spiritum

354 1985 521 2041 modo
555 1981 917 2040 Ecclesiastes
951 1969 1266 2052 appellavit,
1293 1995 1456 2050 quem
1497 1980 1662 2050 plane
1687 1981 1942 2037 distinxit

355 2094 385 2132 a
420 2066 663 2148 pulvere,
697 2073 790 2155 qui
823 2073 876 2128 in
917 2084 1118 2128 terram
1149 2073 1466 2138 revertitur,
1497 2088 1620 2128 cum
1647 2073 1714 2128 ad
1745 2072 1930 2132 Deum.

355 2186 384 2222 τι
416 2184 528 2240 quo
559 2167 723 2224 datus
755 2174 862 2232 est,
900 2165 1051 2220 illum
1085 2179 1334 2220 remeare
1365 2162 1759 2220 enuntiaverit‘.

2007 1922 2013 1929 ς
2042 1886 2139 1938 τοῦ
2172 1887 2395 1958 ὲμφυσή
2405 1904 2576 1959 ματος
2600 1887 2698 1941 τοῦ
2737 1885 2888 1958 παρὰ
2915 1885 3008 1940 τοῦ
3038 1885 3176 1940 Θεοῦ
3197 1887 3516 1956 γεγονότος,
3547 1889 3628 1952 είς

2044 1979 2136 2035 τὸν
2165 1979 2274 2034 ἀπὸ
2293 1979 2390 2033 τοῦ
2421 1979 2544 2051 χοὸς
2573 1977 2974 2036 διαπλασθέντα
3003 1977 3311 2050 γεννάρχην
3341 1977 3500 2048 ἡμῶν
3532 1977 3629 2032 καὶ

2051 2073 2485 2144 πρωτόπλαστον
2547 2073 2833 2145 ἄνθρωπον
2889 2071 3186 2143 δεδομένην
3249 2072 3422 2144 πνοὴν
3447 2111 3462 2137 ,
3505 2073 3629 2144 ἦτοι

2051 2163 2220 2236 ζωὴν,
2257 2160 2496 2236 πνεῦμα
2513 2164 2608 2220 νῦν
2627 2167 2654 2218 6
2679 2163 3113 2236 Ἐκκλησιαστὴς
3146 2163 3625 2236 προσηγόρευσεν,

356 2263 496 2332 ὅπερ
526 2257 921 2314 ἁντεδιέστειλε
973 2257 1051 2328 τῷ
1086 2255 1170 2329 χοῖ
1227 2255 1308 2328 τῷ
1332 2256 1744 2330 ,ἐπιστρέφοντι
1805 2255 1942 2330 πρὸς
1972 2255 2073 2328 τὴν
2117 2259 2242 2328 τῆν’
2278 2259 2374 2313 καὶ
2442 2259 2579 2332 πρὸς
2621 2253 2714 2314 τὸν
2742 2257 2876 2313 Θεὸν
2953 2259 3307 2330 ἐπιστρέφειν
3331 2257 3423 2338 τὸν
3461 2257 3626 2312 δεδω-

357 2361 493 2414 κότα
521 2355 878 2428 κατήγγειλε.

429 2539 1173 2611 Adnotareigiturmaxime
1211 2549 1468 2611 praestat,
1521 2556 1688 2614 quam
1739 2550 1942 2600 temere

357 2645 530 2705 atque
560 2633 890 2700 insipienter
920 2633 1148 2689 omnino
1178 2633 1547 2691 existimarint
1591 2636 1838 2706 quidam.
1883 2636 1940 2694 in

358 2725 740 2797 superioribus
789 2725 1138 2781 sermonibus
1213 2726 1357 2782 hanc
1427 2728 1689 2798 sapientis
1756 2727 1940 2785 Eccle-

356 2822 548 2876 siasta:
593 2820 913 2890 opinionem
952 2816 1122 2874 fuisse
1180 2818 1347 2892 284
1382 2821 1633 2876 eamdem
1682 2837 1806 2878 esse
1841 2822 1940 2876 ho-

363 2913 528 2968 minis
555 2923 610 2967 et
632 2910 866 2982 jumeuti
914 2911 1180 2976 animam,
1215 2928 1340 2967 cum
1391 2913 1467 2966 ait
1497 2931 1509 2968 :
1555 2931 1574 2965 ι
1615 2913 1684 2968 Ει
1717 2913 1936 2984 quidem

357 3015 590 3058 eventus
619 3003 854 3058 ﬁliorum
883 3003 1144 3068 hominis,
1175 3011 1228 3057 ct
1255 3013 1484 3058 eventus
1505 3004 1746 3074 pecudis,
1773 3020 1939 3060 even-

354 3105 450 3150 tus
482 3101 626 3150 unus
657 3093 833 3163 ipsis;
871 3099 930 3147 ut
968 3107 1119 3146 mors
1156 3093 1338 3162 hujus,
1373 3093 1447 3149 ita
1495 3109 1644 3149 mors
1685 3095 1854 3161 illius,
1886 3105 1940 3150 et

2121 2541 2590 2616 Παρασημαντέον
2637 2543 2818 2598 τοίνυν
2874 2530 3275 2614 ὀφειλομλένως,
3325 2538 3403 2606 ὡς
3447 2541 3626 2614 μάτην

2046 2635 2142 2690 καὶ
2173 2636 2354 2709 πάντη
2410 2636 2740 2709 παραλόγως
2771 2635 3044 2709 ’ᾠήθησάν
3085 2651 3250 2700 τινες,
3287 2635 3347 2688 ὲν
3388 2636 3503 2698 τοῖς
3534 2635 3627 2688 ἀν·-

2044 2728 2170 2783 όπιν
2217 2727 2398 2798 λόγοις
2428 2729 2624 2783 ταυτὸν
2672 2723 2812 2783 εἶναι
2861 2727 2959 2799 τὴν
2991 2727 3084 2782 τοῦ
3125 2725 3416 2797 ἀνθρώπου
3447 2724 3626 2798 ψυχὴν

2046 2824 2144 2878 καὶ
2187 2820 2282 2876 τοῦ
2319 2823 2550 2894 κτήνους
2578 2819 2824 2887 δοξάζειν
2861 2820 2951 2874 τὸν
2981 2819 3146 2889 σοφὸν
3188 2817 3628 2890 Ἐκκλησιαστὴν

2045 2915 2104 2967 ὲν
2136 2912 2213 2986 τῷ
2253 2914 2507 2982 φάσκειν,
2551 2931 2570 2964 ι
2619 2913 2728 2966 Καί
2776 2928 2841 2982 γε
2891 2911 3210 2984 συνάντημα
3241 2911 3376 2980 υἱῶν
3413 2908 3629 2981 ἀνθρώ-

2044 3023 2188 3069 που,
2242 3005 2336 3060 καὶ
2373 3004 2692 3076 συνάντημα
2743 3002 2837 3057 τοῦ
2872 3005 3140 3075 κτήνους,
3199 3003 3517 3072 συνάντημα
3567 2999 3629 3055 ἓν

2044 3099 2250 3160 αὐτοῖς’
2289 3097 2364 3160 ὡς
2400 3098 2428 3150 6
2468 3096 2700 3158 θάνατος
2726 3093 2942 3160 τούτου,
2977 3092 3153 3156 οὕτως
3181 3093 3210 3146 ὁ
3245 3091 3473 3154 θάνατος
3503 3091 3628 3144 τού-

341 3187 592 3257 -spiritus
623 3201 766 3240 unus
801 3185 1080 3241 omnibus.
1123 3183 1186 3238 Et
1221 3185 1354 3254 quid
1385 3186 1683 3242 abundavit
1721 3187 1882 3243 homo
1909 3202 1936 3242 a

2043 3205 2158 3254 του,
2183 3189 2280 3242 καὶ
2314 3187 2535 3258 πνεῦμα
2564 3186 2623 3240 ἓν
2651 3189 2765 3250 τοῖς
2797 3187 2952 3240 πᾶσι.
2985 3186 3095 3240 Kal
3131 3185 3186 3238 τί
3231 3183 3628 3254 ἐπερίσσευσεν

350 3275 824 3348 .pecude‘lNibil.
863 3275 1003 3342 Quia
1043 3275 1230 3330 omnia
1275 3275 1528 3344 vanitas;
1589 3278 1770 3332 omnia
1814 3293 1936 3350 per-

355 3378 496 3440 gunt
533 3368 601 3424 ad
642 3370 820 3423 locum
855 3383 1023 3424 unum
1057 3385 1071 3422 :
1109 3368 1295 3422 omnia
1335 3367 1484 3424 facta
1529 3377 1660 3424 sunt
1701 3369 1769 3424 de
1821 3369 1940 3440 pul-

353 3478 508 3528 vere,
551 3469 606 3518 et
639 3460 824 3516 omnia
861 3468 1216 3516 revertuntur
1260 3460 1314 3514 in
1357 3461 1657 3530 pulverem.
1703 3460 1768 3516 Et
1817 3460 1940 3530 quis

359 3555 532 3620 nov-it,
588 3552 826 3624 spiritus
877 3552 1114 3607 ﬁliorum
1163 3551 1404 3606 hominis
1435 3552 1481 3608 si
1516 3551 1781 3608 ascendat
1823 3552 1939 3622 ipse

350 3661 606 3712 sursum,
634 3654 690 3701 et
717 3644 945 3713 Spiritus
977 3644 1202 3714 pecudis
1234 3643 1280 3698 si
1305 3644 1602 3700 descendat
1630 3645 1747 3714 ipse
1773 3645 1938 3700 deor-

348 3754 480 3796 sum
515 3739 568 3792 in
603 3746 808 3793 terram
837 3736 974 3809 (ἆυ).
1019 3755 1037 3788 ι
1077 3734 1175 3790 Hic
1223 3734 1368 3789 enim
1415 3750 1634 3791 omnem
1667 3735 1938 3806 ejusmodi

355 3830 732 3902 suspicionem
783 3829 1032 3894 sustulit,
1084 3839 1139 3883 et
1189 3826 1438 3884 stultitiae
1491 3829 1673 3897 arguit
1721 3843 1787 3882 ac
1817 3842 1940 3896 per-

347 3938 533 3979 versa:
581 3921 898 3992 opinionis,
954 3921 1046 3990 qui
1086 3935 1423 3991 quocunque
1457 3921 1617 3975 modo
1647 3922 1755 3975 tale
1787 3923 1839 3974 in
1872 3936 1940 3976 eo

344 4021 732 4072 commentum
768 4013 1036 4084 suspicati
1060 4021 1210 4078 sunt,
1237 4027 1359 4066 cum
1388 4011 1476 4066 hic
1499 4012 1733 4066 maxime
1755 4013 1935 4068 dicat:

353 4110 749 4167 a-Revertetur
777 4107 958 4176 pulvis
991 4107 1045 4161 in
1084 4114 1310 4171 terram,
1357 4105 1501 4160 sicut
1537 4113 1676 4159 erat.
1718 4105 1786 4159 Et
1825 4104 1940 4175 spi-

352 4205 498 4260 ritus
519 4201 820 4258 revertitur
845 4201 912 4255 ad
941 4198 1134 4264 Deum,
1161 4198 1256 4268 qui
1278 4196 1428 4252 dedit
1454 4196 1628 4251 illum.
1655 4215 1676 4249 ι
1715 4194 1936 4252 Utrum-

347 4311 465 4366 que
509 4295 656 4349 enim
709 4287 870 4348 mire’
903 4299 1072 4362 atque
1100 4289 1318 4360 egregie
1351 4287 1604 4344 distinxit
1635 4304 1698 4343 ac
1737 4288 1940 4359 dijudi-

338 4388 498 4444 -cavit
533 4405 548 4441 :
581 4385 862 4456 pulverem
907 4383 960 4437 in
998 4392 1203 4437 terram
1241 4380 1443 4437 reverti
1483 4381 1937 4452 declarans,spi—

2041 3281 2070 3334 6
2085 3280 2370 3347 ἄνθρωπος
2395 3281 2544 3352 παρὰ
2559 3281 2622 3334 τὸ
2651 3280 2885 3350 κτῆνος;
2911 3279 3098 3334 Οὐδέν·
3121 3280 3205 3334 ὃτι
3226 3278 3296 3332 τὰ
3318 3277 3498 3332 πάντα
3527 3296 3630 3349 μα-

2039 3357 2262 3444 ταιότης
2285 3389 2302 3406 ο
2321 3373 2388 3427 τὰ
2422 3373 2599 3428 πάντα
2621 3373 2918 3444 πορεύεται
2937 3374 3015 3436 εἰς
3031 3372 3197 3437 τόπον
3225 3372 3342 3426 ἕναο
3365 3371 3434 3424 τὰ
3451 3373 3628 3426 πάντα

2043 3464 2259 3532 ἐγένετο
2273 3463 2382 3516 ἀπὸ
2399 3465 2490 3518 τοῦ
2513 3467 2660 3535 χοὸς,
2679 3465 2774 3518 καὶ
2793 3465 2860 3517 τὰ
2884 3463 3062 3518 πάντα
3087 3463 3415 3534 ὑποστρέφει
3439 3463 3520 3526 εἰς
3535 3462 3628 3515 τὸν

2043 3553 2194 3626 χοῦν.
2232 3555 2342 3608 Kal
2376 3555 2458 3618 τίς
2483 3553 2593 3609 οἶδε
2617 3555 2678 3608 τὸ
2698 3555 2914 3625 πνεῦμα
2949 3555 3086 3608 υἱῶν
3122 3555 3216 3608 τοῦ
3239 3553 3556 3625 ἀνθρώπου,
3577 3554 3628 3606 εί

2040 3647 2328 3701 ἀναϐαίνει
2357 3648 2488 3702 αὐτὸ
2509 3649 2589 3712 εἰς
2611 3648 2745 3714 άνω,
2771 3652 2866 3700 καὶ
2889 3646 2984 3700 τοῦ
3021 3647 3274 3717 κτήνους,
3295 3649 3343 3699 εξ
3361 3644 3627 3700 καταϐαί-

2041 3755 2124 3792 νει
2155 3739 2288 3793 αὐτὸ
2325 3739 2476 3793 κάτω
2506 3743 2585 3804 είς
2615 3740 2740 3810 γῆν.
2781 3759 2800 3793 ι
2835 3740 2948 3794 Νῦν
2985 3740 3095 3814 γὰρ
3147 3744 3327 3796 πᾶσαν
3356 3741 3626 3814 ὑπόληψιν

2042 3830 2302 3904 τοιαύτην
2344 3831 2546 3897 ἀνεῖλε,
2583 3835 2676 3886 καὶ
2707 3833 3118 3902 ματαιόφρονας
3143 3833 3358 3904 ἐλέγχει
3389 3835 3487 3888 καὶ
3519 3853 3625 3888 κα-

2041 3920 2298 3987 κοδόξους
2326 3923 2455 3986 τοὺς
2483 3923 2734 3976 ὁπωσοῦν
2770 3923 2832 3976 τὸ
2877 3923 3122 3978 τοιοῦτον
3167 3923 3362 3994 ψεῦδος
3399 3925 3628 3995 ὑπειλη-

2041 4015 2232 4084 φότας,
2266 4017 2325 4068 ὲν
2353 4013 2432 4085 τῷ
2473 4013 2569 4068 νῦν
2621 4013 2860 4085 μάλιστα
2907 4012 3108 4083 λέγειν,
3146 4033 3167 4067 ι
3220 4015 3627 4088 Ἐπιστρέψειὸ

2040 4105 2168 4179 χοῦς
2207 4105 2301 4159 ἐπὶ
2335 4105 2436 4178 τὴν
2463 4105 2586 4176 γῆν,
2619 4105 2696 4169 ὡς
2719 4100 2810 4176 ἦν’
2841 4105 2936 4158 καὶ
2966 4105 3028 4158 τὸ
3054 4105 3272 4176 πνεῦμα
3301 4107 3626 4177 ἐπιστρέφει

2039 4197 2180 4266 πρὸς
2209 4197 2304 4250 τὸν
2336 4195 2491 4261 Θεὸν,
2523 4195 2584 4260 ὃς
2612 4195 2814 4249 ἔδωκεν
2838 4195 2989 4248 αὐτό.
3016 4214 3034 4247 ι
3067 4196 3377 4268 Παράδοξον
3399 4198 3506 4268 γὰρ
3527 4199 3626 4252 καὶ

2039 4289 2358 4360 θαυμασίαν
2389 4287 2498 4341 τῶν
2545 4286 2826 4358 ἑκατέρων
2856 4287 3156 4357 ἐποιήσατο
3195 4289 3296 4357 τὴν
3338 4288 3626 4361 διαστολὴν

2038 4381 2133 4434 καὶ
2158 4377 2566 4450 διάκρισινοτὸν
2599 4377 2696 4450 μὲν
2733 4377 2862 4450 χοῦν
2891 4379 2984 4431 ἐπὶ
3008 4379 3108 4450 τὴν
3139 4378 3243 4448 γῆν
3270 4380 3624 4451 ἐπιστρέφειν

338 4481 523 4534 .ritum
548 4491 680 4532 vero
698 4476 812 4532 sive
833 4475 1095 4534 animam.
1119 4487 1466 4542 nequaquam
1487 4473 1630 4528 sicut
1655 4475 1932 4542 pulverem

2043 4473 2486 4545 ἀποφηνάμενος,
2526 4471 2589 4525 τὸ
2625 4470 2684 4524 δὲ
2723 4470 2966 4542 πνεῦμα,
2992 4472 3244 4526 τουτέστι
3285 4472 3385 4544 τὴν
3419 4473 3622 4544 ψυχὴν,

350 4571 408 4626 in
445 4579 670 4634 terram,
726 4566 819 4622 sed
866 4565 935 4620 ad
987 4565 1157 4620 Deum
1190 4563 1409 4629 reverti,
1459 4566 1553 4634 qui
1585 4565 1849 4629 condidit,
1881 4574 1934 4620 et

2043 4563 2142 4616 οὐκ
2190 4563 2272 4616 ἐτι
2306 4562 2560 4634 καθάπερ
2594 4564 2623 4616 6
2675 4561 2804 4633 χοῦς
2851 4562 2987 4634 πρὸς
3018 4562 3116 4634 τὴν
3156 4563 3284 4633 γῆν,
3314 4563 3450 4618 ἀλλὰ
3487 4565 3624 4635 πρὸς

346 4662 656 4720 simulacro
685 4673 852 4714 sensu
879 4657 1091 4738 carenti
1118 4664 1284 4726 atque
1314 4656 1542 4710 inanimi
1571 4665 1626 4711 et
1657 4672 1687 4712 e
1711 4658 1935 4728 pulvere

337 4753 484 4808 .ﬁcto
522 4751 722 4808 indidit
753 4747 1139 4822 inspirationis
1168 4762 1282 4802 sua:
1311 4749 1484 4817 gratia
1519 4747 1656 4818 (41).

413 5046 769 5102 Erubescant
804 5041 1041 5112 denique
1075 5037 1324 5094 veritatis
1356 5034 1774 5098 adnlteratores,
1811 5036 1932 5089 vul-

233 5150 237 5154 ‘
351 5138 552 5212 tusque
580 5151 774 5194 eorum
811 5132 1113 5206 ignominia
1149 5129 1506 5201 impleantur,
1540 5142 1666 5181 cum
1692 5127 1932 5196 videant,

419 5384 530 5456 (39)
569 5382 774 5456 gerum
803 5378 945 5449 apud
982 5375 1118 5456 LX‘X
1150 5375 1307 5456 deest
1351 5371 1554 5456 λαϐὼν.

421 5441 534 5523 ξω)
573 5441 853 5523 Ecclemt;
876 5465 906 5504 a
937 5465 990 5502 v.
1025 5450 1114 5523 is.
1145 5443 1213 5523 _V.
1242 5446 1451 5523 hiclib.
1489 5459 1572 5523 in,
1607 5457 1634 5496 a
1668 5441 1814 5523 sae:

367 5573 378 5582 .
423 5510 533 5592 ξω)
574 5521 698 5576 Haec
729 5525 784 5592 lu
817 5510 1027 5592 veteres
1057 5515 1273 5592 Judazos
1303 5510 1752 5592 dicta_videutur.
1794 5510 1928 5566 Nam

351 5585 533 5651 ut‘es't
561 5607 591 5646 a
632 5589 1046 5658 multisjamdiu
1082 5585 1508 5658 adnotatum,_in
1543 5599 1931 5658 eorumk‘com-

260 5700 265 5706 -
353 5664 655 5728 Inentariis,
707 5660 802 5730 qui
838 5655 1094 5729 inagistri
1155 5659 1294 5714 inter
1346 5655 1626 5730 Hebraeos
1658 5655 1925 5718 audiunt,

347 5734 616 5804 scriptum
641 5725 1008 5798 accepimus.
1045 5743 1298 5798 magnam
1331 5727 1475 5797 apud
1525 5725 1758 5794 majores
1793 5735 1924 5776 suos

2041 4655 2132 4708 τὸν
2165 4653 2300 4707 Θεὸν
2350 4653 2704 4726 ἐπιστρέφειν
2725 4653 2816 4706 τὸν
2849 4655 3148 4726 ποιήσαντα
3179 4655 3313 4708 αὐτὸ
3343 4657 3439 4724 καξι
3459 4655 3624 4710 δεδω-

2041 4746 2176 4800 κότα
2217 4745 2296 4816 τῷ
2335 4745 2649 4816 ἀναισθήτῳ
2695 4745 2792 4800 καὶ
2837 4745 3032 4818 ἀψύχῳ
3077 4748 3357 4817 ἀνδριάντι
3389 4747 3626 4803 διαπλα-

1985 4897 1990 4902 ,
2046 4835 2321 4917 σθέντιὲκ
2361 4836 2455 4890 τοῦ
2482 4836 2627 4906 χοὸς,
2659 4835 2750 4890 διὰ
2793 4837 2892 4907 τῆς
2923 4839 3018 4892 τοῦ
3061 4839 3193 4917 ἰδίου
3224 4840 3624 4912 ὲμφυσήματος

2037 4943 2287 4998 χάριτος.

2111 5037 2574 5114 Αἰσχυνέσθωσαν
2601 5041 2669 5094 τὰ
2699 5041 2794 5095 νῦν
2821 5042 2873 5095 οἱ
2903 5041 3329 5114 παραχαράκται
3359 5045 3462 5116 τῆς
3489 5045 3624 5116 ἀλη-

2043 5125 2216 5194 θείας,
2260 5131 2357 5183 καὶ
2387 5129 2456 5184 τὰ
2502 5130 2771 5202 πρόσωπα
2800 5132 2982 5187 αὐτῶν
3016 5131 3469 5204 πληρωθήτωσαν
3500 5137 3623 5190 ἀτι-

2033 5371 2100 5427 de
2119 5374 2241 5429 libri
2263 5375 2612 5433 Ecclesiastm
2631 5378 2954 5434 auctoritate
2974 5379 3402 5436 controversiam
3422 5377 3618 5437 fuisse.

2040 5461 2072 5517 ε
2097 5445 2448 5512 ρυωιθὺθιιι,
2492 5451 2768 5516 inquiunt,
2803 5452 3079 5517 sapientes
3105 5453 3384 5505 occultare
3419 5449 3618 5503 librum

2001 5504 2446 5582 'Ec’clesiasteu,’
2485 5504 2616 5588 quia
2654 5504 3006 5588 inveniebant
3037 5504 3096 5575 in
3155 5504 3222 5576 eo
3263 5519 3426 5573 verba
3461 5517 3615 5576 incli-

2031 5588 2220 5662 nantia
2249 5589 2320 5662 ad
2355 5587 2630 5662 hazreSin._
2652 5606 2671 5640 ι
2708 5587 2844 5646 Vide
2869 5589 3056 5646 Mcllif.
3099 5589 3266 5646 llebr.
3291 5587 3618 5662 Christopb.

2029 5657 2382 5728 Cartwrighti
2415 5673 2536 5730 cap.
2569 5657 2656 5714 1‘2.
