3930 6422
351 443 482 510 1179

1225 452 1322 513 DE
1360 453 1621 515 mus
1661 456 1722 516 s.
1779 423 2159 516 GREGORII
2199 453 2712 516 AGRIGENTINI

3466 458 3602 526 1180

345 560 468 613 vitae
493 559 704 628 meritis
732 559 911 614 aan‘da
939 572 1042 616 εει.
1085 560 1258 634 igitur
1294 567 1519 636 sapiens
1561 564 1922 622 Ecclesiastes
1951 609 1959 624 α

2042 567 2132 619 τῶν
2161 565 2514 636 βεῦιωμένων
2544 567 2836 620 ἀντίδοσιν.
2867 565 2934 620 '0
2959 563 3144 628 μέντοι
3176 568 3339 639 σοφὸς
3370 568 3604 643 Ἐκκληο

341 649 488 718 quod
517 649 626 704 illis
651 651 764 704 ﬂeri
801 653 1030 708 omnino
1065 669 1176 710 non
1218 670 1379 724 posse
1423 657 1656 722 videtur,
1688 673 1799 712 uno
1827 672 1925 712 vo-

343 741 539 796 eabulo
573 740 899 798 facillimum
947 743 1373 814 demonstravit,
1421 747 1588 820 294
1628 747 1922 818 inquiens:

348 849 368 884 ‹
411 832 553 898 Ouia
584 847 750 889 omne
785 833 989 890 factum
1024 837 1258 893 adiclucet
1286 837 1432 895 Deus
1478 840 1533 894 in
1561 840 1856 910 judicium.
1898 857 1918 890 ι

348 924 520 978 Deum
589 925 735 980 enim
773 941 901 982 cum
951 929 1122 994 dixit,
1179 931 1272 1002 qui
1307 924 1659 1003 omnipotens
1694 940 1796 1000 est,
1842 933 1926 988 vel

351 1017 528 1087 potius
545 1019 636 1086 qui
669 1020 970 1088 potentiam
1011 1037 1154 1078 unus
1183 1023 1666 1096 circumscriptam
1691 1039 1799 1080 non
1829 1025 1926 1078 ha-

351 1107 457 1173 bet,
485 1109 692 1179 quique
724 1111 934 1178 omnia,
967 1128 1090 1183 quae
1117 1113 1306 1169 animo
1346 1123 1444 1170 aut
1474 1115 1730 1171 sensibus
1763 1131 1928 1170 usur-

349 1211 590 1273 pentur,
621 1222 746 1260 eum
796 1223 1072 1278 nusquam
1113 1215 1319 1274 essent,
1345 1209 1611 1266 exsistere
1654 1209 1838 1279 jussit,
1862 1223 1927 1265 ac

350 1295 550 1350 coelum
587 1305 850 1368 tanquam
905 1300 1101 1370 pellem
1124 1301 1390 1366 extendit,
1435 1300 1700 1372 nulloque
1729 1299 1928 1354 funda-

349 1399 535 1445 mento
571 1391 865 1446 haerentem
917 1399 1120 1447 terram
1163 1391 1470 1462 suspendit,
1530 1401 1585 1447 et
1634 1392 1928 1447 luminaria

297 1465 306 1474 ’
349 1481 458 1536 duo
487 1499 685 1554 magna
717 1485 1014 1554 stellasque
1051 1495 1280 1540 caeteras
1309 1501 1503 1541 omnes
1539 1486 1606 1540 ad
1641 1486 1784 1540 diem
1827 1501 1927 1541 uo-

285 1563 296 1574 ’
352 1583 606 1643 etemque
635 1575 1062 1649 illuminandam
1092 1579 1402 1645 constituit,
1422 1593 1540 1634 eam
1577 1579 1766 1648 utique
1797 1593 1930 1634 eon-

355 1667 682 1723 troversinm
747 1683 780 1725 e
811 1669 994 1724 medio
1036 1671 1278 1724 sustulit.
1330 1669 1449 1725 Non
1497 1670 1643 1726 enim
1690 1671 1927 1740 quadam

353 1763 750 1818 consecutione
773 1758 1030 1830 'haturae,
1081 1763 1408 1828 adducetur,
1467 1763 1666 1832 inquit,
1703 1763 1757 1818 in
1776 1762 1930 1828 judi-

353 1854 500 1910 cium
536 1872 556 1904 ι
590 1869 753 1909 omne
806 1853 1030 1928 factum,
1063 1873 1083 1908 ι
1125 1855 1178 1911 id
1203 1855 1454 1930 estquod
1485 1856 1808 1911 rationalem
1849 1856 1934 1910 in-

2027 658 2254 728 σιαστὴς
2286 659 2347 712 τὸ
2372 658 2566 714 δοκοῦν
2597 662 2709 723 τοῖς
2739 659 3003 725 τοιούτοις
3039 659 3326 726 ἀδύνατον,
3351 662 3440 717 διὰ
3473 667 3604 734 μιᾶς

2025 750 2224 816 λέξεως
2273 751 2473 822 ῥᾷστον
2521 749 2875 822 παρέστησεν
2907 751 3114 819 είπὼν,
3159 772 3178 806 ι
3214 754 3338 806 Ὀτι
3381 754 3603 826 σύμπαν

2023 843 2087 896 τὸ
2122 843 2333 914 ποίημα
2377 841 2495 908 ἄξει
2533 844 2562 896 ὁ
2599 843 2734 906 Θεὸς
2771 845 2852 908 είς
2879 844 3086 915 κρίσιν.
3127 863 3146 897 ι
3191 844 3324 898 Θεὸν
3355 845 3465 916 γὰρ
3489 847 3604 900 ὀνο-

2028 933 2210 1005 μάσας
2235 933 2325 988 τὸν
2350 933 2650 1004 πανσθενῆ,
2678 933 2880 1004 μᾶλλον
2906 933 2950 986 δ’
2984 935 3158 988 εἰπεῖν
3188 935 3352 1006 μόνον
3380 937 3606 1006 ειπειρο⁴

2025 1026 2283 1097 δύναμον,
2327 1025 2418 1080 τὸν
2467 1026 2526 1094 ἐξ
2571 1026 2672 1081 οὐκ
2721 1026 2896 1080 ὄντων
2951 1028 3135 1081 πᾶσαν
3187 1027 3486 1080 ὑπόστασιν
3523 1029 3605 1090 είς
3667 1067 3678 1076 .

2025 1116 2284 1170 οὗσίωσιν
2313 1117 2711 1189 παραγαγόντα
2752 1117 2861 1170 τῶν
2901 1117 3110 1187 νοητῶν
3154 1117 3250 1171 καὶ
3281 1118 3388 1172 τῶν
3415 1117 3607 1189 αἰσθη-

2027 1207 2159 1273 τῶν,
2200 1209 2298 1263 καὶ
2329 1208 2640 1262 τανύσαντα
2675 1208 2775 1279 μὲν
2804 1208 2896 1263 τὸν
2941 1209 3174 1279 οὐρανὸν
3215 1207 3352 1262 ὡσεὶ
3395 1209 3604 1282 δέρῤιν,

2027 1302 2466 1374 ἁπαιωρήσαντα
2503 1301 2560 1354 δὲ
2589 1301 2686 1354 καὶ
2711 1299 2809 1372 τὴν
2835 1303 2940 1373 γῆν
2977 1301 3066 1355 ἐπ’
3093 1301 3308 1366 οὐδενὸς
3335 1301 3396 1356 τὸ
3425 1303 3608 1371 παράσ-

2028 1410 2136 1447 παν
2167 1393 2588 1465 ἐρηρεισμένην,
2608 1394 2704 1446 καὶ
2732 1393 2861 1456 τοὺς
2887 1393 3157 1464 μεγάλους
3185 1390 3280 1448 δύο
3311 1395 3608 1466 φωστῆρας
3659 1387 3663 1390 ’

2029 1486 2282 1550 καὶτοὺς
2330 1484 2526 1548 ἄλλους
2571 1485 2812 1557 ἀστέρας
2863 1484 3111 1550 ἅπαντας
3155 1487 3237 1550 είς
3271 1485 3472 1554 φαῦσιν
3509 1488 3609 1558 τῆς

2029 1578 2246 1651 ήμέρας
2277 1579 2371 1632 καὶ
2398 1578 2499 1649 τῆς
2533 1579 2727 1642 νυκτὸς
2752 1579 3140 1652 ὑποστήσαντα
3171 1620 3185 1646 ,
3221 1581 3321 1652 τὴν
3351 1581 3611 1653 τοιαύτην

2029 1669 2445 1742 προεξέστειλεν
2481 1671 2917 1744 ἀμφισϐήτησιν.
2951 1673 3163 1745 Οὑ,γάρ
3189 1673 3482 1748 ἀκολουθίᾳ
3512 1677 3614 1742 φύ-

2033 1777 2174 1826 σεως
2223 1763 2563 1834 ἀχθήσεται,
2617 1765 2815 1836 φησιν,
2863 1766 2947 1830 είς
2987 1768 3174 1838 κρίσιν
3223 1784 3245 1820 ι
3281 1765 3504 1838 σύμπαν
3550 1753 3614 1821 «ea

2033 1855 2268 1926 ποίημα,
2306 1873 2326 1907 ›
2353 1855 2598 1927 δηλονότι
2630 1857 2692 1911 τὸ
2721 1857 2954 1928 λογικὴν
2979 1858 3077 1912 καὶ
3101 1858 3297 1930 νοεράν
3318 1859 3501 1930 ψυχὴν
3534 1859 3615 1912 εί-

353 1945 804 2017 telligentemque
833 1925 1075 2034 animam
1101 1922 1508 2019 complectitur,
1541 1958 1595 2003 et
1631 1949 1931 2005 voluntatis

2042 1922 2225 2016 ληφξξ,
2259 1949 2354 2002 καὶ
2379 1922 2446 2019 τῇ
2470 1922 2921 2022 αὐτεξουσιότητι
2944 1922 3312 2024 τετιμημένον
3333 1922 3618 2023 τήςπρο-

355 2039 610 2094 libertate
651 2039 839 2109 pollet,
875 2048 1040 2109 atque
1093 2041 1386 2111 utriusque
1443 2041 1617 2111 partis
1670 2040 1933 2112 eligenda:

353 2132 756 2202 sequendaeque
805 2131 1035 2186 arbitrio
1066 2133 1350 2202 praeditum
1376 2143 1486 2188 est:
1524 2133 1617 2188 sed
1647 2133 1699 2188 id
1751 2132 1932 2188 omni-

355 2222 599 2292 potentis
631 2221 721 2289 Dei
752 2222 1035 2296 voluntate
1063 2223 1174 2287 ﬁet,
1199 2225 1294 2294 qui
1321 2234 1377 2280 et
1416 2223 1570 2294 prius
1595 2240 1660 2279 ex
1687 2225 1952 2279 elemen--

357 2314 430 2370 tis
491 2324 728 2384 quatuor
788 2316 1060 2386 oppositis
1117 2317 1395 2370 hominem
1433 2315 1710 2381 formavit,
1771 2326 1935 2386 atque

355 2409 760 2464 contrariorum
794 2417 849 2465 et
910 2410 1052 2465 inter
1087 2425 1147 2466 se
1201 2411 1568 2482 pugnantium
1605 2419 1857 2467 naturam
1877 2410 1935 2465 in

355 2508 804 2577 conjunctionem
857 2495 1318 2578 concordiamque
1359 2507 1650 2578 perduxit;
1679 2507 1937 2578 idemque

355 2598 496 2653 diem
520 2598 711 2668 judicii
739 2597 1014 2668 justaeque
1037 2601 1500 2655 remunerationis
1531 2599 1798 2666 deﬁnivit,
1825 2614 1936 2669 quo

355 2691 444 2746 die
471 2706 684 2757 omnes,
743 2692 872 2746 boni
921 2692 1136 2748 scilicet
1187 2709 1253 2749 ac
1311 2694 1466 2758 mali,
1499 2694 1767 2762 recipiant
1815 2707 1938 2762 quze

357 2797 588 2852 corpore
641 2782 928 2852 promeriti
957 2781 1180 2846 fuerint,
1213 2783 1296 2837 vel
1338 2784 1543 2838 bonum
1582 2782 1664 2836 vel
1706 2782 1932 2846 malum,

357 2873 662 2929 secundum
686 2888 752 2928 ea
780 2887 900 2940 qua;
928 2873 1163 2942 quisque
1189 2873 1440 2942 gesserit.

427 2963 668 3032 Apparet
697 2962 884 3032 igitur,
911 2963 1044 3016 nihil
1073 2978 1196 3016 eum
1237 2963 1305 3016 ab
1339 2960 1655 3032 evangelica
1687 2959 1940 3016 doctrina

359 3053 674 3114 dissentire,
703 3053 867 3124 quiet
892 3053 1064 3108 multo
1097 3061 1256 3108 antea
1287 3051 1655 3108 universalem
1689 3059 1940 3105 mortuo-

360 3161 484 3200 rum
510 3145 994 3209 resurrectionem,
1019 3154 1078 3199 ut
1105 3145 1258 3200 estin
1289 3145 1411 3199 aliis
1434 3140 1943 3217 divinarumLitte-

2034 2041 2323 2111 αιρέσεως,
2343 2043 2438 2094 καὶ
2464 2042 2563 2114 τὴν
2594 2042 2679 2112 ἐφ’
2711 2044 2948 2110 ἑκάτερα
2968 2044 3255 2116 γνωμικὴν
3279 2044 3493 2114 αἵρεσιν
3521 2042 3617 2096 καὶ

2038 2131 2211 2204 ῥοπὴν
2239 2131 2361 2200 ἔχον
2383 2147 2396 2162 ·
2440 2131 2578 2185 ἀλλά
2622 2131 2699 2203 τῷ
2734 2134 3132 2207 παντοδυνάμῳ
3180 2133 3482 2206 βουλήματι
3519 2132 3618 2188 τοῦ

2034 2221 2198 2287 Θεοῦ,
2225 2222 2320 2276 τοῦ
2349 2225 2444 2276 καὶ
2477 2223 2610 2294 πρὶν
2638 2225 2702 2276 ἐκ
2729 2223 2840 2278 τῶν
2865 2225 3148 2298 τεσσάρων
3174 2225 3435 2280 ἐναντίων
3476 2239 3620 2279 στοι-

2035 2315 2200 2385 χείων
2225 2313 2318 2367 τὸν
2347 2313 2636 2384 ἄνθρωπον
2664 2313 3086 2380 διαπλάσαντος,
3111 2315 3208 2370 καὶ
3232 2315 3341 2370 τῶν
3376 2315 3622 2369 ἀντικει-

2041 2406 2221 2478 μένων
2267 2404 2367 2478 τὴν
2403 2405 2568 2474 φύσιν
2597 2405 2694 2458 καὶ
2718 2405 2996 2477 πολεμίων
3041 2409 3122 2472 είς
3159 2407 3302 2478 ’μίαν
3341 2407 3622 2478 συνθήκην

2037 2504 2133 2557 καὶ
2178 2501 2502 2573 συμφωνίαν
2547 2501 3095 2566 κατασκευάσαντος,
3141 2503 3240 2556 καὶ
3283 2501 3623 2572 διορίσαντας

2038 2595 2253 2665 ἡμέραν
2276 2588 2512 2664 κρίσεως
2553 2596 2647 2648 καὶ
2675 2595 2894 2658 δικαίας
2940 2593 3351 2657 ἀνταποδόσεως
3385 2590 3622 2662 πρὸς-τὺ

2039 2685 2312 2756 λήψεσθαι
2347 2685 2580 2750 πάντας,
2627 2687 2724 2740 καὶ
2773 2687 2904 2751 τοὺς
2927 2686 3258 2749 ’σπουδαίους
3284 2683 3487 2755 δηλαδὴ
3527 2681 3624 2738 καὶ

2039 2777 2169 2840 τοὺς
2195 2775 2454 2846 φαύλους,
2489 2777 2558 2830 τὰ
2589 2777 2677 2832 διὰ
2705 2778 2800 2833 τοῦ
2832 2780 3088 2849 σώματος
3117 2777 3254 2849 πρὸς
3282 2776 3318 2832 ἀ
3354 2775 3623 2848 ἔπραξαν,

2041 2869 2153 2922 εἴτε
2181 2869 2404 2938 ἀγαθὸν,
2436 2868 2549 2924 εἴτε
2585 2872 2780 2926 κακόν.
3649 2865 3654 2868 ’

2115 2961 2327 3014 Οὐκοῦν
2360 2961 2476 3032 ἄρα.
2510 2961 2803 3032 σύμφωνος
2841 2961 3071 3034 εῦρηται
3101 2961 3215 3026 τοῖς
3249 2959 3628 3029 εύαγγελικοῖς

2043 3052 2314 3124 δόγμασι,
2370 3055 2468 3108 καὶ
2512 3053 2694 3126 πολλῷ
2742 3046 2936 3127 πρώην
2993 3054 3472 3126 προκαταγγείλας
3527 3051 3628 3124 τὴν

2045 3143 2342 3214 καθολικὴν
2378 3145 2676 3199 ἀνάστασιν
2720 3145 2832 3200 τῶν
2877 3146 3090 3218 νεκρῶν
3137 3145 3281 3200 κατά
3325 3145 3423 3210 τὰς
3463 3144 3630 3208 ἄλλας

361 3253 548 3294 rarum
581 3237 739 3303 locis,
775 3237 1182 3308 pnenuntiarit.
1239 3237 1376 3291 Nam
1438 3235 1494 3291 in
1532 3235 1675 3290 libro
1719 3235 1942 3314 quidem

2047 3237 2444 3300 θεοπνεύστους
2481 3237 2726 3308 Γραφὰς.
2755 3237 2821 3292 Ἦ
2855 3237 2955 3308 μὲν
2981 3238 3091 3309 γὰρ
3124 3237 3304 3309 βίϐλος
3331 3237 3426 3292 τοῦ
3457 3235 3630 3307 ἀθλη-

363 3345 467 3385 suo
499 3329 703 3384 athleta
732 3329 821 3390 ille
853 3329 1070 3400 pietatis
1125 3326 1299 3384 Johns
1337 3329 1443 3384 ait:
1495 3347 1515 3381 ί
1557 3327 1836 3396 Scriptum
1866 3333 1952 3381 est

364 3423 542 3492 ipsum
573 3437 766 3478 rursus
811 3436 936 3476 eum
967 3421 1036 3477 iis
1074 3430 1450 3478 surrecturum
1472 3465 1486 3486 ,
1521 3435 1662 3490 quos
1691 3418 1952 3474 Dominus

367 3513 754 3585 suseitat(60).
787 3534 806 3567 ι
841 3515 1015 3571 Isaias
1055 3530 1186 3569 vero
1220 3513 1521 3584 propheta:
1564 3533 1584 3566 ‹
1621 3513 1950 3584 Resurgent,

369 3607 571 3677 inquit,
598 3599 825 3668 mortui,
861 3614 915 3661 et
949 3606 1340 3661 excitabuntur
1368 3605 1464 3674 qui
1500 3612 1630 3660 sunt
1663 3606 1717 3658 in
1753 3619 1953 3658 monu-

369 3698 571 3754 mentis
591 3698 678 3764 ⁸⁰;
721 3716 740 3750 ›
801 3709 914 3754 tum
985 3705 1040 3754 et
1077 3697 1267 3752 Daniel
1311 3697 1534 3752 divinus
1588 3707 1780 3750 vates:
1820 3713 1839 3747 ι
1886 3693 1955 3747 Ει

369 3791 527 3846 multi
559 3799 851 3862 resurgent
879 3806 910 3846 e
946 3798 1107 3846 terrae
1139 3790 1384 3862 pulvere,
1420 3789 1476 3845 hi
1503 3789 1726 3860 quidem
1760 3789 1816 3842 in
1866 3787 1953 3842 vi-

369 3891 481 3937 tam
510 3891 794 3952 :eternam,
826 3883 881 3938 hi
933 3897 1066 3938 vero
1118 3884 1172 3937 in
1200 3883 1471 3952 judicium
1511 3880 1956 3952 suppliciumque

370 3983 694 4046 perpetuum
733 3973 884 4046 (61);
921 3993 940 4028 ›
970 3990 1094 4046 quae
1114 3975 1302 4030 omnia
1327 3969 1598 4030 doctrina:
1627 3972 1958 4042 evangelicae

373 4065 733 4136 proclamatio
751 4066 999 4137 quaedam
1025 4074 1154 4123 sunt
1183 4074 1350 4137 atque
1378 4064 1686 4136 praedictio,
1711 4072 1771 4118 ut
1793 4060 1955 4132 295

373 4174 567 4216 omnes
607 4170 836 4221 norunt.
884 4159 1075 4230 Itaque
1105 4159 1194 4215 his
1223 4157 1504 4224 illustrati,
1538 4154 1737 4212 lumini
1767 4168 1958 4224 parea-

375 4268 502 4310 mus
525 4253 756 4309 sincera:
792 4253 920 4310 ﬁdei
956 4261 1120 4323 atque
1143 4252 1348 4319 cultus,
1377 4264 1541 4322 quem
1574 4247 1689 4304 Deo
1711 4246 1956 4304 universi

2049 3329 2145 3382 τοῦ
2169 3328 2269 3399 τῆς
2297 3328 2582 3392 εὐσεϐείας
2620 3328 2741 3382 Ἰὡὸ
2773 3347 2942 3401 φησιξ
2981 3349 3000 3382 ι
3035 3331 3354 3403 Γέγραπται
3380 3330 3437 3383 δὲ
3465 3327 3632 3384 αὐτὸν

2053 3420 2216 3474 πάλιν
2247 3421 2652 3492 ἀναστήσεσθαι
2695 3421 2814 3492 μεθ’
2851 3415 2928 3478 ὧν
2955 3424 2984 3477 ὀ
3016 3423 3224 3494 Κύριος
3266 3422 3572 3491 ἀνίστησιν.
3607 3440 3626 3474 ι

2067 3511 2126 3566 '0
2161 3511 2217 3565 δέ
2255 3529 2337 3565 τοι
2371 3512 2658 3584 προφήτης
2691 3513 2922 3578 Ἡσαΐας
2955 3515 3141 3584 φησὶν,
3177 3517 3262 3568 ὅτι
3305 3532 3324 3566 ι
3369 3514 3634 3584 Ἀναστή-

2054 3619 2240 3656 σονται
2267 3605 2316 3657 οἱ
2351 3603 2560 3674 νεκροὶ,
2601 3604 2698 3658 καὶ
2753 3607 3150 3678 ἐγερθήσονται
3173 3607 3224 3660 οί
3255 3607 3315 3662 ἐν
3338 3608 3450 3669 τοῖς
3498 3621 3636 3677 μνη-

2057 3691 2251 3764 μείοις.
2285 3711 2304 3746 ι
2349 3694 2471 3746 Ἐτι
2495 3693 2551 3746 δὲ
2590 3695 2683 3748 καὶ
2710 3695 2910 3766 Δανιὴλ
2935 3698 2964 3751 ὁ
2989 3696 3278 3760 θεσπέσιος
3324 3697 3632 3768 προφήτης,

2061 3803 2081 3836 ι
2119 3783 2232 3838 Καὶ
2261 3783 2450 3838 πολλοὶ
2478 3785 2878 3858 ἀναστήσονται
2917 3789 2982 3840 ἐκ
3024 3787 3128 3858 γῆς
3157 3786 3446 3858 χώματος,
3487 3781 3636 3842 οὗτοι

2058 3876 2156 3948 μὲν
2181 3877 2262 3940 είς
2286 3874 2434 3946 ζωὴν
2465 3874 2708 3943 αἰώνιον,
2741 3869 2891 3931 οὗτοι
2921 3876 2978 3932 δὲ
3011 3879 3092 3942 είς
3137 3877 3322 3950 κρίσιν
3355 3879 3450 3933 καὶ
3477 3877 3640 3932 κόλα-

2057 3985 2142 4022 σιν
2187 3967 2566 4036 ἀτελεύτητον.
2607 3987 2626 4022 )
2686 3968 2755 4022 "A
2798 3969 2979 4024 πάντα
3027 3970 3492 4042 προαναφὼνησις
3545 3969 3640 4025 καὶ

2057 4047 2365 4132 πρόρρησις
2409 4057 2671 4131 εὕρηνται
2717 4059 2826 4114 τῶν
2877 4059 3255 4128 εύαγγελικῶν
3311 4061 3638 4131 δογμάτων,

2055 4151 2242 4214 καθὼς
2266 4149 2504 4214 ἀπαντες
2536 4151 2736 4206 ῐσασιν.
2770 4150 2894 4220 Ὑφ’
2922 4144 2999 4206 ὧν
3027 4151 3525 4223 καταυγαζόμενοι,
3544 4151 3644 4222 τὴν

2055 4244 2295 4298 διάνοιαν
2320 4245 2442 4306 ταῖς
2473 4242 2692 4312 αίγλαις
2717 4243 2817 4314 τῆς
2854 4243 2994 4315 πρὸς
3015 4243 3108 4298 τὸν
3133 4244 3228 4298 ἐπὶ
3259 4245 3482 4299 πάντων
3511 4243 3644 4298 Θεδν

375 4339 664 4411 debemus,
705 4361 769 4402 ac
797 4345 1258 4402 resurrectionem
1289 4358 1319 4398 a
1355 4341 1593 4398 mortuis
1618 4339 1804 4396 animo
1837 4353 1956 4394 me-

2058 4333 2387 4406 είλικρινοῦς
2439 4335 2677 4399 πίστεως
2726 4335 2824 4390 καὶ
2875 4334 3137 4408 λατρείας
3199 4335 3646 4408 ὁμολογουμένην

375 4436 646 4492 ditemur:
683 4447 798 4491 tum
833 4436 998 4492 vitam
1031 4445 1273 4494 nostram
1293 4434 1388 4491 Dei
1425 4433 1624 4488 timore
1664 4430 1957 4486 moderan-

2058 4427 2294 4498 ἓξωμεν,
2333 4425 2428 4480 καὶ
2459 4424 2810 4496 λογισώμεθα
2837 4425 2938 4498 τὴν
2977 4427 3043 4480 ἐκ
3069 4425 3282 4498 νεκρῶν
3311 4426 3643 4492 ἀνάστασιν·

377 4537 458 4584 les
491 4567 506 4592 ,
539 4543 603 4582 ac
635 4536 902 4599 praecepta
923 4527 1047 4599 ejus
1078 4527 1346 4583 salutaria
1403 4525 1800 4588 custodientes,
1831 4530 1959 4592 gra-

2064 4519 2163 4574 καλ⁵
2189 4519 2268 4590 τῷ
2291 4518 2444 4589 φόϐῳ
2468 4515 2565 4571 τοῦ
2595 4515 2734 4571 Θεοῦ
2780 4517 3141 4590 ρυθμίζοντες
3169 4518 3269 4590 τὴν
3303 4518 3437 4573 ἰδίαν
3476 4517 3644 4590 ζωὴν,

378 4619 508 4674 tiam
543 4619 686 4690 apud
717 4634 843 4675 eum
875 4630 1138 4691 perpetua
1181 4618 1531 4675 contentione
1575 4617 1716 4672 inire
1749 4614 1959 4671 studea-

2071 4609 2292 4673 καὶτὰς
2329 4604 2636 4680 σωτηρίους
2675 4607 2846 4661 αὐτοῦ
2895 4608 3260 4678 φυλάττοντες
3298 4609 3522 4673 ἐντολὰς
3559 4611 3650 4663 εὐ-

379 4725 526 4776 mus,
575 4712 880 4782 domusque
933 4727 1181 4781 operam,
1221 4721 1280 4767 ut
1317 4721 1584 4782 quantum
1616 4707 1828 4764 homini
1882 4705 1959 4762 fas

2069 4704 2321 4774 αρεστεῖν
2349 4699 2497 4772 αὐτῷ
2519 4703 2750 4754 πάντοτε
2784 4702 2948 4754 παντὶ
2975 4701 3154 4755 σθένει
3176 4701 3648 4773 προθυμηθῶμεν,

380 4813 484 4868 est,
538 4818 756 4858 omnem
791 4805 1000 4872 peccati
1053 4805 1230 4859 labem
1283 4805 1522 4859 vitemus
1558 4821 1572 4858 :
1614 4817 1722 4872 quo
1753 4809 1810 4856 et
1835 4801 1959 4856 bea-

2069 4797 2163 4850 καὶ
2204 4793 2302 4866 τὴν
2348 4793 2770 4865 ἀναμαρτησίαν
2818 4794 3120 4866 κατορθοῦν
3152 4796 3294 4850 κατὰ
3327 4795 3389 4848 τὸ
3424 4795 3653 4849 δυνατὸν

385 4905 498 4951 tum
535 4895 883 4952 inveniamus
912 4896 1094 4962 ﬁnem,
1119 4908 1172 4950 et
1203 4897 1257 4950 in
1279 4895 1472 4967 judicii
1493 4895 1758 4964 diejustis
1791 4906 1959 4946 annu-

2071 4881 2384 4955 ἀνθρώποις
2415 4882 2810 4954 σπουδάσωμεν
2833 4901 2847 4914 ·
2893 4883 2981 4938 ῐνα
3021 4883 3117 4938 καὶ
3146 4883 3207 4938 τὸ
3256 4885 3526 4956 μακάριον
3563 4885 3658 4940 εὖ·

387 4985 607 5051 merati,
665 4985 906 5042 caelestis
935 4989 1088 5058 regni
1149 4987 1522 5044 haereditatem
1561 4970 1959 5055 adipiscamur:

2078 4997 2260 5052 ρωμεν
2291 4978 2466 5042 τέλος,
2497 4978 2590 5032 καὶ
2613 4978 2759 5032 κατὰ.
2777 4979 2875 5048 τὴν
2903 4979 3116 5050 ἡμέραν
3140 4980 3241 5049 τῆς
3271 4979 3510 5051 κρίσεως
3541 4980 3656 5042 τοῖς

387 5092 486 5148 per
535 5079 789 5135 eumdem
825 5077 1108 5136 Christum
1142 5081 1310 5136 Deum
1350 5087 1626 5142 nostrum,
1669 5077 1757 5132 cui
1793 5073 1959 5148 gloria

2077 5072 2304 5136 δικαίοις
2336 5069 2942 5142 συναποκληρωθῶμεν,
2971 5071 3068 5125 καὶ
3113 5071 3212 5144 τὴν
3253 5071 3362 5124 τῶν
3407 5071 3654 5143 οὐρανῶν

455 5215 503 5246 ⁵⁸
532 5213 806 5282 lsa.xxvl,
838 5215 928 5272 19.

457 5326 710 5398 (60)-Jol)
741 5345 864 5390 XIX,
916 5327 1006 5382 ‘25.
1038 5323 1192 5398 LXX
1237 5325 1474 5398 habent,
1523 5319 1656 5398 Οἶδα
1704 5319 1959 5398 mnam

2070 5318 2305 5398 ςστησιν,
2327 5318 2473 5398 ,ἀχρι
2504 5319 2717 5398 τέλους,
2737 5321 2808 5398 Δοὐ
2833 5322 3013 5398 κεῖται
3038 5320 3190 5398 παρὰ
3208 5320 3647 5398 τοῖςᾘὸραίοιςς

457 5339 582 5398 (ϋυγ
607 5339 710 5383 Job
741 5345 864 5390 XIX,
916 5339 1006 5382 ‘25.
1052 5339 1192 5379 LML
1238 5339 1474 5385 naneut,
1523 5339 1656 5376 Ut01
1704 5339 1836 5402 γαρ,
1883 5339 1967 5372 οτι
2071 5339 2305 5386 ιστησιν,
2343 5339 2473 5429 αὲρι
2504 5339 2717 5403 remus,
2747 5339 2808 5374 ου
2833 5339 3013 5404 κειται
3038 5339 3190 5390 παρα
3217 5339 3330 5384 τοις
3365 5339 3647 5392 ιιοραιοιςθ

386 5397 614 5459 ἀένναός
659 5401 807 5451 ἐστιν
847 5401 874 5452 ὁ
920 5397 1138 5451 ἐκλύειν
1176 5393 1543 5466 μεγμέλλων,
1573 5395 1665 5446 ἐπὶ
1698 5392 1968 5466 γης-ἀνατ
2067 5388 2410 5466 διιότςεριούδ-
2441 5391 2592 5466 παρὰ
2617 5409 2697 5466 τῳ
2737 5390 2976 5466 Ἀκρλᾳ·
3000 5391 3162 5466 Δπαρά
3203 5391 3259 5444 δέ
3305 5392 3419 5454 τοῖς
3466 5396 3522 5444 0'
3563 5393 3658 5445 καὶ

390 5458 606 5540 στῆσαι
625 5470 686 5520 τὸ
717 5471 896 5540 δέρμα
941 5485 1112 5540 μουη.
1137 5458 1210 5508 σέ-
1237 5458 1502 5540 Ορἰερηεξ
1535 5465 1588 5540 in
1626 5458 1858 5540 epistola
1900 5459 1959 5514 ad

2069 5458 2390 5540 θεοξοτίπωνι
2421 5461 2492 5513 τὰ
2527 5458 2962 5540 ἰσοδυναμοῦντα
2989 5458 3262 5540 ἀλλήλοις.

391 5528 708 5592 Africanum
732 5528 1038 5605 desiderari
1084 5539 1198 5592 haec
1244 5537 1320 5590 ait
1341 5528 1408 5588 in
1456 5528 1740 5605 Hebraicis
1780 5545 1959 5585 exem-

2144 5528 2420 5605 (_61)J)an.
2449 5545 2550 5605 xtl,
2576 5534 2641 5605 ’ἐξ
2668 5528 2914 5605 iet—LXX
2951 5528 3301 5605 halJetittlgai
3331 5531 3520 5584 πολλοὶ
3542 5530 3659 5605 τῶν

391 5607 672 5678 plarihus,
705 5597 868 5678 atque
910 5611 1044 5663 adeo
1075 5623 1173 5662 nec
1208 5605 1498 5678 al)_!\,quil_a
1538 5603 1761 5678 reddita
1797 5615 1918 5655 esse
1951 5616 1959 5654 :

2074 5598 2463 5678 x_10338ovtw_v_
2481 5602 2546 5654 ἐκ
2581 5601 2687 5672 γῆς
2727 5600 2946 5678 χώματι
2975 5601 3430 5678 ἐξεγερθήσονται
3455 5642 3470 5661 ,
3512 5597 3661 5678 οῦτοι

393 5667 516 5745 quae
542 5667 720 5732 autem
753 5667 805 5733 in
837 5679 974 5732 LXX
1010 5689 1172 5748 atque
1199 5678 1252 5731 in
1285 5667 1959 5748 Theodotioueleguntur,

2077 5669 2158 5748 είς
2196 5668 2342 5748 ζωὴν
2373 5667 2612 5748 αξιὶινιον,
2644 5667 2945 5748 ’καιϊᾼοῦτοι
2984 5667 3408 5748 είςρνειδισμὸν
3447 5674 3544 5724 καὶ
3579 5672 3661 5748 εἰς

395 5738 440 5802 si
473 5749 655 5802 minus
689 5750 896 5814 verbis,
947 5757 1002 5802 at
1036 5738 1196 5802 sensu
1228 5747 1424 5800 similia
1457 5761 1600 5800 esse.
1652 5738 1838 5802 Ἀλλὰ,
1885 5742 1959 5814 in;

2078 5738 2339 5814 αἰσχύνην
2419 5741 2660 5814 αίῴνιον.
2717 5742 3226 5814 ΔΩιιειιιιιιίιηοάιιιη
3293 5738 3348 5796 et
3407 5743 3662 5810 Superius

395 5819 544 5886 quit,
586 5821 681 5870 καὶ
728 5820 836 5873 ἀπὸ
867 5810 1123 5871 τοῦ-Ἰὼῦ
1168 5819 1234 5870 τὰ
1267 5818 1374 5868 ἀπὺ
1410 5815 1524 5886 τρῦ,
1557 5815 1885 5886 Γέγραπται
1903 5812 1959 5862 δὲ

2083 5811 2468 5864 admonuimus
2503 5811 2539 5866 Ι.
2581 5827 2676 5878 vn,
2711 5810 2737 5882 §
2780 5811 2862 5866 l5.
3217 5837 3220 5841 ·

401 5879 560 5940 ἆὺτδν
602 5889 760 5943 πάλιν
813 5887 1218 5958 ἀναστήσεσθαι
1256 5887 1372 5956 μεθ’
1424 5879 1498 5938 ὦν
1545 5890 1572 5938 ὁ
1627 5879 1826 5952 Κύριος
1867 5885 1960 5934 ἀν-
2717 5879 2731 5882 ’
2867 5891 2874 5897 ·
