3930 6390
310 439 450 508 liSl
601 496 607 502 .
1681 455 1888 517 DISSE

1987 458 2053 519 ΓΑ
2061 460 2207 521 ΤΙΟ.

3446 466 3584 533 1182

309 555 1146 665 ξι-χσξλείεν.κέἶιῗονομίήσξυμεῖ·
1168 563 1227 617 ὲν
1254 563 1405 636 αὐτῷ
1434 565 1658 640 Χριστῷ
1679 569 1758 640 τῷ
1775 569 1888 640 Θεῷ

1999 585 2051 629 et
2083 575 2372 645 imperium
2418 592 2544 634 cum
2609 579 2987 651 omnipotente
3045 579 3228 646 Patre.
3279 588 3334 636 et
3389 593 3582 657 sancto

307 649 344 715 ἡ
355 648 496 718 μῶν,
522 648 567 715 ᾧ
591 649 625 717 ἡ
659 648 786 714 δόξα
821 651 916 704 καὶ
942 652 1005 704 τὸ
1031 653 1232 724 κράτος
1263 657 1361 710 σὺν
1387 656 1462 728 τῷ
1492 659 1888 732 παντοκράτορι

1999 667 2254 738 bonoque
2277 683 2342 724 ac
2371 669 2494 725 vita:
2519 681 2746 727 auctore
2767 648 3020 742 ‘Spiritu,
3039 688 3186 730 nunc
3214 681 3271 728 et
3287 649 3505 743 semper
3525 681 3580 728 et

308 739 495 810 Πατρὶ
557 741 652 795 καὶ
697 740 778 814 τῷ
826 745 1078 817 παναγεῳ
1123 748 1218 801 καὶ
1270 748 1463 820 ἀγα.θῷ
1513 751 1606 804 καὶ
1647 749 1888 822 ζωοποιᾷ

2000 759 2055 813 in
2086 760 2288 816 smeula
2327 761 2676 819 saeculorum.
2705 765 2900 819 Amen.

310 833 637 905 Πνεόματι,
687 836 782 890 νῦν
829 837 924 890 καὶ
965 839 1054 891 ἀεὶ
1103 841 1198 893 καὶ
1243 841 1326 903 εις
1373 843 1499 904 τοὺς
1548 842 1754 906 αἰῶνας
1790 843 1900 896 τῶν
2713 867 2722 877 ·

311 924 548 982 αἰώνων.
602 927 800 1000 Ἀμήν.

665 1019 844 1088 Τέλος
881 1021 992 1077 τοῦ
1039 1021 1553 1091 Ἔκκλησιαστοῦ.

2497 1018 2655 1076 Finis
2723 1019 3079 1082 Ecclesiastta.

317 1249 3541 1292 Μ

1395 1443 1595 1606 εθε,
1659 1434 2502 1580 APPENDIX.

391 1819 741 1902 Reliquum
767 1827 887 1896 est,
919 1828 991 1885 ut
1021 1823 1183 1886 illud
1215 1824 1760 1905 praestem,'quod
1792 1827 1856 1889 in
1889 1826 2418 1890 annotationibus
2461 1827 2539 1888 ad
2569 1826 2825 1890 Leontii
2869 1827 3411 1892 commentarium
3478 1845 3576 1889 re—

302 1919 486 1998 cepi,
517 1939 616 1984 me
640 1921 888 1985 scilicet
917 1932 1316 1998 curaturum,
1347 1932 1418 1986 ut
1445 1925 1519 1986 ad
1555 1926 1788 1989 calcem
1823 1928 2056 2008 Operis
2085 1927 2465 1989 Dissertatio
2489 1928 2758 1990 Joannis
2795 1931 3058 1992 Lancea)
3087 1931 3165 1992 de
3194 1937 3373 1991 mtate
3409 1929 3594 1990 Gre-'

299 2020 479 2099 gorii
512 2022 713 2084 nostri
742 2023 1068 2087 ederetur.
1101 2029 1261 2088 Ecce
1309 2043 1460 2088 vero
1489 2019 1692 2102 illam,
1725 2027 1936 2108 qualis
1971 2029 2138 2092 inter
2193 2027 2524 2108 Opuscula
2578 2036 2910 2092 auctorum
2953 2031 3350 2106 Siculorum,
3385 2038 3428 2092 t.
3461 2030 3573 2101 IV,

303 2140 456 2203 pag.
489 2123 550 2198 5,
589 2124 761 2188 edita
789 2134 886 2188 est
916 2127 1212 2190 Panormi
1242 2144 1413 2191 anno
1443 2127 1618 2190 1760.

830 2337 940 2400 DE
975 2337 1272 2404 ᾸΞΤΑΤΕ
1328 2343 1398 2403 Β.
1440 2343 1835 2408 GREGORH
1886 2395 1888 2403 λ

1987 2345 2627 2410 RIGENTINORUM
2692 2343 3053 2408 EPISCOPI
3143 2315 3152 2323 ’

1531 2529 2323 2623 DlSSERTATIO

1357 2737 1646 2797 JOANNIS
1672 2739 1972 2797 LANCEE
2002 2742 2502 2800 PANORMITANI.

378 3050 705 3109 EOctavius
719 3050 1032 3124 Cajetanns,
1050 3050 1280 3124 egregiae
1296 3051 1377 3108 vel
1398 3050 1693 3123 singularis
1711 3053 1892 3122 potius
1920 3057 1965 3114 Β
1993 3057 2232 3113 oratione
2264 3058 2528 3124 aemulari,
2557 3057 2638 3112 uel
2680 3065 2818 3112 certe
2847 3057 2910 3111 de
2947 3059 3150 3112 sanctis
3179 3058 3288 3114 illis
3341 3062 3575 3132 magnis-

298 3144 576 3206 doclrinat
630 3144 736 3210 vir,
797 3143 1005 3214 quique
1039 3143 1231 3202 Siculo
1262 3144 1471 3199 nomini
1525 3145 1767 3200 maximo
1791 3144 1893 3199 fuit
1995 3165 2094 3220 que
2125 3149 2374 3202 Patribus
2398 3150 2695 3220 quempiam
2719 3148 2876 3218 plane
2906 3148 3133 3204 videtur.
3163 3151 3228 3204 At
3249 3161 3442 3220 printer
3467 3170 3576 3208 cte-

301 3240 675 3302 incremento,
708 3238 850 3294 vitas
878 3238 1219 3298 concinnans
1273 3237 1582 3294 sanctitatis
1645 3237 1791 3294 fama
1829 3239 1892 3292 il-

303 3332 566 3387 lustrium
635 3329 988 3397 Siculorum,
1050 3331 1288 3401 publicis
1351 3330 1548 3386 litteris
1614 3332 1894 3387 commisit

305 3421 529 3478 Leontii
557 3423 813 3478 monachi
853 3424 1328 3479 Commentarium
1356 3464 1372 3490 ,
1427 3422 1617 3478 Graece
1666 3423 1888 3493 quidem

301 3517 598 3586 scriptum,
631 3516 725 3571 sed
758 3515 951 3571 Latine
968 3524 1180 3571 tantum
1214 3523 1692 3585 repraesentatum,
1724 3515 1891 3569 inter-

301 3616 460 3676 prete
502 3605 798 3661 Francisco
842 3607 1057 3676 Rajato,
1106 3607 1174 3662 de
1222 3606 1384 3661 rebus
1435 3621 1466 3660 a
1536 3606 1888 3661 sanctissimo

300 3698 786 3768 Agrigentinorum
851 3699 1114 3769 episcopo
1149 3697 1414 3768 Gregorio
1444 3697 1634 3769 gestis,
1683 3699 1777 3767 qui
1812 3705 1891 3753 tot

299 3790 507 3846 secula
567 3789 624 3852 in
661 3789 998 3846 Messanensi
1051 3786 1454 3846 Basilianorum
1493 3791 1888 3844 monachorum

301 3881 642 3938 bibliotheca
701 3882 1016 3939 delituerat.
1048 3881 1262 3953 Quippe
1315 3897 1445 3937 vero
1495 3867 1727 3936 scholiis
1757 3882 1887 3936 illu-

299 3971 594 4027 strandum
625 3971 733 4027 sibi
762 3972 1048 4041 imposuit,
1085 3973 1353 4043 quidquid
1387 3972 1492 4028 hoc
1522 3986 1752 4026 munere
1796 3971 1887 4026 di-

299 4075 473 4134 gnum
537 4063 892 4119 exhiberetur
918 4063 972 4117 in
1007 4063 1078 4119 iis
1107 4063 1195 4118 vel
1222 4064 1292 4118 ab
1349 4078 1494 4130 sese,
1523 4063 1609 4118 vel
1642 4062 1713 4117 ab
1739 4062 1884 4127 aliis,

297 4169 540 4226 quorum
597 4147 878 4226 promeret
929 4171 1091 4226 Opus,
1148 4155 1504 4226 conscriptis,
1531 4155 1672 4210 hanc
1704 4155 1884 4226 ipsam

299 4249 521 4304 navavit
572 4258 817 4319 spartam
853 4248 909 4304 in
955 4248 1168 4304 Leontii
1203 4248 1430 4304 historia
1466 4247 1702 4304 edenda.
1737 4247 1884 4319 Ergo

298 4345 397 4400 ubi
439 4345 860 4416 disquirendum
917 4344 1025 4400 sibi
1071 4347 1238 4401 sumit
1291 4347 1360 4402 de
1397 4354 1576 4410 aetate,
1607 4360 1716 4415 qua
1744 4345 1886 4401 vixit

1995 3245 2134 3292 teras
2179 3239 2491 3292 incredibile
2537 3239 2672 3306 cepit
2724 3253 2788 3292 ea:
2826 3237 3038 3292 homine
3103 3240 3355 3310 gaudium
3395 3242 3578 3311 piissi-

1957 3354 1968 3363 -
1991 3346 2109 3384 mus
2148 3331 2437 3399 imperator
2490 3340 2665 3384 noster
2692 3327 3030 3382 Justinianus
3061 3368 3076 3394 ,
3103 3342 3418 3402 senatusque
3452 3334 3578 3388 uni-

1991 3437 2192 3476 versus.
2227 3420 2361 3475 Eum
2386 3423 2551 3492 igitur
2589 3422 2877 3492 amplexati
2913 3422 3103 3476 Patres
3142 3440 3342 3488 omnes,
3387 3427 3479 3495 qui
3505 3425 3576 3480 ad

1989 3529 2106 3567 eam
2145 3514 2402 3584 synodum
2453 3522 2822 3576 convenerant,
2868 3515 3034 3584 eique,
3075 3523 3133 3568 ut
3167 3515 3285 3584 jam
3310 3516 3567 3583 diximus,

1991 3605 2270 3674 gratulati,
2311 3606 2381 3659 ad
2417 3621 2543 3660 suas
2606 3607 2840 3675 ipsorum
2897 3605 3043 3660 sedes
3081 3607 3300 3676 quisque
3344 3607 3564 3662 rediere.

1994 3699 2139 3768 Ergo
2172 3698 2252 3752 sic
2296 3699 2492 3753 statuit
2524 3697 2852 3768 Cajetanus:
2902 3697 2983 3762 Si,
3037 3713 3146 3768 quo
3198 3714 3345 3752 anno
3382 3699 3574 3757 habita

1989 3789 2468 3860 Constantinopoli
2499 3791 2744 3861 synodus
2779 3791 3148 3854 mcumenica,
3183 3806 3365 3845 rerum
3397 3791 3578 3860 potie-

1989 3881 2154 3936 batur
2183 3877 2534 3936 Justinianus
2564 3881 2731 3951 Aug.,
2767 3897 2850 3935 nae
2873 3879 3121 3950 Gregorii
3148 3891 3282 3936 aetas
3309 3881 3376 3936 ad
3405 3879 3578 3936 Justi-

1989 3974 2215 4028 nianum
2241 3973 2257 4026 Ι
2283 3973 2612 4038 revocanda,
2637 3972 2794 4042 cujus
2815 3972 3031 4043 imperii
3054 3973 3310 4040 anno‘26,
3365 3973 3575 4030 Christi

1991 4065 2328 4138 Dionysiano
2362 4067 2488 4130 555,
2541 4075 2734 4122 coacta
2791 4066 3269 4136 Constantinopoli
3321 4080 3569 4121 cacume-

1991 4158 2115 4214 nica
2137 4174 2170 4214 v
2198 4158 2468 4229 synodus,
2504 4173 2634 4213 nam
2666 4157 2734 4212 ad
2775 4175 2826 4214 νι
2848 4157 2994 4229 quod
3025 4157 3252 4224 attinet,
3279 4145 3402 4228 quae
3423 4156 3572 4212 Cun-

1990 4249 2474 4322 stantinopolitana
2532 4265 2613 4314 ιιι,
2657 4259 2988 4321 congregata
3020 4265 3169 4305 anno
3213 4249 3417 4304 Christi
3466 4248 3565 4304 68!

1987 4343 2356 4400 Constantino
2403 4343 2710 4422 -Pog_onato
2794 4341 3124 4412 imperante.
3210 4340 3348 4396 Cum
3439 4355 3573 4396 vero

299 4411 626 4508 Gregorius,
674 4437 732 4491 in
757 4452 877 4493 eam
915 4437 1012 4492 ivit
1063 4438 1410 4502 sententiam,
1443 4411 1638 4508 quam—
1665 4436 1883 4492 cunctis
1907 4411 1952 4474 (ἶ
1986 4435 2251 4492 Leontius
2271 4443 2428 4491 aetate
2450 4411 2677 4506 aequalis
2693 4433 2860 4490 fuerit
2875 4433 3314 4508 Gregorio,utex
3334 4434 3573 4504 ipsomet

299 4527 435 4582 viris
492 4527 780 4598 equisque,
815 4535 877 4582 ut
913 4527 1138 4593 dicitur,
1173 4537 1481 4598 propugnat
1520 4568 1536 4594 ,
1577 4527 1886 4598 conjicien-
1985 4526 2382 4584 commentario
2431 4525 2702 4590 hauritur,
2763 4525 2916 4580 nullo
2969 4526 3134 4581 modo
3179 4524 3570 4588 dubitandum,

299 4621 428 4677 dum
453 4620 605 4676 illum
637 4621 692 4674 in
737 4617 1034 4676 Iustiniani
1080 4617 1100 4672 l
1149 4619 1290 4688 Aug.
1329 4627 1599 4688 tempora,
1647 4618 1884 4672 erroris-
1984 4621 2116 4690 quin
2148 4633 2248 4673 nec
2274 4633 2398 4672 vera
2437 4617 2728 4672 tradiderit
2766 4617 3056 4682 Baronius,
3107 4617 3206 4687 qui
3239 4616 3294 4670 in
3325 4615 3476 4670 notis
3500 4615 3569 4670 ad

296 4729 410 4785 que
437 4715 655 4769 incusat
676 4728 802 4768 cum
877 4710 1170 4780 Menologii
1205 4751 1221 4777 ,
1289 4709 1493 4764 Basilio
1557 4706 1750 4779 lAttg.
1793 4709 1884 4779 ju-
1984 4711 2296 4765 Romanum
2354 4707 2802 4779 Martyrol0gium
2843 4709 3005 4764 annis
3053 4705 3292 4762 Mauritii
3345 4708 3484 4774 Aug.
3514 4715 3572 4760 et

303 4809 468 4862 hente
495 4806 810 4877 perscripti,
851 4814 968 4860 tum
999 4805 1270 4874 epitomes
1301 4803 1426 4858 vitae
1456 4811 1760 4867 auctorem,
1787 4817 1884 4857 cu-
1983 4800 2232 4872 Gregorii
2285 4798 2324 4865 l,
2364 4798 2424 4853 P.
2458 4799 2554 4867 M.,
2589 4800 2829 4856 vindicat
2864 4799 3191 4869 Gregorium
3223 4797 3565 4868 episcopum,

293 4903 387 4972 jus
415 4899 664 4957 Graecum
703 4900 983 4970 exemplar
1037 4914 1105 4954 ex
1161 4913 1265 4952 ms.
1299 4897 1492 4953 codice
1543 4894 1756 4952 Veneto
1784 4895 1881 4951 de—
1980 4909 2158 4963 neque
2191 4891 2368 4964 ipsum
2397 4891 2535 4948 adeo
2576 4891 2942 4962 Menologium
2991 4890 3353 4958 Basilianum,
3389 4906 3570 4961 neque

298 5003 614 5066 promptum
656 4993 760 5048 sibi
793 4991 1018 5047 miserat
1049 4989 1114 5046 γ.
1159 4990 1241 5045 Gl.
1283 4988 1682 5044 Constantinus
1716 4985 1884 5041 frater
1980 4985 2204 5040 tandem
2251 4975 2620 5054 Epitomastes
2645 4982 2889 5048 Graecus,
2925 4982 3020 5052 qui
3070 4982 3138 5036 ad
3187 4979 3482 5037 Iustiniani
3517 4980 3562 5035 ll

296 5084 471 5140 abbas
517 5081 928 5148 Benedictinus,
971 5096 1204 5152 eamque
1237 5079 1534 5134 Latinitate
1572 5079 1831 5134 donatam
1861 5117 1878 5144 ,
1980 5071 2316 5128 Rhinotmeti
2391 5085 2635 5143 tempora
2691 5072 3044 5142 protrahunt.
3126 5069 3252 5126 Haec
3308 5070 3561 5140 Cajetani

297 5175 530 5244 suisque
622 5181 843 5229 auctam
961 5172 1537 5229 animadversionibus
1597 5171 1878 5242 supplevit
1979 5167 2267 5222 sententiae
2293 5179 2534 5232 summa,
2554 5178 2697 5234 quae,
2728 5171 2789 5218 ut
2825 5164 3008 5232 Specie
3042 5164 3159 5219 veri
3187 5177 3295 5217 non
3330 5164 3576 5218 destitu-

301 5267 617 5322 l.eontianae
644 5266 909 5331 historiae,
932 5267 1062 5337 quia
1083 5267 1288 5322 diserte
1305 5266 1375 5322 ab
1395 5265 1466 5320 iis
1485 5264 1551 5320 ad
1578 5265 1708 5335 imp.
1734 5264 1874 5320 Caes.
1977 5268 2050 5326 ta,
2081 5261 2155 5314 ita
2189 5274 2384 5329 reapse
2437 5256 2605 5328 (quod
2635 5256 2773 5310 tanti
2815 5255 2918 5310 viri
2953 5270 3090 5326 pace
3135 5255 3391 5325 dixerim)
3419 5271 3449 5309 a
3473 5272 3568 5311 ve-

293 5355 663 5413 Justinianill
698 5373 874 5414 annos
944 5357 1240 5414 referatur.
1273 5358 1570 5414 Sententiae
1613 5373 1726 5413 sua:
1754 5357 1878 5412 fun-
1977 5347 2138 5403 ritate
2209 5361 2347 5402 sane
2400 5362 2566 5418 quam
2616 5346 2944 5412 abhorrens,
2998 5347 3146 5414 (ιιιοά
3194 5361 3303 5400 “On
3359 5362 3472 5401 ιιηο
3529 5362 3566 5402 θ

251 5460 260 5466 ’
294 5449 614 5504 damentum
639 5450 777 5504 ineo
802 5450 1060 5519 positum,
1095 5450 1240 5520 quod
1269 5449 1553 5513 Leontius,
1585 5460 1873 5521 postquam
1931 5433 1936 5439 ’
1974 5441 2152 5510 capite
2187 5439 2409 5509 planum
2442 5454 2528 5494 me
2584 5437 2860 5494 facturum
2904 5439 3143 5493 conﬁdo.
3189 5437 3383 5508 Itaque
3423 5441 3564 5494 rele-

293 5547 609 5595 enarrasset
631 5541 987 5595 mcumenicae
1020 5543 1233 5612 synodo
1248 5541 1876 5611 Constantinopolitanae

1987 5547 2096 5601 gam
2129 5529 2491 5586 Leontianam
2537 5529 2846 5596 historiam,
2896 5538 3035 5596 tum,
3085 5545 3211 5600 quae
3253 5532 3564 5586 evertenda:

291 5630 611 5686 interfuisse
635 5630 984 5702 Gregorium,
1015 5649 1306 5703 personam
1345 5644 1621 5705 gerentem
1659 5637 1874 5706 episco-

1987 5624 2250 5695 Cajetanae
2282 5623 2528 5692 opinioni
2566 5632 2884 5690 occurrunt,
2922 5638 3250 5694 proponam,
3281 5635 3565 5693 postremo

293 5718 348 5786 pi
380 5718 622 5773 Sardica:
641 5720 979 5776 Constantia:
1029 5720 1218 5791 Cypri,
1273 5721 1676 5794 haereticosque
1710 5723 1872 5793 plane
1970 5720 2151 5776 dicam
2205 5734 2328 5790 quae
2356 5718 2534 5774 sentio
2578 5719 2656 5774 'de
2691 5717 2940 5790 Gregorii
2979 5728 3160 5786 aetate,
3190 5733 3368 5789 eaque
3396 5735 3571 5792 erga--

291 5808 634 5880 proﬂigasse,
686 5811 801 5866 haec
837 5811 1034 5895 tradit:
1069 5813 1203 5879 Qua:
1231 5829 1359 5868 sane
1399 5829 1520 5868 eum
1548 5813 1702 5869 multi
1721 5832 1873 5871 acce-
1966 5822 2277 5870 mentorum
2306 5812 2545 5882 pondere
2574 5813 2886 5869 lirmavero.

293 5899 513 5969 pissent,
544 5901 806 5956 undenam
836 5902 914 5956 vir
945 5903 1039 5957 iste
1062 5906 1086 5958 ?
1109 5902 1365 5959 Dicebant
1392 5922 1410 5960 :
1448 5905 1703 5977 Anqelum
1732 5907 1874 5962 enim
2035 5907 2101 5962 ll.
2127 5907 2239 5976 Age
2295 5905 2410 5974 jam
2445 5904 2706 5962 Leontius
2750 5907 2960 5977 patrios
3026 5906 3174 5963 lares
3229 5905 3548 5964 deseruisse
