3930 6380
302 439 446 509 1183

1197 445 1296 508 DE
1335 446 1601 508 ETATE
1636 450 1696 510 S.
1723 450 2103 515 GREGORII
2143 455 2655 517 AGRIGENTINI

3431 460 3571 528 1184

300 557 628 629 Gregorium
670 555 1045 628 Hierosolyma
1084 559 1413 629 cegitantem
1467 562 1662 618 scribit
1705 565 1882 634 pridie
1910 570 1956 625 Α
1986 581 2111 632 nus,
2148 566 2472 637 Ephraemus
2508 567 2886 623 Antiochenus
2911 608 2927 633 ,
2971 565 3166 626 Petrus
3204 569 3567 644 Jerosolymi-

303 647 422 704 Kal.
457 645 591 714 Jul.,
625 662 750 703 cum
796 662 1003 703 annum
1036 659 1222 718 ageret
1266 650 1353 716 18,
1386 652 1620 722 navique
1654 652 1885 724 imposi-

304 748 419 795 tum
455 739 846 809 Carthaginem
877 740 1160 809 appulisse
1197 752 1320 811 post
1370 752 1483 800 tres
1535 746 1672 811 dies,
1703 747 1887 818 ibique

314 832 555 901 hospitio
574 847 605 887 a
635 832 896 887 uauclero
922 833 1041 902 ipso
1067 843 1378 904 exceptum,
1396 835 1491 906 qui
1528 852 1596 892 eo
1628 838 1884 905 duxerat,

302 923 491 980 tandiu
516 924 854 988 consedisse,
886 927 1067 994 quoad
1126 926 1343 982 Marcus
1377 929 1679 985 monachus
1714 914 1888 986 Roma

307 1016 594 1071 advenerit
621 1030 746 1070 cum
781 1013 1105 1086 Serapione,
1130 1026 1185 1073 et
1229 1016 1481 1084 Leontio,
1520 1019 1612 1089 qui
1638 1019 1739 1092 (sic
1769 1036 1891 1076 mo~

304 1118 470 1165 nente
512 1108 647 1178 Deo)
687 1108 1068 1182 Hierosolyma
1123 1110 1451 1167 deduceret:
1497 1120 1808 1169 transactos
1857 1131 1890 1171 a

303 1198 656 1270 Carthaginis
681 1202 911 1256 decessu
942 1201 1010 1256 ad
1052 1201 1561 1275 Hierosolymorum
1598 1205 1891 1259 adventum

238 1327 244 1333 ς
307 1305 523 1347 menses
541 1290 595 1355 6,
630 1291 724 1348 ubi
755 1308 786 1347 a
818 1292 1057 1348 Macario
1088 1295 1207 1361 ejus
1240 1296 1394 1351 urbis
1428 1297 1689 1366 episcopo
1724 1297 1888 1369 297
1934 1342 1941 1347 .

307 1380 627 1438 Pentecoste
655 1424 671 1450 ,
727 1400 849 1455 quas
910 1386 1158 1456 proxime
1193 1387 1454 1453 obvenit,
1492 1388 1757 1445 diaconus
1774 1388 1893 1445 fue-

307 1474 382 1528 rit
406 1475 672 1531 initiatus:
693 1477 926 1532 subinde
950 1494 1081 1534 vero
1103 1479 1285 1535 abisse
1324 1480 1378 1535 in
1430 1478 1703 1536 Olivetum
1731 1497 1891 1539 mon-

312 1574 445 1631 tem,
483 1568 575 1622 ubi
604 1583 809 1623 annum
838 1570 1110 1640 integrum
1142 1570 1490 1627 diversatus:
1524 1573 1650 1628 inde
1687 1574 1742 1628 in
1773 1589 1893 1631 ere-

312 1672 460 1712 mum
488 1661 809 1722 secessisse,
829 1661 884 1715 in
904 1676 1011 1731 qua
1033 1677 1209 1717 annos
1232 1679 1284 1717 tv
1305 1663 1521 1719 delituit
1540 1664 1696 1721 :hinc
1708 1664 1897 1722 Hiero-

312 1747 522 1818 solyma
548 1764 851 1814 reversum,
889 1749 1131 1806 Macario
1155 1752 1336 1808 adhuc
1377 1754 1668 1823 pontiﬁce,
1706 1770 1894 1812 mora-

216 1844 234 1860 '
312 1846 536 1909 tumque
593 1855 799 1895 annum
845 1857 1040 1907 unum,
1109 1843 1235 1899 inde
1280 1843 1627 1901 Antiochiam
1681 1845 1897 1919 Syriae!

1994 663 2156 710 tanus
2194 656 2460 726 episcopi.
2493 652 2722 711 lubente
2749 672 2810 710 eo
2839 656 2969 726 (hoc
3005 667 3091 713 est
3125 655 3459 729 Iustiniano,
3492 664 3572 718 ait

1994 745 2284 803 Liberatus
2308 764 2428 818 cap.
2466 749 2538 803 23
2568 748 2856 821 Breviarii)
2917 751 3123 806 dictata
3158 762 3237 807 est
3283 754 3341 807 in
3375 753 3570 826 Orige-

1994 855 2131 902 nem,
2165 851 2216 893 et
2248 840 2346 894 illa
2382 840 2632 911 Capitula
2660 844 3016 897 anathematis
3043 844 3320 898 damnatio
3354 887 3370 912 ,
3409 863 3573 916 quam

1993 929 2371 985 subscribentes
2420 947 2528 984 una
2589 947 2710 985 cum
2775 930 2932 986 Mena
2988 934 3379 1002 archiepiscopo
3427 935 3572 1003 apud

1995 1019 2511 1092 Constantinopolim
2545 1026 2760 1094 reperti,
2782 1025 2971 1079 deinde
3016 1027 3220 1079 directa
3252 1035 3328 1081 est
3379 1026 3576 1097 Vigilio

1997 1111 2238 1169 Romano
2266 1117 2526 1185 episcopo,
2562 1115 2715 1171 Zoilo
2758 1115 3126 1171 Alexandrina
3161 1159 3177 1182 ,
3233 1116 3575 1187 Euphrtemio

1996 1204 2341 1271 Antiocheno,
2369 1217 2418 1261 et
2464 1204 2623 1261 Petro
2670 1206 3122 1277 Jerosolymitano
3155 1250 3172 1275 ,
3216 1208 3405 1278 quibus
3455 1224 3575 1263 eam

1995 1294 2373 1364 accipientibus
2397 1293 2650 1366 Origenes
2674 1295 2963 1349 damnatus
3014 1304 3092 1350 est
3151 1306 3391 1351 mortuus
3421 1337 3439 1364 ,
3483 1299 3575 1367 qui

1998 1386 2144 1441 uiuus
2183 1386 2313 1440 olim
2345 1385 2523 1455 fuerat
2558 1395 2680 1440 ante
2725 1386 3035 1441 damnatus.
3080 1385 3350 1442 Baronius
3384 1387 3576 1443 isthaac

1999 1476 2286 1547 consiguat
2311 1476 2378 1531 ad
2408 1492 2614 1531 annum
2644 1476 2767 1542 546,
2800 1476 2894 1532 δρᾶ
2920 1475 3087 1546 Pagio
3119 1477 3391 1532 assentior
3413 1518 3428 1542 ,
3478 1479 3577 1549 qui

1999 1566 2223 1623 biennio
2248 1568 2517 1637 anticipat
2551 1569 2642 1638 (ad
2676 1582 2805 1622 ann.
2840 1567 2991 1638 544).
3027 1567 3127 1633 Qui
3153 1567 3321 1636 igitur
3357 1566 3580 1637 Caieta-

1999 1675 2108 1715 nus
2141 1657 2610 1731 lerosolymorum
2640 1660 2798 1715 nobis
2827 1659 3149 1730 episcopum
3182 1659 3428 1714 obtrudit
3459 1658 3581 1714 Ma-

1988 1750 2212 1807 .carium
2266 1765 2357 1804 an.
2388 1750 2512 1813 542,
2550 1765 2673 1806 cum
2712 1750 2889 1805 adhuc
2936 1765 3082 1804 anno
3130 1750 3236 1805 544
3284 1751 3578 1820 episcopa-

2005 1849 2118 1894 tum
2144 1848 2356 1910 gereret
2381 1838 2619 1895 Petrus?
2644 1840 2737 1910 qui
2769 1839 3067 1909 Gregorius
3099 1856 3130 1894 a
3164 1838 3403 1897 Macario
3435 1855 3579 1894 nono

312 1926 658 1995 metrnpolim
708 1928 1049 1998 demigrasse
1093 1946 1147 1986 tv
1196 1930 1271 1985 ld.
1316 1931 1542 2002 Aprilis,
1572 1934 1760 2003 ibique
1796 1951 1895 1991 an-
1929 1929 1972 1985 Β
2000 1929 2131 1983 dum
2163 1929 2421 1998 episcopo
2442 1930 2710 1985 diaconus
2734 1932 3067 1985 constitutus
3092 1945 3238 1983 anno
3262 1930 3406 1985 545?
3435 1927 3581 1985 Sane

312 2035 441 2074 num
488 2019 695 2089 egisse;
726 2021 858 2077 hinc
877 2021 1435 2098 Constantinopolim,
1462 2025 1899 2098 interluisseque

310 2111 525 2181 synodo
553 2114 931 2176 mettmenicaa,
981 2130 1156 2185 eaque
1220 2116 1447 2171 dimissa
1502 2117 1733 2173 Romam
1773 2134 1903 2190 pro-

313 2198 539 2268 fectum,
602 2218 714 2273 quo
772 2207 1021 2274 pervenit
1054 2222 1107 2260 ιι
1164 2204 1291 2263 Kal.
1318 2204 1635 2273 Quintileis,
1666 2224 1902 2280 moxque

312 2290 633 2359 episcopum
665 2292 1041 2363 Agrigentinus
1080 2293 1341 2353 Ecclesiae
1375 2300 1779 2354 renuntiatum.
1822 2300 1901 2355 Ex

314 2379 418 2434 hac
452 2379 665 2436 Leontii
713 2389 1061 2469 narratione.
1100 2386 1249 2442 hunc
1308 2389 1502 2443 statuit
1539 2388 1904 2462 Chronologi-

314 2486 493 2527 smum
515 2473 812 2545 Cajetanus
837 2493 852 2530 :

388 2564 517 2619 542.
550 2582 687 2622 xvm
717 2585 879 2639 agens
922 2583 1123 2622 annum
1150 2567 1437 2639 ab'angelc
1468 2573 1697 2629 monitus
1730 2575 1903 2645 pridie

321 2653 620 2714 KalJulii
671 2661 890 2732 fugam,
933 2670 984 2716 et
1037 2662 1517 2732 peregrinationem
1551 2663 1904 2737 lerosolymi-

317 2759 499 2804 tanam
527 2755 771 2822 capessit.

389 2843 518 2898 545.
540 2843 673 2899 Post
706 2863 904 2902 menses
931 2847 1038 2917 fere
1069 2861 1124 2900 Vi
1145 2887 1160 2912 ,
1203 2843 1595 2917 Jerosolymam
1646 2851 1900 2917 pervenit,

320 2950 579 3007 sacraque
621 2937 739 2992 loca
798 2948 1107 3001 ueneratur,
1167 2937 1258 2991 ubi
1311 2941 1513 2992 sanctis
1567 2938 1901 2996 Pentecostes

321 3027 506 3083 diebus
550 3044 582 3083 a
615 3028 853 3085 Macario
887 3032 1129 3100 episcopo
1154 3027 1603 3100 Jerosolymitano
1647 3031 1903 3088 diaconus

321 3118 629 3174 ordinatur.

395 3211 524 3266 544.
567 3210 741 3266 Paulo
763 3223 881 3282 post
912 3218 1103 3271 montis
1167 3214 1359 3274 Otireti
1408 3211 1734 3268 monasteria
1771 3211 1901 3277 obit,

323 3313 482 3373 atque
506 3302 561 3355 in
591 3303 658 3357 iis
689 3320 887 3358 annum
911 3306 1229 3363 diuersetur.

393 3392 646 3456 549._Ea:
698 3394 902 3453 Oliveto
967 3400 1020 3453 in
1059 3416 1291 3455 eremum
1343 3398 1646 3454 interiorem
1677 3397 1903 3465 secedit,

321 3496 370 3539 et
426 3502 595 3541 annos
675 3504 727 3542 tv
797 3493 940 3560 aput
993 3507 1168 3547 senem
1249 3491 1532 3563 quemdam
1592 3505 1899 3544 commora-

327 3589 434 3634 tur.

398 3671 525 3728 550.
555 3671 887 3748 Jerosolgma
935 3677 1069 3731 redit
1116 3676 1185 3731 ad
1228 3675 1528 3730 Macarium
1569 3674 1907 3744 episcopum:

326 3764 412 3817 hic
457 3780 622 3819 unum
671 3783 869 3822 annum
910 3769 1071 3838 agit:
1118 3784 1240 3822 mea:
1284 3767 1622 3821 Antiochiam
1659 3765 1911 3836 proficis-

327 3854 470 3907 citur
502 3870 554 3909 tv
587 3854 717 3912 ldus
749 3858 972 3927 Aprilis.

400 3944 526 4000 552.
565 3944 666 4001 Ubi
695 3964 893 4003 annum
918 3949 1214 4005 Antiochia:
1238 3950 1432 4020 exegit,
1461 3948 1911 4019 Constantinopo-

327 4036 421 4091 lim
454 4039 590 4094 adit.
1692 4048 1702 4057 '

401 4131 527 4185 555.
558 4129 642 4185 Ibi
673 4133 874 4201 synodo
917 4133 1160 4202 interfuit
1197 4174 1212 4198 ,
1261 4148 1377 4204 quae
1429 4132 1613 4187 habita
1649 4141 1726 4187 est
1772 4148 1911 4186 anno

332 4220 534 4277 Christi
586 4222 710 4289 553,
746 4239 791 4276 .a
820 4225 1020 4292 synodo
1069 4227 1252 4277 statim
1307 4223 1529 4278 Romam
1564 4223 1799 4292 pervenit
1856 4238 1910 4279 χι

334 4313 462 4370 Kal.
491 4312 647 4381 Julii,
681 4324 988 4370 sanctorum
1031 4314 1393 4385 apostolorum
1419 4314 1664 4385 sepulcra
1697 4304 1911 4369 uenera-

338 4415 508 4460 turus.

415 4491 545 4548 555.
606 4492 712 4549 Hic
768 4512 800 4549 a
845 4494 1087 4549 Romano
1141 4495 1392 4566 pontifice
1453 4492 1738 4548 ordinatur
1800 4496 1914 4563 epi-

1931 3263 1978 3323 C

2002 2018 2220 2081 Petrus.
2251 2020 2345 2091 qui
2367 2019 2663 2075 Justiniani
2697 2021 2877 2076 edicto
2940 2022 3276 2090 astipulatus
3302 2065 3316 2086 ,
3358 2021 3577 2078 ieroso-

2000 2110 2302 2181 lymitauus
2336 2111 2582 2181 pontifex
2616 2112 2790 2166 audiit
2839 2112 3132 2166 anno.525
3154 2153 3171 2178 ,
3217 2127 3330 2182 quo
3366 2111 3574 2168 Joanni

2002 2205 2291 2260 successit.
2321 2204 2516 2260 Nullus
2540 2206 2708 2276 igitur
2740 2214 2869 2259 ante
2903 2205 3123 2259 Petrum
3156 2204 3452 2272 Macarius,
3484 2208 3580 2276 qui

2001 2294 2249 2351 diaconis
2301 2295 2622 2366 ascripserit
2668 2293 3018 2365 Gregorium.
3060 2294 3248 2365 Itaque
3294 2297 3584 2351 characte-

2002 2404 2118 2444 rem
2156 2388 2379 2443 Macarii
2427 2391 2781 2459 episcopatus
2815 2388 3178 2443 obsistentem
3226 2388 3330 2443 sibi
3377 2388 3582 2444 sentiat

2000 2481 2320 2559 Cajetanus,
2353 2482 2448 2553 qui
2485 2480 2811 2553 Gregorium
2844 2481 2912 2536 ad
2941 2480 3239 2537 Justiniani
3280 2481 3301 2536 Ι
3332 2489 3580 2552 tempora

2003 2575 2202 2629 elevat.

2073 2663 2165 2720 ιγ.
2197 2664 2337 2731 Quid
2362 2678 2494 2719 vero
2537 2663 2679 2733 quod
2720 2661 2956 2726 Pascha,
3012 2662 3154 2731 quod
3195 2660 3584 2734 Hierosolymis

2002 2755 2240 2811 coniecit
2269 2754 2592 2825 Gregorius,
2620 2754 2876 2810 convenit
2921 2755 2974 2809 in
3006 2752 3040 2808 6
3077 2754 3299 2823 Aprilis,
3339 2757 3586 2825 quando-

2002 2849 2222 2918 quidem
2271 2847 2432 2902 tradit
2490 2846 2787 2911 Leontius,
2844 2845 2996 2901 illinc
3051 2844 3291 2901 Marcum
3334 2844 3585 2916 Gregorii

2004 2942 2193 2995 ducem
2230 2939 2547 2995 discessisse
2570 2955 2682 2995 xvtt
2738 2937 2865 2993 Kal.
2926 2937 3065 2992 Maii
3128 2938 3297 2993 altera
3356 2955 3389 2992 a
3452 2954 3587 2993 nova

2006 3031 2288 3087 Dominica
2368 3031 2509 3085 die?
2582 3031 2727 3085 Nova
2794 3028 3075 3085 Dominica
3158 3029 3301 3100 apud
3366 3028 3587 3087 Cra-cos

2003 3125 2228 3196 perinde
2281 3133 2434 3189 erat,
2472 3133 2636 3194 atque
2667 3122 2986 3177 Latinorum
3038 3121 3321 3177 Dominica
3359 3123 3413 3176 in
3442 3122 3586 3178 albis

2007 3219 2259 3287 depositis
2281 3234 2302 3283 ;
2329 3218 2400 3271 ita
2426 3230 2555 3272 vero
2583 3215 2747 3283 dicta,
2786 3215 2901 3271 sive
2923 3216 3067 3285 quod
3094 3216 3349 3271 universa
3376 3214 3591 3271 hebdo-

2010 3327 2147 3377 mas,
2210 3324 2332 3380 quas
2406 3307 2614 3364 Pascha
2694 3310 3153 3377 consequebatur,
3206 3307 3594 3376 διακαινισμος

2012 3405 2082 3459 ab
2114 3405 2182 3459 iis
2213 3411 2519 3468 vocaretur,
2549 3416 2727 3473 eoque
2755 3415 2892 3456 nova
2933 3400 3143 3469 singula
3165 3399 3347 3468 eiusce
3382 3399 3593 3454 hebdo-

1970 3480 2188 3566 \madis
2228 3496 2366 3560 dies,
2399 3496 2516 3550 sive
2562 3493 2704 3564 quod
2740 3492 3150 3549 ecclesiasticus
3196 3506 3373 3547 annus
3406 3505 3436 3545 a
3486 3489 3593 3545 Pa-

2010 3586 2196 3641 schate
2259 3584 2459 3649 iniret,
2520 3584 2662 3655 quod
2716 3584 2837 3653 ipse
2892 3572 3408 3647 innuit.Leontius,
3461 3581 3589 3636 dum

2011 3677 2282 3741 dicturus,
2334 3676 2598 3746 postridie
2635 3675 2924 3730 Paschalis
2953 3675 3336 3745 episcoporum
3372 3687 3595 3729 conses-

2012 3785 2131 3825 sum
2167 3769 2353 3825 Romte
2392 3769 2724 3836 habendum,
2760 3769 2813 3822 in
2845 3782 2956 3838 quo
2986 3766 3217 3833 crimen,
3257 3766 3418 3835 cujus
3458 3766 3594 3821 Gre-

1976 3908 1981 3915 .
2011 3861 2195 3931 gorius
2244 3858 2615 3922 insimulatus,
2662 3857 3024 3925 judicaretur,
3054 3855 3353 3912 secundum
3385 3864 3592 3910 tantum

2011 3951 2153 4006 diem
2180 3950 2468 4019 designat:
2504 3949 2773 4019 Affirmant
2802 3947 2885 4001 illi
2939 3946 3241 4018 (inquiens)
3287 3945 3503 3999 audisse
3539 3960 3595 3998 se

2012 4044 2076 4098 de
2109 4044 2381 4098 hominum
2412 4044 2639 4097 aduentu
2664 4059 2683 4096 :
2713 4053 2826 4096 erat
2868 4050 3045 4095 autem
3101 4040 3417 4103 Parasceve,
3474 4055 3595 4093 cum

2014 4132 2349 4189 aduenerant.
2370 4133 2396 4186 Ι
2401 4134 2542 4203 gitur
2553 4131 2854 4201 pontiﬁcem
2877 4130 2952 4183 sic
2976 4129 3319 4200 alloquuntur
3333 4128 3562 4198 episcopi
3576 4144 3597 4184 :

2012 4223 2225 4279 Jubesis
2258 4226 2539 4295 episcopos
2589 4227 2729 4279 coire
2761 4238 2972 4286 omnes,
3011 4238 3074 4274 nc
3103 4222 3149 4275 si
3200 4221 3295 4275 Dei
3352 4222 3596 4275 uoluntas

2017 4317 2320 4381 tulerit,die
2349 4316 2577 4370 secundo
2596 4314 2862 4369 decernite
2889 4329 2907 4378 ;
2935 4322 2989 4368 et
3017 4327 3141 4366 mox
3174 4327 3374 4366 nonum
3408 4325 3597 4366 nume-

2018 4418 2103 4464 rat
2132 4410 2296 4473 diem,
2321 4408 2413 4479 qui
2444 4415 2596 4462 certe
2642 4422 2670 4458 a
2696 4404 2967 4460 Paschate
3004 4421 3019 4458 :
3075 4401 3140 4457 Ut
3201 4413 3377 4457 autem
3428 4413 3597 4456 nonus

2017 4497 2194 4566 adfuit
2216 4498 2349 4561 dies,
2386 4496 2604 4549 mandat
2650 4494 2889 4564 pontifex
2938 4508 3046 4548 rem
3093 4492 3328 4546 diuinam
3386 4497 3599 4560 peragat

334 4605 527 4659 scapus
585 4591 882 4662 Agrigenti,
937 4591 1076 4662 quod
1138 4608 1173 4645 a
1235 4590 1453 4662 Pelagio
1497 4590 1702 4661 factum
1756 4606 1911 4661 opcr-
1945 4620 1991 4677 Β
2020 4585 2325 4677 Gregorius.
2358 4583 2544 4654 Neque
2562 4581 2896 4677 aliter-Galli
2927 4593 2983 4677 et
3002 4580 3191 4677 belga:
3220 4597 3420 4635 annum
3442 4594 3600 4634 suum

338 4681 463 4736 tuit.

300 4766 312 4777 ‘
339 4770 495 4828 Nunc
523 4773 707 4829 omnia
740 4774 806 4830 ad
834 4788 1065 4829 examen
1095 4789 1377 4830 vocemus.

414 4864 501 4923 lll.
556 4865 729 4923 Porro
782 4867 1078 4939 Cajetanus
1123 4868 1191 4923 ad
1248 4867 1472 4923 Macarii
1517 4868 1668 4939 quod
1725 4868 1921 4924 attinet

341 4957 746 5029 pontificatum,
777 4961 854 5014 ait
897 4960 1095 5015 initum
1143 4960 1297 5015 illum
1324 5000 1340 5026 ,
1380 4958 1619 5016 Baronio
1671 4969 1919 5024 auctore,

341 5068 486 5108 anno
517 5052 621 5107 544
651 5052 900 5123 (emenda
937 5053 1087 5125 546),
1134 5069 1203 5109 ex
1262 5053 1496 5108 aliorum
1545 5067 1677 5107 vero
1699 5060 1920 5108 senten-

343 5147 418 5199 tia
446 5159 592 5200 anno
615 5147 931 5215 superiore;
958 5146 1051 5202 sed
1095 5145 1193 5217 qui
1229 5153 1411 5199 tamen
1467 5144 1799 5214 repetendus
1849 5144 1919 5199 ab

345 5250 493 5291 anno
521 5236 703 5291 saltim
741 5235 867 5299 542,
893 5237 1117 5306 quando
1163 5251 1312 5291 anno
1344 5236 1468 5297 545,
1505 5250 1617 5305 quo
1643 5232 1925 5307 Jerosoly-i

350 5345 435 5382 ma
466 5329 745 5399 ingressus
793 5329 1097 5401 Gregorius
1139 5368 1156 5395 ,
1210 5330 1337 5400 jam’
1390 5328 1652 5384 Ecclesiae
1696 5337 1928 5399 prmerat

352 5419 643 5487 Macarius,
685 5420 917 5476 Leontio
969 5431 1126 5476 teste.
1157 5420 1259 5476 Hie
1294 5421 1474 5492 primo
1516 5419 1652 5476 mihi
1699 5437 1790 5477 res
1823 5421 1931 5476 erit

350 5524 479 5565 cum
508 5509 791 5578 Caietano,
825 5511 919 5581 qui
962 5510 1261 5567 Macarium
1307 5511 1776 5583 Jeresolymorum
1814 5512 1931 5582 epi-

354 5617 581 5671 scopum
618 5609 767 5657 ratus
794 5617 941 5656 anno
971 5603 1095 5669 542,
1135 5604 1282 5673 quod
1336 5603 1568 5657 minime
1619 5602 1929 5658 ferendum.

358 5692 646 5750 Enimvero
676 5694 1025 5750 Justiuianus
1055 5693 1076 5747 ι
1111 5709 1259 5749 anno
1303 5694 1427 5760 544,
1482 5693 1721 5748 edictum
1766 5693 1936 5748 edidit

363 5790 626 5842 adversus
680 5786 785 5842 tria
840 5785 1087 5856 Capitula
1121 5827 1135 5851 ,
1214 5786 1304 5840 cui
1351 5785 1685 5853 ascriptores
1775 5783 1937 5840 luere

372 5879 592 5934 Menttas
646 5877 1316 5947 Constantinopolitanus,
1372 5876 1559 5931 Zoilus
1617 5877 1937 5933 Alexandri-

2016 4675 2394 4738 ordiebantur,
2431 4674 2576 4743 quod
2630 4672 2848 4727 tandem
2892 4672 2959 4725 ab
3000 4671 3086 4724 his
3113 4670 3433 4739 abrogatum
3458 4681 3602 4721 anno

2020 4768 2184 4835 1577,
2211 4767 2281 4821 ab
2314 4767 2423 4820 illis
2448 4780 2595 4821 anno
2622 4764 2783 4820 1564.
2814 4761 2967 4834 (Pag.
2988 4763 3043 4817 in
3064 4761 3196 4817 Per.
3226 4758 3600 4817 Graeco-Dom.

2019 4875 2173 4915 num.
2205 4858 2321 4927 l5).
2351 4856 2469 4913 Jam
2501 4857 2548 4913 si
2582 4858 2855 4912 secundus
2888 4856 2957 4911 ab
2986 4870 3124 4911 u0va
3160 4853 3446 4909 Dominica
3483 4851 3605 4907 dies

2022 4951 2256 5007 incurrit
2279 4950 2333 5006 in
2365 4949 2431 5006 l5
2452 4948 2678 5019 Aprilis,
2711 4962 2842 5018 ergo
2891 4945 3099 5002 Pascba
3153 4946 3208 5000 in
3255 4945 3289 5001 6
3332 4944 3601 5015 ejusdem.

2023 5044 2106 5097 An
2142 5043 2323 5098 isthuc
2347 5040 2723 5112 ett-primemus
2761 5055 2794 5094 a
2824 5038 3069 5109 Cajetani
3098 5037 3561 5109 .Chronologismo
3584 5039 3609 5090 ’ἔ

2025 5148 2116 5189 an.
2150 5134 2256 5188 545
2285 5133 2601 5204 agitabatur
2651 5130 2723 5185 20
2775 5130 2913 5201 cycli
2976 5128 3195 5194 solaris,
3254 5127 3323 5182 l2
3378 5126 3605 5191 lunaris,

2027 5226 2259 5301 proinde
2280 5226 2465 5281 littera
2494 5223 2852 5279 Dominicalis
2880 5220 2944 5286 ι),
2978 5223 3247 5277 terminus
3268 5220 3554 5275 Paschalis
3577 5219 3611 5269 4

2026 5321 2253 5391 Aprilis,
2321 5318 2533 5374 Pascha
2586 5316 2654 5371 12
2683 5316 2953 5385 ejusdem.
2986 5331 3107 5368 nam
3145 5314 3411 5368 terminus
3445 5313 3499 5366 in
3533 5310 3611 5365 ie-

2029 5416 2171 5470 riam
2208 5413 2238 5467 7
2274 5414 2431 5476 exiit,
2472 5425 2647 5480 eoque
2680 5407 2896 5464 Pascha
2933 5406 3345 5462 diliundettdum
3392 5404 3445 5458 in
3478 5406 3614 5459 alte-

2029 5522 2148 5562 ram
2203 5504 2569 5569 Dontinicam,
2614 5517 2682 5556 ne
2708 5516 2833 5557 cum
2865 5498 3068 5555 Judaeis
3091 5497 3499 5562 conveniretur,
3527 5494 3613 5548 vel

2035 5600 2069 5655 5
2099 5584 2328 5668 Aprilis,
2360 5596 2630 5665 siquidem
2660 5610 2778 5648 mos
2809 5594 2912 5647 iste
2968 5592 3110 5660 apud
3160 5589 3613 5661 llierosolyntita-

2037 5708 2164 5747 nam
2200 5690 2499 5747 Ecclesiam
2526 5703 2637 5743 non
2663 5686 2984 5743 obtinuerit.
3026 5684 3388 5751 Quamobrem
3431 5682 3619 5739 Domi-

2041 5787 2160 5841 nica
2198 5800 2336 5839 nova
2368 5797 2491 5838 cum
2524 5780 2779 5836 inciderit
2805 5780 2890 5833 vel
2924 5780 2976 5832 in
3002 5779 3068 5832 l9
3103 5778 3185 5832 vel
3216 5764 3364 5832 inl2
3394 5776 3614 5844 Aprilis,

2045 5883 2121 5943 lit,
2162 5877 2343 5932 Marco
2375 5875 2681 5932 abeundum
2727 5870 3117 5940 Hierosolymis
3161 5870 3332 5923 luisse
3389 5870 3469 5921 rei
3524 5867 3612 5927 2i,
3694 5938 3706 5952 .
