3930 6372
294 296 441 366 1185

1655 298 2180 363 DISSERTATIO.

3409 309 3548 376 1186

296 415 382 466 vel
417 408 486 465 14
511 406 700 476 die,.si
733 406 979 480 Cajetani
1008 405 1463 479 Chronologismo
1487 405 1874 476 inbaereamus,
1907 418 1955 476 Α
1982 411 2350 468 concedamus
2407 411 2626 469 interim
2651 455 2666 480 ,
2728 415 2875 488 quod
2932 368 3177 488 postulat
3234 368 3553 491 Cajeta—n—iis',

296 517 413 558 non
447 502 515 558 l5
548 502 774 572 Aprilis,
812 509 872 556 ut
902 499 1166 556 Leontius
1191 497 1483 555 manifeste
1518 507 1768 556 testatus.
1796 502 1877 556 Ad

299 597 417 652 haec
470 595 537 651 l5
591 595 821 665 Aprilis,
871 609 981 665 qua
1023 591 1244 648 Marcus
1275 592 1444 647 abbas
1483 590 1880 665 Hierosolymis

297 689 602 758 digressus,
638 687 805 758 298
835 685 1116 740 concurrit
1143 699 1271 740 cum
1303 683 1438 740 l‘eria
1473 685 1549 750 5;
1588 685 1684 740 sed
1732 699 1880 741 anno

297 779 428 843 545,
453 795 576 836 cum
603 779 743 834 feria
772 778 827 832 4.
855 777 1130 832 Paeoniam
1165 791 1392 831 manum
1436 785 1715 845 exspecto,
1758 793 1882 846 quas

303 870 744 942 deploratissima
775 868 1048 938 Cajetanae
1083 868 1365 923 sententia
1391 867 1614 922 vulnera
1643 883 1880 938 praesen-
1907 864 1912 868 ’

305 965 448 1019 tibus
475 962 658 1018 succis
692 961 1020 1017 demulceat.
1054 960 1160 1015 Sed
1189 969 1385 1015 caetera
1419 974 1806 1030 exsequamur.

372 1055 436 1109 V.
471 1053 592 1121 Quo
630 1069 774 1108 anno
803 1051 1148 1108 Antiochiam
1183 1049 1656 1122 abiitGregorius,
1691 1051 1881 1107 Eccle-

296 1147 440 1203 siam
503 1145 889 1200 moderabatur
953 1142 1298 1200 Eustathius.
1341 1142 1428 1198 Ita
1494 1142 1882 1216 Hierosolymis

295 1237 503 1308 (inquit
518 1235 803 1306 Leontius)
815 1251 1050 1306 egressus
1073 1249 1125 1289 tv
1151 1232 1280 1289 Idus
1296 1234 1518 1301 Aprilis,
1545 1235 1882 1292 Antiochiam

293 1329 680 1398 proﬁciscitur,
717 1343 820 1398 quo
869 1342 990 1380 cum
1032 1327 1276 1392 uenisset,
1303 1325 1575 1381 domicilio
1606 1337 1818 1398 excepto
1848 1344 1882 1384 α

295 1430 486 1475 sancto
521 1417 808 1472 Eustathio
841 1418 954 1488 ejus
983 1417 1128 1472 urbis
1153 1417 1610 1487 archiepiscopo...
1633 1419 1717 1474 Ab
1738 1435 1884 1476 anno

297 1509 504 1566 Justini
558 1511 701 1578 Aug.
749 1509 962 1574 ultimo,
1018 1508 1122 1563 hoc
1173 1515 1260 1563 est
1305 1507 1512 1564 Christi
1551 1509 1884 1581 Dionysiano

301 1601 430 1664 526,
465 1615 577 1670 quo
607 1599 948 1668 Euphrasius
983 1599 1362 1655 Antiochenus
1414 1599 1708 1670 episcopus
1747 1599 1885 1671 lapi-

301 1693 468 1749 dibus
497 1693 728 1748 obrutus
763 1693 817 1747 in
845 1691 1190 1747 memorabili
1221 1691 1340 1762 ejus
1373 1692 1528 1748 urbis
1567 1699 1883 1748 terrmmotu

1981 499 2147 554 modo
2176 499 2465 571 intelligat,
2499 492 2664 574 quam
2703 506 2873 560 multa
2899 507 3028 574 sint,
3069 523 3206 578 quae
3237 507 3346 564 sibi
3387 525 3554 580 repu-

1981 600 2172 664 gnant.
2208 591 2353 663 Ergo
2381 595 2514 650 illud
2545 595 2865 666 aCajetano
2905 591 3052 666 peto,
3101 599 3235 670 quid
3285 601 3389 656 sibi
3441 601 3559 657 haec

1979 679 2150 734 velint
2181 697 2195 733 :
2228 679 2500 736 Romanus
2522 681 2818 754 (Pontifex)
2848 685 3036 755 quippe
3065 687 3216 757 gravi
3236 687 3417 742 morbo
3461 689 3558 743 de-

1979 779 2152 826 tentus
2187 772 2424 827 libellum
2457 775 2624 830 mittit
2657 777 2875 846 propria
2918 793 3076 831 manu
3107 781 3464 848 conscriptum
3493 779 3558 834 de

1981 861 2243 914 sententia
2270 863 2686 918 orthodoxorum
2719 867 3019 920 antistitum
3047 869 3212 938 ipsius
3245 869 3416 924 locum
3443 887 3559 924 ser-
3655 913 3660 918 .

1981 953 2216 1006 uantium
2237 954 2264 1008 Ρ
2299 952 2442 1018 Quid
2474 966 2528 1011 et
2557 973 2679 1026 qua:
2711 974 2837 1013 mox
2895 962 3235 1015 succedunt:
3277 959 3399 1018 .Sed
3449 967 3559 1034 epi-

1978 1041 2125 1107 scopi
2153 1041 2210 1093 in
2238 1043 2523 1094 concilium
2546 1059 2577 1096 a
2595 1045 2844 1114 pontiﬁce
2871 1047 3018 1099 missi
3049 1043 3290 1117 Gregorii
3311 1048 3558 1106 adventui

1983 1139 2360 1186 anteuertentes
2373 1132 2677 1203 pontiﬁcem
2702 1135 2872 1200 ipsum
2891 1138 3175 1191 docuerunt
3196 1137 3436 1211 Gregorii
3453 1143 3558 1195 uir-

1983 1227 2114 1288 tute,
2137 1238 2202 1276 ac
2237 1225 2526 1294 sapientia,
2563 1227 2933 1281 hereticorum
2969 1231 3274 1296 audaciam,
3313 1232 3560 1302 petulan-

1984 1311 2216 1398 tiamque
2255 1321 2594 1384 repressam?
2631 1317 2766 1371 Cum
2807 1317 3278 1392 Constantinoiioli
3317 1338 3559 1381 (ecume-

1986 1397 2106 1451 nica
2127 1413 2152 1449 ν
2179 1399 2422 1470 synodus
2454 1403 2642 1468 coivit,
2673 1403 2904 1476 Vigilius
2927 1423 3066 1478 papa
3093 1409 3290 1465 ibidem
3313 1413 3560 1483 degebat,

1985 1487 2331 1547 Chalcedone
2363 1509 2396 1548 a
2437 1493 2756 1552 Justiniano
2807 1501 3042 1566 excitus,
3090 1516 3236 1557 anno
3280 1504 3406 1570 552,
3453 1522 3565 1576 quo

1957 1579 2277 1656 :aufugerat
2305 1586 2576 1655 superiori
2599 1601 2745 1642 anno
2783 1588 3133 1660 imperatoris
3181 1595 3292 1649 iras
3323 1597 3565 1652 declina-

1991 1681 2172 1740 turus,
2197 1690 2336 1745 quas
2363 1677 2416 1730 in
2449 1693 2508 1732 se
2538 1679 2845 1735 concitarat
2869 1683 3046 1738 tribus
3073 1685 3340 1755 Capitulis
3370 1703 3568 1758 appro-

303 1784 516 1840 interiit
544 1783 816 1855 (TheOph.
872 1783 942 1838 ad
1002 1783 1059 1837 h.
1121 1783 1221 1853 a.),
1251 1761 1322 1839 ad
1349 1782 1478 1851 546,
1525 1761 2146 1841 AntiocheiiaeBbalisv
2209 1783 2332 1838 qua?
2383 1784 2531 1826 ³ηηο
2586 1771 2691 1826 547
2747 1772 3012 1843 ιπῑηοίρὶε
3058 1777 3219 1844 ευηὶο
3279 1779 3568 1851 indulgens

305 1876 573 1932 Ecclesia:
635 1875 926 1944 impositus
995 1873 1342 1944 Ephrmmus,
1398 1875 1560 1945 eique
1622 1877 1886 1933 successit

307 1967 550 2024 Domnus
569 1966 732 2036 ll,qui
752 1984 782 2020 e
797 1967 935 2021 vivis
950 1967 1185 2022 excessit
1205 1982 1346 2022 anno
1365 1967 1488 2024 559.
1505 1968 1704 2040 Ecquis
1721 1971 1888 2040 igitur

301 2061 548 2129 gentium
581 2058 903 2113 Eustathius
948 2059 1074 2124 iste;
1115 2045 1220 2130 qui
1241 2057 1502 2128 Cajetano
1553 2069 1780 2118 auctore
1829 2062 1886 2117 in

301 2153 649 2208 Antiochena
675 2150 938 2206 cathedra
968 2151 1172 2207 sederit
1198 2165 1344 2207 anno
1398 2151 1545 2212 552?
1599 2155 1742 2210 Vidit
1785 2170 1887 2210 no-

223 2271 239 2285 -
301 2245 437 2300 dum
498 2243 820 2314 Cajetanus,
878 2257 1057 2313 neque
1109 2243 1218 2298 alio
1261 2243 1492 2298 extricat
1543 2245 1726 2308 modo,
1779 2244 1886 2300 nisi

301 2337 586 2401 dubitans,
632 2352 704 2390 an
758 2336 900 2390 inter
942 2328 1213 2404 Ephrem,
1261 2343 1310 2390 et
1351 2334 1617 2391 Domuum
1658 2335 1880 2402 admini—

301 2431 502 2484 stravit
519 2445 638 2483 eam
670 2429 846 2482 sedem
875 2425 1186 2482 Eustathius
1213 2430 1239 2484 Ρ
1265 2443 1331 2482 an
1359 2425 1608 2482 Leontius
1633 2431 1886 2484 memoria

300 2522 494 2592 lapsus
518 2523 542 2577 t
570 2521 643 2575 At
660 2520 807 2575 enim
833 2519 878 2575 si
903 2534 1002 2590 pro
1024 2517 1269 2590 Cajetani
1291 2529 1418 2574 voto
1441 2528 1647 2574 starent
1669 2530 1884 2587 caetera,

297 2613 633 2670 dubitationi
649 2614 900 2668 cederem
927 2628 942 2667 :
967 2627 1090 2667 cum
1112 2627 1238 2668 vero
1263 2611 1316 2666 io
1345 2621 1454 2666 tota
1477 2611 1686 2667 Leontii
1719 2613 1888 2668 histo-

300 2705 391 2760 ria
413 2705 548 2760 nihil
572 2705 800 2777 omnioo
821 2705 1062 2776 sit,quod
1075 2704 1322 2774 Cajetani
1339 2703 1651 2774 opinionem
1668 2719 1773 2758 non
1790 2718 1889 2760 su-

305 2796 764 2868 gillet,piaculum
792 2795 863 2850 sit
889 2795 1032 2850 inter
1053 2793 1400 2864 Ephrasmum
1429 2803 1484 2849 et
1505 2795 1771 2849 Domuum
1796 2811 1890 2850 ac-

303 2903 532 2944 censere
544 2885 889 2942 Eustathium
906 2885 1261 2941 Antiochense
1279 2883 1534 2940 Ecclesia:
1557 2885 1886 2954 pontiﬁcem.

387 2979 470 3036 Vl.
506 2978 588 3033 Ad
623 2979 738 3034 haec
763 2977 1024 3033 Leontius
1064 2977 1256 3032 scribit
1283 2991 1300 3031 :
1332 2974 1564 3045 Impiam
1595 2977 1763 3046 igitur
1783 2975 1894 3030 hae-

1985 1857 2479 1932 Constantinopoli,
2517 1879 2626 1933 quo
2676 1867 3294 1934 vocatus,-daninarat.
3351 1871 3457 1928 Sed
3512 1881 3570 1929 et

1986 1951 2227 2008 concilio
2262 1969 2440 2024 neque
2471 1956 2662 2012 adesse
2715 1956 2832 2027 ipse
2883 1958 3074 2027 voluit,
3132 1975 3308 2031 neque
3359 1964 3570 2035 legatos

1987 2041 2250 2096 mittere:
2289 2045 2461 2099 semel
2491 2049 2638 2100 enim
2675 2047 2990 2120 iterumque
3031 2066 3062 2106 a
3123 2053 3318 2122 synodi
3371 2055 3568 2127 legatis

1987 2133 2274 2220 invitatus,
2308 2144 2369 2190 ut
2389 2135 2506 2206 ipse
2529 2152 2654 2193 cum
2678 2139 2952 2211 episcopis
2983 2143 3205 2213 reliquis
3227 2148 3566 2216 conveniret,

1989 2227 2153 2284 modo
2184 2228 2308 2296 hoc,
2359 2233 2525 2287 modo
2577 2233 2712 2289 illud
2731 2246 3028 2306 .causutus,
3061 2241 3256 2296 adduci
3285 2257 3567 2316 nunquam

1987 2319 2191 2386 potuit,
2223 2329 2284 2376 ut
2313 2337 2374 2378 se
2425 2335 2694 2393 praesente
2741 2329 3034 2384 concilium
3097 2331 3406 2389 haberetur.
3465 2335 3571 2392 Ille

1987 2427 2107 2464 vero
2139 2416 2446 2484 (oratorum
2485 2421 2678 2488 synodi
2711 2422 2871 2475 verba
2901 2431 3050 2488 sunt,
3081 2424 3374 2480 coﬁatione
3408 2427 3444 2482 5
3467 2443 3564 2482 es-

1987 2503 2163 2571 posita
2171 2513 2189 2571 )
2222 2507 2494 2575 respondit
2521 2525 2626 2563 non
2655 2527 2808 2580 posse
2835 2527 2942 2564 una
2964 2515 3236 2568 nobiscum
3269 2520 3567 2584 convenire,

1987 2608 2046 2646 eo
2076 2595 2216 2664 quod
2235 2597 2460 2665 plurimi
2486 2601 2572 2654 hic
2595 2603 2808 2671 quidem
2835 2613 2958 2656 sunt
2985 2602 3280 2661 Orientales
3312 2611 3568 2680 episcopi,

1987 2688 2146 2756 pauci
2184 2703 2302 2744 uero
2335 2707 2456 2744 cum
2503 2709 2562 2746 eo
2591 2709 2610 2746 :
2644 2693 2824 2763 facere
2863 2708 3040 2750 autem
3091 2705 3568 2770 per'semetipsum

1990 2783 2328 2848 sententiam,
2366 2793 2416 2838 et
2447 2785 2631 2854 oﬂ'erre
2663 2788 2904 2856 piissimo
2937 2789 3172 2845 domino.
3221 2794 3374 2856 Quod
3410 2795 3571 2862 plane

1991 2885 2328 2932 exsecutus:
2363 2878 2510 2932 misit
2541 2879 2688 2934 enim
2740 2879 3054 2937 Justiniano
3109 2885 3248 2956 Aug.
3301 2884 3569 2952 libellum,

1993 2983 2156 3038 quem
2189 2973 2540 3027 constitutum
2569 2974 2729 3041 dixit,
2768 2976 2820 3030 in
2846 2991 2956 3046 quo
2975 2979 3107 3048 quid
3128 2979 3193 3032 de
3224 2979 3399 3036 tribus
3441 2996 3572 3036 scn-

301 3071 468 3124 resim
495 3067 751 3140 Gregorio
780 3068 952 3137 aperit
1013 3067 1676 3138 (Constantinopolitanus
1710 3068 1890 3122 arclii-
1916 3096 1960 3159 ο
1995 3059 2122 3114 tiret
2175 3062 2444 3133 Capitulis
2491 3067 2724 3134 aperuit,
2774 3084 3009 3137 eumque
3057 3069 3244 3124 Graece
3293 3085 3510 3126 versum
3541 3088 3572 3126 a

299 3159 622 3231 episcopus;
647 3173 764 3228 qua:
785 3169 896 3212 tum
918 3159 1192 3212 exstiterat
1217 3156 1424 3228 Sergio,
1455 3156 1614 3227 Cyro,
1637 3166 1686 3212 et
1717 3155 1888 3214 Paulo

299 3251 768 3324 perniciosissimis
813 3249 1141 3304 auctoribus.
1178 3247 1271 3304 Ita
1324 3250 1520 3304 multas
1578 3251 1760 3304 beatus
1815 3252 1896 3304 vir

297 3343 477 3399 edidit
511 3357 628 3396 eum
667 3341 737 3397 ad
781 3341 1097 3406 docentium,
1143 3349 1252 3394 tum
1303 3342 1374 3396 ad
1405 3341 1734 3399 laudandum
1761 3359 1896 3410 com-

297 3437 511 3504 positas
561 3437 852 3502 orationes,
905 3445 960 3491 ut
1015 3437 1094 3492 vel
1151 3435 1221 3489 ad
1271 3437 1500 3506 piissimi
1560 3437 1896 3508 imperatoris

301 3530 485 3584 nostri
513 3546 668 3583 aures
698 3529 866 3598 ipsius
892 3528 1040 3598 fama
1065 3530 1376 3598 pervaserit.
1411 3527 1546 3584 Inde
1565 3543 1678 3596 post
1702 3533 1894 3584 inultos

309 3622 422 3675 dies
483 3621 679 3674 adsunt
733 3621 963 3690 episcopi
1019 3620 1447 3684 Alexandrinus,
1510 3621 1891 3688 Antiochensis,

305 3714 618 3771 Orientales
647 3731 846 3769 omnes.
881 3712 1152 3768 Romanus
1182 3730 1302 3768 vero
1331 3713 1520 3784 quippe
1539 3717 1688 3785 gravi
1715 3716 1894 3770 morbo

309 3809 556 3862 detentus
592 3807 826 3862 libellum
857 3807 1024 3862 mittit
1074 3809 1291 3877 propria
1335 3823 1500 3861 manu
1541 3811 1896 3880 conscriptum

303 3897 378 3952 de
427 3900 686 3954 sententia
733 3899 1146 3954 orthodoxorum
1202 3900 1504 3954 antistitum
1527 3901 1690 3970 ipsius
1725 3901 1898 3956 locum

311 3990 661 4047 seruantium.
693 3989 820 4046 Non
849 3993 938 4047 hic
961 3993 1109 4046 litem
1135 3991 1410 4046 intendam
1433 3991 1720 4062 Cajetano,
1751 3993 1897 4063 quod

311 4092 507 4154 aperte
531 4083 750 4140 dicatur
779 4085 965 4140 habita
998 4084 1242 4156 synodus
1268 4084 1674 4156 proscribenda:
1708 4083 1900 4139 Mono-

311 4173 634 4228 tbelitarum
666 4175 884 4242 hau-esi,
917 4183 1082 4244 atque
1111 4174 1248 4230 adeo
1299 4174 1452 4244 nigro
1487 4174 1634 4230 theta
1678 4175 1901 4246 signan-

309 4264 402 4320 dis
430 4262 648 4336 Sergio,
677 4265 844 4338 Cyro,
877 4264 1054 4320 Paulo
1085 4265 1354 4322 haeretica:
1391 4265 1646 4320 factionis
1688 4267 1899 4322 antesi-

311 4358 534 4428 gnanis.
561 4358 835 4428 Quidquid
861 4359 968 4414 hoc
985 4369 1092 4426 est,
1125 4357 1270 4429 quod
1293 4367 1441 4414 certe
1466 4373 1741 4428 magnum,
1773 4373 1898 4414 cau-

1999 3151 2363 3211 Constantino
2385 3160 2527 3214 sacri
2562 3163 2746 3230 palatii
2790 3171 3061 3232 quaestore
3091 3165 3290 3218 lectum
3320 3165 3488 3219 voluit
3517 3166 3570 3220 in

1997 3246 2208 3314 synodo
2239 3248 2558 3320 imperator,
2593 3261 2652 3306 ut
2677 3255 2731 3306 in
2765 3253 3057 3310 collation“
3089 3255 3120 3309 7
3151 3256 3406 3310 traditur.
3438 3257 3572 3311 Cum

1996 3331 2165 3403 igitur
2201 3336 2671 3410 Constantinopoli
2723 3352 3036 3398 versaretur
3075 3342 3324 3412 Vigilius,
3361 3349 3574 3402 animu-

1996 3442 2104 3495 qne
2127 3427 2430 3484 instituerit
2453 3470 2468 3495 ,
2510 3431 2716 3486 nullam
2747 3433 2987 3502 injicere
3019 3435 3402 3503 auctoritatem
3441 3451 3578 3492 con-

1998 3517 2147 3584 cilio,
2180 3521 2326 3589 quod
2357 3523 2467 3588 sui,
2501 3523 2607 3578 hoc
2635 3533 2739 3592 est,
2762 3525 3118 3580 ecclesiastici
3151 3535 3378 3581 senatus
3416 3527 3578 3596 prin-

2001 3609 2140 3680 cipis
2156 3615 2444 3682 praesentia
2462 3625 2694 3678 careret,
2717 3632 2822 3670 non
2843 3625 2982 3682 erat,
3008 3633 3106 3672 cur
3125 3616 3274 3672 viros
3294 3619 3576 3688 deligeret,

1999 3701 2092 3770 qui
2141 3716 2268 3758 suas
2317 3714 2500 3774 partes
2555 3706 2858 3777 legatorum
2911 3723 3140 3764 munere
3194 3708 3577 3779 fungerentur,

2001 3797 2144 3849 unde
2197 3795 2496 3866 legitimam
2545 3799 2812 3870 synodum
2863 3799 3179 3856 necessario
3225 3799 3455 3854 diceret.
3509 3799 3577 3856 Et

1997 3887 2218 3958 quidem
2259 3903 2325 3944 es
2380 3889 2515 3961 ipsis
2554 3891 2775 3946 concilii
2825 3892 2978 3948 Actis
3031 3890 3306 3955 elicimus,
3367 3890 3575 3946 nullum

1997 3979 2167 4036 fuisse
2201 3979 2438 4038 Romani
2478 3983 2717 4055 episcopi
2745 3984 3004 4057 legatum,
3038 3983 3194 4054 quod.
3238 3983 3580 4039 ecclesiasti-

1997 4088 2184 4128 carum
2215 4089 2402 4129 rerum
2435 4076 2781 4146 indagatores
2804 4077 3046 4130 latentur
3069 4088 3281 4140 omnes,
3309 4081 3579 4144 docetque

1999 4167 2090 4238 (ne
2122 4167 2243 4224 sine
2267 4171 2441 4224 veteri
2479 4159 2796 4224 testimonio
2828 4185 2920 4224 res
2959 4166 3318 4239 transigatur)
3364 4165 3579 4221 indicu-

1998 4259 2086 4316 lus
2107 4260 2200 4316 ille
2233 4263 2288 4317 in
2319 4262 2469 4332 regia
2498 4261 2834 4316 Parisiorum
2867 4259 3199 4314 bibliotheca
3224 4274 3354 4320 ms.,
3386 4256 3577 4313 lauda-

2003 4361 2199 4424 tusque
2225 4369 2256 4409 a
2283 4354 2348 4410 V.
2395 4344 2480 4410 Cl;
2509 4354 2788 4426 Stephano
2842 4353 3070 4408 Baluzio
3113 4353 3168 4408 in
3205 4351 3471 4422 supplem.
3506 4351 3578 4406 ad

313 4461 546 4518 sanique
584 4449 804 4520 jugulat
846 4447 1116 4518 Cajelani,
1175 4457 1494 4519 suspectum
1549 4449 1638 4506 ille
1686 4449 1890 4515 habet;
1924 4436 1972 4496 υ
1998 4447 2097 4501 lib.
2131 4463 2160 4502 v
2188 4446 2267 4502 De
2289 4464 2438 4502 conc.
2467 4458 2578 4502 sac.
2619 4457 2670 4502 et
2701 4449 2853 4519 imp.,
2887 4463 3010 4518 cap.
3050 4446 3144 4512 21,
3193 4445 3247 4498 in
3281 4443 3439 4513 cujus
3471 4443 3582 4498 line

311 4547 372 4592 et
404 4546 588 4595 tamen
617 4557 729 4596 non
761 4542 919 4596 video
959 4556 1126 4612 quam
1161 4556 1310 4596 vere.
1359 4539 1519 4595 Paria
1572 4549 1762 4596 narrat
1811 4538 1898 4594 Si-

315 4645 475 4685 meou
513 4629 930 4702 Metaplirastes,
969 4649 1132 4704 quem
1163 4642 1346 4688 tamen
1382 4647 1490 4687 non
1535 4633 1749 4688 dubitat
1787 4632 1893 4688 sibi

314 4723 694 4780 concinentem
731 4727 958 4782 laudare
983 4743 1000 4781 :
1031 4726 1182 4796 paria
1212 4725 1337 4781 vitae
1365 4724 1751 4794 Epitomastes.
1781 4724 1888 4780 Sed

1177 4923 1224 4978 i—
1271 4921 1282 4996 Ι
1325 4924 1602 4996 Δάμασος.
1653 4921 1662 4996 Ι
1723 4921 1895 4996 Kelle-

1709 4995 1909 5057 στϊνος.

355 5254 578 5306 τοποτη-
605 5233 617 5306 Ι
641 5236 800 5290 Βτων
824 5235 925 5290 καὶ
947 5233 1240 5296 Βικέντιος.

1746 5298 1858 5364 loc.

379 4931 563 4984 πὰπαι
657 4925 851 4979 Σιλδμ
949 4928 1044 4981 καὶ
1091 4923 1224 4978 Ἰού·
1325 4924 1602 4996 Δάμασος.
1723 4921 1895 4976 Κελε-
2045 4921 2228 4975 Λέων.
2367 4917 2666 4988 Βιγίλλιος.
2775 4921 3048 4991 ’Δγά-θων.
3169 4920 3470 4992 Ἀδριανός.

663 5014 844 5069 στρος.
1017 4997 1150 5060 λιος.
1709 4995 1909 5057 στϊνος.
3455 5002 3459 5006 ·

355 5254 578 5306 τοποτη-
641 5236 800 5290 Βτων
824 5235 925 5290 καὶ
947 5233 1240 5296 Βικέντιος.
1708 5227 1914 5300 Κύριλ-
2029 5229 2249 5281 Πασκα-
2759 5223 3052 5296 Γεὼργιος.
3217 5229 3424 5294 Πέτρος

381 5310 566 5377 ρηταί,
1746 5298 1858 5364 λος.
2049 5297 2219 5358 σίνος.
2804 5297 3015 5350 Θεόδω-
3145 5297 3244 5352 καὶ
3285 5298 3511 5368 Πέτρος.

1361 5381 1368 5387 ‘
2037 5367 2236 5422 Λουκίο
2858 5386 2950 5455 ρος

2061 5455 2198 5502 σιος.
2767 5441 3042 5508 Γεωργιος

2261 5553 2274 5574 ,
2748 5510 2844 5564 καὶ
2873 5510 3059 5564 Ἰωάν-
3181 5554 3206 5584 .

422 5582 430 5588 ’
2850 5599 2972 5650 νης.

1708 5227 1914 5300 Κύριλ-

2001 4538 2238 4594 Romani
2261 4540 2570 4610 pontiﬁces,
2606 4541 2708 4596 sub
2755 4541 2957 4610 quibus
3013 4549 3145 4596 actia
3225 4535 3582 4592 mcuinenican

2002 4631 2218 4703 synodi,
2247 4640 2661 4700 percensentur,
2688 4641 2805 4687 tum
2831 4648 3020 4687 eorum
3047 4628 3291 4692 nomina,
3309 4625 3402 4695 qui
3427 4625 3580 4694 ipso-

1998 4738 2119 4777 rum
2153 4737 2444 4792 personam
2473 4723 2526 4776 in
2559 4725 2628 4779 iis
2659 4723 3040 4780 sustinuerint.
3077 4722 3160 4776 En
3191 4720 3342 4774 illum
3369 4731 3384 4768 :

2045 4921 2228 4975 Λέων.
2305 4917 2317 5006 Ι
2367 4917 2666 4988 Βιγίλλιος.
2717 4917 2728 5006 Ι
2775 4921 3048 4991 ’Δγά-θων.
3092 4917 3103 5006 Ι
3169 4920 3470 5006 ’Δδριανός.

2029 5229 2249 5281 Πασκα-
2303 5210 2315 5296 Ι
2717 5210 2726 5296 Ι
2759 5210 3052 5296 Γεὼργιός.

2049 5297 2219 5358 σίνος.
2301 5297 2316 5358 Ι
2715 5297 2726 5358 Ι
2804 5297 3015 5350 Θεόδω-

2037 5367 2236 5422 Λουκίο
2300 5367 2314 5455 Ι
2715 5367 2725 5455 Ι
2767 5441 2806 5455 ﬁ
2858 5386 2950 5455 ρος

2061 5455 2198 5502 σιος.
2300 5441 2314 5508 Ι
2715 5441 2724 5508 Ι
2767 5441 3042 5508 Γεώργιος

2748 5510 2844 5564 καὶ
2873 5510 3059 5564 Ἰωάν-

2850 5599 2972 5650 νης.

3217 5229 3424 5294 Πέτρος

3145 5297 3244 5352 καὶ
3285 5298 3511 5368 Πέτρος.
