3930 6396
348 329 488 398 1187

1249 333 1349 392 DE
1381 331 1650 392 ᾸΞΤΑΤΕ
1690 330 1749 389 S.
1777 325 2156 390 GREGORII
2196 325 2702 387 AGRIGENTINI

3462 308 3600 375 1138
3647 275 3656 283 ’

417 442 583 514 299
606 441 798 498 Viden'
831 450 888 496 nt
917 441 1020 496 sub
1045 441 1282 498 Damaso
1305 453 1352 498 et
1389 441 1585 512 \‘igilio
1613 438 1930 510 nulliappa-
1957 445 2004 502 Α
2033 447 2185 508 puto,
2212 437 2356 507 quod
2413 451 2604 504 reapse
2654 431 2882 503 Vigilius
2910 441 3047 501 papa
3087 426 3292 500 synodo
3325 425 3605 496 praefuerit

345 540 503 584 reant
539 531 722 600 legati,
757 528 1150 599 quossynodis
1175 525 1794 598 Constantinopolitanis
1825 542 1839 579 ι
1867 533 1923 580 et

349 641 388 680 ll
416 625 665 679 miserint
697 622 816 676 illi?
845 620 1002 676 Nunc
1026 623 1142 677 haec
1174 637 1300 677 cum
1327 621 1646 678 Leontianis
1673 620 1922 676 confera-

348 731 493 770 mus.
533 716 590 769 Si
649 714 846 786 legatis
891 715 1085 786 synodi
1139 715 1421 786 respondit.
1469 713 1698 786 Vigilius
1751 715 1924 784 facere

348 822 440 875 per
470 806 807 875 semetipsum
837 807 1170 870 sententiam,
1192 815 1241 861 et
1273 807 1463 876 o/ferre
1497 809 1734 876 piissimo
1750 806 1926 861 donti-

350 914 440 964 no,
470 905 532 952 ut
566 907 715 952 certe
737 898 955 959 obtulit.
983 898 1075 967 qui
1113 913 1245 968 rogo
1278 898 1392 954 haec
1422 907 1720 954 consonent
1749 895 1926 952 Leon-

351 991 499 1044 tiano
529 987 864 1054 testimonio,
899 1003 1009 1056 quo
1069 989 1316 1058 proditur
1352 988 1571 1043 misisse
1615 985 1925 1040 Romanum

349 1083 665 1150 episcopum
701 1086 900 1149 synodo
943 1078 1176 1132 libellum
1211 1082 1274 1132 de
1301 1079 1557 1132 sententia
1602 1076 1927 1131 orthodoxo-

352 1187 468 1224 rum
492 1171 797 1224 antistitum
849 1170 1019 1240 ipsius
1047 1169 1220 1224 locum
1264 1168 1624 1224 seruantium?
1654 1167 1751 1222 Hic
1777 1167 1932 1222 libel-

351 1264 440 1318 lus
507 1263 743 1326 mittitur
797 1270 924 1316 ante
965 1274 1210 1316 coactam
1250 1262 1549 1333 synodum,
1605 1242 1714 1332 quo
1762 1260 1929 1315 animi

353 1355 436 1410 sui
477 1354 806 1407 sententiam
850 1353 1095 1408 declarat
1127 1353 1406 1422 pontifex,
1466 1353 1578 1408 illic
1618 1351 1933 1423 imperatori

353 1445 612 1500 daturum
637 1460 698 1500 se
737 1445 949 1515 recipit,
979 1444 1257 1514 deditque,
1289 1445 1418 1499 dum
1451 1445 1629 1500 adhuc
1660 1445 1728 1500 de
1758 1445 1934 1500 tribus

353 1535 622 1607 Capitulis
665 1535 721 1590 in
786 1535 1020 1590 concilio
1057 1535 1474 1605 disceptaretur.
1521 1536 1604 1592 Ad
1632 1537 1748 1592 bzec
1776 1537 1934 1608 ecqui

354 1626 431 1680 illi
459 1641 742 1682 sacrorum
801 1626 1098 1691 antistites,
1160 1625 1389 1682 Romani
1439 1627 1713 1698 pontiﬁcis
1754 1639 1938 1700 partes

355 1723 643 1781 obeuntes,
661 1718 708 1774 si
739 1717 874 1772 nulli
901 1733 967 1772 eo
1001 1717 1053 1772 in
1076 1719 1680 1792 concilioipsiuslegati
1705 1721 1933 1793 ?Siqne,

355 1825 481 1865 cum
552 1811 752 1863 indicta
814 1809 1091 1879 synodus,
1142 1807 1608 1881 Constantinopoli
1669 1812 1936 1869 intererat

355 1901 610 1971 Vigilins,
633 1899 724 1968 qui
755 1900 1042 1970 episcopos
1077 1902 1342 1968 mitteret,
1397 1904 1492 1974 qui
1542 1905 1749 1974 synodo
1779 1904 1936 1963 ades-

354 1990 519 2046 sent?
573 1989 1121 2060 Constantinopoline
1165 1990 1699 2065 Constantinopolim
1755 1998 1938 2050 mitte-

355 2091 440 2137 ret
471 2081 800 2155 episcopos?
850 2079 1138 2138 Postremo
1198 2081 1396 2154 ecquid
1434 2083 1599 2151 illud,
1631 2085 1774 2156 quod
1818 2086 1937 2156 epi-

356 2173 507 2244 scopi
535 2189 567 2229 e
623 2172 832 2244 synodo
880 2181 1221 2230 revertentes
1266 2175 1581 2246 pontiﬁcem
1613 2179 1808 2248 ipsum,
1836 2177 1939 2233 sub

356 2279 470 2334 quo
495 2262 680 2317 habita
710 2263 972 2334 synodus,
1006 2263 1192 2320 Roma
1221 2264 1497 2321 docebant
1548 2267 1790 2339 Gregorii
1831 2269 1940 2323 eir-

359 2366 474 2409 tute
515 2370 578 2408 ac
615 2354 874 2423 sapientia
933 2356 1296 2411 haereticorum
1361 2358 1640 2413 audaciam
1695 2359 1942 2432 petulan-

359 2451 592 2520 tiamque
629 2443 923 2518 rept’essam
949 2491 964 2517 ,
1010 2466 1134 2506 cum
1194 2451 1452 2508 Ecclesiis
1485 2455 1598 2510 suis
1633 2453 1942 2512 Occidentis

356 2539 634 2608 episcopis
661 2538 926 2593 restitutis
955 2553 1102 2594 anno
1137 2539 1263 2604 555,
1293 2541 1376 2594 vel
1413 2542 1608 2612 partim
1634 2545 1796 2598 etiam
1815 2543 1941 2606 554,

289 2702 296 2710 ι
359 2631 524 2686 exSttl
551 2633 603 2684 in
629 2629 852 2686 Oriente
881 2632 1049 2684 vitam
1085 2629 1307 2702 degeret
1341 2632 1587 2704 Vigilius,
1619 2650 1794 2705 neque
1835 2635 1946 2690 Ro-

356 2739 509 2778 mam
571 2714 805 2791 amplius
841 2722 1088 2777 inviserit
1117 2739 1131 2776 :
1169 2723 1364 2778 exsilio
1393 2726 1538 2778 enim
1571 2733 1854 2782 revocatus
1876 2727 1946 2780 ab

357 2813 671 2868 Justiniano
698 2813 840 2883 Aug.
902 2811 1130 2868 Romam
1195 2815 1475 2884 profectus
1524 2817 1745 2886 appellit
1779 2817 1832 2871 in
1861 2817 1946 2872 Si-

354 2906 566 2968 ciliam,
591 2905 778 2974 ibique
801 2904 996 2958 calculi
1022 2904 1214 2958 morbo
1264 2906 1450 2960 interit
1488 2920 1632 2962 anno
1660 2905 1722 2962 P.
1759 2908 1818 2962 C.
1845 2909 1948 2962 Ba-

355 2997 471 3052 silii
501 2995 562 3050 V.
591 2995 652 3052 C.
679 3011 814 3062 xvn,
847 2995 951 3050 hoc
1000 3004 1084 3049 est
1103 2996 1308 3050 Clit-isti
1345 2995 1677 3068 Dionysiano
1711 2998 1837 3064 558,
1869 3001 1950 3054 uti

2023 528 2671 600 Constantinopolitanae:
2719 539 2827 580 non
2877 534 3058 580 tamen
3093 519 3444 578 (ecumenicae
3473 517 3602 571 anni

2024 624 2150 691 555,
2179 625 2271 680 sed
2320 637 2440 694 quat
2502 620 2706 677 coaluit
2763 633 2906 673 anno
2945 615 3053 672 548
3097 631 3162 670 ex
3197 612 3268 668 '."0
3301 607 3602 680 episcopis.

2029 714 2200 770 tribus
2230 712 2499 784 Capitulis
2553 709 2962 765 examinandis:
3009 719 3243 776 cumque
3280 702 3335 757 in
3379 715 3442 756 ea
3471 697 3607 754 nihil

2027 803 2192 860 fuerit
2240 804 2620 868 deliberatum,
2648 799 2874 867 factum,
2908 807 2967 853 ut
3005 797 3220 852 celebre
3249 794 3384 850 illud
3417 793 3610 848 ederet

2024 898 2340 953 ludicatum
2367 894 2619 967 Vigilins,
2687 907 2796 964 quo
2845 893 2947 948 tria
2973 888 3297 962 proscripsit
3332 885 3606 958 Capitula.

2027 990 2393 1058 Quamobrem
2423 987 2556 1042 illud
2593 993 2828 1049 maneat,
2881 983 3034 1039 nullo
3064 989 3224 1052 pacto
3279 977 3491 1034 Leomii
3528 984 3612 1031 te-

2029 1081 2346 1138 stimonium
2401 1077 2715 1148 detorqueri
2772 1091 2934 1147 posse
2958 1076 3025 1130 ad
3051 1067 3612 1139 Constantinopolita-

2029 1188 2152 1226 nam
2176 1187 2216 1228 ιι
2241 1170 2503 1243 synodum
2544 1167 2972 1229 'mcume‘nicam,
3037 1177 3212 1234 neque
3247 1161 3312 1217 ad
3352 1157 3613 1230 Vigilium

2029 1261 2290 1318 Romana:
2323 1261 2582 1317 Ecclesia:
2615 1259 2950 1329 episcopum.

2103 1352 2215 1412 VII.
2246 1353 2429 1421 Pergit
2473 1351 2737 1408 Leontius
2789 1367 2802 1404 :
2839 1347 2994 1414 Post,
3032 1346 3124 1402 ubi
3169 1344 3398 1398 Patrum
3428 1340 3612 1396 multi-

2035 1444 2161 1498 tudo
2196 1444 2253 1496 in
2284 1441 2532 1512 templum
2557 1455 2856 1506 conuenere,
2875 1438 3055 1492 sedent
3078 1451 3278 1500 omnes,
3297 1449 3493 1504 magna
3528 1433 3619 1485 in-

2037 1536 2190 1589 terim
2216 1535 2268 1588 in
2288 1550 2499 1605 magna,
2533 1542 2692 1602 atque
2721 1534 2854 1585 adeo
2899 1529 3202 1598 prodigiose
3233 1527 3451 1582 condita
3487 1523 3622 1579 urbe

2035 1641 2162 1696 pace
2189 1624 2406 1696 vigente.
2435 1620 2521 1677 Ibi
2551 1619 2862 1692 Gregorium
2909 1617 3100 1673 Patres
3153 1616 3458 1682 hortantur,
3486 1629 3624 1668 sua-

2037 1717 2276 1788 dentque,
2327 1715 2570 1770 thronum
2626 1713 2860 1768 obtineat
2903 1711 3134 1782 episcopi
3171 1707 3412 1764 Sardicae
3475 1698 3624 1762 Con-

2037 1807 2255 1861 stantiw
2301 1803 2492 1875 Cypri;
2525 1812 2574 1858 et
2639 1804 2753 1870 ipse
2795 1803 3055 1874 siquidem
3104 1803 3416 1872 wgrotabat.
3464 1796 3645 1866 Quod

2037 1899 2336 1970 Gregorius
2384 1911 2677 1969 personam
2731 1895 2786 1950 in
2857 1894 3068 1966 synodo
3126 1889 3451 1949 sustinuerit
3509 1889 3629 1961 epi-

2039 1993 2189 2062 scopi
2227 1989 2468 2045 Sardicaa
2495 1987 2836 2045 Constantia:
2872 1986 3057 2060 Cypri,
3082 2000 3285 2040 novum
3311 1982 3629 2054 suppeditat

2039 2091 2447 2154 argumentum,
2493 2095 2605 2152 quo
2648 2079 2895 2150 Cajetani
2939 2077 3208 2134 sententia
3252 2089 3474 2146 pessum
3511 2081 3626 2129 eat.

2042 2175 2197 2231 Haud
2237 2173 2375 2229 mihi
2419 2173 2701 2244 negaverit
2745 2171 3067 2242 C'ajetanus,
3117 2176 3174 2223 et
3233 2167 3519 2244 Serdicam
3572 2174 3633 2221 et

2021 2245 2419 2321 Constantiam
2647 2261 3033 2332 episcoporum
3059 2258 3217 2314 sedes
3247 2243 3463 2312 fuissef
3483 2252 3630 2308 Sar-

2041 2359 2174 2414 dicaz
2208 2357 2504 2427 episcopus
2543 2355 2753 2410 honore
2795 2351 3159 2422 metropolita:
3197 2347 3529 2418 fungebatur
3571 2345 3625 2401 in

2043 2448 2322 2521 provincia
2356 2446 2536 2502 Dacia:
2566 2444 2984 2507 Mediterranea,
3017 2455 3140 2512 qua
3180 2455 3287 2496 una
3318 2455 3387 2494 ex
3418 2445 3627 2510 septem

2045 2542 2190 2596 unde
2205 2539 2548 2597 coalescebat
2562 2536 2818 2592 exarchia
2834 2535 3112 2598 Achridis,
3129 2533 3242 2588 sive
3251 2530 3282 2588 Ι
3287 2531 3576 2588 ustiniana:
3591 2545 3632 2598 t,

2046 2633 2336 2688 Dardania
2364 2630 2778 2701 metropolis,ab
2809 2628 3124 2684 Iustiniano
3155 2626 3173 2682 1
3201 2627 3455 2683 instituta
3485 2641 3636 2682 anno

2047 2729 2174 2794 555,
2210 2725 2275 2781 ν.
2298 2725 2362 2782 C.
2389 2723 2657 2780 Belisario
2689 2738 2804 2779 cos.
2825 2721 2914 2794 (ν.
2937 2719 3140 2776 Justin.
3172 2735 3300 2774 nov.
3327 2735 3405 2784 xi,
3445 2719 3638 2775 collat.
3690 2772 3701 2781 ,

2045 2821 2100 2887 ‘2,
2137 2821 2220 2876 tit.
2250 2819 2328 2889 6).
2359 2816 2696 2871 Constantia:
2735 2830 2888 2881 vero,
2919 2829 3042 2885 qua!
3094 2812 3260 2884 Cypri
3291 2811 3640 2881 metropolis,

2050 2926 2282 2984 quaeque
2309 2908 2545 2965 subinde
2584 2908 2654 2963 ab
2689 2906 3006 2962 Iustiniano
3051 2903 3098 2961 Il
3122 2904 3452 2960 Justinianat
3480 2917 3642 2959 nova

2053 3016 2212 3061 nacta
2243 3015 2464 3071 nomen,
2497 2999 2740 3072 pontifex
2763 3017 2872 3056 non
2896 2999 3242 3070 metropolita
3278 2999 3444 3054 modo
3473 2997 3644 3070 Cypri

363 3085 556 3142 Victor
577 3087 966 3142 Tunnunensis
1001 3088 1318 3156 episcopus,
1361 3088 1480 3158 ejus
1511 3089 1772 3160 temporis
1813 3093 2016 3170 scri-‘c
2050 3097 2324 3162 audiebat,
2362 3095 2458 3151 scd
2512 3094 2677 3150 etiam
2743 3093 3112 3163 αὐτοκὲφαλος
3163 3091 3644 3160 arcltiepiscOpus,

265 3200 270 3204 ·
356 3185 508 3246 ptor,
540 3176 720 3246 prodit
765 3175 818 3229 in
857 3175 1065 3230 Chron.
1105 3174 1289 3241 Quare
1322 3177 1493 3232 'nauci
1527 3187 1676 3244 sunt,
1710 3193 1831 3248 quae
1879 3178 1944 3233 ad

363 3270 644 3324 laudatum
689 3267 906 3322 Leontii
944 3267 1308 3322 testimonium
1341 3268 1596 3323 observat
1622 3269 1950 3340 Cajetunus:

366 3364 528 3425 Erat,
563 3361 840 3428 inquiens,
877 3359 923 3412 is
983 3355 1206 3429 Vigilius
1227 3367 1380 3430 quem
1433 3359 1820 3432 Metaphrastes
1873 3362 1952 3415 ait

364 3454 571 3508 misisse
601 3453 864 3505 hominem
896 3452 1066 3505 sacris
1113 3452 1304 3506 litteris
1333 3455 1626 3518 eruditum,
1660 3455 1751 3524 qui
1783 3455 1953 3525 ipsius

363 3546 500 3600 uices
533 3542 796 3612 impleret.
862 3540 1024 3594 Errat
1071 3543 1238 3612 igitur
1277 3541 1542 3610 Zonaras,
1576 3546 1665 3614 qui
1703 3543 1950 3615 Vigilium

362 3637 673 3708 pontiﬁcem
754 3633 1054 3688 Romanum
1076 3633 1301 3690 concilio
1357 3637 1725 3706 praesidentem
1789 3637 1954 3707 facit;

357 3743 520 3794 quem
535 3725 790 3794 abfuisse,
814 3735 1008 3793 praeter
1025 3723 1300 3778 Leontium
1322 3735 1371 3779 et
1399 3724 1834 3795 Metaphrastem,
1859 3727 1957 3780 do-

353 3828 484 3874 tcent
514 3818 677 3871 etiam
703 3815 992 3887 Euagrius,
1052 3815 1403 3886 Nicephorus,
1464 3816 1712 3884 Photius,
1759 3815 1954 3873 Cedre-

356 3925 490 3974 mus,
517 3909 635 3963 alii.
682 3907 962 3978 Principio
1018 3907 1420 3978 Melaphrastes
1475 3909 1529 3963 in
1561 3907 1806 3980 Gregorii
1835 3908 1956 3964 Vita

359 4016 440 4056 sne
464 4001 568 4071 γρὺ
604 4002 825 4071 quidem
858 4001 1037 4056 innuit
1067 4001 1136 4057 de
1165 4002 1358 4072 Vigilio
1402 4017 1414 4055 :
1445 4011 1654 4058 tantum
1683 4003 1780 4068 ait,
1809 4003 1956 4058 Con-

361 4113 872 4184 stantinopolitanae
902 4115 1114 4186 synodo
1129 4115 1391 4170 adversus
1421 4113 1646 4186 Cyrum,
1679 4116 1956 4184 Sergium,

361 4205 657 4277 Pyrrhum,
683 4207 914 4261 Paulum
948 4205 1327 4264 Monmhelitas
1361 4209 1618 4280 cogenda:
1646 4211 1872 4266 missum
1923 4226 1955 4266 ι

363 4296 618 4352 Βοιιιειηο
642 4298 898 4367 pontiﬁce
931 4299 1191 4369 legatum,
1215 4300 1308 4370 qui
1356 4301 1526 4370 ipsius
1564 4302 1810 4371 partibus
1835 4301 1958 4356 fun-

363 4399 614 4459 geretur,
643 4389 789 4458 quod
818 4389 883 4442 ad
911 4399 1153 4444 nostram
1185 4406 1407 4445 causam
1433 4391 1710 4459 conducit,
1747 4400 1807 4446 ut
1828 4393 1954 4447 dein

2053 3191 2158 3246 hoc
2191 3196 2275 3244 est
2302 3187 2496 3242 iisdem
2553 3185 2782 3242 aﬁectus
2829 3185 3048 3256 juribus
3079 3193 3244 3255 atque
3274 3182 3601 3255 patriarchae
3628 3199 3644 3247 ;

2053 3281 2187 3337 nulli
2217 3281 2360 3334 enim
2389 3276 2586 3334 throno
2608 3279 2852 3344 suberat,
2869 3279 3099 3348 ejusque
3121 3277 3344 3332 libertas
3365 3275 3648 3331 vindicata

2053 3393 2085 3431 a
2113 3375 2371 3429 Patribus
2391 3373 2718 3445 Ephesinaat
2749 3373 2937 3444 synodi
2957 3370 3311 3427 mcumenicaa
3336 3385 3482 3426 anno
3514 3367 3648 3434 65!,

2055 3468 2320 3522 adversus
2337 3463 2570 3520 Joannis
2595 3463 2929 3518 Antiocheni
2953 3461 3357 3533 archiepiscopi
3387 3471 3648 3522 conatus,

2054 3561 2296 3632 Cyprum
2359 3557 2598 3613 insulam
2634 3555 2981 3628 patriarchiaa
3024 3559 3150 3612 suae”
3171 3555 3480 3624 portionem
3514 3567 3654 3608 con—

2055 3651 2332 3708 tendentis
2351 3647 2440 3720 (γ.
2470 3665 2668 3704 canon.
2690 3649 2768 3720 8),
2793 3657 2910 3702 tum
2930 3655 3161 3718 praetera
3181 3660 3210 3700 a
3229 3643 3450 3701 Zenone
3473 3645 3646 3716 Aug.,

2057 3745 2150 3815 qui
2200 3743 2363 3798 Petro
2414 3741 2692 3812 Cnaphazo
2747 3740 3091 3795 Antiocheno
3145 3738 3390 3810 pontiﬁci
3427 3739 3557 3808 jura
3589 3737 3648 3792 in

2056 3836 2310 3909 Cyprium
2373 3835 2677 3890 Ecclesium
2727 3833 2993 3904 repetenti
3041 3833 3266 3897 restitit,
3311 3823 3651 3886 incolumem

2051 3927 2252 3996 jubens
2291 3925 2630 3983 Constantia;
2659 3926 3024 3996 metropolitaa
3076 3924 3500 3994 αὑτοκεφαλίαν,
3529 3932 3650 3978 tum

2060 4019 2326 4086 maxime,
2383 4017 2530 4088 quod
2569 4033 2635 4073 eo
2687 4018 2828 4086 ipso,
2887 4033 2997 4088 quo
3052 4016 3306 4072 vindicia:
3335 4015 3649 4086 postulatae,

2060 4125 2204 4165 anno
2227 4119 2504 4180 repertum
2535 4109 2592 4162 in
2622 4103 2802 4181 Cypro
2837 4107 3100 4163 Barnabas
3139 4107 3379 4178 apostoli
3420 4120 3650 4175 corpus,

2060 4203 2220 4272 cujus
2276 4211 2499 4272 pectore
2537 4200 2775 4256 Matthazi
2811 4201 3050 4257 cubabat
3079 4199 3438 4270 Evangelium
3471 4199 3650 4268 ipsius

2062 4296 2326 4352 Barnabas
2383 4309 2549 4350 manu
2586 4295 2929 4365 descriptum
2965 4294 3214 4365 (Niceph.
3249 4294 3346 4348 lib.
3379 4307 3493 4355 xvi,
3519 4308 3649 4363 cap.

2062 4389 2192 4458 57);
2245 4403 2356 4459 quo
2387 4388 2694 4457 respiciunt
2735 4401 2859 4442 cum
2907 4385 3018 4442 Leo
3053 4385 3195 4457 Aug.
3223 4385 3278 4441 in
3328 4401 3428 4442 sua
3473 4386 3654 4468 diaty—

370 4480 886 4544 demonstrabimus,
921 4479 1238 4550 Cajetanam
1291 4482 1530 4538 funditus
1568 4485 1788 4541 evertit.
1809 4488 1956 4540 Rura
1986 4501 2032 4558 ο
2057 4481 2198 4552 posi,
2231 4488 2344 4534 tum
2378 4477 2534 4534 Nilus
2563 4478 2926 4548 Doxopatrius
2957 4479 3010 4532 in
3043 4477 3178 4533 Taxi
3213 4477 3539 4533 thronorum
3571 4477 3650 4547 (in

367 4585 464 4625 sus
519 4569 802 4635 Evagrius,
840 4570 1197 4640 Nicephorus,
1237 4573 1486 4640 Photius,
1522 4574 1824 4642 Cedrenus,
1859 4577 1952 4632 alii

366 4677 500 4718 uera
533 4663 756 4733 quidem
782 4663 1093 4734 perhibent,
1125 4679 1248 4720 cum
1293 4667 1542 4722 scribunt
1563 4667 1957 4732 Constantino-

365 4756 629 4826 politanae
668 4769 707 4810 It
737 4755 946 4826 synodo
991 4757 1342 4814 mcumenicaa
1386 4757 1693 4816 Romanum
1739 4762 1956 4833 pontiﬁ-

291 4845 296 4848 ’
365 4859 489 4898 cem
519 4844 662 4898 haud
701 4843 1014 4902 interfuisse
1037 4863 1054 4909 ;
1077 4848 1174 4902 sed
1209 4848 1392 4904 isthuc
1413 4847 1639 4915 factum,
1673 4867 1780 4907 non
1813 4852 1956 4922 quod

362 4931 848 5002 Constantinopoli
897 4935 1114 4990 abesset
1165 4933 1416 5006 Vigilius,
1449 4939 1543 4994 sed
1576 4942 1720 5009 quod
1758 4957 1956 4996 munus

259 5020 267 5030 ’
367 5024 504 5079 illud
527 5025 1050 5095 detrectarit,idque
1077 5027 1180 5097 ipsi
1217 5028 1538 5097 planissime
1575 5029 1833 5088 fatentur.
1859 5031 1958 5086 At-

369 5116 466 5187 qui
502 5116 752 5172 Romano
777 5117 1040 5188 pontiﬁci,
1083 5121 1184 5174 sub
1210 5135 1319 5190 quo
1350 5129 1575 5190 peracta
1607 5123 1869 5195 synodus,
1900 5123 1956 5179 in

367 5224 478 5280 qua
500 5218 692 5264 contra
749 5211 1042 5267 lnereticos
1075 5211 1374 5282 disputavit
1411 5213 1724 5286 Gregorius,
1755 5215 1957 5286 quippe

370 5295 524 5371 gravi
549 5301 742 5356 morbo
814 5300 1003 5358 Romae
1035 5305 1282 5371 detento,
1336 5307 1608 5377 integrum
1662 5309 1805 5364 haud
1839 5308 1960 5364 'fuit

369 5394 684 5458 convenire,
711 5395 957 5451 idcirco:
1007 5394 1266 5450 Libellum
1327 5398 1470 5451 misit
1521 5399 1738 5468 propria
1794 5416 1956 5454 manu

371 5486 734 5548 conscriptum
781 5487 847 5542 de
883 5490 1144 5544 sententia
1199 5490 1618 5544 orthodoxorum
1653 5493 1958 5546 antistitum

369 5578 541 5646 ipsius
596 5577 768 5632 locum
824 5582 1170 5637 servantium.
1227 5582 1496 5638 Zonaram
1553 5585 1698 5654 quod
1736 5585 1954 5652 attinet,

373 5671 466 5738 qui
493 5667 746 5738 Vigilium
766 5671 982 5726 concilii
1017 5673 1300 5742 praesidem
1333 5675 1462 5730 dicit
1484 5674 1560 5747 (in
1595 5675 1736 5730 idem
1761 5693 1954 5732 saxum

371 5761 595 5829 impegit
624 5759 821 5832 Clycas
855 5773 1038 5819 noster
1066 5765 1260 5820 Annal.
1292 5777 1434 5837 part.
1464 5771 1560 5837 tv),
1586 5767 1780 5823 falsum
1805 5785 1867 5826 ex
1888 5787 1954 5826 eo

2057 4589 2166 4641 qua
2191 4583 2374 4628 tamen
2431 4587 2719 4642 perperam
2782 4571 2985 4642 legitur
3041 4568 3217 4626 Marci
3266 4586 3368 4641 pro
3401 4570 3653 4625 Mattha'i

2059 4665 2444 4736 Evangelium)
2472 4706 2488 4731 ,
2525 4666 2618 4735 qui
2657 4674 2778 4720 eam
2825 4664 2896 4720 ob
2934 4678 3154 4718 causam
3193 4663 3378 4718 datam
3409 4663 3653 4734 produnt

2057 4757 2462 4826 αὐτοκεφαλίαν
2532 4755 2734 4828 Cyprio
2812 4755 3212 4826 metropolitaa,
3278 4771 3403 4826 quae
3462 4764 3646 4810 tamen

2059 4865 2250 4921 reapse
2279 4865 2414 4904 sane
2449 4861 2616 4920 quam
2672 4839 2974 4917 antiquior.
3014 4845 3135 4902 lam
3173 4848 3342 4918 igitur
3396 4848 3442 4902 si
3505 4865 3648 4903 unus

2060 4941 2318 5012 idemque
2345 4941 2640 5012 episcopus
2659 4938 2925 5008 Sardicre,
2951 4939 3044 5009 qui
3074 4950 3128 4995 et
3167 4939 3530 5005 Constantius,
3557 4957 3650 5012 ap-

2060 5043 2235 5104 paret,
2260 5031 2854 5102 Constantinopolitani
2887 5032 3104 5088 concilii
3133 5033 3466 5087 (ecumenici
3507 5045 3648 5088 tem-

2059 5141 2190 5197 pore
2231 5126 2286 5180 in
2319 5124 2704 5180 Sardicensem
2729 5123 3028 5180 Ecclesiam
3053 5123 3495 5181 Constantiensis
3522 5125 3650 5196 jura

2058 5217 2301 5275 derivata
2327 5237 2342 5273 :
2367 5217 2578 5286 quoties
2594 5216 2740 5270 enim
2773 5215 3038 5284 Ecclesia,
3069 5231 3191 5288 quae
3216 5217 3488 5288 singulari
3514 5232 3653 5289 pra:—

2061 5311 2242 5365 stahat
2260 5308 2550 5378 dignitate,
2576 5324 2602 5358 a
2633 5304 2894 5361 Barbarie
2915 5317 3303 5376 occuparetur,
3321 5306 3652 5384 Christianis

2059 5401 2290 5466 exactis,
2323 5400 2407 5454 vel
2473 5398 2650 5454 sacris
2741 5398 3087 5471 caeremoniis
3141 5399 3369 5454 om'nino
3440 5401 3650 5465 vetitis,

2061 5495 2210 5548 illius
2235 5494 2380 5563 jura,
2414 5506 2482 5547 ne
2513 5493 2674 5562 plane
2713 5491 3121 5560 interciderent,
3167 5491 3222 5548 in
3256 5493 3420 5548 aliam
3463 5502 3649 5550 trans-

2060 5587 2436 5642 cribebantur.
2467 5585 2658 5653 Itaque
2693 5583 2746 5639 in
2783 5582 2920 5638 Tati
2969 5586 3294 5640 tln'onorum
3328 5587 3648 5656 metropoli-

2061 5689 2341 5743 tanorum,
2376 5694 2542 5748 quam
2577 5677 2642 5732 ad
2671 5693 2775 5732 ms.
2817 5676 3024 5732 codicis
3067 5674 3310 5732 Vaticani
3340 5679 3504 5734 ﬁdem
3537 5681 3647 5734 edi-

2062 5772 2140 5826 dit
2173 5769 2233 5824 ν.
2271 5770 2353 5826 Cl.
2391 5768 2712 5824 Emmanuel
2748 5767 3106 5836 Scltelstratc,
3145 5781 3182 5826 ι.
3223 5769 3262 5826 ll
3291 5773 3473 5841 Antiq.
3498 5772 3640 5825 [ἐτι-Ι.
