3930 6368
345 289 481 356 1189

1711 303 1927 365 DISSE
1937 308 2128 369 RTAT
2138 309 2232 370 [Ο.

3465 322 3603 389 119’.)

323 387 552 495 illum.
584 417 706 474 pag.
757 403 884 470 784,
935 406 1086 475 legas
1136 407 1602 482 Philadelphiensi
1662 417 1920 487 episcopo
1953 425 1995 480 Α
2025 419 2261 488 liquum,
2317 431 2378 477 ut
2439 422 2587 479 omni
2628 424 2788 495 plane
2839 429 3247 487 asseveratione
3278 387 3605 491 aliirmcmus

335 491 685 550 Sardicensis
712 495 926 566 Lydiae,
969 497 1314 555 Heracleensi
1355 501 1511 558 Ponti
1541 505 1916 578 Claudiopoli-

333 587 448 640 tani
479 586 824 653 Honoriadis,
855 588 1144 647 Attaliensi
1186 591 1479 665 Pergensis
1512 597 1844 672 Pamphylia:
1873 603 1920 659 ll

333 678 804 759 metropo‘litat‘utn
851 680 978 748 jura
1033 683 1469 756 dignitatemque’
1513 700 1788 758 arrognta.
1820 693 1916 762 qui

332 764 754 833 priusipsorutu
786 766 1003 824 fuerant
1045 772 1426 844 ἐπαρχιῶταιο
1477 775 1715 846 itemque
1745 779 1916 837 Thes-

331 856 667 918 salonicensi
705 859 948 914 exarcho
980 862 1254 934 Ani-yrani
1299 864 1526 922 Galatiae
1555 873 1916 941 metropoliue

329 945 454 1016 jura
471 949 754 1004 attributa.
782 950 933 1006 Nunc
950 955 1090 1008 scire
1103 957 1362 1024 pervelim
1382 975 1412 1028 a
1428 957 1710 1030 Cajetano,
1729 966 1918 1034 ecquis

333 1053 576 1108 unquam
603 1041 1273 1110 tradideritJustinianul
1320 1049 1624 1119 imperante
1673 1055 1915 1126 Cyprum

332 1130 572 1186 insulam
605 1131 877 1192 Barbaros
929 1137 1242 1209 incessisse,
1305 1142 1515 1200 abactis
1569 1145 1695 1202 inde
1754 1146 1945 1204 ειπερ

333 1221 559 1288 stianis,
611 1224 682 1280 ita
727 1235 786 1282 ut
831 1226 1167 1285 Constantina
1195 1231 1318 1302 jura
1351 1237 1620 1293 cesserint
1651 1237 1708 1293 in
1741 1240 1918 1296 Daciae

329 1315 744 1372 Mediterraneae
763 1321 1168 1390 metropolitam
1191 1325 1215 1377 ?
1242 1323 1300 1380 Si
1322 1325 1583 1384 historias
1601 1331 1919 1390 evolvamus

327 1417 546 1467 omnes,
583 1420 864 1476 nunquam
893 1408 1008 1476 ﬁet,
1043 1421 1100 1466 ut
1139 1413 1297 1468 nobis
1328 1415 1460 1470 illud
1481 1432 1759 1484 occurrat.
1785 1427 1915 1494 quin

327 1509 590 1567 expresse
633 1500 896 1571 scriptum
947 1517 978 1558 a
1032 1503 1392 1564 Constantino
1419 1509 1560 1583 Aug.
1601 1513 1916 1587 Porpliyro-

329 1597 563 1678 genneta
592 1589 686 1644 lib.
723 1607 739 1646 ι
771 1592 952 1650 Them.
990 1597 1084 1651 ubi
1127 1599 1194 1654 de
1228 1600 1404 1672 Cypro
1425 1608 1450 1654 ':
1480 1603 1587 1657 Τοῦ
1615 1606 1811 1678 χρόνον
1856 1607 1914 1662 δὲ

328 1677 805 1750 παραδραμόντος,
842 1684 940 1738 καὶ
981 1687 1090 1740 τῶν
1135 1689 1466 1760 Ῥωμαϊκῶν
1511 1677 1918 1754 ὃπλώνκακωέ

2021 511 2338 582 cencilium,
2366 516 2418 570 in
2463 532 2572 586 quo
2603 533 2844 587 praesens
2869 521 3043 576 adfuit
3074 523 3372 596 Gregorius
3393 567 3409 593 ,
3459 530 3603 584 nulla

2029 605 2246 661 ratione
2277 605 2943 679 Coustantinopolitanum
2983 615 3116 668 illud
3167 617 3605 690 intelligendum,

2017 697 2163 765 quod
2193 707 2373 753 actum
2433 715 2498 754 ex
2543 699 2843 757 Justiniani
2876 703 3293 764 laucmritate?
3341 711 3512 781 quid?
3540 729 3604 770 ea

2019 789 2074 844 in
2107 795 2318 860 synodo
2345 792 2507 848 nullae
2543 793 2760 876 dividiae
2783 795 2852 850 de
2877 797 3159 868 religionis
3188 803 3433 872 negotio,
3469 806 3605 860 nulli

2017 878 2280 946 haeretici,
2309 897 2548 953 quorum
2586 885 2824 956 impetus
2869 888 3066 944 nefarii
3112 895 3604 954 contnnderentur.

2019 968 2222 1026 Delbze
2272 983 2479 1029 tantum
2522 975 2756 1040 EtleSSiB.
2818 977 3091 1037 Theodori
3142 983 3513 1055 MopsueStim,
3547 998 3605 1044 et

2018 1058 2346 1118 Theodoreti
2380 1063 2507 1135 Cyri
2555 1067 2942 1138 episcoporum
2983 1073 3308 1129 orthodoxia
3353 1078 3606 1148 disputa-

2019 1162 2168 1207 tum:
2207 1157 2272 1207 ad
2316 1155 2430 1210 haec
2459 1156 2528 1210 de
2561 1157 2816 1226 Origene,
2845 1157 3096 1232 Didymo,
3130 1163 3365 1236 Evagrio
3396 1177 3602 1238 actum,

2018 1245 2109 1315 qui
2141 1261 2250 1300 uno
2289 1249 2534 1304 omnium
2561 1247 2788 1305 Patrum
2819 1252 3052 1308 conﬂatu
3114 1256 3376 1313 damnati.
3421 1260 3604 1316 Unum

2017 1352 2128 1407 prae
2180 1339 2440 1395 omnibus
2489 1349 2680 1398 testem
2733 1347 3020 1402 audiamus
3074 1345 3390 1418 Gregorium
3433 1351 3496 1408 P.
3526 1352 3602 1409 Μ.

2017 1439 2385 1498 cognomento
2415 1429 2669 1501 Magnum
2706 1433 2995 1502 (praetereo
3021 1435 3192 1506 ipsius
3227 1441 3424 1509 synodi
3459 1453 3604 1508 acta,
3638 1504 3642 1509 η

2016 1521 2161 1575 unde
2193 1529 2250 1575 et
2287 1521 2416 1574 illud
2455 1523 2682 1594 liqueat)
2720 1524 2835 1580 haec
2865 1525 3023 1596 301
3066 1527 3135 1582 ad
3182 1527 3604 1588 Constantinum

2015 1607 2476 1666 Mediolanensetn
2496 1615 2816 1684 episcopum
2843 1616 3176 1672 scribentem
3210 1619 3308 1676 lib.
3327 1635 3414 1686 tu,
3439 1623 3604 1692 epist.

2015 1701 2118 1758 57:
2151 1701 2305 1768 Quod
2344 1715 2524 1758 autent
2560 1707 2874 1776 scripsistis,
2935 1708 3075 1778 quod
3118 1711 3400 1778 epistolam
3428 1731 3607 1768 .meam

327 1769 534 1824 θέντων
571 1771 630 1840 ἐξ
675 1773 958 1845 ἀμελείας,
986 1779 1301 1852 ἐκράτησαν
1333 1785 1507 1858 αὐτῆς
1540 1790 1593 1842 oi
1622 1789 1912 1862 Σαῤῥακη-

2018 1796 2212 1866 regina:
2269 1795 2643 1852 Theodolindte
2699 1799 3056 1855 transmittere
3111 1803 3328 1869 minime
3365 1805 3604 1860 uoluistis

327 1861 437 1927 vol,
489 1863 605 1957 tino
665 1865 766 1939 τῆς
812 1868 1094 1939 βασιλείας
1153 1874 1500 1946 Ἡρακλείου,
1552 1883 1647 1936 καὶ
1700 1884 1914 1957 πρῶτος

326 1955 387 2006 ὲν
441 1953 580 2028 αὐτῇ
631 1958 880 2030 περάσας
925 1961 1331 2037 Ἀϐουσάχαρος
1384 1963 1470 2040 (οὗ
1527 1973 1621 2026 καὶ
1663 1953 1764 2044 τῆξ
1819 1978 1915 2030 θυ-

323 2046 534 2136 γζατρὸς
562 2049 620 2100 ὲν
649 2050 786 2122 αὐτῇ
819 2052 988 2122 τάφος
1019 2055 1313 2130 φαίνεται),
1336 2062 1544 2134 ταύτης
1585 2066 1912 2136 ἐκράτησεν.

327 2135 603 2206 Temporis
625 2157 907 2212 progressu
937 2143 1300 2202 Romanorum
1355 2155 1519 2207 armis
1547 2171 1610 2208 ea
1646 2135 1912 2228 negligen—

323 2228 427 2293 tia,
451 2230 676 2298 attritis,
699 2247 1020 2304 occuparunt
1046 2253 1162 2292 eam
1178 2238 1459 2312 (Cyprum)
1479 2243 1786 2312 Sarraceni,
1811 2245 1916 2302 He-

323 2317 496 2370 raclio
545 2329 814 2388 regnante.
877 2320 1154 2378 Enimvero
1225 2329 1429 2398 primus
1487 2347 1604 2384 eam
1650 2333 1912 2390 incessens

321 2408 711 2466 Abubacharus
771 2411 964 2482 (cujus
988 2426 1036 2469 et
1071 2417 1201 2484 ﬁlia:
1244 2417 1319 2472 ibi
1346 2421 1646 2491 sepulcrum
1679 2425 1913 2481 ostendi-

324 2499 464 2572 tur),
483 2519 579 2556 suo
597 2504 839 2561 submisit
864 2507 1105 2577 imperio.
1121 2511 1714 2583 Abubachar,Arabum
1733 2519 1918 2574 Amer-

325 2611 604 2650 mummes
652 2596 719 2665 ll,
781 2599 1070 2670 imperium
1119 2603 1400 2675 ingressus
1428 2589 1603 2664 anno
1632 2609 1726 2664 551
1753 2619 1759 2624 ‘
1787 2609 1916 2680 (He-

324 2687 486 2744 raclii
529 2689 637 2762 2|)
707 2706 816 2760 quo
877 2691 1252 2764 Multamntatli
1314 2697 1590 2767 impuram
1675 2701 1912 2758 animam

321 2781 573 2838 evomuit
601 2781 669 2836 16
722 2781 909 2850 Junii;
941 2787 1290 2859 obtinuitque
1347 2805 1520 2846 annos
1549 2791 1584 2845 2
1629 2807 1848 2849 menses
1881 2794 1914 2848 6

327 2871 607 2944 (Theoph.
645 2875 700 2931 in
763 2877 1113 2950 Chronogr.).
1145 2878 1264 2935 Non
1327 2881 1494 2953 igitur
1539 2894 1668 2939 ante
1707 2901 1910 2941 annum

323 2962 428 3020 821
466 2967 581 3042 ulla.
625 2967 679 3022 in
733 2966 972 3042 Cyprum
1020 2971 1163 3026 laeta
1199 2971 1567 3030 Bnrbarorutn
1601 2976 1911 3048 impressio,

325 3057 471 3113 unde
499 3057 948 3118 Christianorum
987 3066 1286 3121 everterint
1336 3066 1660 3125 Ecclesiam.

399 3169 536 3226 VIII.
563 3170 672 3228 Sed
704 3171 883 3228 adhuc
910 3183 1160 3244 superest
1187 3175 1330 3246 quod
1353 3178 1589 3244 evincat,
1621 3181 1909 3252 synodum,

325 3279 438 3334 qua
464 3267 534 3320 de
579 3265 768 3321 scribit
822 3265 1114 3332 Leontius,
1163 3269 1315 3325 nullo
1372 3272 1534 3326 modo
1579 3273 1909 3340 habendam,

325 3372 452 3428 quae
514 3368 842 3429 congregata
889 3357 1188 3416 Justiniani
1249 3362 1270 3417 l
1341 3379 1531 3432 regio.
1594 3363 1688 3420 Sic
1747 3365 1914 3437 igitur

323 3449 593 3504 Leontius
625 3469 638 3504 :
670 3449 760 3504 Ita
784 3452 839 3504 in
867 3467 1008 3517 eam,
1035 3468 1152 3522 qua:
1182 3453 1276 3507 diu
1299 3465 1486 3510 exorta
1515 3456 1714 3526 fuerat,
1747 3458 1914 3512 haere-

317 3541 427 3596 sim
477 3541 878 3612 fraudulentam
931 3553 1100 3614 coepta
1152 3546 1470 3616 disputatio,
1526 3549 1801 3620 multaque
1843 3548 1910 3604 ab

319 3634 638 3689 orthodoxis
692 3651 750 3690 eo
803 3637 890 3690 die
942 3637 993 3691 in
1037 3639 1310 3693 htereticos
1357 3645 1603 3709 probata.
1648 3643 1910 3696 Caeterum

321 3725 638 3798 Gregorius,
698 3729 854 3800 quasi
881 3721 1117 3784 omnium
1165 3731 1458 3786 uilissimus
1505 3733 1638 3786 nihil
1698 3733 1768 3787 ad
1801 3734 1912 3790 haec

321 3818 694 3888 respondebat.
733 3818 868 3874 Inde
895 3820 1160 3875 Catholici
1213 3838 1333 3876 cum
1363 3823 1642 3888 sedissem,
1675 3824 1912 3880 ha'retici

319 3920 515 3968 contra
566 3901 775 3977 (aderat
824 3921 1002 3968 autem
1053 3915 1234 3985 ingens
1275 3915 1581 3986 multitudo)
1617 3919 1906 3986 superbire,

317 4005 534 4058 animos
561 4001 825 4068 attollere,
849 4014 899 4058 et
926 4005 1080 4074 quasi
1121 4005 1222 4060 alis
1254 4007 1487 4062 subvehi.
1524 4006 1611 4061 Ibi
1649 4018 1757 4061 tum
1787 4025 1913 4064 san-

319 4095 397 4150 cti
455 4095 691 4163 Spiritus
717 4097 896 4164 gratia
933 4095 1244 4151 illustrante
1268 4095 1552 4167 Gregorius
1580 4100 1733 4169 erepit
1760 4101 1910 4170 quie-

323 4187 432 4240 tius
463 4202 616 4255 agere
641 4197 830 4240 contra
861 4188 1147 4242 malesana!
1167 4190 1356 4243 mentis
1383 4190 1674 4258 episcopos,
1692 4191 1914 4260 dogma-

323 4279 430 4332 tica
459 4279 691 4346 primum
741 4294 868 4332 usus
910 4280 1150 4334 oratione
1173 4281 1237 4333 de
1267 4289 1476 4345 sancta,
1498 4283 1826 4351 incorrupta,
1858 4289 1911 4336 et

323 4371 674 4440 inseparabili
705 4370 990 4438 Trinitate,
1021 4375 1218 4440 partim
1259 4373 1326 4427 iis
1353 4375 1422 4428 ad
1460 4375 1672 4444 singula
1696 4389 1906 4444 respon-

2015 1901 2111 1956 pro
2144 1903 2203 1940 eo
2229 1887 2368 1958 quod
2398 1889 2580 1958 quinta
2635 1890 2867 1960 synodus
2892 1891 2950 1945 in
2997 1907 3058 1946 ea
3121 1895 3521 1962 nominabatur,
3557 1899 3605 1952 si

2015 1995 2131 2032 eam
2183 1980 2372 2034 exinde
2409 1981 2770 2036 scandalizari
2812 1999 2963 2053 posse
2994 1983 3318 2050 credidistis,
3351 1996 3488 2042 recte
3513 1989 3603 2058 fa-

2015 2081 2156 2125 ctum
2196 2082 2296 2138 est,
2329 2081 2386 2126 ut
2418 2075 2632 2128 minime
2666 2076 3120 2131 transmitteretis.
3145 2075 3294 2132 Unde
3321 2096 3460 2132 nunc
3488 2081 3598 2136 ista

2015 2161 2267 2232 facimus,
2315 2175 2370 2218 ut
2424 2163 2570 2219 vobis
2599 2165 2822 2234 placuit,
2867 2175 2924 2220 ut
2955 2177 3187 2238 quatuor
3213 2171 3438 2241 synodos
3475 2178 3600 2226 tan-

2016 2257 2284 2308 tummodo
2334 2255 2676 2309 lnudaremus
2707 2257 2824 2311 :‘de
2870 2257 2968 2312 illa
3009 2267 3186 2312 autem
3231 2263 3454 2332 synodo,
3485 2281 3604 2335 quas

2013 2347 2344 2416 postmodum
2401 2348 2865 2419 Constantinopoli
2909 2350 3055 2418 facta
3082 2362 3181 2415 est.
3205 2370 3322 2424 quae
3353 2370 3384 2408 a
3417 2357 3600 2438 multis

2013 2438 2200 2508 quinta
2251 2440 2576 2504 nominatur,
2609 2441 2744 2495 scire
2797 2455 2883 2494 eos
2928 2441 3064 2507 volo,
3097 2447 3221 2514 quia
3252 2447 3389 2500 nihil
3415 2458 3600 2502 contra

2013 2531 2378 2586 sanctissimas
2410 2536 2637 2604 synodos
2664 2535 3018 2600 constituerit,
3059 2537 3138 2590 vel
3178 2540 3417 2604 senserit,
3449 2543 3602 2612 quip-

2011 2635 2078 2688 pe
2095 2621 2219 2690 quia
2250 2622 2304 2674 in
2327 2638 2391 2676 ea
2436 2623 2498 2676 de
2555 2625 2792 2692 personis
2839 2627 3225 2692 tantummodo,
3268 2645 3373 2682 non
3423 2639 3602 2684 autem

2013 2711 2075 2764 de
2113 2712 2218 2780 ﬁde
2261 2712 2464 2783 aliquid
2507 2710 2717 2784 jussum
2745 2727 2858 2783 est;
2905 2728 2955 2772 et
2989 2720 3054 2772 de
3104 2721 3184 2774 his
3238 2725 3500 2789 personis,
3533 2727 3600 2779 de

2013 2805 2200 2874 quibus
2235 2806 2288 2858 in
2304 2805 2716 2866 Chalcedonensi
2738 2811 2940 2880 synodo
2981 2813 3114 2867 nihil
3145 2817 3479 2882 continetur;
3509 2820 3602 2871 sed

2012 2907 2126 2966 post
2154 2912 2427 2965 expressas
2459 2897 2715 2968 synodos,
2747 2917 2838 2954 seu
2857 2900 3096 2958 Canones
3137 2891 3283 2974 facta
3315 2909 3599 2970 contentio,

2012 2997 2062 3042 et
2087 2997 2324 3042 extrema
2354 2991 2496 3044 actio
2521 2990 2584 3044 de
2605 2993 2848 3061 personis
2880 2994 3134 3048 ventilata
3159 3005 3257 3050 est.
3291 2995 3347 3050 Si
3389 3007 3601 3052 tantum

2015 3080 2182 3151 igitur
2210 3081 2264 3134 in
2307 3097 2338 3136 ν
2385 3085 2596 3152 synodo
2636 3087 2978 3140 oecumenica
3014 3099 3220 3154 actum,
3256 3098 3438 3144 tttrutn
3473 3107 3604 3160 proe

2017 3173 2294 3229 srribendi
2341 3190 2512 3229 necne
2543 3173 2722 3231 forent
2747 3176 2866 3232 lbas
2893 3179 3136 3250 epistolae
3159 3183 3224 3237 ad
3253 3183 3446 3240 Marim
3471 3189 3605 3244 Per-

2013 3280 2130 3320 sam
2159 3279 2368 3328 auctor,
2387 3275 2506 3321 tum
2539 3265 2885 3335 Theodorus,
2909 3271 3070 3340 cujus
3098 3275 3389 3330 exstabant
3409 3277 3602 3348 dispu-

2013 3356 2252 3422 tationes
2329 3354 2596 3410 adversus
2665 3355 2996 3411 Eunomium
3076 3367 3132 3414 et
3187 3361 3598 3432 Apollinarem,

2009 3443 2450 3500 Nestorianismo
2500 3444 2830 3510 laborantes,
2883 3460 3160 3516 postremo
3197 3449 3596 3522 Theodoretus,

2010 3538 2104 3605 qui
2129 3535 2199 3590 12
2257 3537 2528 3606 capitibus
2591 3536 2878 3607 Ephesium
2910 3528 3042 3593 ﬁdei.
3077 3555 3105 3594 a
3129 3541 3332 3611 Cyrillo
3359 3543 3598 3599 Alexan-

2011 3628 2174 3684 drino
2195 3629 2456 3698 episeopo
2489 3629 2820 3698 conscriptis
2853 3629 3110 3700 stigmata
3152 3632 3376 3698 inussit,
3401 3635 3444 3689 si
3464 3633 3596 3690 Ori-

2010 3736 2194 3790 genes,
2249 3722 2532 3792 Didymus,
2596 3721 2882 3792 Evagrius,
2947 3725 3304 3781 dissentiente
3356 3731 3594 3792 nemine.

2013 3813 2492 3869 anathematismis
2517 3814 2778 3884 perculsi,
2805 3831 3066 3884 quorsum
3091 3817 3248 3886 illud,
3268 3817 3594 3891 Gregorium

2011 3916 2334 3977 spumantes
2361 3907 2646 3961 audaciam
2708 3908 2996 3966 hmreticos
3043 3913 3464 3980 compressisse,
3499 3911 3598 3969 iis-

2010 4013 2118 4068 que
2132 3998 2352 4052 tandem
2376 3981 2639 4068 pudorem
2657 4000 3004 4070 imposuisse,
3025 4001 3070 4056 si
3089 4003 3310 4072 quidem
3335 4005 3546 4075 synodo
3566 4023 3596 4060 v

2009 4091 2362 4148 mCumeniea:
2413 4089 2769 4151 interfuerit?
2807 4094 2957 4148 nulla
3013 4094 3126 4150 illic
3169 4111 3295 4154 eum
3323 4096 3598 4152 haereticis

2009 4191 2160 4249 gesta
2200 4198 2308 4248 res,
2340 4185 2432 4240 sed
2465 4185 2534 4242 de
2561 4185 2833 4240 haereticis
2888 4183 3144 4254 Origene,
3176 4185 3425 4256 Didyme,
3458 4185 3600 4241 Eva-

2010 4273 2152 4342 grio,
2181 4275 2275 4329 sed
2307 4276 2373 4330 de
2415 4279 2586 4333 tribus
2615 4277 2911 4348 episcopis,
2948 4291 3184 4346 quorum
3216 4285 3275 4331 ut
3297 4278 3465 4346 impia
3495 4278 3602 4332 do-

2009 4365 2233 4433 ctrina,
2291 4367 2364 4420 ita
2415 4369 2676 4422 memoria
2734 4368 3026 4432 incertum,
3072 4367 3474 4432 damnandane,
3527 4383 3598 4423 an

323 4463 517 4528 dendo,
550 4463 748 4530 partim
811 4461 1131 4531 postulando
1181 4474 1237 4517 ut
1263 4479 1348 4528 ea,
1373 4481 1488 4535 qua:
1533 4465 1786 4528 dicerent,
1817 4469 1912 4519 de-

2015 4455 2379 4524 obscrvanda,
2415 4458 2855 4529 quandoquidem
2880 4457 2988 4527 pie,
3037 4457 3202 4527 inque
3223 4457 3596 4513 ecclesiastica

323 4563 714 4608 monstrarent.
763 4553 842 4607 Ac
907 4564 1118 4608 tantum
1173 4556 1277 4624 ipsi
1323 4549 1638 4626 sapientiae,
1700 4569 1908 4614 tantum

321 4644 692 4714 intelligentite
729 4644 916 4700 datum
957 4654 1057 4711 est,
1081 4654 1138 4698 ut
1155 4662 1306 4700 nemo
1346 4647 1556 4718 quidem
1579 4650 1812 4704 omnium
1843 4667 1910 4706 ea:

319 4755 390 4796 ea
429 4738 586 4792 turba
606 4739 914 4809 respondere
937 4740 1070 4794 satis
1099 4749 1274 4808 posset
1309 4740 1378 4793 ad
1404 4756 1467 4794 ea
1498 4743 1676 4806 verba,
1704 4759 1824 4814 quia
1845 4745 1910 4800 de

319 4830 496 4886 sacris
521 4828 740 4884 Litteris
767 4831 1010 4900 decerpta
1035 4829 1356 4900 proferebat.
1381 4829 1472 4886 Sic
1492 4843 1671 4887 autem
1697 4833 1909 4888 htereti-

319 4937 509 4978 corum
563 4920 814 4990 oppilauit
867 4938 988 4985 ora,
1025 4932 1083 4974 ut
1127 4919 1316 4976 Patres
1341 4939 1518 4978 omnes
1536 4923 1692 4992 plane
1721 4924 1910 4980 obstu-

319 5023 611 5086 pescerent,
647 5013 810 5068 talem
851 5015 1054 5068 homini
1105 5031 1139 5068 a
1189 5017 1364 5068 sancti
1403 5014 1638 5084 Spiritus
1669 5016 1909 5072 illustra-

323 5111 472 5161 tione
503 5106 757 5160 collatam
795 5109 1048 5178 gratiam.
1069 5106 1262 5180 Itaque
1299 5125 1404 5162 non
1429 5110 1588 5177 pauci
1607 5125 1672 5164 ea:
1703 5111 1772 5164 iis
1819 5113 1911 5182 qui

323 5198 587 5268 principes
610 5198 752 5251 inter
801 5197 1074 5252 haereticos
1101 5200 1434 5266 uidebantur,
1469 5201 1589 5270 jam
1625 5210 1758 5268 tum,
1789 5219 1910 5257 cum

323 5307 413 5346 eos
435 5287 720 5360 Gregorius
750 5307 843 5361 per
866 5291 1400 5364 titulos,libellosque
1441 5296 1690 5360 coercuit,
1723 5295 1794 5348 ad
1823 5313 1910 5350 or-

326 5379 616 5433 thodoxam
672 5378 964 5436 Catholicae
1003 5379 1254 5436 Ecclesiae
1300 5380 1458 5450 fidem
1495 5382 1794 5452 confugere.
1827 5382 1908 5438 Ea:

325 5489 385 5528 eo
407 5486 566 5538 porro
588 5471 672 5524 die
720 5488 783 5524 ne
823 5472 1014 5526 mutire
1064 5473 1274 5542 quidem
1319 5473 1567 5526 adversus
1603 5473 1906 5530 Catholicos

323 5560 448 5614 ausi
487 5568 607 5612 sunt
660 5559 830 5628 impii,
873 5560 1158 5630 inanesque
1216 5576 1279 5614 ac
1331 5559 1708 5630 fraudulentas
1759 5579 1907 5617 uoces

327 5649 549 5712 iactare,
595 5663 714 5718 quia
765 5639 1113 5712 tentaverant,
1150 5665 1341 5718 aspera
1381 5649 1624 5722 [ordoque
1677 5652 1908 5706 evenisse

325 5737 824 5794 animaduertentes.
863 5737 1006 5794 Deus
1043 5737 1402 5796 immortalis!
1453 5740 1582 5810 quid
1613 5740 1788 5796 adhuc
1821 5755 1910 5794 re-

2015 4550 2425 4604 consoeiatione
2459 4550 2832 4606 decesserant.
2893 4547 3072 4604 Unum
3099 4549 3203 4604 hoc
3234 4549 3288 4602 in
3317 4559 3597 4606 certamen

2017 4639 2304 4706 veniebat;
2335 4655 2460 4694 nam
2517 4641 2655 4696 nulli
2705 4641 2934 4696 dubium
2981 4655 3012 4694 e
3040 4637 3299 4694 Pntribus
3327 4639 3380 4692 in
3411 4639 3596 4694 conci-

2018 4731 2151 4785 lium
2188 4733 2480 4800 cooptat'ts,
2519 4732 2654 4802 quin
2708 4747 2829 4802 qua:
2869 4731 2992 4786 lbas
3015 4715 3075 4784 in
3120 4729 3372 4800 epistola,
3415 4727 3598 4784 Theo-

2015 4823 2206 4891 dorus,
2237 4835 2405 4895 atque
2447 4823 2827 4881 Tlieodoretus
2893 4823 2947 4877 in
2997 4822 3451 4892 hypomnematis
3479 4823 3596 4876 suis

2014 4917 2280 4972 adversus
2326 4895 2678 4982 Eunomium,
2721 4915 3114 4986 Apollinarem,
3163 4913 3425 4984 Cyrillum
3453 4911 3594 4968 etfu-

2013 5007 2219 5072 tierint,
2279 5008 2526 5078 putidam
2590 5007 2840 5062 haeresim
2877 5009 3109 5060 olerent.
3140 5003 3335 5058 Fateor
3375 5005 3595 5072 quidem

2014 5114 2122 5154 non
2162 5100 2280 5171 sipe
2335 5095 2586 5163 consilio,
2623 5100 2723 5153 hoc
2752 5108 2838 5152 est
2881 5095 3190 5162 vaferrimo,
3236 5095 3592 5166 scelestuque,

2011 5185 2363 5242 Camarinam
2395 5187 2544 5241 illam
2575 5186 2644 5241 ab
2697 5185 2992 5256 Accphalis
3041 5195 3275 5251 motam;
3331 5199 3398 5240 eo
3446 5187 3594 5239 enim

2011 5279 2359 5348 spectabant,
2384 5289 2445 5334 ut
2475 5279 2688 5352 devotis
2712 5295 2902 5335 eorum
2929 5281 3315 5348 episcoporum
3341 5269 3598 5334 manibus

2013 5370 2483 5428 Chalcedonensis
2509 5372 2704 5444 synodi
2739 5373 3046 5449 auctoritas
3073 5372 3398 5436 elevaretur,
3424 5387 3599 5442 eoque

2015 5463 2187 5519 tutius
2220 5465 2528 5519 teterrimae
2545 5465 2916 5534 blasphemiae
2941 5475 3293 5537 evomerent:
3327 5465 3419 5520 sed
3449 5465 3597 5520 enim

2012 5555 2065 5608 in
2095 5555 2333 5610 concilio
2361 5556 2492 5610 nulli
2527 5557 2582 5610 in
2614 5567 2850 5612 mentem
2879 5557 3032 5611 venit
3067 5556 3154 5610 vel
3185 5555 3239 5610 in
3281 5563 3599 5610 controver-

2011 5646 2148 5701 siam
2174 5663 2374 5704 vocare
2433 5649 2962 5704 Cltalcedonensium
3001 5649 3224 5704 Patrum
3263 5647 3593 5712 doctrinam,

2010 5741 2094 5794 vel
2129 5739 2254 5806 lbae,
2282 5739 2552 5798 Theodori
2584 5751 2638 5798 et
2663 5739 2994 5798 Theodoreti
3041 5757 3260 5798 errores
3283 5741 3588 5798 vindirarc:
