3930 6376
339 315 471 380 “91

1253 310 1351 371 DE
1386 311 1650 372 ETATE
1683 300 1752 372 -S.
1791 308 2170 372 GREGORII
2210 305 2724 370 AGRIGENTINI

3473 299 3611 366 1192

335 425 818 500 persuasissimum
867 421 1151 485 omnibus,
1221 419 1276 475 in
1329 435 1522 476 orcum
1581 421 1920 476 detrudenda
1949 420 1996 477 Α
2022 433 2200 476 annos
2231 428 2396 475 natus
2423 417 2514 485 65,
2549 433 2674 474 cum
2703 415 2992 473 'l‘heodora
3017 415 3209 488 orbus)
3231 417 3612 488 novoshyme-

335 537 529 578 eorum
581 519 856 588 dogmata,
910 529 1031 583 quae
1058 513 1220 585 vulgo
1251 513 1494 581 ipsorum
1551 512 1759 568 elibris
1789 513 1924 568 hau-

339 615 642 670 riebantur.
671 609 854 676 Quare
889 607 972 662 vel
1009 622 1207 661 novam
1257 607 1423 677 ﬁngat
1453 605 1752 676 Cajetanus
1779 619 1926 660 mcu-

337 708 607 764 mcnicam
631 705 898 775 synodum
925 701 1030 754 sub
1047 697 1362 755 Justiniano
1397 697 1414 750 |
1449 707 1719 764 coactam,
1757 698 1842 752 cui
1871 689 1932 752 et

340 798 574 854 Romani
603 795 846 866 episcopi
895 795 1054 866 legati
1106 790 1478 875 interfuerunt,
1510 791 1605 860 qui
1625 789 1746 860 ejus
1780 789 1928 844 libel-

339 889 451 944 lum
485 888 800 952 detulerint,
839 887 893 939 in
939 899 1049 954 quo
1087 885 1255 938 animi
1309 883 1394 938 sui
1445 897 1602 937 sensa
1635 881 1781 937 circa
1813 897 1924 947 res,

339 995 462 1052 quae
485 981 542 1034 in‘
579 979 935 1049 quaestionem
964 976 1276 1038 veniebant,
1333 975 1700 1044 depromeret,
1734 973 1926 1040 simul-

339 1090 448 1144 que
513 1074 661 1128 missi
722 1073 792 1128 ab
838 1073 957 1142 ipso
1014 1069 1248 1126 Romam
1298 1080 1492 1140 agente
1519 1070 1802 1141 episc0pi,
1834 1071 1926 1142 qui

343 1164 711 1220 Orientalibus
751 1170 1196 1234 aggregarentur,
1237 1161 1441 1230 quique
1490 1159 1719 1213 reduces
1747 1159 1926 1229 ipsum

343 1253 632 1310 docuerint
654 1264 858 1323 quanta
881 1251 1113 1320 gesserit
1134 1249 1431 1321 Gregorius
1458 1266 1472 1314 ;
1497 1257 1611 1302 tum
1630 1248 1930 1320 Gregorius

341 1347 480 1403 adeo
532 1345 740 1401 ascitus
789 1342 1030 1399 Sardicaz
1073 1343 1408 1399 Constantia:
1448 1341 1688 1412 episcopi
1743 1352 1930 1414 partes

342 1437 562 1502 obiens,
588 1436 795 1506 quique
827 1443 936 1488 tam
969 1433 1141 1488 multa
1174 1443 1230 1487 et
1267 1430 1502 1486 illustria
1549 1430 1602 1483 in
1640 1429 1931 1484 haereticos

343 1529 661 1599 disputarit,
713 1535 772 1581 ut
817 1542 1006 1581 eorum
1065 1524 1281 1580 tandem
1335 1521 1625 1594 pervicerit
1648 1520 1927 1592 furorem;

345 1623 427 1676 vel
452 1622 673 1676 demum
709 1620 965 1684 fateatur,
1008 1617 1064 1671 in
1105 1616 1210 1670 alia
1241 1613 1644 1670 amandandum
1685 1623 1929 1683 tempora

344 1715 690 1783 Gregorium,
719 1720 884 1781 atque
913 1709 1028 1780 ipse
1075 1707 1372 1770 censuerit,
1404 1719 1583 1776 neque
1610 1704 1925 1776 ﬁeriposse,

2028 525 2178 566 natos
2212 510 2560 568 celebrasse?

2098 601 2195 656 XI.
2230 602 2472 657 Tandem
2515 601 2648 657 illud
2702 600 3063 672 expendatur,
3104 597 3429 670 Gregorium
3459 607 3615 671 post-

2027 704 2194 760 quam
2234 689 2594 746 Paschalibus
2647 689 2806 745 feriis
2840 705 2872 744 a
2903 689 3092 760 culpa.
3130 688 3294 760 cujus
3332 703 3614 744 summum

2027 795 2125 850 per
2161 782 2343 838 scelus
2383 789 2701 846 accusatus,
2756 796 2930 851 purus
2961 781 3242 852 judicatus
3292 789 3376 836 est
3402 779 3615 848 Romae,

2029 871 2123 926 ubi
2159 885 2332 926 annos
2360 871 2416 936 2,
2440 886 2661 927 menses
2692 871 2745 936 5,
2780 871 3101 927 carceribus
3130 885 3162 925 a
3207 872 3488 942 pontiﬁce,
3523 874 3614 927 cui

2029 962 2272 1017 delatum
2303 963 2534 1031 crimen,
2567 963 2918 1032 mancipatus
2969 963 3112 1034 egit,
3144 962 3619 1034 Constantinopo-

2030 1053 2124 1108 lim
2159 1055 2406 1124 petiisse,
2433 1055 2618 1124 ibique
2635 1055 2848 1110 Pascha
2887 1055 3220 1121 celebrasse,
3237 1054 3400 1126 302
3419 1053 3620 1111 deinde

2029 1141 2100 1196 ab
2155 1143 2284 1212 imp.
2336 1139 2654 1197 Justiniano
2689 1141 2982 1197 dimissum
3045 1140 3280 1197 Romam
3315 1144 3620 1200 revertisse

2030 1249 2127 1288 ιιιιι
2174 1233 2294 1288 Kal.
2360 1235 2618 1305 Augusti,
2675 1234 2914 1304 indeque
2943 1234 2998 1288 in
3047 1233 3290 1290 Siciliam
3324 1235 3621 1306 navigasse

2031 1334 2199 1396 atque
2233 1325 2302 1381 ad
2342 1327 2708 1398 Acragantem
2772 1324 3000 1380 ﬂuvium
3043 1326 3364 1397 pervenisse
3401 1343 3452 1383 tv
3489 1326 3618 1385 ldus

2033 1416 2406 1487 Septembris;
2465 1428 2589 1488 post
2656 1419 2774 1473 haec
2827 1416 3054 1472 ﬁuvium
3109 1418 3422 1488 ingressum
3482 1421 3616 1476 hora

2029 1508 2138 1563 diei
2179 1509 2339 1564 tertia
2369 1508 2436 1564 ad
2477 1508 2964 1580 Agrigentinorum
3011 1509 3475 1580 emporium,quo
3513 1513 3620 1566 iter

2029 1605 2149 1652 erat
2201 1606 2627 1668 praeterpropter
2679 1598 3000 1667 sesquidiei,
3063 1599 3341 1668 appulisse
3374 1599 3618 1657 Sabbato

2031 1687 2141 1752 die,
2184 1689 2287 1743 hoc
2321 1697 2404 1743 est
2435 1703 2496 1743 ιιι
2554 1686 2684 1743 ldus
2732 1688 3092 1759 Septembris,
3143 1690 3412 1760 postridie
3449 1707 3617 1761 quam

349 1817 407 1862 ut
435 1776 576 1860 inter
633 1776 824 1876 synodi
875 1819 909 1859 v
933 1776 1308 1857 vcecumenicae
1363 1813 1717 1856 consessores
1769 1797 1932 1855 fuerit
1961 1776 2006 1836 Β
2033 1779 2100 1834 ad
2123 1779 2485 1876 Αονέβδηίθω
2516 1794 2734 1876 “Tne”
2773 1779 2930 1876 ηειίε
2960 1779 3297 1876 advenerat;
3331 1798 3440 1838 που
3468 1783 3619 1838 enim

347 1906 768 1954 aunumeratus.

416 2032 509 2089 ιιι.
540 2030 729 2102 Neque
776 2031 893 2086 haec
930 2037 1142 2085 tantum
1188 2038 1344 2098 sunt,
1399 2047 1523 2102 qua:
1546 2027 1934 2102 Cajetaniopi-

346 2127 566 2184 nionem
623 2123 864 2188 diﬁlent;
911 2132 965 2177 et
1010 2122 1118 2177 alia
1175 2122 1465 2187 accedunt,
1493 2139 1616 2194 quae
1652 2121 1935 2177 mantissat

351 2219 471 2273 loro
499 2219 712 2272 addam.
757 2214 901 2270 lntcr
927 2215 1236 2286 episcopos,
1283 2215 1378 2283 qui
1419 2231 1446 2268 a
1472 2214 1936 2284 Constantinopo-

350 2311 523 2364 litano
561 2309 873 2380 patriarcha
908 2307 1164 2378 delegati,
1208 2305 1462 2378 Gregorii
1492 2321 1715 2363 causam
1749 2303 1937 2376 cogni-

349 2403 461 2458 turi
498 2419 620 2456 cum
647 2399 903 2456 Romano
938 2399 1217 2470 pontitlce,
1251 2398 1572 2454 Corinthius
1595 2407 1932 2465 recensctur.

351 2495 790 2563 Arehiepiscopus
829 2492 952 2546 item
995 2491 1122 2564 (hoc
1149 2498 1235 2547 est
1271 2489 1934 2566 Constantinopolitanus.

352 2588 533 2658 inquit
560 2585 841 2653 Leontius)
886 2584 1167 2638 accersitos
1201 2581 1384 2652 Cyzici
1431 2590 1480 2636 et
1541 2580 1783 2636 Corinthi
1819 2583 1936 2651 epi-

351 2695 538 2748 scopos
564 2676 785 2730 Romam
816 2676 940 2730 inde
962 2674 1142 2728 mittit.
1181 2673 1288 2728 Se‘d
1330 2689 1494 2744 quem
1520 2684 1809 2744 praetereat
1836 2675 1939 2730 sub

351 2770 664 2828 Justiniano
689 2768 730 2834 Ι,
755 2781 1037 2837 annosque
1069 2765 1278 2835 aliquot
1310 2774 1432 2834 post
1448 2765 1699 2822 Corinthi
1733 2765 1942 2836 episco-

352 2881 483 2936 pum
529 2862 804 2924 Hetlados,
844 2868 899 2914 et
947 2857 1170 2913 Achaia:
1198 2860 1494 2914 exarchum
1541 2857 1801 2914 Romanae
1827 2874 1940 2930 pa-

353 2946 1143 3022 triarchire,‘quemadmodum
1201 2958 1258 3004 et
1306 2947 1734 3016 Thessalonicae,
1769 2959 1822 3004 et
1845 2948 1942 3004 Ju-

353 3046 609 3102 stinianae
637 3044 656 3096 l
681 3043 926 3106 esarchi,
946 3041 1247 3107 subditum,
1275 3056 1450 3110 eoque
1472 3042 1690 3096 nomine
1706 3041 1938 3096 Romani

354 3137 630 3207 pontiﬁcis
671 3135 727 3189 in
779 3122 884 3188 sua.
924 3133 1182 3188 exarchia
1219 3133 1488 3193 vicarium
1547 3133 1806 3203 gessisse,
1829 3148 1936 3203 qua
1964 3114 2008 3171 θ

351 3215 829 3298 άὶειιίιιιιθίιιιιςιί
885 3224 1023 3278 adeo
1060 3239 1186 3278 cum
1240 3221 1785 3288 Thessalonicensis,
1823 3232 1939 3278 tum

350 3315 783 3373 Justinianensis
855 3314 1141 3369 Dardaniae
1187 3314 1472 3385 episcopi?
1503 3313 1593 3385 (V.
1646 3313 1838 3369 Baluz.
1885 3315 1940 3368 in

355 3408 637 3480 Supplem.
679 3407 747 3461 ad
777 3406 872 3461 lib.
909 3422 944 3460 v
975 3406 1040 3460 de
1077 3404 1341 3462 Concord.
1373 3423 1487 3462 sae.
1526 3415 1577 3461 et
1613 3407 1768 3476 imp.,
1815 3420 1938 3476 cap.

352 3501 448 3564 29,
473 3517 528 3554 n.
566 3499 675 3568 ll.)
719 3497 825 3564 Qui
883 3497 1052 3566 igitur
1082 3495 1308 3563 factum,
1350 3507 1410 3553 ut
1441 3497 1941 3567 Constantinopoli-

353 3599 522 3645 tanus
557 3586 868 3657 patriarcha
895 3600 1077 3640 rerum
1112 3584 1338 3640 domino
1361 3584 1674 3642 Justiniano
1698 3585 1719 3640 l
1747 3584 1947 3641 Corin-

357 3677 437 3732 thi
463 3665 806 3744 episcopum,
826 3673 880 3726 in
913 3687 1074 3743 quem
1094 3673 1305 3727 nullum
1333 3673 1437 3729 sibi
1475 3674 1568 3744 jus
1592 3673 1940 3739 attributum,

357 3766 416 3819 in
473 3765 662 3818 urbem
719 3770 1044 3823 arcesseret,
1095 3760 1446 3832 juberetque,
1513 3771 1575 3816 ut
1637 3761 1799 3832 legati
1857 3759 1942 3834 sui

358 3865 586 3907 munere
637 3857 863 3904 ornatus
905 3845 1138 3903 Romam
1169 3857 1471 3920 appeteret,
1499 3845 1748 3922 Gregorii
1772 3847 1943 3921 judex

360 3941 622 3998 iuturus?

428 4084 498 4140 Χ.
526 4085 606 4140 Ad
630 4084 754 4158 haec
770 4081 909 4138 falso
937 4079 1170 4138 crimine
1198 4078 1415 4136 solutus
1431 4077 1626 4137 Romae
1645 4078 1946 4151 Gregorius

356 4173 892 4244 Constantinopolim
925 4172 1062 4236 abit,
1109 4171 1309 4242 ibique
1336 4178 1393 4226 et
1444 4171 1514 4226 ab
1563 4171 1695 4243 imp.
1729 4171 1946 4229 Caesare

357 4263 695 4333 Iustiniano,
747 4273 802 4319 et
827 4266 896 4319 ab
941 4261 1188 4330 Augusta
1221 4261 1626 4316 liberalissimis
1651 4261 1813 4336 donis
1843 4279 1946 4318 cu-

362 4358 622 4412 mulatur.
657 4355 837 4426 Neque
869 4369 986 4408 vero
1028 4352 1230 4424 (inquit
1259 4350 1544 4424 Leontius)
1567 4352 1814 4423 piissimo
1832 4353 1946 4408 Au-

2031 1887 2178 1928 unus
2235 1873 2486 1942 idemque
2538 1871 2658 1927 dies
2693 1871 2956 1942 appulsus
3004 1874 3334 1944 Acragantis
3391 1883 3448 1931 et
3497 1891 3620 1930 em-

2035 1963 2178 2034 porii
2199 1979 2212 2028 ;
2250 1976 2412 2018 secus
2449 1961 2596 2018 enim
2631 1963 3005 2019 characterem
3055 1946 3623 2022 Sabbatoindicasset

2033 2051 2298 2109 Leontius
2340 2053 2410 2109 ad
2448 2069 2501 2108 tv
2532 2052 2658 2109 ldus
2710 2055 3075 2125 Septembris,
3133 2073 3259 2113 cum
3309 2057 3366 2113 in
3397 2073 3618 2115 amnem

2034 2147 2320 2217 pervenit;
2367 2161 2554 2217 neque
2601 2155 2740 2214 erat,
2783 2163 2886 2203 cur
2933 2157 3050 2204 tum
3104 2150 3436 2222 designaret,
3493 2167 3620 2210 cum

2034 2239 2270 2311 emporii
2339 2239 2490 2296 littus
2565 2241 2768 2312 attigit,
2829 2242 3060 2312 perinde
3109 2259 3177 2299 ac
3222 2259 3290 2300 eo
3337 2244 3448 2312 die,
3487 2243 3622 2318 quia

2037 2328 2364 2396 Sabbatum,
2395 2332 2621 2404 dignum
2655 2333 2962 2404 quidpiam,
3014 2336 3163 2406 quod
3193 2337 3393 2395 litteris
3419 2339 3620 2409 prode-

2036 2433 2210 2489 retur,
2250 2425 2503 2494 gesserit.
2561 2425 2642 2481 En
2697 2425 2912 2484 Leontii
2955 2429 3120 2484 verba
3191 2440 3360 2500 prout
3428 2430 3621 2490 Latine

2036 2532 2196 2573 versa
2221 2515 2419 2573 :Romd
2441 2519 2605 2590 igitur
2625 2523 2870 2591 profecti,
2892 2531 3048 2593 atque
3070 2525 3126 2577 in
3155 2522 3400 2579 Siciliam
3413 2525 3622 2594 appulsi

2037 2609 2383 2680 Agrigentum
2438 2612 2648 2666 ueniunt
2706 2627 2760 2667 tv
2814 2611 2950 2667 Idus
3003 2611 3361 2682 Septembris;
3391 2617 3469 2670 sic
3499 2634 3624 2673 vero

2038 2701 2238 2757 volente
2281 2701 2413 2766 Deo,
2461 2705 2550 2774 qui
2580 2718 2782 2772 semper
2828 2712 2879 2758 et
2917 2713 3175 2770 servarat,
3218 2716 3269 2760 et
3317 2707 3620 2777 adjuverat,

2039 2794 2255 2864 ﬂuvium
2286 2795 2467 2848 ineunt
2501 2796 2557 2848 in
2617 2793 2948 2862 suburbium,
3002 2796 3142 2866 quod
3173 2798 3466 2866 emporium
3492 2798 3626 2852 dici-

2043 2889 2154 2949 tu'r,
2182 2883 2252 2936 ad
2290 2885 2498 2938 tertiam
2534 2883 2639 2938 diei
2665 2883 2892 2937 horam:
2948 2893 3064 2938 erat
3105 2900 3262 2954 porro
3307 2883 3622 2953 Sabbatum,

2041 2974 2316 3029 euntilluc
2371 2975 2640 3046 appulere.
2693 2973 2816 3030 Jam
2857 2991 2990 3032 vero
3041 2976 3112 3031 ab
3135 2991 3286 3032 anno
3341 2977 3470 3041 554,
3525 2979 3626 3050 qui

2041 3068 2439 3123 (ecumenicam
2473 3083 2508 3122 v
2546 3068 2813 3140 synodum
2839 3079 3082 3137 secutus,
3118 3069 3186 3124 ad
3214 3068 3339 3136 565,
3369 3072 3627 3126 ultimum

2039 3156 2333 3214 Justiniani
2365 3158 2385 3212 ι
2423 3159 2585 3229 Aug.,
2618 3175 2674 3215 ιι
2707 3159 3048 3230 Septembris
3075 3161 3193 3218 dies
3227 3162 3284 3216 in
3317 3162 3626 3218 Sabbatum

2041 3251 2276 3307 incurrit
2303 3251 2467 3306 annis
2494 3250 2600 3306 555
2630 3259 2684 3306 et
2722 3251 2863 3318 560;
2910 3267 3056 3307 anno
3088 3253 3236 3308 enim
3289 3253 3397 3309 555
3429 3269 3460 3309 a
3497 3252 3623 3310 Kal.

2039 3341 2321 3400 Januariis
2357 3345 2631 3416 iniitcycli
2671 3345 2874 3400 solaris
2893 3360 3072 3401 annus
3093 3347 3148 3413 4,
3180 3345 3415 3418 ideoque
3445 3347 3628 3402 littera

2043 3437 2398 3492 Dominicalis
2417 3437 2458 3490 ι)
2483 3455 2498 3504 ;
2530 3453 2678 3492 anno
2699 3437 2828 3505 560,
2849 3438 2988 3509 cycli
3022 3438 3220 3494 solaris
3241 3454 3418 3494 annus
3444 3440 3498 3505 9,
3533 3438 3630 3494 lit-

2043 3535 2156 3582 tera
2190 3525 2603 3584 DomiuicalisD
2626 3525 2702 3594 C;
2730 3542 2906 3598 coque
2933 3527 3114 3585 disces
3157 3530 3534 3585 characterem
3567 3543 3629 3584 ιι

2041 3618 2149 3674 diei
2165 3619 2502 3689 Septembris
2518 3618 2693 3674 fuisse
2715 3619 2908 3675 feriam
2925 3619 2978 3674 7.
3004 3619 3074 3674 At
3097 3635 3276 3676 annus
3293 3619 3399 3676 555
3419 3621 3488 3674 ad
3509 3635 3628 3674 rem
3709 3618 3722 3626 ’

2043 3725 2155 3764 non
2187 3717 2292 3773 est,
2312 3717 2425 3763 tum
2451 3709 2598 3779 quod
2631 3707 2957 3780 Gregorium
3003 3710 3109 3766 hoc
3133 3725 3282 3766 anno
3306 3713 3627 3782 episcopum

2043 3801 2436 3873 inauguratum
2475 3810 2629 3872 putat
2643 3801 2961 3871 Cajetauus,
2987 3811 3104 3857 tum
3141 3803 3287 3872 quod
3315 3817 3346 3856 ιι
3374 3801 3629 3874 Gregorii

2043 3893 2312 3952 Romanis
2343 3887 2586 3951 vinculis
2623 3895 2690 3951 ad
2724 3896 2960 3951 reditum
2995 3894 3260 3951 Ecclesia
3303 3911 3418 3952 sua:
3442 3896 3571 3951 anui
3595 3894 3628 3951 ι

2043 3986 2480 4052 intercesserint,
2549 3985 2829 4056 simulque
2892 3993 3108 4042 eertum
3127 3985 3325 4051 -illud,
3384 3986 3634 4044 audiisse

2045 4077 2371 4150 Gregorium
2417 4077 2903 4148 Agrigentinorum
2961 4079 3282 4148 episcopum
3319 4086 3446 4148 post
3473 4092 3633 4134 (ecu-

2045 4163 2316 4226 menicam
2355 4169 2628 4240 synodum
2655 4166 3352 4236 Constantinopolitanatn,
3379 4169 3487 4223 hoc
3523 4178 3628 4234 est,

2046 4261 2212 4333 paulo
2240 4269 2362 4332 post
2409 4275 2616 4316 annum
2685 4261 2814 4326 553,
2850 4274 2950 4330 pro
2989 4258 3236 4328 Cajetani
3273 4260 3566 4327 sententia,
3598 4277 3632 4316 a

2047 4365 2158 4420 quo
2181 4351 2248 4405 ad
2289 4350 2395 4406 555
2416 4349 2701 4405 biennium
2747 4357 2960 4403 tantum
2995 4363 3274 4404 numeres.
3310 4349 3418 4405 Sed
3451 4365 3634 4422 neque

361 4458 519 4519 gusta
570 4446 679 4500 viro
731 4443 1006 4512 quidpiam
1057 4442 1236 4510 cessit,
1258 4442 1348 4497 sed
1381 4459 1501 4497 vero
1544 4443 1726 4498 multis
1747 4439 1944 4514 Grego-
1973 4451 2020 4510 ι)
2048 4458 2229 4512 annus
2257 4440 2364 4498 560
2413 4456 2595 4497 causae
2645 4451 2850 4498 nostra!
2913 4440 3196 4497 conducit.
3237 4439 3464 4512 Vigilius
3492 4457 3634 4515 papa

361 4540 503 4593 rium
533 4537 750 4590 donavit
781 4533 1106 4596 muneribus,
1145 4549 1277 4589 auro
1331 4545 1670 4606 argentoque,
1711 4535 1848 4606 quod
1874 4535 1946 4590 ad

363 4627 618 4684 Ecclesia:
679 4642 804 4680 vasa
857 4624 1183 4693 conﬁcienda
1243 4636 1373 4679 esset
1400 4625 1554 4680 satis.
1600 4624 1784 4697 Ecqua
1814 4643 1945 4684 vero

359 4720 478 4777 haec
505 4721 750 4788 Augusta
797 4713 1104 4770 Iustiniani
1143 4715 1164 4768 ι
1229 4715 1410 4769 uxor?
1451 4714 1680 4772 Unicam
1719 4719 1946 4774 historia

357 4809 654 4868 Justiniaui
714 4809 731 4861 |
781 4807 1068 4878 conjugem
1115 4806 1282 4859 tradit
1314 4805 1681 4873 Theodoram,
1712 4823 1835 4878 quae
1861 4819 1946 4864 ta-

362 4918 488 4958 men
523 4900 906 4956 mortalitatem
941 4899 1174 4970 explevit
1229 4915 1372 4954 anno
1403 4893 1606 4954 Christi
1633 4898 1758 4967 548,
1779 4899 1949 4957 Justi-

362 4995 558 5050 nianmi
601 4993 815 5062 imperii
835 4991 926 5060 22,
963 5007 1146 5047 mense
1167 4989 1354 5058 Iunio,
1378 4991 1678 5047 indictione
1704 4993 1793 5057 ll,
1826 5004 1886 5048 ut
1914 5008 1946 5048 a

363 5086 697 5157 Theophane
757 5085 1034 5156 proditum
1084 5083 1138 5138 in
1171 5082 1502 5154 Chrouogr.,
1527 5091 1582 5138 et
1611 5093 1736 5138 ante
1769 5087 1944 5154 ipsum

362 5198 394 5235 a
427 5179 721 5249 Procopio,
749 5194 856 5246 quo
895 5178 1186 5244 superstite
1230 5177 1466 5232 excessit
1505 5173 1816 5242 Theodora,
1847 5178 1943 5233 lib.

364 5289 415 5328 tv
440 5271 576 5325 Belli
624 5268 803 5324 Gotth.
851 5267 1030 5322 Vidit.
1057 5268 1337 5346 scopulum
1391 5266 1722 5336 Cajetauus,
1773 5283 1948 5339 neque

365 5363 648 5418 evadeudo
676 5377 773 5431 par
806 5359 929 5414 fuit.
987 5358 1200 5413 Etenim
1253 5358 1562 5428 proﬁtetur.
1635 5363 1948 5430 incomper-

367 5464 482 5510 tum
506 5455 634 5518 sibi,
667 5470 916 5524 quaenam
948 5461 1062 5508 tum
1102 5453 1364 5520 temporis
1405 5452 1647 5520 regnarit
1673 5451 1946 5522 Augusta,

367 5561 494 5602 cum
539 5544 1011 5614 Constantinopoli
1067 5544 1341 5614 hospitem
1375 5543 1566 5600 statuit
1620 5543 1945 5612 Gregorium

369 5637 704 5707 episcopnrn.
753 5635 916 5689 Eccui
969 5637 1186 5691 tandem
1227 5633 1394 5690 fuerit
1435 5647 1797 5705 compertum,
1823 5651 1948 5691 cum

369 5743 563 5782 omnes
619 5728 841 5780 omnino
888 5728 1087 5782 sileant
1138 5728 1424 5782 historiae?
1463 5744 1590 5783 cum
1613 5743 1790 5798 neque
1819 5742 1950 5782 vero

373 5819 556 5876 simile
590 5818 703 5886 tlat,
760 5818 1130 5877 lustinianum
1182 5827 1590 5882 scncctamtate
1629 5820 1768 5892 (crat
1795 5820 1940 5875 enim

2046 4535 2250 4590 obiittv
2281 4532 2406 4590 ldus
2421 4531 2716 4588 Ianuarias
2742 4533 2872 4586 anni
2912 4531 2976 4588 P.
3007 4532 3069 4588 C.
3097 4531 3286 4587 Basilii
3313 4533 3402 4599 17,
3436 4551 3635 4606 nempe

2045 4625 2248 4682 Christi
2293 4624 2616 4696 Dionysiani
2670 4623 2795 4690 568,
2833 4633 2972 4680 teste
3019 4623 3267 4680 omnium
3319 4625 3636 4682 certissimo

2049 4721 2269 4779 Victore
2306 4719 2670 4776 Tunnuuensi
2719 4707 3016 4790 episcopo,
3061 4719 3159 4789 qui
3219 4717 3422 4790 Vigilio
3474 4729 3636 4776 aetate

2046 4829 2294 4884 compar,
2337 4812 2631 4882 adfuitque
2659 4811 3287 4882 Constantinopolitanae
3327 4814 3538 4884 synodo
3569 4828 3633 4878 ιι,

2059 4904 2371 4976 Vigilioque
2395 4908 2541 4976 regia
2572 4907 2626 4959 in
2657 4905 2794 4960 urbe
2825 4903 3128 4960 consuevit.
3183 4904 3484 4970 Ἀνύπατα,
3521 4907 3636 4962 sive

2046 4996 2176 5052 anui
2209 4997 2360 5050 nullo
2425 4995 2652 5050 consule
2698 4995 2973 5066 designati
3023 4993 3328 5050 secundum
3369 4994 3631 5050 Basilium

2048 5101 2264 5156 carpere
2291 5087 2360 5140 ab
2413 5100 2560 5138 anno
2596 5085 2702 5139 542
2751 5083 3151 5152 desieruntque
3196 5099 3342 5137 anno
3377 5083 3507 5145 566.
3539 5085 3633 5154 qui

2048 5173 2472 5246 primusJustini
2534 5174 2579 5230 ll
2610 5176 2774 5246 Aug.,
2807 5184 2865 5230 ut
2914 5189 2979 5228 ex
3006 5172 3184 5230 Fastis
3222 5175 3632 5244 consularibus,

2048 5271 2395 5340 potissimum
2426 5283 2556 5324 vero
2580 5269 2925 5323 Heracliauis
2969 5277 3205 5322 constat.
3240 5268 3416 5323 Porro
3453 5265 3631 5340 Vigilii

2049 5361 2406 5415 emortualem
2452 5376 2658 5415 annum
2727 5361 3170 5429 componendum
3231 5376 3358 5416 cum
3425 5360 3631 5418 Christi

2051 5450 2388 5520 Dionysiano
2413 5450 2696 5518 558,adeo
2726 5454 2971 5506 solemne
2997 5450 3258 5506 traditum
3294 5455 3348 5506 in
3389 5452 3632 5523 antiquis

2050 5545 2429 5600 Romanorum
2467 5547 2786 5616 pontiﬁcum
2816 5546 3116 5617 Catalogis,
3145 5546 3465 5602 utJoauncs
3499 5547 3632 5603 Cec-

2049 5636 2321 5702 cannensis,
2341 5638 2434 5706 qui
2478 5649 2670 5694 caetera
2715 5639 3108 5695 Chronotaxim
3142 5639 3475 5710 pontiﬁciam
3505 5654 3632 5694 sus-

2049 5741 2158 5797 que
2211 5727 2389 5798 deque
2431 5729 2691 5800 .scripsit,
2751 5731 2806 5785 in
2852 5729 2960 5786 alia
2995 5731 3146 5786 abire
3197 5731 3626 5802 haud-potuerit.

2049 5819 2231 5886 Quare
2262 5821 2498 5891 uideant,
2532 5838 2700 5895 quam
2737 5822 2981 5881 suaviter
3020 5823 3126 5882 sibi
3175 5823 3382 5896 imponi
3410 5823 3626 5897 patian-
