3930 6376
291 355 430 422 1193

1646 339 2068 408 DISSERTAT
2077 343 2152 402 [Ο
2167 387 2183 403 .

3392 329 3526 393 1194

285 457 401 530 tur,
434 462 530 534 qui
579 431 646 516 iis
709 457 1014 523 ascribunt,
1065 470 1098 512 e
1142 454 1283 511 vivis
1317 462 1568 525 ereptum
1598 450 1856 524 Vigilium
1888 457 1934 511 Α
1961 448 2122 520 303
2181 446 2456 510 eilluxere,
2513 433 2636 500 cum
2672 412 2877 498 Christi
2920 435 3290 534 Dionysianis,
3315 445 3376 490 ut
3407 437 3530 490 inde.

286 569 438 611 anno
465 551 572 608 554
599 549 1000 608 dictitantibus.
1028 545 1149 602 1am
1203 544 1405 616 Vigilio
1425 541 1861 600 succes'sitPela-

285 643 414 714 gius
449 641 635 696 Idibus
670 637 874 708 Aprilis
918 636 1166 706 ejusdem
1199 633 1330 688 anni
1361 632 1487 696 558,
1516 631 1609 701 qui
1647 629 1859 684 exstin-

287 744 436 798 ctus,
457 735 536 788 uti
553 729 789 786 ostendit
815 729 1034 800 Pagius,
1057 743 1202 781 anno
1218 726 1326 781 560
1342 727 1424 782 vel
1447 723 1572 787 56l,
1601 721 1863 793 quemad-

284 827 514 882 modum
554 825 647 879 alii
687 823 952 889 sentiunt,
985 837 1033 876 tv
1071 819 1260 875 Nonas
1289 817 1532 872 Martias.
1564 814 1623 870 Si
1659 815 1865 883 Grego-

284 918 410 973 rius
478 917 643 988 igitur
704 913 894 969 Roma:
947 912 1204 967 occlusus
1261 907 1580 964 carceribus
1617 919 1794 960 annos
1829 903 1866 958 ἓ

283 1025 509 1066 menses
531 1009 565 1063 5
605 1005 888 1078 exegit;si
937 1005 1156 1075 cognita
1193 999 1437 1071 Gregorii
1471 1013 1637 1054 causa
1665 997 1866 1067 postri-

287 1103 382 1156 die
430 1098 733 1161 Paschatis,
780 1102 928 1150 certe
985 1092 1284 1148 Ecclesiam
1330 1089 1422 1144 ille
1449 1103 1603 1159 suam
1634 1087 1869 1142 revisere

289 1187 503 1261 nequiit
529 1201 674 1244 anno
715 1186 839 1248 560,
881 1185 986 1240 nisi
1032 1185 1280 1244 Romam,
1304 1195 1414 1250 quo
1444 1195 1474 1233 a
1515 1179 1735 1232 Tiberio
1759 1176 1868 1231 Ro-

288 1282 444 1338 mani
475 1261 747 1352 pontiﬁcis
786 1277 842 1330 in
877 1275 1066 1330 Sicilia
1117 1273 1358 1350 exarcho
1389 1271 1487 1341 (ita
1515 1269 1750 1339 appellat
1769 1267 1870 1324 Le-

292 1377 504 1438 ontius,
553 1373 647 1444 qui
713 1371 854 1426 forte
917 1369 1180 1422 Romanae
1231 1365 1485 1444 Ecclesiae
1507 1363 1781 1440 defensor,
1806 1364 1872 1417 de

293 1477 409 1536 'quo
465 1439 594 1521 alibi
660 1463 860 1531 dicant)
905 1459 1254 1522 amandatus,
1288 1439 1717 1528 subierit-anno
1745 1456 1868 1518 556,

299 1572 489 1613 mense
519 1553 815 1608 Novembri
843 1569 857 1616 ;
885 1553 952 1605 ab
975 1566 1043 1604 eo
1075 1543 1219 1604 enim
1258 1549 1322 1602 ad
1360 1548 1484 1602 ldus
1518 1542 1718 1617 Aprilis
1745 1545 1870 1610 559,

297 1663 428 1703 cum
454 1643 830 1700 Christianum
873 1641 1082 1696 Pascha
1119 1631 1451 1694 celebratum
1503 1637 1669 1708 (quod
1704 1638 1873 1692 disci-

300 1754 428 1793 mtts
455 1753 519 1791 ex
552 1735 704 1807 cyclo
738 1734 870 1788 solis
899 1733 953 1794 8,
984 1733 1128 1786 lunae
1157 1719 1212 1795 9,
1251 1725 1433 1784 littera
1461 1718 1779 1784 hominicali
1808 1728 1870 1793 E,

302 1830 545 1886 termino
587 1827 856 1893 Paschali,
889 1826 922 1880 6
975 1825 1199 1895 Aprilis)
1261 1835 1406 1878 recte
1445 1823 1668 1892 colliges
1703 1837 1875 1877 annos

297 1915 356 1988 ἓ,
391 1937 606 1976 menses
634 1920 688 1982 5,
730 1927 786 1972 ut
810 1933 1058 1973 reversus
1084 1917 1302 1971 tandem
1345 1914 1696 1984 Agrigentum
1733 1911 1877 1968 anno

297 2013 614 2085 insequenti
657 2011 822 2066 fuerit
878 2009 1026 2080 regia
1057 2024 1120 2085 ex
1151 2001 1316 2073 Urbe,
1362 2000 1451 2062 ubi
1502 2005 1710 2061 Pascha
1753 2007 1874 2074 per-

301 2107 433 2175 egit.
469 2104 633 2174 Atqui
692 2113 820 2156 v‘ero
875 2115 1019 2155 anno
1055 2099 1159 2154 556
1194 2107 1248 2153 et
1288 2093 1662 2169 pontiﬁcatum
1695 2091 1882 2154 obibat

305 2194 566 2266 Vigilius,
607 2203 661 2248 et
707 2185 1185 2260 Constantinopoli
1259 2185 1508 2260 degebat,
1561 2197 1613 2242 ut
1654 2177 1882 2256 proinde

299 2289 630 2358 Gregorium
659 2289 846 2341 Romae
877 2286 930 2339 in
963 2277 1210 2339 carceres
1260 2283 1492 2336 cendere
1517 2273 1658 2334 haud
1692 2285 1881 2352 quive-

303 2383 400 2444 rit,
435 2393 614 2449 neque
653 2378 922 2447 accipere,
965 2377 1104 2446 quas
1145 2364 1398 2430 Tiberius
1437 2371 1710 2430 exarchus
1743 2373 1882 2430 seri-

295 2477 530 2545 pserat,
573 2461 786 2520 litteras
807 2506 822 2530 ,
877 2459 1097 2533 quando
1122 2450 1200 2518 ea:
1249 2462 1460 2517 traditae
1489 2463 1756 2532 pontiﬂci,
1787 2465 1883 2535 qui

303 2557 499 2611 Romae
523 2556 864 2609 versabatur.
897 2552 1080 2619 Quare
1113 2567 1236 2607 cum
1271 2549 1420 2607 anno
1443 2553 1546 2607 556
1575 2548 1882 2609 Romanum

301 2649 620 2720 pontiﬁcem
651 2655 865 2717 gereret
892 2633 1146 2716 Vigilius,
1174 2659 1298 2700 cum
1329 2661 1473 2700 anno
1497 2646 1602 2701 559
1629 2639 1884 2716 Pelagius

303 2737 572 2795 Romanae
632 2738 890 2794 Ecclesiae
964 2735 1177 2794 clavum
1240 2743 1585 2807 temperaret,
1649 2754 1885 2810 cumque

304 2833 575 2902 insuper,
605 2831 698 2900 qui
745 2828 1067 2900 Gregorium
1122 2827 1372 2894 absolvit,
1425 2827 1567 2883 idem
1626 2834 1798 2884 annos
1828 2827 1886 2898 2,

301 2928 527 2982 menses
572 2919 606 2974 5
661 2919 893 2973 vinculis
954 2927 1010 2974 et
1059 2915 1308 2972 eoSIodla
1367 2913 1690 2983 coercuerit,
1739 2917 1888 2990 quod

300 3013 654 3084 apertissime
689 3019 922 3066 testatur
961 3011 1247 3074 Leontius,
1307 3007 1650 3081 consequens
1691 3020 1793 3076 est,
1831 3011 1888 3066 i'n

1961 541 2040 595 rei
2069 533 2274 594 veritas
2305 535 2564 606 emergat.
2597 533 2752 601 Quod
2803 531 3099 605 Agrigento
3145 527 3531 599 Carthaginem

1963 630 2186 687 solverit
2211 625 2509 698 Greg'dri'us
2535 626 2710 698 pridie
2739 623 2860 679 Kal.
2899 617 3094 691 Julias,
3129 635 3306 694 eoque
3340 635 3534 690 perve-

1961 722 2102 776 nerit
2127 728 2249 790 post
2273 719 2389 782 dies
2424 721 2479 784 5,
2511 715 2564 773 in
2605 717 3032 775 controversiam
3063 710 3169 770 non
3205 705 3370 777 venit,
3407 723 3531 766 nam

1963 813 2028 868 ei:
2071 809 2348 870 luculento
2398 804 2609 868 Leontii
2661 809 2976 864 testimonio
3037 805 3323 862 discimus.
3375 795 3533 870 Quod

1967 903 2150 960 itidem
2185 903 2516 974 Carthagine
2542 896 2667 957 cum
2706 885 2908 964 Marco,
2950 893 3270 968 Serapione,
3305 894 3538 950 Leontio

1970 997 2256 1052 monachis
2281 995 2555 1067 prefectus
2588 981 2852 1064 Tripolim
2887 981 3186 1052 advenerit,
3223 982 3452 1058 eirpletis
3483 987 3536 1038 in

1963 1084 2163 1144 itinere
2191 1083 2384 1144 diebus
2403 1087 2495 1153 20,
2537 1086 2722 1156 ibique
2749 1078 3060 1138 diversatus
3112 1077 3352 1134 mensem
3407 1078 3540 1131 intc-

1969 1193 2147 1248 grum,
2193 1177 2432 1248 indeque
2484 1176 2682 1229 iterum
2719 1173 3005 1241 navigans,
3043 1169 3388 1239 quatuorque
3412 1164 3538 1218 navi

1973 1268 2265 1341 impositus
2289 1282 2506 1325 menses
2531 1266 2794 1336 exegerit,
2816 1263 3144 1331 tandemque
3167 1255 3541 1328 Hierosolyma

1972 1362 2221 1427 subierit,
2267 1359 2340 1414 ita
2393 1357 2452 1413 ut
2481 1354 2511 1412 a
2555 1353 2906 1425 Carthaginis
2937 1348 3084 1407 abitu
3120 1353 3184 1406 ad
3237 1341 3544 1418 Hierosoly-

1973 1469 2190 1508 morum
2221 1453 2529 1524 ingres'sum
2559 1449 2776 1504 menses
2812 1445 3226 1502 intercesserint
3262 1443 3294 1498 6
3327 1440 3408 1498 ιιιί
3449 1443 3547 1495 ali-

1974 1541 2105 1615 quid
2145 1543 2381 1614 amplius
2405 1586 2417 1606 ,
2474 1535 2736 1596 Leontius
2775 1533 2930 1610 mque
2966 1529 3234 1610 perhibet,
3276 1545 3335 1590 ut
3365 1537 3548 1590 nullus

1976 1637 2067 1690 hic
2129 1633 2438 1705 ambigendi
2501 1625 2657 1686 locus
2715 1616 3188 1698 s'upersiL'Quod
3239 1627 3369 1682 vero
3424 1625 3550 1680 inde
3643 1687 3648 1692 ι

1977 1725 2274 1784 caietanus
2300 1721 2554 1779 conﬁciat
2597 1719 2970 1793 Hierosolyma
3017 1709 3336 1790 Gregorium
3382 1734 3550 1789 pene-

1906 1787 1949 1842 B
1977 1825 2156 1872 trasse
2185 1815 2424 1870 nondum
2454 1813 2598 1869 anno
2627 1813 2833 1881 elapso,
2865 1825 2930 1866 ex
2961 1824 3070 1880 quo
3099 1809 3271 1878 patria
3295 1807 3549 1872 evaserit,

1980 1925 2081 1965 nec
2111 1910 2268 1979 longe
2318 1923 2347 1961 a
2401 1903 2687 1966 Paschate,
2743 1903 2888 1974 quod
2933 1895 3190 1956 Leontius
3240 1897 3550 1955 confertum

1981 1998 2296 2057 memorat6
2326 1997 2548 2068 Aprilis,
2569 1993 2717 2052 nullo
2740 1995 2904 2050 modo
2924 1990 3242 2065 probamus,
3268 1993 3310 2047 si
3333 1994 3550 2064 quidem

1983 2090 2176 2150 ducem
2201 2089 2412 2146 Leontii
2449 2087 2759 2152 historiam,
2793 2099 2852 2142 ut
2887 2077 3112 2142 omnino
3144 2079 3225 2142 ias
3266 2095 3368 2151 est,
3396 2087 3550 2154 sequi

1984 2187 2257 2250 velimus;
2302 2179 2431 2253 quid
2483 2179 2672 2237 enim?
2699 2173 2917 2235 Marcus
2947 2179 3138 2245 abbas,
3173 2179 3264 2249 qui
3300 2176 3556 2234 Hierosoo

1984 2271 2128 2351 lyma
2177 2273 2502 2347 Gregorium
2555 2273 2898 2328 deduxit.die
2932 2261 3169 2351 sceunda
3209 2269 3240 2326 ιι
3273 2287 3410 2327 nova
3449 2271 3557 2326 Do-

1984 2349 2208 2434 minica,
2231 2367 2354 2438 quae
2381 2363 2603 2420 unicu'm
2634 2362 2868 2430 Pascha,
2899 2358 3044 2432 quod
3087 2349 3285 2418 ibidem
3312 2363 3556 2417 celebra-

1985 2456 2082 2529 vit,
2111 2461 2322 2535 secuta,
2350 2456 2614 2530 Tripolim
2638 2451 2807 2527 Syriae
2837 2447 3130 2524 delitigrat,
3182 2469 3294 2526 quo
3340 2455 3556 2510 devenit

1985 2551 2114 2609 Kal.
2147 2551 2348 2614 Juniis,
2389 2549 2481 2605 ubi
2517 2544 2820 2604 censcensa
2851 2545 2998 2608 na'vi,
3032 2539 3088 2601 in
3122 2545 3364 2624 Siciliam
3401 2548 3554 2601 navi-

1987 2654 2080 2717 gat
2111 2663 2126 2712 ;
2165 2658 2277 2699 xvtt
2307 2641 2427 2697 Kal.
2458 2636 2634 2696 Julias
2667 2637 2734 2694 ad
2770 2637 3122 2694 Pleuthiadas
3151 2653 3278 2692 oras
3314 2638 3556 2707 appellit,

1989 2735 2227 2810 indeque
2266 2731 2625 2816 Acragantem
2674 2727 2919 2797 ﬂuvium,
2966 2727 3132 2802 atque
3180 2728 3308 2796 hinc
3349 2730 3561 2786 Subur-

1987 2830 2140 2890 bi'um
2187 2829 2386 2900 primo,
2437 2827 2585 2899 quod
2625 2819 2931 2894 emporium
2962 2823 3438 2894 Agrigentinorum
3473 2823 3561 2878 di-

1989 2920 2160 2988 ctum,
2181 2921 2307 2978 dein
2326 2916 2516 2976 urbem
2538 2912 2858 2989 ingreditur,
2883 2915 3064 2984 ibique
3085 2915 3172 2969 die
3197 2915 3563 2971 sanctissimis

1991 3015 2257 3092 apustolis
2282 3016 2443 3072 Petro
2475 3005 2527 3071 et
2549 3003 2722 3070 Paulo
2751 3023 2905 3067 sacra
2954 3009 3365 3080 religiosissime
3393 3013 3560 3068 culta.

304 3121 514 3160 annum
551 3103 656 3160 560
691 3099 926 3160 conferri
970 3112 1076 3156 neu
1110 3106 1274 3170 posse
1325 3101 1572 3172 Gregorii
1601 3102 1666 3157 ad
1699 3101 1881 3159 EccleL
1907 3123 1951 3182 α
1984 3113 2247 3186 postridie
2289 3095 2541 3179 contigit,
2591 3103 2652 3160 ut
2706 3101 2949 3174 'Gregorii
3000 3113 3240 3172 parcnlcs
3286 3103 3354 3156 ad
3386 3103 3564 3157 urbem

305 3200 448 3253 siam
476 3206 632 3253 suam
663 3195 918 3250 reditum.
947 3189 1082 3248 Cum
1106 3207 1236 3248 vero
1266 3193 1320 3246 in
1369 3193 1594 3261 reliquis
1623 3192 1888 3250 Iustinia-

305 3291 368 3344 ni
401 3290 419 3344 Ξ
450 3289 612 3344 annis
649 3285 930 3356 utinquam
965 3282 1173 3339 incidat
1213 3284 1270 3338 ll
1311 3280 1646 3354 Septembris
1684 3285 1802 3340 dies
1833 3283 1888 3340 ιιι

307 3381 503 3434 teriam
536 3379 590 3446 7,
647 3382 794 3433 anno
845 3377 992 3433 enim
1045 3371 1142 3432 561
1209 3369 1469 3430 convenit
1523 3375 1577 3430 in
1608 3372 1800 3430 feriam
1834 3377 1888 3438 i,

305 3482 458 3524 Inuo
479 3469 586 3524 562
615 3469 669 3522 in
711 3468 902 3523 feriam
935 3468 992 3534 2,
1022 3481 1169 3521 anno
1205 3465 1310 3520 565
1338 3463 1390 3520 i'n
1432 3464 1621 3521 feriam
1651 3467 1704 3533 5,
1747 3467 1890 3522 anno

299 3562 417 3619 564
440 3565 495 3617 in
533 3561 730 3617 l'eriam
764 3559 820 3625 5,
849 3569 996 3614 anno
1024 3558 1136 3615 565.
1160 3559 1216 3613 in
1251 3557 1442 3612 feria'm
1467 3558 1522 3623 6,
1549 3541 1744 3614 doceat
1768 3568 1890 3613 tan-

305 3656 436 3711 dem
471 3653 793 3717 Caietanus,
821 3667 994 3722 ecqua
1017 3646 1255 3708 ineunda
1287 3653 1393 3713 via,
1433 3667 1541 3721 qua
1567 3649 1888 3722 Gregorium

307 3747 798 3819 Agrigentinorum
857 3744 1178 3813 episcopum
1236 3743 1288 3797 in
1356 3743 1653 3798 'Justiniani
1711 3741 1889 3813 Magni

303 3839 560 3909 tempera
609 3839 976 3900 conferamus,
997 3851 1122 3889 cum
1155 3844 1264 3890 tam
1317 3836 1507 3900 multa,
1549 3851 1723 3906 eaque
1751 3851 1890 3906 pon-

305 3933 461 3986 deris
519 3928 830 4002 gravis‘siml
879 3935 1156 3998 comperta
1217 3927 1378 3983 nobis
1429 3930 1562 3992 sint,
1613 3924 1735 3998 quae
1766 3926 1891 3984 inde

305 4015 612 4091 abjiciant?
1389 4088 1395 4094 ι

381 4115 497 4169 XII.
532 4113 686 4170 Nunc
705 4111 963 4185 quapiam
991 4119 1099 4169 n‘on
1136 4106 1316 4168 stabili
1351 4109 1540 4167 nititur
1568 4106 1890 4168 fundamen-

212 4255 216 4257 ,
307 4216 367 4261 to
397 4206 640 4275 Cajetani
671 4205 856 4275 Opinio
887 4203 954 4260 de
981 4203 1266 4274 Gregorii,
1300 4203 1386 4259 cui
1412 4202 1664 4274 imputat,
1707 4211 1886 4266 aetate,

307 4297 663 4352 commodum
719 4295 886 4360 venit,
925 4305 980 4349 ut
1032 4294 1160 4364 quid
1195 4295 1295 4349 hac
1325 4293 1392 4349 de
1429 4307 1487 4347 re
1512 4294 1767 4358 sentiam,
1797 4293 1890 4348 ali-

307 4387 535 4458 quando
586 4387 803 4442 tandem
854 4401 1178 4456 proponam.
1217 4383 1358 4453 Quid
1398 4381 1529 4440 vero
1559 4400 1883 4455 proponam,

1991 3203 2219 3258 venerint
2246 3192 2544 3254 necessaria
2573 3187 2886 3264 deferentes,
2910 3202 2966 3246 ut
2985 3205 3108 3246 nato
3124 3191 3278 3261 justa
3306 3192 3562 3262 facerent;

1988 3311 2048 3349 eo
2079 3283 2334 3364 siquidem
2361 3283 2445 3344 die
2497 3279 2780 3358 Gregorius
2848 3285 2971 3339 inde
3025 3284 3348 3338 abscesserat
3397 3275 3566 3354 pridie

1989 3371 2114 3440 Κατ.
2137 3383 2339 3438 Julius.
2373 3381 2652 3453 L'acrymis
2681 3379 2849 3452 igitur
2901 3378 3230 3448 planctuque
3259 3378 3386 3432 dum
3432 3377 3564 3431 infe-

1990 3479 2103 3534 rias
2127 3477 2351 3534 solvunt
2372 3475 2504 3539 lilio,
2535 3488 2699 3544 quem
2722 3473 3051 3528 exstinctum
3082 3476 3392 3532 autumant,
3425 3467 3568 3524 Mar-

1992 3559 2092 3626 cus
2121 3568 2621 3625 'monarhusluctus
2637 3580 2860 3622 causam
2885 3563 2954 3619 ab
2976 3563 3232 3634 episcOpo
3254 3549 3569 3618 Potaminne

1992 3645 2338 3722 sciscitatur,
2369 3659 2531 3730 eique
2563 3657 2855 3727 episcopus
2887 3672 2902 3708 :
2929 3653 3070 3707 Audi
3097 3652 3345 3722 (inquit),
3385 3651 3568 3716 Pater,

1979 3753 2100 3819 jam
2135 3761 2185 3806 te
2215 3740 2343 3821 quid
2374 3749 2471 3803 hac
2504 3749 2558 3803 in
2585 3748 2714 3801 urbe
2747 3747 2954 3800 duobus
2991 3743 3182 3798 abhinc
3233 3745 3386 3798 antiis
3443 3761 3570 3798 con—

1993 3829 2188 3916 tigerit,
2249 3841 2491 3896 edocebo.
2554 3839 2694 3917 'l'um
2755 3837 3264 3917 rem‘exsequitur,
3317 3837 3566 3900 narrans,

1991 3923 2134 4006 quas
2165 3936 2414 4006 lugentes
2455 3911 2692 3997 videret,
2724 3926 2978 4001 parentes
3017 3945 3138 3984 esse
3176 3911 3424 4006 Gregorii
3474 3945 3571 3982 cu-

1986 4005 2206 4098 jusdam
2233 4005 2448 4079 eximia:
2473 4021 2585 4093 spei
2617 4009 3003 4084 adolescentis,
3053 4017 3148 4088 qui
3197 4005 3568 4072 archidiaconi

1991 4119 2298 4189 disciplinae
2333 4105 2681 4194 concreditus
2721 4119 2786 4168 ei
2824 4113 3056 4168 civitatis
3087 4111 3262 4166 oculis
3307 4111 3570 4180 eruperit.

1993 4213 2105 4283 Age
2124 4211 2238 4280 jam
2282 4209 2326 4264 si
2356 4190 2654 4277 Gregorius
2717 4207 2910 4276 patriis
2963 4190 3163 4258 iinihus
3211 4195 3348 4258 abiit
3399 4203 3575 4273 pridie

1996 4302 2115 4358 Kal.
2174 4301 2368 4378 Julias,
2402 4303 2447 4354 si
2488 4299 2737 4370 sequenti
2767 4297 2913 4353 anno
2958 4297 3173 4353 Marcus
3234 4298 3401 4353 abbas
3447 4311 3573 4350 cum

1995 4395 2260 4466 Gregorio
2302 4393 2697 4464 Hierosolymis
2729 4393 3018 4448 Paschalis
3053 4392 3316 4446 solemnia
3345 4390 3570 4460 peregit,

307 4481 419 4536 nisi
445 4481 586 4548 quod
614 4493 680 4534 ex
733 4478 1042 4548 Lienologio
1111 4477 1297 4533 Basilii
1331 4477 1348 4530 Ι
1377 4479 1518 4548 Aug.
1565 4479 1892 4532 auctoritate
1926 4483 1968 4539 D
1998 4488 2280 4556 alteroque
2311 4501 2342 4540 ει
2372 4501 2510 4541 nova
2549 4484 2830 4538 Dominica
2862 4484 2950 4538 dic
2991 4483 3119 4536 inde
3165 4482 3444 4552 digreggug
3481 4482 3570 4534 (ιο.

307 4569 573 4636 'ednto,ex
614 4565 930 4626 Snmmario
975 4566 1327 4640 Gregoriame
1378 4571 1504 4622 vitae
1527 4567 1714 4624 Graece
1755 4569 1893 4623 scri-

309 4664 427 4732 pto,
461 4672 527 4717 ex
575 4661 762 4717 Niceta
799 4663 1072 4718 monacho
1127 4659 1360 4726 Stutlite,
1409 4675 1474 4716 ex
1512 4659 1742 4714 Leontio
1795 4675 1892 4716 no-

308 4761 449 4814 stro,
481 4763 546 4806 ex
577 4752 944 4822 Metaphraste
975 4753 1284 4816 haurimus,
1325 4751 1392 4805 ad
1419 4765 1482 4806 ea
1521 4749 1894 4805 scilicetrel‘e-

308 4841 542 4896 rendum
577 4850 824 4912 tempora
863 4835 1186 4912 Gregorium
1222 4882 1237 4908 ,
1275 4841 1476 4910 quibus
1503 4838 1895 4895 Constantino-

305 4935 424 5006 poli
459 4936 800 4991 oacumenica
837 4950 888 4988 νι
939 4937 1184 5003 synodus
1215 4934 1476 4989 adversus
1508 4932 1894 4988 Monothelitas

306 5027 526 5094 coacta,
559 5026 896 5098 proindeque
941 5027 1145 5082 vixisse
1197 5026 1297 5081 sub
1328 5023 1500 5098 Augg'.
1533 5023 1895 5082 Constantino

309 5115 620 5187 Pogonato,
669 5129 722 5173 et
782 5117 1098 5172 Justiniano
1135 5116 1199 5180 ll,
1233 5117 1318 5172 'cui
1357 5133 1387 5170 a
1432 5119 1624 5173 recisis
1667 5119 1894 5172 naribus

311 5224 458 5264 anno
483 5207 594 5263 695
639 5209 707 5263 ab
772 5209 1021 5270 Leontio,
1076 5209 1168 5276 qui
1219 5211 1366 5277 regio
1423 5223 1454 5262 e
1496 5207 1892 5273 thrOnoejemt,

313 5299 653 5357 Rhinotmeti
707 5309 1010 5372 cognomen
1076 5287 1342 5354 inditum?
1389 5297 1534 5354 Nihil
1567 5300 1734 5370 igitur
1767 5301 1894 5355 novi

310 5391 576 5459 atteram;
633 5401 844 5450 tantuin
891 5393 1142 5458 ciliciam,
1179 5407 1246 5446 ne
1305 5407 1468 5462 quem
1508 5390 1752 5461 Cajetani
1798 5409 1895 5446 no-

315 5485 483 5541 minis
504 5486 830 5552 auctoritas,
895 5492 1018 5556 qtia:
1048 5485 1267 5555 quidem
1309 5499 1542 5546 summa,
1573 5500 1604 5538 e
1631 5485 1740 5539 veri
1775 5493 1896 5538 ‘traé

316 5575 448 5630 mite
468 5569 796 5648 'propulset.

387 5667 530 5723 Xlil.
561 5667 844 5738 Principio
879 5669 1243 5739 componendi
1293 5666 1424 5724 mihi
1460 5667 1706 5737 Gregorii
1744 5661 1892 5735 anni,

313 5758 411 5826 qui
441 5773 468 5810 a
499 5763 690 5827 patria:
721 5759 968 5815 discessu
1003 5761 1068 5815 ad
1125 5760 1374 5830 episcopi
1419 5760 1894 5832 inangurationem

619 5854 906 5944 -Pamon.
951 5854 1045 5916 Gn
1109 5851 1374 5916 XCVIII.

1997 4581 2213 4635 sinente
2233 4575 2398 4633 Junio
2422 4578 2778 4648 Agrigentum
2817 4575 3082 4642 pervenit,
3131 4573 3418 4642 pridieqne
3454 4570 3570 4626 Kal.

1994 4671 2167 4728 Julias
2197 4669 2451 4741 Gregorii
2483 4676 2737 4740 parentes
2766 4667 2914 4722 videt
2943 4666 3091 4734 justa
3127 4665 3237 4719 lilio
3289 4665 3572 4723 facientes,

1995 4769 2144 4814 certe
2168 4759 2384 4828 quidem
2417 4773 2482 4813 eo
2513 4758 2602 4813 die
2649 4772 2790 4812 unus
2846 4754 3218 4809 numerandus
3265 4769 3466 4819 annus,
3507 4770 3574 4806 ex

1996 4865 2105 4920 quo
2132 4845 2398 4905 Chariton
2449 4858 2504 4903 et
2542 4831 2818 4902 Theodoto
2847 4845 3228 4900 dulcissimum
3276 4845 3573 4916 optimum-

1996 4957 2103 5012 que
2137 4943 2334 5011 pignus
2375 4941 2702 4994 amiserunt.
2738 4924 2950 4992 Atenim
2979 4937 3268 5007 episcopus
3293 4935 3573 4990 biennium

1997 5040 2185 5084 narrat
2214 5049 2226 5082 :
2253 5045 2539 5100 perperam
2575 5031 2743 5102 igitur
2773 5028 3064 5082 Caietanus
3093 5027 3314 5081 unicum
3351 5042 3576 5096 percen-

1997 5131 2078 5177 sct
2119 5137 2345 5184 annum,
2375 5137 2439 5175 ex
2481 5136 2592 5191 quo
2633 5105 2932 5190 GregoriUs
2967 5119 3142 5188 patria
3182 5117 3347 5174 domo
3386 5132 3572 5172 exces-

1999 5213 2152 5276 serit,
2190 5227 2244 5268 et
2270 5212 2483 5268 Marcus
2506 5211 2757 5284 Gregorii
2795 5199 2990 5266 ductor
3021 5209 3573 5280 Hierosolymitanam

2001 5305 2066 5358 ad
2106 5305 2609 5375 peregrinationem
2644 5292 2997 5375 Agrigentum
3045 5301 3441 5372 Hierosolymis
3483 5322 3525 5351 :t'
3552 5329 3578 5344 ~

2001 5400 2166 5453 venit.
2195 5398 2359 5466 Quid,
2397 5383 2540 5469 quod
2565 5399 2808 5468 ejusdem
2841 5396 3044 5454 biennii
3089 5393 3440 5452 maniiesmm
3483 5411 3575 5452 cx-

1998 5497 2108 5544 stat
2132 5489 2421 5558 vestigium
2447 5489 2501 5542 in
2533 5503 2735 5551 rerum,
2762 5502 2901 5557 quas
2934 5485 3197 5556 Leontius
3231 5487 3576 5556 exsequitur,

1998 5579 2314 5634 narratione
2343 5594 2372 5632 a
2425 5577 2677 5650 Gregorii
2713 5590 2940 5634 excessu
2967 5577 3033 5632 ad
3071 5576 3576 5648 Hierosolymorum

2000 5667 2316 5734 adventum,
2347 5669 2532 5740 ibique
2561 5681 2686 5726 acta
2729 5671 3005 5740 paschalia
3034 5671 3059 5724 ?
3090 5671 3179 5724 Ait
3210 5673 3406 5741 primo,
3443 5669 3570 5723 Gne-

2000 5763 2214 5833 gorinm
2241 5763 2570 5834 Carthagine
2611 5764 2846 5833 hospitio
2883 5771 3168 5832 exceptum
3196 5763 3264 5816 ab
3290 5763 3404 5833 ipso
3440 5774 3568 5816 nau-

3091 5857 3166 5918 38
