3930 6424
405 380 548 446 1195

1285 392 1384 453 DE
1422 393 1684 454 IETATE
1713 395 1774 456 S.
1803 392 2182 457 GBEGDRII
2238 391 2749 460 AGRIGENTIN]

3505 404 3656 475 71"196

398 497 570 562 clero,
595 495 693 568 qui
744 495 878 554 illuc
925 496 1268 565 deduxerat;
1308 502 1398 566 ubi
1446 519 1624 558 rerum
1679 503 2054 566 dicinarumA
2151 501 2328 558 674..
2409 542 2424 560 .
2500 543 2516 558 .
2597 543 2612 558 .
2691 545 2705 558 .
2789 549 2804 560 .
2882 544 2898 559 .
2980 547 2993 560 .
3074 547 3086 561 .
3165 548 3180 562 .
3265 548 3280 565 .
3359 549 3374 564 .
3454 553 3471 568 .
3554 555 3568 569 .
3625 551 3661 570 ..

397 589 928 646 commentationibus
983 591 1192 647 deditus
1245 601 1363 663 post
1407 595 1627 648 biduum
1665 594 1976 664 aliquando,

397 681 682 754 aliquando
741 691 858 752 post
937 684 1211 751 triduum,
1275 702 1651 758 nonnunquam
1716 689 1979 760 integram

2153 601 3666 670 675..............'..

2079 665 2088 757 ξ
2151 707 2278 764 676.
2313 707 2388 763 Ex
2415 723 2604 765 eremo
2635 708 2778 766 redit
2806 665 3208 781 Hierosolyma,
3245 665 3430 782 ibique
3451 665 3668 786 integro

393 773 558 866 etiam,
585 771 964 828 hebdomadam
979 773 1199 845 jejunus
1257 779 1603 850 transigere;
1649 787 1814 850 atque
1851 780 1977 835 hinc
2075 822 2226 863 anno
2256 809 2528 866 considet.

393 864 686 938 intelligas,
743 880 852 920 non
900 866 1172 936 pauxillos
1213 867 1332 926 dies
1381 870 1592 925 mbram
1644 868 1976 942 Carthagine

391 955 588 1012 fecisse
623 955 968 1029 Gregorium.
1025 957 1272 1014 Subinde
1330 957 1840 1026 memoratftantae
1894 961 1970 1016 rei

390 1051 644 1104 nuntium
695 1049 1154 1106 admirabundum
1197 1051 1468 1122 hOSpitem
1493 1052 1746 1111 retulisse
1779 1053 1972 1109 civita-

390 1142 462 1197 tis
495 1147 776 1214 episeopo,
804 1141 898 1212 qui
930 1141 1254 1214 Gregorium
1287 1143 1390 1199 sibi
1437 1145 1668 1200 arcessit
1701 1161 1716 1212 ;
1772 1153 1970 1215 praesto

389 1233 718 1304 Gregorium
744 1233 918 1290 fuisse
945 1252 958 1288 :
989 1234 1155 1290 rebus
1185 1235 1462 1300 omnibus,
1487 1251 1628 1307 quas
1651 1251 1683 1291 a
1709 1237 1967 1307 pontiﬁce

388 1333 633 1394 rogatus,
659 1322 857 1380 fecisse
890 1325 1024 1382 satis
1063 1343 1076 1380 :
1117 1333 1231 1380 tum
1261 1325 1481 1380 demum
1534 1326 1776 1396 petiisse,
1837 1340 1968 1381 san-

385 1426 473 1473 cte
513 1417 618 1474 sibi
668 1425 1079 1488 apprecaretur,
1116 1433 1226 1488 quo
1275 1417 1569 1472 consilium
1613 1433 1774 1472 suum
1805 1432 1964 1474 sacra

386 1507 896 1580 Hierosolymorum
953 1507 1072 1562 loca
1129 1507 1390 1562 adorandi
1450 1509 1654 1578 optime
1699 1509 1960 1566 cederet:

386 1599 587 1666 fausta,
646 1599 1239 1670 propitia_ominatum
1290 1599 1630 1670 episcopum,
1687 1600 1961 1670 simulque

385 1708 576 1749 orasse
609 1692 748 1762 apud
777 1691 948 1762 ipsum
979 1690 1049 1744 ad
1079 1691 1240 1760 festos
1269 1707 1438 1760 usque
1487 1699 1796 1763 sanctosque
1847 1693 1957 1748 dies

385 1793 618 1840 maneat.
650 1782 748 1839 Hic
773 1797 959 1854 quaaro
999 1783 1222 1854 quinam
1249 1783 1304 1837 hi
1331 1782 1480 1845 feSIi,
1503 1785 1790 1853 sanctique
1815 1784 1952 1850 dies,

2146 908 2272 966 677.
2303 891 2693 983 Hierosolymis
2731 913 3003 984 demigrat
3033 914 3380 972 Antiochiam
3436 931 3490 972 tv
3536 915 3670 975 ldus

2071 1009 2294 1080 Aprilis,
2329 1023 2686 1083 moraturque
2705 1029 2918 1068 annum
2945 1029 2984 1068 I.

2141 1109 2264 1166 678.
2299 1111 2588 1168 Antiochia
2632 1115 2850 1190 divenit
2901 1114 3457 1186 Constantinopolim,
3500 1118 3590 1172 ubi
3631 1133 3666 1174 a
3707 1112 3715 1122 ’

2069 1200 2357 1259 Theodoro
2389 1206 2695 1274 patriarcha
2721 1208 3023 1274 detinetur,
3048 1222 3159 1278 quo
3195 1207 3414 1264 indictae
3451 1211 3666 1280 synodo

2067 1297 2418 1352 mcumeriicte
2454 1297 2691 1352 intersit.

2137 1393 3662 1458 679................

2135 1495 2259 1554 680.
2296 1497 2544 1555 Concilio
2579 1515 2628 1554 vt
2657 1501 3022 1566 (ecumenico,
3055 1515 3116 1554 ιιι
3145 1501 3663 1571 Constantinopoli-

2065 1596 2193 1680 tano
2209 1589 2386 1656 adest,
2413 1589 2656 1660 episcOpi
2694 1589 2937 1644 Sardica:
2963 1589 3301 1645 Constantia:
3330 1590 3493 1661 Cypri
3528 1609 3658 1662 per-

2061 1695 2254 1736 sonam
2311 1695 2527 1752 gereus,
2587 1681 2952 1752 haeresimque
3005 1681 3488 1737 Monothclitarnm
3525 1700 3661 1755 pro-

2058 1770 2230 1842 ﬂigat.

385 1877 489 1931 nisi
519 1883 614 1929 aut
641 1844 847 1928 Christi
881 1844 1114 1940 Natalia,
1143 1881 1239 1928 aut
1271 1844 1558 1928 Paschalia
1585 1873 1608 1926 ?
1650 1844 1792 1943 Ergo
1829 1844 1956 1928 cum
1989 1844 2032 1898 Β
2130 1871 2256 1926 681.
2277 1870 2748 1941 Constantinopoli
2781 1873 2990 1942 appetit
3019 1872 3270 1938 Romam,
3306 1890 3470 1943 quam
3506 1875 3634 1932 subi

379 1967 889 2036 Carthaginiensem
958 1967 1278 2037 episcopum
1337 1967 1593 2022 convenit
1638 1965 1955 2038 Gregorius,

377 2076 488 2115 non
517 2058 710 2130 procul
741 2059 931 2114 aberat
980 2059 1096 2115 sive
1137 2059 1339 2114 natalis
1391 2057 1600 2114 Christi
1652 2058 1793 2126 dies,
1845 2059 1958 2114 sive

377 2153 588 2208 Pascha
617 2171 630 2206 :
661 2152 789 2224 quis
811 2151 958 2208 enim
989 2151 1092 2208 sibi
1139 2153 1392 2220 suadeat,
1433 2151 1790 2222 proposuisse
1845 2153 1960 2223 epi-

377 2260 606 2316 scopum
671 2244 740 2300 ad
795 2242 1068 2298 diutinum
1118 2251 1334 2313 tempus
1393 2242 1622 2298 detineri
1678 2242 1956 2300 hominem

375 2334 758 2408 proﬁciscendi
803 2333 1076 2390 desiderio
1093 2333 1454 2405 ﬂagrantem?
1477 2335 1532 2390 ln
1541 2333 1694 2388 terim
1712 2333 1956 2406 (subjicit

375 2427 660 2499 Leontius)
689 2427 932 2482 nondum
979 2427 1172 2482 aderat
1205 2425 1423 2484 Marcus
1476 2427 1668 2495 abbas,
1717 2427 1812 2498 qui
1857 2425 1956 2482 Dei

375 2522 591 2576 monitu
619 2519 946 2588 Gregorium
979 2517 1360 2591 Hierosolyma
1403 2519 1725 2590 perduceret
1755 2537 1768 2574 :
1801 2519 1957 2574 adest

371 2613 591 2667 tandem
655 2627 780 2666 cum
842 2609 1180 2680 Serapione,
1243 2621 1297 2666 et
1341 2610 1592 2677 Leontio,
1638 2611 1955 2679 exactisque

370 2705 706 2774 Carthagine
735 2711 973 2774 quatuor
995 2703 1224 2757 omnino
1248 2701 1465 2766 diebus,
1497 2718 1605 2757 una
1647 2717 1837 2758 omnes
1867 2701 1953 2756 di-

370 2797 718 2868 grediuntur.
755 2793 820 2850 Et
848 2809 980 2850 vero
1001 2810 1126 2850 cum
1162 2793 1454 2851 considero
1474 2795 1774 2852 exhaustos
1813 2795 1954 2850 mari

371 2885 696 2957 aGregorio
747 2899 872 2940 cum
926 2885 1218 2940 monachis
1275 2900 1496 2942 menses
1547 2885 1602 2952 5,
1659 2895 1950 2957 postquam

368 2981 702 3052 Carthagine
753 2979 1114 3046 recesserint,
1165 2987 1225 3039 ut
1271 2985 1488 3049 portum
1541 2978 1776 3048 aliquem
1831 2976 1952 3032 sub-

377 3075 546 3138 irent,
574 3073 719 3128 unde
739 3071 1114 3143 Hierosolyma
1137 3069 1348 3140 pedites
1385 3069 1800 3133 contenderent,
1837 3067 1954 3121 nul-

2062 1981 2114 2020 ιι
2153 1963 2270 2019 Kal.
2307 1962 2498 2028 Julias,
2543 1967 2740 2020 exinde
2789 1965 3078 2034 episcopus
3115 1967 3393 2037 Agrigenti
3451 1984 3657 2022 renun-

2062 2055 2224 2110 tiatur
2240 2071 2272 2111 a
2290 2055 2680 2111 Panormitano
2700 2055 2981 2125 Agathone
3005 2056 3064 2111 Ρ.
3107 2055 3200 2120 Μ..
3228 2074 3347 2111 mox
3380 2058 3655 2128 Agrigen-

2060 2154 2174 2200 tum
2231 2145 2508 2216 prol'ectus
2554 2140 2686 2200 xviii
2735 2143 2854 2201 Kal.
2909 2146 3291 2218 Septembres,
3327 2149 3516 2206 urbem
3567 2149 3652 2203 in.

2063 2238 2308 2310 greditur
2335 2255 2424 2294 xvr
2464 2236 2584 2293 Kal.
2623 2239 2910 2296 Octobres.

2131 2338 2321 2395 XV.A
2351 2340 2600 2408 Gregorii
2634 2339 2758 2410 fuga
2808 2341 2982 2410 patria
3039 2357 3071 2396 e
3123 2341 3286 2396 domo
3333 2343 3398 2396 ad
3451 2343 3641 2398 initum

2053 2433 2424 2504 Agrigentinus
2449 2433 2718 2488 Ecclesiae
2745 2435 3138 2502 pontiﬁcatum,
3173 2435 3238 2490 l3
3271 2435 3398 2489 amri
3433 2447 3643 2505 praetcr-

2055 2521 2166 2576 iere
2209 2540 2224 2576 :
2263 2521 2488 2577 totidem
2547 2521 2718 2577 enim“
2753 2533 3006 2578 numerat
3067 2523 3329 2579 Chariten
3393 2523 3639 2596 Gregorii

2055 2624 2228 2685 pater,
2288 2615 2418 2670 dum
2468 2615 2534 2670 de
2589 2615 2796 2671 amisso
2852 2615 2960 2670 ﬁlio
3005 2616 3178 2670 ﬁlium
3240 2617 3438 2687 ipsum.
3477 2633 3638 2686 quem

2055 2706 2235 2761 adhuc
2284 2721 2390 2762 non
2443 2716 2759 2774 agnoverat,
2815 2705 3001 2762 Romae
3057 2709 3214 2762 docet
3243 2725 3260 2774 ;
3294 2707 3478 2764 Roma:
3511 2723 3640 2762 vero

2055 2797 2240 2851 aderat
2271 2811 2394 2852 eum
2421 2797 2792 2869 Agrigentinis
2817 2799 3052 2862 caeteris,
3085 2799 3180 2868 qui
3219 2800 3336 2852 dari
3378 2799 3480 2854 sibi
3520 2797 3642 2868 epi-

2055 2903 2284 2958 scopum
2320 2889 2671 2958 postulabant
2699 2903 2730 2943 a
2763 2887 2823 2944 P.
2857 2887 2954 2954 M.,
2985 2891 3208 2960 quando
3238 2891 3471 2960 populus
3489 2892 3640 2947 varia

2055 2977 2111 3033 in
2143 2979 2324 3035 studia
2349 2980 2562 3036 divisus
2592 2981 2645 3034 in
2671 2996 2796 3036 eum
2823 2983 3261 3037 constituendum
3285 2999 3392 3038 non
3417 2965 3640 3054 conspi-

2053 3079 2290 3125 raverat.
2326 3069 2445 3125 lam
2488 3073 2532 3126 si
2581 3073 2754 3141 patria
2803 3087 3058 3142 egressus
3109 3073 3405 3144 Gregorius
3466 3075 3643 3146 pridie

372 3166 466 3222 lus
495 3165 762 3230 dubitem,
817 3163 947 3233 quin
1003 3175 1255 3232 suscepta
1305 3161 1376 3214 sit
1424 3158 1698 3230 navigatio
1752 3157 1952 3212 clausis
1978 3177 2024 3241 ρ
2056 3159 2176 3214 Kal.
2209 3160 2380 3218 Julias
2405 3163 2528 3216 anni
2560 3163 2687 3229 669,
2720 3164 2912 3220 eodem
2943 3164 3032 3219 die
3061 3167 3190 3219 anni
3225 3167 3323 3220 est
3361 3165 3641 3221 numerari

372 3259 620 3316 maribus
659 3257 907 3326 proxime
955 3252 1160 3309 Christi
1223 3251 1470 3318 Natalia;
1506 3267 1633 3306 cum
1687 3260 1950 3320 opportun-

369 3347 514 3405 niori
562 3346 691 3401 anni
736 3353 1060 3415 tempestate
1112 3359 1182 3398 ne
1235 3341 1443 3398 mensis
1486 3341 1705 3412 quidem
1759 3340 1952 3394 fuisset

368 3438 560 3511 pelago
607 3435 996 3492 absumendus.
1049 3433 1236 3503 itaque
1283 3433 1330 3490 si
1369 3447 1400 3488 a
1441 3430 1790 3501 Carthaginis
1839 3429 1950 3484 dis-

367 3545 528 3587 cessu
557 3529 624 3584 ad
665 3527 1027 3599 navigationis
1064 3528 1270 3582 exitum
1306 3538 1526 3580 menSes
1558 3522 1592 3578 6
1640 3523 1748 3578 acti
1799 3521 1950 3593 (nam

369 3623 664 3680 menseml
703 3616 911 3691 Tripoli
936 3621 1281 3688 consedere),
1306 3618 1460 3690 sique
1515 3615 1796 3672 Decembri
1831 3613 1949 3668 vela

368 3711 703 3782 Carthagine
732 3709 931 3774 fecere,
961 3723 1046 3764 me
1079 3707 1444 3778 navigationis
1486 3706 1610 3762 ﬁnis
1657 3703 1947 3774 impositus

367 3803 556 3870 Juuio,
605 3805 854 3874 ideoque,
907 3801 1217 3866 minimum,
1268 3798 1415 3855 lulio
1450 3796 1828 3868 Hierosolyma
1864 3795 1945 3850 in-

367 3895 565 3968 gressi,
598 3903 712 3950 tum
742 3891 888 3964 quod
936 3891 1028 3947 illa
1074 3891 1338 3946 nimium.
1369 3897 1634 3960 quantum
1681 3887 1864 3942 absint
1914 3899 1948 3940 a

367 3967 533 4053 mari,
589 3967 702 4044 tum
761 3985 908 4058 quod
948 3987 1050 4040 iter
1082 3982 1304 4038 nonnisi
1330 3983 1581 4052 pedestre
1608 3977 1944 4035 confectum.

365 4079 560 4137 Jamne
587 4088 813 4151 apparet
839 4075 1075 4140 Pascha,
1133 4073 1280 4146 quod
1333 4071 1733 4141 Hierosolymis
1777 4070 1949 4126 coluit

367 4174 690 4244 Gregorius,
723 4187 832 4228 non
866 4171 1130 4242 primum,
1161 4167 1256 4224 sed
1287 4167 1516 4221 alterum
1563 4163 1754 4230 fuisse,
1799 4163 1946 4232 quod

365 4266 750 4322 celebrandum
779 4262 1041 4327 occurrit,
1089 4269 1380 4331 postquam
1419 4255 1648 4327 patriam
1687 4255 1946 4310 deserue-

366 4355 481 4412 rit?
511 4349 610 4410 llis'
636 4353 848 4424 positis,
875 4365 1142 4406 canonem
1177 4349 1326 4402 hunc
1370 4346 1678 4409 instituam,
1732 4343 1826 4414 qui
1876 4341 1942 4396 ad

367 4463 596 4504 examen
629 4443 860 4501 subinde
899 4441 1211 4506 vocabitur,
1245 4451 1354 4509 quo
1403 4453 1512 4501 res,
1554 4451 1674 4506 qua:
1729 4434 1942 4488 in'mc-

367 4542 519 4598 dium
547 4537 714 4602 venit,
748 4535 1082 4606 ponderibus
1121 4531 1236 4586 suis
1281 4530 1546 4584 ﬁrmetur.

437 4628 580 4684 XIV.
621 4630 772 4682 Anno
803 4624 1025 4678 Christi.

436 4717 769 4776 069.1‘ridie
794 4713 908 4768 Kal.
953 4711 1126 4768 Julias
1167 4709 1461 4781 Agrigento
1508 4705 1672 4762 solvit
1717 4706 1945 4760 Cartha-

366 4815 545 4884 ginmt
567 4807 888 4878 Gregorius,
921 4806 1014 4860 ubi
1052 4811 1176 4872 post
1201 4803 1315 4858 dies
1345 4809 1454 4857 tres
1495 4797 1779 4855 exscendit
1809 4797 1940 4852 inde

367 4905 646 4976 digressus
681 4913 868 4955 mense
891 4896 1194 4953 Decembri.

435 4997 559 5054 670.
621 4996 858 5067 Appellit
901 4991 1162 5064 Tripolim
1219 5003 1406 5044 mense
1447 4983 1728 5050 Januario,
1764 4985 1947 5053 ibique

367 5108 555 5151 mense
593 5098 870 5145 transacto
893 5085 1106 5154 navigat
1138 5085 1357 5146 iterum,
1387 5079 1762 5146 coniectisque
1795 5092 1948 5133 men-

368 5184 523 5239 sibus
549 5182 582 5235 4
605 5221 619 5244 ,
661 5177 1034 5246 Hierosolyma
1068 5175 1214 5229 venit
1243 5171 1386 5228 Julio
1419 5185 1627 5226 mense.

437 5265 736 5344 305,671.
758 5267 1148 5340 Hierosolymis
1169 5265 1378 5322 Pascha
1399 5263 1706 5318 celebratur
1724 5259 1758 5318 6
1785 5259 1944 5330 Apri-

367 5363 436 5420 lis
474 5381 488 5417 :
529 5363 851 5417 Pentecoste
872 5357 1124 5416 ‘diac’onis
1145 5365 1467 5412 accensetur
1501 5369 1532 5408 a
1563 5353 1798 5409 Macario
1823 5352 1942 5422 epi-

368 5470 583 5524 sc0po;
623 5453 818 5508 deinde
852 5453 905 5505 in
957 5447 1230 5505 Olivctum
1295 5455 1532 5502 montem
1585 5447 1720 5509 abit,
1748 5461 1944 5500 mona-

367 5546 597 5602 chorum
629 5543 770 5598 larcs
804 5539 1173 5613 peragratpin
1205 5540 1380 5610 iisque
1429 5551 1634 5592 annum
1667 5536 1835 5606 degit.
1934 5538 1940 5546 ³

385 5623 392 5632 ’
437 5637 562 5692 672.
613 5636 688 5691 Ex
719 5611 1162 5693 OlivetoiseCedit
1189 5633 1244 5686 iu
1269 5647 1536 5698 eremum,
1564 5633 1653 5688 ubi
1685 5633 1817 5687 vivit
1846 5647 1946 5685 an-

368 5744 470 5781 nos
499 5745 572 5782 IV.

2053 3265 2263 3323 coeptus
2310 3271 2490 3310 annus
2544 3256 2609 3311 l5
2651 3271 2716 3310 ex
2771 3271 2883 3326 quo
2935 3267 3090 3327 pater
3146 3259 3472 3315 suavissimo
3523 3258 3642 3313 ﬁlio

2049 3345 2286 3400 carebat.
2330 3345 2448 3400 Huc
2499 3348 2732 3415 accedit,
2783 3364 2908 3404 eum
2965 3349 3272 3406 Romanum
3322 3349 3640 3420 pontiﬁcem

2051 3448 2246 3488 manus
2283 3433 2528 3501 Gregorii
2569 3437 2735 3505 capiti
2792 3438 3120 3508 imposuisse
3155 3440 3639 3512 Agrigentinorum

2050 3525 2308 3594 episcopo
2335 3527 2594 3592 creando,
2625 3529 2718 3598 qui
2748 3541 2802 3584 et
2831 3531 3057 3602 legatos,
3091 3540 3144 3586 et
3171 3531 3456 3603 episcopos
3481 3548 3642 3588 tecu-

2049 3615 2276 3670 menicae
2307 3618 2521 3687 synodo
2571 3619 2814 3685 miserat,
2850 3623 2995 3690 quod
3025 3637 3089 3677 ex
3130 3623 3354 3678 Leontio
3397 3635 3640 3688 constat,

2049 3705 2209 3776 cujus
2232 3708 2346 3762 haec
2378 3709 2540 3764 verba
2571 3726 2584 3762 :
2629 3709 2734 3765 Sed
2763 3713 2992 3781 episcopi
3035 3715 3090 3768 in
3118 3717 3401 3770 concilium
3436 3733 3469 3770 a
3504 3733 3641 3784 pon-

2049 3798 2188 3868 tiﬁce
2220 3801 2372 3853 missi
2393 3787 2634 3872 Gregorii
2659 3802 2908 3858 adventui
2935 3815 3310 3864 antevertentes
3333 3809 3636 3879 pontiﬁcem

2047 3889 2219 3958 ipsum
2263 3889 2572 3956 docuerant,
2605 3889 2844 3964 Gregorii
2873 3895 3068 3950 virtute
3112 3913 3174 3950 ac
3217 3900 3480 3967 sapientia
3526 3901 3637 3953 lia:-

2049 3981 2330 4034 reticorum
2365 3982 2652 4034 audaciam
2699 3983 3155 4056 petulantiamque
3190 4004 3505 4057 repressam.
3538 3989 3637 4042 In-

2050 4079 2190 4124 terea
2217 4069 2344 4123 dum
2375 4070 2556 4125 Romae
2586 4072 2726 4142 degit
2787 4072 3096 4145 Gregorius,
3145 4077 3286 4132 diem
3335 4079 3444 4133 obit
3485 4081 3640 4150 Agri-

2045 4155 2289 4230 gentinus
2352 4162 2624 4230 episcopus
2685 4161 3054 4234 (Theodorus)
3133 4185 3430 4240 magnaque
3504 4171 3638 4226 adeo

2045 4253 2322 4322 Agrigenti
2348 4252 2536 4306 seditio
2557 4265 2763 4320 coorta,
2799 4255 2982 4312 turbas
3019 4259 3256 4328 agitante
3283 4263 3477 4330 populo
3499 4278 3520 4318 :
3549 4274 3630 4317 αι-

2045 4361 2142 4414 que
2176 4344 2230 4397 hi
2255 4344 2460 4414 quidem
2481 4341 2735 4400 Sabinum
2774 4349 3357 4419 presbyterum,contra
3377 4354 3459 4408 illi
3479 4356 3639 4412 Cres-

2047 4446 2241 4490 centem
2259 4439 2537 4492 diaconum
2553 4440 2832 4511 eligebant.
2855 4441 3066 4498 Interea
3089 4445 3277 4499 delecti
3289 4463 3362 4508 ea:
3381 4447 3641 4520 Agrigen-

1977 4523 2018 4578 D
2047 4531 2162 4586 tina
2190 4527 2450 4596 Ecclesia,
2479 4541 2634 4603 atque
2667 4549 2730 4588 ea:
2750 4534 2994 4604 ﬁnitimis
3016 4537 3277 4607 primores
3305 4543 3639 4596 maritimum

2047 4619 2149 4676 iter
2179 4624 2406 4693 ingressi
2437 4623 2657 4678 Romam
2681 4627 2996 4696 trajiciunt,
3026 4630 3299 4698 postulant
3341 4650 3372 4685 a
3392 4635 3641 4703 pontiﬁce

2046 4713 2150 4769 sibi
2179 4717 2480 4787 episcopum
2508 4718 2700 4772 creari.
2739 4717 2913 4776 Porro
2952 4720 3190 4792 Agatho,
3229 4740 3343 4794 quo
3380 4728 3640 4795 pontiﬁce

2047 4815 2236 4861 coal-ta
2249 4807 2721 4878 Constantinopoli
2752 4811 2992 4882 synodus
3024 4816 3388 4883 meumenica,
3425 4818 3640 4874 ohiittv

2049 4899 2104 4954 id
2113 4918 2172 4956 us
2194 4899 2485 4958 ianuarias
2504 4903 2632 4957 anni
2654 4901 2778 4964 682,
2801 4917 3034 4973 eumque
3052 4909 3644 4980 secutuminterpouti-

2050 4991 2230 5046 ﬁcium
2281 4993 2410 5048 anni
2472 4992 2636 5049 unius
2688 4995 2959 5050 mensium
3015 4995 3045 5048 7
3095 4997 3306 5053 dierum
3339 5001 3374 5054 5
3421 5001 3636 5070 (Anast.

2047 5083 2306 5138 Biblioth.
2358 5084 2420 5138 in‘
2475 5084 2721 5156 Agath.).
2775 5085 2910 5139 Cum
2958 5101 3089 5142 vero
3127 5087 3422 5159 Gregorius
3472 5091 3638 5146 simul

2049 5191 2114 5230 ac
2142 5175 2330 5230 Roma:
2352 5175 2832 5246 Agrigentinorum
2867 5177 3155 5248 episcopus
3197 5180 3392 5246 audiit,
3443 5181 3546 5236 iter
3579 5185 3634 5236 in

2050 5263 2346 5320 Ecclesiam
2391 5281 2544 5320 suam
2575 5265 2904 5335 suScepisset
2941 5281 3072 5321 λνιιι
3113 5265 3244 5345 Kal._
3265 5267 3634 5338 Septembres,

2049 5357 2234 5426 conﬁt,
2263 5357 2481 5412 nonnisi
2521 5372 2665 5412 anno
2695 5357 2794 5411 081
2830 5359 3200 5428 episcopatum
3222 5359 3410 5416 iniisse
3437 5379 3452 5430 ;
3484 5363 3636 5417 inde-

2049 5435 2153 5520 que
2213 5449 2512 5503 numeratis
2571 5456 2716 5502 retro
2769 5449 2930 5502 annis
2980 5449 3046 5504 15
3088 5459 3145 5504 ut
3195 5445 3398 5520 epocha
3440 5452 3632 5523 ligatur

2048 5539 2408 5610 Gregoril'ugii
2439 5556 2469 5594 e
2499 5540 2694 5608 patria,
2739 5539 2804 5593 ad
2841 5555 3043 5594 annum
3078 5543 3461 5611 perveniemus
3503 5542 3636 5616 669,.

2047 5631 2366 5695 Caietanus,
2393 5631 2527 5684 nihil
2558 5631 2709 5700 pensi
2757 5631 2983 5696 habens,
3016 5633 3184 5700 quod,
3223 5649 3334 5701 quo
3377 5631 3631 5701 pontiﬁce

2049 5724 2213 5780 coivit
2244 5723 2711 5794 Constantinopoli
2748 5739 2941 5795 magna
2977 5723 3236 5794 synodus,
3269 5725 3457 5778 eodem
3497 5723 3627 5778 Gre-

2049 5817 2234 5887 gorius
2292 5817 2771 5886 Agrigentinorum
2811 5818 2989 5872 dictus
3029 5818 3342 5886 ι’ρὶδιοῡωὸ.
3377 5806 3620 5872 creatum
