  <div class='ocr_page' id='page_1' title='image "/cluster/home/n/w/nwhite01/storage/ocr_20150623/98/coo.31924054870021/608.png"; bbox 0 0 3930 6374; ppageno 0'>
   <div class='ocr_carea' id='block_1_1' title="bbox 309 399 452 468">
    <p class='ocr_par' dir='ltr' id='par_1_1' title="bbox 309 399 452 468">
     <span class='ocr_line' id='line_1_1' title="bbox 309 399 452 468; baseline 0.007 -2"><span class='ocrx_word' id='word_1_1' title='bbox 309 399 452 468; x_wconf 77' lang='grc'>1197</span> 
     </span>
    </p>
   </div>
   <div class='ocr_carea' id='block_1_2' title="bbox 1647 397 2177 460">
    <p class='ocr_par' dir='ltr' id='par_1_2' title="bbox 1647 397 2177 460">
     <span class='ocr_line' id='line_1_2' title="bbox 1647 397 2177 460; baseline -0.009 -1"><span class='ocrx_word' id='word_1_2' title='bbox 1647 397 2177 460; x_wconf 82' lang='lat' dir='ltr'><strong>DISSERTATIO.</strong></span> 
     </span>
    </p>
   </div>
   <div class='ocr_carea' id='block_1_3' title="bbox 3431 386 3573 458">
    <p class='ocr_par' dir='ltr' id='par_1_3' title="bbox 3431 386 3573 458">
     <span class='ocr_line' id='line_1_3' title="bbox 3431 386 3573 458; baseline -0.007 -3"><span class='ocrx_word' id='word_1_3' title='bbox 3431 386 3573 458; x_wconf 77' lang='lat'><strong>1198</strong></span> 
     </span>
    </p>
   </div>
   <div class='ocr_carea' id='block_1_4' title="bbox 295 487 3576 580">
    <p class='ocr_par' dir='ltr' id='par_1_4' title="bbox 295 487 3576 580">
     <span class='ocr_line' id='line_1_4' title="bbox 295 487 3576 580; baseline -0.002 -16"><span class='ocrx_word' id='word_1_4' title='bbox 295 507 456 564; x_wconf 90' lang='lat' dir='ltr'><strong>illum</strong></span> <span class='ocrx_word' id='word_1_5' title='bbox 506 507 826 580; x_wconf 80' lang='lat' dir='ltr'><strong>episcopum</strong></span> <span class='ocrx_word' id='word_1_6' title='bbox 880 508 1129 580; x_wconf 88' lang='lat' dir='ltr'><strong>perbibet</strong></span> <span class='ocrx_word' id='word_1_7' title='bbox 1157 524 1187 564; x_wconf 90' lang='lat' dir='ltr'><strong>a</strong></span> <span class='ocrx_word' id='word_1_8' title='bbox 1211 506 1456 579; x_wconf 83' lang='lat' dir='ltr'><strong>Pelagio,</strong></span> <span class='ocrx_word' id='word_1_9' title='bbox 1489 507 1584 578; x_wconf 92' lang='lat' dir='ltr'><strong>qui</strong></span> <span class='ocrx_word' id='word_1_10' title='bbox 1621 507 1890 564; x_wconf 72' lang='lat' dir='ltr'><strong>successit</strong></span> <span class='ocrx_word' id='word_1_11' title='bbox 1917 513 1963 570; x_wconf 74' lang='grc' dir='ltr'>Α</span> <span class='ocrx_word' id='word_1_12' title='bbox 2047 501 2210 557; x_wconf 77' lang='lat' dir='ltr'><strong>XVII.</strong></span> <span class='ocrx_word' id='word_1_13' title='bbox 2241 501 2410 558; x_wconf 77' lang='lat' dir='ltr'><strong>Venio</strong></span> <span class='ocrx_word' id='word_1_14' title='bbox 2433 515 2579 558; x_wconf 88' lang='lat' dir='ltr'><strong>nunc</strong></span> <span class='ocrx_word' id='word_1_15' title='bbox 2607 501 2673 560; x_wconf 87' lang='lat' dir='ltr'><strong>ad</strong></span> <span class='ocrx_word' id='word_1_16' title='bbox 2691 487 2974 558; x_wconf 82' lang='lat' dir='ltr'><strong>Pasehatis</strong></span> <span class='ocrx_word' id='word_1_17' title='bbox 2993 499 3390 566; x_wconf 73' lang='lat' dir='ltr'><strong>characterem,</strong></span> <span class='ocrx_word' id='word_1_18' title='bbox 3411 513 3576 573; x_wconf 83' lang='lat' dir='ltr'><strong>atque</strong></span> 
     </span>
    </p>
   </div>
   <div class='ocr_carea' id='block_1_5' title="bbox 294 599 1894 674">
    <p class='ocr_par' dir='ltr' id='par_1_5' title="bbox 294 599 1894 674">
     <span class='ocr_line' id='line_1_5' title="bbox 294 599 1894 674; baseline -0.001 -18"><span class='ocrx_word' id='word_1_19' title='bbox 294 599 522 672; x_wconf 77' lang='lat' dir='ltr'><strong>Vigilio,</strong></span> <span class='ocrx_word' id='word_1_20' title='bbox 557 601 662 657; x_wconf 97' lang='lat' dir='ltr'><strong>sub</strong></span> <span class='ocrx_word' id='word_1_21' title='bbox 699 617 812 674; x_wconf 89' lang='lat' dir='ltr'><strong>quo</strong></span> <span class='ocrx_word' id='word_1_22' title='bbox 841 600 1144 673; x_wconf 78' lang='lat' dir='ltr'><strong>synodusv</strong></span> <span class='ocrx_word' id='word_1_23' title='bbox 1191 601 1528 657; x_wconf 84' lang='lat' dir='ltr'><strong>oecnmenica</strong></span> <span class='ocrx_word' id='word_1_24' title='bbox 1577 600 1894 656; x_wconf 85' lang='lat' dir='ltr'><strong>Constanti-</strong></span> 
     </span>
    </p>
   </div>
   <div class='ocr_carea' id='block_1_6' title="bbox 278 688 1890 767">
    <p class='ocr_par' dir='ltr' id='par_1_6' title="bbox 278 688 1890 767">
     <span class='ocr_line' id='line_1_6' title="bbox 278 688 1890 767; baseline -0.001 -18"><span class='ocrx_word' id='word_1_25' title='bbox 278 688 486 764; x_wconf 68' lang='lat' dir='ltr'><strong>‘nopoli</strong></span> <span class='ocrx_word' id='word_1_26' title='bbox 516 706 779 766; x_wconf 88' lang='lat' dir='ltr'><strong>peracta:</strong></span> <span class='ocrx_word' id='word_1_27' title='bbox 823 704 884 752; x_wconf 88' lang='lat' dir='ltr'><strong>ut</strong></span> <span class='ocrx_word' id='word_1_28' title='bbox 925 695 1148 752; x_wconf 80' lang='lat' dir='ltr'><strong>interim</strong></span> <span class='ocrx_word' id='word_1_29' title='bbox 1209 695 1482 764; x_wconf 87' lang='lat' dir='ltr'><strong>omittam,</strong></span> <span class='ocrx_word' id='word_1_30' title='bbox 1537 694 1680 767; x_wconf 87' lang='lat' dir='ltr'><strong>quod</strong></span> <span class='ocrx_word' id='word_1_31' title='bbox 1739 694 1890 749; x_wconf 90' lang='lat' dir='ltr'><strong>illum</strong></span> 
     </span>
    </p>
   </div>
   <div class='ocr_carea' id='block_1_7' title="bbox 297 785 1895 861">
    <p class='ocr_par' dir='ltr' id='par_1_7' title="bbox 297 785 1895 861">
     <span class='ocr_line' id='line_1_7' title="bbox 297 785 1895 861; baseline 0.001 -20"><span class='ocrx_word' id='word_1_32' title='bbox 297 785 503 861; x_wconf 72' lang='lat' dir='ltr'><strong>Vigilio</strong></span> <span class='ocrx_word' id='word_1_33' title='bbox 549 788 840 844; x_wconf 70' lang='lat' dir='ltr'><strong>suffectum</strong></span> <span class='ocrx_word' id='word_1_34' title='bbox 893 787 1064 844; x_wconf 90' lang='lat' dir='ltr'><strong>edicit</strong></span> <span class='ocrx_word' id='word_1_35' title='bbox 1112 803 1260 844; x_wconf 86' lang='lat' dir='ltr'><strong>anno</strong></span> <span class='ocrx_word' id='word_1_36' title='bbox 1311 788 1456 854; x_wconf 83' lang='lat'><strong>555,</strong></span> <span class='ocrx_word' id='word_1_37' title='bbox 1518 803 1642 844; x_wconf 88' lang='lat' dir='ltr'><strong>cum</strong></span> <span class='ocrx_word' id='word_1_38' title='bbox 1701 802 1895 856; x_wconf 72' lang='lat' dir='ltr'><strong>reapse</strong></span> 
     </span>
    </p>
   </div>
   <div class='ocr_carea' id='block_1_8' title="bbox 299 879 1892 953">
    <p class='ocr_par' dir='ltr' id='par_1_8' title="bbox 299 879 1892 953">
     <span class='ocr_line' id='line_1_8' title="bbox 299 879 1892 953; baseline 0.001 -19"><span class='ocrx_word' id='word_1_39' title='bbox 299 879 504 938; x_wconf 81' lang='lat' dir='ltr'><strong>factum</strong></span> <span class='ocrx_word' id='word_1_40' title='bbox 555 881 742 938; x_wconf 88' lang='lat' dir='ltr'><strong>isthnc</strong></span> <span class='ocrx_word' id='word_1_41' title='bbox 791 897 939 938; x_wconf 90' lang='lat' dir='ltr'><strong>anno</strong></span> <span class='ocrx_word' id='word_1_42' title='bbox 980 882 1106 946; x_wconf 83' lang='lat'><strong>558,</strong></span> <span class='ocrx_word' id='word_1_43' title='bbox 1153 881 1298 953; x_wconf 85' lang='lat' dir='ltr'><strong>quod</strong></span> <span class='ocrx_word' id='word_1_44' title='bbox 1356 890 1515 937; x_wconf 88' lang='lat' dir='ltr'><strong>antea</strong></span> <span class='ocrx_word' id='word_1_45' title='bbox 1548 881 1892 937; x_wconf 87' lang='lat' dir='ltr'><strong>demonstra-</strong></span> 
     </span>
    </p>
   </div>
   <div class='ocr_carea' id='block_1_9' title="bbox 301 971 1893 1043">
    <p class='ocr_par' dir='ltr' id='par_1_9' title="bbox 301 971 1893 1043">
     <span class='ocr_line' id='line_1_9' title="bbox 301 971 1893 1043; baseline 0.002 -20"><span class='ocrx_word' id='word_1_46' title='bbox 301 971 526 1041; x_wconf 81' lang='lat' dir='ltr'><strong>vimus;</strong></span> <span class='ocrx_word' id='word_1_47' title='bbox 580 973 676 1028; x_wconf 88' lang='lat' dir='ltr'><strong>sed</strong></span> <span class='ocrx_word' id='word_1_48' title='bbox 739 973 848 1030; x_wconf 88' lang='lat' dir='ltr'><strong>hoc</strong></span> <span class='ocrx_word' id='word_1_49' title='bbox 905 973 961 1027; x_wconf 89' lang='lat' dir='ltr'><strong>in</strong></span> <span class='ocrx_word' id='word_1_50' title='bbox 1000 973 1122 1028; x_wconf 91' lang='lat' dir='ltr'><strong>loco</strong></span> <span class='ocrx_word' id='word_1_51' title='bbox 1167 973 1324 1028; x_wconf 86' lang='lat' dir='ltr'><strong>venia</strong></span> <span class='ocrx_word' id='word_1_52' title='bbox 1362 972 1562 1043; x_wconf 86' lang='lat' dir='ltr'><strong>dignus</strong></span> <span class='ocrx_word' id='word_1_53' title='bbox 1599 971 1893 1027; x_wconf 86' lang='lat' dir='ltr'><strong>Caietanus</strong></span> 
     </span>
    </p>
   </div>
   <div class='ocr_carea' id='block_1_10' title="bbox 301 1061 1892 1136">
    <p class='ocr_par' dir='ltr' id='par_1_10' title="bbox 301 1061 1892 1136">
     <span class='ocr_line' id='line_1_10' title="bbox 301 1061 1892 1136; baseline 0 -18"><span class='ocrx_word' id='word_1_54' title='bbox 301 1065 560 1130; x_wconf 88' lang='lat' dir='ltr'><strong>Baronio,</strong></span> <span class='ocrx_word' id='word_1_55' title='bbox 591 1065 823 1136; x_wconf 82' lang='lat' dir='ltr'><strong>aliisque</strong></span> <span class='ocrx_word' id='word_1_56' title='bbox 875 1065 1168 1134; x_wconf 71' lang='lat' dir='ltr'><strong>ascriptus,</strong></span> <span class='ocrx_word' id='word_1_57' title='bbox 1223 1065 1316 1134; x_wconf 87' lang='lat' dir='ltr'><strong>qui</strong></span> <span class='ocrx_word' id='word_1_58' title='bbox 1367 1063 1648 1120; x_wconf 81' lang='lat' dir='ltr'><strong>funebrem</strong></span> <span class='ocrx_word' id='word_1_59' title='bbox 1707 1061 1892 1136; x_wconf 80' lang='lat' dir='ltr'><strong>Vigilii</strong></span> 
     </span>
    </p>
   </div>
   <div class='ocr_carea' id='block_1_11' title="bbox 239 1144 1566 1227">
    <p class='ocr_par' dir='ltr' id='par_1_11' title="bbox 239 1144 1566 1227">
     <span class='ocr_line' id='line_1_11' title="bbox 239 1144 1566 1227; baseline -0.002 -16"><span class='ocrx_word' id='word_1_60' title='bbox 294 1171 508 1212; x_wconf 89' lang='lat' dir='ltr'><strong>annum</strong></span> <span class='ocrx_word' id='word_1_61' title='bbox 538 1157 762 1213; x_wconf 89' lang='lat' dir='ltr'><strong>voluere</strong></span> <span class='ocrx_word' id='word_1_62' title='bbox 786 1155 991 1212; x_wconf 75' lang='lat' dir='ltr'><strong>Christi</strong></span> <span class='ocrx_word' id='word_1_63' title='bbox 1023 1155 1414 1227; x_wconf 86' lang='lat' dir='ltr'><strong>Dionysianum</strong></span> <span class='ocrx_word' id='word_1_64' title='bbox 1438 1155 1566 1210; x_wconf 86' lang='lat'><strong>555.</strong></span> 
     </span>
    </p>
   </div>
   <div class='ocr_carea' id='block_1_12' title="bbox 367 1245 1893 1318">
    <p class='ocr_par' dir='ltr' id='par_1_12' title="bbox 367 1245 1893 1318">
     <span class='ocr_line' id='line_1_12' title="bbox 367 1245 1893 1318; baseline -0.001 -18"><span class='ocrx_word' id='word_1_65' title='bbox 367 1245 518 1302; x_wconf 80' lang='lat' dir='ltr'><strong>XVI.</strong></span> <span class='ocrx_word' id='word_1_66' title='bbox 555 1245 714 1303; x_wconf 86' lang='lat' dir='ltr'><strong>Nunc</strong></span> <span class='ocrx_word' id='word_1_67' title='bbox 741 1261 810 1302; x_wconf 85' lang='lat' dir='ltr'><strong>an</strong></span> <span class='ocrx_word' id='word_1_68' title='bbox 852 1245 1312 1318; x_wconf 88' lang='lat' dir='ltr'><strong>Chronologismo</strong></span> <span class='ocrx_word' id='word_1_69' title='bbox 1352 1256 1548 1302; x_wconf 85' lang='lat' dir='ltr'><strong>nostro</strong></span> <span class='ocrx_word' id='word_1_70' title='bbox 1581 1245 1752 1300; x_wconf 82' lang='lat' dir='ltr'><strong>ullum</strong></span> <span class='ocrx_word' id='word_1_71' title='bbox 1809 1245 1893 1300; x_wconf 77' lang='lat' dir='ltr'><strong>fa-</strong></span> 
     </span>
    </p>
   </div>
   <div class='ocr_carea' id='block_1_13' title="bbox 294 1337 1890 1410">
    <p class='ocr_par' dir='ltr' id='par_1_13' title="bbox 294 1337 1890 1410">
     <span class='ocr_line' id='line_1_13' title="bbox 294 1337 1890 1410; baseline -0.001 -16"><span class='ocrx_word' id='word_1_72' title='bbox 294 1347 485 1394; x_wconf 89' lang='lat' dir='ltr'><strong>cessat</strong></span> <span class='ocrx_word' id='word_1_73' title='bbox 539 1338 820 1409; x_wconf 73' lang='lat' dir='ltr'><strong>negotium</strong></span> <span class='ocrx_word' id='word_1_74' title='bbox 869 1337 1086 1394; x_wconf 86' lang='lat' dir='ltr'><strong>Leontii</strong></span> <span class='ocrx_word' id='word_1_75' title='bbox 1141 1339 1594 1406; x_wconf 72' lang='lat' dir='ltr'><strong>commentarius,</strong></span> <span class='ocrx_word' id='word_1_76' title='bbox 1623 1339 1890 1410; x_wconf 86' lang='lat' dir='ltr'><strong>quemad-</strong></span> 
     </span>
    </p>
   </div>
   <div class='ocr_carea' id='block_1_14' title="bbox 295 1429 1892 1502">
    <p class='ocr_par' dir='ltr' id='par_1_14' title="bbox 295 1429 1892 1502">
     <span class='ocr_line' id='line_1_14' title="bbox 295 1429 1892 1502; baseline 0 -16"><span class='ocrx_word' id='word_1_77' title='bbox 295 1431 528 1486; x_wconf 83' lang='lat' dir='ltr'><strong>modum</strong></span> <span class='ocrx_word' id='word_1_78' title='bbox 551 1429 816 1486; x_wconf 81' lang='lat' dir='ltr'><strong>Caietano</strong></span> <span class='ocrx_word' id='word_1_79' title='bbox 847 1431 1148 1502; x_wconf 77' lang='lat' dir='ltr'><strong>contigisse</strong></span> <span class='ocrx_word' id='word_1_80' title='bbox 1175 1433 1434 1502; x_wconf 84' lang='lat' dir='ltr'><strong>vidimus,</strong></span> <span class='ocrx_word' id='word_1_81' title='bbox 1456 1449 1527 1488; x_wconf 90' lang='lat' dir='ltr'><strong>an</strong></span> <span class='ocrx_word' id='word_1_82' title='bbox 1549 1447 1678 1488; x_wconf 89' lang='lat' dir='ltr'><strong>vero</strong></span> <span class='ocrx_word' id='word_1_83' title='bbox 1707 1433 1892 1488; x_wconf 88' lang='lat' dir='ltr'><strong>omnia</strong></span> 
     </span>
    </p>
   </div>
   <div class='ocr_carea' id='block_1_15' title="bbox 298 1508 1893 1588">
    <p class='ocr_par' dir='ltr' id='par_1_15' title="bbox 298 1508 1893 1588">
     <span class='ocr_line' id='line_1_15' title="bbox 298 1508 1893 1588; baseline 0.002 -13"><span class='ocrx_word' id='word_1_84' title='bbox 298 1521 357 1575; x_wconf 90' lang='lat' dir='ltr'><strong>in</strong></span> <span class='ocrx_word' id='word_1_85' title='bbox 385 1520 480 1574; x_wconf 89' lang='lat' dir='ltr'><strong>illo</strong></span> <span class='ocrx_word' id='word_1_86' title='bbox 509 1527 699 1576; x_wconf 85' lang='lat' dir='ltr'><strong>exacta</strong></span> <span class='ocrx_word' id='word_1_87' title='bbox 739 1521 807 1576; x_wconf 88' lang='lat' dir='ltr'><strong>ad</strong></span> <span class='ocrx_word' id='word_1_88' title='bbox 841 1508 1158 1578; x_wconf 65' lang='lat' dir='ltr'><strong>Leontianae</strong></span> <span class='ocrx_word' id='word_1_89' title='bbox 1182 1522 1422 1580; x_wconf 52' lang='lat' dir='ltr'><strong>historiae</strong></span> <span class='ocrx_word' id='word_1_90' title='bbox 1449 1538 1723 1588; x_wconf 87' lang='lat' dir='ltr'><strong>normam,</strong></span> <span class='ocrx_word' id='word_1_91' title='bbox 1756 1537 1893 1580; x_wconf 89' lang='lat' dir='ltr'><strong>con-</strong></span> 
     </span>
    </p>
   </div>
   <div class='ocr_carea' id='block_1_16' title="bbox 297 1612 1925 1686">
    <p class='ocr_par' dir='ltr' id='par_1_16' title="bbox 297 1612 1925 1686">
     <span class='ocr_line' id='line_1_16' title="bbox 297 1612 1925 1686; baseline 0.001 -18"><span class='ocrx_word' id='word_1_92' title='bbox 297 1613 678 1668; x_wconf 86' lang='lat' dir='ltr'><strong>siderandum.</strong></span> <span class='ocrx_word' id='word_1_93' title='bbox 707 1612 978 1682; x_wconf 89' lang='lat' dir='ltr'><strong>Primum,</strong></span> <span class='ocrx_word' id='word_1_94' title='bbox 1013 1613 1159 1684; x_wconf 89' lang='lat' dir='ltr'><strong>quod</strong></span> <span class='ocrx_word' id='word_1_95' title='bbox 1197 1614 1460 1672; x_wconf 85' lang='lat' dir='ltr'><strong>Caietano</strong></span> <span class='ocrx_word' id='word_1_96' title='bbox 1509 1615 1890 1686; x_wconf 81' lang='lat' dir='ltr'><strong>Opposuimus,</strong></span> <span class='ocrx_word' id='word_1_97' title='bbox 1923 1651 1925 1654; x_wconf 65' lang='grc'>‹</span> 
     </span>
    </p>
   </div>
   <div class='ocr_carea' id='block_1_17' title="bbox 1996 593 3577 654">
    <p class='ocr_par' dir='ltr' id='par_1_17' title="bbox 1996 593 3577 654">
     <span class='ocr_line' id='line_1_17' title="bbox 1996 593 3577 654; baseline -0.001 -4"><span class='ocrx_word' id='word_1_98' title='bbox 1996 595 2084 650; x_wconf 83' lang='lat' dir='ltr'><strong>hic</strong></span> <span class='ocrx_word' id='word_1_99' title='bbox 2115 595 2195 650; x_wconf 89' lang='lat' dir='ltr'><strong>vel</strong></span> <span class='ocrx_word' id='word_1_100' title='bbox 2221 610 2345 650; x_wconf 89' lang='lat' dir='ltr'><strong>cum</strong></span> <span class='ocrx_word' id='word_1_101' title='bbox 2375 595 2606 654; x_wconf 81' lang='lat' dir='ltr'><strong>Hercule</strong></span> <span class='ocrx_word' id='word_1_102' title='bbox 2643 609 2840 650; x_wconf 83' lang='lat' dir='ltr'><strong>manus</strong></span> <span class='ocrx_word' id='word_1_103' title='bbox 2866 609 3157 650; x_wconf 82' lang='lat' dir='ltr'><strong>conseram</strong></span> <span class='ocrx_word' id='word_1_104' title='bbox 3203 612 3220 650; x_wconf 89' lang='lat'><strong>:</strong></span> <span class='ocrx_word' id='word_1_105' title='bbox 3246 593 3382 650; x_wconf 87' lang='lat' dir='ltr'><strong>adeo</strong></span> <span class='ocrx_word' id='word_1_106' title='bbox 3405 596 3577 649; x_wconf 79' lang='lat' dir='ltr'><strong>victo-</strong></span> 
     </span>
    </p>
   </div>
   <div class='ocr_carea' id='block_1_18' title="bbox 1995 685 3577 758">
    <p class='ocr_par' dir='ltr' id='par_1_18' title="bbox 1995 685 3577 758">
     <span class='ocr_line' id='line_1_18' title="bbox 1995 685 3577 758; baseline 0.001 -16"><span class='ocrx_word' id='word_1_107' title='bbox 1995 689 2093 744; x_wconf 74' lang='lat' dir='ltr'><strong>riae</strong></span> <span class='ocrx_word' id='word_1_108' title='bbox 2114 699 2318 743; x_wconf 77' lang='lat' dir='ltr'><strong>Certus.</strong></span> <span class='ocrx_word' id='word_1_109' title='bbox 2335 685 2454 752; x_wconf 83' lang='lat' dir='ltr'><strong>Quo</strong></span> <span class='ocrx_word' id='word_1_110' title='bbox 2482 701 2628 742; x_wconf 93' lang='lat' dir='ltr'><strong>anno</strong></span> <span class='ocrx_word' id='word_1_111' title='bbox 2655 685 2951 757; x_wconf 82' lang='lat' dir='ltr'><strong>Gregorius</strong></span> <span class='ocrx_word' id='word_1_112' title='bbox 2973 685 3368 758; x_wconf 82' lang='lat' dir='ltr'><strong>Hierosolymis</strong></span> <span class='ocrx_word' id='word_1_113' title='bbox 3390 701 3577 743; x_wconf 84' lang='lat' dir='ltr'><strong>versa-</strong></span> 
     </span>
    </p>
   </div>
   <div class='ocr_carea' id='block_1_19' title="bbox 1995 777 3574 849">
    <p class='ocr_par' dir='ltr' id='par_1_19' title="bbox 1995 777 3574 849">
     <span class='ocr_line' id='line_1_19' title="bbox 1995 777 3574 849; baseline 0 -15"><span class='ocrx_word' id='word_1_114' title='bbox 1995 780 2160 834; x_wconf 81' lang='lat' dir='ltr'><strong>batur</strong></span> <span class='ocrx_word' id='word_1_115' title='bbox 2213 795 2338 834; x_wconf 87' lang='lat' dir='ltr'><strong>cutn</strong></span> <span class='ocrx_word' id='word_1_116' title='bbox 2392 779 2570 834; x_wconf 85' lang='lat' dir='ltr'><strong>tribus</strong></span> <span class='ocrx_word' id='word_1_117' title='bbox 2627 779 2912 834; x_wconf 83' lang='lat' dir='ltr'><strong>monachis</strong></span> <span class='ocrx_word' id='word_1_118' title='bbox 2959 778 3182 844; x_wconf 74' lang='lat' dir='ltr'><strong>Marco,</strong></span> <span class='ocrx_word' id='word_1_119' title='bbox 3241 777 3574 849; x_wconf 81' lang='lat' dir='ltr'><strong>Serapione,</strong></span> 
     </span>
    </p>
   </div>
   <div class='ocr_carea' id='block_1_20' title="bbox 1993 869 3578 942">
    <p class='ocr_par' dir='ltr' id='par_1_20' title="bbox 1993 869 3578 942">
     <span class='ocr_line' id='line_1_20' title="bbox 1993 869 3578 942; baseline -0.001 -16"><span class='ocrx_word' id='word_1_120' title='bbox 1993 870 2265 939; x_wconf 76' lang='lat' dir='ltr'><strong>Leontio,</strong></span> <span class='ocrx_word' id='word_1_121' title='bbox 2305 869 2604 926; x_wconf 85' lang='lat' dir='ltr'><strong>Paschales</strong></span> <span class='ocrx_word' id='word_1_122' title='bbox 2653 869 2801 926; x_wconf 78' lang='lat' dir='ltr'><strong>feriae</strong></span> <span class='ocrx_word' id='word_1_123' title='bbox 2832 881 3116 942; x_wconf 69' lang='lat' dir='ltr'><strong>occmpcre</strong></span> <span class='ocrx_word' id='word_1_124' title='bbox 3155 871 3189 927; x_wconf 86' lang='lat'><strong>6</strong></span> <span class='ocrx_word' id='word_1_125' title='bbox 3233 871 3466 942; x_wconf 84' lang='lat' dir='ltr'><strong>Aprilis,</strong></span> <span class='ocrx_word' id='word_1_126' title='bbox 3518 880 3578 924; x_wconf 88' lang='lat' dir='ltr'><strong>ut</strong></span> 
     </span>
    </p>
   </div>
   <div class='ocr_carea' id='block_1_21' title="bbox 1991 959 3578 1032">
    <p class='ocr_par' dir='ltr' id='par_1_21' title="bbox 1991 959 3578 1032">
     <span class='ocr_line' id='line_1_21' title="bbox 1991 959 3578 1032; baseline 0.001 -18"><span class='ocrx_word' id='word_1_127' title='bbox 1991 959 2254 1017; x_wconf 84' lang='lat' dir='ltr'><strong>Leontius</strong></span> <span class='ocrx_word' id='word_1_128' title='bbox 2289 969 2476 1016; x_wconf 84' lang='lat' dir='ltr'><strong>noster</strong></span> <span class='ocrx_word' id='word_1_129' title='bbox 2515 961 2808 1032; x_wconf 81' lang='lat' dir='ltr'><strong>signiﬁcat.</strong></span> <span class='ocrx_word' id='word_1_130' title='bbox 2849 961 2971 1016; x_wconf 77' lang='lat' dir='ltr'><strong>1am</strong></span> <span class='ocrx_word' id='word_1_131' title='bbox 3018 973 3145 1018; x_wconf 83' lang='lat' dir='ltr'><strong>cum</strong></span> <span class='ocrx_word' id='word_1_132' title='bbox 3186 977 3331 1018; x_wconf 90' lang='lat' dir='ltr'><strong>anno</strong></span> <span class='ocrx_word' id='word_1_133' title='bbox 3373 963 3578 1018; x_wconf 80' lang='lat' dir='ltr'><strong>Christi</strong></span> 
     </span>
    </p>
   </div>
   <div class='ocr_carea' id='block_1_22' title="bbox 1992 1051 3577 1124">
    <p class='ocr_par' dir='ltr' id='par_1_22' title="bbox 1992 1051 3577 1124">
     <span class='ocr_line' id='line_1_22' title="bbox 1992 1051 3577 1124; baseline 0.002 -18"><span class='ocrx_word' id='word_1_134' title='bbox 1992 1051 2328 1124; x_wconf 80' lang='lat' dir='ltr'><strong>Dionysiano</strong></span> <span class='ocrx_word' id='word_1_135' title='bbox 2357 1051 2454 1106; x_wconf 90' lang='grc'><strong>671</strong></span> <span class='ocrx_word' id='word_1_136' title='bbox 2495 1067 2560 1107; x_wconf 83' lang='lat' dir='ltr'><strong>ex</strong></span> <span class='ocrx_word' id='word_1_137' title='bbox 2595 1053 2734 1123; x_wconf 83' lang='lat' dir='ltr'><strong>cycli</strong></span> <span class='ocrx_word' id='word_1_138' title='bbox 2774 1053 2972 1108; x_wconf 76' lang='lat' dir='ltr'><strong>solaris</strong></span> <span class='ocrx_word' id='word_1_139' title='bbox 3008 1069 3154 1109; x_wconf 88' lang='lat' dir='ltr'><strong>anno</strong></span> <span class='ocrx_word' id='word_1_140' title='bbox 3177 1052 3249 1119; x_wconf 90' lang='lat'><strong>8,</strong></span> <span class='ocrx_word' id='word_1_141' title='bbox 3279 1053 3490 1108; x_wconf 86' lang='lat' dir='ltr'><strong>lunaris</strong></span> <span class='ocrx_word' id='word_1_142' title='bbox 3522 1053 3577 1109; x_wconf 90' lang='lat'><strong>7.</strong></span> 
     </span>
    </p>
   </div>
   <div class='ocr_carea' id='block_1_23' title="bbox 1993 1143 3576 1208">
    <p class='ocr_par' dir='ltr' id='par_1_23' title="bbox 1993 1143 3576 1208">
     <span class='ocr_line' id='line_1_23' title="bbox 1993 1143 3576 1208; baseline 0.001 -11"><span class='ocrx_word' id='word_1_143' title='bbox 1993 1143 2170 1199; x_wconf 88' lang='lat' dir='ltr'><strong>littera</strong></span> <span class='ocrx_word' id='word_1_144' title='bbox 2197 1143 2518 1199; x_wconf 89' lang='lat' dir='ltr'><strong>Dominicali</strong></span> <span class='ocrx_word' id='word_1_145' title='bbox 2543 1145 2606 1208; x_wconf 89' lang='lat' dir='ltr'><strong>E,</strong></span> <span class='ocrx_word' id='word_1_146' title='bbox 2633 1145 2923 1200; x_wconf 88' lang='lat' dir='ltr'><strong>terminum</strong></span> <span class='ocrx_word' id='word_1_147' title='bbox 2963 1145 3275 1200; x_wconf 84' lang='lat' dir='ltr'><strong>Paschalem</strong></span> <span class='ocrx_word' id='word_1_148' title='bbox 3301 1145 3369 1198; x_wconf 84' lang='grc'><strong>’50</strong></span> <span class='ocrx_word' id='word_1_149' title='bbox 3395 1143 3576 1199; x_wconf 81' lang='lat' dir='ltr'><strong>Martii</strong></span> 
     </span>
    </p>
   </div>
   <div class='ocr_carea' id='block_1_24' title="bbox 1991 1234 3575 1309">
    <p class='ocr_par' dir='ltr' id='par_1_24' title="bbox 1991 1234 3575 1309">
     <span class='ocr_line' id='line_1_24' title="bbox 1991 1234 3575 1309; baseline -0.001 -17"><span class='ocrx_word' id='word_1_150' title='bbox 1991 1237 2416 1302; x_wconf 88' lang='lat' dir='ltr'><strong>nanciscamur,</strong></span> <span class='ocrx_word' id='word_1_151' title='bbox 2450 1238 2804 1309; x_wconf 81' lang='lat' dir='ltr'><strong>intelligimus</strong></span> <span class='ocrx_word' id='word_1_152' title='bbox 2849 1237 3040 1308; x_wconf 87' lang='lat' dir='ltr'><strong>ejusce</strong></span> <span class='ocrx_word' id='word_1_153' title='bbox 3086 1237 3215 1293; x_wconf 90' lang='lat' dir='ltr'><strong>anni</strong></span> <span class='ocrx_word' id='word_1_154' title='bbox 3259 1234 3464 1292; x_wconf 84' lang='lat' dir='ltr'><strong>Pascha</strong></span> <span class='ocrx_word' id='word_1_155' title='bbox 3521 1238 3575 1290; x_wconf 89' lang='lat' dir='ltr'><strong>in</strong></span> 
     </span>
    </p>
   </div>
   <div class='ocr_carea' id='block_1_25' title="bbox 1991 1328 3572 1399">
    <p class='ocr_par' dir='ltr' id='par_1_25' title="bbox 1991 1328 3572 1399">
     <span class='ocr_line' id='line_1_25' title="bbox 1991 1328 3572 1399; baseline 0 -17"><span class='ocrx_word' id='word_1_156' title='bbox 1991 1328 2025 1382; x_wconf 91' lang='lat'><strong>6</strong></span> <span class='ocrx_word' id='word_1_157' title='bbox 2071 1329 2272 1399; x_wconf 84' lang='lat' dir='ltr'><strong>Aprilis</strong></span> <span class='ocrx_word' id='word_1_158' title='bbox 2318 1328 2682 1393; x_wconf 84' lang='lat' dir='ltr'><strong>c0nvcnisse,</strong></span> <span class='ocrx_word' id='word_1_159' title='bbox 2725 1344 2853 1382; x_wconf 90' lang='lat' dir='ltr'><strong>nam</strong></span> <span class='ocrx_word' id='word_1_160' title='bbox 2908 1329 3178 1385; x_wconf 77' lang='lat' dir='ltr'><strong>terminus</strong></span> <span class='ocrx_word' id='word_1_161' title='bbox 3223 1329 3276 1383; x_wconf 91' lang='lat' dir='ltr'><strong>in</strong></span> <span class='ocrx_word' id='word_1_162' title='bbox 3318 1329 3510 1382; x_wconf 81' lang='lat' dir='ltr'><strong>feriam</strong></span> <span class='ocrx_word' id='word_1_163' title='bbox 3551 1331 3572 1382; x_wconf 85' lang='grc'><strong>1</strong></span> 
     </span>
    </p>
   </div>
   <div class='ocr_carea' id='block_1_26' title="bbox 1991 1418 3582 1492">
    <p class='ocr_par' dir='ltr' id='par_1_26' title="bbox 1991 1418 3582 1492">
     <span class='ocr_line' id='line_1_26' title="bbox 1991 1418 3582 1492; baseline -0.002 -18"><span class='ocrx_word' id='word_1_164' title='bbox 1991 1419 2151 1478; x_wconf 83' lang='lat' dir='ltr'><strong>e‘xiit.</strong></span> <span class='ocrx_word' id='word_1_165' title='bbox 2171 1418 2360 1490; x_wconf 83' lang='lat' dir='ltr'><strong>Neque</strong></span> <span class='ocrx_word' id='word_1_166' title='bbox 2385 1419 2512 1492; x_wconf 90' lang='lat' dir='ltr'><strong>quis</strong></span> <span class='ocrx_word' id='word_1_167' title='bbox 2535 1419 2852 1475; x_wconf 90' lang='lat' dir='ltr'><strong>subdubitet</strong></span> <span class='ocrx_word' id='word_1_168' title='bbox 2873 1420 2942 1475; x_wconf 83' lang='lat' dir='ltr'><strong>de</strong></span> <span class='ocrx_word' id='word_1_169' title='bbox 2965 1431 3186 1490; x_wconf 88' lang='lat' dir='ltr'><strong>peracto</strong></span> <span class='ocrx_word' id='word_1_170' title='bbox 3211 1429 3324 1474; x_wconf 84' lang='lat' dir='ltr'><strong>t‘um</strong></span> <span class='ocrx_word' id='word_1_171' title='bbox 3349 1421 3582 1476; x_wconf 73' lang='lat' dir='ltr'><strong>Pascha.</strong></span> 
     </span>
    </p>
   </div>
   <div class='ocr_carea' id='block_1_27' title="bbox 1991 1511 3582 1584">
    <p class='ocr_par' dir='ltr' id='par_1_27' title="bbox 1991 1511 3582 1584">
     <span class='ocr_line' id='line_1_27' title="bbox 1991 1511 3582 1584; baseline 0.003 -20"><span class='ocrx_word' id='word_1_172' title='bbox 1991 1522 2046 1566; x_wconf 90' lang='lat' dir='ltr'><strong>te</strong></span> <span class='ocrx_word' id='word_1_173' title='bbox 2087 1511 2477 1584; x_wconf 84' lang='lat' dir='ltr'><strong>Hierosolymis</strong></span> <span class='ocrx_word' id='word_1_174' title='bbox 2511 1511 2820 1568; x_wconf 87' lang='lat' dir='ltr'><strong>eademmet</strong></span> <span class='ocrx_word' id='word_1_175' title='bbox 2846 1513 2970 1579; x_wconf 88' lang='lat' dir='ltr'><strong>die,</strong></span> <span class='ocrx_word' id='word_1_176' title='bbox 3019 1529 3126 1584; x_wconf 87' lang='lat' dir='ltr'><strong>qua</strong></span> <span class='ocrx_word' id='word_1_177' title='bbox 3169 1513 3314 1583; x_wconf 86' lang='lat' dir='ltr'><strong>apud</strong></span> <span class='ocrx_word' id='word_1_178' title='bbox 3359 1524 3582 1575; x_wconf 78' lang='lat' dir='ltr'><strong>caeteras</strong></span> 
     </span>
    </p>
   </div>
   <div class='ocr_carea' id='block_1_28' title="bbox 1989 1601 3583 1674">
    <p class='ocr_par' dir='ltr' id='par_1_28' title="bbox 1989 1601 3583 1674">
     <span class='ocr_line' id='line_1_28' title="bbox 1989 1601 3583 1674; baseline -0.001 -16"><span class='ocrx_word' id='word_1_179' title='bbox 1989 1602 2430 1658; x_wconf 89' lang='lat' dir='ltr'><strong>Christianorum</strong></span> <span class='ocrx_word' id='word_1_180' title='bbox 2466 1601 2780 1668; x_wconf 82' lang='lat' dir='ltr'><strong>Ecclesias,</strong></span> <span class='ocrx_word' id='word_1_181' title='bbox 2830 1605 2957 1672; x_wconf 86' lang='lat' dir='ltr'><strong>quia</strong></span> <span class='ocrx_word' id='word_1_182' title='bbox 3007 1603 3148 1660; x_wconf 77' lang='lat' dir='ltr'><strong>forte</strong></span> <span class='ocrx_word' id='word_1_183' title='bbox 3188 1603 3583 1674; x_wconf 85' lang='lat' dir='ltr'><strong>Hierosolymi-</strong></span> 
     </span>
    </p>
   </div>
   <div class='ocr_carea' id='block_1_29' title="bbox 299 1695 1898 1778">
    <p class='ocr_par' dir='ltr' id='par_1_29' title="bbox 299 1703 1890 1778">
     <span class='ocr_line' id='line_1_29' title="bbox 299 1703 1890 1778; baseline 0.001 -19"><span class='ocrx_word' id='word_1_184' title='bbox 299 1703 528 1764; x_wconf 69' lang='lat' dir='ltr'><strong>hlacarii</strong></span> <span class='ocrx_word' id='word_1_185' title='bbox 573 1703 678 1760; x_wconf 78' lang='lat' dir='ltr'><strong>fuit</strong></span> <span class='ocrx_word' id='word_1_186' title='bbox 720 1705 1248 1778; x_wconf 85' lang='lat' dir='ltr'><strong>Hierosolymitanus</strong></span> <span class='ocrx_word' id='word_1_187' title='bbox 1284 1707 1649 1776; x_wconf 85' lang='lat' dir='ltr'><strong>episcopatus,</strong></span> <span class='ocrx_word' id='word_1_188' title='bbox 1690 1707 1783 1778; x_wconf 86' lang='lat' dir='ltr'><strong>qui</strong></span> <span class='ocrx_word' id='word_1_189' title='bbox 1837 1708 1890 1762; x_wconf 91' lang='lat' dir='ltr'><strong>in</strong></span> 
     </span>
    </p>
   </div>
   <div class='ocr_carea' id='block_1_30' title="bbox 2001 1695 3584 1778">
    <p class='ocr_par' dir='ltr' id='par_1_30' title="bbox 2001 1695 3584 1768">
     <span class='ocr_line' id='line_1_30' title="bbox 2001 1695 3584 1768; baseline 0.001 -18"><span class='ocrx_word' id='word_1_190' title='bbox 2001 1703 2116 1750; x_wconf 86' lang='lat' dir='ltr'><strong>lana</strong></span> <span class='ocrx_word' id='word_1_191' title='bbox 2140 1695 2320 1750; x_wconf 89' lang='lat' dir='ltr'><strong>lunari</strong></span> <span class='ocrx_word' id='word_1_192' title='bbox 2353 1711 2500 1751; x_wconf 91' lang='lat' dir='ltr'><strong>anno</strong></span> <span class='ocrx_word' id='word_1_193' title='bbox 2533 1695 2840 1766; x_wconf 89' lang='lat' dir='ltr'><strong>Calippico,</strong></span> <span class='ocrx_word' id='word_1_194' title='bbox 2869 1697 3338 1766; x_wconf 80' lang='lat' dir='ltr'><strong>quemadmodum</strong></span> <span class='ocrx_word' id='word_1_195' title='bbox 3370 1697 3584 1768; x_wconf 64' lang='lat' dir='ltr'><strong>Hebraei</strong></span> 
     </span>
    </p>
   </div>
   <div class='ocr_carea' id='block_1_31' title="bbox 297 1789 3582 1868">
    <p class='ocr_par' dir='ltr' id='par_1_31' title="bbox 297 1789 3582 1868">
     <span class='ocr_line' id='line_1_31' title="bbox 297 1789 3582 1868; baseline 0.002 -30"><span class='ocrx_word' id='word_1_196' title='bbox 297 1811 398 1854; x_wconf 75' lang='lat' dir='ltr'><strong>eos</strong></span> <span class='ocrx_word' id='word_1_197' title='bbox 428 1811 538 1852; x_wconf 75' lang='lat' dir='ltr'><strong>non</strong></span> <span class='ocrx_word' id='word_1_198' title='bbox 571 1797 859 1853; x_wconf 62' lang='lat' dir='ltr'><strong>concurrit</strong></span> <span class='ocrx_word' id='word_1_199' title='bbox 901 1812 1094 1864; x_wconf 59' lang='lat' dir='ltr'><strong>annos,</strong></span> <span class='ocrx_word' id='word_1_200' title='bbox 1145 1812 1284 1868; x_wconf 75' lang='lat' dir='ltr'><strong>quos</strong></span> <span class='ocrx_word' id='word_1_201' title='bbox 1333 1797 1627 1852; x_wconf 62' lang='lat' dir='ltr'><strong>Caietanus</strong></span> <span class='ocrx_word' id='word_1_202' title='bbox 1669 1798 1890 1868; x_wconf 65' lang='lat' dir='ltr'><strong>desisse</strong></span> <span class='ocrx_word' id='word_1_203' title='bbox 1923 1861 1962 1868; x_wconf 70' lang='lat'><strong><em>_</em></strong></span> <span class='ocrx_word' id='word_1_204' title='bbox 1993 1800 2184 1844; x_wconf 89' lang='lat' dir='ltr'><strong>omnes</strong></span> <span class='ocrx_word' id='word_1_205' title='bbox 2212 1795 2460 1844; x_wconf 79' lang='lat' dir='ltr'><strong>extorres</strong></span> <span class='ocrx_word' id='word_1_206' title='bbox 2485 1789 2570 1844; x_wconf 90' lang='lat' dir='ltr'><strong>vel</strong></span> <span class='ocrx_word' id='word_1_207' title='bbox 2602 1789 2866 1844; x_wconf 85' lang='lat' dir='ltr'><strong>hodierno</strong></span> <span class='ocrx_word' id='word_1_208' title='bbox 2891 1789 3001 1854; x_wconf 87' lang='lat' dir='ltr'><strong>die,</strong></span> <span class='ocrx_word' id='word_1_209' title='bbox 3023 1799 3308 1855; x_wconf 86' lang='lat' dir='ltr'><strong>uteretur;</strong></span> <span class='ocrx_word' id='word_1_210' title='bbox 3339 1791 3486 1845; x_wconf 87' lang='lat' dir='ltr'><strong>unde</strong></span> <span class='ocrx_word' id='word_1_211' title='bbox 3513 1806 3582 1846; x_wconf 82' lang='lat' dir='ltr'><strong>ex</strong></span> 
     </span>
    </p>
   </div>
   <div class='ocr_carea' id='block_1_32' title="bbox 295 1861 1898 1967">
    <p class='ocr_par' dir='ltr' id='par_1_32' title="bbox 295 1861 1894 1967">
     <span class='ocr_line' id='line_1_32' title="bbox 295 1861 1894 1967; baseline -0.003 -21"><span class='ocrx_word' id='word_1_212' title='bbox 295 1887 700 1960; x_wconf 80' lang='lat' dir='ltr'><strong>Hierosolymis</strong></span> <span class='ocrx_word' id='word_1_213' title='bbox 725 1897 880 1967; x_wconf 74' lang='lat' dir='ltr'><strong>ratus</strong></span> <span class='ocrx_word' id='word_1_214' title='bbox 901 1861 1248 1962; x_wconf 70' lang='lat' dir='ltr'><strong>Gregorium.</strong></span> <span class='ocrx_word' id='word_1_215' title='bbox 1281 1888 1449 1960; x_wconf 85' lang='lat' dir='ltr'><strong>Atqui</strong></span> <span class='ocrx_word' id='word_1_216' title='bbox 1478 1888 1672 1944; x_wconf 90' lang='lat' dir='ltr'><strong>Canon</strong></span> <span class='ocrx_word' id='word_1_217' title='bbox 1706 1861 1894 1944; x_wconf 72' lang='lat' dir='ltr'><strong>noster</strong></span> 
     </span>
    </p>
   </div>
   <div class='ocr_carea' id='block_1_33' title="bbox 2001 1861 3585 1967">
    <p class='ocr_par' dir='ltr' id='par_1_33' title="bbox 2001 1876 3585 1952">
     <span class='ocr_line' id='line_1_33' title="bbox 2001 1876 3585 1952; baseline 0.004 -22"><span class='ocrx_word' id='word_1_218' title='bbox 2001 1878 2214 1932; x_wconf 85' lang='lat' dir='ltr'><strong>diversa</strong></span> <span class='ocrx_word' id='word_1_219' title='bbox 2239 1879 2365 1932; x_wconf 89' lang='lat' dir='ltr'><strong>anni</strong></span> <span class='ocrx_word' id='word_1_220' title='bbox 2409 1876 2586 1934; x_wconf 79' lang='lat' dir='ltr'><strong>forma</strong></span> <span class='ocrx_word' id='word_1_221' title='bbox 2629 1878 2880 1935; x_wconf 87' lang='lat' dir='ltr'><strong>diversus</strong></span> <span class='ocrx_word' id='word_1_222' title='bbox 2919 1879 2988 1936; x_wconf 86' lang='lat' dir='ltr'><strong>ab</strong></span> <span class='ocrx_word' id='word_1_223' title='bbox 3022 1894 3126 1948; x_wconf 86' lang='lat' dir='ltr'><strong>eo,</strong></span> <span class='ocrx_word' id='word_1_224' title='bbox 3161 1895 3324 1950; x_wconf 87' lang='lat' dir='ltr'><strong>quem</strong></span> <span class='ocrx_word' id='word_1_225' title='bbox 3362 1881 3585 1952; x_wconf 67' lang='lat' dir='ltr'><strong>reliqum</strong></span> 
     </span>
    </p>
   </div>
   <div class='ocr_carea' id='block_1_34' title="bbox 298 1979 1894 2048">
    <p class='ocr_par' dir='ltr' id='par_1_34' title="bbox 298 1979 1894 2048">
     <span class='ocr_line' id='line_1_34' title="bbox 298 1979 1894 2048; baseline -0.001 -12"><span class='ocrx_word' id='word_1_226' title='bbox 298 1980 376 2036; x_wconf 85' lang='lat' dir='ltr'><strong>ab</strong></span> <span class='ocrx_word' id='word_1_227' title='bbox 397 1980 502 2036; x_wconf 87' lang='lat' dir='ltr'><strong>hac</strong></span> <span class='ocrx_word' id='word_1_228' title='bbox 538 1979 794 2036; x_wconf 85' lang='lat' dir='ltr'><strong>molestia</strong></span> <span class='ocrx_word' id='word_1_229' title='bbox 835 1981 993 2038; x_wconf 86' lang='lat' dir='ltr'><strong>liber.</strong></span> <span class='ocrx_word' id='word_1_230' title='bbox 1037 1982 1122 2036; x_wconf 84' lang='lat' dir='ltr'><strong>Ab</strong></span> <span class='ocrx_word' id='word_1_231' title='bbox 1152 1995 1300 2038; x_wconf 90' lang='lat' dir='ltr'><strong>anno</strong></span> <span class='ocrx_word' id='word_1_232' title='bbox 1333 1980 1538 2038; x_wconf 85' lang='lat' dir='ltr'><strong>Christi</strong></span> <span class='ocrx_word' id='word_1_233' title='bbox 1569 1979 1695 2048; x_wconf 77' lang='lat'><strong>656,</strong></span> <span class='ocrx_word' id='word_1_234' title='bbox 1725 1979 1894 2036; x_wconf 55' lang='lat' dir='ltr'><strong>Hera.</strong></span> 
     </span>
    </p>
   </div>
   <div class='ocr_carea' id='block_1_35' title="bbox 301 2063 1896 2144">
    <p class='ocr_par' dir='ltr' id='par_1_35' title="bbox 301 2063 1896 2144">
     <span class='ocr_line' id='line_1_35' title="bbox 301 2063 1896 2144; baseline -0.001 -15"><span class='ocrx_word' id='word_1_235' title='bbox 301 2072 400 2129; x_wconf 88' lang='lat' dir='ltr'><strong>clii</strong></span> <span class='ocrx_word' id='word_1_236' title='bbox 432 2072 576 2142; x_wconf 81' lang='lat' dir='ltr'><strong>Aug.</strong></span> <span class='ocrx_word' id='word_1_237' title='bbox 635 2071 729 2137; x_wconf 74' lang='lat'><strong>26,</strong></span> <span class='ocrx_word' id='word_1_238' title='bbox 775 2088 908 2144; x_wconf 92' lang='lat' dir='ltr'><strong>quo,</strong></span> <span class='ocrx_word' id='word_1_239' title='bbox 940 2063 1276 2142; x_wconf 86' lang='lat' dir='ltr'><strong>Theophane</strong></span> <span class='ocrx_word' id='word_1_240' title='bbox 1323 2080 1481 2136; x_wconf 87' lang='lat' dir='ltr'><strong>teste,</strong></span> <span class='ocrx_word' id='word_1_241' title='bbox 1517 2071 1685 2127; x_wconf 75' lang='lat' dir='ltr'><strong>vitam</strong></span> <span class='ocrx_word' id='word_1_242' title='bbox 1743 2073 1896 2128; x_wconf 83' lang='lat' dir='ltr'><strong>exuit</strong></span> 
     </span>
    </p>
   </div>
   <div class='ocr_carea' id='block_1_36' title="bbox 301 2163 1898 2236">
    <p class='ocr_par' dir='ltr' id='par_1_36' title="bbox 301 2163 1898 2236">
     <span class='ocr_line' id='line_1_36' title="bbox 301 2163 1898 2236; baseline 0 -15"><span class='ocrx_word' id='word_1_243' title='bbox 301 2163 654 2236; x_wconf 77' lang='lat' dir='ltr'><strong>Sophronias</strong></span> <span class='ocrx_word' id='word_1_244' title='bbox 686 2165 810 2235; x_wconf 85' lang='lat' dir='ltr'><strong>ejus</strong></span> <span class='ocrx_word' id='word_1_245' title='bbox 861 2165 1124 2222; x_wconf 85' lang='lat' dir='ltr'><strong>Ecclesiae</strong></span> <span class='ocrx_word' id='word_1_246' title='bbox 1181 2165 1514 2234; x_wconf 87' lang='lat' dir='ltr'><strong>patriarcha,</strong></span> <span class='ocrx_word' id='word_1_247' title='bbox 1567 2164 1634 2220; x_wconf 89' lang='lat' dir='ltr'><strong>ad</strong></span> <span class='ocrx_word' id='word_1_248' title='bbox 1670 2165 1898 2221; x_wconf 82' lang='lat' dir='ltr'><strong>Anasta-</strong></span> 
     </span>
    </p>
   </div>
   <div class='ocr_carea' id='block_1_37' title="bbox 299 2255 1895 2328">
    <p class='ocr_par' dir='ltr' id='par_1_37' title="bbox 299 2255 1895 2328">
     <span class='ocr_line' id='line_1_37' title="bbox 299 2255 1895 2328; baseline -0.002 -16"><span class='ocrx_word' id='word_1_249' title='bbox 299 2256 474 2322; x_wconf 86' lang='lat' dir='ltr'><strong>sium,</strong></span> <span class='ocrx_word' id='word_1_250' title='bbox 525 2255 620 2327; x_wconf 87' lang='lat' dir='ltr'><strong>qui</strong></span> <span class='ocrx_word' id='word_1_251' title='bbox 673 2255 838 2312; x_wconf 90' lang='lat' dir='ltr'><strong>desiit</strong></span> <span class='ocrx_word' id='word_1_252' title='bbox 888 2271 1034 2311; x_wconf 89' lang='lat' dir='ltr'><strong>anno</strong></span> <span class='ocrx_word' id='word_1_253' title='bbox 1090 2255 1214 2319; x_wconf 83' lang='lat'><strong>709,</strong></span> <span class='ocrx_word' id='word_1_254' title='bbox 1273 2255 1895 2328; x_wconf 84' lang='lat' dir='ltr'><strong>Hierosolymitanorum</strong></span> 
     </span>
    </p>
   </div>
   <div class='ocr_carea' id='block_1_38' title="bbox 301 2344 1896 2418">
    <p class='ocr_par' dir='ltr' id='par_1_38' title="bbox 301 2344 1896 2418">
     <span class='ocr_line' id='line_1_38' title="bbox 301 2344 1896 2418; baseline 0 -18"><span class='ocrx_word' id='word_1_255' title='bbox 301 2345 632 2416; x_wconf 77' lang='lat' dir='ltr'><strong>pontiﬁcum</strong></span> <span class='ocrx_word' id='word_1_256' title='bbox 655 2344 974 2416; x_wconf 81' lang='lat' dir='ltr'><strong>Catalogum</strong></span> <span class='ocrx_word' id='word_1_257' title='bbox 1005 2347 1257 2400; x_wconf 79' lang='lat' dir='ltr'><strong>mutilum</strong></span> <span class='ocrx_word' id='word_1_258' title='bbox 1291 2346 1574 2413; x_wconf 88' lang='lat' dir='ltr'><strong>habemus,</strong></span> <span class='ocrx_word' id='word_1_259' title='bbox 1606 2349 1766 2418; x_wconf 88' lang='lat' dir='ltr'><strong>eique</strong></span> <span class='ocrx_word' id='word_1_260' title='bbox 1805 2345 1896 2400; x_wconf 82' lang='lat' dir='ltr'><strong>in-</strong></span> 
     </span>
    </p>
   </div>
   <div class='ocr_carea' id='block_1_39' title="bbox 298 2435 1898 2510">
    <p class='ocr_par' dir='ltr' id='par_1_39' title="bbox 298 2435 1898 2510">
     <span class='ocr_line' id='line_1_39' title="bbox 298 2435 1898 2510; baseline -0.002 -14"><span class='ocrx_word' id='word_1_261' title='bbox 298 2436 574 2510; x_wconf 69' lang='lat' dir='ltr'><strong>teat-aude</strong></span> <span class='ocrx_word' id='word_1_262' title='bbox 607 2437 856 2494; x_wconf 87' lang='lat' dir='ltr'><strong>nondum</strong></span> <span class='ocrx_word' id='word_1_263' title='bbox 885 2435 1399 2494; x_wconf 81' lang='lat' dir='ltr'><strong>Ecclesiasticarum</strong></span> <span class='ocrx_word' id='word_1_264' title='bbox 1445 2453 1628 2493; x_wconf 85' lang='lat' dir='ltr'><strong>rerum</strong></span> <span class='ocrx_word' id='word_1_265' title='bbox 1661 2438 1898 2507; x_wconf 58' lang='lat' dir='ltr'><strong>scripto:-</strong></span> 
     </span>
    </p>
   </div>
   <div class='ocr_carea' id='block_1_40' title="bbox 301 2525 1896 2598">
    <p class='ocr_par' dir='ltr' id='par_1_40' title="bbox 301 2525 1896 2598">
     <span class='ocr_line' id='line_1_40' title="bbox 301 2525 1896 2598; baseline 0.002 -17"><span class='ocrx_word' id='word_1_266' title='bbox 301 2527 466 2584; x_wconf 87' lang='lat' dir='ltr'><strong>ribus</strong></span> <span class='ocrx_word' id='word_1_267' title='bbox 491 2528 703 2582; x_wconf 79' lang='lat' dir='ltr'><strong>datum.</strong></span> <span class='ocrx_word' id='word_1_268' title='bbox 739 2525 856 2582; x_wconf 80' lang='lat' dir='ltr'><strong>Hoc</strong></span> <span class='ocrx_word' id='word_1_269' title='bbox 877 2527 1033 2593; x_wconf 83' lang='lat' dir='ltr'><strong>vidit,</strong></span> <span class='ocrx_word' id='word_1_270' title='bbox 1073 2527 1394 2598; x_wconf 83' lang='lat' dir='ltr'><strong>monuitque</strong></span> <span class='ocrx_word' id='word_1_271' title='bbox 1431 2537 1557 2583; x_wconf 88' lang='lat' dir='ltr'><strong>ante</strong></span> <span class='ocrx_word' id='word_1_272' title='bbox 1597 2526 1896 2584; x_wconf 90' lang='lat' dir='ltr'><strong>Baronium</strong></span> 
     </span>
    </p>
   </div>
   <div class='ocr_carea' id='block_1_41' title="bbox 303 2617 1894 2693">
    <p class='ocr_par' dir='ltr' id='par_1_41' title="bbox 303 2617 1894 2693">
     <span class='ocr_line' id='line_1_41' title="bbox 303 2617 1894 2693; baseline 0 -19"><span class='ocrx_word' id='word_1_273' title='bbox 303 2617 376 2675; x_wconf 75' lang='grc' dir='ltr'><strong>ν.</strong></span> <span class='ocrx_word' id='word_1_274' title='bbox 402 2617 489 2676; x_wconf 90' lang='lat' dir='ltr'><strong>Cl.</strong></span> <span class='ocrx_word' id='word_1_275' title='bbox 519 2617 881 2689; x_wconf 82' lang='lat' dir='ltr'><strong>Honuphrius</strong></span> <span class='ocrx_word' id='word_1_276' title='bbox 898 2618 1196 2675; x_wconf 87' lang='lat' dir='ltr'><strong>Panvinius</strong></span> <span class='ocrx_word' id='word_1_277' title='bbox 1213 2621 1290 2691; x_wconf 86' lang='lat' dir='ltr'><strong>(in</strong></span> <span class='ocrx_word' id='word_1_278' title='bbox 1319 2620 1525 2674; x_wconf 86' lang='lat' dir='ltr'><strong>Chron.</strong></span> <span class='ocrx_word' id='word_1_279' title='bbox 1544 2619 1613 2676; x_wconf 91' lang='lat' dir='ltr'><strong>ad</strong></span> <span class='ocrx_word' id='word_1_280' title='bbox 1633 2636 1724 2675; x_wconf 91' lang='lat' dir='ltr'><strong>an.</strong></span> <span class='ocrx_word' id='word_1_281' title='bbox 1743 2619 1894 2693; x_wconf 80' lang='lat'><strong>656),</strong></span> 
     </span>
    </p>
   </div>
   <div class='ocr_carea' id='block_1_42' title="bbox 301 2711 1898 2783">
    <p class='ocr_par' dir='ltr' id='par_1_42' title="bbox 301 2711 1898 2783">
     <span class='ocr_line' id='line_1_42' title="bbox 301 2711 1898 2783; baseline 0 -14"><span class='ocrx_word' id='word_1_282' title='bbox 301 2713 397 2770; x_wconf 87' lang='lat' dir='ltr'><strong>cui</strong></span> <span class='ocrx_word' id='word_1_283' title='bbox 427 2712 730 2768; x_wconf 88' lang='lat' dir='ltr'><strong>secundum</strong></span> <span class='ocrx_word' id='word_1_284' title='bbox 759 2711 1129 2783; x_wconf 87' lang='lat' dir='ltr'><strong>Sophronium</strong></span> <span class='ocrx_word' id='word_1_285' title='bbox 1163 2727 1270 2767; x_wconf 92' lang='lat' dir='ltr'><strong>non</strong></span> <span class='ocrx_word' id='word_1_286' title='bbox 1297 2712 1389 2767; x_wconf 89' lang='lat' dir='ltr'><strong>alii</strong></span> <span class='ocrx_word' id='word_1_287' title='bbox 1420 2713 1624 2768; x_wconf 62' lang='lat' dir='ltr'><strong>seculo</strong></span> <span class='ocrx_word' id='word_1_288' title='bbox 1653 2728 1725 2768; x_wconf 78' lang='lat' dir='ltr'><strong>vn</strong></span> <span class='ocrx_word' id='word_1_289' title='bbox 1753 2726 1898 2769; x_wconf 82' lang='lat' dir='ltr'><strong>com-</strong></span> 
     </span>
    </p>
   </div>
   <div class='ocr_carea' id='block_1_43' title="bbox 301 2801 1893 2878">
    <p class='ocr_par' dir='ltr' id='par_1_43' title="bbox 301 2801 1893 2878">
     <span class='ocr_line' id='line_1_43' title="bbox 301 2801 1893 2878; baseline 0.001 -19"><span class='ocrx_word' id='word_1_290' title='bbox 301 2804 453 2878; x_wconf 74' lang='lat' dir='ltr'><strong>parti</strong></span> <span class='ocrx_word' id='word_1_291' title='bbox 509 2801 1016 2874; x_wconf 79' lang='lat' dir='ltr'><strong>Hierosolymorum</strong></span> <span class='ocrx_word' id='word_1_292' title='bbox 1075 2803 1342 2874; x_wconf 88' lang='lat' dir='ltr'><strong>episcopi,</strong></span> <span class='ocrx_word' id='word_1_293' title='bbox 1401 2804 1506 2859; x_wconf 87' lang='lat' dir='ltr'><strong>nisi</strong></span> <span class='ocrx_word' id='word_1_294' title='bbox 1551 2803 1893 2872; x_wconf 83' lang='lat' dir='ltr'><strong>Theodorus,</strong></span> 
     </span>
    </p>
   </div>
   <div class='ocr_carea' id='block_1_44' title="bbox 302 2893 1898 2967">
    <p class='ocr_par' dir='ltr' id='par_1_44' title="bbox 302 2893 1898 2967">
     <span class='ocr_line' id='line_1_44' title="bbox 302 2893 1898 2967; baseline 0.001 -17"><span class='ocrx_word' id='word_1_295' title='bbox 302 2893 480 2960; x_wconf 80' lang='lat' dir='ltr'><strong>Elias,</strong></span> <span class='ocrx_word' id='word_1_296' title='bbox 520 2893 782 2951; x_wconf 77' lang='lat' dir='ltr'><strong>Joannes.</strong></span> <span class='ocrx_word' id='word_1_297' title='bbox 823 2895 932 2952; x_wconf 85' lang='lat' dir='ltr'><strong>Sed</strong></span> <span class='ocrx_word' id='word_1_298' title='bbox 961 2896 1016 2950; x_wconf 92' lang='lat' dir='ltr'><strong>in</strong></span> <span class='ocrx_word' id='word_1_299' title='bbox 1047 2895 1224 2951; x_wconf 85' lang='lat' dir='ltr'><strong>lucem</strong></span> <span class='ocrx_word' id='word_1_300' title='bbox 1277 2897 1528 2966; x_wconf 89' lang='lat' dir='ltr'><strong>prolatis,</strong></span> <span class='ocrx_word' id='word_1_301' title='bbox 1584 2911 1706 2967; x_wconf 60' lang='lat' dir='ltr'><strong>quae</strong></span> <span class='ocrx_word' id='word_1_302' title='bbox 1761 2895 1898 2952; x_wconf 83' lang='lat' dir='ltr'><strong>deli-</strong></span> 
     </span>
    </p>
   </div>
   <div class='ocr_carea' id='block_1_45' title="bbox 303 2983 1896 3058">
    <p class='ocr_par' dir='ltr' id='par_1_45' title="bbox 303 2983 1896 3058">
     <span class='ocr_line' id='line_1_45' title="bbox 303 2983 1896 3058; baseline 0.003 -20"><span class='ocrx_word' id='word_1_303' title='bbox 303 2993 528 3042; x_wconf 74' lang='lat' dir='ltr'><strong>merant</strong></span> <span class='ocrx_word' id='word_1_304' title='bbox 554 2983 808 3042; x_wconf 88' lang='lat' dir='ltr'><strong>Panvinii</strong></span> <span class='ocrx_word' id='word_1_305' title='bbox 835 2992 1018 3053; x_wconf 58' lang='lat' dir='ltr'><strong>aetate,</strong></span> <span class='ocrx_word' id='word_1_306' title='bbox 1049 2986 1440 3058; x_wconf 77' lang='lat' dir='ltr'><strong>monumentis,</strong></span> <span class='ocrx_word' id='word_1_307' title='bbox 1474 2987 1747 3042; x_wconf 78' lang='lat' dir='ltr'><strong>succrevit</strong></span> <span class='ocrx_word' id='word_1_308' title='bbox 1795 2987 1896 3042; x_wconf 87' lang='lat' dir='ltr'><strong>ali-</strong></span> 
     </span>
    </p>
   </div>
   <div class='ocr_carea' id='block_1_46' title="bbox 302 3075 1895 3148">
    <p class='ocr_par' dir='ltr' id='par_1_46' title="bbox 302 3075 1895 3148">
     <span class='ocr_line' id='line_1_46' title="bbox 302 3075 1895 3148; baseline 0.001 -17"><span class='ocrx_word' id='word_1_309' title='bbox 302 3085 518 3145; x_wconf 87' lang='lat' dir='ltr'><strong>quanto</strong></span> <span class='ocrx_word' id='word_1_310' title='bbox 555 3091 844 3142; x_wconf 83' lang='lat' dir='ltr'><strong>numerus,</strong></span> <span class='ocrx_word' id='word_1_311' title='bbox 884 3076 956 3130; x_wconf 91' lang='lat' dir='ltr'><strong>ita</strong></span> <span class='ocrx_word' id='word_1_312' title='bbox 991 3084 1052 3131; x_wconf 91' lang='lat' dir='ltr'><strong>ut</strong></span> <span class='ocrx_word' id='word_1_313' title='bbox 1089 3077 1206 3134; x_wconf 81' lang='lat' dir='ltr'><strong>haec</strong></span> <span class='ocrx_word' id='word_1_314' title='bbox 1252 3075 1762 3148; x_wconf 72' lang='lat' dir='ltr'><strong>Hierosolymitanae</strong></span> <span class='ocrx_word' id='word_1_315' title='bbox 1792 3077 1895 3133; x_wconf 85' lang='lat' dir='ltr'><strong>Ec-</strong></span> 
     </span>
    </p>
   </div>
   <div class='ocr_carea' id='block_1_47' title="bbox 303 3167 1892 3240">
    <p class='ocr_par' dir='ltr' id='par_1_47' title="bbox 303 3167 1892 3240">
     <span class='ocr_line' id='line_1_47' title="bbox 303 3167 1892 3240; baseline 0.003 -20"><span class='ocrx_word' id='word_1_316' title='bbox 303 3167 491 3224; x_wconf 73' lang='lat' dir='ltr'><strong>clesiae</strong></span> <span class='ocrx_word' id='word_1_317' title='bbox 515 3168 905 3240; x_wconf 87' lang='lat' dir='ltr'><strong>episcoporum</strong></span> <span class='ocrx_word' id='word_1_318' title='bbox 966 3168 1138 3224; x_wconf 87' lang='lat' dir='ltr'><strong>series</strong></span> <span class='ocrx_word' id='word_1_319' title='bbox 1193 3183 1260 3224; x_wconf 90' lang='lat' dir='ltr'><strong>eo</strong></span> <span class='ocrx_word' id='word_1_320' title='bbox 1297 3169 1354 3223; x_wconf 91' lang='lat' dir='ltr'><strong>in</strong></span> <span class='ocrx_word' id='word_1_321' title='bbox 1405 3169 1606 3224; x_wconf 70' lang='lat' dir='ltr'><strong>siccato</strong></span> <span class='ocrx_word' id='word_1_322' title='bbox 1641 3169 1892 3224; x_wconf 80' lang='lat' dir='ltr'><strong>feratur:</strong></span> 
     </span>
    </p>
   </div>
   <div class='ocr_carea' id='block_1_48' title="bbox 305 3254 1899 3332">
    <p class='ocr_par' dir='ltr' id='par_1_48' title="bbox 305 3254 1899 3332">
     <span class='ocr_line' id='line_1_48' title="bbox 305 3254 1899 3332; baseline 0.003 -20"><span class='ocrx_word' id='word_1_323' title='bbox 305 3258 636 3317; x_wconf 74' lang='lat' dir='ltr'><strong>Anastasius</strong></span> <span class='ocrx_word' id='word_1_324' title='bbox 655 3257 748 3324; x_wconf 85' lang='lat' dir='ltr'><strong>IV,</strong></span> <span class='ocrx_word' id='word_1_325' title='bbox 767 3254 1028 3327; x_wconf 81' lang='lat' dir='ltr'><strong>Joannes,</strong></span> <span class='ocrx_word' id='word_1_326' title='bbox 1048 3256 1394 3324; x_wconf 89' lang='lat' dir='ltr'><strong>Theodorus,</strong></span> <span class='ocrx_word' id='word_1_327' title='bbox 1415 3261 1704 3328; x_wconf 84' lang='lat' dir='ltr'><strong>Eusebius,</strong></span> <span class='ocrx_word' id='word_1_328' title='bbox 1725 3261 1899 3332; x_wconf 87' lang='lat' dir='ltr'><strong>Elias,</strong></span> 
     </span>
    </p>
   </div>
   <div class='ocr_carea' id='block_1_49' title="bbox 305 3347 1902 3423">
    <p class='ocr_par' dir='ltr' id='par_1_49' title="bbox 305 3347 1902 3423">
     <span class='ocr_line' id='line_1_49' title="bbox 305 3347 1902 3423; baseline 0.004 -21"><span class='ocrx_word' id='word_1_329' title='bbox 305 3347 656 3412; x_wconf 87' lang='lat' dir='ltr'><strong>Theodorus,</strong></span> <span class='ocrx_word' id='word_1_330' title='bbox 691 3347 846 3406; x_wconf 86' lang='lat' dir='ltr'><strong>Elias</strong></span> <span class='ocrx_word' id='word_1_331' title='bbox 879 3350 1104 3414; x_wconf 89' lang='lat' dir='ltr'><strong>iterum,</strong></span> <span class='ocrx_word' id='word_1_332' title='bbox 1140 3349 1402 3408; x_wconf 84' lang='lat' dir='ltr'><strong>Joannes.</strong></span> <span class='ocrx_word' id='word_1_333' title='bbox 1441 3351 1584 3418; x_wconf 83' lang='lat' dir='ltr'><strong>Quid</strong></span> <span class='ocrx_word' id='word_1_334' title='bbox 1626 3353 1810 3423; x_wconf 80' lang='lat' dir='ltr'><strong>igitur,</strong></span> <span class='ocrx_word' id='word_1_335' title='bbox 1853 3353 1902 3410; x_wconf 91' lang='lat' dir='ltr'><strong>si</strong></span> 
     </span>
    </p>
   </div>
   <div class='ocr_carea' id='block_1_50' title="bbox 303 3443 1904 3516">
    <p class='ocr_par' dir='ltr' id='par_1_50' title="bbox 303 3443 1904 3516">
     <span class='ocr_line' id='line_1_50' title="bbox 303 3443 1904 3516; baseline 0.005 -23"><span class='ocrx_word' id='word_1_336' title='bbox 303 3453 424 3495; x_wconf 86' lang='lat' dir='ltr'><strong>non</strong></span> <span class='ocrx_word' id='word_1_337' title='bbox 457 3443 683 3510; x_wconf 78' lang='lat' dir='ltr'><strong>vulgare</strong></span> <span class='ocrx_word' id='word_1_338' title='bbox 714 3443 1044 3500; x_wconf 74' lang='lat' dir='ltr'><strong>beneficium</strong></span> <span class='ocrx_word' id='word_1_339' title='bbox 1077 3443 1308 3500; x_wconf 87' lang='lat' dir='ltr'><strong>Leontio</strong></span> <span class='ocrx_word' id='word_1_340' title='bbox 1357 3454 1642 3516; x_wconf 88' lang='lat' dir='ltr'><strong>acceptum</strong></span> <span class='ocrx_word' id='word_1_341' title='bbox 1700 3447 1904 3502; x_wconf 81' lang='lat' dir='ltr'><strong>refcra-</strong></span> 
     </span>
    </p>
   </div>
   <div class='ocr_carea' id='block_1_51' title="bbox 305 3531 1902 3604">
    <p class='ocr_par' dir='ltr' id='par_1_51' title="bbox 305 3531 1902 3604">
     <span class='ocr_line' id='line_1_51' title="bbox 305 3531 1902 3604; baseline 0.004 -18"><span class='ocrx_word' id='word_1_342' title='bbox 305 3539 458 3600; x_wconf 84' lang='lat' dir='ltr'><strong>mus,</strong></span> <span class='ocrx_word' id='word_1_343' title='bbox 494 3541 752 3604; x_wconf 80' lang='lat' dir='ltr'><strong>suggestu</strong></span> <span class='ocrx_word' id='word_1_344' title='bbox 781 3534 942 3592; x_wconf 85' lang='lat' dir='ltr'><strong>nobis</strong></span> <span class='ocrx_word' id='word_1_345' title='bbox 987 3531 1251 3597; x_wconf 76' lang='lat' dir='ltr'><strong>Macario,</strong></span> <span class='ocrx_word' id='word_1_346' title='bbox 1284 3551 1396 3604; x_wconf 90' lang='lat' dir='ltr'><strong>quo</strong></span> <span class='ocrx_word' id='word_1_347' title='bbox 1455 3536 1706 3592; x_wconf 79' lang='lat' dir='ltr'><strong>lacunam</strong></span> <span class='ocrx_word' id='word_1_348' title='bbox 1751 3537 1902 3593; x_wconf 86' lang='lat' dir='ltr'><strong>illam</strong></span> 
     </span>
    </p>
   </div>
   <div class='ocr_carea' id='block_1_52' title="bbox 303 3622 1901 3698">
    <p class='ocr_par' dir='ltr' id='par_1_52' title="bbox 303 3622 1901 3698">
     <span class='ocr_line' id='line_1_52' title="bbox 303 3622 1901 3698; baseline 0.003 -18"><span class='ocrx_word' id='word_1_349' title='bbox 303 3623 497 3680; x_wconf 64' lang='lat' dir='ltr'><strong>seculi</strong></span> <span class='ocrx_word' id='word_1_350' title='bbox 524 3633 599 3680; x_wconf 70' lang='lat' dir='ltr'><strong>tm</strong></span> <span class='ocrx_word' id='word_1_351' title='bbox 636 3640 702 3680; x_wconf 91' lang='lat' dir='ltr'><strong>ex</strong></span> <span class='ocrx_word' id='word_1_352' title='bbox 741 3635 898 3696; x_wconf 84' lang='lat' dir='ltr'><strong>parte</strong></span> <span class='ocrx_word' id='word_1_353' title='bbox 930 3627 1311 3698; x_wconf 79' lang='lat' dir='ltr'><strong>cor&#39;npleamus</strong></span> <span class='ocrx_word' id='word_1_354' title='bbox 1339 3626 1363 3682; x_wconf 82' lang='lat'><strong>‘.’</strong></span> <span class='ocrx_word' id='word_1_355' title='bbox 1389 3622 1530 3695; x_wconf 82' lang='lat' dir='ltr'><strong>Quid</strong></span> <span class='ocrx_word' id='word_1_356' title='bbox 1579 3630 1627 3685; x_wconf 89' lang='lat' dir='ltr'><strong>si</strong></span> <span class='ocrx_word' id='word_1_357' title='bbox 1686 3637 1742 3684; x_wconf 90' lang='lat' dir='ltr'><strong>et</strong></span> <span class='ocrx_word' id='word_1_358' title='bbox 1791 3631 1901 3686; x_wconf 89' lang='lat' dir='ltr'><strong>alio</strong></span> 
     </span>
    </p>
   </div>
   <div class='ocr_carea' id='block_1_53' title="bbox 301 3712 1902 3778">
    <p class='ocr_par' dir='ltr' id='par_1_53' title="bbox 301 3712 1902 3778">
     <span class='ocr_line' id='line_1_53' title="bbox 301 3712 1902 3778; baseline 0.004 -10"><span class='ocrx_word' id='word_1_359' title='bbox 301 3712 535 3768; x_wconf 89' lang='lat' dir='ltr'><strong>nomine</strong></span> <span class='ocrx_word' id='word_1_360' title='bbox 563 3714 800 3768; x_wconf 82' lang='lat' dir='ltr'><strong>devincti</strong></span> <span class='ocrx_word' id='word_1_361' title='bbox 823 3715 896 3770; x_wconf 91' lang='lat' dir='ltr'><strong>illi</strong></span> <span class='ocrx_word' id='word_1_362' title='bbox 927 3715 1123 3778; x_wconf 87' lang='lat' dir='ltr'><strong>simus,</strong></span> <span class='ocrx_word' id='word_1_363' title='bbox 1149 3716 1576 3773; x_wconf 84' lang='lat' dir='ltr'><strong>subministrato</strong></span> <span class='ocrx_word' id='word_1_364' title='bbox 1612 3719 1902 3774; x_wconf 80' lang='lat' dir='ltr'><strong>Eustathio</strong></span> 
     </span>
    </p>
   </div>
   <div class='ocr_carea' id='block_1_54' title="bbox 302 3801 1901 3880">
    <p class='ocr_par' dir='ltr' id='par_1_54' title="bbox 302 3801 1901 3880">
     <span class='ocr_line' id='line_1_54' title="bbox 302 3801 1901 3880; baseline 0.004 -24"><span class='ocrx_word' id='word_1_365' title='bbox 302 3801 618 3858; x_wconf 60' lang='lat' dir='ltr'><strong>Antiochiael</strong></span> <span class='ocrx_word' id='word_1_366' title='bbox 663 3804 946 3880; x_wconf 79' lang='lat' dir='ltr'><strong>episcopo,</strong></span> <span class='ocrx_word' id='word_1_367' title='bbox 993 3805 1084 3874; x_wconf 89' lang='lat' dir='ltr'><strong>qui</strong></span> <span class='ocrx_word' id='word_1_368' title='bbox 1129 3805 1412 3874; x_wconf 66' lang='lat' dir='ltr'><strong>princessit</strong></span> <span class='ocrx_word' id='word_1_369' title='bbox 1457 3805 1757 3862; x_wconf 81' lang='lat' dir='ltr'><strong>Macarium</strong></span> <span class='ocrx_word' id='word_1_370' title='bbox 1805 3823 1901 3862; x_wconf 86' lang='lat' dir='ltr'><strong>ca-</strong></span> 
     </span>
    </p>
   </div>
   <div class='ocr_carea' id='block_1_55' title="bbox 302 3892 1898 3968">
    <p class='ocr_par' dir='ltr' id='par_1_55' title="bbox 302 3892 1898 3968">
     <span class='ocr_line' id='line_1_55' title="bbox 302 3892 1898 3968; baseline 0.003 -16"><span class='ocrx_word' id='word_1_371' title='bbox 302 3893 504 3952; x_wconf 80' lang='lat' dir='ltr'><strong>thedra</strong></span> <span class='ocrx_word' id='word_1_372' title='bbox 533 3895 766 3964; x_wconf 88' lang='lat' dir='ltr'><strong>ejectum</strong></span> <span class='ocrx_word' id='word_1_373' title='bbox 797 3892 942 3950; x_wconf 83' lang='lat' dir='ltr'><strong>anno</strong></span> <span class='ocrx_word' id='word_1_374' title='bbox 987 3897 1118 3962; x_wconf 84' lang='grc'>681,</span> <span class='ocrx_word' id='word_1_375' title='bbox 1149 3913 1212 3952; x_wconf 80' lang='lat' dir='ltr'><strong>ex</strong></span> <span class='ocrx_word' id='word_1_376' title='bbox 1273 3899 1464 3968; x_wconf 79' lang='lat' dir='ltr'><strong>synodi</strong></span> <span class='ocrx_word' id='word_1_377' title='bbox 1522 3901 1898 3968; x_wconf 70' lang='lat' dir='ltr'><strong>oecumenicte,</strong></span> 
     </span>
    </p>
   </div>
   <div class='ocr_carea' id='block_1_56' title="bbox 303 3989 1901 4060">
    <p class='ocr_par' dir='ltr' id='par_1_56' title="bbox 303 3989 1901 4060">
     <span class='ocr_line' id='line_1_56' title="bbox 303 3989 1901 4060; baseline 0.003 -14"><span class='ocrx_word' id='word_1_378' title='bbox 303 4005 432 4060; x_wconf 74' lang='lat' dir='ltr'><strong>quae</strong></span> <span class='ocrx_word' id='word_1_379' title='bbox 468 3989 652 4043; x_wconf 86' lang='lat' dir='ltr'><strong>habita</strong></span> <span class='ocrx_word' id='word_1_380' title='bbox 687 3989 1168 4060; x_wconf 85' lang='lat' dir='ltr'><strong>Constantinopoli</strong></span> <span class='ocrx_word' id='word_1_381' title='bbox 1199 3990 1464 4046; x_wconf 77' lang='lat' dir='ltr'><strong>adversus</strong></span> <span class='ocrx_word' id='word_1_382' title='bbox 1491 3993 1901 4060; x_wconf 83' lang='lat' dir='ltr'><strong>Monothelitas,</strong></span> 
     </span>
    </p>
   </div>
   <div class='ocr_carea' id='block_1_57' title="bbox 304 4078 1898 4152">
    <p class='ocr_par' dir='ltr' id='par_1_57' title="bbox 304 4078 1898 4152">
     <span class='ocr_line' id='line_1_57' title="bbox 304 4078 1898 4152; baseline 0.004 -18"><span class='ocrx_word' id='word_1_383' title='bbox 304 4078 661 4146; x_wconf 85' lang='lat' dir='ltr'><strong>auctoritate,</strong></span> <span class='ocrx_word' id='word_1_384' title='bbox 682 4079 980 4150; x_wconf 83' lang='lat' dir='ltr'><strong>subrogato</strong></span> <span class='ocrx_word' id='word_1_385' title='bbox 999 4079 1331 4152; x_wconf 85' lang='lat' dir='ltr'><strong>Theophane</strong></span> <span class='ocrx_word' id='word_1_386' title='bbox 1355 4079 1528 4137; x_wconf 90' lang='lat' dir='ltr'><strong>Siculi</strong></span> <span class='ocrx_word' id='word_1_387' title='bbox 1552 4085 1898 4151; x_wconf 83' lang='lat' dir='ltr'><strong>monasterii,</strong></span> 
     </span>
    </p>
   </div>
   <div class='ocr_carea' id='block_1_58' title="bbox 305 4170 1901 4245">
    <p class='ocr_par' dir='ltr' id='par_1_58' title="bbox 305 4170 1901 4245">
     <span class='ocr_line' id='line_1_58' title="bbox 305 4170 1901 4245; baseline 0.004 -19"><span class='ocrx_word' id='word_1_388' title='bbox 305 4171 458 4242; x_wconf 82' lang='lat' dir='ltr'><strong>quod</strong></span> <span class='ocrx_word' id='word_1_389' title='bbox 489 4170 635 4242; x_wconf 73' lang='lat' dir='ltr'><strong>Bajae</strong></span> <span class='ocrx_word' id='word_1_390' title='bbox 668 4171 908 4240; x_wconf 73' lang='lat' dir='ltr'><strong>dictum,</strong></span> <span class='ocrx_word' id='word_1_391' title='bbox 943 4172 1179 4229; x_wconf 81' lang='lat' dir='ltr'><strong>abbate?</strong></span> <span class='ocrx_word' id='word_1_392' title='bbox 1208 4173 1337 4230; x_wconf 85' lang='lat' dir='ltr'><strong>Post</strong></span> <span class='ocrx_word' id='word_1_393' title='bbox 1366 4173 1692 4245; x_wconf 85' lang='lat' dir='ltr'><strong>Gregorium</strong></span> <span class='ocrx_word' id='word_1_394' title='bbox 1723 4176 1766 4232; x_wconf 90' lang='lat' dir='ltr'><strong>ll</strong></span> <span class='ocrx_word' id='word_1_395' title='bbox 1794 4176 1901 4233; x_wconf 89' lang='lat' dir='ltr'><strong>Ec-</strong></span> 
     </span>
    </p>
   </div>
   <div class='ocr_carea' id='block_1_59' title="bbox 304 4263 1903 4336">
    <p class='ocr_par' dir='ltr' id='par_1_59' title="bbox 304 4263 1903 4336">
     <span class='ocr_line' id='line_1_59' title="bbox 304 4263 1903 4336; baseline 0.003 -14"><span class='ocrx_word' id='word_1_396' title='bbox 304 4265 492 4322; x_wconf 73' lang='lat' dir='ltr'><strong>clesiae</strong></span> <span class='ocrx_word' id='word_1_397' title='bbox 516 4263 834 4334; x_wconf 75' lang='lat' dir='ltr'><strong>pontiﬁcem</strong></span> <span class='ocrx_word' id='word_1_398' title='bbox 868 4265 981 4321; x_wconf 89' lang='lat' dir='ltr'><strong>l’ato</strong></span> <span class='ocrx_word' id='word_1_399' title='bbox 1023 4263 1271 4322; x_wconf 82' lang='lat' dir='ltr'><strong>functum</strong></span> <span class='ocrx_word' id='word_1_400' title='bbox 1308 4281 1454 4322; x_wconf 87' lang='lat' dir='ltr'><strong>anno</strong></span> <span class='ocrx_word' id='word_1_401' title='bbox 1488 4267 1616 4336; x_wconf 77' lang='lat'><strong>629,</strong></span> <span class='ocrx_word' id='word_1_402' title='bbox 1647 4269 1903 4326; x_wconf 79' lang='lat' dir='ltr'><strong>ecclesia-</strong></span> 
     </span>
    </p>
   </div>
   <div class='ocr_carea' id='block_1_60' title="bbox 305 4355 1901 4432">
    <p class='ocr_par' dir='ltr' id='par_1_60' title="bbox 305 4355 1901 4432">
     <span class='ocr_line' id='line_1_60' title="bbox 305 4355 1901 4432; baseline 0.003 -20"><span class='ocrx_word' id='word_1_403' title='bbox 305 4356 452 4412; x_wconf 74' lang='lat' dir='ltr'><strong>‘stica</strong></span> <span class='ocrx_word' id='word_1_404' title='bbox 482 4355 716 4412; x_wconf 84' lang='lat' dir='ltr'><strong>historia</strong></span> <span class='ocrx_word' id='word_1_405' title='bbox 750 4356 856 4412; x_wconf 83' lang='lat' dir='ltr'><strong>bus</strong></span> <span class='ocrx_word' id='word_1_406' title='bbox 887 4365 1112 4412; x_wconf 82' lang='lat' dir='ltr'><strong>enarrat</strong></span> <span class='ocrx_word' id='word_1_407' title='bbox 1149 4372 1532 4427; x_wconf 84' lang='lat' dir='ltr'><strong>successores,</strong></span> <span class='ocrx_word' id='word_1_408' title='bbox 1558 4361 1720 4432; x_wconf 78' lang='lat'><strong>305</strong></span> <span class='ocrx_word' id='word_1_409' title='bbox 1750 4363 1901 4417; x_wconf 83' lang='lat' dir='ltr'><strong>Ana-</strong></span> 
     </span>
    </p>
   </div>
   <div class='ocr_carea' id='block_1_61' title="bbox 1995 1966 3583 2036">
    <p class='ocr_par' dir='ltr' id='par_1_61' title="bbox 1995 1966 3583 2036">
     <span class='ocr_line' id='line_1_61' title="bbox 1995 1966 3583 2036; baseline 0.004 -12"><span class='ocrx_word' id='word_1_410' title='bbox 1995 1966 2436 2025; x_wconf 83' lang='lat' dir='ltr'><strong>Christianurum</strong></span> <span class='ocrx_word' id='word_1_411' title='bbox 2495 1967 2754 2024; x_wconf 68' lang='lat' dir='ltr'><strong>Ecclesiae</strong></span> <span class='ocrx_word' id='word_1_412' title='bbox 2801 1969 3084 2036; x_wconf 87' lang='lat' dir='ltr'><strong>colerent,</strong></span> <span class='ocrx_word' id='word_1_413' title='bbox 3131 1969 3420 2030; x_wconf 79' lang='lat' dir='ltr'><strong>Paschalis</strong></span> <span class='ocrx_word' id='word_1_414' title='bbox 3465 1975 3583 2030; x_wconf 83' lang='lat' dir='ltr'><strong>dies</strong></span> 
     </span>
    </p>
   </div>
   <div class='ocr_carea' id='block_1_62' title="bbox 1996 2061 3584 2134">
    <p class='ocr_par' dir='ltr' id='par_1_62' title="bbox 1996 2061 3584 2134">
     <span class='ocr_line' id='line_1_62' title="bbox 1996 2061 3584 2134; baseline 0.002 -18"><span class='ocrx_word' id='word_1_415' title='bbox 1996 2068 2318 2129; x_wconf 75' lang='lat' dir='ltr'><strong>emergeret.</strong></span> <span class='ocrx_word' id='word_1_416' title='bbox 2352 2061 2486 2116; x_wconf 90' lang='lat' dir='ltr'><strong>Cum</strong></span> <span class='ocrx_word' id='word_1_417' title='bbox 2517 2062 2660 2116; x_wconf 86' lang='lat' dir='ltr'><strong>enim</strong></span> <span class='ocrx_word' id='word_1_418' title='bbox 2699 2076 2766 2117; x_wconf 84' lang='lat' dir='ltr'><strong>ex</strong></span> <span class='ocrx_word' id='word_1_419' title='bbox 2805 2061 3060 2119; x_wconf 77' lang='lat' dir='ltr'><strong>Mosaicae</strong></span> <span class='ocrx_word' id='word_1_420' title='bbox 3093 2063 3228 2134; x_wconf 83' lang='lat' dir='ltr'><strong>legis</strong></span> <span class='ocrx_word' id='word_1_421' title='bbox 3267 2065 3584 2134; x_wconf 83' lang='lat' dir='ltr'><strong>praescripto</strong></span> 
     </span>
    </p>
   </div>
   <div class='ocr_carea' id='block_1_63' title="bbox 1999 2149 3585 2222">
    <p class='ocr_par' dir='ltr' id='par_1_63' title="bbox 1999 2149 3585 2222">
     <span class='ocr_line' id='line_1_63' title="bbox 1999 2149 3585 2222; baseline 0.003 -14"><span class='ocrx_word' id='word_1_422' title='bbox 1999 2152 2383 2208; x_wconf 84' lang='lat' dir='ltr'><strong>celebrandum</strong></span> <span class='ocrx_word' id='word_1_423' title='bbox 2409 2151 2615 2209; x_wconf 84' lang='lat' dir='ltr'><strong>Pascha</strong></span> <span class='ocrx_word' id='word_1_424' title='bbox 2645 2153 2712 2210; x_wconf 76' lang='lat' dir='ltr'><strong>l5</strong></span> <span class='ocrx_word' id='word_1_425' title='bbox 2739 2155 2827 2210; x_wconf 91' lang='lat' dir='ltr'><strong>die</strong></span> <span class='ocrx_word' id='word_1_426' title='bbox 2857 2153 3050 2222; x_wconf 83' lang='lat' dir='ltr'><strong>Nisan,</strong></span> <span class='ocrx_word' id='word_1_427' title='bbox 3081 2149 3374 2212; x_wconf 60' lang='lat' dir='ltr'><strong>Palmstina</strong></span> <span class='ocrx_word' id='word_1_428' title='bbox 3394 2153 3585 2213; x_wconf 61' lang='lat' dir='ltr'><strong>Eccleo</strong></span> 
     </span>
    </p>
   </div>
   <div class='ocr_carea' id='block_1_64' title="bbox 1999 2243 3582 2312">
    <p class='ocr_par' dir='ltr' id='par_1_64' title="bbox 1999 2243 3582 2312">
     <span class='ocr_line' id='line_1_64' title="bbox 1999 2243 3582 2312; baseline 0.003 -14"><span class='ocrx_word' id='word_1_429' title='bbox 1999 2243 2080 2298; x_wconf 87' lang='lat' dir='ltr'><strong>sia</strong></span> <span class='ocrx_word' id='word_1_430' title='bbox 2103 2283 2120 2309; x_wconf 94' lang='lat'><strong>,</strong></span> <span class='ocrx_word' id='word_1_431' title='bbox 2155 2251 2210 2298; x_wconf 91' lang='lat' dir='ltr'><strong>et</strong></span> <span class='ocrx_word' id='word_1_432' title='bbox 2231 2245 2428 2300; x_wconf 75' lang='lat' dir='ltr'><strong>veteris</strong></span> <span class='ocrx_word' id='word_1_433' title='bbox 2463 2245 2696 2300; x_wconf 89' lang='lat' dir='ltr'><strong>instituti</strong></span> <span class='ocrx_word' id='word_1_434' title='bbox 2730 2257 3008 2312; x_wconf 89' lang='lat' dir='ltr'><strong>constans,</strong></span> <span class='ocrx_word' id='word_1_435' title='bbox 3042 2255 3096 2302; x_wconf 90' lang='lat' dir='ltr'><strong>et</strong></span> <span class='ocrx_word' id='word_1_436' title='bbox 3128 2245 3332 2302; x_wconf 74' lang='lat' dir='ltr'><strong>Nicazni</strong></span> <span class='ocrx_word' id='word_1_437' title='bbox 3363 2249 3582 2304; x_wconf 91' lang='lat' dir='ltr'><strong>concilii</strong></span> 
     </span>
    </p>
   </div>
   <div class='ocr_carea' id='block_1_65' title="bbox 1999 2337 3586 2412">
    <p class='ocr_par' dir='ltr' id='par_1_65' title="bbox 1999 2337 3586 2412">
     <span class='ocr_line' id='line_1_65' title="bbox 1999 2337 3586 2412; baseline 0.004 -20"><span class='ocrx_word' id='word_1_438' title='bbox 1999 2337 2230 2398; x_wconf 86' lang='lat' dir='ltr'><strong>audiens</strong></span> <span class='ocrx_word' id='word_1_439' title='bbox 2256 2338 2495 2404; x_wconf 84' lang='lat' dir='ltr'><strong>decreto,</strong></span> <span class='ocrx_word' id='word_1_440' title='bbox 2522 2349 2740 2410; x_wconf 88' lang='lat' dir='ltr'><strong>poterat</strong></span> <span class='ocrx_word' id='word_1_441' title='bbox 2761 2339 3048 2396; x_wconf 84' lang='lat' dir='ltr'><strong>Judaicum</strong></span> <span class='ocrx_word' id='word_1_442' title='bbox 3074 2340 3252 2396; x_wconf 88' lang='lat' dir='ltr'><strong>Phase</strong></span> <span class='ocrx_word' id='word_1_443' title='bbox 3276 2355 3388 2412; x_wconf 65' lang='lat' dir='ltr'><strong>prae</strong></span> <span class='ocrx_word' id='word_1_444' title='bbox 3411 2341 3586 2398; x_wconf 82' lang='lat' dir='ltr'><strong>oculis</strong></span> 
     </span>
    </p>
   </div>
   <div class='ocr_carea' id='block_1_66' title="bbox 1997 2427 3589 2502">
    <p class='ocr_par' dir='ltr' id='par_1_66' title="bbox 1997 2427 3589 2502">
     <span class='ocr_line' id='line_1_66' title="bbox 1997 2427 3589 2502; baseline 0.004 -20"><span class='ocrx_word' id='word_1_445' title='bbox 1997 2428 2202 2484; x_wconf 84' lang='lat' dir='ltr'><strong>habere</strong></span> <span class='ocrx_word' id='word_1_446' title='bbox 2223 2469 2240 2496; x_wconf 91' lang='lat'><strong>,</strong></span> <span class='ocrx_word' id='word_1_447' title='bbox 2286 2437 2346 2483; x_wconf 88' lang='lat' dir='ltr'><strong>ut</strong></span> <span class='ocrx_word' id='word_1_448' title='bbox 2377 2427 2594 2486; x_wconf 78' lang='lat' dir='ltr'><strong>Pascha</strong></span> <span class='ocrx_word' id='word_1_449' title='bbox 2640 2429 2850 2486; x_wconf 81' lang='lat' dir='ltr'><strong>diceret</strong></span> <span class='ocrx_word' id='word_1_450' title='bbox 2881 2431 3230 2488; x_wconf 77' lang='lat' dir='ltr'><strong>Dominieum</strong></span> <span class='ocrx_word' id='word_1_451' title='bbox 3263 2435 3407 2487; x_wconf 80' lang='lat' dir='ltr'><strong>diem</strong></span> <span class='ocrx_word' id='word_1_452' title='bbox 3428 2473 3444 2500; x_wconf 89' lang='lat'><strong>,</strong></span> <span class='ocrx_word' id='word_1_453' title='bbox 3493 2434 3589 2502; x_wconf 78' lang='lat' dir='ltr'><strong>qui</strong></span> 
     </span>
    </p>
   </div>
   <div class='ocr_carea' id='block_1_67' title="bbox 1998 2519 3586 2592">
    <p class='ocr_par' dir='ltr' id='par_1_67' title="bbox 1998 2519 3586 2592">
     <span class='ocr_line' id='line_1_67' title="bbox 1998 2519 3586 2592; baseline 0.004 -19"><span class='ocrx_word' id='word_1_454' title='bbox 1998 2519 2247 2590; x_wconf 84' lang='lat' dir='ltr'><strong>proxime</strong></span> <span class='ocrx_word' id='word_1_455' title='bbox 2288 2519 2421 2574; x_wconf 88' lang='lat' dir='ltr'><strong>illud</strong></span> <span class='ocrx_word' id='word_1_456' title='bbox 2471 2531 2820 2590; x_wconf 83' lang='lat' dir='ltr'><strong>sequeretur.</strong></span> <span class='ocrx_word' id='word_1_457' title='bbox 2873 2520 2980 2577; x_wconf 86' lang='lat' dir='ltr'><strong>Sed</strong></span> <span class='ocrx_word' id='word_1_458' title='bbox 3024 2538 3144 2588; x_wconf 87' lang='lat' dir='ltr'><strong>nae,</strong></span> <span class='ocrx_word' id='word_1_459' title='bbox 3186 2523 3434 2592; x_wconf 84' lang='lat' dir='ltr'><strong>quisquis</strong></span> <span class='ocrx_word' id='word_1_460' title='bbox 3470 2524 3586 2579; x_wconf 65' lang='lat' dir='ltr'><strong>haec</strong></span> 
     </span>
    </p>
   </div>
   <div class='ocr_carea' id='block_1_68' title="bbox 1999 2608 3587 2678">
    <p class='ocr_par' dir='ltr' id='par_1_68' title="bbox 1999 2608 3587 2678">
     <span class='ocr_line' id='line_1_68' title="bbox 1999 2608 3587 2678; baseline 0.001 -16"><span class='ocrx_word' id='word_1_461' title='bbox 1999 2609 2346 2676; x_wconf 85' lang='lat' dir='ltr'><strong>suspicatur,</strong></span> <span class='ocrx_word' id='word_1_462' title='bbox 2415 2608 2666 2678; x_wconf 88' lang='lat' dir='ltr'><strong>ignorat,</strong></span> <span class='ocrx_word' id='word_1_463' title='bbox 2738 2609 3068 2678; x_wconf 80' lang='lat' dir='ltr'><strong>castigatam</strong></span> <span class='ocrx_word' id='word_1_464' title='bbox 3120 2609 3416 2666; x_wconf 87' lang='lat' dir='ltr'><strong>Christiani</strong></span> <span class='ocrx_word' id='word_1_465' title='bbox 3479 2610 3587 2677; x_wconf 63' lang='lat' dir='ltr'><strong>Pa:-</strong></span> 
     </span>
    </p>
   </div>
   <div class='ocr_carea' id='block_1_69' title="bbox 1999 2701 3584 2770">
    <p class='ocr_par' dir='ltr' id='par_1_69' title="bbox 1999 2701 3584 2770">
     <span class='ocr_line' id='line_1_69' title="bbox 1999 2701 3584 2770; baseline 0.004 -14"><span class='ocrx_word' id='word_1_466' title='bbox 1999 2701 2203 2756; x_wconf 84' lang='lat' dir='ltr'><strong>schatis</strong></span> <span class='ocrx_word' id='word_1_467' title='bbox 2249 2701 2559 2756; x_wconf 88' lang='lat' dir='ltr'><strong>doctrinam</strong></span> <span class='ocrx_word' id='word_1_468' title='bbox 2605 2719 2711 2758; x_wconf 91' lang='lat' dir='ltr'><strong>non</strong></span> <span class='ocrx_word' id='word_1_469' title='bbox 2775 2703 2882 2759; x_wconf 90' lang='lat' dir='ltr'><strong>alio</strong></span> <span class='ocrx_word' id='word_1_470' title='bbox 2935 2720 3000 2761; x_wconf 74' lang='lat' dir='ltr'><strong>ex</strong></span> <span class='ocrx_word' id='word_1_471' title='bbox 3049 2705 3198 2761; x_wconf 81' lang='lat' dir='ltr'><strong>fonte</strong></span> <span class='ocrx_word' id='word_1_472' title='bbox 3237 2706 3584 2770; x_wconf 86' lang='lat' dir='ltr'><strong>dimanasse,</strong></span> 
     </span>
    </p>
   </div>
   <div class='ocr_carea' id='block_1_70' title="bbox 2001 2794 3661 2868">
    <p class='ocr_par' dir='ltr' id='par_1_70' title="bbox 2001 2794 3661 2868">
     <span class='ocr_line' id='line_1_70' title="bbox 2001 2794 3661 2868; baseline 0.005 -21"><span class='ocrx_word' id='word_1_473' title='bbox 2001 2794 2107 2851; x_wconf 89' lang='lat' dir='ltr'><strong>nisi</strong></span> <span class='ocrx_word' id='word_1_474' title='bbox 2135 2809 2201 2849; x_wconf 84' lang='lat' dir='ltr'><strong>ex</strong></span> <span class='ocrx_word' id='word_1_475' title='bbox 2229 2810 2372 2850; x_wconf 90' lang='lat' dir='ltr'><strong>anno</strong></span> <span class='ocrx_word' id='word_1_476' title='bbox 2401 2795 2601 2862; x_wconf 85' lang='lat' dir='ltr'><strong>lunari,</strong></span> <span class='ocrx_word' id='word_1_477' title='bbox 2637 2797 2729 2866; x_wconf 88' lang='lat' dir='ltr'><strong>qui</strong></span> <span class='ocrx_word' id='word_1_478' title='bbox 2756 2811 2922 2868; x_wconf 84' lang='lat' dir='ltr'><strong>penes</strong></span> <span class='ocrx_word' id='word_1_479' title='bbox 2950 2798 3206 2854; x_wconf 71' lang='lat' dir='ltr'><strong>Hebraeos</strong></span> <span class='ocrx_word' id='word_1_480' title='bbox 3229 2801 3494 2865; x_wconf 84' lang='lat' dir='ltr'><strong>obtinuit,</strong></span> <span class='ocrx_word' id='word_1_481' title='bbox 3526 2804 3590 2855; x_wconf 78' lang='lat' dir='ltr'><strong>ut</strong></span> <span class='ocrx_word' id='word_1_482' title='bbox 3657 2864 3661 2866; x_wconf 24' lang='grc' dir='ltr'><em>ν</em></span> 
     </span>
    </p>
   </div>
   <div class='ocr_carea' id='block_1_71' title="bbox 2001 2887 3584 2966">
    <p class='ocr_par' dir='ltr' id='par_1_71' title="bbox 2001 2887 3584 2966">
     <span class='ocr_line' id='line_1_71' title="bbox 2001 2887 3584 2966; baseline 0.004 -26"><span class='ocrx_word' id='word_1_483' title='bbox 2001 2887 2180 2941; x_wconf 84' lang='lat' dir='ltr'><strong>adhuc</strong></span> <span class='ocrx_word' id='word_1_484' title='bbox 2209 2887 2420 2944; x_wconf 89' lang='lat' dir='ltr'><strong>obtinet</strong></span> <span class='ocrx_word' id='word_1_485' title='bbox 2438 2929 2454 2956; x_wconf 93' lang='lat'><strong>,</strong></span> <span class='ocrx_word' id='word_1_486' title='bbox 2482 2889 2577 2944; x_wconf 88' lang='lat' dir='ltr'><strong>sed</strong></span> <span class='ocrx_word' id='word_1_487' title='bbox 2605 2891 2895 2946; x_wconf 88' lang='lat' dir='ltr'><strong>emendato</strong></span> <span class='ocrx_word' id='word_1_488' title='bbox 2921 2899 3102 2966; x_wconf 82' lang='lat' dir='ltr'><strong>tamen</strong></span> <span class='ocrx_word' id='word_1_489' title='bbox 3130 2907 3160 2946; x_wconf 89' lang='lat' dir='ltr'><strong>a</strong></span> <span class='ocrx_word' id='word_1_490' title='bbox 3193 2890 3364 2946; x_wconf 76' lang='lat' dir='ltr'><strong>Itabhi</strong></span> <span class='ocrx_word' id='word_1_491' title='bbox 3393 2891 3544 2948; x_wconf 84' lang='lat' dir='ltr'><strong>Adda</strong></span> <span class='ocrx_word' id='word_1_492' title='bbox 3566 2931 3584 2958; x_wconf 95' lang='lat'><strong>,</strong></span> 
     </span>
    </p>
   </div>
   <div class='ocr_carea' id='block_1_72' title="bbox 1999 2979 3590 3056">
    <p class='ocr_par' dir='ltr' id='par_1_72' title="bbox 1999 2979 3590 3056">
     <span class='ocr_line' id='line_1_72' title="bbox 1999 2979 3590 3056; baseline 0.006 -26"><span class='ocrx_word' id='word_1_493' title='bbox 1999 2980 2090 3048; x_wconf 90' lang='lat' dir='ltr'><strong>qui</strong></span> <span class='ocrx_word' id='word_1_494' title='bbox 2138 2979 2366 3035; x_wconf 87' lang='lat' dir='ltr'><strong>biduum</strong></span> <span class='ocrx_word' id='word_1_495' title='bbox 2395 2981 2634 3049; x_wconf 78' lang='lat' dir='ltr'><strong>exemit,</strong></span> <span class='ocrx_word' id='word_1_496' title='bbox 2669 2981 2934 3038; x_wconf 89' lang='lat' dir='ltr'><strong>absolutis</strong></span> <span class='ocrx_word' id='word_1_497' title='bbox 2975 2998 3120 3038; x_wconf 86' lang='lat' dir='ltr'><strong>anno</strong></span> <span class='ocrx_word' id='word_1_498' title='bbox 3149 2984 3350 3039; x_wconf 86' lang='lat' dir='ltr'><strong>Christi</strong></span> <span class='ocrx_word' id='word_1_499' title='bbox 3385 2983 3590 3056; x_wconf 80' lang='lat' dir='ltr'><strong>Diony-</strong></span> 
     </span>
    </p>
   </div>
   <div class='ocr_carea' id='block_1_73' title="bbox 2000 3071 3584 3156">
    <p class='ocr_par' dir='ltr' id='par_1_73' title="bbox 2000 3071 3584 3156">
     <span class='ocr_line' id='line_1_73' title="bbox 2000 3071 3584 3156; baseline 0.001 -28"><span class='ocrx_word' id='word_1_500' title='bbox 2000 3073 2153 3128; x_wconf 85' lang='lat' dir='ltr'><strong>siano</strong></span> <span class='ocrx_word' id='word_1_501' title='bbox 2174 3071 2277 3126; x_wconf 74' lang='grc'><strong>297</strong></span> <span class='ocrx_word' id='word_1_502' title='bbox 2300 3083 2423 3156; x_wconf 53' lang='grc' dir='ltr'><strong>(ψιο</strong></span> <span class='ocrx_word' id='word_1_503' title='bbox 2444 3074 2680 3143; x_wconf 83' lang='lat' dir='ltr'><strong>periodis</strong></span> <span class='ocrx_word' id='word_1_504' title='bbox 2697 3075 3010 3146; x_wconf 81' lang='lat' dir='ltr'><strong>Calippicis,</strong></span> <span class='ocrx_word' id='word_1_505' title='bbox 3029 3076 3134 3132; x_wconf 89' lang='lat' dir='ltr'><strong>hoc</strong></span> <span class='ocrx_word' id='word_1_506' title='bbox 3172 3089 3254 3132; x_wconf 89' lang='lat' dir='ltr'><strong>est</strong></span> <span class='ocrx_word' id='word_1_507' title='bbox 3279 3075 3384 3132; x_wconf 90' lang='lat'><strong>608</strong></span> <span class='ocrx_word' id='word_1_508' title='bbox 3405 3080 3584 3142; x_wconf 84' lang='lat' dir='ltr'><strong>annis,</strong></span> 
     </span>
    </p>
   </div>
   <div class='ocr_carea' id='block_1_74' title="bbox 2010 3165 3589 3239">
    <p class='ocr_par' dir='ltr' id='par_1_74' title="bbox 2010 3165 3589 3239">
     <span class='ocr_line' id='line_1_74' title="bbox 2010 3165 3589 3239; baseline 0.003 -20"><span class='ocrx_word' id='word_1_509' title='bbox 2010 3165 2084 3220; x_wconf 87' lang='lat' dir='ltr'><strong>ita</strong></span> <span class='ocrx_word' id='word_1_510' title='bbox 2117 3179 2174 3218; x_wconf 90' lang='lat' dir='ltr'><strong>ut</strong></span> <span class='ocrx_word' id='word_1_511' title='bbox 2201 3167 2236 3220; x_wconf 74' lang='grc'><strong>4</strong></span> <span class='ocrx_word' id='word_1_512' title='bbox 2282 3167 2370 3220; x_wconf 90' lang='lat' dir='ltr'><strong>die</strong></span> <span class='ocrx_word' id='word_1_513' title='bbox 2414 3167 2752 3234; x_wconf 83' lang='lat' dir='ltr'><strong>Septembris</strong></span> <span class='ocrx_word' id='word_1_514' title='bbox 2786 3169 2908 3239; x_wconf 83' lang='lat' dir='ltr'><strong>ejus</strong></span> <span class='ocrx_word' id='word_1_515' title='bbox 2953 3171 3083 3224; x_wconf 86' lang='lat' dir='ltr'><strong>anni</strong></span> <span class='ocrx_word' id='word_1_516' title='bbox 3119 3185 3292 3226; x_wconf 68' lang='lat' dir='ltr'><strong>novus</strong></span> <span class='ocrx_word' id='word_1_517' title='bbox 3323 3171 3463 3226; x_wconf 87' lang='lat' dir='ltr'><strong>Tisri</strong></span> <span class='ocrx_word' id='word_1_518' title='bbox 3502 3172 3589 3226; x_wconf 52' lang='lat' dir='ltr'><strong>in.</strong></span> 
     </span>
    </p>
   </div>
   <div class='ocr_carea' id='block_1_75' title="bbox 2009 3261 3588 3332">
    <p class='ocr_par' dir='ltr' id='par_1_75' title="bbox 2009 3261 3588 3332">
     <span class='ocr_line' id='line_1_75' title="bbox 2009 3261 3588 3332; baseline 0.005 -20"><span class='ocrx_word' id='word_1_519' title='bbox 2009 3261 2334 3328; x_wconf 76' lang='lat' dir='ltr'><strong>greder‘etnr</strong></span> <span class='ocrx_word' id='word_1_520' title='bbox 2359 3275 2484 3314; x_wconf 86' lang='lat' dir='ltr'><strong>eum</strong></span> <span class='ocrx_word' id='word_1_521' title='bbox 2518 3273 2626 3314; x_wconf 88' lang='lat' dir='ltr'><strong>non</strong></span> <span class='ocrx_word' id='word_1_522' title='bbox 2667 3261 2954 3316; x_wconf 88' lang='lat' dir='ltr'><strong>sollicitata</strong></span> <span class='ocrx_word' id='word_1_523' title='bbox 2981 3263 3048 3318; x_wconf 85' lang='lat' dir='ltr'><strong>de</strong></span> <span class='ocrx_word' id='word_1_524' title='bbox 3078 3265 3256 3332; x_wconf 87' lang='lat' dir='ltr'><strong>prisca</strong></span> <span class='ocrx_word' id='word_1_525' title='bbox 3289 3265 3416 3320; x_wconf 88' lang='lat' dir='ltr'><strong>sede</strong></span> <span class='ocrx_word' id='word_1_526' title='bbox 3451 3282 3588 3320; x_wconf 80' lang='lat' dir='ltr'><strong>nco-</strong></span> 
     </span>
    </p>
   </div>
   <div class='ocr_carea' id='block_1_76' title="bbox 2009 3346 3230 3422">
    <p class='ocr_par' dir='ltr' id='par_1_76' title="bbox 2009 3346 3230 3422">
     <span class='ocr_line' id='line_1_76' title="bbox 2009 3346 3230 3422; baseline 0.003 -20"><span class='ocrx_word' id='word_1_527' title='bbox 2009 3347 2188 3402; x_wconf 90' lang='lat' dir='ltr'><strong>menia</strong></span> <span class='ocrx_word' id='word_1_528' title='bbox 2212 3387 2228 3412; x_wconf 89' lang='lat'><strong>,</strong></span> <span class='ocrx_word' id='word_1_529' title='bbox 2273 3346 2542 3402; x_wconf 79' lang='lat' dir='ltr'><strong>iucundus</strong></span> <span class='ocrx_word' id='word_1_530' title='bbox 2569 3348 2662 3402; x_wconf 91' lang='lat' dir='ltr'><strong>ille</strong></span> <span class='ocrx_word' id='word_1_531' title='bbox 2691 3348 2886 3406; x_wconf 82' lang='lat' dir='ltr'><strong>fuisset</strong></span> <span class='ocrx_word' id='word_1_532' title='bbox 2905 3349 2938 3403; x_wconf 88' lang='grc'><strong>6</strong></span> <span class='ocrx_word' id='word_1_533' title='bbox 2968 3351 3230 3422; x_wconf 82' lang='lat' dir='ltr'><strong>ejusdem.</strong></span> 
     </span>
    </p>
   </div>
   <div class='ocr_carea' id='block_1_77' title="bbox 2075 3436 3592 3514">
    <p class='ocr_par' dir='ltr' id='par_1_77' title="bbox 2075 3436 3592 3514">
     <span class='ocr_line' id='line_1_77' title="bbox 2075 3436 3592 3514; baseline 0.005 -20"><span class='ocrx_word' id='word_1_534' title='bbox 2075 3437 2266 3495; x_wconf 80' lang='lat' dir='ltr'><strong>XVI&quot;.</strong></span> <span class='ocrx_word' id='word_1_535' title='bbox 2299 3437 2592 3496; x_wconf 79' lang='lat' dir='ltr'><strong>Enimvero</strong></span> <span class='ocrx_word' id='word_1_536' title='bbox 2611 3442 2747 3496; x_wconf 80' lang='lat' dir='ltr'><strong>vidit</strong></span> <span class='ocrx_word' id='word_1_537' title='bbox 2789 3436 2938 3498; x_wconf 73' lang='lat' dir='ltr'><strong>Adda</strong></span> <span class='ocrx_word' id='word_1_538' title='bbox 2972 3446 3308 3514; x_wconf 85' lang='lat' dir='ltr'><strong>comparatis</strong></span> <span class='ocrx_word' id='word_1_539' title='bbox 3351 3447 3493 3501; x_wconf 84' lang='lat' dir='ltr'><strong>inter</strong></span> <span class='ocrx_word' id='word_1_540' title='bbox 3527 3460 3592 3502; x_wconf 85' lang='lat' dir='ltr'><strong>se</strong></span> 
     </span>
    </p>
   </div>
   <div class='ocr_carea' id='block_1_78' title="bbox 2006 3532 3588 3607">
    <p class='ocr_par' dir='ltr' id='par_1_78' title="bbox 2006 3532 3588 3607">
     <span class='ocr_line' id='line_1_78' title="bbox 2006 3532 3588 3607; baseline 0.004 -21"><span class='ocrx_word' id='word_1_541' title='bbox 2006 3532 2073 3587; x_wconf 92' lang='grc'><strong>16</strong></span> <span class='ocrx_word' id='word_1_542' title='bbox 2097 3533 2654 3589; x_wconf 74' lang='lat' dir='ltr'><strong>enneadecaeteribus</strong></span> <span class='ocrx_word' id='word_1_543' title='bbox 2687 3533 2968 3591; x_wconf 88' lang='lat' dir='ltr'><strong>lunaribus</strong></span> <span class='ocrx_word' id='word_1_544' title='bbox 2985 3535 3282 3607; x_wconf 90' lang='lat' dir='ltr'><strong>Calippicis</strong></span> <span class='ocrx_word' id='word_1_545' title='bbox 3306 3579 3321 3604; x_wconf 95' lang='lat'><strong>,</strong></span> <span class='ocrx_word' id='word_1_546' title='bbox 3357 3549 3411 3593; x_wconf 87' lang='lat' dir='ltr'><strong>ct</strong></span> <span class='ocrx_word' id='word_1_547' title='bbox 3452 3539 3588 3592; x_wconf 63' lang='lat' dir='ltr'><strong>solio</strong></span> 
     </span>
    </p>
   </div>
   <div class='ocr_carea' id='block_1_79' title="bbox 2005 3623 3588 3701">
    <p class='ocr_par' dir='ltr' id='par_1_79' title="bbox 2005 3623 3588 3701">
     <span class='ocr_line' id='line_1_79' title="bbox 2005 3623 3588 3701; baseline 0.004 -22"><span class='ocrx_word' id='word_1_548' title='bbox 2005 3626 2226 3680; x_wconf 81' lang='lat' dir='ltr'><strong>(laribus</strong></span> <span class='ocrx_word' id='word_1_549' title='bbox 2245 3623 2493 3692; x_wconf 80' lang='lat' dir='ltr'><strong>Julianis;</strong></span> <span class='ocrx_word' id='word_1_550' title='bbox 2521 3640 2848 3697; x_wconf 83' lang='lat' dir='ltr'><strong>exsuperare</strong></span> <span class='ocrx_word' id='word_1_551' title='bbox 2871 3629 2922 3683; x_wconf 91' lang='lat' dir='ltr'><strong>in</strong></span> <span class='ocrx_word' id='word_1_552' title='bbox 2949 3631 3106 3685; x_wconf 88' lang='lat' dir='ltr'><strong>annis</strong></span> <span class='ocrx_word' id='word_1_553' title='bbox 3132 3631 3261 3696; x_wconf 64' lang='grc'>501,</span> <span class='ocrx_word' id='word_1_554' title='bbox 3295 3641 3427 3701; x_wconf 84' lang='lat' dir='ltr'><strong>quot</strong></span> <span class='ocrx_word' id='word_1_555' title='bbox 3451 3647 3588 3686; x_wconf 77' lang='lat' dir='ltr'><strong>con-</strong></span> 
     </span>
    </p>
   </div>
   <div class='ocr_carea' id='block_1_80' title="bbox 2004 3717 3590 3786">
    <p class='ocr_par' dir='ltr' id='par_1_80' title="bbox 2004 3717 3590 3786">
     <span class='ocr_line' id='line_1_80' title="bbox 2004 3717 3590 3786; baseline 0.003 -16"><span class='ocrx_word' id='word_1_556' title='bbox 2004 3725 2152 3772; x_wconf 88' lang='lat' dir='ltr'><strong>stant</strong></span> <span class='ocrx_word' id='word_1_557' title='bbox 2177 3717 2244 3772; x_wconf 88' lang='grc'><strong>16</strong></span> <span class='ocrx_word' id='word_1_558' title='bbox 2279 3721 2824 3776; x_wconf 79' lang='lat' dir='ltr'><strong>euneadecaeterides</strong></span> <span class='ocrx_word' id='word_1_559' title='bbox 2861 3721 3112 3786; x_wconf 78' lang='lat' dir='ltr'><strong>lunares,</strong></span> <span class='ocrx_word' id='word_1_560' title='bbox 3147 3723 3326 3778; x_wconf 86' lang='lat' dir='ltr'><strong>solare</strong></span> <span class='ocrx_word' id='word_1_561' title='bbox 3359 3725 3590 3779; x_wconf 75' lang='lat' dir='ltr'><strong>ratioci.</strong></span> 
     </span>
    </p>
   </div>
   <div class='ocr_carea' id='block_1_81' title="bbox 2005 3808 3590 3884">
    <p class='ocr_par' dir='ltr' id='par_1_81' title="bbox 2005 3808 3590 3884">
     <span class='ocr_line' id='line_1_81' title="bbox 2005 3808 3590 3884; baseline 0.008 -24"><span class='ocrx_word' id='word_1_562' title='bbox 2005 3808 2152 3860; x_wconf 87' lang='lat' dir='ltr'><strong>nium</strong></span> <span class='ocrx_word' id='word_1_563' title='bbox 2183 3822 2347 3877; x_wconf 83' lang='lat' dir='ltr'><strong>supra</strong></span> <span class='ocrx_word' id='word_1_564' title='bbox 2373 3809 2563 3866; x_wconf 87' lang='lat' dir='ltr'><strong>lunare</strong></span> <span class='ocrx_word' id='word_1_565' title='bbox 2585 3811 2726 3866; x_wconf 85' lang='lat' dir='ltr'><strong>diem</strong></span> <span class='ocrx_word' id='word_1_566' title='bbox 2764 3827 2960 3878; x_wconf 85' lang='lat' dir='ltr'><strong>unum,</strong></span> <span class='ocrx_word' id='word_1_567' title='bbox 2985 3829 3160 3884; x_wconf 90' lang='lat' dir='ltr'><strong>eoque</strong></span> <span class='ocrx_word' id='word_1_568' title='bbox 3192 3817 3244 3869; x_wconf 91' lang='lat' dir='ltr'><strong>in</strong></span> <span class='ocrx_word' id='word_1_569' title='bbox 3281 3817 3352 3870; x_wconf 74' lang='lat'><strong>52</strong></span> <span class='ocrx_word' id='word_1_570' title='bbox 3387 3831 3590 3872; x_wconf 79' lang='lat' dir='ltr'><strong>ennea-</strong></span> 
     </span>
    </p>
   </div>
   <div class='ocr_carea' id='block_1_82' title="bbox 2005 3901 3590 3980">
    <p class='ocr_par' dir='ltr' id='par_1_82' title="bbox 2005 3901 3590 3980">
     <span class='ocr_line' id='line_1_82' title="bbox 2005 3901 3590 3980; baseline 0.006 -27"><span class='ocrx_word' id='word_1_571' title='bbox 2005 3901 2380 3954; x_wconf 88' lang='lat' dir='ltr'><strong>decaeteribus</strong></span> <span class='ocrx_word' id='word_1_572' title='bbox 2403 3941 2418 3966; x_wconf 92' lang='lat'><strong>,</strong></span> <span class='ocrx_word' id='word_1_573' title='bbox 2457 3903 2574 3956; x_wconf 77' lang='lat' dir='ltr'><strong>sive</strong></span> <span class='ocrx_word' id='word_1_574' title='bbox 2609 3904 2850 3972; x_wconf 75' lang='lat' dir='ltr'><strong>periodis</strong></span> <span class='ocrx_word' id='word_1_575' title='bbox 2874 3903 2906 3959; x_wconf 90' lang='lat'><strong>8</strong></span> <span class='ocrx_word' id='word_1_576' title='bbox 2941 3905 3226 3963; x_wconf 87' lang='lat' dir='ltr'><strong>lunaribus</strong></span> <span class='ocrx_word' id='word_1_577' title='bbox 3259 3923 3590 3980; x_wconf 80' lang='lat' dir='ltr'><strong>supergres-</strong></span> 
     </span>
    </p>
   </div>
   <div class='ocr_carea' id='block_1_83' title="bbox 2003 3994 3590 4069">
    <p class='ocr_par' dir='ltr' id='par_1_83' title="bbox 2003 3994 3590 4069">
     <span class='ocr_line' id='line_1_83' title="bbox 2003 3994 3590 4069; baseline 0.005 -22"><span class='ocrx_word' id='word_1_578' title='bbox 2003 4008 2124 4047; x_wconf 85' lang='lat' dir='ltr'><strong>sum</strong></span> <span class='ocrx_word' id='word_1_579' title='bbox 2165 3994 2280 4048; x_wconf 85' lang='lat' dir='ltr'><strong>lieri</strong></span> <span class='ocrx_word' id='word_1_580' title='bbox 2313 3995 2545 4049; x_wconf 74' lang='lat' dir='ltr'><strong>solerem</strong></span> <span class='ocrx_word' id='word_1_581' title='bbox 2572 4009 2735 4066; x_wconf 67' lang='lat' dir='ltr'><strong>supra</strong></span> <span class='ocrx_word' id='word_1_582' title='bbox 2767 3999 3016 4052; x_wconf 84' lang='lat' dir='ltr'><strong>lunarem</strong></span> <span class='ocrx_word' id='word_1_583' title='bbox 3053 3998 3264 4053; x_wconf 86' lang='lat' dir='ltr'><strong>dierum</strong></span> <span class='ocrx_word' id='word_1_584' title='bbox 3291 4000 3376 4054; x_wconf 88' lang='grc'>11.</span> <span class='ocrx_word' id='word_1_585' title='bbox 3400 3999 3590 4069; x_wconf 85' lang='lat' dir='ltr'><strong>Itaque</strong></span> 
     </span>
    </p>
   </div>
   <div class='ocr_carea' id='block_1_84' title="bbox 2004 4085 3588 4160">
    <p class='ocr_par' dir='ltr' id='par_1_84' title="bbox 2004 4085 3588 4160">
     <span class='ocr_line' id='line_1_84' title="bbox 2004 4085 3588 4160; baseline 0.004 -20"><span class='ocrx_word' id='word_1_586' title='bbox 2004 4087 2050 4140; x_wconf 88' lang='lat' dir='ltr'><strong>si</strong></span> <span class='ocrx_word' id='word_1_587' title='bbox 2085 4101 2228 4140; x_wconf 85' lang='lat' dir='ltr'><strong>anno</strong></span> <span class='ocrx_word' id='word_1_588' title='bbox 2265 4085 2288 4140; x_wconf 90' lang='grc'><strong>1</strong></span> <span class='ocrx_word' id='word_1_589' title='bbox 2333 4089 2540 4158; x_wconf 84' lang='lat' dir='ltr'><strong>periodi</strong></span> <span class='ocrx_word' id='word_1_590' title='bbox 2585 4089 2607 4142; x_wconf 95' lang='grc'><strong>1</strong></span> <span class='ocrx_word' id='word_1_591' title='bbox 2649 4089 2942 4160; x_wconf 70' lang='lat' dir='ltr'><strong>Calippiccc</strong></span> <span class='ocrx_word' id='word_1_592' title='bbox 2972 4091 3179 4146; x_wconf 84' lang='lat' dir='ltr'><strong>lunaris</strong></span> <span class='ocrx_word' id='word_1_593' title='bbox 3212 4090 3355 4148; x_wconf 82' lang='lat' dir='ltr'><strong>Tisri</strong></span> <span class='ocrx_word' id='word_1_594' title='bbox 3403 4093 3524 4146; x_wconf 88' lang='lat' dir='ltr'><strong>iniit</strong></span> <span class='ocrx_word' id='word_1_595' title='bbox 3553 4097 3588 4146; x_wconf 82' lang='lat' dir='ltr'><strong>ti</strong></span> 
     </span>
    </p>
   </div>
   <div class='ocr_carea' id='block_1_85' title="bbox 2005 4179 3585 4252">
    <p class='ocr_par' dir='ltr' id='par_1_85' title="bbox 2005 4179 3585 4252">
     <span class='ocr_line' id='line_1_85' title="bbox 2005 4179 3585 4252; baseline 0.002 -18"><span class='ocrx_word' id='word_1_596' title='bbox 2005 4179 2362 4248; x_wconf 80' lang='lat' dir='ltr'><strong>Septembris,</strong></span> <span class='ocrx_word' id='word_1_597' title='bbox 2397 4191 2540 4235; x_wconf 89' lang='lat' dir='ltr'><strong>anno</strong></span> <span class='ocrx_word' id='word_1_598' title='bbox 2567 4181 2674 4238; x_wconf 79' lang='lat'><strong>505</strong></span> <span class='ocrx_word' id='word_1_599' title='bbox 2701 4185 3080 4252; x_wconf 83' lang='lat' dir='ltr'><strong>conjiciendus</strong></span> <span class='ocrx_word' id='word_1_600' title='bbox 3117 4185 3208 4239; x_wconf 89' lang='lat' dir='ltr'><strong>ille</strong></span> <span class='ocrx_word' id='word_1_601' title='bbox 3242 4185 3295 4240; x_wconf 89' lang='lat' dir='ltr'><strong>in</strong></span> <span class='ocrx_word' id='word_1_602' title='bbox 3333 4185 3368 4240; x_wconf 76' lang='grc' dir='ltr'>ὅ</span> <span class='ocrx_word' id='word_1_603' title='bbox 3403 4187 3546 4240; x_wconf 85' lang='lat' dir='ltr'><strong>diem</strong></span> <span class='ocrx_word' id='word_1_604' title='bbox 3569 4229 3585 4250; x_wconf 83' lang='grc'><strong>,</strong></span> 
     </span>
    </p>
   </div>
   <div class='ocr_carea' id='block_1_86' title="bbox 2005 4269 3590 4347">
    <p class='ocr_par' dir='ltr' id='par_1_86' title="bbox 2005 4269 3590 4347">
     <span class='ocr_line' id='line_1_86' title="bbox 2005 4269 3590 4347; baseline 0.004 -22"><span class='ocrx_word' id='word_1_605' title='bbox 2005 4282 2148 4326; x_wconf 88' lang='lat' dir='ltr'><strong>anno</strong></span> <span class='ocrx_word' id='word_1_606' title='bbox 2173 4269 2278 4326; x_wconf 86' lang='lat'><strong>609</strong></span> <span class='ocrx_word' id='word_1_607' title='bbox 2301 4271 2352 4325; x_wconf 92' lang='lat' dir='ltr'><strong>in</strong></span> <span class='ocrx_word' id='word_1_608' title='bbox 2383 4271 2450 4340; x_wconf 68' lang='grc'>4,</span> <span class='ocrx_word' id='word_1_609' title='bbox 2483 4287 2626 4327; x_wconf 91' lang='lat' dir='ltr'><strong>anno</strong></span> <span class='ocrx_word' id='word_1_610' title='bbox 2647 4272 2754 4328; x_wconf 78' lang='lat' dir='ltr'><strong>6l3</strong></span> <span class='ocrx_word' id='word_1_611' title='bbox 2782 4275 2833 4328; x_wconf 91' lang='lat' dir='ltr'><strong>in</strong></span> <span class='ocrx_word' id='word_1_612' title='bbox 2867 4276 2900 4329; x_wconf 78' lang='lat'><strong>5</strong></span> <span class='ocrx_word' id='word_1_613' title='bbox 2921 4313 2936 4342; x_wconf 92' lang='lat'><strong>,</strong></span> <span class='ocrx_word' id='word_1_614' title='bbox 2969 4284 3024 4330; x_wconf 87' lang='lat' dir='ltr'><strong>et</strong></span> <span class='ocrx_word' id='word_1_615' title='bbox 3053 4277 3132 4330; x_wconf 89' lang='lat' dir='ltr'><strong>sic</strong></span> <span class='ocrx_word' id='word_1_616' title='bbox 3154 4277 3434 4347; x_wconf 82' lang='lat' dir='ltr'><strong>deinceps.</strong></span> <span class='ocrx_word' id='word_1_617' title='bbox 3480 4279 3590 4332; x_wconf 67' lang='lat' dir='ltr'><strong>Sed</strong></span> 
     </span>
    </p>
   </div>
   <div class='ocr_carea' id='block_1_87' title="bbox 2002 4361 3594 4440">
    <p class='ocr_par' dir='ltr' id='par_1_87' title="bbox 2002 4361 3594 4440">
     <span class='ocr_line' id='line_1_87' title="bbox 2002 4361 3594 4440; baseline 0.006 -26"><span class='ocrx_word' id='word_1_618' title='bbox 2002 4365 2148 4415; x_wconf 91' lang='lat' dir='ltr'><strong>cnim</strong></span> <span class='ocrx_word' id='word_1_619' title='bbox 2183 4361 2350 4418; x_wconf 83' lang='lat' dir='ltr'><strong>Addae</strong></span> <span class='ocrx_word' id='word_1_620' title='bbox 2381 4379 2486 4419; x_wconf 91' lang='lat' dir='ltr'><strong>non</strong></span> <span class='ocrx_word' id='word_1_621' title='bbox 2515 4367 2740 4420; x_wconf 88' lang='lat' dir='ltr'><strong>omnino</strong></span> <span class='ocrx_word' id='word_1_622' title='bbox 2773 4367 3208 4436; x_wconf 89' lang='lat' dir='ltr'><strong>obtemperatum</strong></span> <span class='ocrx_word' id='word_1_623' title='bbox 3242 4385 3272 4423; x_wconf 87' lang='lat' dir='ltr'><strong>a</strong></span> <span class='ocrx_word' id='word_1_624' title='bbox 3315 4369 3594 4440; x_wconf 82' lang='lat' dir='ltr'><strong>populari-</strong></span> 
     </span>
    </p>
   </div>
   <div class='ocr_carea' id='block_1_88' title="bbox 304 4445 3594 4525">
    <p class='ocr_par' dir='ltr' id='par_1_88' title="bbox 304 4445 3594 4525">
     <span class='ocr_line' id='line_1_88' title="bbox 304 4445 3594 4525; baseline 0.003 -23"><span class='ocrx_word' id='word_1_625' title='bbox 304 4447 540 4502; x_wconf 80' lang='lat' dir='ltr'><strong>stasium</strong></span> <span class='ocrx_word' id='word_1_626' title='bbox 592 4445 686 4514; x_wconf 80' lang='lat' dir='ltr'><strong>ill,</strong></span> <span class='ocrx_word' id='word_1_627' title='bbox 741 4445 1150 4513; x_wconf 75' lang='lat' dir='ltr'><strong>Macedoniam,</strong></span> <span class='ocrx_word' id='word_1_628' title='bbox 1201 4457 1256 4502; x_wconf 90' lang='lat' dir='ltr'><strong>et</strong></span> <span class='ocrx_word' id='word_1_629' title='bbox 1289 4448 1611 4514; x_wconf 77' lang='lat' dir='ltr'><strong>Macarium,</strong></span> <span class='ocrx_word' id='word_1_630' title='bbox 1663 4453 1732 4506; x_wconf 90' lang='lat' dir='ltr'><strong>de</strong></span> <span class='ocrx_word' id='word_1_631' title='bbox 1790 4467 1902 4522; x_wconf 92' lang='lat' dir='ltr'><strong>quo</strong></span> <span class='ocrx_word' id='word_1_632' title='bbox 2003 4449 2107 4505; x_wconf 87' lang='lat' dir='ltr'><strong>bus</strong></span> <span class='ocrx_word' id='word_1_633' title='bbox 2133 4453 2271 4506; x_wconf 85' lang='lat' dir='ltr'><strong>suis.</strong></span> <span class='ocrx_word' id='word_1_634' title='bbox 2309 4453 2671 4510; x_wconf 80' lang='lat' dir='ltr'><strong>[)etraxerunt</strong></span> <span class='ocrx_word' id='word_1_635' title='bbox 2703 4455 2757 4511; x_wconf 92' lang='lat' dir='ltr'><strong>hi</strong></span> <span class='ocrx_word' id='word_1_636' title='bbox 2785 4455 3003 4525; x_wconf 88' lang='lat' dir='ltr'><strong>quidem</strong></span> <span class='ocrx_word' id='word_1_637' title='bbox 3037 4457 3259 4514; x_wconf 87' lang='lat' dir='ltr'><strong>biduum</strong></span> <span class='ocrx_word' id='word_1_638' title='bbox 3308 4461 3437 4515; x_wconf 87' lang='lat' dir='ltr'><strong>illud</strong></span> <span class='ocrx_word' id='word_1_639' title='bbox 3483 4462 3594 4514; x_wconf 55' lang='lat' dir='ltr'><strong>rei-</strong></span> 
     </span>
    </p>
   </div>
   <div class='ocr_carea' id='block_1_89' title="bbox 304 4528 3590 4624">
    <p class='ocr_par' dir='ltr' id='par_1_89' title="bbox 304 4528 3590 4624">
     <span class='ocr_line' id='line_1_89' title="bbox 304 4528 3590 4624; baseline 0.002 -25"><span class='ocrx_word' id='word_1_640' title='bbox 304 4545 574 4600; x_wconf 80' lang='lat' dir='ltr'><strong>diximus.</strong></span> <span class='ocrx_word' id='word_1_641' title='bbox 641 4545 711 4599; x_wconf 85' lang='lat' dir='ltr'><strong>At</strong></span> <span class='ocrx_word' id='word_1_642' title='bbox 770 4553 950 4614; x_wconf 88' lang='lat' dir='ltr'><strong>neque</strong></span> <span class='ocrx_word' id='word_1_643' title='bbox 1007 4544 1321 4610; x_wconf 79' lang='lat' dir='ltr'><strong>Anastasii,</strong></span> <span class='ocrx_word' id='word_1_644' title='bbox 1370 4555 1551 4614; x_wconf 87' lang='lat' dir='ltr'><strong>neque</strong></span> <span class='ocrx_word' id='word_1_645' title='bbox 1596 4544 1901 4602; x_wconf 79' lang='lat' dir='ltr'><strong>Macedonii</strong></span> <span class='ocrx_word' id='word_1_646' title='bbox 1934 4543 2189 4609; x_wconf 85' lang='lat' dir='ltr'><strong>Dculum</strong></span> <span class='ocrx_word' id='word_1_647' title='bbox 2237 4560 2302 4602; x_wconf 80' lang='lat' dir='ltr'><strong>ex</strong></span> <span class='ocrx_word' id='word_1_648' title='bbox 2345 4560 2492 4602; x_wconf 90' lang='lat' dir='ltr'><strong>anno</strong></span> <span class='ocrx_word' id='word_1_649' title='bbox 2545 4563 2646 4604; x_wconf 87' lang='lat' dir='ltr'><strong>suo</strong></span> <span class='ocrx_word' id='word_1_650' title='bbox 2677 4591 2690 4616; x_wconf 95' lang='lat'><strong>,</strong></span> <span class='ocrx_word' id='word_1_651' title='bbox 2744 4551 2839 4605; x_wconf 88' lang='lat' dir='ltr'><strong>sed</strong></span> <span class='ocrx_word' id='word_1_652' title='bbox 2891 4551 2945 4605; x_wconf 91' lang='lat' dir='ltr'><strong>in</strong></span> <span class='ocrx_word' id='word_1_653' title='bbox 2992 4528 3296 4621; x_wconf 67' lang='lat' dir='ltr'><strong>posteriora</strong></span> <span class='ocrx_word' id='word_1_654' title='bbox 3345 4565 3590 4624; x_wconf 87' lang='lat' dir='ltr'><strong>tempora</strong></span> 
     </span>
    </p>
   </div>
   <div class='ocr_carea' id='block_1_90' title="bbox 303 4634 3594 4710">
    <p class='ocr_par' dir='ltr' id='par_1_90' title="bbox 303 4634 3594 4710">
     <span class='ocr_line' id='line_1_90' title="bbox 303 4634 3594 4710; baseline 0.003 -22"><span class='ocrx_word' id='word_1_655' title='bbox 303 4634 633 4690; x_wconf 82' lang='lat' dir='ltr'><strong>emortualis</strong></span> <span class='ocrx_word' id='word_1_656' title='bbox 699 4645 882 4690; x_wconf 88' lang='lat' dir='ltr'><strong>annus</strong></span> <span class='ocrx_word' id='word_1_657' title='bbox 936 4634 1292 4706; x_wconf 88' lang='lat' dir='ltr'><strong>exploratus,</strong></span> <span class='ocrx_word' id='word_1_658' title='bbox 1348 4649 1530 4705; x_wconf 90' lang='lat' dir='ltr'><strong>neque</strong></span> <span class='ocrx_word' id='word_1_659' title='bbox 1587 4635 1908 4693; x_wconf 81' lang='lat' dir='ltr'><strong>Macedonio</strong></span> <span class='ocrx_word' id='word_1_660' title='bbox 2011 4635 2190 4692; x_wconf 92' lang='lat' dir='ltr'><strong>nullus</strong></span> <span class='ocrx_word' id='word_1_661' title='bbox 2224 4635 2448 4706; x_wconf 78' lang='lat' dir='ltr'><strong>insuper</strong></span> <span class='ocrx_word' id='word_1_662' title='bbox 2493 4638 2610 4695; x_wconf 89' lang='lat' dir='ltr'><strong>dies</strong></span> <span class='ocrx_word' id='word_1_663' title='bbox 2645 4651 2973 4710; x_wconf 83' lang='lat' dir='ltr'><strong>expunctus.</strong></span> <span class='ocrx_word' id='word_1_664' title='bbox 3016 4641 3232 4696; x_wconf 86' lang='lat' dir='ltr'><strong>lllustre</strong></span> <span class='ocrx_word' id='word_1_665' title='bbox 3281 4642 3385 4696; x_wconf 82' lang='lat' dir='ltr'><strong>hac</strong></span> <span class='ocrx_word' id='word_1_666' title='bbox 3422 4644 3489 4698; x_wconf 85' lang='lat' dir='ltr'><strong>de</strong></span> <span class='ocrx_word' id='word_1_667' title='bbox 3531 4659 3594 4699; x_wconf 86' lang='lat' dir='ltr'><strong>re</strong></span> 
     </span>
    </p>
   </div>
   <div class='ocr_carea' id='block_1_91' title="bbox 305 4716 1906 4794">
    <p class='ocr_par' dir='ltr' id='par_1_91' title="bbox 305 4716 1906 4794">
     <span class='ocr_line' id='line_1_91' title="bbox 305 4716 1906 4794; baseline 0.002 -14"><span class='ocrx_word' id='word_1_668' title='bbox 305 4716 613 4782; x_wconf 74' lang='lat' dir='ltr'><strong>Macarium</strong></span> <span class='ocrx_word' id='word_1_669' title='bbox 641 4726 851 4782; x_wconf 87' lang='lat' dir='ltr'><strong>scimus</strong></span> <span class='ocrx_word' id='word_1_670' title='bbox 878 4725 1068 4782; x_wconf 88' lang='lat' dir='ltr'><strong>statim</strong></span> <span class='ocrx_word' id='word_1_671' title='bbox 1096 4725 1386 4782; x_wconf 80' lang='lat' dir='ltr'><strong>suﬂ&#39;ectum</strong></span> <span class='ocrx_word' id='word_1_672' title='bbox 1417 4743 1433 4794; x_wconf 71' lang='grc' dir='ltr'>ε</span> <span class='ocrx_word' id='word_1_673' title='bbox 1491 4737 1704 4784; x_wconf 87' lang='lat' dir='ltr'><strong>tantum</strong></span> <span class='ocrx_word' id='word_1_674' title='bbox 1770 4727 1906 4784; x_wconf 91' lang='lat' dir='ltr'><strong>illud</strong></span> 
     </span>
    </p>
   </div>
   <div class='ocr_carea' id='block_1_92' title="bbox 305 4813 1900 4876">
    <p class='ocr_par' dir='ltr' id='par_1_92' title="bbox 305 4813 1900 4876">
     <span class='ocr_line' id='line_1_92' title="bbox 305 4813 1900 4876; baseline 0.003 -6"><span class='ocrx_word' id='word_1_675' title='bbox 305 4816 562 4871; x_wconf 72' lang='lat' dir='ltr'><strong>not-imus</strong></span> <span class='ocrx_word' id='word_1_676' title='bbox 616 4824 742 4872; x_wconf 89' lang='lat' dir='ltr'><strong>ante</strong></span> <span class='ocrx_word' id='word_1_677' title='bbox 797 4817 1096 4872; x_wconf 78' lang='lat' dir='ltr'><strong>Macarium</strong></span> <span class='ocrx_word' id='word_1_678' title='bbox 1169 4818 1452 4874; x_wconf 81' lang='lat' dir='ltr'><strong>exstitisse</strong></span> <span class='ocrx_word' id='word_1_679' title='bbox 1517 4813 1900 4876; x_wconf 76' lang='lat' dir='ltr'><strong>Macedoniam</strong></span> 
     </span>
    </p>
   </div>
   <div class='ocr_carea' id='block_1_93' title="bbox 305 4907 1906 4980">
    <p class='ocr_par' dir='ltr' id='par_1_93' title="bbox 305 4907 1906 4980">
     <span class='ocr_line' id='line_1_93' title="bbox 305 4907 1906 4980; baseline 0.001 -18"><span class='ocrx_word' id='word_1_680' title='bbox 305 4908 626 4980; x_wconf 85' lang='lat' dir='ltr'><strong>quemdam,</strong></span> <span class='ocrx_word' id='word_1_681' title='bbox 659 4908 753 4978; x_wconf 91' lang='lat' dir='ltr'><strong>qui</strong></span> <span class='ocrx_word' id='word_1_682' title='bbox 778 4907 1178 4962; x_wconf 80' lang='lat' dir='ltr'><strong>Antiochenam</strong></span> <span class='ocrx_word' id='word_1_683' title='bbox 1209 4907 1512 4964; x_wconf 73' lang='lat' dir='ltr'><strong>Ecclesium</strong></span> <span class='ocrx_word' id='word_1_684' title='bbox 1547 4909 1906 4966; x_wconf 72' lang='lat' dir='ltr'><strong>adminisua-</strong></span> 
     </span>
    </p>
   </div>
   <div class='ocr_carea' id='block_1_94' title="bbox 305 4993 1904 5070">
    <p class='ocr_par' dir='ltr' id='par_1_94' title="bbox 305 4993 1904 5070">
     <span class='ocr_line' id='line_1_94' title="bbox 305 4993 1904 5070; baseline 0.004 -18"><span class='ocrx_word' id='word_1_685' title='bbox 305 4998 402 5052; x_wconf 89' lang='lat' dir='ltr'><strong>rit.</strong></span> <span class='ocrx_word' id='word_1_686' title='bbox 463 4997 654 5066; x_wconf 82' lang='lat' dir='ltr'><strong>Igitur,</strong></span> <span class='ocrx_word' id='word_1_687' title='bbox 717 4993 950 5059; x_wconf 81' lang='lat' dir='ltr'><strong>Leontio</strong></span> <span class='ocrx_word' id='word_1_688' title='bbox 1009 5001 1258 5060; x_wconf 87' lang='lat' dir='ltr'><strong>auctore,</strong></span> <span class='ocrx_word' id='word_1_689' title='bbox 1311 5006 1516 5070; x_wconf 68' lang='lat' dir='ltr'><strong>praeerit</strong></span> <span class='ocrx_word' id='word_1_690' title='bbox 1575 4996 1904 5058; x_wconf 85' lang='lat' dir='ltr'><strong>Eustathius</strong></span> 
     </span>
    </p>
   </div>
   <div class='ocr_carea' id='block_1_95' title="bbox 306 5090 1904 5164">
    <p class='ocr_par' dir='ltr' id='par_1_95' title="bbox 306 5090 1904 5164">
     <span class='ocr_line' id='line_1_95' title="bbox 306 5090 1904 5164; baseline 0.001 -18"><span class='ocrx_word' id='word_1_691' title='bbox 306 5090 649 5156; x_wconf 76' lang='lat' dir='ltr'><strong>Macarium,</strong></span> <span class='ocrx_word' id='word_1_692' title='bbox 699 5107 864 5164; x_wconf 88' lang='lat' dir='ltr'><strong>quem</strong></span> <span class='ocrx_word' id='word_1_693' title='bbox 940 5106 1314 5148; x_wconf 86' lang='lat' dir='ltr'><strong>successorem</strong></span> <span class='ocrx_word' id='word_1_694' title='bbox 1382 5101 1577 5148; x_wconf 78' lang='lat' dir='ltr'><strong>nactus</strong></span> <span class='ocrx_word' id='word_1_695' title='bbox 1631 5102 1754 5164; x_wconf 87' lang='lat' dir='ltr'><strong>post</strong></span> <span class='ocrx_word' id='word_1_696' title='bbox 1803 5109 1904 5148; x_wconf 84' lang='lat' dir='ltr'><strong>an-</strong></span> 
     </span>
    </p>
   </div>
   <div class='ocr_carea' id='block_1_96' title="bbox 309 5181 1902 5252">
    <p class='ocr_par' dir='ltr' id='par_1_96' title="bbox 309 5181 1902 5252">
     <span class='ocr_line' id='line_1_96' title="bbox 309 5181 1902 5252; baseline 0.003 -16"><span class='ocrx_word' id='word_1_697' title='bbox 309 5199 443 5236; x_wconf 87' lang='lat' dir='ltr'><strong>uttm</strong></span> <span class='ocrx_word' id='word_1_698' title='bbox 489 5182 669 5236; x_wconf 88' lang='lat' dir='ltr'><strong>saltim</strong></span> <span class='ocrx_word' id='word_1_699' title='bbox 723 5181 849 5247; x_wconf 85' lang='grc'>677,</span> <span class='ocrx_word' id='word_1_700' title='bbox 905 5182 1126 5252; x_wconf 87' lang='lat' dir='ltr'><strong>quando</strong></span> <span class='ocrx_word' id='word_1_701' title='bbox 1164 5183 1269 5238; x_wconf 90' lang='lat' dir='ltr'><strong>hoc</strong></span> <span class='ocrx_word' id='word_1_702' title='bbox 1331 5197 1474 5239; x_wconf 88' lang='lat' dir='ltr'><strong>anno</strong></span> <span class='ocrx_word' id='word_1_703' title='bbox 1517 5199 1636 5238; x_wconf 87' lang='lat' dir='ltr'><strong>eam</strong></span> <span class='ocrx_word' id='word_1_704' title='bbox 1675 5185 1902 5242; x_wconf 85' lang='lat' dir='ltr'><strong>curabat</strong></span> 
     </span>
    </p>
   </div>
   <div class='ocr_carea' id='block_1_97' title="bbox 309 5273 1899 5340">
    <p class='ocr_par' dir='ltr' id='par_1_97' title="bbox 309 5273 1899 5340">
     <span class='ocr_line' id='line_1_97' title="bbox 309 5273 1899 5340; baseline 0 -10"><span class='ocrx_word' id='word_1_705' title='bbox 309 5274 615 5332; x_wconf 82' lang='lat' dir='ltr'><strong>Ecclesiam</strong></span> <span class='ocrx_word' id='word_1_706' title='bbox 682 5273 1042 5340; x_wconf 84' lang='lat' dir='ltr'><strong>Eustathius,</strong></span> <span class='ocrx_word' id='word_1_707' title='bbox 1091 5273 1296 5328; x_wconf 78' lang='lat' dir='ltr'><strong>interea</strong></span> <span class='ocrx_word' id='word_1_708' title='bbox 1357 5273 1492 5328; x_wconf 86' lang='lat' dir='ltr'><strong>dum</strong></span> <span class='ocrx_word' id='word_1_709' title='bbox 1547 5277 1783 5330; x_wconf 81' lang='lat' dir='ltr'><strong>certiora</strong></span> <span class='ocrx_word' id='word_1_710' title='bbox 1831 5291 1899 5330; x_wconf 80' lang='lat' dir='ltr'><strong>cx</strong></span> 
     </span>
    </p>
   </div>
   <div class='ocr_carea' id='block_1_98' title="bbox 309 5365 1898 5438">
    <p class='ocr_par' dir='ltr' id='par_1_98' title="bbox 309 5365 1898 5438">
     <span class='ocr_line' id='line_1_98' title="bbox 309 5365 1898 5438; baseline 0.002 -18"><span class='ocrx_word' id='word_1_711' title='bbox 309 5365 613 5424; x_wconf 82' lang='lat' dir='ltr'><strong>reconditis</strong></span> <span class='ocrx_word' id='word_1_712' title='bbox 653 5365 832 5420; x_wconf 89' lang='lat' dir='ltr'><strong>adhuc</strong></span> <span class='ocrx_word' id='word_1_713' title='bbox 880 5365 1252 5422; x_wconf 87' lang='lat' dir='ltr'><strong>monumentis</strong></span> <span class='ocrx_word' id='word_1_714' title='bbox 1297 5374 1702 5436; x_wconf 85' lang='lat' dir='ltr'><strong>exspectemus,</strong></span> <span class='ocrx_word' id='word_1_715' title='bbox 1738 5368 1898 5438; x_wconf 88' lang='lat' dir='ltr'><strong>queis</strong></span> 
     </span>
    </p>
   </div>
   <div class='ocr_carea' id='block_1_99' title="bbox 309 5456 1896 5527">
    <p class='ocr_par' dir='ltr' id='par_1_99' title="bbox 309 5456 1896 5527">
     <span class='ocr_line' id='line_1_99' title="bbox 309 5456 1896 5527; baseline 0.004 -19"><span class='ocrx_word' id='word_1_716' title='bbox 309 5456 692 5522; x_wconf 74' lang='lat' dir='ltr'><strong>conﬁciemus,</strong></span> <span class='ocrx_word' id='word_1_717' title='bbox 716 5473 784 5512; x_wconf 86' lang='lat' dir='ltr'><strong>an</strong></span> <span class='ocrx_word' id='word_1_718' title='bbox 817 5465 939 5526; x_wconf 89' lang='lat' dir='ltr'><strong>post</strong></span> <span class='ocrx_word' id='word_1_719' title='bbox 961 5456 1284 5527; x_wconf 85' lang='lat' dir='ltr'><strong>Gregorium</strong></span> <span class='ocrx_word' id='word_1_720' title='bbox 1311 5457 1356 5512; x_wconf 80' lang='lat' dir='ltr'><strong>ll</strong></span> <span class='ocrx_word' id='word_1_721' title='bbox 1405 5459 1500 5512; x_wconf 86' lang='lat' dir='ltr'><strong>uni</strong></span> <span class='ocrx_word' id='word_1_722' title='bbox 1550 5459 1896 5526; x_wconf 79' lang='lat' dir='ltr'><strong>Anastasius,</strong></span> 
     </span>
    </p>
   </div>
   <div class='ocr_carea' id='block_1_100' title="bbox 310 5546 1901 5614">
    <p class='ocr_par' dir='ltr' id='par_1_100' title="bbox 310 5546 1901 5614">
     <span class='ocr_line' id='line_1_100' title="bbox 310 5546 1901 5614; baseline 0.005 -13"><span class='ocrx_word' id='word_1_723' title='bbox 310 5546 686 5614; x_wconf 75' lang='lat' dir='ltr'><strong>Macedonius,</strong></span> <span class='ocrx_word' id='word_1_724' title='bbox 745 5557 801 5605; x_wconf 91' lang='lat' dir='ltr'><strong>et</strong></span> <span class='ocrx_word' id='word_1_725' title='bbox 855 5549 1178 5606; x_wconf 87' lang='lat' dir='ltr'><strong>Eustathius</strong></span> <span class='ocrx_word' id='word_1_726' title='bbox 1237 5550 1590 5606; x_wconf 74' lang='lat' dir='ltr'><strong>Antiochense</strong></span> <span class='ocrx_word' id='word_1_727' title='bbox 1643 5550 1901 5609; x_wconf 76' lang='lat' dir='ltr'><strong>Ecclesiae</strong></span> 
     </span>
    </p>
   </div>
   <div class='ocr_carea' id='block_1_101' title="bbox 209 5640 1896 5710">
    <p class='ocr_par' dir='ltr' id='par_1_101' title="bbox 209 5640 1896 5710">
     <span class='ocr_line' id='line_1_101' title="bbox 209 5640 1896 5710; baseline 0.002 -16"><span class='ocrx_word' id='word_1_728' title='bbox 209 5680 218 5686; x_wconf 84' lang='grc'><strong><em>-</em></strong></span> <span class='ocrx_word' id='word_1_729' title='bbox 310 5641 529 5695; x_wconf 83' lang='lat' dir='ltr'><strong>clavum</strong></span> <span class='ocrx_word' id='word_1_730' title='bbox 560 5643 851 5706; x_wconf 82' lang='lat' dir='ltr'><strong>moderati,</strong></span> <span class='ocrx_word' id='word_1_731' title='bbox 888 5657 957 5696; x_wconf 87' lang='lat' dir='ltr'><strong>an</strong></span> <span class='ocrx_word' id='word_1_732' title='bbox 1012 5641 1104 5695; x_wconf 88' lang='lat' dir='ltr'><strong>alii</strong></span> <span class='ocrx_word' id='word_1_733' title='bbox 1155 5640 1382 5710; x_wconf 79' lang='lat' dir='ltr'><strong>insuper</strong></span> <span class='ocrx_word' id='word_1_734' title='bbox 1428 5645 1896 5710; x_wconf 85' lang='lat' dir='ltr'><strong>snccenturiandi,</strong></span> 
     </span>
    </p>
   </div>
   <div class='ocr_carea' id='block_1_102' title="bbox 309 5732 1894 5805">
    <p class='ocr_par' dir='ltr' id='par_1_102' title="bbox 309 5732 1894 5805">
     <span class='ocr_line' id='line_1_102' title="bbox 309 5732 1894 5805; baseline 0.004 -20"><span class='ocrx_word' id='word_1_735' title='bbox 309 5746 424 5802; x_wconf 88' lang='lat' dir='ltr'><strong>quo</strong></span> <span class='ocrx_word' id='word_1_736' title='bbox 462 5733 672 5802; x_wconf 80' lang='lat' dir='ltr'><strong>integra</strong></span> <span class='ocrx_word' id='word_1_737' title='bbox 701 5734 822 5803; x_wconf 86' lang='lat' dir='ltr'><strong>ejus</strong></span> <span class='ocrx_word' id='word_1_738' title='bbox 858 5732 1040 5790; x_wconf 59' lang='lat' dir='ltr'><strong>sareuli</strong></span> <span class='ocrx_word' id='word_1_739' title='bbox 1074 5733 1544 5790; x_wconf 80' lang='lat' dir='ltr'><strong>Antiochenorutn</strong></span> <span class='ocrx_word' id='word_1_740' title='bbox 1575 5737 1894 5805; x_wconf 82' lang='lat' dir='ltr'><strong>pontiﬁcum</strong></span> 
     </span>
    </p>
   </div>
   <div class='ocr_carea' id='block_1_103' title="bbox 309 5822 743 5892">
    <p class='ocr_par' dir='ltr' id='par_1_103' title="bbox 309 5822 743 5892">
     <span class='ocr_line' id='line_1_103' title="bbox 309 5822 743 5892; baseline 0 -12"><span class='ocrx_word' id='word_1_741' title='bbox 309 5822 486 5880; x_wconf 85' lang='lat' dir='ltr'><strong>series</strong></span> <span class='ocrx_word' id='word_1_742' title='bbox 517 5835 743 5892; x_wconf 70' lang='lat' dir='ltr'><strong>prostat.</strong></span> 
     </span>
    </p>
   </div>
   <div class='ocr_carea' id='block_1_104' title="bbox 2013 4727 3590 4802">
    <p class='ocr_par' dir='ltr' id='par_1_104' title="bbox 2013 4727 3590 4802">
     <span class='ocr_line' id='line_1_104' title="bbox 2013 4727 3590 4802; baseline 0.008 -26"><span class='ocrx_word' id='word_1_743' title='bbox 2013 4727 2378 4781; x_wconf 84' lang='lat' dir='ltr'><strong>testimonium</strong></span> <span class='ocrx_word' id='word_1_744' title='bbox 2405 4727 2671 4784; x_wconf 87' lang='lat' dir='ltr'><strong>habemus</strong></span> <span class='ocrx_word' id='word_1_745' title='bbox 2710 4745 2739 4784; x_wconf 89' lang='lat' dir='ltr'><strong>a</strong></span> <span class='ocrx_word' id='word_1_746' title='bbox 2771 4729 3081 4802; x_wconf 66' lang='lat' dir='ltr'><strong>Nict-phoro</strong></span> <span class='ocrx_word' id='word_1_747' title='bbox 3111 4730 3348 4801; x_wconf 81' lang='lat' dir='ltr'><strong>Gregora</strong></span> <span class='ocrx_word' id='word_1_748' title='bbox 3371 4772 3386 4795; x_wconf 88' lang='lat'><strong>,</strong></span> <span class='ocrx_word' id='word_1_749' title='bbox 3410 4736 3502 4800; x_wconf 88' lang='lat' dir='ltr'><strong>qui</strong></span> <span class='ocrx_word' id='word_1_750' title='bbox 3536 4733 3590 4788; x_wconf 90' lang='lat' dir='ltr'><strong>in</strong></span> 
     </span>
    </p>
   </div>
   <div class='ocr_carea' id='block_1_105' title="bbox 2008 4818 3590 4884">
    <p class='ocr_par' dir='ltr' id='par_1_105' title="bbox 2008 4818 3590 4884">
     <span class='ocr_line' id='line_1_105' title="bbox 2008 4818 3590 4884; baseline 0.005 -16"><span class='ocrx_word' id='word_1_751' title='bbox 2008 4824 2264 4883; x_wconf 90' lang='lat' dir='ltr'><strong>computo</strong></span> <span class='ocrx_word' id='word_1_752' title='bbox 2307 4831 2406 4870; x_wconf 93' lang='lat' dir='ltr'><strong>suo</strong></span> <span class='ocrx_word' id='word_1_753' title='bbox 2441 4818 2600 4874; x_wconf 87' lang='lat' dir='ltr'><strong>nobis</strong></span> <span class='ocrx_word' id='word_1_754' title='bbox 2637 4821 2840 4884; x_wconf 88' lang='lat' dir='ltr'><strong>tradit,</strong></span> <span class='ocrx_word' id='word_1_755' title='bbox 2891 4835 3036 4875; x_wconf 86' lang='lat' dir='ltr'><strong>anno</strong></span> <span class='ocrx_word' id='word_1_756' title='bbox 3079 4819 3283 4875; x_wconf 81' lang='lat' dir='ltr'><strong>Christi</strong></span> <span class='ocrx_word' id='word_1_757' title='bbox 3329 4819 3590 4876; x_wconf 66' lang='grc'>151816-</span> 
     </span>
    </p>
   </div>
   <div class='ocr_carea' id='block_1_106' title="bbox 2005 4906 3592 4979">
    <p class='ocr_par' dir='ltr' id='par_1_106' title="bbox 2005 4906 3592 4979">
     <span class='ocr_line' id='line_1_106' title="bbox 2005 4906 3592 4979; baseline 0.005 -19"><span class='ocrx_word' id='word_1_758' title='bbox 2005 4906 2156 4963; x_wconf 65' lang='lat' dir='ltr'><strong>dmos</strong></span> <span class='ocrx_word' id='word_1_759' title='bbox 2187 4906 2396 4964; x_wconf 80' lang='lat' dir='ltr'><strong>Pascha</strong></span> <span class='ocrx_word' id='word_1_760' title='bbox 2434 4910 2758 4965; x_wconf 78' lang='lat' dir='ltr'><strong>celebrasse</strong></span> <span class='ocrx_word' id='word_1_761' title='bbox 2782 4911 2853 4966; x_wconf 73' lang='grc'>20</span> <span class='ocrx_word' id='word_1_762' title='bbox 2896 4911 2986 4966; x_wconf 81' lang='lat' dir='ltr'><strong>die</strong></span> <span class='ocrx_word' id='word_1_763' title='bbox 3017 4911 3232 4979; x_wconf 81' lang='lat' dir='ltr'><strong>Martii,</strong></span> <span class='ocrx_word' id='word_1_764' title='bbox 3269 4929 3390 4967; x_wconf 85' lang='lat' dir='ltr'><strong>cum</strong></span> <span class='ocrx_word' id='word_1_765' title='bbox 3429 4913 3592 4970; x_wconf 63' lang='lat' dir='ltr'><strong>Citrio</strong></span> 
     </span>
    </p>
   </div>
   <div class='ocr_carea' id='block_1_107' title="bbox 2007 4998 3591 5072">
    <p class='ocr_par' dir='ltr' id='par_1_107' title="bbox 2007 4998 3591 5072">
     <span class='ocr_line' id='line_1_107' title="bbox 2007 4998 3591 5072; baseline 0.006 -20"><span class='ocrx_word' id='word_1_766' title='bbox 2007 4998 2170 5052; x_wconf 79' lang='lat' dir='ltr'><strong>Stiani</strong></span> <span class='ocrx_word' id='word_1_767' title='bbox 2195 4998 2267 5054; x_wconf 72' lang='grc'><strong>24</strong></span> <span class='ocrx_word' id='word_1_768' title='bbox 2290 5001 2513 5070; x_wconf 81' lang='lat' dir='ltr'><strong>Aprilis.</strong></span> <span class='ocrx_word' id='word_1_769' title='bbox 2547 5003 2680 5058; x_wconf 83' lang='lat' dir='ltr'><strong>Erat</strong></span> <span class='ocrx_word' id='word_1_770' title='bbox 2709 5018 2886 5058; x_wconf 86' lang='lat' dir='ltr'><strong>annus</strong></span> <span class='ocrx_word' id='word_1_771' title='bbox 2919 5003 3261 5060; x_wconf 86' lang='lat' dir='ltr'><strong>Seleucidum</strong></span> <span class='ocrx_word' id='word_1_772' title='bbox 3295 5005 3452 5072; x_wconf 68' lang='lat'><strong>1628,</strong></span> <span class='ocrx_word' id='word_1_773' title='bbox 3487 5008 3591 5062; x_wconf 88' lang='lat' dir='ltr'><strong>hoc</strong></span> 
     </span>
    </p>
   </div>
   <div class='ocr_carea' id='block_1_108' title="bbox 2005 5092 3590 5170">
    <p class='ocr_par' dir='ltr' id='par_1_108' title="bbox 2005 5092 3590 5170">
     <span class='ocr_line' id='line_1_108' title="bbox 2005 5092 3590 5170; baseline 0.006 -26"><span class='ocrx_word' id='word_1_774' title='bbox 2005 5103 2087 5146; x_wconf 90' lang='lat' dir='ltr'><strong>est</strong></span> <span class='ocrx_word' id='word_1_775' title='bbox 2121 5092 2192 5146; x_wconf 74' lang='lat'><strong>53</strong></span> <span class='ocrx_word' id='word_1_776' title='bbox 2237 5095 2442 5161; x_wconf 87' lang='lat' dir='ltr'><strong>periodi</strong></span> <span class='ocrx_word' id='word_1_777' title='bbox 2483 5093 2556 5148; x_wconf 72' lang='lat'><strong>2&#39;2</strong></span> <span class='ocrx_word' id='word_1_778' title='bbox 2599 5093 2928 5166; x_wconf 73' lang='lat' dir='ltr'><strong>Calippicm;</strong></span> <span class='ocrx_word' id='word_1_779' title='bbox 2977 5095 3118 5152; x_wconf 83' lang='lat' dir='ltr'><strong>Tisri</strong></span> <span class='ocrx_word' id='word_1_780' title='bbox 3163 5097 3234 5154; x_wconf 74' lang='lat'><strong>55</strong></span> <span class='ocrx_word' id='word_1_781' title='bbox 3269 5095 3590 5170; x_wconf 76' lang='lat' dir='ltr'><strong>CalippiCns</strong></span> 
     </span>
    </p>
   </div>
   <div class='ocr_carea' id='block_1_109' title="bbox 2005 5183 3584 5256">
    <p class='ocr_par' dir='ltr' id='par_1_109' title="bbox 2005 5183 3584 5256">
     <span class='ocr_line' id='line_1_109' title="bbox 2005 5183 3584 5256; baseline 0.004 -19"><span class='ocrx_word' id='word_1_782' title='bbox 2005 5183 2212 5252; x_wconf 88' lang='lat' dir='ltr'><strong>periodi</strong></span> <span class='ocrx_word' id='word_1_783' title='bbox 2245 5183 2268 5238; x_wconf 90' lang='grc'><strong>1</strong></span> <span class='ocrx_word' id='word_1_784' title='bbox 2312 5185 2511 5253; x_wconf 86' lang='lat' dir='ltr'><strong>incepit</strong></span> <span class='ocrx_word' id='word_1_785' title='bbox 2535 5185 2602 5240; x_wconf 72' lang='grc'>12</span> <span class='ocrx_word' id='word_1_786' title='bbox 2641 5185 2998 5256; x_wconf 86' lang='lat' dir='ltr'><strong>Septembris,</strong></span> <span class='ocrx_word' id='word_1_787' title='bbox 3028 5187 3186 5256; x_wconf 86' lang='lat' dir='ltr'><strong>cujus</strong></span> <span class='ocrx_word' id='word_1_788' title='bbox 3217 5189 3496 5244; x_wconf 78' lang='lat' dir='ltr'><strong>character</strong></span> <span class='ocrx_word' id='word_1_789' title='bbox 3529 5192 3584 5256; x_wconf 74' lang='lat'><strong>‘2,</strong></span> 
     </span>
    </p>
   </div>
   <div class='ocr_carea' id='block_1_110' title="bbox 2003 5270 3586 5344">
    <p class='ocr_par' dir='ltr' id='par_1_110' title="bbox 2003 5270 3586 5344">
     <span class='ocr_line' id='line_1_110' title="bbox 2003 5270 3586 5344; baseline 0.006 -20"><span class='ocrx_word' id='word_1_790' title='bbox 2003 5270 2072 5333; x_wconf 91' lang='lat'><strong>9,</strong></span> <span class='ocrx_word' id='word_1_791' title='bbox 2127 5270 2298 5337; x_wconf 86' lang='grc'>1066,</span> <span class='ocrx_word' id='word_1_792' title='bbox 2347 5272 2451 5328; x_wconf 87' lang='lat' dir='ltr'><strong>hoc</strong></span> <span class='ocrx_word' id='word_1_793' title='bbox 2491 5281 2576 5328; x_wconf 88' lang='lat' dir='ltr'><strong>est</strong></span> <span class='ocrx_word' id='word_1_794' title='bbox 2625 5273 2756 5330; x_wconf 70' lang='lat' dir='ltr'><strong>feria</strong></span> <span class='ocrx_word' id='word_1_795' title='bbox 2800 5278 2898 5338; x_wconf 88' lang='grc'><strong>11,</strong></span> <span class='ocrx_word' id='word_1_796' title='bbox 2941 5279 3074 5333; x_wconf 91' lang='lat' dir='ltr'><strong>hora</strong></span> <span class='ocrx_word' id='word_1_797' title='bbox 3121 5278 3194 5344; x_wconf 87' lang='lat'><strong>9,</strong></span> <span class='ocrx_word' id='word_1_798' title='bbox 3237 5293 3586 5334; x_wconf 77' lang='lat' dir='ltr'><strong>monumenta</strong></span> 
     </span>
    </p>
   </div>
   <div class='ocr_carea' id='block_1_111' title="bbox 2005 5355 3592 5433">
    <p class='ocr_par' dir='ltr' id='par_1_111' title="bbox 2005 5355 3592 5433">
     <span class='ocr_line' id='line_1_111' title="bbox 2005 5355 3592 5433; baseline 0.006 -17"><span class='ocrx_word' id='word_1_799' title='bbox 2005 5361 2146 5418; x_wconf 86' lang='grc'>1066</span> <span class='ocrx_word' id='word_1_800' title='bbox 2170 5406 2184 5430; x_wconf 92' lang='grc'><strong>,</strong></span> <span class='ocrx_word' id='word_1_801' title='bbox 2221 5380 2454 5433; x_wconf 89' lang='lat' dir='ltr'><strong>quorum</strong></span> <span class='ocrx_word' id='word_1_802' title='bbox 2504 5367 2662 5431; x_wconf 82' lang='grc'>1080,</span> <span class='ocrx_word' id='word_1_803' title='bbox 2697 5369 2886 5425; x_wconf 88' lang='lat' dir='ltr'><strong>horam</strong></span> <span class='ocrx_word' id='word_1_804' title='bbox 2915 5371 3270 5427; x_wconf 83' lang='lat' dir='ltr'><strong>constituunt.</strong></span> <span class='ocrx_word' id='word_1_805' title='bbox 3304 5371 3447 5428; x_wconf 88' lang='lat' dir='ltr'><strong>Tisri</strong></span> <span class='ocrx_word' id='word_1_806' title='bbox 3479 5355 3592 5426; x_wconf 67' lang='grc' dir='ltr'><strong>Ᾱύρ</strong></span> 
     </span>
    </p>
   </div>
   <div class='ocr_carea' id='block_1_112' title="bbox 2003 5457 3583 5540">
    <p class='ocr_par' dir='ltr' id='par_1_112' title="bbox 2003 5457 3583 5540">
     <span class='ocr_line' id='line_1_112' title="bbox 2003 5457 3583 5540; baseline 0.006 -32"><span class='ocrx_word' id='word_1_807' title='bbox 2003 5459 2150 5510; x_wconf 68' lang='lat' dir='ltr'><strong>(laetis</strong></span> <span class='ocrx_word' id='word_1_808' title='bbox 2192 5457 2295 5521; x_wconf 82' lang='grc'><strong>55,</strong></span> <span class='ocrx_word' id='word_1_809' title='bbox 2348 5460 2560 5527; x_wconf 76' lang='lat' dir='ltr'><strong>periodi</strong></span> <span class='ocrx_word' id='word_1_810' title='bbox 2600 5460 2634 5515; x_wconf 89' lang='lat'><strong>9</strong></span> <span class='ocrx_word' id='word_1_811' title='bbox 2674 5502 2690 5526; x_wconf 95' lang='lat'><strong>,</strong></span> <span class='ocrx_word' id='word_1_812' title='bbox 2739 5477 2770 5516; x_wconf 89' lang='lat' dir='ltr'><strong>e</strong></span> <span class='ocrx_word' id='word_1_813' title='bbox 2813 5477 2920 5540; x_wconf 86' lang='lat' dir='ltr'><strong>qua</strong></span> <span class='ocrx_word' id='word_1_814' title='bbox 2967 5463 3186 5520; x_wconf 85' lang='lat' dir='ltr'><strong>biduum</strong></span> <span class='ocrx_word' id='word_1_815' title='bbox 3232 5475 3583 5534; x_wconf 76' lang='lat' dir='ltr'><strong>exemptum,</strong></span> 
     </span>
    </p>
   </div>
   <div class='ocr_carea' id='block_1_113' title="bbox 2003 5543 3589 5625">
    <p class='ocr_par' dir='ltr' id='par_1_113' title="bbox 2003 5543 3589 5625">
     <span class='ocr_line' id='line_1_113' title="bbox 2003 5543 3589 5625; baseline 0.005 -21"><span class='ocrx_word' id='word_1_816' title='bbox 2003 5549 2071 5605; x_wconf 91' lang='grc'><strong>10</strong></span> <span class='ocrx_word' id='word_1_817' title='bbox 2107 5549 2448 5622; x_wconf 86' lang='lat' dir='ltr'><strong>Septembris</strong></span> <span class='ocrx_word' id='word_1_818' title='bbox 2470 5593 2486 5618; x_wconf 94' lang='lat'><strong>,</strong></span> <span class='ocrx_word' id='word_1_819' title='bbox 2519 5543 2754 5625; x_wconf 83' lang='lat' dir='ltr'><strong>ejusque</strong></span> <span class='ocrx_word' id='word_1_820' title='bbox 2790 5557 3078 5614; x_wconf 82' lang='lat' dir='ltr'><strong>character</strong></span> <span class='ocrx_word' id='word_1_821' title='bbox 3113 5558 3148 5613; x_wconf 71' lang='grc'><strong>4</strong></span> <span class='ocrx_word' id='word_1_822' title='bbox 3169 5598 3184 5624; x_wconf 91' lang='grc'><strong>,</strong></span> <span class='ocrx_word' id='word_1_823' title='bbox 3214 5559 3270 5612; x_wconf 86' lang='grc'><strong>11</strong></span> <span class='ocrx_word' id='word_1_824' title='bbox 3301 5601 3315 5623; x_wconf 86' lang='grc'><strong>,</strong></span> <span class='ocrx_word' id='word_1_825' title='bbox 3351 5558 3476 5615; x_wconf 86' lang='grc'>666.</span> <span class='ocrx_word' id='word_1_826' title='bbox 3516 5561 3589 5616; x_wconf 86' lang='lat' dir='ltr'><strong>Ut</strong></span> 
     </span>
    </p>
   </div>
   <div class='ocr_carea' id='block_1_114' title="bbox 2003 5645 3582 5722">
    <p class='ocr_par' dir='ltr' id='par_1_114' title="bbox 2003 5645 3582 5722">
     <span class='ocr_line' id='line_1_114' title="bbox 2003 5645 3582 5722; baseline 0.006 -25"><span class='ocrx_word' id='word_1_827' title='bbox 2003 5645 2169 5714; x_wconf 84' lang='lat' dir='ltr'><strong>igitur</strong></span> <span class='ocrx_word' id='word_1_828' title='bbox 2215 5649 2496 5700; x_wconf 86' lang='lat' dir='ltr'><strong>neomenia</strong></span> <span class='ocrx_word' id='word_1_829' title='bbox 2535 5647 2796 5718; x_wconf 76' lang='lat' dir='ltr'><strong>Calippici</strong></span> <span class='ocrx_word' id='word_1_830' title='bbox 2844 5648 2985 5707; x_wconf 85' lang='lat' dir='ltr'><strong>Tisri</strong></span> <span class='ocrx_word' id='word_1_831' title='bbox 3037 5651 3163 5704; x_wconf 86' lang='lat' dir='ltr'><strong>anni</strong></span> <span class='ocrx_word' id='word_1_832' title='bbox 3212 5651 3282 5707; x_wconf 76' lang='lat'><strong>55</strong></span> <span class='ocrx_word' id='word_1_833' title='bbox 3325 5653 3529 5722; x_wconf 78' lang='lat' dir='ltr'><strong>periodi</strong></span> <span class='ocrx_word' id='word_1_834' title='bbox 3567 5695 3582 5718; x_wconf 88' lang='lat'><strong>,</strong></span> 
     </span>
    </p>
   </div>
   <div class='ocr_carea' id='block_1_115' title="bbox 2001 5736 3587 5812">
    <p class='ocr_par' dir='ltr' id='par_1_115' title="bbox 2001 5736 3587 5812">
     <span class='ocr_line' id='line_1_115' title="bbox 2001 5736 3587 5812; baseline 0.006 -22"><span class='ocrx_word' id='word_1_835' title='bbox 2001 5739 2253 5792; x_wconf 81' lang='lat' dir='ltr'><strong>manente</strong></span> <span class='ocrx_word' id='word_1_836' title='bbox 2297 5739 2350 5792; x_wconf 88' lang='lat' dir='ltr'><strong>in</strong></span> <span class='ocrx_word' id='word_1_837' title='bbox 2397 5737 2465 5791; x_wconf 65' lang='grc'>12</span> <span class='ocrx_word' id='word_1_838' title='bbox 2498 5736 2852 5809; x_wconf 84' lang='lat' dir='ltr'><strong>Septembris,</strong></span> <span class='ocrx_word' id='word_1_839' title='bbox 2885 5741 3050 5797; x_wconf 77' lang='lat' dir='ltr'><strong>Nisan</strong></span> <span class='ocrx_word' id='word_1_840' title='bbox 3079 5743 3344 5798; x_wconf 79' lang='lat' dir='ltr'><strong>inchoari!</strong></span> <span class='ocrx_word' id='word_1_841' title='bbox 3379 5745 3412 5799; x_wconf 88' lang='lat'>8</span> <span class='ocrx_word' id='word_1_842' title='bbox 3448 5745 3587 5812; x_wconf 65' lang='grc' dir='ltr'>11η·-</span> 
     </span>
    </p>
   </div>
   <div class='ocr_carea' id='block_1_116' title="bbox 2001 5827 3579 5904">
    <p class='ocr_par' dir='ltr' id='par_1_116' title="bbox 2001 5827 3579 5904">
     <span class='ocr_line' id='line_1_116' title="bbox 2001 5827 3579 5904; baseline 0.007 -22"><span class='ocrx_word' id='word_1_843' title='bbox 2001 5829 2060 5882; x_wconf 92' lang='lat' dir='ltr'><strong>tii</strong></span> <span class='ocrx_word' id='word_1_844' title='bbox 2088 5869 2102 5894; x_wconf 92' lang='lat'><strong>,</strong></span> <span class='ocrx_word' id='word_1_845' title='bbox 2141 5829 2213 5884; x_wconf 85' lang='lat' dir='ltr'><strong>ita</strong></span> <span class='ocrx_word' id='word_1_846' title='bbox 2242 5831 2474 5886; x_wconf 80' lang='lat' dir='ltr'><strong>adlictis</strong></span> <span class='ocrx_word' id='word_1_847' title='bbox 2496 5844 2756 5904; x_wconf 77' lang='lat' dir='ltr'><strong>perpetuo</strong></span> <span class='ocrx_word' id='word_1_848' title='bbox 2790 5837 3051 5893; x_wconf 80' lang='lat' dir='ltr'><strong>auspiciis</strong></span> <span class='ocrx_word' id='word_1_849' title='bbox 3084 5836 3208 5889; x_wconf 86' lang='lat' dir='ltr'><strong>anni</strong></span> <span class='ocrx_word' id='word_1_850' title='bbox 3237 5837 3304 5889; x_wconf 67' lang='lat'><strong>35</strong></span> <span class='ocrx_word' id='word_1_851' title='bbox 3337 5827 3579 5896; x_wconf 79' lang='lat' dir='ltr'><strong>periodi.</strong></span> 
     </span>
    </p>
   </div>
  </div>
