3930 6458
396 392 536 458 1203

1290 398 1388 456 DE
1427 396 1794 459 ΛΕΤΑΤΕΈ.
1839 399 2218 460 GREGORH
2254 397 2765 457 AGRIGENTINI

3513 389 3650 462 1201

389 509 600 580 periodi
641 509 734 575 55,
782 509 870 574 52,
908 507 996 576 71,
1047 509 1142 579 qui
1179 510 1405 568 lunares
1443 526 1638 566 omnes
1681 510 1968 576 ordinarii,
2001 517 2042 569 A
2069 519 2124 565 et
2151 510 2284 564 mihi
2309 525 2418 564 non
2440 509 2672 570 dederit,
2703 507 2974 578 quidquid
2993 507 3210 566 tandem
3232 505 3299 562 de
3319 523 3380 562 re
3401 507 3652 577 paschali

391 618 502 656 non
553 615 697 656 anno
754 601 852 668 14,
883 601 978 670 qui
1023 601 1398 674 ὑπερήμερος.
1457 601 1582 658 llaec
1625 617 1824 669 causa,
1870 618 1970 658 cur

388 707 500 746 non
549 692 716 748 semel
757 691 976 748 termini
1027 693 1312 762 paschales
1359 694 1803 750 Christianorum
1859 709 1970 750 uno

391 783 480 836 die
527 783 612 838 vel
667 783 848 839 serius
905 783 991 842 vel
1039 782 1203 849 citius
1250 784 1506 844 diil‘erant
1547 787 1618 842 ab
1651 783 1967 848 Iudaeorum

387 872 585 928 Phase.

462 962 604 1018 XXI.
638 963 720 1018 Ad
755 963 1032 1034 paschalis
1064 966 1212 1034 quod
1260 965 1454 1020 attinet
1489 965 1902 1020 translationem
1936 978 1968 1018 a

385 1053 555 1112 Nisan
582 1055 648 1110 ad
671 1053 808 1120 Jiar,
841 1055 1058 1126 quoties
1080 1055 1258 1113 Phase
1281 1055 1552 1126 praecedat
1577 1055 1967 1125 mquinoclium

387 1146 631 1213 vernale,
665 1162 774 1201 non
809 1147 915 1202 hoc
961 1148 1201 1216 primum
1246 1147 1578 1204 Christianis
1629 1147 1684 1202 in
1731 1155 1969 1202 mentem

386 1239 554 1304 venit,
597 1239 692 1294 sed
719 1238 1034 1297 Judaeorum
1087 1241 1338 1310 exemplo
1364 1239 1588 1296 factum.
1633 1238 1846 1296 Etenim
1889 1239 1967 1304 hi,

387 1345 512 1384 rum
548 1330 679 1389 illud
705 1332 1072 1404 contingeret,
1102 1334 1270 1388 veteri
1298 1332 1556 1404 religione
1584 1331 1832 1386 obstricti
1859 1345 1968 1385 non

385 1423 654 1492 putabant
699 1421 915 1478 Pascha
965 1425 1330 1481 omittendum
1366 1439 1556 1478 mense
1597 1421 1804 1490 Nisae;
1841 1424 1970 1492 quia

389 1531 518 1572 vero
546 1523 627 1573 tot
657 1527 786 1574 ante
814 1518 1034 1574 sarculis
1082 1532 1364 1587 nunquam
1414 1515 1608 1589 legalia
1647 1529 1838 1587 azyma
1875 1530 1969 1570 eo-

389 1609 711 1674 niedissenl,
745 1609 852 1664 nisi
887 1619 1010 1680 post
1043 1609 1265 1664 vernale
1301 1607 1716 1678 aequinoctium,
1763 1606 1970 1662 idcirco

391 1698 720 1769 Azymorum
739 1699 1060 1753 mandatum
1083 1713 1276 1755 rursus
1293 1697 1730 1767 exsequebantur
1746 1695 1815 1750 15
1832 1693 1990 1760 .liar,’

390 1789 466 1846 ita
505 1799 566 1844 ut
603 1804 714 1844 uno
761 1803 908 1844 anno
947 1788 1145 1858 duplex
1194 1785 1404 1844 Pascha
1441 1796 1790 1854 occurreret;
1823 1786 1970 1864 quod

2070 616 2104 656 a
2151 601 2384 656 sunnnis
2433 600 2874 656 Christianorum
2925 597 3182 656 Ecclesiis
3229 608 3536 664 statutum,
3587 614 3656 652 ex

2071 691 2354 746 llebraicis
2384 689 2629 746 fontibus
2655 691 2938 762 erupisse?

2143 783 2308 842 XXII.
2347 785 2527 854 Atque
2573 785 2783 840 utinam
2832 798 2933 839 nec
2983 797 3109 840 sero
3158 781 3508 852 profectum,
3555 795 3658 859 nec

2070 877 2321 948 puditum
2367 877 2661 947 aliquando
2699 875 2868 930 fuerit
2920 875 3142 930 lunares
3181 873 3503 929 Judzeorum
3550 871 3662 941 epi-
3723 878 3746 887 ‘

2070 968 2336 1040 logismos
2375 967 2427 1022 in
2458 967 2722 1022 auxilium
2761 980 3062 1029 arcessere,
3093 965 3309 1034 quoties
3340 965 3396 1018 in
3423 963 3659 1018 dubium

2071 1066 2367 1113 vocaretur
2399 1072 2699 1128 germanus
2729 1055 3019 1112 Paschalis
3047 1056 3196 1112 dies!
3231 1055 3531 1110 Enimvero
3563 1067 3662 1107 ne-

2072 1164 2181 1219 que
2211 1158 2321 1204 tam
2345 1149 2500 1204 multi
2522 1149 2696 1204 bonas
2721 1148 2888 1203 horas
2919 1147 3164 1217 improbe
3193 1147 3473 1202 locassent
3497 1145 3661 1200 novis

2071 1249 2238 1311 atque
2279 1240 2436 1296 novis
2465 1240 2765 1295 condendis
2794 1238 3127 1304 canonibus,
3158 1237 3362 1308 quibus
3409 1235 3490 1290 nil
3523 1249 3664 1304 prat-

2037 1351 2042 1356 ι
2071 1341 2220 1388 terea
2249 1331 2620 1400 impetratum,
2651 1332 2759 1386 nisi
2799 1340 2859 1386 ul
2887 1333 3059 1386 tutius
3089 1339 3448 1400 peccaretur;
3481 1345 3662 1400 neque

2073 1430 2154 1478 tot
2216 1423 2391 1480 turbis
2455 1421 2716 1478 Ecclesiae
2777 1419 3216 1477 Christianorum
3283 1421 3660 1477 laborassent.

2072 1519 2231 1574 Anno
2259 1518 2386 1586 H7,
2413 1533 2538 1590 quae
2568 1517 2868 1573 certamina
2916 1517 3276 1572 intercessere
3317 1516 3466 1571 inter
3497 1515 3661 1570 lnnoo

2074 1607 2312 1666 centium
2347 1605 2676 1671 Romanum,
2701 1615 2754 1662 et
2777 1605 3045 1676 Cyrillum
3075 1605 3517 1660 Alexandrinum
3545 1605 3662 1672 epi-

2073 1713 2306 1767 scopos,
2359 1699 2511 1752 illum
2560 1699 2769 1753 Pascha
2811 1697 3266 1752 determinantem
3311 1693 3387 1748 22
3419 1695 3655 1764 Aprilis.

2074 1789 2223 1846 hunc
2267 1789 2338 1846 25
2370 1788 2591 1844 Martii?
2636 1790 2836 1846 Eadem
2879 1799 3067 1846 renata
3109 1805 3256 1844 anno
3289 1787 3434 1853 444,
3479 1787 3660 1844 Leone

391 1879 614 1950 sugillat
671 1894 904 1950 magnus
953 1878 1138 1947 Ctesar
1185 1878 1578 1937 Constantinus
1627 1879 1682 1933 in
1738 1877 1968 1947 epistola
2003 1885 2044 1943 ﬂ
2075 1876 3656 1946 RomanoPaschadecernentediem26Martii,Theophila

389 1971 625 2038 quadam
687 1969 755 2026 ad
818 1969 1138 2035 Ecclesias,
1195 1985 1363 2040 quam
1413 1969 1636 2026 exhibet
1697 1968 1966 2025 Eusebius

391 2061 492 2123 lib.
521 2076 581 2114 ιιι
611 2060 731 2130 ejus
771 2060 908 2116 Vitae
937 2075 1060 2130 cap.
1101 2061 1190 2115 17.
1224 2060 1496 2117 Caeterum
1528 2061 1575 2116 si
1607 2061 1665 2114 in
1694 2059 1968 2129 antiquis-

387 2151 532 2207 sima
587 2149 918 2206 Christianae
973 2150 1232 2212 Ecclesia:
1289 2157 1537 2220 tempora
1583 2148 1968 2220 inquiramus,

387 2241 746 2300 manifestum
777 2243 942 2300 nobis
972 2241 1100 2310 erit,
1133 2241 1404 2302 terminos
1433 2242 1721 2312 paschales
1750 2240 1970 2296 habitos

389 2331 528 2388 adeo
567 2331 691 2388 dies
739 2331 1268 2404 antaequinoctiales,
1318 2332 1468 2402 quod
1510 2333 1864 2404 potissimum
1903 2331 1974 2386 li-

391 2435 524 2494 quet
585 2439 652 2480 ex
722 2424 1251 2482 heccaedecaeteride
1314 2423 1590 2496 Hippolyti
1651 2419 1973 2478 Portuensis

389 2517 634 2587 episcopi
679 2517 1060 2576 annoChristi
1098 2517 1207 2581 222
1236 2517 1571 2587 conscripta,
1619 2515 1674 2570 in
1715 2531 1824 2591 qua
1865 2523 1970 2570 ler-

392 2605 614 2671 min‘alis
661 2609 936 2679 praabetur
985 2610 1104 2666 dies
1155 2610 1221 2664 17
1259 2609 1444 2666 Martii
1489 2609 1650 2664 annis
1693 2609 1748 2678 6,
1793 2617 1845 2665 et
1882 2609 1970 2674 16,

393 2700 540 2757 unde
589 2701 648 2755 in
707 2702 972 2758 laterculo
1018 2699 1342 2757 Dominicali
1395 2710 1860 2771 repraesentetur,
1927 2699 1972 2756 si

396 2791 668 2847 terminus
722 2791 928 2848 incidat
972 2791 1027 2846 in
1078 2793 1157 2860 Α,
1198 2793 1306 2848 hoc
1357 2799 1441 2848 est
1480 2791 1674 2847 feriam
1707 2807 1725 2846 ι
1761 2789 1974 2846 Pascha

395 2881 784 2938 celebrandum
815 2882 888 2937 25
917 2881 1128 2950 Martii;
1162 2883 1210 2940 si
1233 2883 1288 2938 in
1323 2882 1386 2949 Ζ,
1412 2883 1518 2939 hoc
1541 2891 1625 2939 est
1654 2880 1850 2938 feriam
1871 2896 1973 2949 vtt,

391 2970 464 3025 26
488 2970 706 3041 Martii;
738 2973 786 3029 si
811 2975 866 3028 in
901 2973 962 3038 S,
998 2973 1104 3030 hoc
1135 2983 1218 3030 est
1252 2973 1441 3030 feriam
1473 2989 1552 3039 vi,
1584 2972 1656 3028 20
1679 2971 1892 3038 Martii;
1927 2972 1974 3029 si

394 3063 450 3120 in
483 3062 542 3128 Ε,
577 3065 680 3120 hoc
718 3075 802 3120 est
831 3065 1025 3120 feriam
1057 3082 1111 3134 v,
1153 3067 1218 3121 21
1252 3065 1468 3133 Martii;
1490 3065 1540 3122 si
1571 3065 1625 3120 in
1656 3067 1716 3131 Δ,
1751 3065 1858 3121 hoc
1890 3073 1977 3121 est

394 3151 588 3209 feriam
621 3171 696 3221 tv,
741 3157 812 3212 22
856 3158 1064 3226 Martii;
1115 3158 1160 3214 si
1201 3159 1259 3214 in
1296 3157 1357 3226 Γ,
1393 3159 1500 3216 hoc
1538 3167 1624 3215 est
1657 3157 1850 3214 teriam
1880 3171 1968 3223 ιιι,

2068 1971 2441 2028 Alexandrino
2461 1972 2532 2046 25
2554 1970 2756 2042 Aprilis
2779 1987 2795 2037 ;
2828 1985 3006 2040 neque
3027 1985 3186 2025 secus
3207 1981 3357 2022 anno
3382 1965 3512 2032 455,
3533 1981 3657 2022 cum

2071 2061 2214 2118 idem
2259 2062 2600 2132 Theophilus
2640 2061 2851 2116 Pascha
2895 2061 3196 2131 conjeeerit
3224 2061 3283 2114 in
3321 2060 3398 2114 24
3432 2059 3653 2128 Aprilis,

2071 2153 2164 2210 sed
2211 2151 2322 2210 Leo
2363 2153 2416 2208 in
2465 2151 2531 2208 17
2573 2152 2843 2224 ejusdem.
2890 2153 3052 2206 Anno
3095 2151 3198 2206 577
3229 2150 3657 2222 par'dissensus

2071 2244 2276 2310 Gallos,
2304 2251 2360 2300 et
2393 2243 2668 2315 Hispanos
2707 2243 2950 2298 amicitia
2990 2243 3281 2313 disjunxil,
3327 2241 3416 2296 his
3445 2240 3656 2298 Pascha

2071 2335 2482 2395 conferentibus
2526 2338 2580 2390 in
2609 2336 2682 2392 25
2723 2335 2948 2406 Aprilis,
2987 2335 3153 2406 308
3184 2335 3292 2392 illis
3333 2335 3390 2390 in
3422 2334 3490 2389 18
3517 2335 3656 2404 ejus-

2073 2427 2220 2493 dem,
2245 2425 2477 2482 Yictorii
2497 2427 2718 2497 gentilis
2740 2427 2826 2487 sui
2853 2427 3023 2497 cyclis
3045 2427 3350 2482 obsecutis.
3374 2424 3536 2500 Anno
3555 2423 3653 2480 760

2071 2530 2355 2590 peccatum
2391 2519 2446 2579 iu
2476 2517 2697 2574 Oriente
2715 2519 2958 2588 paschali
2987 2517 3076 2574 die
3105 2517 3454 2574 conﬁciendo
3484 2537 3500 2573 :
3529 2531 3650 2574 nam

2073 2611 2164 2664 alii
2193 2610 2324 2664 illud
2366 2611 2654 2664 coluerunt
2677 2607 2732 2672 6,
2775 2607 2866 2668 alii
2897 2609 2963 2661 15
2993 2607 3214 2676 Aprilis.
3249 2607 3332 2662 Ex
3371 2605 3646 2668 laterculo,

2073 2716 2235 2772 quem
2279 2699 2724 2764 construximus.
2761 2711 2876 2755 tute
2920 2700 3037 2770 ipse
3085 2699 3521 2768 dijudicaveris,
3568 2697 3653 2758 cui

2073 2808 2242 2848 causa
2273 2792 2343 2848 iis
2373 2792 2428 2846 in
2459 2791 2655 2863 litigiis
2678 2791 2910 2852 steterit,
2950 2789 3115 2845 modo
3137 2789 3378 2853 Christi,
3401 2803 3540 2859 quos
3565 2786 3656 2842 tibi

2073 2883 2450 2954 proposueris,
2487 2882 2648 2938 annis
2689 2897 2918 2952 aggeras
2945 2882 3070 2950 511,
3099 2897 3238 2951 quos
3263 2879 3654 2951 Dionysianam

2073 2975 2282 3031 Christi
2337 2975 2600 3045 epocham
2641 2972 2938 3028 antecessit
2986 2971 3654 3042 Calippico—Seleuciana,

2076 3077 2244 3137 atque
2277 3066 2406 3122 inde
2435 3065 2527 3131 76,
2557 3065 2741 3135 quoad
2770 3065 3010 3126 licuerit,
3057 3064 3304 3130 eximus;
3348 3063 3490 3132 quod
3519 3061 3656 3116 enim

2075 3159 2372 3228 reliquum,
2416 3171 2619 3210 annum
2663 3155 2872 3224 periodi
2903 3155 3266 3216 demonstrat,
3325 3153 3420 3222 qui
3447 3162 3502 3206 et
3521 3149 3652 3205 Tisri

393 3245 466 3306 25
499 3244 710 3313 Martii;
761 3248 813 3302 si
857 3247 914 3302 in
948 3247 1019 3312 Β,
1060 3249 1165 3304 hoc
1209 3256 1294 3305 est
1330 3247 1524 3304 feriam
1562 3264 1619 3310 ιι,
1661 3247 1734 3306 24
1771 3245 1969 3302 Martii.
2005 3234 2046 3291 (ἶ
2084 3250 2390 3320 superioris
2443 3250 2572 3302 anni
2631 3247 2958 3316 Septembri,
3028 3246 3118 3304 vel
3144 3248 3299 3316 Augu
3319 3257 3406 3301 sto
3436 3244 3572 3306 initi,
3604 3251 3656 3308 et

393 3336 560 3404 Quid,
591 3338 739 3408 quod
775 3339 863 3394 vel
890 3354 1035 3397 anno
1061 3339 1168 3394 405
1201 3337 1443 3398 Ecclesia
1483 3339 1730 3394 Romana
1760 3339 1974 3410 piaculo

396 3429 543 3488 haud
569 3428 727 3484 duxit
754 3430 822 3486 ad
862 3431 1395 3500 antequinoctialem
1441 3431 1732 3486 terminum
1763 3430 1974 3496 Pascha

394 3537 557 3580 suum
585 3523 954 3593 componere?
985 3522 1124 3578 Tum
1165 3533 1388 3578 strenue
1421 3523 1685 3594 pugnavit
1709 3523 1976 3578 innocen-

395 3613 506 3669 tius
533 3611 594 3666 P.
632 3610 704 3664 M.
748 3627 848 3680 pro
877 3611 1171 3673 indicendo
1198 3610 1470 3668 Paschate
1490 3611 1562 3665 22
1595 3611 1800 3675 Martii,
1828 3609 1975 3680 quod

395 3703 576 3758 modis
609 3702 870 3762 omnibus
899 3703 1252 3774 oppugnabat
1281 3701 1620 3773 Theophilus
1654 3701 1976 3758 Alexandri-

395 3810 505 3856 nus
539 3794 853 3866 episcopus,
883 3810 1062 3865 neque
1084 3811 1300 3866 passus,
1342 3805 1402 3850 ut
1431 3795 1484 3850 id
1514 3810 1612 3851 sua
1646 3794 1701 3848 in
1732 3793 1974 3848 Ecclesia

395 3887 834 3944 committeretur
857 3906 872 3956 ;
899 3903 1026 3944 cum
1055 3903 1220 3944 verus
1243 3886 1528 3944 Paschalis
1546 3887 1663 3943 dies
1695 3886 1800 3942 sibi
1824 3887 1976 3941 visus

395 3979 470 4035 29
497 3980 702 4035 Martii.
725 3978 798 4037 Ut
825 3980 1106 4051 paschalia
1127 3988 1512 4050 peragerentur
1541 3979 1612 4034 22
1636 3979 1836 4046 Martii,
1867 3994 1978 4033 non

398 4071 576 4143 potuit
631 4072 902 4132 terminus
942 4071 1020 4130 20,
1041 4071 1220 4127 Martii
1273 4071 1449 4127 serior
1495 4071 1715 4138 haberi;
1765 4085 1891 4125 nam
1929 4069 1977 4125 si

400 4165 454 4219 in
489 4163 553 4216 21
589 4163 982 4228 concurrisset,
1039 4163 1202 4219 nullae
1241 4161 1476 4220 fuissent
1505 4163 1718 4248 dissidii
1753 4176 1976 4218 causze:

399 4272 529 4310 cum
565 4257 712 4310 enim
756 4257 822 4310 2|
859 4255 1040 4311 Martii
1073 4256 1363 4313 character
1402 4254 1568 4312 fuerit
1607 4255 1740 4310 feria
1770 4271 1842 4308 vn
1880 4268 1979 4324 pro

399 4347 786 4414 antiquissimo
825 4346 1086 4408 Romana:
1119 4345 1376 4406 Ecclesia
1409 4361 1583 4412 more,
1612 4347 1702 4416 qui
1741 4345 1826 4401 vel
1850 4345 1981 4417 Ilip-

399 4435 570 4505 polyli
613 4435 929 4492 Perluensis
979 4451 1098 4494 avo
1147 4437 1402 4508 vigebat,
1456 4445 1516 4491 ut
1558 4445 1705 4507 patet
1747 4452 1815 4492 ex
1860 4437 1980 4506 ejus

2073 3342 2240 3397 Nisan
2272 3341 2615 3396 neomeniam
2652 3339 2871 3402 Martio,
2907 3339 2991 3393 vel
3015 3337 3188 3408 Aprili
3219 3339 3270 3401 in
3309 3351 3522 3399 mense,
3546 3343 3653 3388 tum

2073 3436 2252 3490 Phase
2296 3435 2434 3488 diem
2485 3433 2753 3495 docuerit,
2804 3431 2950 3486 unde
2999 3431 3232 3501 adeptus
3281 3431 3649 3486 characterem

2075 3526 2226 3582 feriae
2247 3527 2368 3596 ejus
2392 3525 2494 3581 diei
2529 3541 2594 3580 ex
2619 3526 2754 3596 cycli
2785 3522 2992 3579 Solaris
3013 3537 3180 3589 anno,
3211 3522 3308 3592 qui
3336 3531 3448 3576 tum
3472 3525 3642 3586 actus,

2075 3637 2264 3678 verum
2299 3619 2584 3676 Paschalis
2605 3619 2748 3674 diem
2778 3631 3098 3685 cognosces.

2149 3712 2334 3768 XXIII.
2375 3710 2495 3766 Jam
2522 3711 2692 3782 igitur
2718 3709 2881 3780 (utin
2902 3708 3047 3762 viam
3080 3705 3323 3776 redeam)
3350 3704 3396 3760 si
3428 3701 3646 3774 pascha-

2078 3806 2158 3862 les
2185 3806 2626 3861 Christiauorum
2681 3800 2923 3868 termini,
2961 3800 3109 3870 itque
3151 3797 3449 3862 emendati,
3490 3794 3646 3865 ipsis.

2079 3898 2218 3952 sima
2242 3907 2368 3952 sunt
2388 3894 2702 3958 .ludatorum
2733 3891 2932 3954 Phase.
2962 3907 2992 3946 a
3022 3890 3222 3962 quibus
3245 3897 3454 3944 tantum
3479 3899 3645 3956 quan-

2077 3989 2259 4060 doque
2287 3988 2578 4044 disceduut
2601 3986 2688 4042 vel
2718 3985 2790 4041 ob
2825 3982 3057 4040 bissexti
3085 3983 3452 4036 interventum
3491 3972 3666 4066 solari.

2079 4081 2135 4136 in
2165 4095 2312 4134 anno
2333 4078 2576 4142 Iuliano,
2613 4079 2696 4132 vel
2726 4076 2796 4132 ob
2823 4075 3092 4130 omissum
3129 4072 3275 4127 diem
3303 4068 3642 4127 embolimum

2081 4171 2261 4226 lunari
2311 4171 2364 4226 in
2399 4185 2565 4234 armo,
2597 4181 2770 4226 causa
2813 4172 3063 4236 superest
3099 4162 3270 4227 nulla,
3303 4161 3445 4216 unde
3475 4155 3644 4226 suspi-

2079 4278 2291 4330 cemur,
2313 4277 2458 4317 anno
2479 4259 2575 4316 671
2606 4274 2714 4314 non
2739 4239 3310 4314 ettmdeanalaestiiia
3340 4254 3393 4308 in
3415 4249 3644 4305 Ecclesia

2080 4353 2366 4421 Paschalis
2405 4353 2549 4408 diem
2575 4349 2782 4413 fuisse,
2814 4358 2979 4418 atque
3029 4347 3085 4401 in
3133 4345 3362 4416 reliquis
3391 4339 3644 4397 Christia-

2082 4461 2300 4502 norum.
2354 4443 2420 4502 Et
2450 4444 2612 4514 plane
2655 4441 2705 4497 si
2755 4438 3074 4495 laterculum
3122 4437 3494 4498 consulamus,
3530 4443 3643 4514 rem

302 4525 311 4533 “
399 4541 632 4592 cauOne,
662 4528 1072 4627 prorogandam
1111 4527 1323 4590 Pascha
1374 4529 1442 4584 ad
1473 4529 1813 4586 Doruinicam
1849 4529 1982 4582 alte—
2009 4569 2058 4627 ο
2085 4539 2260 4608 ipsum
2282 4513 2589 4608 loquentem
2607 4533 3099 4604 deprehendamus.
3117 4531 3250 4595 Erat
3264 4513 3644 4585 annusille928

361 4657 370 4666 .
401 4635 542 4681 ram,
576 4634 750 4688 eoque
781 4627 939 4688 pacto
971 4618 1219 4674 Romana
1241 4635 1366 4675 cum
1395 4619 1761 4682 Alexandrina
1783 4634 1980 4675 conve-
2009 4615 2052 4627 “’
2087 4629 2421 4686 Seleuciam
2437 4627 2680 4698 epochze,
2698 4623 3038 4703 proindeque
3057 4623 3128 4676 70
3151 4619 3358 4691 periodi
3379 4615 3646 4678 15.Phase

404 4713 575 4766 uisset
611 4709 876 4765 Ecclesia.
913 4710 1196 4774 Paschalis
1236 4711 1398 4782 igitur
1427 4711 1716 4776 terminus,
1760 4710 1849 4766 cui
1893 4725 1983 4766 reo

403 4803 582 4872 spexit
605 4799 982 4865 Innocentius,
1016 4804 1404 4876 aequinoctium
1439 4804 1754 4874 praecessit;
1804 4802 1982 4872 siqui-

403 4896 524 4950 dem
559 4894 774 4952 Pascba
791 4895 1134 4967 consignavit
1163 4895 1230 4952 ad
1257 4895 1328 4950 22
1354 4895 1556 4952 Martii.
1599 4894 1732 4962 Quae
1757 4911 1879 4950 cum
1910 4895 1984 4949 ila

404 4983 534 5047 sint,
582 4985 704 5056 quis
749 4984 964 5043 inficias
1019 4985 1198 5054 iverit,
1227 4987 1540 5055 paschalem
1581 4987 1735 5044 illum
1783 4987 1985 5042 saltum

402 5073 693 5132 Iudaicum
711 5076 882 5133 fuisse
903 5077 1182 5140 inventum
1207 5089 1333 5134 ante
1355 5077 1635 5134 Nicaznum
1665 5079 1982 5144 concilium,

405 5185 529 5223 eum
570 5169 770 5224 mullos
801 5177 926 5239 post
959 5183 1135 5226 annos
1193 5170 1433 5224 nondum
1473 5185 1594 5224 mos
1632 5169 1724 5226 ille
1757 5184 1790 5226 a
1827 5169 1986 5227 Chri-

406 5258 603 5313 stianis
649 5258 894 5313 ascitus?
939 5273 1068 5314 nam
1115 5258 1262 5329 quod
1315 5274 1463 5316 anno
1506 5257 1613 5316 405
1654 5257 1986 5330 Theophilus

405 5349 685 5416 paschalia
721 5349 988 5405 solemnia
1007 5349 1304 5406 contulerit
1333 5351 1388 5405 in
1410 5349 1480 5406 29
1507 5341 1714 5416 Martii,
1738 5350 1793 5411 in
1819 5367 1987 5408 causa

407 5438 532 5503 fuit,
569 5441 713 5510 quod
758 5441 1060 5512 legitimum
1115 5442 1398 5499 Paschalis
1443 5445 1739 5500 terminum
1769 5444 1988 5501 duxerit

401 5529 478 5582 22
509 5527 712 5596 Martii,
763 5531 926 5602 idque
975 5548 1042 5586 ex
1088 5533 1211 5604 ejus
1259 5535 1414 5604 cyclo
1459 5543 1803 5606 patetzcum
1841 5538 1988 5593 enim

408 5635 590 5678 annus
632 5623 666 5676 1
711 5622 876 5685 fuerit
915 5624 1056 5694 cycli
1105 5625 1318 5682 lunaris
1362 5627 1741 5693 Alexandrini,
1775 5631 1990 5684 novilu-

415 5714 566 5769 nium
606 5716 865 5786 paschale
905 5717 1208 5787 ascriptum.
1235 5717 1303 5774 l3
1325 5721 1693 5790 Phamenoth,
1722 5723 1756 5778 9
1785 5722 1986 5788 Martii,

405 5795 650 5881 indeque
697 5809 970 5864 terminus
1012 5809 1082 5864 26
1110 5809 1474 5883 Phamenuth,
1528 5815 1706 5871 Martii
1731 5815 1824 5871 22.
1855 5814 1991 5888 Quis

2084 4719 2250 4790 igitur
2303 4716 2588 4774 Iudaicum
2631 4732 2757 4775 eum
2803 4713 3099 4770 incurrerit
3143 4711 3198 4765 in
3246 4711 3318 4770 30
3367 4706 3558 4769 Martii.
3599 4710 3647 4755 cl

2085 4808 2304 4878 quidem
2350 4805 2542 4861 feriam
2573 4821 2630 4869 ι,
2683 4803 2994 4860 necessario
3041 4801 3292 4872 sequitur
3329 4797 3645 4856 celemnan

2087 4899 2476 4972 Hierosolymis
2502 4897 2714 4954 Pascha
2752 4897 2786 4952 6
2832 4895 3071 4966 Aprilis,
3097 4893 3246 4964 quod
3273 4888 3529 4946 Leontius
3564 4881 3644 4938 di-

2087 5002 2234 5049 serte
2279 5001 2529 5048 testatus.
2563 4989 2928 5056 Quamobrem
2971 4987 3073 5044 etsi
3115 4986 3310 5054 quovis
3359 4981 3466 5036 alio
3491 4972 3646 5032 desti-

2089 5095 2307 5142 tuamur
2359 5084 2586 5147 auxilio,
2643 5083 2786 5138 unde
2823 5080 3176 5137 ostendamus
3225 5073 3536 5146 Gregorium
3581 5065 3649 5122 ab.

2087 5177 2388 5236 Justiniani
2419 5176 2447 5232 Ι.
2468 5185 2626 5232 aetate
2649 5175 3062 5239 semovendum,
3092 5173 3196 5227 hoc
3219 5185 3328 5226 uno
3353 5157 3644 5221 testimonio

2052 5289 2067 5302 -
2090 5268 2251 5340 plane
2285 5283 2510 5324 causam
2543 5267 2797 5324 vicimus.
2827 5263 3048 5320 Nullum
3087 5264 3234 5320 enim
3262 5263 3316 5317 in
3344 5257 3465 5314 totis
3497 5250 3642 5308 annis

2089 5361 2384 5416 Justiniani
2410 5358 2428 5412 Ι
2455 5358 2667 5426 nuper-«ii
2692 5355 2936 5412 occurrit
2957 5354 3190 5419 Pascha,
3217 5352 3360 5424 quod
3381 5350 3640 5418 peractum

2091 5463 2124 5504 a
2150 5447 2482 5504 Christianis
2507 5452 2540 5504 6
2581 5446 2805 5517 Aprilis.
2838 5445 3128 5504 Enimvero
3153 5458 3261 5498 non
3293 5445 3466 5510 potest
3491 5426 3640 5486 Chri—

2093 5551 2212 5597 stus
2253 5539 2322 5597 de
2373 5548 2550 5595 morte
2598 5539 2944 5608 triumphans
2994 5536 3101 5592 coli
3133 5534 3168 5590 6
3193 5530 3412 5604 Aprilis,
3452 5520 3550 5582 nisi
3589 5517 3638 5570 in

2094 5633 2255 5689 annis
2285 5633 2421 5704 cycli
2475 5629 2976 5688 enneadeeaeteriei
3009 5631 3059 5694 7,
3101 5627 3156 5693 8,
3190 5626 3277 5692 15,
3311 5625 3366 5688 4,
3397 5619 3479 5684 12,
3521 5623 3635 5704 ουξξι

2096 5697 2333 5780 ιειιιιιιὶιιὶ⁷
2362 5724 2648 5794 paschales
2701 5722 2770 5777 26
2823 5731 2882 5778 et
2928 5722 2998 5776 50
3048 5718 3228 5774 Martii
3298 5713 3534 5804 (ἰηιράοι
3569 5697 3626 5804 51

2097 5832 2240 5876 anno
2270 5816 2340 5874 59
2363 5787 2602 5886 periodi,
2641 5814 2736 5888 qui
2774 5814 2840 5873 ιδ
2871 5810 3049 5885 cycli)
3081 5813 3132 5880 ι,
3161 5810 3218 5881 2,
3249 5807 3282 5870 4
3311 5791 3536 5876 Aprilis;
3561 5787 3629 5848 vel
