3930 6424
243 374 371 438 1205

1610 381 1829 444 DISSE
1837 382 2133 445 RTATIO.

3346 374 3478 440 1206

239 491 394 546 etiam
423 503 573 545 anno
608 491 631 544 1
666 491 824 561 cycli,
855 493 945 563 qui
977 495 1269 556 terminum
1305 497 1497 552 statuit
1525 498 1808 567 5Aprills,
1831 501 1878 559 Δ
1904 498 2104 563 bravit,
2153 496 2533 552 testimonium
2585 495 2732 551 dicat
2783 493 3032 550 omnium
3082 490 3478 556 certissimum,

235 580 391 635 modo
415 581 558 650 apud
581 580 881 638 Orientales
927 582 1198 641 Ecclesias
1220 587 1450 644 mos‘ille
1473 587 1618 644 haud
1639 589 1804 644 unde-

239 687 445 742 quaque
477 672 770 728 invaliterit
802 675 1108 744 prolatandi
1138 675 1348 733 Pascha
1396 679 1461 732 ad
1507 679 1802 734 secundam

239 763 596 827 Dominicam,
617 765 830 834 quoties
854 769 1120 823 terminus
1138 769 1400 823 incideret
1418 771 1470 822 in
1491 769 1682 824 feriam
1705 787 1802 834 vn,

235 943 356 998 anni
387 943 490 998 760
519 947 656 1015 cycli
685 947 894 1004 lunaris
925 950 948 1002 1
981 965 994 1014 ;
1031 958 1165 1005 tune
1191 951 1335 1005 enim
1375 951 1663 1007 orthodoxi
1704 967 1804 1006 au-

236 1034 378 1088 diere
419 1036 515 1104 qui
549 1038 830 1106 paschalia
859 1049 1154 1108 oxogcrunt
1207 1041 1238 1094 6
1275 1039 1500 1112 Aprilis,
1532 1051 1721 1096 contra
1751 1043 1805 1096 in

222 1122 624 1181 'Haereticorum
679 1143 901 1184 censum
949 1132 1172 1202 repositi
1219 1133 1313 1203 qui
1363 1132 1428 1188 15
1469 1134 1670 1202 Aprilis
1713 1135 1802 1205 (V.

233 1211 474 1282 Theoph.
538 1215 839 1288 Chrbnogr.
887 1229 1048 1290 atque
1097 1219 1250 1276 Pauli
1301 1221 1514 1277 diaconi
1573 1225 1804 1280 miscell.

230 1303 322 1359 lib.
351 1309 496 1375 nn)
547 1323 658 1364 non
693 1325 802 1380 quo
851 1314 1390 1382 comperendinatum
1432 1313 1642 1370 Pascha
1683 1331 1810 1385 pro-

232 1405 346 1466 pter
375 1398 674 1454 terminum
706 1401 760 1454 in
787 1401 921 1455 feria
949 1419 1044 1472 vn,
1079 1405 1170 1458 sed
1199 1405 1326 1474 quia
1350 1407 1442 1476 qui
1466 1407 1532 1462 ad
1565 1409 1631 1462 15
1653 1410 1810 1478 Apri-

235 1487 297 1542 lis
318 1489 608 1556 distulere,
637 1492 934 1548 terminum
961 1496 1274 1566 pasehalem
1300 1497 1566 1553 habebant
1597 1499 1630 1552 6
1651 1498 1809 1570 Apri-

235 1581 318 1650 lis,
348 1591 406 1636 ut
437 1583 492 1636 in
523 1599 690 1640 omne
722 1595 937 1658 tempus
967 1591 1158 1644 statuit
1187 1592 1529 1648 Antiochena
1549 1592 1809 1650 Ecclesia

235 1671 288 1726 in
337 1671 564 1730 Canone
631 1692 735 1731 suo
774 1697 788 1732 :
835 1695 1024 1748 reapse
1079 1691 1258 1752 tamen
1307 1698 1483 1753 neque
1547 1694 1815 1754 perpetuo

233 1779 408 1818 verum
441 1781 592 1820 anno
628 1767 653 1822 1
691 1771 826 1840 cycli
864 1771 1071 1827 lunaris
1111 1775 1451 1828 terminalem
1484 1776 1623 1830 diem
1651 1792 1810 1832 assu-

1906 603 2018 658 quo
2043 588 2112 642 ab
2137 603 2201 644 ea
2243 597 2400 644 aetate
2425 586 2758 644 sevocetur?
2787 584 2924 641 Tam
2961 585 3148 642 nobile
3189 598 3483 654 argumen-

1908 689 2023 737 tum
2069 680 2353 750 c0piosam
2385 681 2551 734 nobis
2591 678 2830 750 praebuit
2857 676 3176 747 disputandi
3218 684 3480 745 segetem,

1909 780 1970 826 ut
2018 773 2170 826 nullo
2218 772 2394 826 lector
2433 771 2732 840 impeditus
2775 769 3115 838 praeiudicio,
3153 781 3337 822 causa:
3377 779 3491 821 no-

138 894 152 900 -
237 869 336 924 qua
369 855 436 908 de
469 869 532 909 re
572 856 753 912 nobile
804 860 1112 927 exemplum
1145 860 1413 915 habemus
1458 860 1512 914 in
1543 859 1806 916 l‘aschate
1903 872 2038 918 strte
2067 863 2196 932 jura
2233 872 2474 918 tueatur.
2505 859 2664 916 Nunc
2694 859 2906 928 reliqua
2933 871 3259 931 prosequar.

1977 953 2170 1009 XXIV.
2213 953 2514 1024 Cajetanus
2555 953 2738 1008 nervis
2767 953 3025 1008 omnibus
3053 951 3284 1006 certavit
3309 949 3484 1004 inter-

1911 1043 2080 1098 fuisse
2125 1041 2452 1112 Gregorium
2506 1039 2778 1112 synodov
2834 1040 3288 1104 meumenicm,u
3342 1037 3486 1092 Con-

1909 1134 2432 1204 stantinopolitanae,
2461 1148 2633 1202 eatpte
2677 1142 2898 1202 propter
2941 1139 3201 1202 suspecta
3231 1129 3487 1186 vendita-

1909 1226 2026 1291 vit,
2081 1240 2205 1296 qum
2261 1226 2318 1280 in
2378 1219 2596 1281 Leontii
2649 1223 3060 1280 Commentario
3113 1223 3370 1293 leguntur
3417 1223 3486 1276 de

1910 1317 2131 1389 Sergio,
2163 1317 2330 1390 Cyre,
2356 1329 2410 1374 et
2438 1317 2608 1374 Paulo
2641 1315 3122 1374 Monothetitarum
3145 1313 3312 1390 309
3335 1321 3487 1369 ante-

1907 1408 2180 1480 signanis,
2209 1416 2266 1464 et
2295 1409 2348 1462 in
2379 1409 2618 1464 concilio
2660 1408 3125 1466 anathematismo
3163 1405 3490 1464 confodien-

1911 1502 2020 1566 dis,
2053 1500 2198 1571 quod
2241 1501 2404 1571 plane
2456 1499 2770 1556 confectum
2805 1499 2860 1554 in
2896 1513 2949 1554 νι
2993 1499 3205 1571 synodo
3244 1514 3488 1556 acume-

1911 1592 2058 1647 nica.
2093 1587 2224 1656 Nos,
2261 1605 2385 1660 quae
2427 1590 2480 1643 in
2514 1587 2764 1646 Caietani
2801 1588 3131 1670 sentgmiam
3161 1595 3488 1659 pugnarent,

1915 1683 2222 1748 attulimus,
2261 1690 2322 1735 ut
2361 1690 2515 1736 certe
2563 1696 2670 1736 non
2705 1680 3047 1748 dubitemus,
3089 1681 3246 1752 quin,
3291 1679 3342 1736 si
3376 1680 3491 1734 cla-

1916 1775 2170 1830 rissimus
2198 1773 2283 1828 vir
2311 1773 2488 1827 lucem
2545 1771 2709 1827 hodie
2753 1771 3090 1838 intueretur,
3127 1787 3196 1827 ex
3231 1771 3492 1841 opinions

233 1857 476 1913 mendum
491 1859 530 1939 5
549 1861 776 1932 Aprilis,
805 1875 860 1918 ut
883 1865 1148 1931 ltoniaaa,
1174 1867 1810 1938 Constantinopolitano,
1837 1852 1884 1906 θ
1911 1864 2240 1921 discederet.
2283 1861 2442 1918 Nunc
2487 1877 2616 1918 vero
2657 1877 2758 1932 par
2795 1870 2884 1917 est
2909 1863 3376 1924 demonstremus.
3420 1875 3492 1918 ne

233 1949 594 2011 Alexandrina
638 1953 906 2020 Ecclesia,
944 1959 1024 2012 vel
1060 1958 1092 2012 6
1122 1959 1344 2027 Aprilis,
1377 1968 1435 2015 ut
1466 1959 1806 2018 Antiochena

231 2045 398 2096 sanxit
449 2043 723 2108 Ecclesia,
765 2049 862 2102 sed
918 2051 1114 2117 partim
1163 2050 1215 2116 5,
1263 2052 1461 2120 partim
1504 2053 1536 2106 6
1581 2053 1804 2123 Aprilis.

231 2134 375 2187 Anno
400 2135 633 2208 quidem
663 2139 926 2210 periodi7
953 2150 1007 2196 et
1032 2140 1122 2207 64,
1146 2157 1309 2198 verus
1332 2145 1595 2212 terminus
1611 2145 1728 2202 dies
1749 2147 1804 2214 5,

231 2238 363 2278 anno
391 2225 461 2279 26
488 2239 543 2283 et
582 2229 675 2293 45,
707 2231 822 2286 dies
858 2233 890 2286 6
914 2232 1140 2303 Aprilis.
1167 2236 1272 2290 Sed
1301 2236 1444 2292 enim
1478 2252 1623 2293 anno
1647 2236 1809 2294 Chri-

231 2323 292 2368 sti
327 2315 427 2372 760
470 2319 791 2388 agitabatur
835 2321 1178 2379 Seleucidum
1221 2325 1379 2394 1071,
1419 2327 1514 2396 qui
1543 2328 1574 2381 7
1599 2329 1810 2398 periodi

237 2403 292 2457 l5
314 2403 630 2477 Calippicae,
660 2413 996 2484 proindeque
1023 2413 1296 2488 legitimus
1321 2418 1592 2487 paschalis
1618 2419 1808 2475 termi-

235 2511 324 2568 nus
368 2498 400 2552 5
447 2500 683 2572 Aprilis.
735 2501 853 2557 Jam
897 2505 1292 2564 Justinianusl
1333 2509 1470 2582 Aug.
1515 2513 1806 2582 imperium

234 2587 340 2641 iniit
386 2605 532 2645 anno
574 2593 780 2666 Christi
831 2594 1167 2670 Dionysiano
1201 2599 1324 2666 527,
1370 2617 1558 2659 mense
1603 2606 1806 2672 scxtili,

232 2691 448 2735 exeunte
463 2681 500 2735 2
517 2683 733 2752 periodi
759 2685 824 2739 12
841 2686 1150 2758 Calippicae,
1175 2692 1267 2762 qui
1291 2693 1639 2761 Seleucidum
1665 2696 1804 2764 838;

231 2771 366 2825 exuit
385 2789 518 2828 vero
555 2773 668 2830 fato
689 2779 994 2836 exstinctus
1021 2798 1168 2836 anno
1201 2783 1326 2849 565,
1363 2802 1551 2842 mense
1579 2787 1810 2844 Novem-

233 2859 342 2926 bri;
387 2864 480 2932 qui
517 2881 700 2921 novus
741 2869 799 2922 41
838 2869 1046 2939 periodi
1097 2872 1164 2928 12
1209 2873 1523 2945 ϐαὶίρρίιεω,
1563 2876 1802 2934 Seleuci—

232 2949 349 3006 dum
381 2954 507 3010 877.
545 2958 610 3010 In
643 2959 744 3014 hoc
793 2977 1067 3018 annorum
1120 2967 1394 3022 curriculo
1437 2967 1616 3023 idonei
1651 2971 1810 3026 insti-

233 3049 339 3098 tuto
379 3058 578 3102 nostro
607 3052 896 3119 paschales
943 3055 1161 3110 termini
1209 3073 1330 3114 sese
1367 3059 1604 3114 oll'erunt
1651 3064 1808 3120 anuis

233 3135 424 3247 Eetiodi
459 3140 513 3206 5,
558 3141 616 3247 Ζ,
667 3142 914 3247 10,.15,.
945 3147 1029 3215 18,
1061 3149 1154 3216 21,
1189 3150 1278 3216 21,
1323 3150 1415 3218 29,
1450 3153 1540 3217 52,
1573 3153 1666 3222 57,
1709 3156 1800 3212 40.
1835 3188 1877 3247 c

242 3223 336 3282 Sed
367 3245 513 3288 anno
555 3234 610 3298 5,
646 3236 850 3294 Christi
896 3235 1019 3308 550,
1060 3243 1213 3314 cyclo
1246 3242 1377 3299 solis
1407 3243 1456 3308 7,
1492 3245 1668 3300 littera
1699 3245 1808 3304 Do-

235 3319 460 3377 minicali
507 3325 602 3388 F',
659 3330 930 3386 terminus
993 3333 1046 3388 in
1109 3333 1242 3389 feria
1296 3351 1348 3388 ν.
1401 3335 1544 3408 Ergo
1595 3337 1808 3396 Pascha

233 3409 292 3465 31
331 3412 533 3472 Martii.
587 3419 759 3476 Anno‘
788 3425 844 3491 7,
883 3423 1086 3483 Christi
1116 3427 1242 3492 552,
1280 3431 1432 3500 cyelo
1475 3432 1608 3489 solis
1635 3432 1688 3498 9,
1723 3433 1812 3488 lito

235 3512 337 3596 tera
393 3511 726 3570 Dominicali
779 3513 913 3582 DC,
951 3519 1218 3576 terminus
1272 3521 1323 3576 in
1375 3521 1510 3578 feria
1551 3540 1613 3582 ιι.
1668 3525 1812 3596 Ergo

237 3594 429 3656 Pascha
462 3603 526 3658 lt
559 3603 786 3674 Aprilis.
812 3608 972 3664 Anno
999 3608 1084 3675 to,
1105 3609 1309 3668 Christi
1336 3611 1663 3684 Dionysiano
1679 3594 1808 3684 533,

235 3691 378 3760 cyclo
411 3695 558 3774 solis
607 3695 690 3762 12,
738 3697 918 3754 littera
962 3699 1285 3756 Dominicali
1331 3703 1398 3770 G,
1449 3706 1720 3763 terminus
1753 3707 1810 3764 in

235 3777 357 3837 feria
381 3799 475 3840 vn.
508 3784 660 3857 Ergo
683 3785 896 3844 Pascha
935 3791 969 3845 5
999 3793 1082 3846 vel
1113 3793 1174 3846 10
1207 3793 1411 3864 Aprilis
1446 3795 1594 3866 (nam
1633 3800 1810 3854 nesci-

235 3887 369 3940 mus,
415 3894 548 3948 qua:
594 3877 1100 3954 llierosolymitana:
1148 3887 1406 3944 Ecclesiae
1444 3893 1807 3958 consuetudo,

235 3977 348 4020 cum
376 3969 655 4027 terminus
685 3973 861 4029 exiret
897 3975 950 4030 in
979 3975 1165 4032 feriam
1193 3979 1309 4050 vn).
1341 3980 1501 4036 Anno
1525 3983 1612 4046 13,
1651 3984 1811 4039 Chri—

237 4057 300 4111 sti
330 4060 454 4126 558,
487 4066 647 4134 cyclo
686 4066 818 4122 solis
849 4068 942 4132 15,
973 4069 1150 4126 littera
1173 4071 1492 4128 Dominicali
1521 4073 1588 4138 C,
1622 4078 1812 4132 termi-

237 4163 331 4204 nus
377 4153 430 4207 in
475 4154 617 4209 feria
651 4173 729 4212 ιιι.
781 4157 923 4229 Ergo
956 4159 1222 4217 Paschad
1261 4164 1480 4234 Aprilis.
1531 4166 1692 4222 Anno
1719 4169 1806 4232 18,

237 4237 427 4300 Chriéti
469 4246 604 4311 545,
648 4247 804 4318 cyclo
851 4249 984 4304 solis
1034 4250 1124 4316 20,
1153 4251 1334 4308 littera
1385 4252 1706 4320 Dominicali
1739 4255 1808 4322 D,

239 4335 494 4392 terminus
523 4335 576 4390 in
605 4335 741 4392 feria
761 4355 815 4394 ν.
840 4337 980 4410 Ergo
1000 4338 1213 4397 Pascha
1237 4343 1267 4396 7
1293 4345 1517 4414 Aprilis.
1543 4347 1703 4400 Δωιθ
1717 4347 1812 4410 21,

236 4420 427 4480 Christi
469 4427 602 4494 546,
639 4431 792 4501 cyclo
840 4431 970 4486 solis
1013 4431 1104 4498 25‘,
1153 4433 1330 4488 littera
1380 4435 1699 4493 Dominicali
1741 4436 1807 4502 G,

1908 1954 1994 2010 vel
2036 1953 2209 2008 hilum
2240 1953 2460 2022 quidem
2494 1953 2658 2007 nobis
2687 1951 2892 2022 opponi
2915 1951 3276 2006 Leontianam
3309 1951 3490 2006 histo-

1910 2046 2076 2112 riam,
2106 2045 2239 2116 quin
2263 2045 2470 2116 potius,
2497 2059 2621 2115 quae
2647 2044 2714 2102 ad
2746 2045 2892 2101 hanc
2918 2060 3033 2102 rem
3064 2053 3254 2100 narrat
3276 2043 3487 2108 omnia,

1908 2139 2126 2209 pondus
2158 2137 2358 2194 addere
2387 2137 2776 2208 gravissimum
2827 2136 3139 2197 sententiae,
3175 2149 3337 2206 quam
3386 2149 3488 2189 ex-

1911 2229 2220 2300 posuimus.
2270 2229 2361 2282 Ait
2410 2229 2579 2298 igitur
2629 2227 2918 2292 Leontius,
2960 2226 3312 2298 Gregorium,
3359 2237 3486 2280 eunt

1909 2319 2391 2388 Constantinopoli
2458 2329 2812 2383 versaretur,
2871 2317 3218 2388 Romamque
3279 2317 3493 2388 cogita-

1911 2418 2018 2476 ret,
2052 2423 2084 2464 a
2104 2408 2713 2478 Constantinopolitano
2737 2408 3152 2478 archiepiscopo
3179 2408 3498 2474 detentum;

1910 2501 2212 2571 quominus
2245 2509 2353 2554 tam
2393 2500 2576 2554 subito
2599 2499 2702 2556 iret
2735 2515 2750 2556 :
2783 2499 3054 2556 nefarium
3093 2499 3171 2554 illi
3201 2499 3490 2555 haeretico-

1911 2607 2034 2646 rum
2083 2590 2324 2646 l‘urorem
2376 2591 2682 2656 detexisse,
2731 2591 2824 2660 qui
2876 2591 3085 2662 Sergii,
3131 2591 3296 2662 Cyri,
3335 2591 3489 2646 Pauli

1911 2681 2115 2737 addicti
2143 2681 2392 2751 partibus
2418 2682 2667 2738 tunestas
2704 2681 2761 2736 in
2792 2681 3045 2740 Ecclesia.
3067 2681 3366 2752 tragoedias
3393 2696 3490 2736 ex-

1910 2775 2186 2841 citarant;
2243 2775 2445 2844 quibus
2491 2775 2710 2830 obviam
2757 2775 3020 2842 euttdum,
3069 2789 3244 2845 eoque
3272 2775 3490 2845 iussam

1913 2864 2206 2936 synodum.
2231 2863 2354 2920 iam
2385 2879 2452 2920 ex
2479 2875 2678 2922 nostro
2703 2865 2927 2922 Canone
2947 2865 3196 2936 Gregorii
3223 2867 3491 2922 adventus

1910 2956 2446 3027 Constantinopolim
2496 2957 2729 3028 contigit
2781 2971 2925 3012 anno
2960 2957 3086 3023 678,
3121 2973 3236 3028 quo
3280 2973 3492 3030 ninguit:
3575 2983 3586 2992 -

1911 3051 1990 3104 illi
2027 3057 2262 3119 praeerat
2296 3048 2551 3105 Ecclesiae
2598 3047 2926 3105 Theodorus
2973 3050 3262 3120 piissimus
3323 3059 3492 3120 atque

1911 3143 2258 3200 orthodoxus
2301 3141 2625 3212 episcopus,
2675 3141 2769 3211 qui
2815 3157 2882 3198 eo
2927 3143 3048 3212 ipso
3093 3159 3239 3198 anno
3291 3145 3492 3198 throno

1911 3245 2168 3304 exactus,
2211 3237 2515 3306 subrogato
2560 3233 2796 3306 Georgio
2837 3234 3317 3292 Monethelitarum
3364 3253 3490 3294 cum
3551 3296 3556 3301 _

1911 3345 1992 3395 re,
2041 3337 2158 3384 tuin
2197 3331 2460 3399 dignitate
2495 3328 2764 3400 principe,
2795 3343 3112 3399 quanquam
3161 3330 3383 3386 tandem
3435 3331 3492 3385 in

1911 3423 2124 3494 synodo
2148 3423 2482 3492 sacrilegum
2519 3436 2765 3477 errorem
2797 3423 3048 3494 ejurarit.
3085 3421 3150 3477 Et
3195 3422 3490 3478 conci-lium

1909 3516 2135 3587 quidem
2155 3515 2262 3570 sub
2278 3513 2901 3584 Theodoropatriarcha
2919 3515 3184 3570 indictum
3203 3529 3352 3569 anno
3363 3513 3490 3578 678,

1910 3609 2037 3666 licet
2067 3618 2319 3664 eoactum
2353 3605 2638 3664 desinente
2670 3621 2818 3662 anno
2839 3605 2946 3672 680
2974 3614 3122 3676 patet
3149 3621 3218 3660 ex
3259 3607 3492 3660 Anastae

1911 3700 1981 3760 sii
2003 3699 2266 3758 Romanae
2285 3699 2548 3756 Ecclesiae
2576 3698 2979 3755 hibliothecarii
3009 3697 3348 3764 testimonio,
3375 3697 3494 3752 liae

1912 3797 1967 3852 in
2023 3794 2330 3864 Agathonis
2375 3793 2485 3849 vita
2542 3793 2838 3849 scribentis
2887 3789 3209 3847 :Dederant
3263 3790 3494 3860 piissimi

1909 3889 2174 3960 principes
2201 3885 2608 3950 Constantinus,
2636 3883 2941 3951 Heraclius,
2962 3892 3012 3939 at
3047 3881 3292 3938 Tiberim
3319 3880 3494 3950 Augg.

1913 3983 2121 4036 litteras
2157 3997 2250 4050 per
2285 3978 2668 4048 Epiphaniam,
2691 3978 2786 4048 qui
2829 3984 2948 4030 erat
2971 3962 3042 4031 iis
3083 3973 3384 4048 asecretis,
3423 3971 3492 4025 ad

1910 4071 2144 4135 Danum,
2176 4087 2328 4141 quem
2371 4069 2544 4124 adhuc
2591 4069 2927 4138 superstitem
2965 4063 3494 4134 putabautAgatlto-

1913 4165 1996 4217 nis
2037 4171 2442 4226 antecessorem,
2485 4159 2675 4230 quibus
2718 4157 3096 4222 hortabantur,
3136 4155 3286 4210 uellet
3317 4155 3493 4224 ponti-

1913 4255 2000 4324 [τε
2047 4254 2370 4319 sacerdotes,
2405 4251 2604 4307 aliosve
2642 4252 2704 4306 in
2735 4249 2918 4306 urbem
2966 4251 3164 4320 regiam
3199 4248 3375 4320 legare
3423 4253 3494 4302 ad

1913 4345 2184 4402 Ecclesias
2215 4345 2506 4416 aliquando
2539 4342 2942 4398 consociandas.
2979 4341 3079 4396 liis
3103 4341 3332 4410 acceptis
3355 4341 3496 4410 Aga-

1915 4437 2004 4491 tho
2035 4445 2247 4490 tantum
2286 4451 2393 4490 rem
2430 4436 2664 4506 segnius,
2713 4443 2809 4489 aut
2845 4433 3042 4488 lentius
3084 4432 3344 4501 agendam
3389 4447 3496 4485 non

241 4517 496 4575 terminus
525 4520 580 4575 in
604 4521 738 4576 feria
764 4537 804 4579 t.
832 4524 974 4594 Ergo
992 4522 1206 4580 Pascha
1230 4525 1262 4580 8
1285 4527 1509 4596 Aprilis.
1534 4530 1695 4584 Anno
1715 4529 1805 4596 24,
1841 4529 1884 4586 D
1911 4529 2138 4598 putavit.
2169 4527 2333 4598 Legat
2368 4529 2534 4599 igitur
2577 4527 2839 4596 extemplo
2865 4525 3268 4580 Abundantium
3306 4524 3497 4578 Pater-

236 4605 428 4668 Christi
461 4613 591 4678 549,
641 4616 794 4686 cyclo
838 4617 972 4673 solis
1017 4617 1108 4685 26,
1154 4619 1338 4675 littera
1389 4619 1710 4676 Dominicali
1744 4621 1808 4688 C,

239 4705 496 4762 terminus
559 4707 614 4762 in
663 4707 802 4764 leria
863 4725 923 4764 ιι.
994 4708 1137 4780 Ergo
1211 4709 1424 4780 Pascha
1485 4713 1520 4767 4
1575 4715 1804 4783 Aprilis.

234 4789 387 4850 Anno
433 4797 527 4864 29,
573 4797 779 4856 Christi
823 4801 950 4869 554,
999 4801 1155 4873 cyclo
1206 4803 1337 4858 solis
1381 4803 1438 4867 3,
1483 4803 1658 4858 littera
1707 4807 1814 4862 Do-

237 4884 470 4944 minicali
513 4891 596 4958 ι),
653 4893 920 4948 terminus
977 4892 1033 4946 in
1089 4891 1229 4948 feria
1267 4909 1330 4950 ιι.
1393 4893 1538 4964 Ergo
1588 4895 1806 4952 Pascha

238 4974 269 5028 8
299 4979 522 5049 Aprilis.
567 4982 728 5050 Anno
771 4985 877 5051 52,
933 4985 1138 5042 Christi
1175 4986 1308 5052 557,
1362 4989 1520 5058 cyclo
1568 4989 1703 5045 solis
1739 4991 1808 5054 ti,

241 5068 411 5128 littera
453 5077 781 5134 Dominicali
829 5077 898 5143 G,
949 5081 1222 5136 terminus
1261 5079 1316 5134 in
1366 5079 1500 5134 feria
1543 5096 1618 5135 γι.
1663 5080 1812 5151 Ergo

239 5156 440 5221 Pascha
471 5167 497 5220 1
535 5169 763 5238 Aprilis.
809 5170 972 5226 Anno
1011 5171 1102 5238 37,
1133 5171 1338 5228 Christi
1372 5171 1498 5238 562,
1531 5173 1688 5245 cyclo
1720 5189 1812 5228 so—

239 5251 302 5340 lis
325 5255 409 5318 11,
457 5259 634 5315 littera
667 5261 1000 5321 Dominicali
1039 5263 1105 5332 Δ,
1149 5264 1424 5340 terminus
1467 5265 1522 5320 in
1553 5264 1692 5320 feria
1724 5281 1807 5320 tn.

239 5338 374 5413 Ergo
403 5347 612 5406 Pascha
644 5350 675 5403 7
710 5351 936 5421 Aprilis.
964 5355 1124 5409 Anno
1145 5338 1477 5420 40,.Christi
1503 5354 1628 5420 565,
1657 5355 1820 5427 cyelo

239 5433 366 5492 solis
393 5437 694 5512 14,1iuera
721 5441 1054 5500 Dominicali
1087 5443 1152 5512 D,
1185 5445 1456 5502 terminus
1481 5446 1536 5502 in
1569 5444 1708 5502 feria
1733 5461 1806 5500 tv.

240 5519 374 5596 Ergo
415 5528 626 5593 Pascha
671 5535 705 5588 5
742 5535 970 5604 Aprilis.
1005 5537 1230 5606 Ecquod
1273 5539 1494 5593 tandem
1539 5540 1814 5608 supererit

240 5619 474 5690 “illum,
519 5641 634 5697 quo
684 5628 970 5699 confugiat
1017 5627 1316 5686 Caietanus
1367 5629 1696 5701 Gregorium
1743 5629 1810 5683 ad

244 5703 528 5774 Iustiniani
559 5719 581 5775 l
619 5731 864 5792 tempora
915 5735 1206 5788 revocans,
1260 5737 1390 5778 cum
1427 5733 1537 5779 tam
1577 5721 1812 5778 illustris

245 5800 515 5869 character
559 5811 866 5882 Pasehatis,
913 5813 1060 5885 quod
1105 5813 1504 5882 Hierosolymis
1546 5814 1640 5873 ille
1671 5813 1813 5870 cele-

1913 4637 2147 4684 nensem,
2180 4619 2447 4675 Joannem
2493 4619 2809 4690 Rhegium,
2855 4627 2906 4672 et
2927 4617 3192 4672 Joatmem
3227 4617 3499 4670 Parmen—

1912 4727 2018 4764 sem
2049 4712 2320 4781 episcopos
2343 4751 2357 4774 ,
2393 4709 2723 4766 Theodorum
2755 4719 3008 4779 prscterea
3035 4750 3050 4772 ,
3084 4719 3134 4762 et
3181 4705 3494 4776 Gregorium

1911 4803 2266 4874 presbyteros,
2310 4803 2574 4858 Joannem
2611 4805 2932 4867 diaconum,
2981 4810 3030 4854 et
3080 4799 3494 4856 Constantinum

1912 4892 2314 4960 subdiacouum,
2357 4893 2693 4947 Theodorum
2735 4894 2863 4948 item
2891 4891 3255 4962 presbyterum
3283 4888 3492 4944 Raven-

1913 4995 2112 5050 natem,
2145 4996 2196 5040 et
2235 4987 2524 5042 monachos
2563 4986 2664 5040 Dei
2711 5002 2908 5040 servos.
2945 4983 3148 5038 Abeunt
3183 4983 3494 5038 Constanti-

1912 5079 2166 5148 nopolim,
2199 5079 2264 5132 ab
2305 5080 2622 5148 imperatore
2658 5078 2946 5148 honoriﬁce
2983 5079 3340 5148 accipiuntur,
3379 5093 3494 5132 nta-

1912 5179 2136 5234 nentur,
2183 5185 2250 5224 ac
2291 5185 2384 5238 per
2440 5168 2723 5222 tumultum
2775 5167 3090 5237 turbasque,
3135 5165 3225 5220 sed
3281 5165 3494 5236 placide
3551 5201 3556 5208 -

1913 5263 2283 5331 moderateque
2311 5261 2580 5330 negotium
2609 5261 2936 5330 transigant.
2975 5256 3341 5327 Inter-[uerunt
3365 5273 3494 5326 syn-

1913 5354 2014 5407 odo
2049 5361 2241 5420 prater
2285 5354 2657 5420 imperatorem
2709 5351 2984 5405 Macarius
3023 5349 3400 5411 Antiocltenus,
3443 5359 3492 5402 et

1915 5443 2178 5515 Georgma
2222 5445 2542 5514 patriarcha
2593 5442 3248 5511 Constatuin'opolitanu.
3291 5442 3495 5512 ipsique

1913 5537 2220 5606 «natalicia
2265 5536 2412 5591 sedis
2453 5536 2638 5606 legati,
2663 5543 2713 5588 et
2756 5549 2822 5590 ea:
2849 5533 3066 5590 Oriente
3099 5534 3342 5604 episcopi
3367 5531 3491 5588 150.

1915 5629 2235 5694 Quwsitum,
2263 5637 2324 5682 ut
2351 5631 2716 5698 emplicuretur
2745 5628 3007 5698 apertius,
3051 5635 3122 5682 a'n‘
3155 5629 3276 5683 duc
3297 5626 3406 5680 sint
3437 5627 3496 5679 in

1915 5721 2128 5776 Christo
2184 5719 2409 5774 {remitto
2462 5721 2785 5774 voluntates.
2847 5718 2968 5774 Jam
3026 5719 3200 5790 igitur
3247 5732 3494 5774 acume-

1916 5814 2038 5871 nica
2071 5829 2123 5868 νι
2155 5813 2419 5884 synodus,
2451 5829 2558 5886 qua
2590 5813 2662 5869 de
2691 5813 2882 5870 scribit
2907 5811 3259 5879 Anastasius,
3287 5808 3496 5868 indicta
