3930 6448
429 407 562 474 1207

1308 425 1406 484 DE
1445 425 1704 484 .‘ETATE
1745 421 1816 486 s.‘
1845 427 2221 488 causeam
2252 407 2766 497 AGRIGENTIl‘iI

3524 429 3670 513 1.90.3

417 525 522 577 sub
551 522 704 620 Dono
735 523 994 620 Romana:
1025 518 1284 584 Ecclesiae
1314 533 1600 601 pontiﬁce,
1635 535 1724 589 cui
1755 551 1874 589 eam
1915 538 1982 590 ad
2012 548 2060 598 Α
2154 537 2345 594 XXVI.
2405 541 2547 614 Ergo
2606 545 2831 616 subjicii
2855 589 2868 612 ,
2935 545 3240 602 Romanum
3295 546 3614 620 episcopum
3641 590 3663 618 ,

419 629 534 668 rem
567 616 782 685 scriptae
808 615 1002 674 litterae
1023 660 1038 684 ,
1075 635 1197 690 quae
1228 631 1412 678 tamen
1449 623 1678 680 Romam
1709 643 1817 682 non
1853 627 1984 682 alla-

417 715 506 768 tte,
555 700 659 760 nisi
709 707 830 777 ipso
879 709 992 764 vita
1026 711 1309 776 defuncto,
1363 715 1520 784 sique
1561 715 1746 776 Donus
1792 706 1984 774 exces;

417 795 490 848 sit
530 811 582 850 Iv
623 797 750 851 ldus
791 799 992 867 Aprilis
1038 803 1169 855 anni
1199 801 1324 874 678,
1365 791 1490 874 quis
1537 807 1816 875 negaverit
1846 805 1985 860 indi-

414 893 556 940 ctam
598 888 869 958 synodum
919 891 1019 945 hoc
1049 893 1166 962 ipso
1201 908 1365 958 anno,
1399 911 1510 966 quo
1550 885 1877 952 Theodorus
1919 898 1985 952 ad

415 977 784 1048 gubernacula
837 979 1459 1053 Constantinopolitanae
1506 986 1763 1058 Ecclesiae
1805 987 1988 1043 adhuc

414 1068 680 1125 sedebat?
720 1071 1017 1128 Panvinius
1054 1075 1106 1128 in
1147 1075 1277 1129 Chr.
1324 1075 1468 1130 Eccl.
1506 1077 1855 1147 Theodorum
1889 1095 1986 1149 pa-

415 1161 774 1230 triarchatum
805 1164 996 1219 iniisse
1037 1165 1232 1220 scribit
1260 1182 1405 1222 anno
1437 1167 1563 1234 680,
1609 1184 1843 1241 eumque
1871 1157 1987 1240 ges-

377 1251 561 1314 _sisse
601 1268 776 1310 annos
829 1254 886 1320 2,
951 1269 1170 1312 menses
1199 1257 1253 1311 3.
1314 1257 1640 1329 Quanquam
1685 1262 1886 1328 isthuc,
1937 1263 1985 1318 si

411 1342 635 1410 quidem
664 1359 877 1410 verum,
923 1347 1132 1402 nullum
1167 1350 1451 1404 sententiae
1480 1360 1681 1407 nostra:
1717 1351 1986 1423 iniligeret

413 1435 648 1498 vulnus;
715 1435 772 1490 in
821 1449 1076 1508 promptu
1135 1441 1280 1494 enim
1338 1439 1482 1494 foret
1529 1444 1728 1509 dicere,
1768 1446 1986 1501 venisse

411 1527 636 1596 quidem
679 1527 1214 1600 Constantinopolim
1259 1530 1582 1602 Gregorium
1637 1550 1786 1590 anno
1843 1535 1982 1602 678,

413 1618 512 1674 sed
565 1637 596 1675 a
653 1621 945 1688 Theodoro
992 1623 1269 1684 detentum
1313 1640 1462 1680 anno
1511 1625 1646 1689 680,
1691 1628 1984 1702 quominus

413 1711 642 1766 Romam
694 1714 908 1781 abiret;
962 1715 1314 1772 dissimulare
1363 1727 1543 1772 tamen
1581 1733 1688 1772 non
1729 1733 1980 1789 possum,

409 1804 626 1875 egregie
669 1805 722 1859 in
755 1821 822 1862 eo
859 1805 1059 1860 falsum
1090 1807 1437 1862 llanvinium.
1477 1808 1693 1880 Etenim
1725 1811 1771 1865 si
1804 1809 1982 1866 Theo-

2087 631 2289 712 quippe
2335 633 2611 702 aII‘ectum,
2657 638 2863 709 synodo
2908 637 3150 694 libellum
3193 640 3409 696 misisse
3443 643 3666 711 propria

2085 721 2252 792 310
2277 740 2436 778 manu
2458 729 2818 796 conscriptum
2855 731 2920 783 de
2948 733 3212 794 sententia
3245 733 3667 800 ortltpdoxarum

2088 801 2392 869 entistitum
2434 817 2606 882 ipsius
2633 818 2810 872 locum
2833 821 3176 886 serpentium.
3203 821 3343 889 Quid
3384 825 3566 880 Verius
3592 824 3670 882 de

2086 904 2368 974 Agathone
2392 908 2496 962 dici
2530 910 2808 978 potuerit?
2840 909 2939 966 ﬂic
2967 913 3249 968 enimvero
3275 913 3482 980 legatos
3511 913 3670 980 misit

2086 993 2499 1063 Abundantium
2553 999 2962 1068 Paternensem.
3005 1002 3272 1059 Joannem
3325 1002 3665 1073 Rheginum,

2085 1091 2139 1152 et
2165 1081 2428 1148 Joannem
2458 1089 2815 1158 Portuensem
2863 1093 3171 1163 episcopos,
3208 1095 3302 1164 qui
3344 1094 3428 1149 sui
3467 1108 3669 1164 perso-

2087 1189 2211 1241 nam
2268 1175 2324 1230 in
2377 1179 2590 1249 synodo
2635 1190 2921 1254 gererent,
2972 1183 3248 1255 simulque
3298 1183 3616 1255 synodicam
3645 1223 3665 1251 ,

2086 1269 2174 1320 cui
2207 1267 2311 1322 120
2344 1271 2584 1342 episcopi
2625 1273 2969 1343 patriarchize
3011 1291 3125 1338 suae
3169 1277 3667 1332 obnoxii'subscri-

2086 1373 2264 1428 pscre,
2302 1361 2380 1415 uti
2417 1365 2582 1417 modo
2616 1363 2872 1420 laudatus
2902 1367 3232 1422 Anastasius
3263 1365 3450 1428 tradit.
3479 1364 3669 1430 Maca-

2088 1447 2224 1498 rium
2249 1463 2368 1502 vero
2393 1451 2734 1517 pertinacem,
2767 1467 2859 1505 nec
2889 1452 2958 1504 ad
3001 1452 3314 1521 synodich
3339 1453 3661 1530 Agathonis,

2087 1539 2173 1590 cui
2202 1537 2626 1625 subscripserunt
2671 1540 2976 1596 Occidentis
3013 1543 3244 1612 episcopi
3279 1543 3402 1611 120,
3445 1545 3664 1613 acquiee

2085 1638 2336 1693 scentem,
2378 1628 2854 1696 anathematizant,
2906 1644 2936 1682 e
2964 1631 3163 1698 synodo
3203 1628 3510 1699 exturbant,
3553 1625 3664 1698 Re:

2087 1733 2330 1787 mamque
2357 1733 2476 1771 cum
2513 1719 2626 1772 suis
2655 1719 2876 1786 ejiciunt
2907 1719 2962 1771 in
2991 1719 3261 1772 exsilium.

2161 1806 2368 1864 XXVII.
2413 1809 2490 1866 Ea
2534 1809 2588 1864 in
2633 1811 2843 1881 synodo
2888 1809 3151 1882 Gregorio
3192 1820 3383 1866 nostro
3431 1809 3666 1866 deman-

409 1895 580 1950 dorus
619 1911 792 1950 annos
840 1897 896 1964 2,
945 1911 1164 1952 menses
1215 1899 1268 1962 5,
1321 1876 1982 1976 Constantinopolitanam
2016 1876 2227 1968 Bdata
2281 1909 2464 1968 partes
2509 1876 2752 1972 episcopi
2805 1876 3044 1970 Serdicae
3087 1901 3425 1958 Constantia:
3471 1902 3661 1978 Cypri,

412 1996 554 2040 restt
575 1985 904 2055 Ecclesiam,
937 1988 984 2044 si
1008 1989 1253 2059 pontifex
1293 1991 1447 2046 audit
1473 2006 1621 2046 anno
1641 1991 1765 2059 680,
1795 2009 1984 2050 conse-

408 2091 586 2142 quens
637 2085 743 2140 est,
796 2087 1051 2132 exactum
1106 2079 1256 2134 illim
1313 2081 1634 2149 pontiﬁcatu
1679 2097 1824 2135 anno
1856 2079 1981 2147 682.

405 2166 578 2237 Atqui
598 2177 755 2222 extra
782 2169 1173 2222 controversia:
1206 2169 1381 2223 aleam
1411 2168 1650 2238 positum
1681 2177 1787 2236 est,
1815 2167 1985 2231 Geor—

398 2259 558 2330 gium
618 2260 989 2332 patriarcham
1048 2260 1260 2332 synodo
1316 2260 1644 2331 praefuisse,
1711 2275 1834 2329 quae
1899 2262 1984 2316 in-

406 2351 603 2408 choata
635 2367 708 2406 vn
758 2351 887 2407 Idus
931 2350 1266 2408 Novembres
1304 2352 1430 2406 anni
1483 2351 1608 2420 680,
1657 2339 1817 2424 desiit
1851 2365 1982 2410 vero

406 2459 552 2498 annuo
579 2443 705 2500 681.
749 2444 857 2499 Aut
883 2445 1048 2514 igitur
1086 2437 1200 2499 uno
1256 2444 1562 2514 eodemque
1595 2451 1840 2512 tempore
1875 2437 1993 2506 duo'

407 2535 464 2588 in
497 2532 1121 2604 Constantinopolitanae
1146 2532 1405 2588 Ecclesiae
1431 2533 1690 2592 cathedra
1721 2531 1985 2594 sedebant

405 2626 673 2696 episcopi,
703 2635 799 2690 aut
835 2618 1065 2683 omnino
1095 2624 1295 2680 falsum
1336 2625 1486 2694 quod
1511 2625 1580 2680 de
1617 2640 1762 2683 anno
1791 2639 1982 2682 susce-

406 2718 485 2787 pti
520 2733 554 2771 ι
590 2716 879 2773 Theodoro
907 2714 1264 2786 pontiﬁcatus
1297 2716 1470 2771 sensit
1515 2713 1839 2771 Panvinius.
1875 2715 1982 2786 Ita-

405 2798 517 2881 que
567 2809 792 2880 explosa
839 2809 962 2880 ejus
1007 2807 1292 2877 opinione,
1341 2807 1556 2861 illorum
1608 2807 1982 2862 inhaerendum

404 2901 676 2971 vestigiis,
715 2901 809 2971 qui
858 2908 1131 2972 statupnt,
1177 2899 1500 2969 pontiﬁcatu
1531 2898 1764 2969 ejectum
1799 2897 1982 2955 Theo-

315 3016 321 3022 ·
405 2993 602 3048 dorum
647 3006 793 3046 anno
839 2989 967 3058 678,
997 2975 1160 3060 οῗιθπι
1207 2989 1404 3064 iterum
1457 2989 1656 3044 adierit
1698 3001 1844 3062 anno
1878 2987 1984 3044 685

407 3081 798 3136 mortalitatem
810 3122 815 3126 .
828 3091 992 3141 exuto
1012 3081 1268 3152 Georgio.

2084 1991 2284 2060 quippe
2306 1991 2400 2061 qui
2425 1993 2618 2047 morbo
2643 2002 2955 2064 urgeretur.
2985 1993 3051 2060 Et
3081 2008 3215 2050 vero
3233 1993 3534 2065 quominus
3555 1993 3666 2063 hac

2085 2066 2404 2150 tempestate
2443 2081 2779 2138 Constantia:
2805 2082 2989 2155 Cypri,
3019 2093 3074 2139 et
3101 2082 3344 2140 Sardicte
3365 2083 3662 2154 episcopus

2085 2185 2228 2225 unus
2263 2169 2519 2245 idemque
2563 2169 2752 2242 fuerit,
2793 2173 3066 2242 adaptatis
3091 2173 3304 2241 scilicet
3338 2157 3420 2228 ad.
3440 2181 3662 2248 tempus

2084 2275 2113 2314 a
2142 2259 2455 2317 Sardicensi
2501 2261 2740 2318 Ecclesia
2771 2261 3216 2320 Constantiensis
3250 2263 3494 2335 jurihus,
3521 2261 3660 2333 nihii

2083 2365 2226 2421 est,-
2269 2354 2415 2424 quod
2472 2354 2784 2428 prohibeat.
2847 2353 3059 2412 Etenim
3117 2370 3264 2410 anno
3313 2355 3348 2410 8
3421 2351 3656 2409 Heraclii

2081 2447 2400 2504 Constantis
2429 2445 2473 2501 lI
2513 2447 2682 2522 Aug.,
2729 2446 2934 2506 Christi
2983 2446 3314 2518 Dionysiano
3358 2445 3488 2518 648,
3533 2445 3656 2500 Bar-

2085 2540 2204 2595 bari
2248 2539 2390 2595 duce
2435 2537 2692 2596 Muhavia
2719 2539 2940 2612 Egypti
2986 2539 3198 2607 Amira,
3239 2539 3336 2611 qui
3376 2539 3656 2610 deinceps,

2083 2633 2352 2696 exstincto
2378 2631 2643 2699 libamen,
2675 2635 2792 2688 sive
2817 2631 3372 2698 0thm_ano,Arabum
3397 2629 3440 2684 Υ
3467 2633 3662 2685 Amer-

2083 2724 2930 2797 mumncs.(Amiralomumanin
2971 2725 3076 2796 ipsi
3127 2724 3370 2792 vocant),
3414 2723 3664 2795 Cyprum

2083 2813 2320 2869 insulam
2367 2815 2649 2883 invasere,
2703 2801 3035 2882 Christianis
3083 2815 3209 2870 inde
3263 2814 3522 2870 omnibus
3563 2813 3662 2867 de-

2081 2906 2260 2978 pulsis
2286 2905 2556 2978 (Thcopb.
2587 2907 2640 2961 in
2677 2906 2807 2962 Chr.
2827 2907 2866 2978 ),
2901 2905 3078 2976 quiin
3110 2903 3318 2976 patrios
3349 2904 3502 2961 focos
3545 2918 3662 2964 non

2083 2997 2322 3067 reversi,
2345 2998 2452 3052 nisi
2483 3011 2630 3052 anno
2661 2999 2684 3052 1
2718 2995 3020 3063 Justiniam
3051 2997 3392 3053 Rhinotmeti
3419 2995 3480 3054 Il.
3505 2995 3663 3051 Hab—

2083 3087 2352 3158 d-imelech
2401 3087 2646 3154 Arabum
2693 3086 3104 3156 Amerinumnh
3129 3083 3268 3149 VIII,
3291 3082 3499 3138 Christi
3529 3078 3662 3154 685,

477 3172 646 3228 XXV.
686 3171 878 3244 Neque
901 3187 1050 3240 vero,
1073 3174 1221 3244 quod
1261 3180 1454 3228 auctor
1485 3172 1746 3229 Breviarii
1777 3173 1984 3246 Grego-
2009 3211 2052 3271 ε
2085 3192 2198 3248 quo
2224 3178 2368 3234 inter
2395 3186 2659 3246 utrosque
2683 3175 2963 3246 principes
2989 3190 3095 3250 pax
3127 3175 3260 3230 inita
3289 3173 3360 3228 lis
3391 3170 3665 3271 conditiq-

409 3266 579 3320 rianai
619 3263 763 3320 Vita;
803 3264 1042 3332 scribat,
1095 3264 1332 3334 Georgio
1371 3263 1984 3336 Constantinopolitanae

409 3356 670 3413 Ecclesia
711 3355 838 3424 jura
880 3357 1062 3421 dante,
1100 3354 1426 3426 Gregorium
1475 3364 1726 3418 nostrum
1773 3355 1981 3424 regiam

411 3449 602 3504 urbem
655 3447 911 3518 petiisse,
967 3441 1264 3512 consilium
1324 3455 1546 3500 mutem.
1598 3444 1766 3500 Multa
1803 3459 1868 3500 ea
1927 3445 1984 3499 in

405 3544 646 3610 epitome
682 3547 1100 3610 percensentur,
1123 3553 1248 3610 quae
1287 3538 1357 3600 ab
1390 3537 1612 3594 Leontii
1633 3539 1987 3593 Commenta-

409 3635 542 3698 rio,
591 3631 818 3704 proinde
876 3647 908 3686 a
953 3645 1084 3686 vero
1139 3630 1446 3686 discedunt.
1495 3631 1586 3684 Ait
1633 3631 1987 3701 epitomastes

405 3727 734 3798 Gregorium
777 3727 845 3782 18
876 3734 1128 3796 agentem
1171 3738 1378 3780 annum
1419 3723 1568 3779 clero
1604 3725 1904 3793 ascrime
1954 3739 1986 3778 a

409 3819 734 3876 Potamione
759 3817 1241 3888 Agrigentinorum
1271 3817 1528 3886 episcopo
1559 3833 1573 3870 :
1603 3815 1698 3871 sed
1725 3815 1992 3870 Leontius

413 3918 686 3965 memorat
725 3908 935 3963 factum.
964 3905 1166 3968 isthuc,
1203 3919 1326 3960 cum
1357 3904 1530 3960 annos
1577 3905 1665 3958 ille
1703 3913 1867 3969 natus
1898 3903 1986 3969 I2,

417 4015 564 4056 anno
593 4015 722 4054 vero
759 3998 827 4054 18
855 4013 886 4053 e
916 3999 1086 4068 patria
1119 3997 1448 4066 excessisse.
1483 3995 1698 4064 Excipit
1725 3996 1990 4064 epitoma-

414 4103 550 4158 stes,
597 4091 922 4162 Gregorium
977 4092 1117 4160 apud
1166 4089 1408 4143 Marcum
1453 4089 1702 4142 abbatem
1741 4089 1776 4140 4
1815 4101 1990 4142 annos

415 4188 749 4240 diversatum
784 4182 1148 4252 Carthagine,
1185 4196 1215 4236 a
1246 4195 1368 4251 quo.
1393 4197 1548 4236 sacra
1588 4179 1877 4248 disciplina
1909 4179 1992 4233 in-

417 4279 662 4334 stitutus.
701 4275 906 4330 Verum
949 4273 1212 4328 Leontius
1249 4274 1384 4328 nihil
1429 4273 1535 4328 tale
1573 4271 1860 4342 significat,
1895 4269 1991 4327 sed

415 4370 825 4440 quatriennium
857 4369 958 4421 hoc
988 4377 1239 4422 exactum
1265 4365 1446 4436 prodit
1469 4365 1523 4419 in
1551 4364 1764 4418 Oliveto
1783 4371 1991 4428 monte,

419 4472 704 4532 postquam
742 4459 1136 4530 Hierosolymis
1173 4458 1352 4527 primo
1393 4455 1706 4526 emigravit,
1737 4454 1830 4509 ubi
1863 4468 1992 4510 vere

2085 3271 2269 3330 nibus,
2301 3283 2442 3340 quas
2467 3265 2835 3336 Theophanes
2875 3267 3076 3320 recitat
3101 3265 3169 3320 ad
3197 3278 3403 3319 annum
3433 3263 3457 3315 1
3487 3261 3664 3318 Justi-

2085 3357 2257 3416 niani.
2296 3356 2442 3412 Inter
2481 3355 2728 3424 reliquos
2769 3364 3018 3410 extorres
3054 3351 3294 3408 Joannes
3323 3349 3665 3406 Constantia

2089 3450 2536 3520 archiepiscolius
2577 3453 2970 3501 annumeratus
2997 3488 3012 3513 ,
3063 3435 3159 3516 qui
3207 3441 3439 3514 proinde
3495 3439 3664 3496 titulo

2087 3549 2250 3594 tenus
2298 3537 2743 3606 archiepiscOpus
2789 3535 3178 3603 usurpabatur.
3225 3531 3468 3588 Hoccine
3531 3543 3666 3584 vero

2086 3631 2296 3688 diutius
2349 3629 2658 3692 ferendum,
2709 3641 2876 3697 quum
2926 3625 3276 3696 putissimum
3327 3623 3384 3689 in
3437 3621 3666 3678 Oriente

2089 3737 2211 3778 mos
2247 3719 2602 3785 increbuerit,
2649 3728 2707 3774 ut
2734 3717 3028 3773 devastatis
3068 3715 3436 3770 Barbarorum
3476 3711 3668 3768 furore

2087 3817 2356 3880 ecclesiis,
2413 3830 2536 3886 quae
2591 3813 2958 3884 principatum
3013 3811 3068 3866 in
3114 3809 3502 3880 provinciales.
3550 3807 3668 3862 sive

2089 3907 2409 3962 dimceticas
2453 3913 2688 3972 gereret,
2729 3901 2850 3972 ejus
2875 3901 3001 3971 jura
3033 3901 3087 3954 in
3127 3900 3290 3954 aliam
3332 3899 3667 3953 transcribe-

2089 3997 2316 4072 reu'tur?
2361 3997 2498 4051 Ecce
2529 4009 2696 4060 anno,
2735 4007 2844 4064 quo
2875 3992 3138 4064 synodus,
3177 3993 3245 4046 de
3271 4006 3381 4061 qua
3427 3989 3664 4060 agimus.

2091 4091 2312 4156 habita,
2366 4104 2398 4146 e
2460 4087 3074 4159 Constantinopolitana
3141 4083 3476 4156 patriarchia
3541 4080 3670 4136 Hel-

2091 4185 2372 4254 lespontus
2412 4184 2693 4252 provincia
2721 4183 2934 4247 avulsa,
2977 4197 3153 4251 caque
3176 4179 3377 4252 Joanni
3403 4177 3671 4252 Constan-

2093 4276 2182 4332 tiae
2219 4275 2635 4344 archiepiscopo
2673 4273 2956 4336 attributa,
3007 4270 3100 4326 ubi
3149 4269 3313 4340 jura,
3363 4268 3566 4339 quibus
3613 4267 3671 4321 in

2093 4367 2274 4437 Cypro
2331 4379 2498 4426 usus.
2548 4371 2848 4418 exerceret.
2901 4361 3146 4418 Canonis
3205 4359 3313 4424 39,
3366 4372 3477 4430 quo
3538 4355 3672 4410 illud

2099 4468 2372 4524 sanctum,
2405 4459 2520 4513 lucc
2542 4457 2744 4516 verba:
2772 4455 2880 4509 Teii
2908 4452 3161 4523 ἀδελφοῦ,
3199 4452 3295 4507 καὶ
3329 4449 3672 4520 συλλειτουρ-

418 4556 562 4626 apud
605 4555 801 4609 Senem
847 4550 1134 4620 quemdam
1179 4547 1479 4603 ascetam.‘
1521 4545 1654 4601 vivit
1685 4560 1882 4608 annos,
1922 4545 1989 4600 ab

2094 4549 2194 4620 γοῦ
2233 4551 2391 4620 ἡμῶν
2442 4550 2686 4604 Ἰωάννου
2733 4546 2829 4601 τοῦ
2887 4547 2987 4616 τῆς
3025 4544 3278 4616 Κυπρίου
3323 4543 3494 4615 νήσου
3537 4557 3676 4610 προσ

419 4662 597 4716 eoquc
649 4645 866 4700 divinas
919 4656 1007 4695 res
1056 4639 1321 4704 edoctus.'
1367 4637 1533 4692 Addit
1589 4638 1990 4705 epitomastes,

418 4739 741 4810 Gregorium
771 4752 882 4790 una
911 4747 1034 4789 cum
1061 4731 1246 4786 Marco
1277 4729 1611 4800 Carthagine
1645 4725 1990 4782 Antiochiam

418 4832 745 4903 profectum,
778 4837 942 4899 atque
976 4825 1111 4880 inde
1139 4823 1538 4892 Hierosolyma,
1581 4821 1728 4874 ubi:
1755 4817 2006 4878 Macario.

420 4927 681 4996 episcopo
737 4923 883 4976 inter
929 4919 1191 4972 diaconos
1247 4915 1569 4985 repositus:
1608 4919 1666 4965 at
1725 4910 1870 4965 enim
1927 4924 1994 4962 ex

419 5017 656 5073 Montio
696 5021 930 5078 constat,
965 5025 1244 5080 nunquam
1277 5005 1602 5078 Gregorium
1644 5018 1770 5057 cum
1812 5000 2000 5057 Marco
2041 5028 2045 5032 ν

421 5109 620 5166 abbate
644 5105 1004 5163 Antiochiam
1041 5102 1320 5161 invisisse,
1364 5099 1461 5154 sed
1506 5095 1715 5166 adiisse
1755 5101 1993 5157 tantum,

423 5212 712 5272 postquam
765 5193 1162 5266 Hierosolymis
1211 5188 1455 5246 secundo
1491 5187 1800 5256 digressus,
1853 5182 1998 5239 Con-

424 5291 838 5360 stantinopolim
875 5285 1246 5358 profecturus.
1275 5281 1409 5336 Tam
1450 5279 1622 5335 multa
1649 5289 1773 5332 cum
1818 5276 2000 5330 tradat

421 5385 817 5456 epitomastes,
875 5394 998 5450 quae
1032 5391 1164 5432 vero
1239 5373 1384 5429 haud
1436 5371 1641 5434 aﬂinia,
1687 5371 1734 5424 si
1776 5367 2000 5438 quidem

425 5477 794 5533 certissimam
820 5474 980 5530 ﬁdem
1010 5471 1331 5527 Leontiana
1363 5463 1608 5523 historiae
1634 5460 2001 5525 vindicamus,

426 5569 510 5626 uti
583 5568 704 5623 sine
770 5565 942 5624 dubio
993 5562 1360 5626 vindicanda,
1421 5557 1518 5630 qui
1589 5553 1670 5610 illi
1737 5550 2010 5622 astipuler.

427 5656 760 5728 perhibenti,
803 5651 1428 5723 Constantinopolitanae
1459 5643 1714 5700 Ecclesiae
1741 5642 2001 5698 thronum

429 5749 701 5805 insedisse
727 5731 1044 5818 Georgium,
1073 5760 1196 5798 cum
1227 5739 1526 5810 Gregorius
1563 5733 1768 5805 regiam
1813 5731 2001 5788 urbem

436 5839 754 5918 ingressus?
785 5836 891 5892 Sed
921 5837 986 5892 ad
1011 5833 1300 5894 Leontium
1333 5830 1502 5903 redeo.
1573 5877 1581 5884 ,

2095 4645 2274 4716 ἐδρου.
2307 4642 2422 4712 ἅμα
2449 4641 2527 4714 τῷ
2577 4641 2762 4712 οἰκείῳ
2811 4640 2926 4711 λαῷ
2975 4639 3072 4691 ἐπὶ
3105 4639 3205 4708 τὴν
3259 4633 3678 4706 Ἑλλησπόντιον

2097 4736 2389 4806 ἐπαρχίαν,
2445 4734 2534 4788 διά
2562 4751 2622 4788 τε
2672 4733 2766 4786 τοῦ
2819 4723 3164 4804 βαρϐαρικοῦ
3201 4729 3447 4800 ἐφόδους,
3495 4727 3589 4780 διά
3616 4743 3675 4780 τε

2096 4828 2156 4880 τὸ
2205 4827 2306 4895 τῆς
2347 4823 2568 4894 ἐθνικῆς
2617 4823 3054 4894 ἔλευθερωθῆναι
3100 4822 3382 4885 δουλείας,
3433 4821 3531 4873 καὶ
3577 4836 3677 4872 κα-

2097 4917 2278 4988 θαρῶς
2317 4917 2429 4978 τοῖς
2483 4917 2786 4988 σκήπτροις
2825 4914 2922 4969 τοῦ
2945 4911 3486 4984 Χριστιανικωτὰτου
3536 4909 3676 4980 κρά-

2096 5024 2232 5070 τους
2281 5006 2622 5075 ὑποταγῆναι
2650 4999 2695 5072 ,’
2729 5007 2828 5077 τῆς
2889 5006 3190 5078 εἰρημένης
3243 5001 3678 5074 μεταναστάντος

2097 5093 2284 5167 νήσου,
2331 5097 2560 5168 προνοίᾳ
2587 5095 2680 5150 τοῦ
2709 5095 3096 5165 φιλανθρώπου
3129 5093 3290 5154 Θεοῦ,
3342 5091 3439 5145 καὶ
3489 5090 3677 5175 μόχθῳ

2097 5189 2193 5246 τοῦ
2233 5191 2583 5261 φιλοχρίστου
2618 5193 2711 5244 καὶ
2747 5175 3006 5252 εὐσεϐοῦς
3033 5188 3194 5260 ἡμῶν
3227 5187 3493 5258 βασιλέως
3551 5201 3680 5238 συν-

2099 5283 2317 5354 ορῶμεν
2345 5283 2486 5337 ὥστε
2524 5282 2928 5352 ᾲκαινοτόμητα
2962 5278 3398 5348 διαφυλαχθῆναι
3419 5279 3492 5329 τὰ
3525 5274 3680 5344 παρὰ

2098 5376 2210 5430 τῶν
2241 5378 2298 5429 ὲν
2337 5363 2548 5446 Ἐφέσῳ
2583 5375 2644 5428 τὸ
2689 5375 2954 5445 πρότερον
2995 5371 3358 5426 συνελθόντων
3403 5368 3687 5438 θεοφόρων

2103 5469 2365 5540 Πατέρων
2417 5467 2497 5539 τῷ
2538 5467 2716 5538 θρόνῳ
2777 5464 2874 5520 τοῦ
2927 5461 3428 5536 προγεγραμμένου
3489 5457 3679 5530 ἀνδρὸς

2106 5560 2522 5632 παραηεθέντα
2547 5559 2820 5632 προνόμια
2840 5576 2855 5591 ο
2892 5558 3036 5613 ὥστε
3061 5546 3162 5628 ἑὴν
3191 5555 3318 5609 νέαν
3367 5553 3678 5607 Ἰουστινια-

2105 5651 2359 5706 νούπολιν
2395 5650 2458 5704 τδ
2483 5650 2691 5704 δίκαιον
2719 5649 2806 5720 [xc
2815 5667 2865 5702 ιν
2895 5647 2996 5720 τῆς
3028 5641 3678 5704 Κωνσταντινουπόλεως,

2106 5743 2201 5797 καὶ
2229 5741 2323 5795 τὸν
2372 5743 2459 5794 ἐπ’
2489 5742 2628 5810 αὐτῇ
2657 5740 3052 5808 καθιστάμενον
3098 5734 3514 5804 Θεοφιλόστατον
3559 5732 3672 5788 ἐπί·

2110 5848 2311 5886 σκοπον
2334 5833 2562 5890 πάντων,
2575 5829 2920 5903 προεδρεύειν
2955 5829 3050 5898 τῆς
3067 5826 3475 5895 Ἑλλησπόντιον
3506 5829 3674 5896 inap-
