3930 6376
300 419 438 486 1209

1695 433 2219 494 DISSERTATIU.

3428 431 3577 498 1210

298 547 442 601 χιας,
480 527 694 582 καὶῦιὼ
720 527 1064 584 τῶνοίκείων
1094 531 1415 588 ἐπισκόπων
1453 536 1878 606 χειροτονεῖσθαι
1909 550 1952 600 Α
1983 557 2086 608 μου
2099 543 2226 610 μνῇ,
2262 539 2350 593 ἴνα
2385 539 2475 592 τὸν
2513 541 2572 594 ὲν
2607 540 2788 612 Συρίᾳ
2816 541 2950 596 ὄντα
2975 540 3104 594 λαδν
3129 541 3228 610 τῆς
3260 541 3428 612 νήσου
3456 543 3572 596 Κύο

297 623 440 676 κατὰ
454 623 554 692 τήν
569 622 802 693 ἀρχαίαν
824 623 1250 695 συνήθειαν.Ηο‹;
1267 636 1348 680 est
1372 647 1384 682 :
1407 626 1600 682 Fratre
1615 638 1664 683 et
1678 629 1878 700 collega

297 723 481 768 nostro
503 713 711 768 Joanne
743 716 905 786 Cypri
923 716 1314 788 archiepiscopo
1330 737 1434 772 una
1465 737 1583 774 cum
1612 721 1754 790 plebe
1781 739 1881 776 sua

297 803 356 856 in
377 802 782 873 Hellespontum
811 809 1158 874 provinciam,
1195 817 1247 860 et
1274 818 1488 876 propter
1518 808 1880 864 Barbarorum

298 893 650 957 incursiones,
681 903 730 948 et
770 904 826 948 ut
873 897 938 949 ab
983 898 1312 950 ethnicorum
1357 901 1674 954 eximeretur
1715 902 1881 955 servi-

305 993 439 1048 tute,
472 997 778 1055 sceptroque
819 997 1028 1040 tantum
1062 987 1508 1065 Christianissimi
1546 993 1755 1060 imperii
1789 1007 1883 1058 pa-

295 1083 471 1140 reret,
519 1077 666 1130 dicta
713 1094 780 1130 ea:
825 1079 1002 1132 insula
1051 1089 1412 1150 transgresso,
1463 1081 1735 1136 clementis
1787 1082 1884 1136 Dei

292 1169 653 1236 providentia,
689 1187 944 1243 operaque
976 1171 1249 1228 Christum
1284 1176 1517 1230 amantis
1575 1177 1752 1246 piique
1784 1175 1884 1228 im-

291 1261 560 1326 peratoris
589 1264 780 1328 nostri,
810 1263 1158 1328 decrevimus,
1190 1275 1246 1318 ut
1274 1266 1433 1334 ﬁrma
1461 1276 1732 1333 maneant,
1767 1284 1883 1339 qua:

291 1350 369 1402 ab
419 1353 620 1406 sanctis
656 1353 909 1410 l’atribus
942 1355 1135 1424 Ephesi
1167 1357 1293 1410 olim
1331 1361 1661 1429 congregatis
1697 1361 1883 1413 throno

292 1440 517 1496 laudati
563 1444 946 1514 archiepiscopi
990 1463 1239 1502 concessa
1278 1458 1400 1502 sunt
1439 1450 1738 1518 privilegia,
1785 1453 1880 1503 ha-

295 1533 528 1605 beatque
570 1552 707 1591 nova
741 1535 1188 1608 Justinianopolis
1227 1541 1321 1608 jus
1367 1538 1880 1610 Constantinopolis,

295 1625 500 1694 quique
557 1627 640 1681 illi
696 1629 978 1698 impositus
1039 1631 1411 1685 sanctissimus
1463 1633 1736 1701 episcopus
1787 1632 1884 1684 toti

295 1724 490 1789 praesit
539 1723 867 1794 Hellesponti
907 1727 1209 1795 provincite,
1263 1737 1312 1780 et
1366 1726 1432 1779 ab
1478 1727 1590 1780 suis
1631 1726 1884 1796 episcopis

295 1829 497 1870 manus
540 1816 928 1884 impositionem
957 1835 1052 1889 pro
1092 1820 1253 1874 veteri
1287 1835 1428 1872 more
1467 1820 1718 1888 accipiat.
1759 1817 1884 1874 Habe

1981 647 2122 701 πρου
2153 631 2416 685 ἀπολύσει
2459 635 2541 696 είς
2583 633 2680 686 τὸν
2713 633 2846 685 ἴδιον
2883 633 3074 688 τόπον.
3112 635 3223 687 Καὶ
3254 634 3574 698 ὑπακούσας

1980 722 2009 774 ὁ
2059 721 2482 793 Ἀμερμουμνὴς
2521 727 2586 794 τῇ
2621 721 2723 776 τοῦ
2754 722 3017 787 βασιλέως
3043 727 3260 795 ’γραφῇι
3284 723 3576 777 ἀπέστειλε

1981 813 2121 864 κατὰ
2139 812 2319 882 πάσης
2337 813 2437 883 τῆς
2457 813 2662 883 Συρίας,
2679 814 2929 880 ἐνδόξους
2951 815 3359 886 Σαρρακηνοὺς,
3379 816 3574 868 ἐπεσό-

1987 919 2144 973 ρευσε
2171 905 2379 966 πάντας
2407 905 2532 967 τοὺς
2555 907 2866 974 Κυπρίους,
2920 907 3011 957 καὶ
3035 905 3357 976 διεπέρασεν
3378 906 3458 968 είς
3481 905 3575 957 τὸν

1987 995 2114 1046 ἴδιον
2141 995 2302 1048 τόπον
2330 1012 2344 1024 ·
2377 995 2670 1049 ἀπέστειλε
2711 996 2770 1047 δὲ
2801 995 2896 1047 καὶ
2927 997 2953 1046 ὁ
2987 994 3240 1064 βασιλεὺς
3270 991 3572 1062 βασιλικὸν,

1983 1087 2078 1140 καὶ
2110 1084 2404 1156 διεπέρασε
2426 1127 2442 1151 ,
2484 1088 2577 1138 καὶ
2612 1087 2742 1150 coit;
2784 1087 2846 1138 ἑν
2881 1086 3166 1156 Ῥωμανίᾳ
3201 1086 3532 1156 οἰκήσαντας
3555 1122 3574 1148 ,

1983 1175 2148 1246 ἤγουν
2172 1175 2229 1228 ἐν
2267 1171 2326 1228 τέ
2364 1179 2431 1246 τῇ
2459 1176 2704 1247 Κυζίκῳ,
2737 1177 2834 1230 καὶ
2871 1175 2949 1246 τῷ
2985 1173 3445 1246 Κιϐυρῤαιωτῶν,
3479 1174 3577 1227 καὶ

1983 1263 2061 1334 τῷ
2078 1265 2393 1337 Θρακησίῳ,
2413 1265 2508 1319 καὶ
2527 1265 2796 1336 ἐνῳκὶσθη
2815 1267 2850 1335 ή
2869 1265 3055 1334 νῆσος.
3071 1265 3186 1320 Hoc
3211 1273 3294 1319 est
3313 1282 3326 1316 :
3355 1261 3480 1316 Post
3497 1279 3576 1316 νιι

1985 1373 2150 1410 annos
2201 1358 2454 1425 (auctore
2493 1357 2640 1428 Deo)
2683 1359 2828 1411 stetit
2871 1357 3180 1426 imperatori
3215 1357 3576 1424 redintegrare

1986 1449 2184 1501 civibus
2213 1447 2466 1518 Cyprum.
2503 1446 2676 1504 Proin
2707 1451 2851 1502 misit
2878 1449 2948 1502 ad
2983 1449 3400 1500 Amermumnem
3433 1445 3566 1515 Bag~

1986 1540 2092 1593 dad
2115 1551 2220 1594 tres
2245 1557 2271 1594 e
2295 1542 2556 1609 primaria
2583 1541 2860 1596 nobilitate
2890 1538 3056 1610 Cypri
3076 1539 3352 1610 indigenas
3377 1537 3577 1608 (Phan-

1989 1649 2166 1702 gumes
2205 1633 2560 1699 vocabantur)
2601 1634 2786 1686 addito
2830 1649 2858 1686 e
2902 1633 3164 1686 comitatu
3202 1647 3298 1685 suo
3345 1629 3493 1700 gravi
3527 1639 3577 1682 et

1986 1725 2184 1779 illustri
2212 1725 2612 1802 viro,scribens
2655 1725 3054 1790 Anterntttmni,
3096 1732 3153 1776 ttt
3198 1721 3452 1790 Cyprium
3481 1733 3580 1788 po-

1985 1818 2169 1886 pulum
2211 1819 2264 1870 iu
2301 1816 2459 1888 Syria
2491 1816 2821 1870 exsulantem
2855 1817 3074 1869 domum
3117 1814 3428 1866 dimitteret.
3462 1813 3578 1864 An-

295 1905 426 1973 ipsa
477 1908 660 1962 omnia
707 1909 932 1980 attingit
979 1911 1260 1981 Augustus
1309 1911 1548 1981 scriptor
1615 1913 1884 1968 Coustan-
1918 1897 1958 1952 Β
1988 1909 2100 1964 nuit
2146 1909 2484 1979 imperatoris
2527 1909 2660 1962 votis
2700 1909 3146 1968 Amermumnes,
3191 1904 3436 1972 misitque
3485 1917 3579 1971 per

295 1997 459 2051 tinus
489 1997 1006 2072 Porphyrogenneta
1040 2003 1133 2057 lib.
1175 1993 1248 2057 de
1284 2003 1432 2060 adm.
1472 2003 1602 2074 imp.
1632 2019 1754 2074 cap.
1789 2006 1880 2070 Π,

297 2089 405 2144 sed
457 2088 619 2160 (qua;
660 2102 919 2164 perpetua
965 2094 1126 2149 istius
1161 2092 1328 2148 libelli
1375 2095 1694 2162 calamitas)
1745 2097 1884 2153 mire

297 2178 364 2234 in
393 2195 666 2236 annorum
697 2182 1082 2256 designatione
1117 2187 1466 2245 librariorum
1504 2188 1660 2258 culpa
1689 2205 1884 2257 pecca-

297 2284 447 2329 tum.
495 2273 586 2333 Sic
629 2277 793 2348 igitur
833 2281 1054 2353 inquit:
1085 2281 1196 2352 Τῆς
1235 2284 1402 2354 νήσου
1437 2283 1746 2352 ἁλωθείσης
1778 2286 1885 2338 ὑπὸ

293 2365 417 2419 τῶν
463 2369 870 2444 Σαρρακηνῶν,
935 2373 1030 2426 καὶ
1079 2374 1172 2426 ἐπὶ
1220 2375 1360 2428 ἑπτὰ
1406 2374 1584 2430 ἔτεσιν
1626 2378 1883 2448 ἀοικήτου

299 2458 610 2528 μεινάσης,
667 2461 764 2514 καὶ
810 2461 904 2516 τοῦ
945 2464 1382 2536 ἁρχιεπισκόπου
1448 2468 1698 2520 Ἰωάννου
1747 2468 1886 2538 μετὰ

291 2545 400 2600 τοῦ
431 2547 562 2602 λαοῦ
604 2549 771 2604 αὐτοῦ
806 2552 943 2623 πρὸς
981 2553 1082 2624 τὴν
1125 2553 1516 2624 βασιλεύουσαν
1553 2556 1886 2619 καταλαϐόν-

293 2655 434 2704 τος,
465 2641 680 2710 ἐγένετο
711 2643 994 2714 οἰκονομία
1043 2645 1195 2714 παρὰ
1225 2646 1320 2698 τοῦ
1360 2645 1628 2716 βασιλέως
1664 2649 1888 2701 ἰουστι-

295 2729 490 2782 νιανοῦ
519 2733 579 2785 ὲν
606 2735 671 2804 τῇ
708 2733 842 2804 ἁγίᾳ
874 2733 1008 2806 ἕκτῃ
1037 2736 1240 2807 συνόδῳ
1273 2735 1368 2790 τοῦ
1395 2735 1493 2804 τὴν
1522 2736 1756 2802 Κύζινον
1786 2754 1891 2791 πα-

304 2820 570 2890 ραλαϐεῖν
598 2824 737 2894 μετὰ
783 2825 893 2878 τῶν
943 2827 1261 2880 ἐπισκόπων
1297 2827 1461 2881 αὐτοῦ
1505 2826 1600 2882 καὶ
1644 2829 1739 2882 τοῦ
1759 2828 1888 2883 λαοῦ

300 2911 408 2982 τῆς
433 2913 622 2983 νήσου,
665 2914 761 2968 καὶ
787 2915 1060 2971 ποιεῖσθαι
1109 2919 1203 2972 καὶ
1240 2920 1575 2990 χειροτονίας
1615 2917 1778 2994 ήνίκα
1825 2921 1889 2973 ἂν

302 3003 471 3074 λείψει
512 3005 832 3074 ὶπίσκοπος,
862 3008 1000 3078 πρὸς
1033 3009 1096 3062 τὸ
1145 3010 1220 3082 μή
1267 3010 1545 3064 διαπεσεῖν
1575 3010 1674 3081 τὴν
1699 3009 1893 3066 αὐθεν-

303 3095 436 3150 τίαν
465 3097 560 3150 καὶ
589 3099 660 3152 τὰ
681 3098 871 3155 δίκαια
915 3103 1016 3172 τῆς
1048 3101 1278 3174 Κύπρου
1306 3119 1320 3133 ·
1353 3103 1448 3157 καὶ
1478 3101 1587 3173 γὰρ
1614 3101 1708 3156 καὶ
1731 3101 1893 3166 αὐτὸς

1987 2005 2282 2057 universum
2312 2001 2524 2073 Syriam
2572 2003 2766 2055 summi
2820 2000 3050 2054 nominis
3101 1998 3396 2052 Saracenos
3423 2032 3440 2058 ,
3487 1991 3581 2062 qui

1985 2095 2206 2166 Cyprios
2238 2112 2414 2150 omnes
2443 2097 2805 2166 perquirereut
2827 2132 2842 2157 ,
2871 2107 3061 2162 eosque
3085 2091 3138 2144 in
3169 2089 3404 2158 patriam
3431 2086 3578 2139 able-

1985 2195 2192 2256 garent.
2223 2188 2304 2238 Ad
2338 2185 2446 2241 haec
2485 2187 2626 2240 misit
2671 2185 2962 2254 imperator
2989 2197 3056 2237 ea:
3088 2181 3213 2236 aula
3247 2181 3452 2242 virum,
3487 2182 3583 2247 qui

1985 2281 2041 2333 in
2062 2279 2318 2349 pristinas
2339 2281 2484 2335 sedes
2513 2281 2852 2342 amandaret,
2881 2287 3137 2349 quotquot
3167 2292 3194 2329 e
3221 2274 3436 2345 Cypriis
3469 2269 3572 2324 lto-

1986 2371 2241 2436 maniam,
2269 2369 2541 2441 Cyzicum,
2571 2371 2744 2426 thema
2771 2369 3267 2442 Cibyrrhteoticum,
3299 2381 3362 2420 ac
3401 2361 3577 2417 Thra-

1987 2463 2180 2518 cesium
2220 2463 2498 2532 degerent,
2537 2464 2716 2532 sicque
2759 2461 2932 2517 insula
2979 2461 3172 2514 iterum
3217 2457 3572 2527 frequentata.

1987 2559 2177 2610 Anuus
2207 2557 2422 2623 scriptae
2465 2555 2612 2622 pacis
2657 2555 2802 2608 inter
2852 2552 3223 2609 Justinianum
3274 2560 3326 2604 et
3367 2547 3570 2603 “abdi-

1991 2645 2196 2698 tneleclt
2245 2643 2345 2698 fuit
2388 2644 2594 2713 primus
2621 2643 2920 2699 Justiniaui
2947 2681 2963 2705 .
2995 2657 3106 2708 quo
3145 2640 3296 2695 solus
3348 2653 3578 2708 regnare

1989 2737 2184 2805 Cthit,
2213 2737 2316 2812 ltoc
2345 2746 2427 2789 est
2456 2736 2659 2791 Christi
2697 2735 3062 2806 Dionysianus
3114 2733 3220 2788 655
3241 2773 3256 2796 ,
3304 2731 3571 2801 quemad-

1993 2827 2208 2880 modum
2241 2829 2308 2881 ab
2338 2829 2754 2882 accuratissimo
2781 2825 3114 2894 TbeOphane
3143 2823 3398 2878 traditum
3427 2839 3444 2887 ;
3473 2835 3576 2874 an-

1991 2931 2097 2976 nus
2121 2919 2311 2988 synodi
2338 2917 2464 2976 680.
2497 2921 2580 2973 Ab
2609 2926 2820 2989 synodo
2848 2917 3012 2985 igitur
3036 2915 3101 2970 ad
3129 2916 3318 2984 patriae
3347 2913 3576 2968 reditu-tn

1991 3011 2317 3082 Cypriorum
2349 3002 2719 3065 intercessere
2742 3009 2867 3063 anni
2900 3008 2964 3073 5,
2988 3007 3080 3076 qui
3125 3005 3482 3071 restituendi,
3521 3012 3582 3056 ut

1993 3109 2202 3176 legatur
2233 3103 2372 3176 μετὰ
2416 3103 2581 3156 πέντε
2609 3101 2706 3172 ἐτη
2759 3115 2856 3170 pro
2889 3098 3032 3170 μετὰ
3063 3097 3204 3152 ἑπτὰ
3235 3097 3354 3167 ἐτη.
3395 3095 3582 3164 Neque

305 3187 341 3238 6
393 3186 769 3254 Ἰουστινιανδς
821 3190 1073 3261 βασιλεὺς
1132 3191 1381 3264 Κύπριος
1435 3187 1524 3262 ἦν,
1565 3189 1749 3256 καθὼς
1800 3191 1894 3247 καὶ

1997 3199 2210 3262 dubita,
2244 3197 2376 3266 quin
2402 3192 3132 3264 epilogismusinsutuendus
3163 3191 3349 3244 habita
3369 3187 3581 3242 ratione

309 3277 467 3350 παρὰ
497 3279 606 3334 τῶν
637 3280 884 3335 παλαιῶν
926 3283 1195 3354 Κυπρίων
1223 3285 1253 3338 δ
1285 3282 1442 3352 λόγος
1473 3284 1634 3355 μέχρι
1664 3283 1764 3354 τῆς
1802 3282 1896 3356 σή-

319 3387 492 3442 μερον
543 3373 944 3446 ἐπεκράτησεν.
985 3375 1154 3428 Ὥστε
1187 3375 1284 3428 καὶ
1322 3375 1534 3446 ὡρίσθη
1564 3376 1622 3428 ὲν
1660 3377 1727 3446 τῇ
1765 3375 1900 3446 ἁγίᾳ

312 3459 450 3532 ἕκτῃ
482 3461 684 3533 συνόδῳ
708 3468 1032 3536 χειροτονεῖν
1065 3466 1157 3520 τδν
1199 3465 1628 3536 ἁρχιεπίσκοπον
1666 3463 1897 3534 Κύπρου

318 3552 414 3605 τὸν
445 3553 544 3622 τῆς
565 3553 810 3619 Κυζίκου
836 3556 1100 3628 πρόεδρον
1125 3572 1140 3588 ο
1171 3556 1351 3620 καθὼς
1371 3558 1429 3611 ὲν
1448 3557 1526 3626 τῷ
1543 3553 1777 3630 1:0'(lege
1798 3553 1900 3633 Mr)

321 3643 610 3721 κεφαλαίῳ
633 3647 739 3717 τῆς
769 3648 942 3718 αὐτῆς
965 3649 1129 3717 ἁγίας
1154 3649 1322 3720 ἕκτης
1346 3649 1564 3704 συνόδου
1593 3651 1903 3722 ἀναγέγρα-

317 3753 477 3794 πται.
529 3737 644 3794 Hoc
674 3748 758 3796 est
793 3757 807 3795 :
858 3740 1128 3811 Occupata
1157 3742 1336 3798 insula
1375 3742 1439 3796 ab
1483 3743 1820 3808 Sarracenis,
1851 3751 1901 3798 et

323 3847 496 3886 annos
525 3848 600 3887 νιι
633 3835 745 3887 sine
781 3833 1044 3904 indigenis
1089 3847 1350 3898 manente,
1389 3853 1509 3891 cum
1546 3837 1902 3895 diversaretur

319 3925 556 3981 Joannes
613 3927 1034 3998 archiepiscopus
1093 3946 1195 3984 sua
1249 3945 1366 3983 cum
1421 3927 1567 3999 plebe
1642 3930 1789 4000 regia
1847 3930 1902 3982 in

323 4017 472 4084 urbe,
518 4033 583 4073 ea:
625 4021 946 4074 auctoritate
975 4018 1273 4076 Iustiniani
1309 4021 1445 4090 Aug.
1499 4021 1552 4072 in
1624 4028 1812 4075 sancta
1848 4036 1902 4080 vt

322 4110 524 4180 synodo
568 4110 856 4175 decretum,
906 4119 965 4165 ut
1009 4110 1202 4184 Cyzico
1246 4121 1658 4182 prwpoueretur,
1691 4113 1905 4184 ejusque

323 4201 612 4268 provincia:
635 4200 916 4270 episcopis,
943 4217 1006 4254 ac
1027 4200 1239 4269 populo,
1277 4217 1569 4272 manusque
1599 4202 1904 4282 impositio-

325 4309 445 4347 nem
478 4305 869 4364 exsequeretur,
919 4309 982 4347 ne
1023 4293 1298 4362 deﬁciente
1343 4294 1586 4362 episcopo
1632 4295 1906 4352 interirent

325 4385 567 4452 deinceps
601 4384 895 4438 auctoritas
935 4393 985 4439 et
1013 4384 1138 4453 jura
1179 4383 1362 4455 Cypri.
1408 4383 1533 4454 Ipse
1559 4388 1700 4440 enim
1727 4387 1904 4442 Justi-

327 4475 522 4527 nianus
574 4472 798 4544 Cyprius
841 4481 979 4540 erat,
1015 4483 1070 4526 ut
1119 4457 1263 4528 avita
1295 4471 1614 4544 Cypriorum
1661 4475 1811 4545 fama
1849 4479 1906 4534 in

1999 3289 2126 3345 anni
2164 3288 2355 3358 synodi
2385 3301 2459 3351 Vl,
2493 3301 2600 3339 non
2633 3300 2764 3340 vero
2799 3284 3132 3354 quinisextm
3154 3323 3170 3348 ,
3203 3291 3407 3336 coacta:
3434 3295 3582 3335 anno

1999 3379 2125 3444 69l,
2147 3393 2268 3444 qua:
2291 3378 2440 3446 quod
2461 3377 2900 3445 supplementum
2927 3388 2956 3425 ν
2984 3382 3038 3427 et
3065 3389 3112 3425 ιι
3136 3373 3349 3444 synodi,
3377 3371 3581 3426 idcirco

2003 3471 2057 3529 in
2091 3484 2140 3521 νι
2169 3466 2378 3538 synodo
2403 3477 2652 3521 sanctum
2678 3464 2782 3518 dici
2815 3463 3090 3535 potuerit,
3122 3466 3264 3531 quod
3305 3475 3495 3530 reapse
3527 3462 3580 3516 in

2002 3561 2310 3630 quinisexta
2340 3599 2357 3624 ,
2389 3558 2550 3613 annis
2581 3557 2790 3611 scilicet
2824 3557 2883 3609 li
2925 3565 3067 3626 post.
3103 3554 3156 3609 Id
3198 3557 3244 3610 si
3277 3555 3581 3618 arbitrere,

2003 3663 2096 3707 aut
2139 3651 2382 3720 stuporis
2440 3663 2642 3720 arguas
2689 3649 3065 3702 doctissimum
3123 3646 3429 3710 Caesarem,
3487 3655 3586 3698 aut

2005 3752 2246 3799 monstra
2279 3741 2377 3796 tibi
2414 3726 2614 3811 paries.
2653 3739 2794 3809 quid
2839 3738 3023 3794 enim?
3061 3737 3406 3792 Justinianus
3450 3751 3584 3790 con-

2005 3840 2192 3894 stituta
2235 3835 2405 3892 semel
2452 3850 2584 3905 pace
2632 3849 2756 3887 cum
2819 3831 3212 3892 llabd'melecb
3261 3844 3402 3884 anno
3443 3827 3586 3892 685,

2006 3945 2149 3986 anno
2177 3929 2317 3993 690,
2356 3927 2448 3998 qui
2484 3926 2516 3980 6
2549 3917 2668 3994 ejus
2700 3923 2843 3994 regni
2877 3924 2944 3976 ab
2963 3937 3194 3980 excessu
3230 3920 3580 3977 Constantini

2007 4023 2199 4092 patris,
2235 4019 2395 4087 fregit
2426 4019 2596 4082 illam,
2621 4016 2896 4087 jussitque
2929 4016 3230 4085 demigrare
3258 4015 3452 4069 iterum
3481 4013 3589 4084 Cy-

2009 4115 2156 4184 prios
2189 4128 2255 4167 ex
2285 4111 2486 4176 insula,
2519 4125 2640 4180 quae
2673 4109 2872 4179 partim
2905 4107 3034 4171 sibi,
3065 4109 3262 4178 partim
3296 4105 3590 4160 Habdime-

2007 4203 2123 4258 lech
2151 4203 2402 4266 serviret,
2432 4201 2579 4270 quod
2611 4214 2783 4266 unum
2813 4213 2877 4251 ex
2905 4197 3053 4266 pacis
3081 4197 3259 4252 fuerat
3280 4192 3592 4264 capitibus?

2009 4295 2278 4368 (TheOph.
2323 4295 2376 4348 in
2420 4291 2651 4363 Chron.)
2703 4289 2823 4345 Jam
2859 4290 2904 4345 si
2942 4305 3086 4345 anno
3123 4289 3225 4348 690
3260 4289 3408 4358 pacis
3447 4287 3594 4358 leges

2009 4387 2257 4451 violatae,
2292 4385 2566 4454 domoque
2598 4379 2807 4452 egressi
2845 4379 3064 4450 Cyprii.
3105 4379 3150 4434 si
3182 4393 3328 4432 antro
3358 4375 3458 4432 691
3495 4376 3594 4430 ha-

2011 4477 2118 4532 bita
2168 4474 2410 4547 synodus
2459 4473 2809 4544 quinisexta,
2866 4471 2963 4534 ubi
3017 4469 3364 4540 septennium
3427 4466 3594 4534 illud,

326 4565 465 4620 hunc
503 4582 666 4636 usque
707 4566 846 4620 diem
883 4567 1163 4637 prwdicat.
1199 4565 1476 4622 Statutum
1513 4569 1717 4638 pariter
1766 4571 1824 4628 in
1852 4587 1895 4626 Vl

2015 4569 2155 4638 quod
2223 4582 2254 4620 a
2317 4565 2645 4636 Cypriorum
2721 4560 3130 4632 μεταναστάσει,
3194 4561 3262 4622 ad
3320 4560 3593 4631 synodum

327 4669 518 4714 sancta
543 4659 766 4728 synodo,
807 4667 864 4712 ut
907 4660 996 4729 qui
1035 4657 1220 4729 Cyzici
1251 4659 1415 4730 fuerit
1443 4661 1805 4730 metropolita,
1840 4663 1905 4716 ab

261 4813 274 4824 .
335 4742 728 4819 archiepiscopo
771 4748 933 4821 Cypri
977 4751 1414 4822 inauguraretur,
1463 4753 1908 4827 quemadmodum

328 4858 445 4910 cap.
475 4843 545 4899 59
565 4843 730 4912 ipsius
761 4855 964 4898 sanctae
1017 4843 1206 4914 synodi
1256 4844 1534 4912 scriptum.
1570 4843 1710 4900 Cum
1743 4861 1908 4918 syno-

328 4934 434 4989 dus
465 4949 517 4988 γι
565 4933 794 4988 coiverit
821 4949 970 4991 anno
994 4933 1121 4998 680,
1167 4949 1293 4990 cum
1328 4931 1512 5007 Cyprii
1539 4935 1704 4990 domo
1733 4936 1909 4992 demi-

329 5027 542 5096 grarint
578 5042 726 5082 anno
757 5026 882 5092 648,
915 5042 1024 5082 non
1059 5027 1136 5081 illi
1175 5027 1246 5085 ab
1271 5042 1416 5082 anno
1453 5031 1912 5100 μεταναστάσεως

331 5137 447 5177 suae
473 5121 542 5176 ad
579 5123 848 5192 synodum
890 5121 1039 5176 illam
1075 5135 1368 5176 numerare
1417 5123 1696 5190 potuerint
1725 5123 1910 5178 minus

332 5212 499 5266 annis
524 5211 616 5266 δὲ.
657 5211 848 5281 Itaque
876 5226 974 5281 pro
1000 5225 1087 5272 eo,
1124 5209 1268 5280 quod
1291 5218 1472 5264 exstat
1507 5207 1600 5263 ἐπὶ
1630 5209 1674 5274 ζ’
1710 5209 1910 5272 ἔτεσιν,

332 5301 737 5357 emendandum
779 5301 874 5354 ἐπὶ
917 5300 998 5370 λβ¹
1027 5299 1225 5352 ἐτεσιν.
1262 5296 1910 5370 Pergit-Constantinus:

333 5394 485 5450 Μετὰ
513 5393 572 5448 δὲ
607 5394 748 5446 ὲπτᾶι
785 5391 882 5463 ἔτη
914 5392 1133 5462 θελήσει
1164 5389 1300 5444 Θεοῦ
1329 5387 1556 5461 ἐκινήθη
1590 5391 1619 5442 ὁ
1660 5389 1916 5460 βασιλεὺς

333 5485 502 5540 πάλιν
533 5484 762 5554 οἰκῆσαι
792 5483 893 5553 τήν
921 5482 1170 5552 Κύπρον,
1211 5481 1623 5536 καὶσάπέστειλε
1655 5481 1794 5551 πρὸς
1825 5481 1916 5536 τὸν

347 5575 772 5648 ’Δμερμουμνήν
794 5573 889 5627 τοῦ
916 5572 1130 5642 Βαγδὰδ
1168 5571 1326 5644 311
1353 5575 1504 5643 τρεῖς
1539 5573 1648 5626 τῶν
1687 5571 1914 5639 ἐνδόξων

335 5667 624 5737 Κυπρίων,
651 5664 978 5736 αὐτόχθονας
1003 5662 1107 5734 τῆς
1131 5664 1303 5734 αὐτῆς
1325 5663 1491 5732 νήσου
1525 5663 1913 5734 τυγχάνοντας,

335 5759 468 5829 τοὺς
511 5755 841 5828 λεγομένους
884 5756 1260 5824 φαγγουμεῖς,
1315 5753 1455 5822 μετὰ
1499 5754 1592 5806 καὶ
1635 5753 1915 5825 βασιλικοῦ

335 5867 485 5923 τινος
528 5847 750 5918 ἀγχίνοι)
801 5847 892 5902 τοῦ
939 5847 1034 5900 καὶ
1080 5846 1289 5913 ἐνδόξου
1327 5846 1541 5916 γράψας
1592 5846 1667 5918 τῷ
1713 5848 1910 5919 Ἀμερ-

2011 4665 2266 4722 numerat
2290 4655 2684 4712 Constantinus
2706 4649 2853 4708 ?Sed
2881 4651 2982 4705 hoc
2999 4651 3116 4708 leve
3135 4668 3149 4703 :
3167 4652 3391 4718 gravius
3407 4662 3592 4718 urgeo.

2010 4751 2093 4804 Ab
2135 4762 2280 4804 anno
2313 4747 2452 4812 690,
2499 4761 2608 4816 quo
2651 4758 2805 4799 nova:
2850 4745 3055 4800 oborta:
3099 4739 3596 4812 simultatesinter

2009 4837 2380 4892 Iustinianum
2449 4841 2506 4898 et
2576 4831 2996 4896 Habdimelech,
3048 4843 3324 4898 nunquam
3365 4827 3598 4896 amplius

2012 4929 2190 4993 bella,
2233 4926 2472 4994 odiaque
2513 4925 2688 4993 posita
2729 4923 2796 4990 ab
2839 4922 3080 4987 Arabum
3120 4918 3596 4990 Protosymbolis,

2012 5031 2066 5077 et
2109 5016 2732 5084 Constantinoltolitanis
2763 5015 3112 5081 Caesaribus,
3159 5017 3301 5072 unde
3330 5012 3602 5074 Christia-

2013 5124 2210 5180 norum
2253 5079 2340 5163 rés
2366 5107 2674 5166 deteriores
2701 5106 2756 5160 in
2789 5105 2907 5164 dies
2931 5105 3091 5160 facta
3112 5143 3133 5172 ι
3167 5105 3343 5162 donec
3381 5105 3598 5160 tandem

2013 5202 2173 5258 sedes
2195 5199 2310 5268 ipsa
2337 5197 2549 5277 imperii
2581 5195 2906 5268 Byzantium
2936 5199 2988 5250 in
3023 5195 3384 5259 Bnrbarorum
3409 5206 3600 5267 tyran-

2015 5293 2194 5348 nidem
2235 5290 2528 5346 concessit.
2565 5288 2752 5358 Itaque
2781 5290 2826 5344 si
2864 5304 3010 5348 anno
3035 5288 3140 5344 690
3179 5289 3376 5344 iterum
3410 5287 3599 5360 Cyprii

1997 5376 2188 5457 'patria
2222 5383 2582 5458 exsularunt,
2629 5382 2720 5453 qui
2767 5379 3109 5444 Justinianus
3146 5383 3434 5452 septennio
3478 5392 3598 5452 post.

2015 5476 2276 5547 pacitlcos
2319 5473 2588 5544 delegarit
2627 5473 3002 5528 internuntios
3047 5473 3117 5530 ad
3170 5472 3600 5541 llabdimelecb,

2016 5570 2236 5644 quando
2257 5585 2381 5634 cum
2416 5585 2503 5634 eo,
2529 5569 2680 5638 jacto
2713 5568 2884 5623 semel
2920 5569 3336 5625 inimicitiarum
3369 5567 3600 5629 semine,

2018 5676 2302 5732 nunquam
2355 5659 2592 5730 amplius
2636 5658 2688 5713 in
2761 5659 3064 5714 amicitiam
3115 5658 3384 5723 reditum,
3425 5671 3604 5726 neque

2019 5770 2163 5809 anno
2193 5752 2296 5806 697
2333 5752 2446 5821 ipse
2475 5751 2822 5808 Justinianus
2856 5750 3444 5820 Coustantinopolitani
3480 5765 3601 5806 sce—

2019 5845 2124 5916 ptri
2163 5845 2442 5916 potiretur,
2473 5844 2563 5898 scd
2596 5843 2854 5898 Leontius
2879 5885 2892 5910 ,
2933 5863 2959 5898 ιι
2991 5859 3102 5914 quo
3131 5857 3298 5914 regno
3339 5839 3598 5897 obtutus!
