3930 6390
359 382 491 448 I211

1245 387 1346 446 DE
1365 388 1629 448 ΑΞΤΑΤΕ
1660 389 1722 450 S.
1757 389 2134 450 GREGORII
2176 390 2688 454 AGRIGENTINI

3477 391 3627 458 1212‘

352 489 424 544 Ut.
470 489 634 560 igitur
669 497 848 556 stent,
895 505 1018 560 quae
1050 489 1446 549 Constantinus
1470 496 1686 565 prodit,
1714 497 1938 551 omnino
1965 510 2012 564 Α
2037 513 2118 567 θαι
2143 498 2370 567 episcopi
2392 510 2583 568 praesto
2609 506 2779 553 essent
2803 500 2872 554 ad
2899 497 3158 553 radicitus
3181 500 3469 566 euelli-uda,
3499 521 3618 573 qua

351 576 757 644 aﬂirmandum,
784 578 1012 650 Cyprios
1039 582 1216 636 exsilii
1252 584 1356 650 sui,
1385 585 1543 654 cujus
1573 587 1778 653 epoclta
1815 586 1936 641 iniit

349 669 635 730 annoﬁi8.
660 685 831 724 annos
865 671 935 724 3?.
983 666 1364 739 censentibus,
1390 677 1738 746 prmpositum
1765 675 1933 732 Ioan-

350 777 472 817 nem
505 761 668 830 Cypri
701 763 1172 833 archiepiscopum
1207 766 1564 835 Hellesponto
1598 769 1891 839 provincim
1912 809 1928 835 ,

352 855 406 910 in
450 868 555 920 qua
593 855 992 922 αὖτοκεφαλίας
1017 857 1140 924 jura
1181 870 1483 922 exerceret,
1509 861 1669 930 idque
1701 875 1828 914 vero
1867 875 1930 912 ex

349 944 674 996 auctoritate
721 943 939 996 concilii
1001 959 1054 996 vt
1103 945 1423 998 mcnmenici
1458 948 1584 998 anni
1634 943 1738 998 680
1771 943 1932 1012 quiti-

349 1031 594 1098 quennio
623 1039 765 1099 post,
801 1046 948 1085 anno
977 1032 1191 1086 scilicet
1225 1030 1332 1085 635
1365 1031 1577 1098 patrios
1611 1029 1754 1084 lares
1791 1029 1932 1083 revi-

351 1121 498 1176 sisse
535 1121 665 1188 imp.
702 1120 992 1176 Iustiniani
1032 1136 1236 1189 Opera,
1269 1121 1362 1190 qui
1399 1135 1518 1176 eam
1553 1122 1620 1174 ad
1650 1135 1764 1173 rem
1801 1136 1934 1174 ora-

351 1220 500 1264 tores
537 1213 749 1266 miserit
785 1214 850 1265 ad
893 1211 1282 1266 Habdimeleeh
1303 1212 1540 1281 ,quibus
1573 1211 1804 1265 feliciter
1833 1213 1930 1264 atl-

352 1300 569 1353 tnodum
603 1302 739 1356 exiit
779 1301 1000 1368 legatio.
1046 1303 1389 1370 Quapropter
1429 1302 1530 1373 (ut
1575 1303 1627 1356 in
1665 1302 1806 1354 viam
1851 1315 1937 1355 res

350 1391 508 1444 deam
557 1391 644 1458 (si
690 1407 884 1462 passus
939 1394 1576 1464 Constantinopolitanae
1624 1392 1862 1464 pontifex
1901 1407 1932 1448 e

351 1485 683 1550 patriarchia
729 1499 824 1539 sua
857 1485 1041 1540 divelli
1092 1485 1383 1538 maximam
1429 1484 1761 1552 Hellesponti
1805 1499 1931 1554 pro-

349 1573 587 1627 vinciam
619 1613 633 1637 ,
667 1576 720 1627 in
757 1590 858 1642 qua
889 1572 1129 1628 Ioannes
1167 1573 1686 1643 archiepiscopalem
1721 1584 1929 1644 gereret

353 1665 757 1732 magistratum,
793 1665 984 1733 quidni
1015 1705 1030 1729 ,
1059 1671 1353 1733 antequam
1385 1675 1591 1718 mactus
1628 1665 1714 1718 illa
1743 1663 1926 1729 fuerit,

353 1754 627 1810 exstincto
660 1754 897 1810 Sat-dicae
927 1757 1216 1825 episcopo,
1243 1771 1305 1810 ea
1337 1755 1715 1826 sibiﬁcclesia
1742 1755 1928 1810 crede:

351 1855 542 1910 retur,
593 1848 684 1901 ubi
727 1848 1201 1916 archiepiscopum
1238 1856 1456 1918 ageret,
1499 1861 1672 1917 eoque
1715 1847 1923 1913 magis,

350 1937 497 2006 quod
526 1947 636 1993 tum
675 1940 941 2007 temporis
965 1939 1290 1995 Iustiniano:
1317 1941 1334 1994 1
1365 1939 1622 1994 exarchia
1656 1953 1688 1993 a
1722 1936 1922 1992 Roma-

348 2046 417 2085 na
445 2030 774 2100 patriarchia
803 2030 1096 2096 defecerat,
1131 2029 1922 2101 atqueConstantinopolitanm

347 2123 690 2192 adjudicata,
741 2122 817 2176 uti
867 2139 989 2177 mox
1033 2123 1250 2176 dicam?
1285 2121 1415 2176 Haec
1446 2123 1624 2176 locum
1666 2137 1772 2176 non
1823 2121 1921 2176 ha-

347 2215 477 2268 bent
509 2213 862 2268 meunrenicze
891 2229 919 2265 ι·
953 2213 1143 2283 synodi
1176 2213 1544 2283 temporibus;
1585 2227 1709 2266 cum
1739 2211 1932 2282 Cypro.

345 2305 492 2358 nulla
525 2305 818 2373 importata
855 2319 883 2356 a
913 2305 1166 2359 Bai-boris
1189 2305 1496 2368 calamitas,
1527 2311 1935 2372 mansuetoque-

342 2394 938 2464 Constantinopolitani
991 2396 1342 2464 imperatoris
1389 2407 1604 2465 sceptro
1651 2394 1931 2452 obediret..

341 2483 484 2552 Quid
513 2487 681 2553 igitur
703 2494 906 2551 restat,
934 2495 994 2540 ut
1032 2487 1191 2556 plane
1217 2487 1570 2566 aﬂirmemus,
1603 2485 1920 2558 Gregorium

342 2580 556 2646 synodo
577 2593 630 2632 νι
661 2581 1012 2633 mcumeniczc
1035 2579 1350 2634 interfuisse
1372 2621 1386 2643 ,
1417 2580 1470 2633 in
1503 2595 1611 2650 qua
1642 2580 1920 2634 Monothe-

339 2669 563 2724 litarem
594 2670 818 2724 lueresis
847 2671 1178 2739 proscripta,
1210 2681 1374 2740 atque
1407 2686 1538 2724 orco
1572 2670 1750 2725 devoti
1789 2671 1919 2724 Ser-

340 2765 484 2833 gius,
520 2761 787 2835 Pyrrhus,
815 2763 1040 2828 Paulus,
1075 2763 1270 2820 Petrus
1297 2761 1916 2834 Constantinopolitani,

338 2857 516 2926 tlyrus
545 2857 988 2923 Alexandrinus,
1032 2857 1356 2912 Theodorus
1395 2855 1762 2912 Farauitanos
1803 2857 1920 2927 cpi-

338 2946 492 3015 scopi
511 2945 984 2999 Monotbelitarnm
1007 2947 1208 3016 capita,
1226 2961 1462 3015 quorum
1491 2948 1699 3016 aliquot
1717 2945 1920 3000 diserte
1949 2989 1960 3000 ρ

342 3037 612 3102 nominat,
649 3052 774 3090 cum
809 3036 1213 3102 Leontius,tum
1231 3037 1647 3106 Metaphrastcs,
1677 3047 1731 3094 et
1748 3039 1923 3107 epito-

343 3139 553 3182 mastes
605 3130 778 3183 Vitae:
837 3139 896 3183 ιιι
945 3128 1150 3184 frustra
1200 3131 1272 3184 sit
1316 3129 1632 3196 Caietanns,
1673 3131 1766 3200 qui
1815 3131 1921 3186 hoc

339 3220 566 3290 ipsum,
598 3221 744 3291 quod
785 3221 851 3275 ad
882 3236 1105 3277 causam
1139 3237 1295 3278 suam
1325 3235 1432 3276 non
1463 3221 1827 3290 conduceret,
1862 3222 1920 3277 in

339 3311 716 3380 suspicionem
756 3310 1009 3365 vocarit?
1091 3327 1106 3341 ο

418 3401 655 3456 XXVIII.
701 3400 806 3457 Sed
835 3417 961 3457 ecce
992 3441 1008 3466 ,
1047 3401 1227 3467 inquit
1251 3395 1787 3478 Caietanbsnadhuc
1813 3397 1921 3454 lul-

339 3507 496 3549 crum
523 3502 809 3563 superest,
847 3508 957 3562 quo
983 3493 1250 3548 sententia
1282 3492 1540 3547 fulciatnr
1576 3492 1643 3546 de
1671 3489 1919 3572 Gregorii

342 3584 464 3640 Vita
485 3586 592 3640 sub
615 3583 969 3640 Iustiniano!
997 3586 1135 3654 Aug.
1168 3598 1422 3655 procusa,
1446 3593 1716 3653 quatenus
1749 3583 1802 3636 in
1825 3593 1921 3638 eo-

343 3676 468 3728 dem
503 3673 718 3728 Leontii
752 3673 1162 3728 Commentario
1198 3682 1305 3726 tam
1348 3669 1642 3726 manifesto
1683 3668 1918 3739 legitur,

339 3767 496 3823 illum
545 3767 649 3822 sub
701 3781 769 3820 eo
819 3763 1132 3820 Iustiniano
1168 3765 1408 3828 vixisse,
1461 3777 1573 3834 quo
1595 3763 1922 3832 vimperante

338 3872 544 3927 tnagna
583 3858 828 3928 synodus
866 3857 1052 3910 habita
1095 3853 1620 3925 Constantinopoli,
1665 3855 1812 3924 quod
1853 3854 1921 3908 de

341 3961 454 4002 uno
473 3943 787 4000 Iustiniano
821 3945 838 3998 ι
865 3943 1123 4000 allii-mari
1150 3943 1350 4012 possit,
1367 3943 1478 3997 sub
1501 3959 1614 4013 quo
1640 3950 1858 4012 peracta
1889 3957 1920 3996 v

335 4037 588 4110 synodus
613 4035 982 4104 meumenica;
1014 4049 1139 4089 nam
1173 4051 1224 4091 vt
1260 4035 1548 4100 convenit,
1579 4050 1705 4090 cum
1735 4051 1918 4090 rerum

337 4129 815 4194 Constantinopoli
847 4128 1114 4198 potiretur
1140 4125 1542 4184 Constantinus
1580 4129 1917 4200 Pogonatus.

342 4225 572 4281 Scilicet
615 4225 720 4280 hoc
757 4239 992 4294 magnus
1019 4223 1110 4280 ille
1152 4225 1390 4280 Achiilcs
1429 4233 1877 4295 argumentorum
1901 4266 1916 4292 ,

337 4337 449 4392 quo
482 4313 774 4377 Caietanus
795 4321 881 4376 vel
903 4321 1052 4375 mille
1081 4321 1342 4376 Hectoras
1365 4331 1711 4392 prosternere
1742 4323 1921 4377 conli-

339 4415 442 4468 dit.
471 4413 612 4480 Quid
639 4415 806 4482 igitur
827 4413 1021 4484 agam?
1055 4411 1275 4468 Clu-iste
1302 4414 1445 4469 Deus
1467 4456 1482 4481 ,
1533 4413 1694 4470 Iidem
1733 4426 1878 4470 tuam
1901 4456 1917 4480 ,

2038 589 2349 642 exstiterant
2382 590 2616 642 zizania.
2646 587 2876 658 Insuper
2918 604 3042 661 cum
3101 589 3215 645 lta‘c
3261 605 3384 645 mox
3425 592 3614 657 addit,

2036 677 2314 745 praeterito
2377 679 2600 746 insuper
2649 677 2881 748 Augusti
2947 677 3170 733 nomine
3212 696 3228 733 :
3281 677 3371 734 l'ta
3424 679 3618 735 multas

2036 765 2496 836 Constantinopoli
2526 774 2707 823 beatus
2736 769 2816 823 vir
2843 769 3008 822 edidit
3039 785 3159 822 cum
3189 769 3262 824 ad
3289 772 3574 824 dicendum
3599 812 3616 838 ,

2034 868 2143 911 tum
2176 859 2245 915 ad
2283 859 2613 915 laudandum
2655 864 2972 932 compositas
3019 864 3306 931 orationes,
3339 875 3397 917 ut
3437 863 3520 918 uel
3549 864 3620 919 ad

2033 947 2269 1015 piissimi
2311 949 2650 1017 imperatoris
2699 953 2868 1006 nostri
2901 969 3058 1008 aures
3105 953 3252 1022 fama
3293 955 3618 1023 pervaderet.

2037 1037 2317 1095 Hactenus
2346 1057 2408 1096 ca
2438 1042 2503 1095 de
2533 1042 2794 1113 Gregorio
2817 1052 3010 1098 narrat
3031 1043 3319 1109 Leon'ius,
3343 1061 3467 1108 quia
3489 1056 3623 1100 ante

2031 1129 2325 1183 concilium
2375 1141 2572 1202 gesta;
2625 1149 2752 1186 nam
2795 1133 2984 1187 statim
3029 1134 3276 1204 excipit:
3324 1133 3458 1190 Inde
3499 1145 3621 1204 post

2033 1219 2222 1275 multos
2261 1221 2370 1275 dies
2404 1222 2600 1277 adsunt
2628 1225 3310 1294 episcopi'Alexandrinus,
3337 1226 3624 1280 Antioche-

2032 1329 2149 1376 nus,
2185 1313 2482 1370 Orientales
2515 1333 2692 1370 omnes
2721 1335 2736 1370 :
2779 1317 3054 1371 Romanus
3079 1319 3434 1388 uero,qttippe
3469 1318 3626 1388 gmvi

2031 1403 2210 1456 morbo
2249 1404 2520 1470 detentus,
2555 1406 2794 1460 libellum
2835 1408 3001 1462 mittit
3028 1408 3248 1477 propria
3275 1424 3442 1462 manu
3500 1423 3622 1462 con-

2029 1496 2303 1565 scriptum.
2331 1495 2437 1550 Sed
2479 1495 2771 1565 aliquando
2795 1499 3012 1554 tandem
3039 1499 3390 1570 imperatoris
3409 1514 3616 1556 nomen

2031 1588 2236 1656 prodit,
2259 1603 2386 1642 cum
2408 1602 2470 1640 ea
2493 1588 2838 1657 exsequitur,
2854 1605 2976 1660 qua:
2997 1599 3118 1660 post
3147 1591 3420 1662 synodum
3449 1599 3574 1646 acta
3600 1607 3617 1646 :

2031 1677 2283 1746 Confecta
2319 1695 2476 1748 porro
2511 1679 2834 1750 (inquiens)
2870 1691 3218 1736 sacrosancta
3251 1683 3452 1753 synodo
3487 1682 3630 1738 Cre-

2027 1768 2176 1838 gorio
2193 1783 2368 1822 omnes
2390 1769 2748 1838 gratulari....
2775 1780 2830 1823 at
2847 1780 3042 1839 pratter
3061 1782 3277 1827 caeteros
3311 1773 3622 1827 incredibile

1958 1855 2000 1910 Β
2029 1861 2161 1929 cepit
2195 1876 2260 1914 ea:
2291 1860 2500 1914 homine
2531 1861 2852 1916 desiderium
2887 1864 3158 1934 piissimus
3196 1866 3486 1934 imperator
3521 1882 3619 1920 no-

2023 1961 2130 2006 ster
2158 1949 2523 2016 Justinianus,
2557 1964 2874 2024 senatusque
2895 1959 3193 2010 uniuersus.
3215 1954 3296 2010 Ex.
3327 1956 3431 2010 boc
3469 1957 3618 2028 quod

2021 2040 2318 2096 Caietanus
2377 2043 2632 2111 putarit,
2701 2047 2954 2100 eumdem
3017 2047 3164 2102 hunc
3224 2048 3614 2118 imperatorem

2024 2131 2190 2187 fuisse
2245 2129 2336 2202 qui
2380 2135 2648 2206 Gregorio
2679 2136 3005 2206 gratulatus,
3033 2147 3196 2207 atque
3225 2139 3379 2194 illum
3421 2141 3514 2209 qui
3561 2150 3621 2199 et

2022 2224 2310 2278 concilium
2332 2224 2516 2295 jussit,
2558 2233 2614 2280 et
2646 2225 2714 2281 de
2747 2225 2996 2296 Gregorii
3042 2229 3246 2284 vit-tute
3279 2227 3480 2284 famam
3513 2245 3611 2285 es-

2022 2316 2263 2384 ccperit,
2296 2327 2355 2369 ut
2389 2316 2513 2371 inde
2551 2317 2806 2374 conﬁciat
2828 2357 2844 2382 ,
2879 2315 3190 2374 Iustiniano
3237 2319 3259 2375 ι
3295 2320 3615 2378 Constanti-

2023 2405 2205 2475 nopoli
2249 2406 2557 2476 imperante
2587 2407 2778 2462 eadem
2811 2407 2866 2462 in
2909 2411 3044 2465 urbe
3079 2411 3427 2466 diversatum
3472 2410 3602 2472 Gre.

2023 2499 2270 2568 gorium,
2309 2515 2484 2568 eoque
2527 2499 2838 2556 interfuisse
2885 2502 3093 2572 synodo
3135 2519 3165 2556 v
3215 2504 3609 2568 mcumenicze,

2025 2589 2176 2644 nullo
2214 2590 2378 2644 modo
2423 2590 2763 2658 probandus.
2807 2592 2865 2647 Si
2895 2592 3188 2648 Iustiniani
3233 2594 3373 2664 Aug.
3405 2609 3610 2650 nomen

2022 2679 2344 2749 protulisset
2383 2680 2648 2740 Leontius
2671 2723 2686 2749 ,
2718 2701 2844 2740 cum
2883 2685 2968 2739 vel
3005 2686 3278 2756 synodum
3311 2685 3610 2752 indixisse,

2021 2771 2106 2825 vel
2139 2771 2357 2841 famam,
2379 2773 2660 2829 inandisse
2688 2774 2940 2846 Gregorii
2967 2787 3234 2832 memorat
3258 2815 3274 2842 ,
3299 2787 3449 2832 certe
3479 2777 3610 2848 qui-

2022 2863 2144 2920 dem
2175 2877 2355 2928 esset,
2384 2881 2482 2920 cur
2519 2868 2716 2923 merito
2757 2869 3168 2924 sanctissimum
3216 2870 3494 2926 hominem
3538 2871 3608 2925 ad

2021 2953 2315 3011 Iustiniani
2341 2954 2376 3010 IT
2390 2969 2973 3028 tempora-revocaret:
3010 2962 3104 3018 sed
3127 2962 3273 3017 enim
3299 2961 3447 3033 quod
3471 2961 3607 3017 illud

2021 3059 2254 3116 usurpat
2292 3049 2344 3102 in
2383 3065 2566 3105 rerum
2607 3053 2944 3116 narratione,
2981 3067 3107 3122 qua}
3135 3068 3392 3123 magnam
3439 3068 3605 3126 syno-

2023 3139 2150 3192 dum
2184 3151 2528 3208 οοιιεοειιῑιε,
2589 3142 2758 3198 libere
2815 3144 3082 3210 dicimus,
3123 3143 3428 3201 foedissimo
3471 3145 3610 3200 vitio

2023 3229 2273 3284 laborare
2293 3231 2496 3304 egregii
2525 3234 2627 3288 viri
2657 3235 2997 3304 opinionem.
3027 3234 3201 3292 Porro
3231 3237 3367 3293 illud
3388 3247 3612 3294 constat

2022 3334 2088 3375 ex
2111 3319 2438 3390 Theophane
2461 3327 2870 3380 accuratissima
2893 3324 3208 3384 Graecarum
3235 3343 3418 3384 rerum
3464 3327 3612 3386 scri-

2021 3420 2202 3482 ptore,
2233 3409 2608 3469 Iustinianum
2637 3413 2681 3470 ll
2701 3432 2733 3469 a
2763 3427 2918 3488 patre
2939 3419 3302 3474 Constantino
3324 3417 3609 3489 Pogonato

2023 3504 2334 3576 Augusmm
2366 3505 2760 3574 renuntiatum,
2796 3524 2888 3564 ea.
2917 3509 3186 3581 dignitate
3215 3507 3407 3580 ejectis
3433 3507 3614 3564 Hera-

2023 3595 2132 3650 clio
2191 3605 2245 3650 et
2289 3593 2512 3653 Tiberio
2565 3595 2871 3664 fratribus,
2918 3617 3064 3656 anno
3099 3601 3320 3670 imperii
3361 3599 3454 3655 sui
3504 3599 3608 3664 l5,

2021 3687 2167 3754 quod
2219 3687 2352 3758 iniit;
2405 3705 2548 3744 anno
2614 3690 2756 3754 668,
2806 3706 2997 3746 mense
3037 3689 3205 3748 Iulio.
3253 3691 3388 3746 Cum
3441 3690 3612 3762 igitur

2023 3794 2209 3833 mense
2229 3777 2374 3832 Iulio
2397 3779 2524 3833 anni
2555 3779 2660 3835 680
2709 3779 3109 3837 Constantinus
3153 3781 3294 3852 Aug.
3329 3781 3483 3850 regni
3519 3779 3607 3835 sui

2022 3883 2226 3923 annum
2273 3869 2341 3925 l3
2389 3870 2698 3934 incltoarit,
2743 3874 2932 3926 eodem
2976 3887 3120 3926 anno
3163 3871 3479 3936 desinente,
3521 3870 3608 3924 vel

2023 3973 2167 4016 novo
2205 3961 2306 4017 681
2353 3962 2406 4016 in
2454 3961 2666 4032 imperii
2717 3963 3056 4019 consortium
3090 3961 3301 4018 ascitus
3339 3960 3611 4017 Iustinia-

2023 4067 2127 4108 nus
2162 4051 2224 4108 F.
2263 4068 2291 4107 a
2329 4063 2501 4120 patre,
2535 4053 2636 4109 hoc
2665 4043 3048 4119 est,‘nondum
3089 4054 3300 4126 synodo
3335 4051 3604 4108 confecta.

2024 4141 2139 4200 Hoc
2164 4155 2232 4212 ,et
2270 4145 2398 4199 Illud
2433 4145 2673 4212 accedit,
2717 4146 2900 4200 datam
2940 4145 3136 4201 Ioanni
3191 4143 3360 4216 Cypri
3421 4144 3608 4199 archi-

2029 4233 2289 4306 episcopo
2338 4235 2744 4306 lIellespontum
2787 4237 3124 4308 provinciam
3179 4253 3230 4290 vt
3261 4236 3314 4290 in
3358 4235 3603 4308 synodo,

2023 4336 2247 4382 auctore
2291 4326 2600 4382 Iustiniano
2635 4327 3029 4392 thinotmeto,
3068 4329 3214 4398 quod
3249 4323 3455 4382 diserte
3493 4335 3608 4380 tra-

2022 4419 2195 4474 ditum
2253 4435 2283 4474 a
2326 4419 2690 4476 Constantino
2746 4421 3261 4491 I’orpltyrogenneta
3315 4419 3494 4487 capite
3536 4417 3608 4472 47

336 4503 558 4561 Christe
607 4503 774 4569 Deus,
813 4519 914 4575 ago
961 4503 1057 4559 tibi
1101 4505 1336 4575 gratias,
1387 4519 1556 4574 supra
1615 4522 1781 4576 quam
1824 4506 1934 4561 dici
1966 4521 2011 4581 ι)
2040 4510 2113 4564 De
2165 4510 2310 4563 adnt.
2362 4511 2488 4580 imp.
2538 4525 2568 4564 a
2621 4511 2779 4565 nobis
2824 4521 2982 4564 antea
3033 4510 3242 4580 integre
3289 4508 3606 4578 producto:

337 4606 522 4665 queat,
549 4597 740 4651 maxin'
755 4613 815 4651 as
841 4612 854 4628 ·
927 4611 1125 4650 am'am
1153 4613 1352 4652 numen
1380 4599 1555 4654 sentio
1584 4611 1638 4654 tu
1653 4613 1764 4666 um,
1806 4617 1920 4670 quo

339 4689 595 4758 perfusus
624 4685 869 4742 (Saxetani
908 4703 1072 4742 verna
1118 4689 1265 4742 nullo
1299 4691 1522 4745 omnino
1566 4691 1770 4746 diluam
1821 4707 1924 4747 ne.

338 4779 507 4850 gotio.
554 4778 886 4834 Evolvamus
918 4778 1132 4834 Leontii
1175 4777 1494 4851 Historiam,
1539 4782 1784 4853 illudque
1823 4799 1922 4840 ex.—

336 4873 661 4941 pendamus,
693 4873 977 4943 ecquando
1007 4873 1171 4942 312
1194 4873 1546 4944 imperatoris
1574 4890 1773 4930 nomen
1804 4875 1919 4944 pri-

337 4977 430 5028 mo
456 4963 777 5032 prodiderit,
797 4971 866 5018 ut
892 4965 1112 5019 tandem
1143 4964 1273 5018 illud
1299 4973 1500 5035 pateat.
1525 4981 1689 5036 quam
1714 4967 1921 5038 impro-

337 5056 406 5109 be
431 5055 724 5112 Caietanus
749 5071 904 5112 ex'co
930 5059 1292 5124 contenderit,
1314 5058 1640 5128 Gregorium
1670 5069 1916 5116 nostrum

337 5148 560 5205 duxisse
581 5163 756 5204 aevum
800 5149 905 5206 sub
927 5147 1233 5206 Iustiniano
1263 5149 1302 5204 I.
1355 5149 1499 5208 Sane
1533 5153 1915 5222 imperatorem

337 5243 515 5310 primo
551 5241 737 5296 laudat
756 5240 1040 5306 Leontius,
1074 5243 1239 5297 tacito
1273 5253 1452 5298 tamen
1492 5246 1716 5300 nomine
1743 5286 1757 5308 ,
1793 5260 1914 5299 cum

340 5331 532 5384 scribit
557 5351 570 5386 :
602 5332 626 5385 1
633 5333 733 5386 mle
756 5342 872 5402 post
904 5331 1107 5404 aliquot
1133 5335 1245 5389 dies
1273 5353 1366 5405 per
1397 5334 1803 5390 Constantinum
1829 5354 1948 5406 psus

340 5421 424 5474 tiit
468 5420 836 5491 (Gregorius)
867 5423 932 5478 ab
968 5427 1357 5496 archiepiscopo
1376 5467 1392 5492 ,
1445 5437 1501 5481 ut
1529 5429 1708 5496 ipsttm‘
1735 5428 1918 5497 fausta

338 5522 585 5583 precatus
626 5515 912 5570 dimitteret
949 5532 968 5571 :
1016 5519 1062 5572 is
1106 5535 1223 5572 vero
1255 5517 1565 5590 Gregorium
1603 5523 1917 5575 accersitum

341 5617 512 5670 rogat,
549 5621 852 5675 exspectare
881 5609 1001 5662 uelit
1039 5609 1473 5679 aliquantulum:
1517 5613 1786 5666 inimicum
1823 5613 1917 5666 Ito-

342 5691 536 5752 tninem
564 5693 623 5746 in
651 5695 820 5746 medio
856 5697 1022 5750 tritici
1050 5699 1324 5753 catholica:
1355 5697 1604 5754 Ecclesia:
1634 5702 1920 5754 seminasse

350 5781 559 5840 sisania
585 5785 899 5844 :mandasse
919 5790 1216 5858 piissimum
1249 5791 1636 5860 imperatorem,
1670 5803 1726 5846 ut
1763 5792 1918 5847 colle-

2022 4595 2272 4670 Ἐγένετο
2291 4601 2572 4672 οἰκονομία
2598 4601 2747 4672 παρὰ
2774 4600 2870 4656 τοῦ
2901 4599 3170 4672 βασιλέως
3204 4595 3592 4653 Ἰουστινιανοῦ

2021 4695 2080 4747 ὲν
2107 4695 2173 4765 τῇ
2202 4694 2334 4764 ἁγίᾳ
2355 4693 2488 4766 ἕκτῃ
2519 4693 2740 4766 συνόδῳ.
2775 4693 2906 4748 Inde
2935 4693 2994 4748 Iit
3023 4691 3427 4757 Iustinianum,
3453 4698 3607 4744 ante-

2022 4799 2185 4856 quam
2230 4785 2474 4855 synodus
2507 4785 2917 4850 dimitteretur,
2955 4784 3070 4854 jam
3105 4781 3388 4852 Augustali
3432 4795 3604 4836 orna-
3658 4791 3666 4800 '

2021 4885 2136 4932 tum
2165 4875 2424 4946 dignitate
2445 4915 2458 4938 ,
2492 4876 2546 4930 in
2579 4875 2738 4946 cujus
2767 4875 2997 4946 gratiam
3048 4873 3369 4930 Constantia
3398 4871 3600 4946 Cypri,

2021 4966 2348 5024 IuStinianat
2398 4967 2514 5022 sive
2541 4965 2999 5038 Instinianopolis
3032 4983 3188 5022 novae
3211 4977 3369 5021 nacta
3399 4980 3601 5020 nomen

2021 5056 2210 5112 eadem
2247 5057 2299 5112 in
2333 5057 2561 5128 synodo.
2590 5057 2763 5128 Negat
2801 5057 2904 5113 boc
2929 5053 3269 5126 Nicepltorus
3309 5055 3404 5110 lib.
3450 5071 3599 5118 xvu,

2020 5163 2142 5218 cap.
2181 5147 2252 5202 28
2302 5148 2373 5204 ΙΙ.
2407 5147 2476 5202 E.
2503 5191 2517 5214 ,
2561 5150 2652 5219 qui
2703 5151 2771 5202 ab
2801 5147 3112 5204 Iustiniano
3153 5148 3178 5202 1
3221 5164 3418 5204 nomen
3466 5146 3600 5202 illud

2021 5242 2447 5311 partumfscribit
2471 5243 2696 5296 honoris
2719 5257 2849 5313 ergo
2877 5241 3178 5297 Theodore:
3203 5242 3412 5302 uxoris,
3433 5255 3599 5310 quam

2019 5331 2184 5386 domo
2215 5332 2468 5403 Cypriam
2501 5332 2764 5401 perhibet.
2809 5331 3018 5388 Verum
3041 5349 3148 5387 non
3185 5348 3250 5387 ea
3281 5330 3384 5384 viri
3408 5340 3599 5384 aucto-

2021 5425 2175 5489 ritas,
2231 5433 2292 5478 ut
2322 5425 2400 5478 vel
2431 5404 2679 5494 ingratiis
2717 5440 3014 5479 assensum
3062 5441 3091 5481 a
3126 5441 3210 5480 me
3241 5431 3592 5493 extorqueat.

2018 5515 2106 5570 Ait
2148 5515 2266 5579 ille,
2301 5515 2670 5580 Constantia),
2705 5517 2846 5586 quod
2892 5511 3196 5571 Theodore:
3229 5517 3370 5584 Aug.
3421 5529 3595 5570 cunas

2019 5609 2315 5679 praibuerit
2335 5648 2348 5672 ,
2391 5609 2531 5663 idem
2565 5613 2882 5664 usuvcnisse
2906 5651 2922 5676 ,
2973 5625 3139 5679 atque
3169 5608 3394 5663 Acltridi
3423 5604 3594 5660 Iusti«

2019 5699 2170 5754 niani
2209 5700 2349 5769 Aug.
2382 5701 2592 5770 patrita,
2618 5698 3065 5770 archiepiscopali
3095 5699 3300 5754 scilicet
3335 5690 3588 5752 alfectam

2020 5790 2281 5862 dignitate
2323 5791 2390 5849 ab
2422 5787 2730 5847 Iustiniano
2759 5789 2812 5860 I,
2853 5791 2998 5863 quod
3033 5790 3317 5847 manifeste
3357 5786 3590 5853 falsum;
