3930 6372
249 381 372 446 1233

1598 383 2136 470 ΒΙΞΞΕΒΤΑἹἸΟέ

3344 419 3486 486 1911.

240 513 352 602 cunt
392 497 548 602 longe
599 510 729 558 ante
780 516 1026 577 tempore
1067 510 1408 571 Constantia:
1457 521 1806 590 metropolita
1837 532 1880 586 Α
1915 540 2036 578 nent
2063 525 2130 578 ad
2157 522 2770 598 Iustinianillempora
2793 529 3080 598 elevantts,
3107 545 3287 602 Operae
3309 543 3496 592 tamen

239 591 588 660 ᾳύτυκέφαὶος
621 596 1068 672 archiepiscopus
1093 606 1370 669 audierit,
1400 611 1547 678 quod
1581 628 1610 665 a
1647 613 1807 669 nobis

239 683 676 741 demonstratum.
707 687 762 743 Si
785 691 974 760 lapsus
1000 694 1053 748 in
1084 697 1168 750 via
1190 708 1299 752 tam
1329 700 1514 767 plana,
1539 702 1671 772 quid
1705 705 1808 759 mi-

236 788 370 840 rum,
401 777 486 832 ubi
515 778 780 836 salebrae?
800 782 988 855 Neque
1011 787 1214 844 desunt
1243 790 1470 858 indicia,
1497 811 1619 864 qua:
1642 793 1806 852 Nice-

233 868 380 940 phori
415 871 894 934 hallucinationem
923 880 1202 950 detegant.
1231 883 1522 940 Enimvero
1561 895 1672 943 tres
1702 903 1806 942 nu-

235 962 846 1024 merantur-Iustinianae
881 989 894 1026 :
925 973 1144 1040 Achris,
1169 991 1288 1043 qua:
1318 973 1338 1028 l
1364 1015 1379 1041 ,
1420 977 1656 1048 Cyprus,
1687 979 1804 1034 sive

233 1053 570 1124 Constantia,
621 1075 743 1128 quin
795 1060 874 1128 ll,
938 1062 1213 1135 Carthago
1243 1107 1260 1134 ,
1317 1084 1438 1136 qua:
1478 1068 1582 1138 lll,
1625 1087 1802 1142 eoque

232 1143 413 1235 ordine
465 1161 497 1202 a
549 1147 788 1222 Georgio
837 1151 1052 1208 Codino
1098 1168 1488 1226 percensent-tr
1529 1178 1542 1215 :
1600 1161 1796 1235 Πρώτη

231 1233 575 1327 ’1ουστινιανὴ
619 1243 816 1313 ’Λχρις
838 1285 852 1302 .
893 1245 1125 1320 δευτέρα
1165 1251 1196 1320 ἠ
1229 1250 1479 1324 Κύπρος,
1508 1255 1606 1307 καὶ
1637 1233 1797 1327 τρίτή

227 1325 259 1396 ἠ
299 1328 620 1400 Καρχηδὼν.
664 1335 992 1405 Actu-idem,
1024 1348 1079 1394 et
1105 1339 1490 1414 Carthaginem
1521 1345 1592 1400 ab
1628 1325 1798 1403 tnui;

227 1419 383 1478 niano
423 1423 442 1476 l
492 1441 692 1481 novum
737 1429 1051 1488 obtinuisse
1109 1449 1310 1490 nomen
1370 1445 1518 1506 patet
1567 1452 1632 1494 ex
1677 1441 1798 1510 ejus

227 1511 393 1588 novel.
428 1531 504 1580 tit,
533 1516 718 1572 collat.
753 1518 808 1584 2,
845 1537 900 1578 n.
935 1522 989 1588 ϐ,
1021 1530 1139 1578 tum
1166 1539 1232 1579 ex
1255 1525 1351 1580 lib.
1387 1542 1438 1590 I,
1479 1543 1530 1583 c.
1561 1529 1639 1582 De
1663 1530 1794 1600 oﬁic.

221 1603 366 1674 praef.
420 1617 578 1674 prwt.
636 1609 758 1678 Afr.
819 1609 914 1666 Lis
963 1611 1134 1684 igitur
1181 1615 1250 1672 de
1299 1631 1405 1672 una
1453 1617 1791 1676 Constantia.

227 1696 377 1766 Atqui
404 1712 527 1752 cum
561 1699 676 1756 haec
721 1703 913 1758 ordine
941 1706 1156 1760 dicatur
1195 1706 1234 1760 2
1257 1747 1272 1772 ,
1315 1723 1439 1764 cum
1481 1726 1514 1765 a
1542 1709 1794 1766 Patribus

229 1802 274 1841 rt
299 1791 488 1860 synodi
525 1809 664 1848 nova
696 1797 1002 1864 appellatur
1029 1796 1347 1872 Iustiniana
1375 1817 1502 1858 can.
1534 1803 1624 1867 '59,
1651 1803 1793 1860 ὥστε

225 1874 312 1951 τὴν
353 1877 480 1932 νέαν
533 1879 1080 1942 Ἰουστινιανούπολιν
1129 1889 1192 1943 eo
1243 1891 1452 1946 δίκαιον
1513 1892 1654 1964 ἒχειν
1697 1894 1796 1964 τῆς

226 1966 626 2056 Κωνστπντινου
639 1974 846 2040 πόλεως
864 2021 881 2045 ,
913 1989 970 2033 ut
995 1997 1129 2036 nova
1151 1980 1467 2039 Iustiniana
1485 1985 1578 2056 jus
1604 1985 1795 2041 habeat

229 2055 706 2133 Constantinopolis
727 2107 744 2132 ,
779 2083 890 2124 non
920 2069 1200 2128 immerito
1237 2074 1368 2129 hinc
1401 2055 1660 2143 coniicio,
1695 2076 1795 2132 Iu-

225 2151 500 2210 stinianam
525 2157 732 2215 dictam
757 2159 1141 2220 Constantiam
1161 2167 1230 2223 ab
1251 2165 1564 2225 Iustiniano
1585 2170 1656 2236 ll,
1685 2187 1794 2227 non

226 2241 262 2298 L
289 2243 344 2298 Si
369 2247 517 2301 enim
545 2249 644 2314 al,
679 2251 825 2309 haud
854 2269 1053 2312 noram
1085 2257 1238 2312 illam
1271 2270 1557 2317 vocassent
1576 2263 1792 2318 concilii

225 2333 431 2404 Patres,
463 2341 692 2410 quando
721 2359 840 2400 eam
883 2348 1076 2404 ordine
1112 2351 1448 2420 sequebatur
1474 2352 1749 2424 Carthago
1775 2393 1790 2420 ,

222 2441 329 2496 quae
357 2445 481 2486 vere
509 2447 674 2502 nova,
707 2433 976 2504 siquidem
1034 2438 1352 2497 Constantia
1383 2443 1454 2496 ab
1477 2441 1793 2502 Iustiniano

223 2517 630 2580 ldenominata.
673 2525 830 2592 Quod
871 2529 1039 2598 igitur
1082 2532 1276 2600 synodi
1316 2549 1364 2586 vt
1415 2533 1613 2590 Patres
1645 2537 1790 2590 Con-

221 2615 456 2670 stantiam
489 2616 682 2673 dicant
708 2618 838 2674 νὲαν
872 2620 1420 2678 Ἰουστινιανυύπολιν
1459 2638 1788 2698 argumento

220 2713 325 2768 est,
363 2723 571 2762 novum
614 2710 749 2764 illud
802 2710 977 2768 fuisse
1007 2729 1246 2782 nomen,
1287 2733 1399 2786 quo
1432 2727 1545 2772 tum
1590 2720 1789 2776 donata

219 2794 526 2859 Constantia
556 2841 570 2866 ,
603 2817 834 2872 eamque
869 2804 1078 2860 idcirco
1118 2808 1418 2863 secundam
1445 2810 1650 2866 dictant
1689 2812 1788 2868 Iu-

221 2889 525 2958 stinianam,
545 2910 668 2963 quae
693 2910 882 2950 revera
911 2900 1172 2966 temporis
1197 2912 1448 2971 respectu
1467 2907 1788 2976 tertia.qu—ia

217 2983 375 3050 patria
417 2985 692 3058 Augusti,
756 3003 868 3058 quo
913 2992 1142 3048 nomine
1209 2997 1569 3064 praeponenda
1627 2998 1790 3054 fuerit

217 3075 550 3149 Carthagini,
575 3080 843 3138 incolumi
877 3091 1134 3138 manente
1165 3086 1389 3140 Acltridi
1415 3085 1738 3145 Iustinianae
1768 3092 1788 3145 l

216 3176 642 3242 ttomeuclatura,
672 3177 804 3246 quia
834 3175 1132 3234 Iustiniani
1161 3181 1180 3235 l
1227 3183 1422 3250 patria.
1455 3181 1574 3237 Non
1605 3185 1783 3240 solum

217 3263 387 3334 igitur,
417 3267 569 3336 quod
595 3265 942 3325 Iustiniauus
974 3269 1012 3322 ll
1035 3285 1064 3324 a
1097 3248 1289 3342 synodi
1318 3289 1368 3326 Vl
1403 3271 1654 3330 Patrilius
1686 3292 1784 3330 νο-
1813 3248 1856 3305 c

222 3357 370 3413 luerit
406 3359 649 3415 dandam
700 3360 867 3432 Cypri
913 3362 1329 3434 archiepiscopo
1377 3365 1786 3437 Hellespontum

218 3452 543 3518 provinciam
577 3467 704 3508 cum
745 3455 1154 3524 αὐτοκεφαλίας
1200 3458 1347 3529 jure,
1393 3461 1670 3530 ostendit,
1716 3476 1790 3518 eo

218 3551 318 3598 tum
353 3553 603 3615 tempore
627 3547 740 3616 jam
772 3547 1084 3618 Augustum
1117 3551 1420 3608 salutatum
1457 3553 1649 3623 illum,
1691 3556 1786 3612 sed

215 3637 367 3692 etiam
415 3638 569 3708 quod
620 3638 690 3694 ab
745 3639 942 3696 iisdem
999 3642 1255 3699 Patribus
1309 3647 1406 3700 νέα
1473 3649 1788 3700 Ἰουστινια-

215 3731 452 3796 vatiuati;
482 3739 786 3803 usurpatur
813 3735 1142 3790 Constantia
1171 3780 1186 3801 ,
1227 3753 1352 3794 cum
1381 3754 1523 3794 nova
1559 3740 1788 3795 urbibus

218 3824 428 3880 nomina
473 3827 548 3880 ab
581 3825 852 3898 Augustis
883 3829 1316 3899 imponerentur.
1365 3833 1526 3888 Proin
1566 3847 1690 3888 cum
1731 3833 1786 3887 in

217 3916 572 3974 Anastasiana
605 3919 906 3988 Agathonis
951 3923 1060 3976 vita
1099 3923 1370 3994 legimus:
1426 3925 1517 3978 Ita
1563 3925 1789 3980 discidio

216 4007 413 4063 sublato
443 4009 716 4080 (loquitur
741 4025 873 4064 vero
896 4009 966 4066 de
993 4013 1158 4068 rebus
1181 4014 1236 4066 in
1269 4015 1480 4084 synodo
1504 4013 1787 4084 Trullana,

219 4097 312 4152 hoc
336 4109 418 4154 est
453 4115 506 4155 Vl
537 4100 880 4156 moumenica
908 4103 1076 4172 gestis
1101 4105 1120 4176 )
1189 4104 1433 4178 civilique
1462 4107 1602 4161 inter
1631 4107 1788 4162 Chri-

216 4189 402 4246 stianos
423 4191 566 4247 bello
598 4196 906 4264 composito,
932 4195 1166 4252 Joannes
1189 4201 1459 4268 episcopus
1483 4197 1789 4254 Parmensis

216 4280 293 4334 die
313 4280 610 4351 Paschate,
659 4302 838 4340 coram
893 4289 1129 4357 principe
1173 4289 1334 4360 313
1379 4307 1440 4344 ac
1474 4290 1790 4346 Patriarclta

216 4372 266 4423 in
309 4370 549 4429 Ecclesia
582 4373 753 4430 beatae
807 4376 1020 4448 Saphia:
1069 4380 1285 4432 missam
1347 4380 1516 4434 latine
1563 4380 1792 4435 celebrat

215 4467 444 4522 omnibus
473 4469 896 4523 acclamantibus
921 4471 1388 4543 piissimarumque
1433 4474 1618 4528 laudes
1653 4491 1791 4544 prte-

1909 616 2142 684 pretium
2181 615 2454 671 facturum
2491 633 2578 672 me
2607 618 2774 684 duco,
2811 621 2859 674 si
2903 621 3137 692 reliqua,
3173 637 3297 693 quae
3328 625 3491 681 Caie-

1911 715 2041 761 tano
2074 708 2326 777 opposui,
2363 709 2497 762 mihi
2535 725 2642 764 non
2681 727 2836 780 aeque
2868 713 3093 768 adversa
3131 716 3486 772 ostenderim.

1907 799 2084 868 Atque
2115 801 2358 853 omnium
2387 801 2623 870 primum
2643 803 3018 858 characterem
3045 805 3196 860 illum
3216 805 3366 862 feria:
3386 823 3484 874 vn,

1905 907 2014 961 quo
2049 892 2279 962 insignis
2312 893 2428 948 dies
2479 895 2538 947 11
2589 893 2960 964 Septembris,
3017 913 3144 951 cum
3189 897 3483 966 Gregorius

1904 982 2077 1038 Roma
2111 985 2282 1038 redux
2315 983 2366 1037 in
2397 985 2874 1055 Agrigentinorum
2911 987 3218 1057 emporium
3250 992 3480 1059 appulit,

1903 1090 2088 1130 causa)
2126 1083 2329 1130 nostra;
2377 1085 2713 1131 momentum
2749 1077 2946 1132 addere
2991 1094 3099 1133 non
3139 1080 3285 1143 ‘leve,
3334 1083 3483 1136 deteo

1901 1183 2061 1238 gam;
2107 1183 2340 1238 eamque
2369 1169 2441 1224 ob
2475 1185 2700 1226 causam
2740 1185 2940 1224 novum
2977 1171 3260 1227 instituam
3302 1173 3482 1229 Cano-

1903 1277 2024 1315 nem
2061 1261 2130 1316 ab
2163 1276 2308 1315 anno
2339 1260 2466 1324 682,
2500 1261 2554 1315 in
2601 1277 2712 1332 quo
2753 1263 2962 1332 primus
3010 1263 3311 1318 absolvitur
3343 1265 3480 1320 Gre-

1885 1353 2040 1424 gorii
2095 1354 2448 1424 pontificatus
2509 1367 2724 1417 annus,
2785 1353 2850 1406 ad
2911 1353 3044 1412 7ll,
3098 1354 3191 1424 qui
3253 1355 3480 1410 ultimus

1897 1445 2284 1500 Iustiniani."
2332 1449 2494 1516 Aug.,
2534 1446 2592 1500 in
2623 1461 2800 1516 eoque
2840 1453 3097 1512 statuam,
3132 1461 3255 1516 quae
3279 1463 3479 1517 propo-

1889 1539 2006 1594 sito
2039 1548 2231 1594 nostro
2265 1539 2600 1594 conducant.

1968 1631 2070 1686 An.
2105 1633 2234 1688 Chr.

1969 1723 2092 1780 682.
2136 1724 2344 1780 Desinit
2383 1725 2597 1795 Agatho
2641 1723 2705 1779 P.
2754 1723 2828 1780 M.
2859 1724 2951 1780 die
2997 1723 3066 1778 10
3097 1725 3340 1780 Januarii
3384 1741 3480 1780 ca-

1897 1817 2116 1888 ruitque
2171 1817 2418 1873 Romana
2465 1818 2706 1874 Ecclesia
2772 1833 3095 1874 successore
3145 1834 3350 1872 almum
3415 1819 3480 1882 l,

1898 1926 1976 1964 m.
2011 1911 2142 1975 7,d.
2202 1911 2256 1966 5.
2304 1912 2539 1979 (Anast.
2593 1910 2852 1965 Bibliotlt.
2905 1911 2958 1964 in
3011 1911 3231 1980 Agatb.,
3283 1919 3480 1964 auctor

1897 2000 2101 2056 Chron.
2147 2001 2514 2069 Fossmnovee,
2555 2018 2872 2074 quanquam
2919 2012 3066 2058 erret
3099 2003 3150 2056 in
3187 2001 3477 2056 emortuali

1898 2107 2042 2146 anno
2072 2093 2432 2163 designando,
2466 2093 2604 2164 alii.)

1967 2184 2092 2238 685.
2131 2182 2241 2238 Leo
2273 2183 2316 2238 ll
2355 2183 2577 2239 Siculus
2614 2181 2675 2237 Ρ.
2725 2181 2796 2238 Μ.
2830 2191 3049 2238 creatur
3079 2181 3167 2236 die
3197 2179 3264 2235 10
3303 2181 3473 2252 Aug.,

1895 2275 1987 2346 qui
2029 2274 2404 2344 pontiﬁcatum
2450 2277 2618 2348 gessit
2661 2291 2735 2330 m.
2786 2274 2874 2342 10,
2917 2275 3115 2337 ι1..,18.
3149 2275 3380 2346 (Anast.
3417 2273 3472 2328 in

1894 2367 2090 2437 Leon.)

1965 2459 2090 2516 684.
2132 2459 2242 2516 Leo
2277 2459 2318 2514 ll
2353 2461 2467 2516 obit
2497 2459 2568 2514 28
2604 2459 2776 2526 Junii,
2821 2461 2909 2516 cui
2955 2459 3204 2515 succedit
3233 2465 3357 2528 post
3385 2457 3472 2510 in-

1894 2553 2315 2621 terpontilicium
2359 2553 2632 2608 mensium
2673 2554 2727 2618 5,
2773 2553 2830 2608 d.
2898 2555 2984 2618 l8,
3038 2553 3364 2610 Benedictus
3406 2549 3470 2634 ll.

1894 2641 2118 2712 (tut-ni.)

1963 2735 2088 2789 685.
2117 2733 2351 2790 Moritur
2381 2735 2710 2792 Benedictus
2742 2735 2786 2789 11
2817 2736 2884 2791 15
2913 2735 3114 2804 Martii,
3142 2737 3302 2807 eiqtte
3326 2736 3474 2790 sullia

1892 2827 2032 2882 citur
2058 2825 2300 2882 Joannes
2331 2825 2394 2888 V,
2421 2828 2494 2882 ‘25
2523 2825 2675 2881 Julii.

1959 2918 2084 2974 685.
2139 2919 2358 2973 Decetlit
2415 2917 2658 2972 ’Ioaunes
2714 2916 2777 2980 V,
2839 2917 2904 2972 15
2957 2916 3096 2987 Aug.
3153 2916 3474 2986 Composito

1892 3005 2130 3078 partium
2166 3007 2398 3061 dissitlio
2440 3007 2818 3076 pontiﬁcatum
2865 3005 2968 3060 init
3014 3007 3208 3060 Conon
3249 3005 3474 3061 Siculus

1889 3099 1950 3156 21
1993 3097 2248 3153 Octobris
2265 3143 2268 3148 .
2685 3141 2690 3145 -

1959 3189 2086 3246 687.
2131 3189 2276 3246 Vixit
2311 3191 2500 3246 Conon
2538 3191 2808 3260 usquead
2854 3190 2926 3245 22
2971 3189 3332 3258 Septembris,
3375 3203 3472 3242 ex-

1891 3282 2202 3353 stinctaque
2263 3282 2558 3336 schismate
2603 3277 2664 3336 P.
2713 3281 2784 3334 Μ.
2840 3280 3184 3334 renuntiatur
3244 3277 3472 3349 Sergius

1889 3374 2314 3435 Panermitantts
2350 3371 2417 3428 l8
2457 3373 2791 3428 Decembris.

1958 3463 2083 3520 688.
2161 3505 2174 3521 .

1959 3555 2084 3612 689.
2158 3594 2174 3612 .

1961 3645 2088 3702 690.
2154 3687 2169 3702 .

1961 3737 2308 3796 69l.-Mcnse
2357 3737 2578 3793 Octobri
2629 3735 2858 3790 Romam
2907 3733 3128 3804 navigat
3174 3734 3472 3805 Gregorius

1891 3833 2066 3902 Stupri
2099 3831 2334 3896 delatus,
2387 3830 2446 3884 P.
2480 3827 2622 3882 Max.
2656 3827 2926 3896 judicium
2963 3827 3274 3890 sobiturus,
3305 3841 3467 3893 quam

1891 3924 2176 3996 ingressus
2220 3919 2516 3976 Novembri
2553 3935 2764 3983 mense,
2815 3919 3001 3988 ibique
3033 3920 3219 3974 statim
3253 3919 3314 3973 in
3345 3933 3470 3972 car-

1892 4029 2046 4070 ceres
2077 4011 2365 4084 conjicitur
2396 4027 2425 4065 a
2460 4010 2672 4080 Sergio.

1961 4105 2088 4160 6927..
2155 4145 2169 4159 .

1965 4287 2089 4341 694.
2129 4287 2202 4340 eo
2242 4287 2475 4356 Aprilis,
2529 4287 2635 4342 hoc
2690 4297 2773 4342 est
2825 4285 3091 4355 postridie
3147 4285 3472 4351 Paschalis,

1894 4380 2140 4436 concilio
2160 4378 2374 4435 sistitur
2403 4379 2724 4450 Gregorius,
2757 4380 3086 4449 cognitaque
3117 4391 3282 4432 causa
3314 4378 3476 4432 inno-

1895 4489 2025 4530 cens
2053 4474 2352 4542 judicatur,
2391 4473 2516 4527 inde
2550 4473 2663 4526 abit
2697 4471 3260 4540 Constantinopolim.

215 4557 546 4624 dicentibus;
600 4561 768 4616 hosce
822 4561 1100 4632 Augustos
1145 4565 1374 4620 omnino
1434 4565 1789 4636 interpretere
1825 4601 1870 4655 Β
1965 4565 2093 4621 695.
2132 4563 2352 4636 Peragit
2401 4564 2611 4619 Pascha
2641 4561 3156 4655 Constantinopoli;
3198 4562 3328 4655 hinc
3364 4559 3479 4655 Ro-

215 4647 632 4708 Coustantinum
653 4662 962 4724 patrem,et
999 4653 1376 4712 Iustinianum
1404 4658 1599 4724 illium,
1629 4660 1723 4730 qui
1757 4675 1790 4715 a

215 4751 366 4810 patre
423 4745 646 4815 imperii
699 4747 912 4817 collega
962 4749 1356 4815 renuntiatus,
1415 4751 1470 4805 in
1519 4754 1788 4822 privatam

215 4833 370 4890 vitam
397 4838 608 4894 abaetis
633 4837 886 4895 Heraclio
939 4849 994 4894 et
1017 4839 1242 4896 Tiberio
1291 4841 1577 4898 fratribus.
1608 4842 1791 4910 Quare

215 4928 354 4996 quod
387 4929 666 4987 Caietanae
699 4931 990 4988 sententia:
1027 4931 1407 4989 ﬁrmissimum
1438 4944 1558 4990 erat
1586 4935 1786 4992 funda-

215 5027 454 5074 mentum
477 5060 494 5088 ,
525 5021 688 5092 plane
743 5021 959 5076 corruit
987 5061 1002 5087 ,
1043 5037 1167 5076 cum
1196 5021 1540 5079 Iustinianus
1569 5064 1584 5088 ,
1625 5039 1788 5094 quem

214 5112 483 5184 praecipue
532 5111 785 5170 nominat
819 5114 1086 5171 Leontius
1123 5124 1177 5170 et
1210 5115 1646 5186 Metaphrastes,
1681 5131 1788 5172 non

215 5215 439 5272 magnus
485 5206 576 5262 ille
614 5208 902 5264 habendus
930 5251 944 5270 ,
996 5208 1098 5264 sub
1146 5224 1258 5280 quo
1311 5210 1708 5278 teet-menicpm
1760 5225 1791 5264 v

215 5296 500 5362 concilium
537 5311 789 5356 coactum
817 5339 832 5364 ,
871 5302 966 5356 sed
1005 5296 1367 5372 Constantini
1392 5300 1656 5372 Pogonati
1689 5302 1750 5358 F.
1772 5343 1789 5370 ,

215 5397 320 5455 quo
366 5389 420 5444 in
477 5392 634 5464 regni
676 5394 1020 5448 consortium
1075 5409 1106 5449 a
1149 5404 1307 5465 patre
1353 5410 1546 5452 recens
1595 5402 1792 5451 vocato

215 5492 406 5538 magna
433 5485 676 5555 synodus
703 5501 757 5540 vt
791 5485 1063 5542 conlecta.

281 5568 470 5628 XXIX.
506 5575 834 5648 Quanquam
884 5578 1041 5649 plura
1081 5595 1190 5632 non
1224 5578 1627 5639 desiderantur,
1683 5593 1793 5648 quo

219 5658 418 5728 liqueat
445 5669 724 5734 omnibus,
755 5668 1080 5740 Gregorium
1108 5659 1552 5726 sub'Iustiniano
1577 5669 1624 5724 ll
1649 5669 1793 5724 Cou-

223 5757 444 5810 stantini
473 5762 646 5830 patris
674 5762 884 5833 collega
912 5779 964 5817 Vl
999 5765 1208 5834 synodo
1239 5763 1593 5825 mcumcnica’.
1621 5763 1792 5818 inter-

227 5844 414 5915 fuisse,
444 5867 615 5925 coque
645 5854 872 5913 omnino
893 5856 1289 5928 cxplodcudam
1316 5855 1561 5914 Caietani
1583 5855 1792 5928 Opinio-

1897 4667 2041 4707 mam
2057 4651 2310 4720 discedit,
2325 4667 2434 4722 quo
2451 4653 2697 4720 pervenit
2713 4649 2948 4708 20Iulii.
2967 4649 3206 4704 Tandem
3224 4651 3290 4705 ad
3309 4652 3479 4706 cccle-

1897 4744 2034 4798 siam
2055 4761 2208 4800 suam
2229 4745 2616 4815 prolicisdtur,
2641 4744 2863 4814 adpellit
2883 4743 2948 4798 ad
2974 4743 3333 4813 Acragantem
3371 4743 3478 4797 llu-

1890 4837 2038 4889 vium
2055 4835 2122 4899 10,
2139 4834 2770 4906 Septembris,postridie
2793 4834 2906 4888 abit
2921 4833 2973 4888 iit
2988 4832 3476 4903 Agrigentinorum

1889 4927 2218 4996 emporium,
2251 4927 2396 4998 quod
2433 4927 2618 4998 attigit
2647 4926 2958 4981 eademntet
2984 4925 3095 4992 die,
3137 4922 3272 4980 feria
3305 4942 3400 4980 vlt.

1961 5019 2076 5076 Hoc
2103 5037 2248 5076 anno
2276 5019 2622 5075 Iustinianus
2663 5017 2704 5072 ll
2736 5020 2877 5090 Aug.
2931 5033 3102 5089 regno
3151 5019 3374 5090 pellitur
3407 5020 3483 5074 ab

1887 5113 2141 5176 Leontio,
2176 5128 2362 5168 mense
2387 5111 2555 5168 Iulio.
2589 5109 2902 5184 (Theoplt.)
2948 5127 2954 5133 ο

1963 5207 2090 5263 696.
2148 5245 2164 5262 .

2128 5337 2453 5446 Absimarus
2497 5337 2756 5444 Tiberius
2805 5369 2970 5459 Aug.,
2997 5399 3188 5445 exacto
3219 5339 3477 5446 Leontio:

1893 5481 2121 5554 (Idem)

1965 5573 2088 5630 699.
2152 5617 2166 5630 .

1965 5667 3345 5724 7i?0...........

1967 5759 2088 5814 70L
2124 5759 2352 5832 Sergius
2379 5759 2442 5815 l’.
2470 5759 2614 5814 Max.
2637 5776 2670 5816 e
2695 5761 2834 5818 rivis
2864 5763 3082 5822 excedit
3111 5761 3179 5819 29
3203 5759 3460 5817 Octobris

1895 5855 2054 5925 eique
2091 5832 2423 5924 subrogatur
2458 5849 2693 5912 Ioannes
2725 5853 2794 5916 Vl.
3435 5844 3462 5867 ’⁸
