3930 6422
408 402 545 472 1315

471 513 600 568 702.
669 549 692 570 ..

475 604 604 664 705.
669 644 684 658 .

475 695 1861 757 701..............

474 785 600 840 705.
635 783 882 840 Joannes
929 784 996 840 Vl
1039 787 1151 844 fato.
1193 785 1441 857 fungitur
1491 788 1521 846 ’Ζ
1566 787 1856 860 Januarii,
1901 792 1990 848 cui

403 877 526 933 Kal.
567 871 776 932 Martiis
809 879 1056 934 succedit
1086 877 1340 936 Joannes.
1364 879 1476 938 γη.

473 968 824 1048 Justinianus
861 968 902 1025 ll
938 970 1135 1026 iterum
1169 984 1393 1041 regnat.

475 1061 1858 1124 706......._'.....

477 1153 580 1210 707
643 1151 894 1210 Joannes
925 1151 1016 1208 VII
1050 1163 1287 1210 mortem
1317 1155 1430 1210 obit
1471 1154 1537 1217 l7
1571 1150 1868 1214 octobris:
1902 1159 1993 1215 die

403 1248 659 1316 sequenti
691 1263 986 1304 successor
1013 1238 1236 1319 eligitur
1268 1247 1546 1314 Sisinnus,
1587 1251 1682 1318 qui
1711 1251 1989 1311 hominem

405 1339 554 1392 exuit
585 1339 652 1393 i6
681 1337 1044 1408 Novembris;
1091 1349 1206 1394 tum
1251 1339 1322 1396 25
1367 1341 1678 1396 Decembris
1715 1340 1990 1402 Constan-

406 1431 556 1487 tinus
589 1429 650 1487 P.
685 1431 757 1486 Μ.
796 1433 1088 1488 salutatur.

481 1521 611 1578 708.
673 1561 690 1578 .

481 1606 608 1664 709.
673 1651 688 1666 .

477 1702 602 1762 7l0.
663 1701 1063 1761 Constantinus
1113 1705 1358 1774 pontifex
1419 1707 1620 1778 migrat
1669 1708 1992 1766 Constanti-

405 1797 670 1866 nepolim.

478 1888 602 1946 7H.
645 1889 788 1948 Idem
820 1887 1048 1944 Romam
1078 1891 1386 1962 regreditur
1415 1893 1487 1950 at
1513 1879 1786 1950 Octobris.
1818 1893 1990 1965 Hujus
2023 1883 2062 1938 Β

401 1980 530 2038 anni
571 1981 764 2046 exitu,
807 1980 894 2036 vel
935 1983 1224 2053 sequentis
1269 1985 1429 2040 initio
1463 1985 1810 2043 Justinianus
1842 1988 1984 2057 Aug.

401 2072 693 2130 occiditur.
1979 2089 1989 2099 ’

471 2163 644 2225 XXX.
678 2167 838 2222 Nunc
865 2165 920 2224 in
953 2168 1276 2222 memoriam
1311 2179 1621 2235 revocetur,
1652 2171 1800 2241 quod
1827 2178 1988 2226 antea

403 2259 675 2324 diximus,
706 2258 1034 2332 Gregorium
1067 2275 1286 2318 menses
1319 2263 1615 2329 admodum
1647 2265 1680 2320 5
1701 2278 1866 2334 supra
1892 2277 1991 2318 an.-

401 2365 508 2406 nos
541 2351 577 2404 2
613 2349 802 2407 Romae
852 2368 883 2407 a
925 2353 1188 2423 pontifice
1225 2354 1508 2410 detentum
1555 2356 1872 2412 carceribus
1920 2355 1991 2410 ob

401 2443 647 2498 delatum
685 2445 864 2514 stupri
910 2445 1030 2514 ejus
1073 2460 1296 2501 nomen.
1328 2447 1489 2502 Certe
1525 2449 1768 2518 quidem,
1800 2463 1926 2502 cum
1959 2461 1992 2501 a

401 2539 1049 2610 Gregorio-sciscitatum
1081 2539 1248 2596 fuerit
1278 2542 1349 2597 ab
1387 2542 1661 2612 episcopis
1698 2542 1906 2613 Cyziei.
1937 2548 1994 2596 et

401 2630 678 2697 Corinthi,
708 2632 803 2702 qui
835 2630 1028 2688 Romae
1055 2633 1344 2710 aderanta
1373 2633 1992 2704 Constantinopolitano

409 2725 568 2780 missi
599 2723 920 2794 patriarcha
959 2723 1073 2794 juri
1115 2724 1356 2780 dicundo
1404 2723 1462 2778 in
1513 2723 1767 2795 Gregorii
1815 2725 1994 2796 ipsius

404 2831 601 2881 causa,
628 2827 765 2886 quot
790 2830 970 2871 annos
1000 2815 1054 2870 in
1084 2816 1364 2886 ergastulo
1389 2817 1767 2888 transcgisset,
1794 2815 1996 2872 fatetur

406 2908 501 2972 ille
531 2922 710 2964 annos
752 2908 810 2974 ‘2,
857 2923 1078 2964 menses
1116 2909 1170 2963 4.
1210 2907 1320 2963 Sed
1363 2917 1478 2962 tum
1519 2919 1700 2964 tamen
1735 2923 1766 2964 e
1805 2907 1995 2965 Sicilia

403 3001 686 3062 delatores
715 3001 962 3056 nomium
994 3003 1352 3067 advenerant,
1397 3001 1492 3071 qui
1537 3017 1646 3056 una
1691 3017 1816 3058 cum
1856 3000 1994 3058 Gre-

407 3094 568 3165 gorio
601 3094 656 3150 in
679 3095 951 3166 judicium
987 3095 1240 3169 vocandi.
1292 3096 1361 3150 At
1395 3109 1520 3150 cum
1547 3096 1664 3152 dies
1691 3094 1910 3150 tandem
1941 3104 1996 3150 et

407 3185 698 3258 Gregorio,
725 3199 781 3242 et
807 3187 1247 3250 accusatoribus,
1273 3195 1326 3242 et
1354 3185 1724 3252 mulierculae,
1756 3200 1992 3256 quacum
2022 3217 2064 3274 ο

414 3275 714 3335 conﬁctam
765 3275 1138 3342 consuevisse,
1167 3275 1336 3340 dicta,
1378 3273 1524 3331 dicta
1571 3289 1703 3330 vero
1727 3269 1998 3345 postridie

410 3369 726 3436 Paschatis,
761 3368 1141 3439 impurissima
1173 3367 1266 3422 illa
1301 3367 1520 3432 mulier,
1551 3382 1673 3438 qua:
1701 3366 1846 3422 malo
1889 3366 1999 3422 dte-

410 3474 574 3516 ntone
612 3459 862 3516 districta
893 3459 1058 3530 paulo
1120 3467 1250 3515 ante
1291 3475 1461 3530 quam
1500 3457 1797 3530 Gregorius
1841 3457 2001 3530 Agri-

409 3564 576 3629 gento
623 3551 864 3608 solveret
925 3551 1158 3606 Romam
1211 3551 1618 3622 perducendus,
1657 3564 1891 3620 quaeque
1933 3564 2000 3605 eo

411 3645 537 3714 ipso
565 3641 678 3707 die,
719 3657 830 3712 quo
875 3654 932 3699 et
979 3641 1310 3718 Gregorius,
1343 3652 1398 3698 et
1430 3642 1735 3705 delatores,
1783 3650 1840 3696 et
1881 3641 2002 3712 ipsa

415 3736 558 3795 adeo
587 3736 823 3791 concilio
851 3733 1018 3806 314
1052 3735 1333 3800 adstitere,
1370 3734 1516 3791 fassa
1550 3733 1767 3790 tandem
1793 3734 2003 3790 calum-

414 3829 589 3892 niam,
627 3827 878 3898 Gregorii
917 3828 1176 3898 precibus
1209 3827 1324 3882 Deo
1362 3827 1560 3884 solutis
1591 3826 1837 3881 daemone
1868 3825 2033 3881 libew

413 3929 594 3984 ratur,
632 3920 856 3991 planum
881 3919 1141 3975 omnibus
1165 3917 1316 3985 fecit,
1347 3934 1406 3974 se
1429 3933 1604 3974 annos
1623 3919 1679 3986 2,
1703 3932 1924 3973 menses
1945 3915 2002 3982 6,

416 4021 562 4068 tetro
605 3997 766 4083 genio
789 4020 1121 4082 correptam,
1147 4024 1258 4081 quo
1285 4021 1395 4066 tam
1425 4010 1652 4080 perditae
1685 4010 2005 4078 imposturae

417 4119 614 4174 poenas
646 4105 842 4164 lueret.
881 4103 996 4176 Age
1027 4103 1216 4174 igitur,
1271 4103 1318 4157 si
1365 4101 1523 4158 furiis
1564 4103 1767 4174 agitata
1802 4099 2004 4156 femina

422 4213 600 4252 atnms
637 4196 694 4260 2,
737 4211 954 4250 menses
997 4193 1052 4258 6,
1109 4195 1154 4250 si
1185 4202 1346 4264 capta
1381 4194 1488 4250 illis
1519 4193 1681 4264 paulo
1712 4202 2003 4262 antequam

418 4287 723 4358 Gregorius
748 4286 980 4341 Romam
1011 4285 1313 4360 navigaret,
1345 4287 1526 4340 exime
1561 4299 1804 4340 mensem
1834 4298 2006 4337 unum

420 4394 490 4432 ex
530 4392 651 4442 sex,
708 4377 806 4447 qui
852 4377 987 4433 satis
1035 4377 1332 4432 admodum
1379 4376 1452 4432 sit
1504 4377 1784 4432 maritimo
1821 4376 2006 4432 itineri

422 4469 790 4532 coitﬁcicndo,
840 4479 1212 4540 apparetqua,
1269 4466 1594 4538 Gregorium
1635 4467 2004 4536 mancipatum

1295 405 1392 470 DE
1428 405 1691 467 z‘ETATE
1727 410 1790 469 S.
1821 410 2201 472 GREGORII
2239 413 2639 476 AGRIGENT
2646 413 2760 476 1N1

1972 559 1988 574 .
2021 528 2064 583 Α
2098 523 2172 576 ita
2213 531 2273 576 ut
2305 537 2486 605 annos
2520 538 2690 594 prope
2720 525 2753 579 4
2790 524 2982 594 procul
3011 524 3082 580 ab
3125 524 3371 580 Ecclesia
3405 541 3504 582 sua
3541 545 3681 583 exe—

1973 649 1990 666 .
2094 615 2250 686 gerit.
2292 613 2418 670 Haec
2455 631 2523 671 ex
2559 615 2776 670 Leontii
2809 617 3074 671 Historia.
3109 614 3230 670 Jam
3277 617 3347 672 ab
3389 631 3534 672 anno
3574 617 3684 673 682

1973 737 1988 753 .
2093 706 2159 759 ad
2189 705 2312 772 7H,
2337 709 2429 777 qni
2461 709 2690 764 ultimus
2721 707 3020 764 Justiniani
3045 707 3090 762 Il
3115 723 3312 774 annus,
3340 709 3404 763 11
3432 708 3684 780 Septem-

3527 416 3669 483 1216
3729 397 3735 402 ’

2093 795 2209 851 bris
2247 798 2365 854 dies
2402 799 2460 854 in
2511 799 2705 854 feriant
2761 816 2834 854 vn
2889 801 3124 856 incurrit
3173 815 3321 856 anno
3369 799 3474 856 689
3528 799 3684 873 cyclo

2093 887 2227 944 solis
2265 889 2357 954 26,
2394 905 2541 945 anno
2578 889 2686 945 695
2721 890 2873 962 cyclo
2908 889 3044 946 solis
3085 892 3140 955 4,
3185 904 3334 945 anno
3371 888 3478 944 700
3525 889 3686 962 cyclo

2091 980 2224 1034 solis
2264 980 2328 1044 9,
2375 997 2520 1036 anno
2552 982 2655 1038 706
2699 983 2854 1054 cyclo
2903 983 3036 1039 solis
3073 983 3162 1038 15.
3197 980 3364 1053 Atqui
3396 995 3541 1036 anno
3573 980 3683 1036 689

1971 1107 1994 1126 ι
2091 1070 2338 1143 Gregorii
2369 1074 2578 1130 reditus
2607 1075 2674 1130 ad
2715 1073 3022 1132 Ecclesiam
3054 1088 3216 1140 suam
3243 1072 3552 1144 adiudicari
3580 1088 3685 1128 ne-

2091 1163 2250 1234 quit;
2295 1165 2339 1221 si
2381 1167 2528 1221 enim
2565 1181 2822 1224 reversus
2856 1167 3215 1238 Agrigentum
3248 1182 3394 1221 anno
3430 1166 3554 1232 689,
3591 1165 3684 1220 in-

2089 1255 2277 1313 didem
2303 1255 2471 1326 igitur
2499 1257 2754 1314 discessit
2785 1271 2934 1313 anno
2966 1257 3074 1314 685
3109 1267 3366 1323 exeunte,
3401 1257 3683 1328 simulque

2085 1347 2357 1419 judicium
2411 1351 2480 1405 de
2541 1364 2613 1406 eo
2671 1351 2988 1406 institutum
3053 1350 3322 1420 postridie
3389 1349 3680 1406 Paschalis

2089 1441 2221 1500 anni
2255 1441 2381 1497 688.
2422 1444 2495 1497 At-
2522 1443 2668 1498 enim
2701 1457 2740 1498 a
2766 1442 3047 1513 praecipite
3075 1458 3166 1497 an.
3193 1441 3300 1498 685
3330 1442 3397 1497 ad
3423 1440 3530 1497 688
3561 1453 3680 1497 tres

1973 1566 1987 1582 ο
2089 1543 2454 1589 numerantur
2479 1535 2783 1604 pantitioes,
2811 1531 3054 1589 Joannes
3079 1531 3144 1598 γ,
3176 1531 3389 1600 Conon,
3417 1531 3678 1602 Sergius;

1971 1657 1986 1672 .
2091 1637 2216 1678 cum
2255 1633 2436 1680 tamen
2474 1626 2578 1681 sub
2613 1641 2723 1680 uno
2755 1625 3026 1679 duntaxat
3057 1622 3362 1694 Gregorius
3401 1631 3455 1677 et
3489 1637 3679 1678 carce-

2089 1715 2243 1771 ribus
2281 1715 2574 1779 occlusus,
2631 1724 2687 1769 et
2737 1714 3015 1770 calumnia
3071 1713 3292 1768 tandem
3340 1711 3675 1767 vindicatus.

2090 1801 2282 1874 Neque
2309 1819 2489 1862 annus
2531 1805 2634 1863 700
2683 1805 2752 1860 ad
2799 1820 3026 1861 causam
3057 1814 3302 1860 nostram
3337 1802 3468 1858 facit
3503 1821 3518 1859 :
3563 1817 3678 1873 quo

2091 1896 2237 1951 enim
2289 1913 2435 1952 anno
2465 1896 2947 1968 Constantinopoli
2990 1897 3222 1954 Romam
3268 1895 3430 1951 rediit
3469 1894 3675 1964 Grego-

2091 1987 2231 2052 rius,
2261 2003 2448 2044 rerum
2483 1991 2798 2060 potiebatur
2821 1991 3170 2047 Justinianus
3210 1988 3286 2055 ll'~,
3334 2003 3458 2043 cum
3492 1995 3677 2041 tamen

2091 2081 2162 2136 ab
2195 2095 2342 2136 anno
2367 2080 2474 2154 698
2505 2082 2574 2137 ad
2618 2083 2722 2138 705
2752 2083 3078 2139 Absimarus
3115 2079 3694 2136 Tiberius'Constanm

2091 2172 2325 2244 tinopoli
2357 2175 2675 2245 imperaret.
2703 2176 3018 2230 Contumax-
3042 2173 3228 2229 itidem
3245 2180 3330 2229 est
3353 2185 3528 2226 annus
3547 2167 3674 2237 706,

2091 2279 2160 2321 ex
2191 2280 2258 2320 eo
2285 2266 2434 2320 enim
2477 2267 2632 2322 ﬁeret
2673 2267 2728 2321 in
2757 2266 3030 2338 judicium
3060 2273 3319 2322 vocatum
3349 2263 3672 2336 Gregorium

2092 2372 2238 2414 anno
2293 2357 2396 2412 705
2431 2358 2501 2414 ab
2547 2355 2764 2414 Joanne
2796 2357 2923 2424 Ἧι,
2979 2358 3089 2428 (ιιή-
3126 2356 3390 2428 pontifex.
3426 2355 3674 2411 audierat

2093 2466 2303 2522 paucos
2342 2460 2472 2508 ante
2504 2452 2645 2518 dies,
2699 2452 2804 2508 hoc
2853 2461 2939 2506 est
2989 2449 3106 2506 Kal.
3151 2449 3400 2514 Martiis,
3437 2463 3580 2504 cum
3607 2463 3688 2502 ex.

2093 2531 2326 2598 Leontio
2359 2543 2660 2608 discamus,
2716 2543 3029 2614 pontiﬁcem
3063 2543 3238 2605 illum,
3285 2541 3381 2611 qui
3421 2541 3587 2610 judex
3619 2539 3694 2592 in.

2093 2635 2331 2690 concilio
2357 2633 2598 2704 praefuit,
2635 2633 2837 2706 in-quo
2869 2635 3124 2706 Gregorii
3153 2647 3328 2688 causa
3355 2630 3676 2702 dijudicata,

2097 2741 2210 2782 non
2239 2727 2408 2781 alium
2441 2726 2511 2782 ab
2535 2741 2602 2782 eo
2629 2725 2826 2792 fuisse,
2858 2727 2952 2796 qui
2997 2726 3054 2780 in
3099 2725 3382 2780 custodias
3421 2721 3676 2792 conjecit.

2095 2819 2289 2875 Restat
2318 2817 2486 2886 igitur
2512 2833 2692 2873 annus
2719 2817 2844 2885 695,
2876 2817 2971 2887 qui
3016 2817 3184 2872 nuilis
3227 2815 3516 2870 intricatus
3561 2826 3678 2866 am-

2096 2909 2349 2982 bagibus.
2385 2909 2469 2965 Ab
2497 2909 2564 2964 18
2589 2909 2913 2965 Decembris
2937 2909 3070 2964 anni
3099 2907 3204 2963 687
3231 2907 3297 2962 ad
3329 2906 3400 2961 29
3425 2903 3702 2960 Octobris.

2097 3003 2226 3058 anni
2259 3000 2364 3056 700
2393 3001 2703 3056 Romanum
2734 3009 2982 3071 gesserat
3009 2997 3398 3070 pontificatum
3432 2993 3685 3065 Sergius,

2097 3093 2472 3164 simulquead
2501 3106 2748 3148 mensem
2779 3089 2984 3146 Julium
3021 3089 3150 3145 anni
3185 3089 3294 3145 69b
3329 3086 3709 3144 in-Constan--

2098 3185 2492 3256 tinopolitanos
2530 3197 2620 3240 res
2663 3183 2980 3238 dominatus
3021 3179 3373 3238 Justinianus
3424 3177 3506 3242 ιι,
3539 3175 3688 3231 unde

2098 3277 2362 3346 intelligis
2382 3315 2397 3340 ,
2451 3289 2618 3346 quam
2649 3273 3145 3344 nullisimpeditus
3173 3272 3246 3328 sit
3273 3269 3710 3326 difﬁcultatibus-

2098 3367 2596 3438 Chronologismus
2625 3375 2835 3422 noster.
2886 3365 3044 3420 Patet
3097 3363 3243 3419 enim
3277 3369 3467 3417 exacta
3497 3357 3685 3414 omnia

2100 3456 2204 3514 sub
2233 3471 2347 3512 uno
2377 3455 2640 3526 pontiﬁce
2684 3453 2902 3526 Sergio,
2943 3467 3183 3524 vereque
3203 3447 3694 3518 Constantinopoli

2101 3548 2286 3604 adhuc
2327 3548 2632 3618 imperasse
2666 3543 3044 3600 Justinianum
3093 3541 3184 3612 ll,-
3209 3556 3337 3598 cum
3379 3540 3506 3596 inde
3550 3537 3690 3594 Gre-

2102 3643 2290 3714 gorius
2329 3639 2577 3706 recessit,
2607 3638 2842 3694 Romam
2875 3639 3170 3708 petiturus.
3216 3632 3355 3689 Nam
3395 3631 3442 3687 si
3472 3644 3688 3702 regres-

2102 3750 2198 3792 sus
2231 3733 2461 3788 Romam
2493 3731 2558 3786 2!
2587 3728 2740 3794 Julii,
2787 3725 3258 3796 Constantinopoli
3291 3722 3568 3795 profectus
3602 3731 3694 3777 est-

2103 3841 2291 3882 mense
2337 3825 2626 3880 minimum
2677 3823 2883 3886 Junio,
2935 3835 3066 3876 cum
3112 3829 3298 3874 tamen
3343 3814 3689 3872 Justinianus

2105 3919 2336 3990 imperio
2360 3917 2552 3988 pulsus
2587 3917 2656 3972 ab
2693 3914 2926 3970 Leontio
2965 3927 3155 3970 mense
3184 3909 3355 3966 Julio.
3397 3909 3476 3964 En
3520 3907 3689 3978 igitur

2105 4026 2206 4082 pro
2235 4010 2393 4065 nobis
2421 4009 2548 4064 unis
2583 4016 2820 4064 stantem
2849 4006 3226 4060 characterem
3253 4002 3409 4057 illum
3437 3999 3583 4056 feria
3608 4013 3688 4052 ru

2105 4117 2232 4160 cum
2269 4102 2326 4156 ll
2355 4099 2706 4172 Septembris
2735 4097 3151 4160 concurrentis,
3187 4093 3282 4164 qui
3307 4133 3322 4158 ,
3353 4091 3434 4147 uti
3460 4091 3693 4146 demon-

2107 4193 2426 4258 stravimus,
2462 4191 2517 4246 in
2547 4178 2844 4246 Justiniani
2879 4189 2896 4242 ι
2927 4187 3088 4242 annis
3112 4182 3362 4242 Caietani
3403 4182 3692 4239 sententiae

2109 4299 2390 4354 nunquam
2429 4283 2784 4354 sum-rigatus.

2179 4373 2398 4427 XXXII.
2433 4371 2524 4438 At,
2560 4370 2813 4442 inquies,
2867 4367 2914 4424 si
2962 4382 3110 4424 anno
3147 4365 3254 4422 695
3299 4361 3692 4420 Constantino-

2111 4469 2222 4540 poli
2268 4465 2550 4538 digrcssus
2600 4461 2900 4533 Gregorius
2949 4459 3176 4514 dimidia
3211 4455 3492 4528 Agrigenti
3539 4463 3702 4524 parte

426 4563 616 4636 [tomaa
647 4560 966 4616 carceribus
1026 4574 1201 4616 annos
1224 4559 1279 4623 ξι,
1304 4575 1523 4616 menses
1553 4557 1606 4613 5.
1625 4557 1806 4628 Atque
1824 4557 2007 4612 isthuc
2037 4547 2084 4608 ι)
2111 4561 2352 4616 donatus
2379 4557 2446 4612 ab
2479 4557 2610 4626 imp.
2643 4552 2959 4610 Justiniano
2993 4550 3063 4615 ll,
3097 4549 3244 4604 unde
3273 4556 3527 4636 sumptus
3563 4560 3698 4636 sup«

426 4661 544 4719 est,
595 4652 743 4724 quod
779 4661 971 4730 nostra.
1002 4652 1056 4708 in
1089 4667 1258 4706 causa
1298 4660 1520 4707 maneat
1549 4665 1794 4717 necesse,
1833 4664 2010 4719 eoque

428 4743 653 4812 evidens
690 4742 876 4809 conﬁt,
931 4743 1306 4797 characterem
1364 4741 1518 4812 ilytm
1583 4739 1738 4795 feria:
1793 4754 1891 4803 \‘ll,
1953 4739 2010 4792 in

431 4851 595 4906 quam
639 4833 932 4888 incidit.”
989 4832 1328 4904 Septembris
1378 4831 1518 4894 dies,
1559 4846 1666 4902 quo
1719 4829 2014 4901 Gregorius

431 4925 500 4977 ad
553 4923 1035 4994 Agrigentinorum
1075 4922 1384 4992 emporium
1427 4922 1688 4992 pervenit,
1733 4922 1803 4981 in.
1839 4934 2022 4978 unum

323 5040 328 5048 ε
433 5031 640 5081 annum
673 5015 776 5070 695
810 5029 1164 5078 concurrere,
1199 5028 1360 5084 quem
1413 5011 1622 5067 frustra
1675 5012 1730 5066 in
1766 5009 2015 5072 Caietani

401 5159 408 5166 .
433 5107 892 5178 Chronologismo
924 5105 1378 5176 perquisivimus.

504 5196 698 5254 XXXI.
721 5197 894 5254 Porro
912 5197 1210 5268 Gregorius
1226 5197 1543 5253 carceribus
1560 5196 1810 5255 addictus
1831 5195 2020 5250 Romae

439 5291 642 5346 mansit
685 5291 788 5346 sub
826 5289 1142 5368 uno,‘quod
1179 5297 1304 5344 ante
1335 5289 1598 5352 vidimus,
1636 5288 1894 5360 pontiﬁce
1921 5303 2020 5342 an-

441 5399 542 5440 nos
574 5383 648 5449 2,
685 5398 902 5439 menses
955 5381 1009 5436 5.
1063 5381 1142 5436 Ex
1185 5381 1405 5436 concilii
1450 5381 1720 5442 sententia
1755 5380 2022 5434 innocens

436 5473 722 5546 judicatus
769 5474 1038 5546 postridie
1100 5471 1426 5537 Paschatis,
1482 5469 2020 5540 Constantinopolim

443 5567 606 5638 paulo
634 5574 761 5636 post
791 5565 1178 5636 proﬁciscitur,
1216 5565 1308 5619 ubi
1335 5562 1546 5619 Pascha
1575 5564 1836 5625 celebrat,
1867 5560 2026 5615 inde-

442 5672 552 5730 qne
585 5665 844 5726 regnante
875 5658 1058 5710 adhuc
1081 5653 1396 5710 Justiniano
1418 5654 1456 5709 ll
1483 5653 1712 5710 Romam
1750 5653 1886 5717 abit,
1913 5668 2024 5722 quo

445 5749 695 5820 pervenit
725 5745 980 5810 20-Julii,
1025 5755 1190 5816 atque
1227 5747 1356 5802 hinc
1407 5745 1482 5802 in'
1515 5747 1757 5802 Siciliant
1807 5747 2026 5800 solvens

449 5833 932 5908 Agrigentinorum
975 5835 1120 5891 subit
1175 5838 1477 5908 emporium
1523 5837 1580 5896 Η
1645 5837 1986 5908 Septembris
2013 5877 2026 5901 ,

2110 4659 2356 4724 peterent
2390 4663 2534 4702 novo
2579 4645 2818 4716 templo,
2877 4639 3236 4713 episcopiqne
3291 4635 3480 4692 domui
3518 4633 3698 4690 aedifi-

2111 4745 2324 4807 candis,
2359 4755 2532 4812 ecqua
2566 4740 2656 4794 illa
2691 4738 2962 4809 Augusta,
2992 4749 3116 4806 qua:
3146 4731 3249 4787 viri
3273 4730 3528 4785 aemulata
3561 4727 3698 4782 libe-

2113 4835 2408 4897 ralitatem,
2435 4841 2492 4887 et
2527 4848 2626 4890 sua
2659 4829 2870 4888 addidit
2897 4823 3164 4896 Gregorio
3197 4835 3449 4885 munera,
3486 4817 3700 4875 scilicet

2115 4922 2494 4996 amplissima?
2543 4920 2644 4976 llic
2687 4929 2841 4975 certe
2887 4917 3092 4980 haereo,
3141 4927 3268 4968 cum
3313 4924 3402 4965 me
3435 4909 3704 4964 destituat

2116 5017 2371 5076 historia.
2398 5014 2738 5075 Memoratur
2757 5010 2981 5082 quidem
3011 5016 3128 5062 tum
3159 5003 3421 5074 temporis
3449 5001 3699 5070 Augusta

2117 5110 2429 5176 Anastasia,
2472 5107 2586 5163 sed.
2614 5121 2737 5176 quae
2769 5113 2954 5159 tamen
3005 5095 3303 5154 Justiniani
3357 5101 3552 5159 mater,
3591 5104 3700 5144 non

2120 5219 2280 5258 uxor.
2321 5200 2648 5258 Perhibetur
2681 5198 2846 5252 etiam
2883 5188 3190 5249 Justiniani
3219 5185 3426 5256 eonjux
3451 5184 3704 5252 Augusta
3771 5208 3780 5214 -

2121 5295 2432 5361 Theodora,
2473 5290 2718 5363 Chagani
2745 5285 3036 5345 Chanariaa
3059 5295 3240 5345 soror,
3275 5277 3371 5335 sed
3401 5291 3524 5366 eam
3547 5273 3725 5366 duxit-

2107 5399 2271 5442 .anno
2292 5385 2417 5451 705,
2441 5399 2566 5440 cum
2602 5394 2774 5452 regno
2807 5376 3106 5438 exsularet,
3139 5371 3172 5426 6
3195 5383 3404 5426 annum
3433 5365 3709 5423 Constant--~

2127 5476 2353 5547 tinopoli
2389 5480 2656 5540 regnante
2688 5469 2982 5527 Ahsimaro
3021 5462 3267 5526 Tiberio,
3309 5456 3708 5522 coronavitque

2127 5583 2238 5624 una
2268 5582 2399 5622 cum
2433 5564 2673 5620 Tiberio-
2702 5559 2763 5616 Ε.
2796 5574 2942 5614 anno
2971 5556 3103 5622 705,
3132 5568 3244 5625 quo
3277 5549 3512 5620 imperio
3540 5558 3706 5604 resti-

2128 5669 2282 5716 tutns
2337 5656 2621 5728 (Theoph.
2678 5655 2734 5712 in
2785 5645 3116 5719 Cbrnnogr.)
3169 5643 3404 5714 sumptis
3459 5655 3586 5696 cum
3643 5642 3710 5692 de

2131 5749 2382 5813 Leontio,
2422 5759 2536 5802 tum
2571 5747 2640 5802 de
2679 5744 2968 5800 Absimaro
3002 5737 3287 5809 suppliciis
3311 5777 3324 5802 ,
3367 5747 3500 5788 sane
3539 5745 3706 5800 quam

2133 5838 2438 5897 horrendis.
2471 5835 2610 5902 Quid
2662 5835 2860 5912 igitur"
2907 5829 3150 5902 nunquid
3198 5825 3252 5886 in
3311 5823 3558 5882 eamdem
3617 5821 3704 5878 ine
