3930 6414
299 409 454 482 ἸΞΠ

1664 394 2188 467 ΒΙΞΞΕΒΤΑΤΪΟ.

3432 397 3575 464 1218

313 533 495 606 ςτεεεὶ
529 544 770 597 nassam,
811 519 1339 598 atquc'Caietanus?
1389 520 1499 578 Sed
1529 519 1673 586 vide,
1729 533 1895 590 quam
1928 521 1972 578 Α
2001 529 2150 568 ueste
2183 523 2359 606 itaque
2393 513 2620 606 Sicilire,
2659 507 2944 572 Calabria.
2988 525 3286 588 sttncttrque
3313 515 3578 572 Severium’

315 625 480 682 facile
520 624 822 684 elabamuc,
868 617 1015 689 quod
1044 617 1310 670 Caietano
1334 629 1446 669 non
1479 611 1730 681 contigit.
1761 609 1897 676 Quis

319 716 426 773 sibi
461 713 706 776 suadeat,
735 709 1109 766 Iustinianum
1138 707 1286 762 hunc
1308 705 1387 759 'ab
1425 717 1569 759 anno
1604 701 1710 757 685
1731 742 1745 766 ,
1787 715 1898 771 quo

318 807 474 864 solus
511 817 744 874 regnare
781 801 952 870 coepit
992 799 1263 854 exstincto
1309 804 1464 866 patre
1509 792 1898 858 Constantino,

312 894 624 964 etquidem
667 897 799 945 natu
828 888 944 959 jam
985 888 1270 958 grandem,
1319 886 1386 940 ad
1416 882 1544 947 695,
1592 898 1704 952 quo
1751 881 1902 952 regio

320 995 526 1043 exutus
573 985 802 1054 imperio
855 997 888 1038 a
932 980 1183 1045 Leontio,
1227 978 1441 1034 nullum
1473 977 1666 1032 iniisse
1711 973 1904 1043 conju-

321 1078 498 1149 gium,
550 1083 902 1144 exspectasse
935 1071 1181 1126 tandem
1228 1069 1482 1125 exsilium
1511 1107 1526 1134 ,
1580 1079 1691 1138 quo
1751 1065 1903 1120 taedis

321 1167 712 1237 copularetur?
759 1161 866 1220 Sed
908 1165 1056 1218 enim
1090 1177 1216 1217 cum
1265 1159 1611 1216 Iustinianus
1659 1157 1680 1210 I
1723 1155 1905 1212 Theo-

320 1259 462 1314 dora
505 1260 777 1319 viduatus,
813 1266 1017 1311 annum
1053 1253 1249 1324 agebat
1282 1253 1387 1316 66,
1429 1253 1568 1306 vixit
1609 1251 1754 1306 enim
1805 1265 1904 1302 an-

323 1364 430 1404 nos
461 1348 552 1408 82.
595 1349 844 1420 regnavit
873 1347 963 1412 58,
999 1359 1216 1400 menses
1240 1342 1298 1411 7,
1323 1345 1441 1398 dies
1464 1342 1553 1408 10,
1588 1352 1776 1411 erepta
1800 1339 1906 1394 sibi

325 1439 444 1496 l’ato
479 1439 769 1495 Theodora
823 1453 972 1494 anno
1009 1438 1161 1509 regni
1193 1437 1278 1492 sui
1311 1435 1403 1502 2‘2,
1436 1445 1496 1490 ut
1538 1449 1600 1490 ea
1650 1435 1704 1488 in
1747 1441 1904 1488 aetate

327 1546 461 1586 vero
492 1532 720 1602 propius
749 1545 858 1585 non
889 1529 980 1595 sit,
1005 1530 1235 1600 nuptias
1263 1542 1578 1584 renovasse.
1631 1525 1812 1592 Quare
1845 1531 1906 1578 ut

326 1622 722 1678 historicorum
779 1621 1058 1678 silentium
1110 1619 1177 1674 de
1215 1633 1357 1682 nova
1405 1625 1529 1688 post
1556 1615 1902 1671 Theodoram

327 1712 575 1780 Augusta
607 1709 907 1766 Iustiniani
942 1709 964 1764 ι
1004 1711 1145 1765 favet
1176 1708 1450 1775 viduitati,
1505 1707 1562 1762 in
1601 1721 1730 1777 qua,
1775 1706 1903 1761 sub-

329 1804 438 1858 lata
485 1803 588 1858 sibi
637 1801 946 1867 'I‘heodora,
990 1801 1060 1856 ad
1109 1808 1338 1855 mortem
1390 1813 1566 1868 usque
1614 1799 1902 1862 manserit,

1999 605 2148 658 sedes
2176 605 2362 660 throno
2385 605 2978 676 Constantinopolitano
3015 627 3048 663 a
3091 609 3322 664 Romano
3352 611 3575 674 avulsa},-

1999 709 2118 750 cum
2136 697 2368 752 Barbari
2379 699 2694 770 deprehenso
2711 717 2851 770 papa
2873 701 3098 754 Romam
3113 703 3342 769 spolium
3372 701 3576 770 factum

1999 789 2056 841 in
2102 790 2344 860 proprios
2395 807 2523 844 usus
2577 801 2985 859 converterunt,
3034 792 3475 862 quemadmodum
3525 791 3580 844 et'

2001 879 2161 935 Creta
2199 881 2298 936 sub
2331 880 2569 935 llomano
2603 899 2722 936 cum
2769 893 2940 946 esset,
2995 881 3583 950 Constantinopolitani

2001 969 2151 1040 facta
2189 981 2290 1024 est.
2329 970 2694 1026 Nihilominus
2725 973 2964 1042 pontifex
2995 973 3118 1026 viles
3152 973 3412 1042 quasdam
3445 989 3576 1040 par-

2003 1070 2115 1126 tes,
2146 1071 2196 1115 et
2235 1063 2575 1132 episcopatus
2606 1063 2888 1116 nonnullos
2917 1065 2973 1116 in
3005 1063 3215 1125 Sicilia,
3246 1074 3296 1117 et
3324 1058 3577 1116 Calabria

2004 1153 2192 1208 habere
2221 1155 2663 1224 deprehenditur;
2697 1157 3009 1226 metropoles
3033 1158 3198 1220 enim,
3243 1165 3294 1210 et
3339 1155 3492 1209 urbes
3521 1157 3578 1206 in

2003 1245 2185 1300 eadem
2211 1247 2532 1304 illustriores
2558 1265 2620 1304 ac
2667 1253 2933 1321 digniores
2952 1243 3586 1316 Constantinopolitanae

2002 1339 2302 1408 possidebat
2329 1355 2490 1410 usque
2513 1343 2582 1395 ad
2604 1341 2941 1397 Francorum
2969 1341 3270 1394 adventum.
3309 1339 3400 1394 Sic
3418 1340 3579 1392 etiam
3596 1373 3612 1383 ο

2002 1433 2060 1484 in
2087 1430 2457 1502 Longobardia
2489 1434 2632 1502 (hoc
2669 1444 2772 1502 est,
2810 1431 3252 1506 transtyberina)
3282 1441 3331 1486 et
3363 1431 3577 1498 Apulia,

2000 1531 2054 1578 et
2099 1526 2154 1578 in
2184 1527 2426 1580 omnibus
2471 1528 2540 1582 iis
2603 1529 2904 1597 regionibus
2955 1529 3216 1580 maximas
3269 1525 3582 1594 metropolcs

2005 1627 2128 1672 ante
2173 1619 2475 1687 possidebat
2514 1618 3166 1690 Constantinopolitunus,
3215 1619 3442 1688 reliquas
3475 1611 3585 1671 Ro-

2006 1726 2214 1774 manus,
2258 1721 2314 1764 ut
2371 1712 2604 1781 regiones
2655 1711 2767 1766 illa:
2799 1728 2892 1781 per
2919 1722 3098 1781 partes
3147 1712 3588 1780 possiderentur;

2009 1817 2232 1873 namque
2253 1798 2487 1858 melodtts
2511 1820 2572 1858 ac
2599 1814 2753 1873 poeta
2768 1807 3016 1858 dominus
3034 1803 3250 1858 Marcus
3270 1820 3300 1856 a
3319 1802 3586 1858 Constan-

328 1894 406 1949 ita
439 1893 652 1948 nullum
682 1893 845 1950 nobis
879 1893 1103 1949 lacessit
1133 1893 1434 1964 negotium,
1479 1892 1774 1961 quominus
1805 1904 1906 1960 pu-
1938 1869 1979 1926 Β
2012 1869 2368 1964 tinopolitano
2396 1869 2608 1949 missus-
2634 1897 2804 1965 fuisse
2843 1896 3190 1964 comperitur.
3238 1893 3372 1949 Cum
3407 1902 3595 1947 autem'

327 1995 531 2052 unus,
583 1999 694 2040 non
738 1985 983 2057 unicam,
1037 2000 1149 2040 non
1209 1985 1445 2054 primam
1496 1981 1812 2037 Iustiniano
1859 1979 1905 2036 Il

330 2086 558 2146 nuptam
587 2075 955 2142 Theodoram,
1009 2091 1188 2146 neque
1243 2077 1390 2130 hunc
1439 2075 1692 2131 cmlibem
1741 2075 1905 2129 vitam

327 2165 556 2220 duxisse
584 2166 652 2220 ad
679 2179 884 2220 annum
924 2180 1100 2236 usque
1143 2164 1270 2232 705,
1303 2179 1415 2236 quo
1444 2165 1618 2220 aetatis
1651 2179 1910 2220 numera-

327 2255 428 2312 bat
453 2257 544 2321 54,
579 2257 803 2328 quippe,
838 2273 964 2312 eum
991 2257 1146 2313 solus
1178 2269 1408 2328 regnare
1437 2256 1623 2326 erepit,
1651 2254 1718 2310 16
1743 2263 1906 2310 natus

313 2358 511 2420 annos,
533 2354 668 2400 erat.
701 2344 982 2416 (Theoph.
1023 2345 1181 2420 ibid.)

397 2419 645 2490 XXXIII.
669 2437 811 2504 Quid
834 2452 981 2492 nunc
995 2419 1212 2493 tandem
1235 2437 1304 2494 de
1323 2436 1609 2494 Corinthio
1626 2439 1906 2508 episcOpo,

313 2527 429 2597 qui
458 2528 1048 2599 Constantinopolitani
1079 2529 1403 2599 patriarcha:
1427 2570 1443 2596 ,
1479 2530 1586 2584 hoc
1625 2537 1711 2584 est
1737 2530 1908 2584 Calli-

317 2617 446 2671 τιἱοί
473 2617 683 2689 legatus
708 2616 896 2674 Romae
919 2617 1085 2688 judex
1110 2619 1318 2674 assedit
1347 2620 1404 2674 in
1429 2601 1677 2688 Gregorii
1703 2617 1910 2674 causa?

325 2705 533 2764 Notum
578 2709 746 2777 illud,
789 2709 1052 2766 Romanae
1097 2711 1447 2781 patriarchiae
1471 2719 1582 2767 tres
1632 2711 1898 2781 singulari

323 2801 453 2872 jure
495 2801 745 2872 paruisse
791 2802 1062 2858 exarehos
1108 2803 1164 2856 in
1208 2800 1465 2868 Oriente,
1523 2800 1905 2868 Corinthium,

327 2888 905 2956 Thessalonicensem,
925 2891 1088 2963 315
1111 2900 1275 2962 atque
1289 2889 1655 2948 Iustinianam
1682 2891 1724 2962 I,
1749 2892 1908 2962 cujus

327 2983 556 3055 quidem
579 2983 840 3038 exarchia
868 2999 935 3038 ex
959 2992 1112 3052 parte
1137 2981 1650 3062 Thessalonicensis
1677 2985 1904 3050 coaluit,
1943 3041 1953 3064 κ

330 3077 499 3146 idque
530 3091 597 3131 ex
627 3073 924 3130 Iustiniani
949 3073 995 3140 Ι,
1037 3075 1183 3146 quod
1227 3085 1356 3131 ante
1399 3077 1761 3144 ostendimus,
1813 3092 1912 3132 au-

329 3168 606 3223 ctoritate.
659 3166 763 3222 Sed
815 3165 1050 3221 Romani
1102 3167 1346 3237 episcopi
1407 3167 1462 3222 in
1517 3165 1842 3224 Iustinianum
1887 3167 1910 3222 Ι

328 3258 650 3312 exercitum
693 3257 820 3326 jura
865 3256 1111 3323 desiere,
1161 3258 1524 3326 pessumdata
1575 3271 1606 3312 a
1654 3257 1908 3330 Bulgaris

325 3348 600 3414 Ecclesia,
635 3349 728 3420 qui
763 3363 858 3404 eas
887 3357 1233 3415 occuparunt
1269 3348 1522 3418 regiones
1561 3367 1577 3404 :
1615 3365 1745 3404 cum
1779 3366 1910 3406 vero

329 3455 480 3496 anno
512 3439 611 3494 86I
655 3440 848 3511 religio
897 3440 953 3494 in
1003 3439 1263 3511 Bulgaria
1320 3441 1578 3496 restituta
1627 3439 1910 3497 Michaelis

329 3537 480 3606 regis
513 3551 703 3606 opera,
745 3537 1083 3590 reclamante
1128 3535 1336 3590 frustra
1393 3535 1642 3590 Romano
1675 3537 1912 3606 patriar-

326 3628 460 3693 cha,
496 3629 715 3683 subdita
756 3627 1119 3700 Bulgarorum
1152 3625 1397 3683 Ecclesia
1443 3629 1910 3698 Constantinpo-

326 3718 506 3774 Iitauo
539 3720 993 3792 archiepiscopo,
1042 3736 1216 3790 eaque
1247 3720 1316 3775 de
1353 3737 1414 3775 re
1451 3723 1736 3776 decretum
1773 3722 1908 3776 scri-

325 3819 486 3881 ptum
521 3827 664 3866 anno
707 3811 815 3867 859
868 3813 924 3868 in
957 3813 1170 3883 synodo
1200 3828 1297 3868 vm
1331 3813 1667 3869 acumenica
1691 3853 1708 3880 ,
1757 3814 1910 3868 Con-

327 3903 820 3973 stantinopolitana
862 3919 936 3959 vn
966 3944 980 3966 ,
1049 3905 1436 3960 obnitentibus
1487 3905 1614 3962 licet
1673 3905 1908 3963 Romani

317 3995 612 4065 pontiﬁcis
643 3996 858 4066 legatis.
887 3995 1130 4050 Tandem
1163 4011 1294 4050 vero
1324 3997 1427 4052 sub
1467 3997 1670 4064 Basilio
1699 3999 1741 4053 Il
1776 3999 1910 4054 Por-

322 4085 764 4156 phyrogenneta,
785 4085 1070 4150 Achridis,
1097 4085 1214 4141 sive
1235 4084 1562 4141 Iustinianat
1588 4086 1608 4139 I
1633 4089 1908 4144 exarchus

323 4175 705 4246 αὐτοκέφαλος
729 4177 922 4242 audiit,
950 4178 1022 4232 ita
1055 4188 1112 4232 ut
1141 4177 1278 4232 nulli
1311 4187 1527 4247 pareret
1557 4179 1905 4248 patriarchae,

327 4269 410 4324 uti
442 4269 714 4326 discimus
737 4285 805 4324 ex
826 4269 934 4325 Nili
964 4270 1288 4340 Doxopatrii
1324 4271 1522 4326 notitia
1556 4271 1906 4341 patriarcha-

237 4395 240 4398 ~
328 4376 508 4427 tuum,
540 4375 704 4430 quam
747 4363 921 4418 edidit
955 4361 1279 4443 Stephanus
1313 4361 1565 4434 Moynius
1599 4363 1652 4416 in
1698 4363 1906 4432 sylloge

329 4459 612 4513 variorum
638 4457 1060 4527 opusculorum.
1094 4455 1674 4516 Thessalonicen-sem.
1708 4464 1761 4512 et
1788 4456 1904 4511 Co-

2008 1986 2269 2040 unirersa:
2307 1983 2694 2057 Longobardiae
2729 1987 2978 2052 ducatus,
3034 2003 3155 2055 qua!
3207 1997 3352 2039 uetus
3401 1983 3598 2039 Hellas‘

2006 2087 2145 2146 erat,
2176 2077 2272 2132 sub
2301 2079 2618 2145 imperatore
2652 2089 2768 2134 erat
2800 2077 3416 2146 Constantinopolitano,
3445 2091 3589 2146 papa

2009 2185 2127 2224 vero
2158 2181 2438 2237 separatus
2466 2171 2563 2225 sub
2597 2172 2724 2226 aliis
2771 2171 3014 2237 gentibus
3055 2170 3278 2230 vivebat,
3309 2179 3592 2237 propterea

2007 2260 2325 2331 patriarcha
2363 2261 2634 2315 Ecclesias
2695 2261 3002 2326 obtinebat;
3052 2277 3175 2315 nam
3225 2259 3590 2314 Brundusit-m

2007 2361 2058 2408 et
2089 2350 2376 2407 Tarentum
2412 2369 2446 2406 a
2477 2351 3075 2423 Constantinopolitano
3109 2353 3410 2406 sacerdotes
3443 2352 3588 2405 acci-

2007 2445 2245 2509 piebant,
2275 2444 2433 2516 idque
2459 2445 2666 2499 nullum
2699 2446 2850 2500 latet.
2887 2445 3022 2500 Cum
3051 2460 3170 2500 vero
3205 2442 3408 2497 Franci
3448 2444 3590 2496 hunc

2007 2538 2262 2592 ducatum
2319 2547 2666 2606 occuparunt,
2723 2547 2847 2592 tunc
2904 2536 3171 2592 Romanus
3231 2537 3288 2590 in
3345 2535 3595 2590 omnibus

2007 2627 2152 2682 hisce
2178 2626 2418 2681 ecclesiis
2440 2627 2808 2685 ordinationes
2833 2631 3036 2694 tenuit;
3066 2631 3120 2684 in
3149 2631 3216 2683 iis
3245 2629 3385 2682 enim
3417 2629 3590 2699 regio-

2009 2716 2184 2780 nibus,
2240 2732 2374 2786 quas
2420 2715 3049 2786 Constantinopolitanus
3103 2720 3396 2788 imperator
3452 2719 3591 2772 obti-

2007 2810 2184 2874 nebat,
2219 2807 2298 2862 uel
2331 2817 2512 2874 postea
2553 2827 2586 2864 a
2635 2809 2877 2866 barbaris
2909 2813 3154 2882 gentibus
3206 2812 3584 2881 recuperabat,

1999 2899 2125 2968 jure
2165 2901 2478 2968 patriarcha
2539 2898 3164 2972 Constantinopolitanus
3220 2903 3592 2958 ordinationes

2011 2989 2260 3051 habebat,
2296 3005 2415 3043 cum
2448 2989 2614 3044 Roma
2654 2991 2824 3046 modis
2871 2994 3111 3047 onmibus
3141 3010 3174 3048 a
3212 2993 3593 3048 Constantino-

2011 3081 2124 3150 poli
2162 3081 2400 3135 alienata
2453 3083 2578 3136 aliis
2635 3100 2748 3138 sese
2787 3084 3156 3140 submisisset.
3211 3085 3419 3156 Papam
3470 3103 3594 3141 vero

1935 3211 1980 3269 ϐ
2011 3185 2192 3244 partes
2247 3173 2460 3242 aliquas
2507 3185 2663 3228 antea
2712 3177 2766 3228 in
2815 3175 3008 3231 Sicilia
3057 3176 3369 3244 obtinuisse,
3411 3179 3590 3232 mani-

2012 3265 2207 3335 festum
2258 3267 2319 3334 fit
2350 3283 2414 3322 ex
2472 3265 2595 3320 Vita
2634 3269 2807 3320 sancti
2842 3266 3087 3338 Gregorii
3133 3269 3593 3340 Agrigentinorum

2013 3356 2184 3418 urbis,
2224 3373 2342 3426 quae
2383 3374 2538 3420 nunc,
2575 3356 2912 3428 Cregentium
2968 3359 3184 3424 dicitur,
3229 3361 3458 3428 episcopi
3488 3377 3506 3413 :
3536 3362 3586 3414 in

2010 3461 2072 3500 ea
2101 3447 2361 3513 siquidem
2391 3449 2648 3516 scriptum
2673 3459 2751 3503 est
2784 3466 2976 3519 papam
3007 3460 3246 3503 sanctum
3278 3449 3592 3521 Gregorium

2013 3539 2480 3608 Agrigentinorum
2515 3542 2818 3610 episcopum
2871 3539 3186 3604 ordinasse;
3233 3541 3324 3594 sed
3354 3557 3414 3594 eo
3460 3550 3594 3594 tent-

2009 3643 2135 3697 porc
2182 3627 2354 3684 Roma
2403 3631 2636 3684 nondum
2677 3631 2886 3700 penitus
2935 3641 3186 3698 separata
3221 3642 3334 3686 erat
3370 3647 3406 3685 a
3451 3630 3589 3685 Con.

2011 3723 2384 3792 stantinopoli.
2419 3721 2652 3778 Tenebat
2689 3723 2870 3795 itaque
2920 3725 3115 3778 multos
3160 3725 3225 3777 ab
3265 3723 3386 3778 hinc
3421 3741 3594 3779 annos

2012 3811 2642 3884 Constantinopolitanus
2682 3831 2747 3870 ea:
2775 3825 2924 3878 parte
2953 3825 3004 3870 et
3045 3815 3314 3881 Siciliam,
3343 3827 3392 3871 et
3423 3815 3591 3872 Gala-

2011 3905 2208 3972 brium,
2238 3916 2287 3960 et
2321 3921 2460 3976 papa
2488 3905 2722 3977 paucula
2754 3905 3024 3976 quaedam,
3053 3907 3505 3975 quemadmodum
3537 3917 3590 3960 et

2009 3995 2066 4050 in
2103 3993 2496 4064 Longobardia,
2542 4011 2706 4066 usque
2734 3995 2804 4048 ad
2837 3997 3262 4065 separationem;
3295 4007 3418 4050 tunc
3449 3999 3588 4050 enim

2009 4097 2287 4156 separatus
2333 4096 2413 4140 est
2468 4085 2534 4140 ab
2585 4087 2668 4140 his
2733 4085 3032 4156 regionibus
3090 4103 3234 4156 papa
3289 4103 3454 4157 usque
3515 4087 3587 4139 ad

2010 4174 2344 4230 Francorum
2411 4178 2712 4231 adventum.
2776 4175 2933 4230 Haud
2987 4193 3109 4232 sum
3163 4187 3424 4246 gravatus
3477 4187 3585 4232 tam

2011 4268 2181 4322 multa
2232 4269 2452 4334 allerre,
2494 4268 2628 4338 quia
2675 4284 2784 4322 non
2819 4284 2990 4338 pauca
3024 4271 3076 4322 in
3125 4270 3196 4325 iis
3237 4272 3588 4327 animadver-

2008 4359 2164 4413 sione
2203 4359 2556 4430 dignissima.

2078 4447 2322 4504 XXXIV.
2358 4449 2638 4519 Principio
2674 4447 2794 4505 falsi
2829 4458 3165 4521 arguuntur,
3203 4451 3298 4522 qui
3326 4450 3590 4522 Romanis

319 4549 590 4604 tiuthiam
627 4549 967 4610 exarchiam,
1009 4547 1472 4618 quemadmodum
1521 4556 1577 4602 et
1629 4548 1899 4610 Siciliam,
1935 4568 1979 4622 υ
2009 4541 2359 4610 ριιιγίεηοιιίω
2401 4541 2823 4596 distractionem
2871 4543 2939 4596 ab
2983 4541 3187 4599 Leonis
3231 4543 3405 4600 Isauri
3450 4553 3588 4598 tem—

319 4649 380 4696 et
413 4639 754 4702 Calabriam,
788 4654 820 4694 e
849 4639 1098 4694 Romana
1121 4639 1460 4708 patriarchia
1491 4640 1716 4696 avulsas
1741 4641 1904 4712 vulgo

323 4731 518 4786 volunt
567 4731 635 4783 ah
669 4728 853 4785 Leone
883 4731 1033 4800 Aug.
1070 4729 1336 4798 Isaurico,
1369 4745 1480 4801 quo
1528 4731 1790 4801 injuriam
1823 4732 1906 4786 ul-

321 4822 630 4877 cisceretur
649 4836 682 4875 a
709 4819 976 4890 Gregorio
995 4819 1050 4874 -ιι
1083 4819 1332 4876 Romano
1357 4821 1616 4890 cpisc0po
1644 4821 1750 4876 sibi
1783 4821 1904 4874 illa-

319 4925 457 4978 tam,
483 4913 645 4983 cujus
679 4928 846 4982 opera
873 4911 1088 4968 Italiam
1118 4915 1190 4968 ab
1224 4928 1290 4968 eo
1311 4912 1581 4968 defecisse
1610 4915 1901 4968 traditum.

321 5005 430 5059 Sed
463 5006 627 5074 longe
655 5014 785 5058 ante
823 5004 939 5058 haec
973 5016 1220 5074 tempora
1255 5003 1516 5059 laudatus
1557 5005 1723 5059 modo
1750 5003 1906 5060 Nilus

319 5095 528 5154 factum
572 5096 758 5151 isthuc
793 5096 1013 5162 scribit,
1050 5096 1118 5150 de
1150 5096 1766 5166 Constantinopolitano
1807 5111 1904 5166 pu-

319 5187 566 5242 triarcha
596 5187 900 5252 disserens,
921 5189 1080 5258 cujus
1117 5187 1232 5242 hate
1266 5189 1438 5242 recito
1475 5185 1632 5242 Latio
1663 5189 1899 5242 donata:

316 5279 525 5334 Rursus
559 5295 624 5333 ea:
673 5279 1004 5336 Occidentuli
1037 5279 1250 5333 ditecesi
1283 5279 1388 5332 duo
1447 5279 1664 5332 exarchi
1709 5279 1905 5332 simili-

318 5371 416 5438 te'r,
445 5374 667 5445 reliquis
693 5371 1122 5442 metropolitanis
1148 5369 1422 5440 subjectis,
1445 5369 1610 5424 multo
1634 5381 1900 5440 praestan-

317 5469 478 5522 tiores
529 5482 584 5520 se
637 5449 1002 5534 subjecernnt,
1065 5461 1550 5518 Thessalonicensis
1601 5479 1802 5532 nempe,
1851 5473 1900 5516 et

314 5558 654 5621 Corinthius,
691 5575 822 5628 quos
863 5557 1028 5611 secuti
1041 5565 1192 5610 'sunt
1223 5555 1574 5625 metropolitte
1610 5555 1823 5620 reliqui,
1852 5566 1902 5610 et

314 5641 724 5720 archiepiscbpi,
754 5651 845 5720 qui
869 5648 964 5702 sub
991 5647 1368 5702 illis~erant....
1403 5646 1598 5701 Sicilia
1621 5657 1897 5716 praeterea,

312 5755 363 5797 et
399 5740 658 5797 Calabria
689 5755 743 5794 se
771 5738 1364 5808 Constantinopolitano
1405 5750 1818 5807 supposuerunt,
1851 5752 1900 5795 et

312 5845 508 5890 sancta
540 5833 826 5902 Secerinq,
861 5849 980 5905 qute
1021 5844 1066 5888 et
1116 5831 1392 5902 Nicopolis
1423 5832 1736 5888 dicitztr.....
1785 5833 1897 5888 An-
1945 5858 1947 5861 ·

2010 4633 2238 4704 poribus
2285 4642 2588 4702 repetunt,
2631 4649 2757 4688 cum
2814 4633 2991 4690 multo
3053 4647 3345 4704 antequam
3410 4635 3586 4692 Roma

2010 4725 2232 4795 penitus
2287 4739 2317 4779 a
2369 4723 2987 4794 Constantinopolitano
3053 4727 3384 4794 imperatore
3431 4727 3587 4782 defe-

2007 4818 2198 4884 cisset,
2237 4817 2352 4884 jam
2427 4816 2561 4872 illud
2625 4818 2948 4874 usuxeuisse
3005 4818 3197 4873 doceat
3247 4819 3434 4878 Nilus:
3486 4819 3584 4876 ne;

2007 4925 2112 4980 que
2149 4919 2328 4964 tamen
2372 4909 2464 4963 illa
2519 4908 2802 4974 defecerit,
2861 4911 2963 4964 nisi
3013 4911 3115 4964 sub
3163 4909 3343 4965 Leone
3397 4913 3586 4968 Isauro

2007 5017 2154 5057 anno
2183 5000 2307 5066 726,
2342 5017 2452 5070 quo
2483 5000 2704 5061 ducem,
2753 5000 2844 5055 cui
2888 5017 3071 5055 rerum
3107 5018 3322 5057 summa
3355 5006 3585 5071 credita,

2007 5096 2110 5150 sibi
2162 5103 2396 5150 senatus
2443 5093 2792 5164 populusque
2843 5094 3034 5171 elegit,
3078 5106 3412 5166 quamquam
3462 5109 3587 5166 post

2008 5187 2060 5242 in
2094 5187 2334 5242 ollicium
2372 5188 2572 5240 iterum
2626 5187 2871 5253 redacta,
2923 5187 3100 5241 donec
3135 5203 3280 5242 anno
3311 5187 3414 5242 774
3444 5191 3588 5244 (ἐου-

2005 5279 2250 5334 stantiuo
2279 5278 2631 5348 Copronymo
2663 5279 2804 5348 Aug.
2846 5279 3057 5349 regium
3094 5279 3387 5348 imperium
3424 5295 3585 5350 pror-

2005 5387 2101 5426 sus
2129 5371 2458 5434 excusserit,
2498 5371 2551 5424 in
2587 5369 2864 5440 pontiﬁcis
2905 5370 2990 5425 sui
3034 5370 3163 5441 jura
3201 5386 3326 5426 sese
3378 5372 3586 5426 dedens

2009 5460 2106 5532 (V.
2137 5461 2268 5532 Pag.
2313 5461 2380 5516 ad
2417 5479 2508 5516 an.
2548 5463 2651 5518 796
2695 5471 2748 5516 et
2791 5463 2972 5535 799);
3021 5463 3154 5533 quin
3203 5474 3393 5536 aperte
3435 5461 3588 5519 Nilus

2006 5563 2264 5620 testatur,
2301 5556 2606 5610 accessisse
2640 5553 2910 5619 Siciliam,
2962 5555 3275 5610 Calabriam
3300 5599 3315 5621 ,
3364 5555 3584 5611 Cretam

2003 5645 2618 5714 Constantinopolitano
2657 5649 3010 5719 patriarchae,
3059 5663 3184 5703 eum
3224 5646 3457 5702 Barbari
3496 5649 3586 5704 de-

2001 5739 2256 5808 prehenso
2287 5755 2425 5808 papa
2467 5739 2687 5794 Romam
2735 5739 2964 5808 spoliant
3011 5741 3212 5810 [actam
3245 5742 3298 5794 in
3343 5744 3586 5811 proprios

2003 5847 2133 5887 usus
2199 5841 2595 5898 converterunt;
2667 5833 2966 5904 itidemque
3011 5833 3206 5890 sctibit
3258 5832 3309 5886 in
3367 5831 3586 5902 Lamus-
