3930 6442
345 380 484 448 1219
551 371 561 385 ’

1263 377 1364 444 DE
1393 377 1656 443 IETATE
1690 379 1750 440 S.
1779 376 2158 438 GREGORII
2195 373 2710 438 AGRIGENTINI

3489 369 3626 436 12ἓο

346 497 538 554 bat-dia
586 493 1000 563 transtiberina,
1053 491 1364 565 Apuliaque
1406 495 1686 568 principes
1735 492 1924 548 Ecclc-
1953 501 1994 555 Α
2025 491 2270 546 rinthius
2303 490 2617 562 cpiscopus.
2661 486 2829 556 Quid,
2867 486 3016 558 quod
3055 486 3429 542 secessionem
3471 485 3624 540 illam

349 587 466 644 sias
507 587 1129 657 Constantinopolitano
1170 587 1434 657 episcopo
1462 585 1783 646 adluesisse,
1819 581 1930 638 Ro-

343 691 514 734 mano
564 674 832 732 Barbaris
878 677 1120 732 maxiine
1172 677 1442 744 obnoxio,
1497 676 1722 746 haecque
1769 676 1824 730 in
1863 690 1931 730 ea

345 771 693 824 conveniunt
721 778 1003 840 tempora,
1030 785 1158 840 qua:
1197 770 1437 826 Leonem
1485 769 1740 826 lsaurum
1789 783 1934 835 prae-

345 862 640 923 cesserint,
670 877 798 917 cum
853 863 1072 918 scilicet
1103 861 1456 932 Longobardi
1494 876 1656 930 reges
1692 854 1930 923 Italiam,

345 963 514 1024 atque
563 953 740 1024 ipsam
775 954 913 1010 adeo
963 955 1190 1008 Romam
1238 953 1510 1008 erumnis
1553 953 1930 1016 cumularunt.

345 1045 508 1100 Certe
540 1061 689 1100 anno
724 1045 851 1113 658,
902 1061 1030 1102 cum
1078 1045 1287 1100 Paulus
1333 1043 1677 1114 metropolita
1733 1042 1932 1105 Cretae.

347 1151 473 1204 qua:
533 1136 1056 1207 Thessalonicensis
1108 1135 1383 1190 exarchiae
1438 1136 1658 1206 portio,
1722 1135 1934 1188 irritam

347 1223 612 1279 habuerit
661 1220 894 1280 Joannis
925 1224 1232 1294 Loppensis
1277 1239 1376 1279 sua
1423 1224 1476 1277 in
1509 1223 1784 1294 provincia
1821 1224 1936 1292 epi-

345 1317 502 1385 scopi
539 1319 992 1386 provocationem
1040 1317 1108 1372 ad
1153 1315 1490 1377 Vitalianum
1533 1331 1752 1386 papam,
1801 1317 1934 1384 quid

346 1405 455 1460 hoc
480 1417 587 1473 est,
621 1408 728 1462 nisi
765 1409 819 1462 in
856 1407 1138 1491 Vitaliano
1167 1409 1498 1478 patriarchae
1527 1407 1612 1461 sui
1641 1420 1934 1476 personam

349 1497 493 1554 haud
526 1500 854 1570 agnovisse?
889 1499 1114 1555 Adeone
1145 1515 1331 1554 rerum
1357 1499 1693 1568 imperitum.
1723 1498 1808 1552 vel
1849 1496 1937 1549 in-

349 1602 545 1644 sanum
591 1591 750 1644 nobis
789 1591 942 1646 illum
981 1591 1254 1660 tingamus
1284 1628 1298 1652 ,
1350 1604 1512 1658 quem
1567 1589 1652 1644 vel
1705 1585 1934 1656 fugerit,

347 1681 493 1748 quod
528 1691 584 1734 et
617 1680 907 1742 Cwsarcis.
935 1691 987 1734 ct
1016 1681 1410 1736 ecelcsiasticis
1443 1690 1660 1734 cantum
1701 1678 1934 1749 legibus,

345 1773 516 1828 licere
543 1773 803 1842 episcopo
832 1787 862 1827 a
898 1773 1258 1842 metropolitae
1277 1773 1486 1841 judicio
1512 1773 1577 1826 ad
1608 1771 1936 1842 patri-archi-

347 1879 472 1919 eum
499 1863 734 1917 tribunal
759 1865 1052 1934 appellare,
1078 1865 1186 1930 vel,
1211 1879 1336 1918 cum
1363 1863 1492 1918 illud
1525 1867 1694 1934 probe
1725 1871 1930 1928 nosset,
1968 1840 2008 1896 Β

345 1955 689 2024 prohibuerit
723 1965 904 2010 tamen
947 1956 1248 2026 legitimum
1293 1955 1629 2024 judiciorum
1666 1953 1932 2008 cursum?

349 2047 404 2100 Si
445 2046 562 2100 haec
589 2062 694 2101 non
725 2047 940 2110 demus,
975 2048 1353 2102 nllirmandnm
1389 2046 1636 2112 tandem,
1663 2045 1932 2102 Joannem

345 2136 686 2206 Loppcnscm
716 2137 1032 2206 episcopum
1066 2153 1174 2191 non
1209 2137 1331 2192 ideo
1369 2137 1436 2192 ad
1471 2135 1800 2191 Vitalianum
1835 2151 1932 2206 ap-

345 2225 599 2294 pellasse,
625 2229 770 2294 quod
807 2225 858 2278 in
888 2241 955 2281 co
983 2227 1066 2280 sui
1099 2227 1490 2296 patriarcham,
1513 2228 1605 2284 sed
1637 2227 1782 2297 quod
1812 2229 1934 2281 uni-

343 2329 522 2368 versa:
554 2311 995 2369 Christianorum
1028 2315 1195 2387 316
1221 2315 1480 2372 Ecclesiae
1511 2327 1669 2386 caput
1706 2317 1936 2386 proﬁte-

347 2416 500 2460 retur
527 2423 542 2472 ;
581 2405 962 2461 intercessisse
980 2406 1212 2462 Paulum
1239 2407 1614 2477 appellationi,
1648 2408 1776 2478 quia
1807 2421 1933 2464 raro

345 2499 412 2552 ad
445 2497 754 2552 Romanum
793 2500 1104 2568 pontiliccm
1142 2509 1494 2570 provocatum
1519 2500 1586 2552 ab
1623 2499 1689 2554 iis
1719 2501 1932 2571 cpisco-

345 2591 450 2660 pis,
469 2591 562 2659 qui
579 2591 668 2644 alii
692 2590 982 2644 subessent
997 2591 1342 2660 patriarchae,
1361 2589 1491 2660 quin
1509 2589 1680 2643 turba:
1696 2598 1930 2656 exortae;

349 2680 573 2748 quando
615 2679 902 2732 invidiosae
933 2693 1149 2746 semper
1183 2678 1578 2748 appellationes
1617 2677 1683 2732 ad
1731 2677 1934 2733 Roma-

347 2787 479 2826 num
509 2773 828 2841 cpisc0pum
853 2787 866 2835 ;
895 2772 1034 2826 adeo
1075 2779 1134 2824 ut
1163 2785 1229 2824 ne
1260 2769 1362 2840 ipsi
1402 2769 1622 2840 quidem
1662 2767 1780 2824 Afri
1811 2770 1934 2828 illas

345 2862 572 2918 siverint
599 2879 614 2929 ;
647 2873 702 2916 et
741 2873 925 2916 tamen
949 2877 1138 2916 corum
1158 2859 1400 2916 Ecclesia
1419 2859 1678 2916 Romame
1704 2861 1934 2930 patriar-

345 2955 485 3008 chite
530 2954 881 3020 contributa;
939 2955 1068 3022 quia
1122 2954 1313 3022 primis
1375 2952 1633 3008 Ecclesia:
1692 2953 1930 3020 saeculis,

345 3045 571 3116 perinde
599 3061 658 3100 se
683 3055 972 3116 gesserunt
995 3045 1483 3116 Carthaginienses
1519 3043 1760 3114 episcopi
1783 3041 1932 3098 Afri-

345 3153 501 3192 cana:
533 3137 790 3192 Ecclesia:
834 3137 1053 3192 exarchi
1081 3178 1096 3201 ,
1147 3147 1312 3206 atque
1361 3137 1477 3192 suis
1511 3137 1565 3191 in
1600 3134 1933 3192 dimcesibtts

344 3227 731 3295 Alexandrini,
771 3229 1104 3283 Antiocheni
1128 3272 1143 3297 ,
1178 3226 1439 3305 Ephesini
1467 3267 1484 3295 ,
1541 3214 1934 3294 Caesarienses,

347 3320 750 3386 lleraclienses,
785 3321 1008 3390 quando
1039 3321 1250 3374 nullum
1279 3320 1564 3390 imperium
1585 3335 1752 3392 supra
1773 3335 1936 3376 exar-

345 3412 565 3466 chicum
600 3412 778 3482 majus
816 3429 829 3466 :
867 3425 1049 3482 neque
1083 3413 1306 3467 tandem
1331 3411 1610 3482 subjectos
1658 3427 1780 3468 sese
1821 3411 1935 3466 Ro-

345 3520 512 3558 mano
547 3503 872 3574 patriarcha:
903 3519 1146 3568 sensere,
1177 3503 1283 3560 nisi
1312 3519 1376 3558 ex
1411 3503 1734 3558 auctoritate
1759 3503 1935 3560 Justi-

345 3595 545 3650 nianil
585 3595 880 3664 Aug.,-qui
911 3594 1208 3656 _novcllam
1261 3593 1434 3649 edidit
1484 3595 1934 3650 constitutionem

346 3685 456 3740 1‘25
477 3725 492 3751 ,
549 3702 654 3754 qua
687 3683 950 3740 Rontanze
982 3685 1334 3756 patriarchiae
1357 3685 1486 3755 jura
1537 3686 1592 3740 in
1645 3687 1936 3743 universas

345 3775 663 3830 Occidentis
695 3775 976 3830 Ecclesias
1005 3816 1019 3840 ι
1075 3775 1129 3828 in
1161 3789 1395 3844 quarum
1429 3789 1654 3830 censum
1691 3777 1934 3845 reposita

344 3866 602 3922 Africana
625 3905 640 3932 ,
671 3866 869 3921 diffusa
891 3905 906 3934 ,
943 3867 1408 3936 quemadmodum
1443 3880 1540 3938 par
1573 3867 1741 3922 latum
1773 3876 1932 3922 antea

347 3958 587 4013 tulerant
625 3957 1381 4023 Miatta,,[‘ontiea,'l'hracica
1403 3958 1666 4027 Ecclesia,
1699 3974 1931 4028 quarum

345 4049 571 4104 exarchi
629 4048 1247 4120 Constantinopolitano
1312 4050 1639 4120 patriarcha:
1689 4051 1933 4108 cervices

346 4141 662 4204 subdidere,
705 4143 799 4211 qui
837 4143 1081 4211 ipsorum
1115 4142 1239 4212 jura
1273 4143 1590 4212 adoptavit,
1629 4160 1751 4199 cum
1780 4144 1933 4214 prius

345 4247 534 4288 nzerus
557 4229 690 4288 foret
717 4231 1049 4302 sull‘ragator
1067 4235 1360 4304 cpiscopus
1382 4233 1610 4304 Europa:
1641 4237 1934 4304 provincia:

345 4323 728 4391 nit-tropolitm,
765 4323 868 4377 hoc
895 4333 974 4376 est
1011 4323 1396 4380 Heracleensis
1428 4325 1668 4395 episcopi
1693 4365 1708 4390 ,
1734 4325 1828 4394 qui
1857 4325 1932 4381 si-

345 4415 461 4469 mul
491 4416 762 4468 exarchus
785 4413 1036 4470 Thracia:
1057 4398 1452 4472 dimeescodex
1482 4417 1718 4486 Europa,
1749 4415 1932 4470 Thra-

2032 581 2280 652 Gregorii
2310 582 2481 638 nostri
2509 589 2848 652 tempestate,
2869 595 3034 650 quem
3050 576 3223 634 Leoni
3264 579 3459 632 Isauro
3487 591 3630 647 prm-

2035 671 2206 728 ivisse
2237 688 2400 728 nemo
2431 673 2670 738 dubitat,
2705 671 2904 726 lactant
2931 671 3046 741 jam
3075 669 3234 724 Nilus
3254 670 3627 734 demonstrat,

2032 777 2143 834 quo
2169 765 2440 822 scribente
2458 762 2752 820 notissima
2775 761 3022 832 exempla
3053 773 3260 823 omnia,
3291 772 3418 828 qua:
3439 754 3628 818 nobis,

2033 852 2260 908 amissis
2291 860 2602 922 temporum
2637 851 2839 920 injuria
2863 848 3238 904 monumentis
3262 888 3278 914 ,
3333 845 3496 914 plane
3528 843 3634 900 ob-

2034 959 2242 1009 scura;
2290 943 2428 998 adeo
2462 952 2524 998 ut
2555 958 2628 998 ne
2652 940 2985 1013 Hydruntini
3023 941 3130 1010 ipsi
3160 977 3176 1003 ,
3216 935 3315 1008 qui
3363 933 3636 992 Ecclesia:

2034 1050 2152 1094 sum
2184 1051 2277 1092 res
2306 1050 2433 1089 cum
2465 1033 2814 1090 Ferdinando
2843 1032 3076 1102 Ughcllo
3117 1027 3631 1090 eommuuicarunt,

2037 1125 2246 1196 aliquid
2279 1125 2607 1180 subodorati
2631 1126 2699 1180 de
2725 1125 2916 1180 Marco
2941 1123 3222 1194 episeopo,
3254 1134 3431 1186 eoque
3459 1117 3636 1174 omis-

2035 1229 2136 1272 sus
2171 1216 2244 1272 ab
2277 1212 2511 1285 Ughelio
2533 1215 2559 1269 ἲ
2951 1253 2956 1258 -

2106 1306 2324 1364 XXXV.
2365 1307 2570 1363 Deinde
2595 1323 2661 1364 ex
2693 1321 2782 1372 eo,
2829 1303 2978 1376 quod
3007 1305 3194 1369 Nilus,
3258 1311 3318 1358 ut
3369 1301 3640 1358 ostendat

2037 1398 2250 1468 aliquot
2287 1397 2342 1452 in
2383 1398 2572 1454 Sicilia
2621 1397 2896 1454 Ecclesias
2926 1397 3306 1472 superstitisse
3353 1410 3478 1464 qua:
3512 1392 3633 1449 Bo-

2052 1505 2218 1545 mano
2254 1489 2496 1560 pontiﬁci
2535 1497 2815 1560 parerent,
2855 1487 3103 1560 Gregorii
3133 1487 3632 1558 Agrigentinorum

2037 1581 2278 1653 episc0pi
2298 1581 2566 1651 producat
2585 1581 3112 1654 inaugurationema
3128 1579 3373 1634 Romana
3385 1578 3638 1648 patriar-

2045 1675 2148 1730 cha
2176 1684 2452 1744 peractam
2485 1677 2500 1740 ,'
2530 1689 2734 1730 novum
2760 1673 3013 1732 elicimus
3059 1685 3486 1745 argumentum,
3517 1687 3637 1741 quo

2043 1765 2218 1836 ipsius
2254 1774 2514 1834 aetatem,
2571 1776 2762 1822 contra
2813 1781 2978 1836 quam
3039 1763 3342 1819 Caietauus
3395 1761 3631 1821 sentiat.

2039 1855 2515 1910 constabiliamus.
2573 1853 2744 1910 Nemo
2803 1855 2937 1910 mihi
2997 1853 3316 1924 negaverit,
3373 1850 3635 1923 Gregorii

2039 1945 2218 2018 Magni
2251 1955 2500 2018 tempore
2529 1946 2730 2004 Sicilia:
2754 1949 3028 2004 universae
3059 1945 3336 2004 Ecclesias
3379 1943 3475 1999 uni
3518 1941 3636 1997 Ro-

2040 2017 2204 2092 ma'no
2257 2017 2582 2104 patriarcha:
2633 2039 3086 2108 obtemperasse,
3137 2031 3282 2110 qu'od
3331 2051 3398 2092 cx
3447 2035 3632 2106 ipsius

2039 2129 2286 2199 epistolis
2351 2139 2585 2186 constat.
2651 2129 2819 2200 Atqui
2873 2128 3175 2200 Gregorius
3243 2124 3629 2197 pmttiﬁcatum

2039 2221 2343 2276 maximum
2378 2222 2661 2291 ingressus
2690 2235 2838 2276 anno
2872 2218 3000 2286 590,
3033 2218 3104 2274 ab
3135 2217 3437 2273 Iustiniani
3479 2215 3503 2270 ι
3531 2229 3634 2270 ex-

2039 2327 2197 2367 cessu
2227 2313 2318 2368 25.
2349 2312 2408 2368 Si
2440 2315 2606 2384 igitur
2623 2313 2926 2384 Gregorius
2960 2312 3356 2384 Agrigentinus
3391 2308 3498 2364 sub
3526 2305 3631 2362 Ju-

2040 2406 2283 2485 Slittimlo
2318 2407 2456 2478 Aug.
2487 2407 2641 2470 vixit,
2671 2416 2726 2461 et
2756 2421 2823 2461 eo
2853 2405 3076 2476 quidem
3135 2403 3450 2460 Justiniano
3515 2417 3629 2472 quo

2041 2512 2222 2552 rerum
2247 2497 2986 2568 Constantiuopolitanarum
3019 2497 3249 2565 domino
3273 2492 3460 2550 Sicilia
3495 2507 3628 2562 par-

2041 2589 2138 2644 tim
2169 2576 2816 2660 tionstautinﬁpolitano,
2853 2589 3058 2660 partim
3106 2586 3358 2644 Romano
3407 2585 3630 2642 subdita

2040 2681 2386 2750 patriarcltzr,
2411 2682 2458 2736 si
2489 2682 2593 2736 sub
2621 2679 2942 2738 Justiniano
2969 2678 2988 2734 l
3051 2679 3199 2736 nulla
3224 2677 3453 2735 omnino
3482 2675 3630 2732 Sici-

2040 2771 2126 2826 lia:
2152 2772 2398 2826 Ecclesia
2427 2785 2457 2826 a
2491 2771 2726 2826 Romani
2769 2771 3050 2842 pontiﬁcis
3085 2772 3210 2838 jure
3249 2769 3462 2836 avulsa,
3501 2767 3631 2838 quis

2041 2874 2149 2918 non
2196 2863 2486 2935 intelligat,
2531 2864 2696 2922 unius
2737 2862 3032 2920 Justiniani
3072 2863 3120 2918 ll
3156 2862 3304 2918 aetati
3339 2860 3630 2918 vindican-

2039 2953 2216 3012 dum?
2247 2953 2404 3021 Quod
2439 2956 2486 3012 si
2518 2971 2646 3010 vero
2661 2953 3218 3025 JustinianollAug.,
3247 2963 3303 3010 et
3333 2954 3388 3009 in
3413 2952 3631 3018 Sicilia,

2038 3055 2094 3106 et
2129 3047 2182 3101 in
2214 3046 2596 3116 Longobardia
2631 3047 3058 3120 transtyberina,
3089 3055 3146 3102 et
3175 3045 3328 3110 alibi,
3357 3045 3631 3104 diminuta

2039 3136 2274 3194 Romani
2325 3139 2652 3208 patriarcha:
2678 3139 2827 3208 jura,
2867 3153 2992 3209 qua:
3023 3137 3128 3194 sibi
3161 3135 3632 3204 Constantinopo-

2045 3231 2254 3288 litanus
2287 3233 2579 3304 arrogarit,
2611 3232 2806 3304 quidni
2833 3247 2988 3304 aeque
3031 3231 3301 3288 fateamur
3345 3233 3490 3288 idem
3541 3230 3632 3286 fa-

2037 3331 2187 3384 ctum
2207 3322 2262 3378 in
2281 3321 2762 3380 Thessalonicensi
2787 3333 2844 3380 et
2891 3323 3244 3381 Corinthiaco
3271 3323 3628 3394 potissimum

2035 3411 2294 3466 exarchiu
2323 3449 2338 3475 ,
2397 3411 2619 3482 quando
2665 3407 2931 3468 Locutius
2979 3411 3324 3473 certissimus
3388 3409 3633 3482 scriptor

2042 3503 2204 3558 nobis
2257 3503 2480 3572 prodit,
2541 3503 2888 3560 Corinthium
2921 3504 3240 3575 episcopum
3286 3519 3318 3558 e
3349 3511 3628 3560 conventu

2036 3593 2208 3654 fuisse
2234 3596 2847 3668 Constantinopolitano
2877 3585 3262 3652 subCallinico
3287 3594 3630 3666 patriarcha,

2034 3699 2068 3740 a
2091 3701 2199 3754 quo
2234 3686 2396 3756 legati
2425 3686 2508 3742 sui
2542 3701 2770 3742 munere
2787 3685 3016 3741 Romam
3042 3686 3270 3753 missus,
3309 3695 3370 3740 ut
3395 3687 3466 3740 de
3487 3683 3632 3741 Gre-'-

2036 3779 2170 3846 gorii
2198 3779 2453 3842 crimine,
2489 3779 2649 3846 cujus
2683 3779 3063 3842 insimulatus,
3097 3776 3413 3848 iudicaret?

2107 3873 2350 3929 XXXVI.
2383 3873 2650 3939 Equidem
2683 3876 2728 3931 si
2756 3875 2968 3946 aliquid
3001 3875 3108 3930 hoc
3141 3873 3265 3930 loco
3291 3871 3630 3942 conjectura:

2034 3965 2297 4032 dandum,
2324 3981 2434 4019 non
2463 3966 2608 4023 male
2633 3965 2889 4032 dixerim,
2923 3965 3290 4022 defectionem
3330 3965 3478 4020 illam
3515 3962 3624 4019 Ec-

2034 4057 2329 4114 clesiarnm
2379 4055 2622 4129 Illyrici,
2673 4055 2931 4123 Achaiae,
2981 4056 3206 4122 Siciliae,
3242 4055 3512 4112 Calabria:
3552 4053 3624 4109 ad

2033 4147 2708 4218 Constantinopolitanum
2765 4148 3180 4217 patriarcham.
3247 4145 3454 4202 factam
3517 4145 3628 4203 sub

2033 4237 2293 4294 Heraclio
2326 4237 2628 4294 Constante
2655 4236 2700 4292 ll
2721 4277 2736 4303 ,
2782 4247 2839 4294 et
2871 4237 3079 4310 Pyrrho
3111 4238 3624 4308 Constantinopoli-

2035 4339 2162 4385 lano
2181 4329 2464 4399 episcdpo,
2481 4327 2966 4386 Monothelitarnm
2993 4328 3278 4400 signifero,
3292 4329 3455 4400 cujus
3472 4328 3622 4401 quod

2032 4419 2252 4474 ἔκθεσιν
2306 4429 2362 4474 ct
2388 4419 2558 4475 τύπον
2589 4421 3073 4478 anathe'matismis
3119 4421 3434 4478 devovisset
3469 4421 3622 4476 Mare

344 4505 452 4567 cia,
487 4505 876 4568 llwmimonte,
904 4505 1188 4576 llhodope,
1217 4506 1405 4563 Mtesia
1439 4506 1502 4569 ll,
1536 4507 1758 4578 Scythia
1799 4523 1927 4577 pro—
1955 4525 2000 4580 ι)
2035 4512 2183 4566 tinus
2211 4525 2372 4580 papa,
2405 4526 2552 4566 anno
2597 4510 2734 4579 649,
2793 4511 2849 4566 in
2905 4512 3115 4566 Nasum
3159 4513 3402 4568 insulam
3439 4513 3622 4582 primo

344 4594 543 4650 vinctis
567 4603 867 4664 compacta:-
889 4633 904 4660 ,
936 4610 1112 4666 coque
1144 4597 1367 4650 nomine
1413 4597 1502 4667 jus
1532 4595 1926 4652 Constantino-

347 4687 647 4756 politanum
683 4687 1049 4755 patriarcham
1091 4687 1381 4742 ordinandi
1428 4699 1691 4758 perpetuo
1726 4689 1930 4743 mansit

345 4775 399 4830 in
433 4775 786 4830 lleraeleensi
825 4776 1120 4844 episcopo,
1173 4775 1266 4844 qui
1318 4775 1548 4830 honoris
1587 4792 1718 4846 ergo
1745 4775 1928 4831 dictus

344 4866 605 4938 προέδρος
634 4866 743 4918 τῶν
766 4866 1107 4936 ὑπερτίμων.
1139 4865 1320 4931 Quare
1354 4867 1742 4921 concludimus
1782 4881 1927 4920 anno

343 4958 448 5012 658
476 4956 694 5012 Cretam
728 4956 1090 5026 provinciam,
1123 4973 1246 5026 qua:
1285 4972 1392 5011 una
1421 4973 1486 5011 cx
1542 4956 1574 5010 6
1625 4957 1768 5011 unde
1793 4971 1928 5010 con-

302 5048 469 5103 'ﬂata
502 5047 1010 5120 Thessalonicensis
1041 5048 1320 5112 exarehia,
1363 5048 1684 5102 distractam
1733 5063 1763 5102 a
1815 5049 1928 5104 Ro-

343 5141 490 5196 mani
528 5139 854 5212 patriarchae
883 5139 1273 5207 jut'isdictione
1296 5177 1311 5202 ,
1361 5153 1538 5208 eoque
1571 5131 1820 5210 exemplo
1845 5141 1928 5194 di-

343 5235 531 5287 vinare
559 5248 878 5304 possumus,
918 5247 985 5285 an
1011 5247 1163 5302 teque
1193 5241 1306 5285 tum
1339 5232 1600 5301 temporis
1629 5231 1927 5288 defecerint

343 5325 955 5395 Consmntinopolitauo
987 5324 1312 5393 patriarcha:
1358 5324 1654 5400 provjncire
1704 5325 1924 5396 reliqua:

345 5423 530 5486 cjusce
557 5419 850 5477 exarchiaa.
883 5419 988 5472 hoc
1033 5428 1116 5474 cst
1163 5417 1480 5472 Macedonia
1511 5416 1555 5477 l.
1613 5417 1921 5484 Thessalia,

341 5507 544 5578 Epirus
574 5521 750 5576 vetus,
791 5511 990 5581 Epirus
1022 5526 1178 5574 nova,
1209 5521 1263 5566 et
1294 5509 1622 5565 Macedonia:
1663 5511 1922 5566 salutaris

344 5615 495 5671 pars,
541 5608 655 5656 tum
689 5601 822 5656 adeo
853 5601 1056 5656 Achaia
1081 5641 1096 5665 ,
1133 5617 1254 5672 quae
1287 5605 1561 5672 quondam
1590 5618 1719 5672 pars
1749 5601 1923 5658 Thes-

345 5693 708 5750 salonicensis
729 5737 744 5760 ,
800 5695 914 5750 sive
945 5693 1260 5766 lllyricianze
1293 5696 1634 5762 diteccseos;
1691 5696 1923 5751 subinde

347 5795 478 5840 vero
510 5785 802 5856 singularis
839 5784 1012 5839 audiit
1043 5785 1296 5840 ctarchia
1323 5827 1338 5850 ,
1401 5785 1488 5840 cui
1537 5795 1768 5856 pl'ﬂ‘Cl‘al
1806 5787 1914 5841 (Zo-

2033 4610 2389 4671 asportatus,
2443 4602 2570 4658 inde
2621 4601 3208 4674 Constantinopolim,
3261 4603 3620 4675 ubi-injuriis

2029 4692 2290 4748 omnibus
2319 4693 2636 4758 cumulatus
2669 4694 2724 4748 in
2757 4694 3168 4750 Chersonesum
3204 4695 3422 4750 tandem
3457 4695 3619 4750 exsul

2029 4780 2302 4845 mittitur,
2351 4781 2434 4836 sic
2475 4763 2944 4852 Constante'Aug.
2972 4781 3236 4851 jubente,
3290 4783 3382 4853 qui
3419 4781 3616 4855 Pyrrhi

2027 4881 2212 4940 partes
2259 4871 2624 4941 hmresimque
2691 4872 2969 4928 tuebatur.
3003 4871 3139 4928 Tam
3186 4875 3418 4929 sceleste
3449 4875 3619 4946 igitur

2027 4963 2257 5018 animati
2287 4979 2412 5020 cum
2454 4963 2689 5020 fuissent
2722 4965 2776 5019 in
2815 4965 3110 5022 Martinum
3137 4981 3265 5022 cum
3301 4967 3435 5037 imp.
3473 4965 3618 5022 Con-

2025 5067 2199 5122 stans,
2227 5067 2342 5112 tum
2375 5058 2615 5128 Pyrrhus
2653 5058 2960 5128 patriarcha
2983 5099 2998 5126 ,
3036 5059 3226 5130 quidni
3261 5061 3328 5114 ad
3363 5068 3613 5126 caeteras,

2025 5149 2228 5216 quibus
2260 5149 2349 5202 ille
2379 5148 2604 5206 alfectus
2630 5190 2645 5218 ,
2703 5150 2936 5220 injurias
2965 5151 3094 5206 illud
3158 5151 3493 5218 accesserit,
3546 5152 3614 5207 ad

2023 5240 2386 5297 defectionem
2423 5243 2694 5298 excitatas
2727 5243 2929 5298 Siciliae
2956 5283 2971 5308 ,
3025 5243 3328 5309 Calabriae,
3363 5245 3611 5311 Achaiae,

2026 5332 2336 5403 Illyricique
2369 5333 2685 5390 Ecclesias?
2730 5333 2872 5391 Ecce
2904 5335 3170 5392 Martinus
3213 5338 3328 5408 ipse
3355 5347 3482 5408 post
3512 5337 3612 5393 da-

2026 5433 2268 5477 mnatam
2301 5425 2568 5492 ccthesin,
2601 5437 2650 5481 et
2683 5435 2870 5496 typum
2895 5428 3114 5498 Pyrrhi,
3141 5426 3412 5483 Joannem
3435 5428 3614 5484 Phila-

2024 5515 2255 5585 delphia:
2281 5516 2598 5595 episcopum
2635 5519 2902 5574 vicarium
2951 5535 3114 5575 suum
3170 5521 3224 5575 in
3259 5521 3486 5578 Oriente
3531 5537 3612 5578 re-

2023 5607 2260 5672 nuntiat,
2305 5609 2440 5678 quid
2474 5610 2578 5664 hoc
2611 5620 2726 5677 est,
2789 5612 2894 5666 nisi
2922 5612 3397 5668 evidentissimum
3454 5631 3614 5684 argu-

2024 5707 2289 5762 mentum,
2319 5700 2615 5756 descivisse
2645 5702 2713 5756 ab
2745 5717 2836 5768 eo,
2869 5713 2922 5758 ct
2956 5701 3535 5772 Thessalonicensem,
3557 5716 3611 5762 et
3654 5693 3659 5698 ⁷

2023 5788 2366 5845 Corinthium
2398 5793 2706 5858 exarchas,
2762 5794 2960 5864 quibus
3009 5805 3276 5872 perpetuo
3320 5797 3635 5872 injunctush
