3930 6410
283 384 402 451 19:21

1654 383 2184 446 DISSERTATIO.

3401 376 3544 444 1222

280 497 504 557 Romani
541 495 861 568 patriarchae
897 493 956 552 in
978 491 1204 552 Oriente
1225 495 1550 564 vieariatus,
1597 497 1846 566 adeoque
1875 507 1918 562 Α
1948 495 2140 547 (imitus
2171 507 2266 560 pro
2300 491 2562 554 omnibus,
2599 506 2716 558 qua:
2745 487 2894 544 nobis
2942 486 3078 543 Dens
3103 506 3196 558 per
3221 500 3269 545 te
3304 491 3543 548 tribuit?

277 591 490 646 dubiam
517 601 708 644 eorum
739 587 1152 658 episcoporum,
1181 587 1276 658 qui
1317 586 1387 642 iis
1409 595 1685 656 parerent,
1718 585 1845 656 qui-

191 673 212 686 “
277 697 378 752 que
407 681 584 734 adhuc
618 688 806 748 aperte
849 694 957 734 non
1008 681 1392 741 rebellassent,
1436 678 1596 732 tidem
1650 676 1845 745 fuisse,

271 783 332 828 ut
355 773 408 826 id
451 771 668 825 tandem
720 786 920 825 munus
954 770 1395 826 demamlandum
1429 769 1596 824 fuerit
1632 771 1848 837 provin-

1951 589 2028 640 Ac
2057 585 2198 639 nosti
2231 583 2344 652 jam
2375 583 2654 636 dimidiam
2687 592 2886 637 nostra:
2917 582 3064 636 urbis
3092 595 3294 652 partem
3327 625 3342 648 ,
3384 581 3541 640 item-

1950 693 2049 748 que
2078 677 2442 746 episcopatum
2499 685 2685 729 sancto
2743 692 2804 728 ac
2855 675 3085 744 principi
3130 675 3409 744 apostolo,
3453 677 3546 746 qui

1950 769 2034 820 hic
2065 777 2162 832 est,
2189 767 2507 832 subiacere?
2539 766 2664 820 Rem
2697 784 2916 838 prorsus
2937 769 3026 819 ita
3079 767 3268 820 habere
3315 769 3544 838 afﬁrmat
3588 815 3606 834 ,

1952 859 2256 931 Gregorius.
2285 859 2352 912 At
2383 859 2644 928 pontifex,
2679 858 2884 912 Mecum
2916 860 3026 928 ipse
3071 859 3394 926 stutuijom,
3422 871 3548 928 qua!

1950 950 2236 1022 peculiaris
2267 950 2413 1002 nobis
2456 959 2556 1014 est,
2599 949 2823 1002 mediam
2871 949 3016 1002 urbis
3047 961 3244 1003 nostra:
3269 960 3476 1018 partem
3507 967 3542 1003 a

1949 1052 2155 1104 sancto,
2185 1041 2388 1101 divino,
2415 1042 2834 1110 sempiternnque
2853 1041 3011 1093 laude
3039 1028 3197 1109 digno
3222 1043 3549 1108 imperatore
3589 1035 3598 1044 ’

275 865 368 920 ciae
395 863 656 933 episcopo
687 873 846 918 extra
876 877 970 918 eas
997 863 1284 918 exarchias
1317 865 1529 932 posito;
1558 871 1675 915 erat
1699 861 1845 915 enim

272 953 656 1023 Philadelpr
687 955 984 1024 episcopus
1011 970 1041 1008 e
1071 957 1282 1026 synodo
1315 953 1499 1025 Lydia:
1524 954 1842 1022 provinciae,

273 1059 388 1112 qure
442 1043 1065 1112 Constantinopolilame
1113 1042 1458 1112 patriarcbiae
1509 1043 1845 1098 contributa.

272 1135 393 1190 Haec
415 1149 544 1188 cum
578 1134 653 1188 ita
695 1135 830 1198 sint,
857 1135 1073 1189 desinat
1095 1135 1396 1190 Caietanus
1438 1134 1617 1188 dicam
1666 1133 1848 1188 dicere

268 1227 514 1294 Leontio,
545 1228 696 1296 quod
727 1227 952 1281 anxium
1004 1228 1175 1282 animi
1210 1225 1556 1291 Pontiﬁcem,
1603 1227 1732 1297 quid
1764 1242 1848 1280 re-

270 1335 386 1373 rum
419 1327 656 1388 gereret,
701 1318 778 1372 uti
815 1318 1111 1374 manifesta
1147 1319 1248 1374 sibi
1282 1319 1435 1373 ﬁeret
1472 1318 1719 1388 Gregorii
1773 1318 1848 1372 in-

270 1409 514 1464 nocentia
541 1427 556 1478 ;
595 1410 708 1464 haec
741 1411 1088 1466 consuluisse
1115 1411 1264 1464 dicat
1292 1411 1542 1464 Marcum
1571 1409 1844 1472 abbatem,

270 1500 357 1571 qui
386 1500 664 1570 quondam
713 1499 1090 1573 Hierosolyma
1133 1501 1460 1572 Gregorium
1505 1499 1841 1555 deduxerat:

274 1593 404 1646 Audi
435 1607 517 1646 me
539 1634 556 1658 ,
613 1593 823 1647 domine
843 1631 858 1658 ,
919 1595 1095 1663 tuique
1124 1593 1260 1647 servi
1307 1594 1582 1646 consilium
1617 1593 1795 1660 accipe
1825 1607 1845 1646 :

273 1699 424 1752 neque
449 1685 591 1737 enim
619 1684 685 1738 de
718 1685 930 1738 homine
958 1701 1052 1738 nos
1080 1684 1220 1755 ferre
1247 1683 1516 1754 judicium
1541 1699 1838 1750 possumus,

274 1776 369 1828 nisi
403 1774 788 1844 archiepiscopi
816 1773 1398 1845 Constantinopolitani
1422 1815 1438 1841 ,
1468 1775 1694 1844 itemque
1713 1773 1845 1842 piis-

1949 1144 2132 1189 nostro
2171 1132 2524 1190 Constantino
2579 1133 2938 1200 apostolorum
2987 1133 3216 1201 principi
3260 1135 3537 1193 donatam,

1947 1240 2040 1295 per
2073 1234 2121 1278 te
2154 1240 2294 1278 nunc
2331 1222 2458 1282 Deo.
2487 1222 2780 1291 temploque
2822 1221 2913 1274 abs
2946 1232 2992 1274 te
3033 1221 3351 1288 tediﬁcando
3379 1224 3538 1274 attri-

1949 1319 2104 1372 buere
2129 1355 2145 1371 .
2175 1356 2188 1369 .
2217 1357 2234 1372 .
2276 1317 2400 1368 inde
2427 1315 2675 1367 advocati
2701 1330 2732 1366 a
2763 1313 3014 1382 pontiﬁce
3048 1311 3302 1367 Ecclesia:
3335 1313 3535 1375 dilecti,

1945 1411 2305 1480 primoresque
2333 1407 2521 1470 urbis,
2583 1422 2805 1476 cumque
2837 1405 3194 1468 assedissent,
3251 1421 3360 1458 una
3416 1422 3537 1458 cum

1945 1502 2190 1571 pontiﬁce
2219 1501 2471 1568 scripsere
2509 1498 2728 1556 librum.
2771 1514 2924 1567 quem
2961 1514 2992 1550 a
3027 1499 3214 1568 synodi
3251 1483 3536 1566 episcopis,

1947 1602 2236 1664 cunctaque
2252 1591 2495 1647 Ecclesia
2515 1591 2852 1660 obsignatum
2878 1590 3029 1643 beato
3055 1589 3305 1660 Gregorio
3325 1591 3534 1644 dedere.

1948 1687 2048 1742 Hic
2073 1688 2370 1742 Caictanus
2397 1686 2641 1738 vitiatam
2677 1683 2965 1737 lectionem
3003 1685 3255 1747 incusat;
3291 1699 3396 1736 non
3433 1699 3538 1752 pu-

1949 1789 2064 1844 tat,
2119 1767 2470 1850 non'patitur
2505 1774 2818 1846 pontiﬁcem
2871 1783 2978 1828 tam
3041 1775 3189 1844 large
3233 1775 3532 1829 liberalem.

270 1866 384 1919 simi
415 1865 580 1936 317
613 1868 950 1936 imperatoris
989 1867 1264 1921 accedente
1291 1867 1514 1920 consilio
1541 1907 1554 1920 .
1577 1904 1592 1919 ο
1619 1904 1632 1918 ι
1657 1904 1671 1918 ο
1708 1863 1846 1918 I’TO-
1878 1857 1921 1911 Β
1949 1872 2109 1926 Audit
2151 1871 2570 1941 Metapbrastcm
2609 1883 2732 1920 cum
2783 1865 3008 1920 Leontio
3051 1867 3379 1929 convenire;
3436 1882 3556 1924 nec.

268 1958 417 2011 batur
450 1957 698 2026 pontiﬁci
717 1957 1024 2020 consilium,
1048 1973 1210 2028 quare
1227 1959 1438 2012 litteras
1465 1958 1532 2010 ad
1547 1958 1845 2028 piissimum

267 2049 635 2117 imperatorem
665 2057 904 2102 nostrum
931 2047 1321 2112 Iustinianum,
1353 2050 1846 2118 sanctissimumque

270 2139 711 2209 archiepiscopum
742 2138 1386 2209 Constanti-nopolitanum
1427 2149 1674 2193 accurate
1710 2141 1845 2193 scri-

263 2229 353 2295 bit,
384 2231 752 2302 advocatisque
779 2234 910 2286 duos
937 2233 1228 2302 episcopos,
1255 2233 1344 2300 qui
1367 2248 1484 2285 cum
1514 2239 1694 2286 sancto
1723 2229 1846 2286 Gre-

265 2321 401 2393 gorio
423 2325 476 2376 in
512 2323 744 2377 comitio
802 2323 899 2393 (lt.
945 2339 994 2378 e.
1021 2323 1672 2394 Constantinopolitano)
1734 2339 1842 2376 una

266 2414 486 2485 fuerant,
519 2416 671 2468 datis
719 2431 834 2485 qua:
863 2417 932 2468 ad
961 2417 1061 2470 iter
1104 2417 1223 2470 usui
1249 2417 1484 2486 fuerant,
1532 2414 1839 2471 Constanti-

265 2506 481 2575 nopolim
509 2507 762 2562 dimittit.
791 2507 909 2564 Non
929 2509 1043 2564 haec
1063 2511 1318 2564 concoxit
1333 2509 1627 2564 Caietauus
1648 2526 1662 2576 ;
1696 2509 1839 2574 Quid

265 2601 393 2652 enim
436 2599 702 2672 (inquit)
762 2599 1002 2655 Romano
1049 2603 1293 2671 pontiﬁci
1342 2617 1468 2654 cum
1524 2603 1839 2670 imperatore

269 2687 485 2744 Orientis
529 2702 582 2745 et
647 2693 952 2762 patriarcha
987 2691 1596 2762 Constantinopolitano,
1652 2695 1708 2746 in
1746 2694 1834 2759 iis,

263 2797 368 2852 quas
381 2784 450 2836 ad
467 2783 686 2853 judicia
707 2793 1025 2852 spectarent,
1051 2799 1169 2838 cum
1195 2787 1470 2854 episcopis.
1500 2794 1550 2838 et
1577 2785 1836 2854 prrocip’ue

259 2875 362 2928 sedi
393 2875 648 2930 Romana:
683 2875 951 2946 subjectis,
999 2875 1179 2946 quales
1210 2877 1372 2946 fuisse
1399 2878 1666 2946 episcopos
1694 2875 1833 2928 Sici-

261 2964 342 3020 lia:
361 2982 564 3020 certans
593 2977 671 3022 est
694 2983 752 3020 eo
789 2969 1060 3036 tempore?
1090 2967 1255 3038 Atqui
1285 2969 1429 3038 quod
1459 2978 1665 3023 certum
1692 2982 1832 3037 prae-

263 3055 392 3110 dicat
427 3056 752 3124 Caietanus,
805 3055 907 3110 hoc
947 3057 1122 3126 ipsum
1155 3065 1240 3112 est
1292 3056 1440 3126 quod
1479 3057 1638 3127 plane
1667 3070 1824 3126 nega-

262 3161 394 3209 mus,
415 3149 458 3202 si
477 3148 704 3218 quidem
723 3147 790 3202 ad
811 3133 1102 3202 Justiniani
1119 3146 1160 3202 ll
1182 3160 1422 3218 tempora
1447 3147 1832 3217 respiciamus.’

263 3237 404 3294 Tunc
439 3241 725 3294 enimvero
763 3238 949 3295 onmis
1006 3239 1176 3294 ferme
1216 3239 1525 3294 Siculorum
1585 3239 1832 3296 Ecclesia

233 3329 844 3398 .Constantinopolitaui
873 3331 1114 3401 episcopi
1163 3332 1473 3386 auctoritati
1501 3331 1830 3400 obsequens,

261 3419 476 3490 licetque
492 3421 850 3492 Agrigentina
872 3421 1144 3477 Romanas
1163 3423 1340 3477 adhuc
1359 3431 1539 3492 partes
1567 3430 1830 3488 tueretur,

260 3520 428 3565 tamen
466 3513 746 3568 nescimus
778 3527 900 3582 quae
942 3513 1146 3568 [hedera
1173 3515 1239 3568 ab
1264 3522 1498 3585 utroque
1524 3493 1832 3584 patriarcha

263 3617 458 3666 sancta,
479 3605 629 3659 unde
646 3606 851 3674 jurium
878 3605 1012 3660 lines
1041 3605 1457 3676 circumscripti.
1491 3605 1674 3678 Neque
1701 3607 1832 3660 illud

262 3709 462 3762 verum,
491 3697 642 3766 quod
675 3705 954 3769 tantopere
983 3705 1275 3768 exaggerat
1305 3697 1604 3754 Caietanus
1632 3700 1685 3753 in
1717 3699 1834 3768 cpi-

260 3800 548 3856 sc0porum
588 3788 810 3858 judiciis
861 3789 997 3843 nihil
1045 3789 1466 3859 imperatoribus
1523 3789 1828 3845 tributum:

263 3877 363 3933 imo
386 3895 516 3935 vero
547 3879 774 3934 nimium
807 3889 1076 3950 quantum
1101 3880 1177 3936 iis
1195 3881 1480 3946 tributum,
1513 3889 1569 3935 ut
1594 3881 1828 3945 licuerit,

259 3979 308 4024 ct
338 3971 626 4041 episcopos
655 3971 934 4043 delegare,
965 3972 1057 4042 qui
1087 3987 1282 4028 causas
1310 3979 1728 4044 cognoscerent,
1778 3979 1834 4026 et

258 4063 582 4143 appellantes
611 4063 820 4127 audire,
855 4063 1032 4133 iisque
1051 4064 1356 4119 consulere.
1395 4062 1488 4133 (V.
1515 4063 1714 4119 Euseb.
1759 4061 1828 4118 Ε.

264 4147 330 4202 ll.
359 4151 453 4206 lib.
497 4168 555 4218 χ,
587 4167 707 4222 cap.
735 4152 799 4215 5;
832 4151 1072 4208 Marcam
1094 4191 1110 4218 ,
1168 4152 1248 4208 De
1277 4169 1423 4208 conc.
1463 4170 1573 4208 sac.
1612 4165 1661 4208 et
1697 4155 1826 4223 imp.

263 4237 346 4294 lib.
380 4259 474 4307 van,
505 4258 630 4314 cap.
687 4243 768 4314 9.)
817 4241 1015 4298 Nonne
1044 4243 1151 4299 hoc
1188 4243 1344 4310 satis,
1371 4253 1428 4298 ut
1451 4241 1680 4300 cordate
1709 4261 1830 4302 sese

263 4335 485 4400 gessisse
535 4336 778 4391 Marcum
812 4337 1064 4390 abbatem
1114 4351 1240 4392 cum
1287 4335 1536 4392 Romano
1575 4337 1828 4407 pontiﬁce

260 4423 516 4489 dicamus.
536 4428 626 4496 qui
659 4436 854 4482 auctor
883 4443 996 4482 rem
1026 4427 1304 4482 deferendi
1325 4429 1391 4483 ad
1420 4429 1824 4498 imperatorem,

1948 1965 2168 2019 duobus
2199 1971 2378 2017 tamen
2414 1961 2642 2016 testibus
2669 1976 2833 2030 penes
2873 1959 3022 2013 illum
3059 1959 3214 2014 ﬁdes.
3247 1958 3533 2021 Ettamcn,

1951 2065 2179 2124 excepta
2207 2051 2540 2122 suscipione,
2577 2051 2762 2104 nullus
2804 2049 2878 2103 illi
2908 2050 3092 2115 ensis,
3127 2064 3236 2118 quo
3277 2051 3531 2104 testimo-

1945 2145 2098 2200 nium
2132 2143 2360 2215 jugulet.
2399 2145 2636 2198 Tantum
2667 2141 2935 2205 concedit,
2977 2142 3310 2208 elargitama
3345 2142 3532 2208 ponti-

1945 2238 2046 2294 ﬁce
2078 2237 2404 2307 pra-diorum
2437 2243 2668 2306 partem,
2713 2246 2950 2303 quorum
3007 2231 3247 2285 Romana
3289 2229 3532 2285 Ecclesia

1945 2332 1998 2385 in
2025 2327 2212 2384 Sicilia
2247 2328 2536 2396 potiretur.
2566 2325 2752 2396 Neque
2781 2323 3054 2394 pontiﬁcis
3101 2323 3264 2377 modo
3295 2323 3533 2378 liberali-

1943 2431 2105 2476 tatem
2127 2429 2366 2486 coercet,
2399 2421 2493 2475 sed
2519 2419 2684 2473 etiam
2718 2416 3083 2486 imperatoris.
3140 2414 3276 2469 Cum
3323 2415 3530 2482 Grego-

1941 2511 2060 2566 rius
2089 2509 2260 2565 Roma
2295 2525 2416 2564 sese
2459 2507 2992 2575 Constantinopolim
3043 2503 3404 2568 contulisset,
3463 2520 3530 2556 (ο

1938 2601 2320 2657 admirationis
2379 2601 2478 2654 fuit
2525 2598 2839 2653 Justiniano
2869 2597 3045 2667 Aug.,
3083 2602 3142 2648 ut
3193 2609 3314 2647 cum
3361 2595 3528 2648 abeo

1939 2699 2186 2768 pctiisset
2225 2697 2402 2750 locum
2438 2695 2540 2750 sibi
2575 2695 2629 2748 in
2673 2691 3028 2763 Agrigentina
3077 2689 3210 2748 urbe
3242 2689 3524 2754 tribueret,

1938 2790 2031 2844 ubi
2067 2804 2270 2844 novum
2295 2795 2520 2858 poneret
2549 2784 2855 2855 t-pisc0pale
2908 2782 3168 2853 templum
3195 2819 3212 2848 ,
3277 2781 3526 2851 quando-

1935 2881 2154 2952 quidem
2181 2881 2322 2949 quod
2346 2884 2651 2948 supererat,
2677 2875 2976 2945 sacrilegiis
3010 2872 3522 2928 incestaverathu-

1933 2967 2052 3022 cius
2082 2967 2302 3036 quidam
2335 2963 2622 3018 haereticus
2663 2965 2715 3016 in
2768 2961 3090 3016 Laodicensi
3133 2963 3346 3032 synodo
3391 2977 3522 3030 pro-

1933 3062 2194 3130 scriptus,
2229 3060 2344 3128 qui,
2375 3073 2432 3112 se
2455 3057 2702 3122 absente,
2741 3054 3298 3125 pseudo-episcOpum
3339 3068 3522 3124 gesse-

1936 3161 2022 3206 rat
2045 3167 2056 3203 :
2078 3149 2236 3214 Ecce,
2275 3148 2790 3217 inquit,imperator,
2811 3147 3092 3200 dimidiam
3123 3146 3264 3198 urbis
3293 3155 3519 3214 partem.

1935 3259 2052 3312 qua'
2089 3243 2181 3310 pia
2222 3239 2393 3294 subest
2422 3240 2642 3308 imperio
2670 3240 2890 3300 nostro,‘
2935 3253 3028 3307 per
3059 3248 3108 3290 te
3153 3237 3262 3290 Deo
3306 3237 3519 3301 damus,

1934 3335 2296 3402 dicamusque,
2327 3332 2408 3385 uti
2456 3331 2618 3385 cedem
2652 3331 2760 3385 Deo
2809 3329 3040 3400 ﬁdelem,
3074 3330 3518 3399 episcOpiumque.

1933 3424 2118 3478 ubiubi
2154 3425 2394 3490 libuerit,
2445 3425 2732 3479 instaures.
2795 3421 2922 3476 Inde
2979 3423 3190 3475 decerni
3231 3422 3525 3492 donarique

1935 3518 2188 3589 Gregorio
2229 3517 2401 3570 locum
2442 3512 2742 3586 multasque
2789 3517 3145 3585 possessiones
3193 3514 3364 3582 jubet.
3399 3511 3519 3566 Non

1934 3609 2050 3663 lucc
2081 3608 2340 3662 historica
2375 3606 2480 3661 [ide
2507 3607 2709 3676 scripta
2738 3604 3252 3670 censetCaietauus,
3271 3605 3362 3659 sed
3391 3619 3523 3657 ora-

1934 3702 2092 3764 torie,
2137 3700 2238 3755 hoc
2270 3708 2354 3754 est
2387 3685 2792 3769 ὑπερϐολικῶς.
2827 3697 2936 3752 Nos
2972 3706 3186 3758 contra,
3216 3711 3336 3751 cum
3369 3695 3522 3750 nullo

1933 3793 2216 3847 videamus
2241 3791 2416 3846 fulcro
2441 3789 2646 3845 ﬁrmari
2674 3789 2918 3845 Caietani
2951 3789 3344 3858 suspicionem,
3379 3803 3517 3852 rem,

1933 3891 1994 3938 ut
2019 3884 2178 3953 plane
2207 3891 2392 3944 sonat,
2435 3883 2883 3954 interpretamur.
2912 3879 3016 3936 Sed
3041 3882 3183 3950 quod
3219 3881 3272 3933 iu
3292 3895 3518 3935 causam

1931 3975 2102 4040 venit,
2137 3974 2569 4032 consideremus.

2003 4065 2294 4121 XXXVIII.
2339 4067 2428 4119 Ait
2453 4066 2618 4138 igitur
2641 4065 2864 4136 Sergius
2880 4065 3121 4138 pontifex
3146 4066 3288 4122 dono
3307 4067 3377 4121 ab
3395 4082 3519 4122 sese

1930 4155 2122 4211 donari
2157 4155 2478 4225 Gregorium
2509 4171 2574 4208 ex
2605 4155 2890 4209 dimidiata
2919 4155 3091 4208 Roma
3120 4196 3133 4219 ,
3161 4167 3282 4224 quae
3307 4169 3338 4208 a
3378 4155 3518 4211 Cou-

1931 4247 2174 4304 stantino
2233 4247 2481 4316 Augusto
2537 4245 2908 4315 apostolorum
2977 4245 3210 4314 principi
3265 4245 3516 4312 elargita,

1931 4340 2163 4394 mediam
2197 4346 2428 4408 partem.
2469 4338 2574 4393 Sed
2615 4339 2760 4407 quis,
2797 4353 2917 4402 oro,
2966 4338 3070 4392 iste
3094 4337 3516 4402 Constantinus,

1929 4431 2021 4502 qui
2048 4431 2250 4486 donum
2285 4429 2416 4484 illud
2445 4430 2680 4484 obtulit?
2713 4428 2968 4500 Nunquid
2999 4427 3230 4500 Magnus
3256 4429 3345 4484 ille
3371 4469 3385 4493 ,
3425 4431 3518 4500 qui

259 4517 484 4584 quando,
522 4519 684 4574 modo
708 4519 904 4589 volupe
931 4518 1008 4572 illi
1045 4518 1228 4584 fuerit,
1259 4520 1576 4590 episcopum
1609 4529 1822 4590 poterat
1855 4540 1898 4596 ι)
1927 4523 2242 4580 ChriStiano
2291 4523 2492 4592 populo
2547 4522 2698 4592 pacis
2764 4531 2974 4578 astrum
3029 4520 3275 4576 aﬂuisit?
3333 4521 3522 4590 Longe

259 4606 504 4678 deligere,
533 4611 626 4680 qui
650 4609 1018 4680 Gregoriojus
1034 4611 1256 4676 diceret,
1280 4611 1411 4681 quin
1445 4627 1510 4666 eo
1537 4612 1591 4664 in
1615 4613 1821 4682 judicio

257 4697 334 4750 vel
380 4701 664 4756 minimum
709 4701 814 4755 sibi
867 4707 1147 4772 arrogaret
1195 4699 1479 4758 Romanus
1537 4701 1822 4772 pontifex?

257 4788 586 4874 Quapropter
607 4791 783 4846 videat
809 4791 1124 4856 Caietanus,
1157 4807 1334 4864 ecquo
1354 4794 1476 4863 jure
1507 4803 1820 4864 suspectam

259 4883 538 4940 venditarit
597 4884 808 4940 Leontii
866 4889 1236 4943 narrationem
1268 4927 1282 4949 .
1338 4902 1502 4958 quam
1542 4889 1818 4943 erambem

257 4979 510 5043 recoquit.
553 4979 768 5048 quodes
801 4993 890 5033 res
918 4979 974 5033 in
1011 4980 1342 5034 sententiam
1377 4995 1531 5036 suam
1572 4995 1682 5034 non
1731 4994 1822 5034 ce-

256 5065 400 5120 dunt.
447 5069 636 5123 Utrum
666 5069 769 5124 hoc
799 5071 1158 5140 probandum,
1179 5073 1422 5142 judicent
1461 5069 1700 5127 subactre
1726 5071 1822 5126 do-

257 5157 434 5213 ctrinae
458 5162 632 5232 capita
671 5179 685 5216 :
716 5175 817 5232 ego
847 5161 1029 5232 magni
1055 5163 1156 5218 viri
1182 5163 1436 5218 Inanibus
1463 5173 1668 5219 :eterno
1701 5173 1821 5219 stu-

257 5245 336 5301 dio
367 5249 780 5322 addictus,'quae
814 5269 846 5308 e
883 5269 940 5308 re
976 5271 1094 5311 mea
1131 5263 1280 5318 Stult,
1309 5271 1601 5326 exsequar.

317 5337 578 5401 XXXV“.
613 5345 907 5416 Postquam
942 5357 1048 5401 tam
1083 5348 1254 5402 multa
1282 5348 1514 5402 dixerim
1539 5349 1822 5404 vindican-

186 5423 192 5429 ’
257 5427 332 5482 dre
367 5431 612 5505 Gregorii
657 5437 801 5492 aetati
827 5478 842 5504 ,
899 5437 1030 5508 quid
1069 5439 1246 5493 adhuc
1303 5447 1592 5509 superest,
1627 5440 1731 5494 nisi
1763 5448 1824 5494 ut

256 5523 564 5582 mantissam
591 5527 738 5592 dem,
763 5543 874 5599 quo
911 5537 1126 5583 tantum
1154 5529 1429 5600 negotium
1459 5530 1824 5584 conﬁciatur?

257 5609 362 5679 Age
388 5630 514 5672 vero
544 5619 768 5691 Sergius
797 5621 1038 5689 pontifex
1066 5661 1080 5685 ,
1131 5630 1412 5692 perspecta
1443 5620 1692 5692 Gregorii
1741 5622 1824 5676 in-

260 5705 514 5773 nocentia,
535 5710 814 5780 simulque
831 5713 1114 5766 sanetitate
1137 5713 1508 5784 prodigiorum
1529 5713 1821 5778 etl‘ectrice,

261 5787 398 5850 illum
427 5797 530 5858 sibi
557 5804 808 5872 accersit,
827 5813 880 5862 et
900 5823 912 5860 :
935 5803 1110 5870 «Quid
1142 5805 1494 5876 tibi(inqtlit),
1510 5807 1608 5876 ﬁli,
1639 5821 1822 5874 repen-

1923 4615 2127 4669 abeunt
2186 4614 2290 4668 hoc
2332 4613 2628 4668 indicando
2657 4611 2959 4668 Leontiana
2994 4615 3178 4667 verba.
3226 4609 3509 4680 Perpeute

1925 4706 2042 4759 haec
2065 4701 2262 4774 Sergii,
2297 4719 2421 4774 qua:
2445 4703 2742 4779 protulisse
2769 4703 2928 4758 docet
2961 4702 3241 4765 Leontius,
3283 4703 3518 4771 impera-

1925 4803 2038 4850 tore
2075 4805 2252 4850 nostro
2283 4795 2678 4862 Constantino,
2737 4805 2848 4848 tum
2907 4794 3146 4855 videris,
3203 4795 3516 4850 donationis

1925 4897 2204 4942 auctorem
2231 4885 2914 4957 Constantinumaliquem
2951 4885 3379 4954 praedicandum,
3404 4901 3517 4954 quo

1925 4978 2231 5044 imperante
2281 4984 2336 5032 et
2369 4977 2593 5048 Sergius
2660 4989 2713 5031 et
2785 4974 3082 5046 Gregorius
3115 4975 3386 5043 vixerint;
3419 4978 3514 5048 qui

1924 5069 2070 5124 enim
2101 5077 2337 5122 nostrum
2371 5069 2570 5124 dixerit
2612 5070 2982 5138 imperatorem
3034 5065 3261 5136 Sergius
3287 5109 3301 5134 ,
3357 5068 3517 5136 cujus

1925 5161 2182 5231 potestati
2215 5175 2496 5230 nunquam
2535 5159 2700 5216 fuerit
2749 5159 3063 5214 obnoxius?
3092 5157 3264 5214 Porro
3298 5159 3515 5213 Caieta-

1925 5269 2050 5318 nus,
2084 5251 2372 5306 Leontium
2399 5250 2661 5321 Gregorio
2691 5259 2850 5306 aetate
2877 5251 3142 5321 a’qualem
3168 5250 3513 5304 demonstra-

1925 5351 2103 5412 turus,
2134 5362 2200 5401 eo
2237 5345 2473 5400 maxime
2503 5347 2696 5400 nititur
2724 5355 3066 5415 argumento,
3100 5345 3248 5415 quod
3275 5348 3556 5414 ἰιιιρριειηκ

1924 5444 2098 5492 tarem
2118 5437 2488 5492 .Iustinianum
2509 5437 2802 5492 nominans
2833 5449 3073 5492 nostrum
3097 5446 3342 5508 usurpet,
3367 5439 3512 5509 quod

1925 5544 2088 5584 nemo
2127 5529 2421 5584 damnarit.
2465 5525 2850 5604 Jurisconsultl
2903 5527 3196 5600 Ulpianum
3246 5545 3406 5584 suum
3443 5531 3512 5584 ad

1924 5621 2186 5676 Antonini
2211 5619 2508 5676 Caracalla:
2543 5621 2792 5676 referunt
2822 5632 3086 5692 tempora,
3118 5622 3260 5693 quod
3293 5623 3344 5676 in
3377 5621 3412 5676 l.
3440 5620 3512 5676 32

1929 5715 2007 5770 De
2043 5715 2434 5770 donationibus
2474 5717 2617 5770 inter
2649 5717 2824 5770 virum
2865 5725 2917 5771 et
2953 5732 3180 5770 uxorem
3207 5757 3220 5776 ,
3271 5725 3510 5768 nostrum

1931 5792 2078 5862 dicat
2110 5807 2262 5865 illum
2293 5806 2676 5879 imperatorem
2707 5823 2720 5862 :
2751 5795 3049 5880 Imperator
3081 5818 3252 5877 noster
3288 5806 3514 5864 Antoni—
