3930 6414
352 341 492 404 1223

1271 337 1372 400 DE
1414 337 1573 400 .ETA
1588 325 1675 402 re
1698 339 1756 400 s.
1785 339 2130 403 GREGORI
2188 343 2699 405 AGRIGENTINI

3467 324 3606 417 i221

353 477 455 517 nus
487 443 623 528 Aug.
657 465 777 511 ante
810 461 1078 511 excessum
1107 435 1282 510 severi
1320 458 1489 526 patris
1532 458 1615 510 sui
1637 495 1654 522 ,
1691 457 1930 512 oratione
1958 469 2002 526 Α
2033 457 2263 512 Romani
2286 461 2572 529 pontiﬁces
2597 461 2926 532 pedetentim
2958 437 3260 534 principale
3276 437 3606 535 iusinvase-

355 556 413 609 in
444 560 631 609 senatu
670 550 879 615 habita,
909 549 1010 619 fuit
1038 558 1224 602 auctor
1254 550 1516 614 censendi,
1550 559 1608 602 ut
1635 549 1840 619 aliquid
1869 566 1934 604 ea:

347 647 494 716 juris
536 645 709 715 rigore
760 643 1014 706 laxetur;
1045 648 1230 712 neque
1267 642 1372 696 alia
1407 640 1682 697 incessum
1737 642 1824 695 via
1879 641 1933 695 in

358 739 588 793 aliorum
641 743 800 792 aetate
842 733 1170 790 deﬁnienda.
1229 735 1410 804 Itaque
1455 733 1499 786 si
1544 726 1934 802 Constantinus

359 822 467 890 ille.
494 831 584 900 qui
605 827 904 884 Romanam
948 827 1245 882 Ecclesiam
1273 811 1500 882 dimidia
1521 825 1658 881 urbe
1678 826 1932 880 donatam

357 913 550 984 voluit,
577 922 704 988 jura
730 919 884 984 dixit,
916 935 1040 973 cum
1063 917 1286 988 Sergius
1312 915 1429 972 aevo
1464 913 1758 978 frueretur,
1793 922 1935 970 nun'-

306 1030 314 1038 ·
358 1027 522 1081 quam
550 1009 1250 1078 impetraveritCaietanus,
1275 1017 1333 1061 ut
1353 995 1650 1084 Gregorius
1669 1007 1936 1060 Iustinia—

361 1103 416 1156 ni
457 1103 473 1154 l
509 1100 678 1171 318
715 1098 1052 1171 temporibus
1077 1095 1438 1166 adjudicctur.
1467 1095 1660 1151 Nullus
1691 1101 1816 1148 ante
1837 1092 1936 1148 Ju-

361 1193 662 1266 stiniauum
691 1177 1298 1264 lConstantinasAug.,
1323 1190 1414 1257 qui
1457 1188 1510 1241 in
1543 1203 1630 1243 res
1658 1186 1936 1240 Romanas

361 1285 695 1345 dominatus,
735 1283 842 1336 nisi
862 1265 1094 1350 Magnus
1126 1279 1240 1342 ille,
1285 1266 1718 1335 Christianarum
1751 1292 1934 1332 rerum

362 1375 678 1446 praesidium
710 1392 722 1428 :
759 1389 882 1427 nam
918 1373 984 1426 ad
1009 1372 1431 1427 Constantinum
1465 1370 1636 1448 tilium
1674 1369 1936 1448 quodat-

363 1469 520 1544 tinet,
558 1449 772 1521 nullum
803 1465 878 1520 illi
911 1465 1196 1544 imperium
1225 1457 1411 1518 datum
1447 1459 1499 1516 in
1531 1447 1706 1524 Italia,
1753 1459 1848 1544 sed
1880 1458 1934 1544 in

365 1543 578 1625 Galliis,
610 1557 912 1630 Britannia,
943 1567 1104 1624 atque
1129 1541 1312 1608 Africa
1347 1547 1750 1634 proconsulari.
1777 1538 1936 1613 Quod

365 1655 412 1708 si
444 1652 514 1707 ab
542 1667 688 1706 anno
712 1649 837 1716 557-,
863 1663 974 1718 quo
1011 1645 1404 1724 Constantinus
1425 1638 1653 1712 Magnus
1677 1635 1933 1703 excessit,

365 1745 435 1800 ad
479 1746 604 1810 560,
643 1752 768 1796 ante
797 1755 956 1811 quem
1010 1737 1274 1809 Gregorio
1311 1737 1456 1791 diem
1502 1733 1688 1788 Romae
1734 1733 1934 1811 dictam

2035 550 2147 606 rint
2176 567 2190 604 :
2217 562 2454 622 cumque
2485 562 2693 608 certum
2727 553 2858 608 illud
2884 595 2900 620 ,
2939 551 3362 612 Constantinum
3409 575 3605 630 quem-

2033 641 2158 696 dam
2187 642 2457 700 Caesarem
2483 645 2768 700 dimidium
2797 644 2987 702 Roma:
3013 649 3326 717 apostolicae
3351 649 3616 708 Ecclesia!

2032 733 2317 802 tribuisse,
2356 735 2482 790 inde
2507 735 2650 790 bella
2671 746 2887 806 arrepta
2915 737 3132 792 occasio
3150 753 3346 794 novam
3369 742 3606 798 cudendi

2033 823 2420 904 donationem,
2446 827 2604 897 cujus
2643 837 2838 882 auctor
2864 843 2970 883 non
3011 827 3410 891 Constantinus
3442 831 3618 904 Pogo-

2035 927 2222 981 natus,
2262 917 2354 973 sed
2387 916 2619 988 Magnus
2648 918 3061 989 perhiberetur,
3100 921 3305 991 quique
3333 937 3442 978 non
3476 938 3616 979 con-

2037 1007 2386 1062 Suetudinum
2417 1007 2731 1074 dimidium,
2759 1009 2812 1063 in
2841 1024 2952 1079 quo
2974 1007 3196 1065 dimidia
3233 1009 3403 1066 Roma
3437 1013 3616 1084 signi-

2037 1097 2219 1162 ﬁcata,
2259 1098 2489 1163 dederit,
2517 1098 2623 1178 sed
2653 1113 2872 1154 omnem
2907 1099 3068 1170 plane
3108 1100 3302 1157 urbem
3335 1117 3462 1158 cum
3487 1103 3622 1171 jure

2035 1189 2200 1259 gladii
2233 1205 2250 1244 :
2282 1205 2461 1260 neque
2491 1189 2722 1246 Romam
2750 1199 2980 1257 tantum,
3015 1191 3134 1258 sed,
3167 1202 3228 1248 ut
3255 1195 3622 1264 magniﬁcen-

2035 1281 2144 1335 tior
2185 1282 2410 1340 donatio
2462 1293 2786 1353 appareret,
2846 1279 3160 1353 provincias
3219 1299 3328 1340 non
3384 1300 3620 1355 paucas.

2035 1373 2237 1442 quibus
2273 1373 2378 1428 alia
2421 1375 2646 1444 insuper
2695 1375 3064 1445 supplementi
3115 1375 3236 1430 loco
3282 1376 3505 1440 addita,
3561 1386 3624 1429 ut

2037 1449 2271 1521 Romani
2297 1466 2572 1536 pontiﬁcis
2601 1467 2942 1536 principatus
2971 1467 3148 1538 :equis
3193 1467 3624 1523 conditionibus

2039 1557 2428 1612 illustraretur.
2468 1556 2650 1623 Quare
2691 1557 2760 1612 ad
2801 1565 3016 1620 caetera,
3050 1571 3174 1628 quae
3201 1557 3622 1612 Conatantinia-

2038 1661 2163 1701 nam
2199 1646 2488 1716 proﬁigent
2515 1647 2874 1702 donationem
2901 1645 3061 1716 cujus
3088 1661 3198 1702 non
3227 1659 3338 1700 una
3367 1654 3624 1715 prostant

2037 1733 2387 1808 exemplaria,
2416 1737 2791 1794 testimonium
2815 1736 3031 1793 Leontii
3061 1737 3312 1802 accedat,
3335 1739 3487 1808 quod
3508 1753 3620 1792 non

365 1851 476 1891 non
505 1807 651 1904 putat
679 1807 994 1897 Caietanus,
1027 1807 1412 1909 annilomnino
1443 1826 1790 1880 intercedunt
1810 1807 1938 1909 293,
1975 1835 2016 1892 Β
2043 1807 2211 1884 modo
2239 1829 2698 1899 impudentissimi
2730 1827 3050 1899 impostoris
3081 1829 3352 1906 IIl-andem
3391 1829 3620 1899 detegit,-

365 1926 515 1980 nullo
551 1933 705 1992 pacto
751 1919 1106 1976 ascriliemlus
1144 1907 1440 1986 Gregorius
1464 1907 1937 1968 annisJustiniani

363 2003 409 2082 Ι,
443 2016 546 2072 sub
579 2029 690 2084 quo
723 2028 898 2082 neque
931 2013 1259 2080 ipse,neque
1288 2002 1566 2061 Romanus
1590 2001 1832 2074 pontifex
1857 1997 1942 2056 di-

363 2109 510 2162 xisse
535 2111 806 2175 poterant,
827 2103 959 2170 imp.
991 2099 1132 2156 Caes.
1165 2097 1527 2154 Constantino
1550 2094 1744 2164 Magno
1773 2107 1943 2163 quon-

366 2199 493 2253 dam
556 2197 825 2266 paruisse.
860 2192 1015 2260 Quod
1071 2191 1116 2246 si
1156 2193 1222 2244 ad
1269 2183 1563 2244 Iustiniani
1615 2184 1654 2239 11
1698 2181 1940 2253 tempora

361 2290 686 2346 diﬁeramus
716 2285 1062 2356 Gregorium,
1097 2283 1282 2336 statim
1334 2287 1588 2334 occurret
1628 2275 1943 2331 Constanti-

362 2397 472 2436 nus
505 2381 642 2449 Aug.
685 2372 978 2432 Justiniani
1030 2383 1200 2444 pater,
1239 2371 1526 2442 piissimus
1553 2383 1714 2434 vere,
1761 2363 1944 2420 Eccle-

364 2471 569 2538 siaeque
601 2470 742 2524 bono
774 2460 936 2520 natus
959 2501 974 2527 ,
1005 2478 1166 2534 quem
1200 2459 1558 2531 imperantem
1593 2456 1862 2514 culuerint
1887 2453 1942 2509 et

367 2559 612 2628 Sergius,
644 2567 698 2611 et
728 2553 1048 2623 Gregorius.
1094 2550 1192 2605 llic
1218 2551 1385 2620 igitur
1408 2546 1804 2605 Constantinus
1834 2541 1943 2613 pri-

365 2665 491 2704 mus
519 2647 766 2702 omnium
807 2635 978 2704 dedit,
1019 2637 1347 2709 donavitque
1393 2637 1454 2691 Β.
1491 2633 1653 2692 Petro
1693 2633 1942 2704 apostolo

365 2739 662 2795 dimidium
696 2735 912 2798 Romae,
971 2733 1074 2787 hoc
1121 2740 1204 2786 est
1265 2724 1374 2784 ’ἐῶν
1433 2728 1754 2800 ὡρισμένων
1805 2743 1936 2781 συν-

363 2831 587 2905 ηθειῶν,
618 2831 731 2884 sive
754 2827 1018 2887 Cononis,
1043 2840 1204 2895 quem
1229 2829 1642 2893 repraesentaret
1660 2818 1944 2874 Romanus

364 2907 633 2998 populiis,
666 2921 810 2976 unde
841 2924 1092 2987 sumptus
1123 2913 1435 2970 sufﬁcerent
1459 2953 1476 2977 ,
1515 2913 1672 2998 queis
1701 2909 1943 2998 Ecclesia

365 2992 486 3075 erat
511 3032 670 3087 opus,
707 3019 815 3068 non
847 3026 1010 3068 secus
1079 3019 1242 3078 atque
1280 3006 1478 3062 deinde
1503 2996 1848 3059 Instinianus
1881 2992 1940 3054 Ρ.

364 3107 734 3180 Agrigentum
765 3095 1054 3166 Ecclesiae,
1083 3115 1192 3170 quo
1227 3097 1430 3154 novom
1471 3094 1525 3150 ct
1575 3094 1858 3164 templum,
1892 3101 1944 3146 et

2043 1918 2139 1973 sed
2168 1933 2343 1988 ecquo
2381 1933 2412 1973 e
2451 1919 2659 1974 semine
2694 1929 3006 1973 monstrum
3037 1899 3171 1972 illud
3207 1929 3422 1984 natum,
3471 1921 3623 1989 quod

2045 2019 2124 2066 tot
2154 2011 2354 2067 saecula
2382 2012 2454 2066 ob
2481 2011 2672 2066 oculos
2701 2011 2986 2066 hominum
3029 2021 3302 2069 versatur.

2114 2099 2225 2154 XL.
2257 2101 2384 2169 Haec
2420 2116 2544 2156 cum
2581 2102 2654 2157 ita
2689 2102 2830 2177 sint,
2859 2101 2990 2172 quid
3016 2097 3206 2169 _restat
3251 2101 3512 2171 amplius,
3561 2110 3626 2155 ut

2041 2192 2200 2272 effcta
2241 2192 2448 2250 viribus
2478 2194 2697 2250 dicatur
2740 2192 2984 2272 Caietani
3015 2194 3203 2262 opinio
3251 2195 3320 2249 de
3357 2193 3624 2271 Gregorio

2041 2282 2521 2357 Agrigentinorum
2572 2281 2832 2354 episcopo
2879 2281 3196 2358 Iustiniano
3247 2283 3271 2337 ι
3319 2277 3625 2356 compare?

2043 2371 2176 2426 Tam
2207 2377 2376 2430 multa
2417 2389 2542 2430 cum
2597 2375 2749 2430 illam
2808 2383 3146 2446 oppugnent,
3191 2383 3386 2432 contra
3432 2375 3624 2432 omnia

2041 2465 2362 2536 conspirent
2389 2465 2457 2520 ad
2485 2467 2898 2534 declarandum,
2933 2468 3102 2523 vitam
3129 2465 3458 2538 Gregorium
3489 2482 3624 2539 pro~

2041 2551 2266 2612 duxisse
2316 2556 2420 2612 sub
2452 2555 2769 2614 Iustiniano
2805 2556 2869 2623 Il,
2903 2556 3028 2628 quis
3075 2569 3183 2614 tam
3228 2562 3420 2615 insane
3455 2555 3622 2614 obﬁr-

2040 2659 2190 2704 mato
2220 2649 2294 2704 sit
2324 2649 2530 2717 animo,
2565 2649 2660 2720 qui
2689 2649 2744 2704 in
2771 2649 3020 2721 Cajetani
3059 2645 3225 2706 verba
3261 2649 3624 2706 nihilominus

2037 2741 2224 2812 juret?
2259 2741 2430 2796 Nemo
2464 2757 2608 2796 unus
2637 2756 2704 2797 ex
2747 2743 2979 2798 vetustis
3013 2743 3377 2812 scriptoribus
3417 2741 3626 2814 Gregoo

2043 2831 2186 2886 rium
2240 2831 2309 2886 ad
2363 2829 2712 2887 Justinianil
2762 2841 3005 2903 tempora
3041 2832 3256 2902 rejecit,
3311 2829 3624 2904 Nicephoro

2043 2910 2268 2980 Callisto
2317 2935 2564 2996 excepto,
2601 2925 2696 2980 lib.
2732 2939 2866 2992 xvn,
2899 2939 3020 2996 cap.
3056 2926 3124 2980 27
3180 2925 3252 2981 Η.
3287 2925 3354 2980 Ε.
3387 2926 3459 2982 At
3497 2927 3626 2998 quis

2046 3019 2148 3073 iste
2169 3005 2552 3088 Nicephorus‘i
2577 3018 2774 3074 Smculi
2801 3035 2890 3074 xw
2919 3019 3174 3090 scriptor,
3209 3018 3303 3089 qui
3334 3027 3415 3073 tot
3438 3019 3627 3089 sphal-

2046 3120 2193 3166 mata
2227 3113 2504 3168 commisit
2532 3113 2586 3168 in
2641 3112 3038 3168 ecclesiasticis
3073 3112 3240 3168 rebus
3269 3115 3624 3178 enarrandis,

365 3171 609 3272 episcopi
650 3184 792 3252 aedes
833 3202 1286 3260 exstrtmrentur,
1335 3187 1618 3249 dimidiam
1661 3182 1943 3256 Agrigenti

2047 3210 2106 3256 ut
2127 3202 2349 3256 nonnisi
2374 3219 2498 3258 cum
2532 3203 2689 3258 ttedio
2724 3204 2792 3258 ab
2830 3203 3186 3282 acrisjudicii
3221 3205 3352 3258 viris
3385 3205 3508 3274 ejus
3526 3204 3627 3260 Hi-

366 3289 780 3365 partem-dedit,
814 3289 866 3342 in
915 3301 1042 3355 qua,
1078 3298 1244 3354 super
1277 3282 1503 3346 tributa,
1535 3293 1657 3348 quae
1704 3275 1939 3346 p0pulus

365 3385 644 3457 penderet,
672 3379 748 3436 nil
771 3379 990 3435 demum
1033 3366 1344 3446 intelligas,
1406 3386 1530 3426 nam
1575 3370 1762 3423 datum
1805 3365 1940 3420 adeo‘

367 3476 694 3548 imperiijus
723 3469 992 3543 suspicari
1026 3483 1133 3524 non
1176 3459 1340 3531 licet,
1385 3479 1509 3520 cum
1567 3462 1674 3516 una
1731 3458 1944 3514 eadem;

367 3586 476 3642 que
499 3569 696 3626 civitas
730 3565 946 3620 duobus
975 3576 1168 3633 parere
1189 3555 1429 3614 dolriinis
1447 3556 1606 3625 plane
1627 3552 1944 3642 monstruo-

367 3637 514 3724 sum,
534 3673 714 3728 neque
743 3655 950 3712 donum
977 3653 1238 3706 donatum
1268 3657 1365 3702 seu
1391 3646 1656 3728 Romano,
1679 3657 1774 3696 seu
1797 3637 1948 3708 Agri-

369 3751 592 3822 gentino
620 3727 902 3818 episcopo,
944 3743 1039 3799 sed
1061 3737 1223 3796 Petro
1243 3749 1295 3794 et
1319 3735 1450 3802 Deo,
1483 3745 1542 3789 ut
1571 3727 1826 3786 Ecclesia:
1851 3730 1949 3783 im;

371 3843 557 3912 pensis
593 3839 978 3896 consuleretur
1009 3851 1025 3901 ;
1066 3832 1212 3904 quod
1259 3824 1462 3886 diserte
1502 3827 1558 3882 in
1592 3822 1946 3897 Agrigentini

370 3933 665 3988 donatione
695 3927 1064 4000 signiﬁcatum
1085 3968 1102 3994 ,
1160 3939 1338 3994 neque
1369 3921 1553 3978 secius
1586 3921 1654 3976 dc
1697 3913 1948 3973 Romana

371 4020 780 4076 affirmandum.

442 4131 691 4188 XXXIX.
732 4131 911 4200 Atque
943 4128 1031 4183 hic
1057 4125 1322 4198 gratulari
1365 4123 1499 4179 mihi
1539 4123 1700 4178 liceat
1749 4123 1952 4177 littera-

373 4236 550 4281 torum
570 4223 802 4286 civitati,
827 4219 1092 4292 singulari
1109 4227 1313 4273 ornatus
1341 4216 1602 4271 beneficio
1625 4216 1692 4269 ab
1721 4213 1950 4270 Leontio

373 4325 588 4379 nostro,
621 4313 708 4367 cui
735 4312 922 4383 gratia:
945 4325 1010 4364 eo
1047 4310 1274 4364 nomine
1307 4321 1440 4362 sane
1474 4320 1639 4375 quam
1672 4305 1824 4359 mirae
1850 4305 1948 4358 ba:

371 4407 581 4462 bendae.
613 4406 827 4471 Quotus
858 4404 1007 4456 enim
1045 4401 1280 4472 quisque
1311 4409 1414 4464 est,
1431 4399 1522 4468 qui
1555 4399 1782 4460 nesciat,
1812 4412 1952 4468 quas

2041 3295 2210 3351 Storia
2252 3297 2486 3364 legatur.
2541 3297 2732 3352 Ausim
2768 3295 2931 3368 igitur
2965 3295 3321 3352 Leontianam
3355 3297 3518 3354 fidem
3571 3300 3626 3352 in

2041 3381 2338 3466 discrimen
2373 3391 2569 3442 voeare
2603 3397 2709 3442 tam
2735 3387 2950 3466 lubrico
2987 3389 3328 3454 testimonio,
3363 3389 3514 3460 quod
3549 3400 3632 3445 tot

2041 3461 2148 3531 alia
2188 3478 2538 3548 oppugnant?
2595 3477 2794 3534 Praeter
2841 3461 3209 3550 Epitomasten
3279 3478 3633 3551 Gregoriaua:

2042 3571 2190 3638 vitae,
2223 3581 2278 3626 et
2325 3573 2686 3644 Menolugium
2735 3573 3092 3639 Basilianum,
3122 3574 3193 3628 ab
3230 3571 3463 3630 Leontio
3498 3586 3634 3629 sunt

2047 3663 2274 3719 Slmeon
2301 3651 2721 3742 Metaphrastes,
2768 3653 3131 3737 Mcnologium
3173 3664 3423 3722 Graecum
3459 3683 3488 3721 a
3519 3665 3632 3722 Gu-

2047 3754 2231 3809 lielmo
2287 3755 2488 3810 bit-leto
2524 3755 2716 3810 Latine
2773 3773 3014 3820 versum,
3051 3755 3273 3812 Nicetas
3322 3759 3634 3815 monachus

2049 3842 2288 3911 Studita,
2329 3860 2470 3916 quos
2501 3855 2680 3901 tamen
2713 3845 3010 3902 Caietanus
3061 3847 3349 3902 sententiae
3388 3863 3504 3904 suae
3532 3857 3634 3904 au-‘

2047 3946 2227 3993 ctores
2267 3937 2492 3992 laudare
2534 3952 2644 3993 non
2704 3946 2942 3994 veretur.
2996 3937 3250 3995 Haeccine
3272 3939 3634 4013 εὐστομχῶς

2047 4025 2328 4093 feremus,
2397 4042 2466 4081 an
2534 4040 2660 4082 cum
2733 4027 3062 4084 Terentiano
3102 4020 3330 4088 Simone
3382 4034 3635 4090 dicamus

2050 4119 2128 4189 (in
2161 4118 2331 4172 Andr.
2361 4125 2470 4173 act.
2500 4134 2558 4184 γ,
2590 4134 2671 4174 sc.
2706 4121 2786 4189 5):

2259 4211 2351 4265 Ita
2385 4210 2642 4279 pradicet
2662 4213 2688 4266 ?
2715 4216 2976 4284 ingentem
3003 4215 3426 4284 conﬁdentiam!

2121 4303 2258 4358 XLI.
2295 4303 2693 4375 Metaphrastes
2721 4313 2830 4359 tam
2871 4306 3103 4377 liquido,
3153 4323 3320 4377 quam
3369 4310 3461 4364 lus
3495 4311 3636 4380 ipsa,

2051 4397 2314 4466 scripsit,
2393 4397 2710 4454 interfuisse
2775 4397 3096 4468 Gregorium
3165 4416 3377 4471 magna:
3425 4406 3637 4474 synodo

371 4499 602 4553 dividias
665 4495 921 4550 eXcitaiit
967 4491 1311 4549 Constantini
1361 4489 1506 4560 Aug.
1546 4489 1788 4552 donatio,
1841 4501 1948 4557 qua
1984 4518 2024 4572 υ
2053 4490 2704 4562 ConstantinOpolitanae,
2761 4508 2884 4562 quas
2937 4494 3196 4549 convenit
3265 4495 3638 4553 Monothelitis

371 4598 534 4645 aucta
572 4587 746 4643 fertur
783 4587 1033 4640 Romana
1060 4579 1339 4638 Ecclesia?
1363 4579 1500 4634 Sunt
1532 4577 1625 4648 qui
1664 4577 1812 4632 illam
1853 4576 1946 4646 hy-

373 4681 752 4754 pobolimaeam
787 4677 1068 4748 sugillent,
1101 4682 1232 4730 sunt
1261 4671 1354 4744 qui
1389 4680 1448 4726 ut
1477 4669 1947 4742 germanissimam

370 4771 719 4828 Constantini
745 4769 1075 4839 scripturam
1121 4765 1522 4834 amplex'entur,
1569 4769 1698 4817 sunt
1725 4759 1819 4827 qui
1851 4759 1949 4813 de-

372 4870 655 4933 pravatum
691 4859 1000 4930 legitimum
1048 4871 1186 4926 opus
1235 4855 1522 4917 dictitent,
1572 4851 1665 4907 sed
1699 4851 1798 4916 iis,
1857 4849 1949 4918 qui

373 4953 707 5009 subditivam
738 4952 886 5005 illam
917 4951 1130 5014 volunt,
1156 4947 1397 5002 nondum
1415 4953 1753 5013 compertum
1777 4956 1952 5010 ecquo

372 5061 406 5102 e
433 5044 585 5103 fonte
624 5044 812 5100 fabula
836 5044 923 5098 illa
943 5044 1204 5114 eruperit.
1245 5039 1484 5100 Tandem
1507 5051 1639 5092 vero
1657 5036 1955 5104 aliquando

373 5137 550 5194 facem
589 5138 741 5192 hisce
771 5136 1014 5190 tenebris
1055 5132 1388 5204 depellendis
1423 5130 1666 5200 praetulit
1691 5127 1952 5182 Leontius

374 5237 563 5286 noster
603 5227 961 5290 testimonio,
1015 5226 1162 5296 quod
1216 5239 1352 5278 auro
1407 5231 1600 5276 contra
1634 5219 1951 5289 pretiosius,

373 5316 636 5386 quodque
661 5315 866 5371 frustra
899 5315 1197 5370 Caietanus
1226 5312 1503 5368 sollicitat.
1539 5309 1612 5363 Ex
1655 5325 1720 5362 eo
1752 5308 1952 5362 intellio

375 5409 580 5478 gimus,
601 5405 905 5461 Romanam
923 5405 1225 5461 Ecclesiam
1246 5419 1276 5459 a
1297 5403 1657 5459 Constantino
1677 5401 1954 5471 Pogonato

373 5501 634 5554 donatam
659 5499 886 5554 dimidio
919 5499 1168 5564 canonis,
1196 5511 1359 5568 quem
1403 5493 1636 5566 populus
1671 5491 1953 5546 Romanus

376 5593 433 5648 in
469 5591 661 5647 ﬁscum
685 5591 997 5648 Caesareum
1031 5588 1322 5646 inferebat.
1347 5588 1453 5642 Sed
1477 5588 1647 5652 enim,
1665 5601 1790 5640 cum
1828 5596 1956 5638 tem-

375 5685 527 5754 poris
557 5700 814 5754 processu
843 5685 1123 5742 Caesarum
1175 5685 1421 5756 potentia
1473 5683 1526 5737 in
1555 5683 1732 5746 Italia,
1789 5691 1955 5749 atque

378 5775 495 5845 ipsa
529 5777 660 5831 urbe
687 5777 1006 5832 labefactata
1037 5787 1238 5841 rueret,
1270 5792 1375 5832 non
1400 5773 1952 5843 mihidnbium,quin

2055 4597 2186 4638 orco
2242 4583 2598 4650 devovendis,
2639 4584 2988 4654 potissimum
3025 4601 3158 4640 vero
3203 4585 3370 4658 Cyro,
3420 4588 3638 4660 Sergio,

2049 4676 2282 4747 Pyrrho,
2299 4674 2472 4730 Paulo
2492 4675 2978 4731 Monotbelitarum
3003 4677 3332 4746 primipilis;
3361 4679 3639 4749 simulque

2051 4769 2218 4822 vitam
2245 4769 2426 4838 egisse
2455 4767 2767 4824 Justiniano
2805 4770 2944 4840 Aug.
2993 4769 3320 4838 imperante.
3353 4770 3498 4836 Quid
3537 4773 3639 4828 hoc

2051 4870 2156 4926 est,
2185 4862 2294 4916 nisi
2322 4863 2610 4917 nobiscum
2641 4863 2846 4918 sentire
2885 4861 3342 4933 Metaphrastem?
3373 4867 3470 4921 sed
3493 4866 3640 4921 enim

2053 4955 2206 5009 illum
2247 4965 2400 5010 ratus
2428 4954 2726 5026 Cajetanus
2757 4957 2825 5010 ad
2865 4972 2994 5012 suas
3026 4957 3322 5013 adductum
3361 4959 3427 5012 iri
3472 4962 3638 5014 ratio-

2055 5061 2174 5110 nes,
2211 5047 2373 5102 modo
2432 5049 2863 5102 contaminatam
2903 5049 3112 5104 diceret
3160 5053 3535 5108 narrationem
3575 5054 3640 5106 de

2055 5137 2264 5208 synodo
2342 5139 2607 5194 adversus
2691 5140 3078 5195 Monothelitas
3155 5151 3372 5198 coacta.
3443 5143 3640 5214 Ecqua-

2055 5231 2306 5303 (malum)
2336 5232 2624 5286 calamitas
2650 5232 2775 5297 ista,
2829 5249 2934 5304 qua
2983 5233 3224 5288 efflictim
3255 5235 3484 5304 pressus
3516 5253 3639 5291 cum

2055 5319 2356 5385 Leontius,
2430 5331 2544 5374 tum
2578 5320 3010 5391 Metaphrastes?
3071 5321 3381 5390 Corruptus
3427 5322 3638 5378 Leontii

2054 5399 2516 5476 Commentarius,
2591 5411 2688 5466 ubi
2740 5421 3094 5482 percensetur
3147 5409 3448 5482 Gregorius
3504 5415 3650 5469 inter

2057 5500 2339 5571 theologos
2383 5510 2692 5570 cooptatus,
2723 5503 2816 5571 qui
2871 5517 3088 5556 sttuimo
3123 5501 3178 5555 in
3215 5515 3482 5558 consessu
3531 5502 3638 5558 Mo-

2059 5592 2352 5648 nothclitas
2377 5593 2817 5662 proscribcreut;
2845 5596 3138 5665 depravata
3171 5594 3276 5649 hoc
3301 5595 3423 5664 ipso
3447 5597 3499 5651 in
3527 5597 3646 5649 loco

2058 5683 2307 5754 Gregorii
2360 5685 2470 5738 vita
2501 5725 2515 5746 .
2593 5701 2758 5756 quam
2807 5685 3207 5755 Metaphrastcs
3267 5687 3640 5743 concinnavit.

2061 5776 2192 5830 Mira
2225 5793 2336 5848 res,
2369 5777 2455 5832 cui
2488 5793 2594 5832 non
2627 5777 2874 5846 credant,
2910 5780 3015 5834 nisi
3051 5779 3144 5850 qui
3185 5779 3396 5834 fuerint
3426 5796 3456 5833 c
3485 5788 3644 5850 gcntc
