3930 6376
225 388 366 465 12253

1569 405 2098 466 DlSSERTATIO.

3315 411 3452 474 12:36

221 509 431 566 item-ui.
487 499 611 573 Sed,
662 516 716 561 ut
773 498 888 562 haec
941 509 1282 576 omittantur,
1317 509 1452 566 satis
1501 526 1772 582 superque
1803 523 1845 574 Α
1876 523 2082 578 noster,
2123 517 2212 586 qui
2245 515 2309 571 de
2345 519 2607 589 Gregorio
2642 522 2816 575 Roma
2859 521 3088 591 appulsa
3114 520 3448 579 Panornmu

219 609 362 658 docet
415 601 808 669 Metaphraste’s
858 601 1182 671 Gregorium
1235 611 1490 660 nostrum
1542 605 1596 658 in
1650 621 1770 660 eam

219 695 468 768 synodum
501 691 665 762 319
686 695 1031 759 convenisse,
1081 694 1135 749 in
1166 710 1274 764 qua
1323 710 1408 750 res
1437 705 1557 750 aeta
1583 682 1792 752 contra.

219 787 580 842 Monothelitas
613 803 626 839 :
657 802 784 840 nam
815 789 892 842 ait
929 788 1000 843 ab
1037 805 1099 843 ea
1134 789 1378 845 abfuisse
1415 807 1537 844 cum
1564 791 1772 857 Romze,

177 887 185 955 ι
220 895 320 938 mm
346 881 608 935 Sardiniae
633 881 945 952 episcopos.
971 883 1171 952 quippe
1203 885 1399 938 morbo
1428 883 1724 954 implicitos
1758 903 1771 938 :

216 984 265 1030 et
292 974 588 1028 Romanum
617 975 838 1044 quidem
875 976 1111 1046 legatum
1145 977 1382 1044 misisse,
1409 978 1502 1047 qui
1533 978 1618 1032 sui
1654 993 1776 1048 per-

215 1081 386 1122 sonam
416 1065 610 1118 obiret.
643 1060 770 1118 Haec
800 1079 908 1118 non
943 1066 1171 1130 cadunt,
1203 1067 1307 1122 nisi
1337 1068 1390 1120 in
1432 1068 1696 1138 synodum
1723 1085 1776 1122 vr

211 1156 632 1222 melimenicam;
672 1169 798 1209 nam
828 1157 970 1225 quod
1013 1173 1044 1209 v
1085 1157 1297 1222 attinet,
1339 1173 1513 1227 neque
1546 1159 1703 1228 legati
1745 1173 1775 1214 a

211 1247 454 1316 ponti‘ice
506 1245 682 1309 missi,
718 1245 808 1314 qui
861 1246 1069 1315 synodo
1111 1255 1431 1316 praeessent,
1463 1263 1640 1318 neque
1692 1249 1778 1304 hic

213 1337 388 1390 Reum
425 1335 764 1398 considehat,
805 1337 897 1390 sed
941 1338 1056 1406 ipsa
1108 1339 1162 1392 in
1201 1339 1335 1394 urbe
1369 1341 1538 1407 regia,
1571 1341 1710 1410 quod
1746 1355 1776 1394 a

213 1427 356 1500 nobis
379 1428 836 1480 demonstratum.
871 1426 987 1492 Qua
1019 1444 1075 1482 re
1109 1428 1416 1498 improbum
1451 1447 1589 1500 Opus
1619 1433 1778 1484 desu-

213 1493 641 1583 datCaietanus,
691 1534 816 1572 cum
859 1518 1284 1590 Metnpltrastem
1321 1522 1374 1576 in
1411 1532 1599 1592 partes
1649 1540 1778 1580 snas

213 1611 519 1680 protrahere
551 1617 846 1679 pertentat.

274 1699 427 1756 XLll.
461 1701 652 1772 Neque
683 1702 972 1757 candidius
997 1701 1167 1757 fatum
1191 1714 1468 1774 expertus.
1501 1723 1626 1762 eum
1651 1722 1780 1778 sup-

213 1791 370 1860 petias
405 1791 642 1846 advocat
673 1805 701 1844 a
731 1791 921 1847 Graeco
945 1791 1256 1866 Meuologio
1283 1793 1578 1861 Sirletano,
1611 1814 1642 1855 c
1671 1815 1778 1870 quo

1877 617 2002 656 cum
2035 602 2218 660 Felice
2247 607 2525 678 episeopo,
2559 625 2588 665 a
2621 625 2732 680 quo
2775 610 3130 682 Agrigentino
3151 607 3219 670 in
3254 615 3454 670 throno

1877 692 2171 763 locaretur,
2212 696 2459 756 scribens
2509 700 2622 756 haec
2668 703 2843 772 inquit
2877 721 2888 756 :
2927 701 3104 774 Igitur
3145 705 3202 760 in
3237 710 3452 777 proprio

1875 785 2136 854 episcopio
2178 802 2591 857 commorantur,
2636 795 2727 846 cui
2755 793 2818 846 ab
2849 805 3034 848 sancto
3062 794 3317 867 Gregorio
3358 817 3454 853 no-

1878 890 1994 930 men
2018 889 2153 944 erat,
2187 881 2327 950 quod
2346 891 2485 936 certe
2501 883 2641 937 'oiim
2672 885 3028 954 Agrigentina:
3055 887 3308 944 Ecclesia:
3338 889 3454 959 {ue-

1877 977 1985 1031 rat,
2015 967 2348 1026 Libertina»:
2379 973 2724 1042 appellatam.
2753 975 3206 1048 Agrigentinense
3236 979 3441 1047 episco—

1877 1059 2027 1128 pium
2075 1059 2333 1117 Panormi
2388 1065 2650 1134 positum,
2705 1067 3163 1136 quemadmodum
3215 1069 3453 1125 Liberzi-

1879 1166 2009 1204 num
2042 1163 2198 1207 antea
2231 1153 2438 1209 dictum
2487 1171 2516 1210 a
2553 1155 2830 1211 libertino
2857 1158 3111 1228 episcopo
3143 1157 3452 1230 Agrigenti-

1873 1255 2072 1295 norum
2107 1244 2306 1312 primo,
2340 1245 2410 1299 ita
2443 1247 2762 1318 Gregoriani
2808 1265 3004 1304 nomen
3040 1251 3269 1308 subinde
3297 1266 3453 1306 cxce-

1877 1334 2024 1403 pisse
2054 1351 2083 1390 a
2117 1334 2382 1407 Gregorio
2420 1340 2656 1407 quodam
2699 1342 2884 1412 ojuscc
2923 1344 3164 1400 civitatis
3196 1344 3451 1414 episeopo

1881 1441 1986 1478 non
2045 1427 2319 1482 immerito
2369 1433 2632 1501 aucupari
2685 1433 2831 1489 licet.
2882 1433 3158 1491 Iluneeine
3212 1435 3453 1490 celebrat

1883 1516 2212 1572 Sirletauum
2249 1519 2608 1591 Menologium
2646 1525 2712 1580 ad
2744 1527 2808 1580 i9
2843 1527 3177 1593 Decembris,
3199 1543 3266 1580 an
3300 1527 3451 1582 illum

1879 1605 1946 1660 de
1976 1622 2084 1675 quo
2114 1608 2332 1664 laudata
2357 1611 2672 1682 Agrippini»
2706 1614 2957 1684 historia,
2988 1617 3032 1672 si
3063 1617 3282 1686 quidem
3314 1617 3455 1670 alius

1880 1697 1950 1751 ab
1989 1713 2076 1763 eo,
2123 1715 2283 1769 quem
2325 1702 2499 1756 obiter
2533 1703 2782 1760 neminat
2835 1705 3116 1775 Leontius,
3161 1725 3231 1762 an
3285 1709 3452 1764 alium

1885 1793 2157 1861 quemvis,
2193 1795 2350 1850 modo
2393 1811 2498 1856 non
2537 1805 2809 1868 nostrum,
2852 1801 3011 1878 cujus
3048 1801 3242 1856 uetitia
3286 1801 3456 1856 inter-

214 1897 308 1936 nou
335 1884 510 1948 video,
539 1883 668 1953 quid
695 1891 978 1954 emungat,
1003 1885 1145 1954 quod
1171 1887 1239 1942 ad
1276 1903 1434 1942 suam
1457 1889 1623 1946 faciat
1647 1869 1778 1946 cau-
1810 1869 1852 1924 Β
1881 1883 2044 1940 ierit?
2075 1883 2306 1958 “ﬁngi”
2333 1887 2628 1958 caieiauus
2660 1891 2764 1944 sub
2793 1888 3102 1949 λιιδῑίηίθυο
3130 1891 3150 1945 ί
3184 1903 3456 1963 ειυοιίιυίςι

213 1988 338 2025 sam.
381 1971 454 2026 Ex
489 1989 558 2027 eo
590 1974 704 2028 haec
745 1975 961 2040 recitat,
990 1993 1112 2046 quae
1157 1978 1367 2035 scilicet
1417 1977 1675 2054 teguntur
1711 1985 1776 2038 ad

213 2054 275 2113 ‘25
303 2061 624 2118 Novembris
654 2082 666 2116 :
695 2061 1141 2120 Commemoratio
1193 2071 1364 2123 sancti
1401 2068 1640 2140 Gregorii
1669 2074 1780 2141 epi-

215 2155 342 2222 scopi
366 2153 722 2225 Agrigentini.
749 2157 851 2211 IIic
879 2157 982 2227 fuit
1019 2159 1115 2214 sub
1149 2161 1364 2229 imperio
1389 2161 1686 2219 Iustiniani
1715 2183 1780 2220 ea:

211 2250 328 2301 urbe
361 2247 673 2318 Agrigento,
715 2251 816 2318 piis
848 2262 1002 2322 atque
1031 2253 1417 2323 hospitalitatis
1475 2267 1523 2311 et
1559 2257 1782 2313 eleemo-

207 2357 442 2410 agnorum
487 2342 908 2398 studiosissimis
933 2347 1243 2414 parentibus
1275 2360 1444 2402 ortus.
1476 2353 1650 2404 Annos
1685 2369 1780 2407 na-

215 2443 286 2484 tus
321 2433 492 2486 decem
547 2441 596 2487 et
650 2443 768 2488 octo
821 2435 1083 2490 desiderio
1113 2441 1398 2493 venerandi
1435 2450 1620 2495 sancta
1663 2443 1781 2496 loca

215 2523 634 2594 Hierosolymam
657 2529 834 2596 petiit,
875 2528 1048 2600 ibique
1093 2547 1124 2584 a
1155 2541 1338 2586 sancto
1379 2535 1620 2591 Macario
1661 2536 1782 2590 dia-

207 2632 357 2672 conas
387 2618 568 2687 factus
605 2636 840 2676 reversus
867 2633 945 2676 est
972 2622 1328 2693 Byzantium;
1353 2638 1531 2696 postea
1557 2627 1782 2683 Romam

214 2712 357 2776 uenit,
410 2713 499 2766 ubi
549 2713 820 2784 episcopus
853 2717 1228 2796 Agrigentinus
1273 2731 1482 2776 creatus
1527 2732 1626 2785 est,
1681 2740 1780 2794 quo

213 2816 407 2857 ntunere
435 2804 699 2872 protelare
731 2805 966 2875 functus,
1002 2808 1181 2864 multis
1201 2812 1357 2867 editis
1380 2814 1684 2881 miraculis,
1727 2815 1784 2870 in

214 2909 406 2948 summa
447 2905 717 2952 senectute
765 2899 1010 2970 migravit
1067 2903 1138 2956 ad
1187 2903 1490 2960 Dominum.
1545 2905 1785 2966 Hoecine

217 2999 454 3055 itiagnum
496 2987 639 3042 illud
669 2990 1072 3057 testimonium,
1115 3011 1227 3064 quo
1261 3005 1544 3070 tantopere
1588 3005 1786 3073 gestiat

209 3075 540 3144 Caietanus?
588 3095 725 3136 eone
779 3083 1004 3138 nomine
1051 3086 1208 3142 obolo
1257 3089 1484 3156 dignum
1537 3093 1782 3150 habitum

1881 1973 2112 2030 voluerit
2135 1973 2422 2050 Gregorius
2456 1979 2818 2052 Agrigentina:
2851 1981 3103 2054 Ecclesiae
3144 1985 3366 2055 episcop
3387 2002 3452 2051 τε,

1879 2063 2009 2118 dum
2050 2064 2408 2122 Leontianum
2432 2085 2460 2123 a
2481 2067 2774 2124 Justiniani
2797 2070 2842 2125 Il
2865 2083 3022 2128 artato
3043 2089 3151 2128 non
3177 2074 3450 2134 sollicitet.

1881 2155 1926 2218 si
1967 2167 2170 2212 sartam
2205 2169 2401 2215 tectam
2452 2163 2580 2218 velit
2621 2164 2935 2222 Leontiame
2982 2166 3231 2222 llistorize
3270 2166 3449 2222 Iidem.

1881 2253 2058 2320 Atque
2085 2251 2197 2307 haec
2225 2253 2404 2309 locum
2428 2256 2693 2325 obtinent,
2737 2259 2782 2312 si
2813 2259 3028 2330 quidem
3071 2260 3330 2331 Caietano
3359 2263 3453 2314 dc.-

1881 2359 2006 2400 tnus
2033 2345 2378 2417 Gregorium,
2401 2351 2559 2419 cujus
2587 2351 2952 2430 Menologium
2986 2352 3169 2408 Sirleti
3208 2356 3455 2410 meminit

1881 2436 1948 2490 ad
1983 2437 2046 2494 I9
2081 2437 2420 2507 Decembris,
2455 2444 2622 2498 alium
2654 2446 2722 2499 ab
2753 2460 2819 2500 eo
2853 2461 2994 2512 esse,
3048 2447 3207 2518 cujus
3238 2465 3324 2504 res
3361 2465 3456 2517 per

1881 2540 2096 2583 summa
2137 2531 2313 2598 capita
2341 2533 2414 2587 25
2437 2531 2764 2591 Novembris
2791 2551 3204 2607 percensentur.
3239 2540 3377 2608 Quid
3409 2543 3453 2595 si

1882 2632 2026 2674 unus
2081 2619 2338 2692 idemque
2389 2623 2594 2680 fuerit?
2643 2629 2858 2698 quoties
2907 2631 2961 2684 in
3009 2629 3455 2702 Menologiis-oc-

1883 2707 2057 2760 currit
2087 2723 2212 2763 cum
2246 2711 2476 2779 Grteeis,
2507 2723 2618 2769 tum
2661 2716 2890 2785 Latinis,
2921 2731 2978 2772 ut
3009 2719 3076 2774 de
3105 2735 3214 2775 uno
3247 2721 3456 2777 sancti-

1883 2798 2010 2854 tatis
2039 2797 2181 2859 fama
2208 2803 2408 2860 illustri
2439 2806 2660 2864 homine
2681 2809 2766 2864 bis
2814 2819 2962 2866 terve
2988 2813 3044 2868 in
3074 2828 3221 2868 anno
3249 2813 3458 2870 mentio

1884 2892 2011 2946 tiat?
2042 2892 2096 2947 Si
2120 2891 2438 2966 Gregorius,
2465 2901 2556 2968 qui
2585 2902 2923 2959 tantumdem
2954 2904 3226 2963 indicatur
3260 2907 3328 2962 t9
3359 2905 3460 2960 Dc-

1885 2984 2142 3052 cembris,
2179 2987 2247 3040 ab
2284 3003 2351 3043 eo
2397 2989 2596 3058 diﬂ‘ert,
2628 2993 2789 3065 cujus
2839 2995 2948 3051 vita
2981 2999 3206 3067 precise
3249 2997 3460 3058 deseri-

1885 3076 2034 3131 bitur
2053 3077 2122 3131 25
2147 3077 2496 3149 Novembris,
2520 3101 2621 3140 cur
2649 3086 2940 3146 illaudatus
2963 3091 3275 3146 omittitur?
3298 3107 3460 3163 oper.

217 3165 566 3241 Menologium
597 3169 768 3239 aliud,
803 3171 988 3228 Basilii
1019 3177 1159 3246 Aug.
1216 3181 1422 3236 editum
1453 3183 1636 3254 jussu,
1685 3188 1776 3242 ubi

1889 3168 2035 3224 lebat
2084 3186 2217 3226 sane
2259 3179 2314 3232 et
2366 3174 2530 3244 hujus
2579 3191 2667 3232 res
2698 3186 2882 3250 gestas
2936 3181 3129 3236 leviter
3167 3183 3456 3265 attingere.

215 3257 445 3314 disertim
481 3261 698 3316 indicat
725 3264 928 3320 vixisse
975 3265 1296 3338 Gregorium
1330 3273 1433 3327 sub
1467 3273 1782 3332 Justiniano

212 3343 607 3405 Rliinotmeto?
657 3353 882 3422 perinde
934 3371 1064 3410 vero
1113 3373 1199 3424 ac,
1258 3360 1386 3430 quia
1448 3362 1782 3423 Sirletannm

213 3437 564 3510 Menologium
617 3443 986 3502 Justinianum
1039 3451 1346 3508 nominavit
1374 3455 1542 3512 inulla
1577 3473 1782 3531 cogno-

219 3533 374 3588 menti
409 3537 758 3604 accessione,
797 3537 1008 3594 idcirco
1041 3541 1466 3613 confugiendum
1498 3548 1570 3604 ad
1607 3549 1782 3608 Justi-

209 3623 418 3680 uianum
445 3627 494 3690 ἰ,
531 3628 754 3683 excluso
779 3632 994 3700 penitus
1019 3631 1330 3692 Justiniauo
1347 3636 1410 3692 li.
1445 3637 1550 3698 Sed
1578 3655 1783 3714 cogno-

209 3729 309 3779 sce,
343 3732 459 3788 qua!
489 3721 969 3790 comminiscatur,
1007 3727 1086 3781 uti
1131 3743 1314 3795 suam,
1365 3746 1590 3802 quoquo
1619 3737 1782 3792 modo

209 3807 386 3873 possit,
429 3811 762 3865 sententiam
812 3822 1038 3871 tutetur.
1089 3817 1248 3874 Videt
1279 3820 1469 3877 eodem
1502 3825 1557 3880 in
1607 3827 1780 3881 Sirle-

209 3906 326 3950 iano
371 3900 684 3970 Menologio
717 3905 788 3958 ad
818 3905 887 3960 i9
926 3905 1244 3968 Decembris
1289 3913 1626 3972 mentionem
1665 3920 1779 3976 fieri

210 3987 269 4040 de
291 4000 482 4046 saneto
525 3991 787 4074 Gregorio
815 3993 1196 4069 Agrigentino,
1237 4011 1401 4075 atque
1430 4005 1558 4062 hinc
1591 4010 1784 4066 statuit

204 4078 335 4134 duos
369 4081 670 4152 Gregorios
713 4086 1192 4158 Agrigentinorum
1239 4097 1546 4168 episeOpos,
1587 4116 1778 4167 unum.

209 4168 304 4224 hoc
323 4183 404 4228 est
433 4173 826 4245 Leontiauum,
856 4183 951 4250 qui
984 4183 1182 4238 vixerit
1211 4183 1525 4243 Justiniano
1559 4189 1576 4244 Ι
1609 4191 1780 4264 Aug.,

209 4257 356 4328 eique
397 4275 624 4335 arrogat
654 4265 918 4337 elogium,
962 4274 1110 4342 quod
1138 4277 1206 4330 ad
1249 4277 1321 4332 23
1351 4277 1676 4338 Novembris
1701 4257 1776 4338 ⁷ἰιί

207 4345 469 4412 Sirletano
504 4357 813 4432 Menologio
849 4363 1088 4434 legitur;
1136 4369 1370 4426 alterum
1401 4371 1701 4431 Justiuiani
1733 4376 1778 4431 ll

210 4454 365 4506 regno
392 4446 658 4516 vindicat,
684 4467 844 4520 quem
898 4455 1214 4513 meminiSse
1243 4461 1383 4514 idem
1413 4461 1776 4534 Menologium

208 4544 350 4598 putat
389 4539 455 4593 ad
496 4542 562 4594 19
603 4539 954 4613 Decembris;
1009 4564 1121 4618 quo
1167 4551 1488 4609 discrimine
1535 4559 1780 4626 neglecto

209 4621 400 4681 factum
457 4631 557 4696 ait,
597 4641 656 4687 ut
703 4635 874 4704 priori
911 4640 1106 4708 partim
1149 4644 1412 4712 imputata
1471 4621 1634 4712 sint,‘
1660 4664 1780 4718 qua:

206 4714 366 4770 unius
391 4721 622 4775 secundi
660 4725 904 4794 propria,
937 4738 1099 4798 atque
1128 4745 1192 4784 ex
1235 4733 1448 4788 duobus
1486 4751 1628 4790 unus
1657 4752 1780 4790 coa-

205 4804 363 4864 luerit
408 4811 729 4883 Gregorius.
777 4819 980 4888 Arguto
1013 4823 1168 4886 satis,
1227 4826 1322 4880 sed
1379 4842 1506 4882 vere
1538 4829 1692 4884 nihil.
1721 4829 1778 4884 Si

202 4893 558 4972 Menologium
591 4907 923 4964 Sirletanum
953 4912 1017 4966 ad
1053 4915 1118 4969 19
1142 4915 1460 4974 Decembris
1491 4919 1574 4974 vel
1616 4921 1778 4975 mini—

204 5003 347 5045 mum
373 4993 627 5051 inuucret
649 4999 716 5054 de
733 5000 874 5070 ejus,
903 5019 1064 5074 quem
1097 5007 1306 5074 laudat,
1331 5007 1576 5080 Gregorii
1599 5023 1774 5079 relate,

202 5091 340 5137 esset
393 5087 538 5141 mulo
589 5091 748 5146 nobis
789 5096 1195 5162 gratularentur
1232 5099 1300 5152 dc
1335 5111 1618 5170 comperta
1655 5103 1776 5172 ejus

201 5167 446 5241 Gregorii
501 5187 680 5242 :ctate,
721 5181 853 5249 quin
905 5191 1084 5238 tamen
1122 5167 1486 5243 Leontianum
1537 5207 1566 5244 ει
1597 5167 1769 5246 Justi-

202 5259 347 5315 niani
388 5261 428 5316 ll
461 5259 1256 5337 temporibusdimovet-emus.
1289 5275 1482 5345 Porro,
1513 5278 1778 5351 Gregorio

203 5360 387 5405 nostro
417 5357 697 5422 prazivisse
729 5360 844 5415 sive
879 5379 1071 5430 unum,
1108 5367 1224 5420 sive
1255 5369 1439 5436 plures
1483 5369 1776 5441 Gregorios

203 5439 677 5510 Agrigentinorum
721 5449 921 5515 sidera,
981 5455 1139 5508 docet
1171 5471 1295 5510 cum
1334 5457 1560 5513 historia
1599 5439 1775 5516 trans-

203 5525 415 5586 lationis
450 5533 620 5590 beatae
649 5539 963 5610 Agrippinae
999 5543 1068 5598 ab
1103 5546 1292 5600 eodem
1325 5545 1590 5616 Cajetano
1619 5552 1776 5606 exhi-

202 5619 303 5714 bita
333 5630 371 5676 t.
404 5625 424 5678 l
460 5625 704 5683 Vitarum
741 5631 841 5686 SS.
874 5632 1209 5702 Siculorum,
1241 5655 1364 5709 qua:
1394 5642 1551 5698 nobis
1581 5659 1778 5714 suppe-

202 5711 332 5766 ditat
375 5715 480 5770 sub
519 5718 826 5791 Valeriano,
861 5735 915 5780 et
944 5727 1192 5784 Gallieno
1218 5732 1393 5804 Augg.
1454 5711 1774 5805 Gregorium

197 5805 485 5870 quemdam
505 5807 984 5880 Agrigentinorum
1008 5819 1346 5889 epismpum,
1375 5830 1488 5878 tum
1517 5823 1778 5882 Leontius

593 5903 868 5971 PATROL.
901 5909 1016 5970 Gn.
1050 5911 1327 5976 XCVIII.

1885 3259 2232 3333 Quapmpler
2263 3267 2309 3322 si
2345 3283 2411 3323 ne
2441 3284 2584 3324 unco
2640 3273 2860 3342 quidem
2899 3275 3104 3346 raptari
3143 3288 3309 3350 queat
3336 3259 3459 3333 Sir-

1886 3353 2124 3409 Ietanum
2171 3355 2541 3429 Menologium
2595 3363 2926 3420 sustinendae
2965 3365 3212 3438 Cajetani
3255 3385 3462 3438 causai,

1885 3444 1929 3498 si
1963 3457 2014 3500 et
2047 3445 2228 3503 isthue
2261 3447 2538 3506 Basiliano
2585 3454 2886 3533 recentius,
2937 3458 3148 3513 nullum
3183 3461 3331 3516 enim
3366 3463 3460 3518 illo

1884 3538 2188 3610 antiquius,
2223 3543 2348 3612 quis
2382 3551 2491 3600 tam
2543 3545 2813 3604 insubida}
2845 3553 3048 3606 mentis
3077 3553 3166 3618 sit,
3199 3554 3331 3624 quin
3374 3555 3461 3610 in-

1884 3630 2112 3702 telligat,
2144 3633 2334 3690 eadem
2390 3635 2724 3694 Sirietanum
2750 3632 2978 3706 dixisse,
3031 3653 3195 3713 atque
3232 3643 3462 3702 Basilia-

1883 3737 2016 3777 uum
2068 3723 2458 3797 Henelogium,
2513 3731 2853 3802 proindeque
2903 3746 3123 3792 nostras
3171 3737 3226 3791 in
3279 3751 3460 3808 partes

1885 3815 2086 3879 venire,
2127 3831 2156 3870 a
2195 3819 2471 3889 Cajetanis
2501 3823 2837 3882 abscedere?

1952 3903 2140 3962 XLIII.
2171 3906 2346 3964 Venio
2373 3913 2592 3967 tandem
2624 3915 2690 3968 ad
2727 3915 2994 3972 Nicetam.
3048 3919 3148 3975 Hic
3177 3921 3222 3977 si
3259 3921 3458 3978 immo-

1881 4011 1993 4063 rer,
2023 3998 2188 4064 ,male
2223 4007 2437 4072 tempus
2494 4003 2677 4060 ludam
2713 4021 2888 4062 :cunt
2937 4010 3084 4065 enim
3127 4009 3214 4065 ille
3266 4014 3460 4087 prodat

1885 4089 2004 4161 (lib.
2047 4089 2247 4146 Contra
2279 4091 2498 4150 Latinos
2531 4106 2566 4151 ι.
2603 4095 2668 4150 V'l
2699 4096 2915 4170 Antigq.
2949 4101 3071 4155 lect.
3109 4100 3271 4159 Henr.
3297 4103 3459 4160 Cani-

1883 4182 1972 4251 sii)
2015 4182 2338 4254 Gregorium
2378 4187 3002 4260 ConstantinOpotitanae
3045 4176 3256 4265 synodo
3289 4196 3460 4250 inte:—

1881 4271 2071 4338 l‘uisse,
2105 4275 2236 4344 imp.
2273 4277 2414 4332 Cas.
2449 4277 2814 4335 Constantino
2860 4284 3162 4354 Pogouato,
3199 4287 3456 4356 pontiﬁce

1883 4381 2011 4421 vero
2039 4366 2276 4422 Maximo
2303 4372 2608 4442 Agathone,
2645 4389 2751 4429 non
2785 4390 3083 4446 possumus
3117 4380 3327 4434 meliori
3361 4383 3459 4435 ad-

1881 4457 2172 4512 vocatione
2199 4475 2383 4516 eattsa:
2419 4471 2618 4518 nostra:
2659 4465 2786 4536 jura
2817 4468 3132 4526 defendere.
3167 4468 3458 4540 Cajetanus

1813 4534 1856 4588 Ῐ)
1887 4563 1984 4618 pro
2026 4566 2086 4604 se
2122 4560 2353 4608 stantem
2390 4554 2606 4613 dictitat
2635 4534 2902 4625 Nicetam,
2935 4563 3063 4631 quia
3115 4565 3179 4618 de
3209 4579 3275 4620 eo
3307 4566 3461 4620 locu-

1883 4649 1998 4694 tum
2029 4640 2296 4713 Gregorio
2325 4655 2519 4714 certat,
2548 4651 2640 4720 qui
2687 4651 2830 4707 alius
2866 4653 2936 4708 ab
2987 4653 3313 4711 Leontiano.
3357 4658 3457 4710 γυ-

1882 4747 2003 4786 rum
2044 4735 2324 4791 enimvero
2377 4735 2642 4797 Leontius
2690 4757 2801 4796 non
2851 4743 3016 4798 alium
3073 4745 3233 4802 nobis
3271 4746 3460 4802 laudat

1879 4822 2229 4896 Gregorium,
2263 4830 2370 4885 nisi
2417 4835 2511 4902 qui
2542 4833 2708 4888 vitam
2743 4835 2960 4890 duxerit
3014 4851 3234 4893 summo
3267 4840 3460 4895 Imma-

1881 4931 2075 4970 narum
2104 4933 2286 4974 rerum
2334 4920 2582 4992 Byzantii
2627 4927 2919 4996 praeposito
2954 4927 3321 4988 Constantino
3355 4933 3458 4988 Po-

1881 5017 2103 5077 gonato,
2149 5011 2378 5083 ejusque
2431 5013 2492 5070 F.
2545 5014 2858 5075 Justiniano
2889 5019 2934 5075 ll
2979 5022 3128 5091 regni
3177 5037 3454 5087 consorte,

1879 5113 2164 5156 sacrorum
2196 5120 2326 5160 vero
2361 5105 2550 5162 Romae
2581 5111 2824 5166 antistite
2855 5113 3175 5184 Agathone;
3212 5125 3273 5172 ut
3295 5117 3461 5186 ipsis-

1881 5192 2054 5247 simus
2086 5195 2156 5250 sit
2186 5195 2386 5253 Niceta:
2425 5199 2743 5272 Gregorius,
2783 5211 2946 5274 atque
2986 5203 3222 5270 Leontii,
3281 5209 3458 5262 Iutur-

1881 5297 1989 5348 que
2035 5283 2318 5354 duplicare
2363 5289 2519 5358 juxta
2569 5295 2660 5359 sit,
2695 5303 2858 5364 atque
2904 5311 3040 5350 nova
3090 5296 3458 5354 intermundia

1883 5371 2170 5442 Epicureis
2201 5395 2477 5449 aggercre.
2514 5381 2619 5438 Sed
2659 5385 2876 5442 desinat
2913 5389 3211 5459 aliquando
3244 5389 3460 5460 Gajeta-

1883 5479 1988 5520 nus
2011 5470 2271 5536 quoniam
2299 5473 2479 5542 gladio
2503 5475 2668 5546 320
2689 5479 2898 5547 nequit,
2927 5481 3167 5538 volsellis
3193 5499 3458 5554 pugnare,

1879 5559 2066 5612 conari
2095 5561 2309 5618 desinat
2339 5580 2599 5622 revocare
2639 5567 2960 5640 Gregorium
3011 5575 3075 5626 ad
3111 5571 3408 5630 Iustiniani
3443 5579 3456 5630 I

1879 5657 2116 5715 :rtatem,
2146 5654 2292 5722 quod
2333 5666 2552 5714 strenue
2579 5673 2856 5731 eppugnat
2901 5663 3186 5731 Leontius,
3231 5683 3262 5722 e
3293 5667 3456 5736 cujus

1879 5749 2298 5810 commentario,
2356 5749 2622 5819 quidquid
2677 5752 2746 5807 de
2801 5761 2954 5808 tanto
2999 5756 3260 5829 episcopo
3310 5759 3459 5818 novit

1881 5835 2196 5902 posteritas,
2222 5837 2366 5894 velut
2405 5855 2547 5912 aqua
2572 5857 2602 5898 e
2629 5843 2794 5912 fonte,
2823 5845 3146 5904 dimanavit.

2851 5935 2930 5998 39
