3930 6374
297 369 431 434 12ζ.1

1529 367 1876 428 ᾹΝΟΝΥΜΙ
1921 363 2384 426 BECUCCIANI

3423 357 3563 424 1232

289 479 451 536 Patre
480 486 603 534 ante
636 478 813 533 omnia
850 476 1044 531 saecula
1076 475 1278 546 abstine
1311 484 1502 540 matre,
1538 475 1658 530 sine
1684 489 1874 529 corru-

1986 472 2068 526 τοῦ
2098 471 2313 540 Πατρὸς
2349 469 2456 542 πρὸ
2485 470 2702 525 πάντων
2751 471 2859 524 τῶν
2888 470 3102 526 αίώνων
3132 469 3454 543 ἀρρεὑστως
3469 472 3567 525 καὶ

290 572 479 642 ptione
525 579 690 638 atque
733 569 1010 638 passione,
1053 577 1108 624 et
1141 583 1237 638 per
1288 567 1463 638 ipsum
1519 566 1700 621 omnia
1735 564 1880 621 facta

293 673 441 720 sunt.
473 661 690 718 Ultimis
728 676 857 715 vero
903 661 1234 732 temporibus
1269 660 1546 716 voluntate
1593 658 1795 724 Patris,
1824 669 1882 714 et

299 753 682 816 coeperationc
749 750 984 822 Spiritus
1032 751 1204 807 sancti
1259 751 1540 807 descendit
1591 749 1763 806 Filius
1817 757 1873 806 et

306 841 535 899 Verbum
569 841 688 908 Dei,
729 852 783 898 et
831 843 1141 898 incarnatus
1182 852 1264 898 est
1297 859 1362 897 ex
1397 853 1586 898 sancta
1629 842 1876 912 Deipara,

301 947 620 1005 semperque
641 933 850 1002 virgine
871 929 1062 997 Maria,
1088 947 1194 987 non
1223 941 1458 989 mutatus
1482 933 1535 986 in
1565 932 1876 996 divinitate,

300 1040 475 1096 neque
495 1027 789 1080 ementitus
813 1026 1058 1080 immanze
1081 1035 1285 1079 natura:
1307 1026 1728 1095 assumptionem
1749 1041 1763 1080 :
1787 1024 1880 1080 sed

299 1115 443 1173 Deus
463 1119 732 1174 exsistens
758 1115 1050 1189 perfectus,
1077 1116 1254 1173 lactus
1283 1126 1360 1172 est
1381 1117 1651 1188 perlectus
1672 1119 1835 1172 homo
1862 1155 1877 1180 ,

300 1210 678 1267 intellectualis
705 1219 758 1266 et
785 1211 1057 1265 animatus
1083 1227 1102 1277 ;
1129 1225 1236 1266 non
1263 1210 1514 1266 deferens
1539 1225 1762 1267 carnem
1795 1208 1876 1279 (6)

295 1301 536 1368 ccasio,
576 1311 636 1354 ut
686 1300 836 1370 impii
903 1300 1126 1370 quidam
1186 1299 1426 1356 breretici
1493 1299 1818 1360 dictitarunt
1861 1337 1878 1364 ,

298 1409 473 1464 neque
499 1400 756 1464 tauquam
780 1408 875 1464 per
893 1393 1078 1448 tabum
1103 1393 1288 1448 exiens
1308 1407 1374 1446 ex
1405 1400 1591 1448 sancta
1612 1391 1878 1462 Deipara;

300 1488 394 1543 sed
428 1488 496 1541 ab
539 1487 860 1541 intemerata
890 1501 1009 1540 eam
1071 1486 1274 1555 accepit
1304 1484 1550 1555 Deipara,
1593 1493 1648 1539 et
1671 1499 1733 1539 ex
1763 1484 1882 1554 ipsa

301 1586 461 1631 natus
511 1585 595 1631 est
645 1589 872 1630 servans
923 1575 1166 1629 eamdem
1231 1573 1502 1644 Virginem
1542 1575 1706 1629 etiam
1760 1583 1884 1644 post

299 1674 536 1738 partum,
591 1665 780 1721 matris
831 1665 1047 1735 quidem
1075 1677 1271 1734 expers
1324 1675 1506 1729 antea,
1542 1675 1696 1734 patre
1753 1679 1883 1720 vero

297 1771 492 1812 carens
521 1765 704 1826 postea
733 1771 751 1821 ;
787 1753 930 1808 unde
966 1754 1100 1809 duas
1129 1754 1300 1824 ipsius
1331 1755 1714 1823 generationes
1741 1769 1878 1810 con-

1980 562 2230 626 ἀπαθῶς,
2264 561 2436 634 χωρὶς
2467 560 2694 633 μητρὸς,
2725 563 2819 616 καὶ
2847 563 2916 617 δι’
2949 562 3115 618 αὐτοῦ
3138 563 3208 618 τὰ
3238 563 3416 617 πάντα
3446 565 3569 632 ἐγέ-

1979 671 2120 709 νετο.
2158 654 2268 708 Καὶ
2305 654 2393 707 ἐπ’
2424 653 2671 724 ἐσχάτων
2715 654 2773 708 δὲ
2809 654 2920 708 τῶν
2963 655 3174 726 χρόνων
3215 655 3436 726 εὐδοκία
3471 653 3568 708 τοῦ

1981 743 2197 815 Πατρὸς
2230 745 2324 797 καὶ
2371 744 2666 815 συνεργείᾳ
2704 743 2797 797 τοῦ
2833 745 2993 814 ἁγίου
3020 745 3341 817 Πνεῦματος
3365 745 3570 814 κατῆλ-

1981 838 2072 893 θεν
2109 839 2136 890 6
2173 837 2300 901 Υίὸς
2351 837 2446 889 καὶ
2499 837 2672 906 Λόγος
2712 837 2806 891 τοῦ
2851 837 3010 903 Θεοῦ,
3059 839 3152 892 καὶ
3187 825 3477 910 ὲσαρκώθῆ
3503 839 3570 888 ὲκ

1979 931 2081 997 τῆς
2131 930 2294 999 ἁγίας
2347 928 2604 984 θεοτόκου
2638 929 2733 984 καὶ
2785 929 2873 983 ἀεὶ
2910 930 3188 1002 Παρθένου
3229 930 3472 1002 Μαρίας,
3505 929 3568 982 οὐ

1980 1021 2211 1093 τραπεὶς
2240 1024 2307 1093 τῇ
2339 1021 2576 1092 θεότητι,
2621 1021 2744 1076 οὐδὲ
2771 1021 3053 1092 φαντάσας
3081 1022 3179 1094 τὴν
3205 1023 3524 1093 οἰκονομίαν
3554 1037 3568 1050 ·

1981 1111 2116 1166 ἀλλὰ
2155 1111 2288 1175 Θεὸς
2316 1110 2392 1164 ὢν
2421 1109 2646 1178 τέλειος,
2673 1111 2868 1180 γέγονε
2897 1113 3102 1176 τέλειος
3130 1111 3444 1184 ἄνθρωπος,
3477 1111 3572 1164 ἔκ·-

1983 1221 2106 1266 νους
2131 1245 2145 1271 ,
2204 1203 2298 1256 καὶ
2354 1203 2637 1274 ἔμψυχοςο
2678 1205 2740 1256 οὐ
2788 1203 3136 1273 κατενεγκὼν
3173 1207 3272 1276 τὴν
3303 1205 3485 1276 σάρκα
3513 1204 3578 1270 ἐξ

1981 1293 2237 1366 οὐρανοῦ,
2266 1294 2342 1359 ὡς
2369 1295 2519 1350 ἄθεοι
2559 1295 2771 1366 ἔφησαν
2795 1313 2942 1360 τινες
2964 1297 3075 1350 τῶν
3108 1296 3407 1366 αἱρετικῶν
3427 1339 3443 1364 ,
3477 1298 3577 1350 καὶ

1969 1385 2058 1449 ,ὡς
2084 1384 2173 1438 διὰ
2219 1383 2460 1454 σωλῆνος
2504 1385 2731 1440 διελθὼν
2785 1387 2894 1442 ἀπὸ
2924 1388 3023 1458 τῆς
3067 1389 3232 1458 ἁγίας
3262 1389 3528 1443 Θεοτόκου
3553 1406 3572 1420 υ

1983 1473 2122 1528 ἀλλὰ
2180 1473 2289 1528 ἀπὸ
2338 1474 2440 1544 τῆς
2485 1477 2754 1548 ἁχράντου
2779 1474 3050 1532 Θέοτόκου
3080 1478 3288 1550 ταύτην
3319 1479 3576 1546 ἀνέλαϐε,

1985 1563 2077 1616 καὶ
2143 1563 2410 1634 ἐγεννήθη
2448 1564 2507 1629 ἐξ
2555 1565 2746 1636 αὐτῆς,
2773 1567 3021 1635 φυλάξας
3050 1568 3261 1640 ταύτην
3294 1569 3577 1640 Παρθένον

1983 1654 2079 1708 καὶ
2117 1654 2254 1725 μετά
2284 1653 2562 1725 γέννησιν,
2597 1657 2835 1729 ἀμήτωρ
2884 1655 2984 1724 μὲν
3017 1656 3078 1711 τὸ
3105 1658 3398 1730 πρότερον,
3426 1661 3578 1713 ἀπά-

1985 1763 2097 1818 τωρ
2123 1746 2180 1800 δὲ
2203 1747 2264 1799 τὸ
2307 1746 2582 1819 δεύτερον.
2617 1747 2786 1802 Ὅθεν
2829 1749 2924 1803 δύο
2951 1749 3118 1803 αὐτοῦ
3153 1751 3252 1815 τὰς
3289 1753 3579 1823 γεννήσεις

300 1847 537 1902 utemur.
590 1844 765 1899 Unum
796 1844 1204 1915 quoqueipsum
1235 1845 1464 1902 dicimus
1496 1845 1664 1901 Deum
1693 1853 1746 1900 et
1778 1848 1877 1900 ho-

1986 1835 2380 1909 ὁμολογοῦμεν.
2407 1837 2523 1892 Ἵνα
2552 1839 2647 1892 καὶ
2674 1839 2768 1893 τὸν
2797 1840 2962 1893 αὐτόν
2989 1857 3172 1912 φαμεν
3201 1841 3334 1894 Θεὸν
3357 1843 3452 1895 καὶ
3480 1843 3578 1895 ἄν·

299 1939 522 2003 minem,
578 1951 684 1990 non
719 1944 896 1990 autem
947 1937 1082 1992 duas
1130 1937 1370 2007 ejusdem
1401 1953 1526 1993 esse
1557 1937 1877 2009 hypostases

300 2032 676 2102 praedicamus,
721 2027 865 2083 velut
903 2027 1100 2098 impius
1138 2027 1350 2084 ellhtire
1383 2041 1550 2084 ausus
1567 2039 1651 2084 est
1683 2028 1876 2085 Nesto-

302 2123 414 2178 rius
452 2137 572 2176 cum
599 2120 826 2176 asseelis
853 2137 866 2185 ;
894 2121 991 2176 sed
1021 2135 1181 2174 unam
1239 2121 1412 2190 ipsius
1447 2123 1678 2178 dicimus
1709 2125 1878 2193 hypo-

301 2215 652 2270 stasinetiam
683 2211 1276 2282 postincarnationem.
1303 2213 1508 2266 Sancta
1538 2215 1683 2268 enim
1717 2214 1872 2284 ejus-

305 2309 425 2363 dem
457 2295 584 2362 caro
616 2306 667 2360 in
702 2305 868 2375 ipsius
912 2302 1074 2358 Verbi
1109 2302 1204 2358 Dei
1231 2304 1478 2360 subsistit
1527 2306 1803 2375 hypostasi
1856 2325 1871 2370 ;

289 2408 357 2454 et
397 2399 536 2452 hanc
561 2396 880 2469 hypostasin
928 2395 1121 2450 habuit
1151 2405 1206 2450 et
1236 2395 1398 2450 habet
1423 2413 1438 2460 ;
1465 2392 1634 2466 quare
1659 2400 1883 2454 conlite-

303 2507 426 2546 mur
455 2506 620 2544 unum
653 2499 707 2545 et
761 2489 939 2559 ipsum
975 2487 1140 2542 Deum
1169 2496 1224 2542 et
1265 2487 1541 2544 hominem
1591 2489 1881 2545 Dominum

303 2597 550 2642 nostrum
596 2581 779 2639 Jcsutn
818 2581 1113 2637 Christum.
1147 2579 1267 2651 Ipse
1305 2582 1450 2637 enim
1485 2591 1568 2638 est
1597 2599 1805 2652 ungens
1830 2593 1886 2640 et

301 2689 387 2735 est
421 2686 618 2733 unctus
650 2695 664 2731 :
691 2691 900 2747 uugeus
934 2675 1173 2744 quidem,
1211 2684 1269 2730 ut
1297 2673 1437 2730 Deus
1468 2693 1483 2742 ;
1521 2685 1714 2732 unctus
1734 2693 1883 2744 vero,

307 2782 364 2825 ut
397 2771 579 2825 homo.
629 2767 883 2822 Christus
923 2764 1001 2837 (7)
1031 2765 1176 2821 enim
1223 2776 1444 2822 vocatus
1474 2769 1573 2822 luit
1605 2768 1658 2823 in
1715 2771 1884 2824 altera

301 2861 543 2932 ejusdem
583 2857 950 2929 generatione,
979 2871 1084 2910 non
1112 2864 1314 2920 autem,
1341 2866 1398 2911 ut
1426 2857 1736 2929 Origeniani
1767 2859 1886 2914 dic-

307 2957 487 3016 litant,
533 2960 660 3006 ante
700 2949 917 3014 saecula.
969 2949 1210 3005 Dicimus
1231 2958 1410 3006 autem
1460 2959 1518 3004 et
1563 2950 1888 3007 confitemur

303 3062 432 3102 cum
456 3045 721 3113 duplicem
749 3051 964 3108 natura,
990 3039 1195 3096 scilicet
1223 3039 1528 3111 perlectum
1570 3041 1737 3097 Deum
1765 3058 1888 3113 per-

1979 1927 2218 2000 θρωπον.
2257 1931 2334 1984 Οὐ
2364 1929 2458 1984 δύο
2501 1931 2560 1986 δὲ
2604 1931 2770 1985 αὑτοῦ
2815 1932 3050 2002 λέγομεν
3086 1933 3186 1996 τὰς
3221 1934 3578 1999 ὐποστάσει·,

1969 2024 2052 2088 ὡς
2086 2026 2114 2078 ὁ
2147 2024 2355 2096 ἀσεϐὴς
2387 2025 2693 2097 ἐτόλμησεν
2727 2027 2902 2081 είπεῖν
2937 2028 3255 2100 Νεστόριος,
3290 2031 3450 2083 καὶοί
3475 2032 3578 2084 σὺν

1981 2117 2132 2188 αὐτῷ
2153 2134 2166 2148 ο
2196 2117 2332 2172 ἀλλὰ
2357 2118 2486 2188 μίαν
2523 2118 2690 2173 αὑτοῦ
2722 2119 2956 2191 λέγομεν
2995 2121 3094 2195 τὴν
3131 2122 3431 2176 ὑπόστασιν
3482 2124 3581 2176 καὶ

1985 2207 2126 2279 μετὰ
2148 2209 2449 2278 σάρκωσιν.
2481 2210 2546 2263 Ἠ
2564 2211 2672 2282 γὰρ
2687 2211 2822 2281 ἁγία
2841 2213 3010 2268 αὑτοῦ
3045 2212 3182 2287 σὰρξ
3222 2216 3280 2268 ἐν
3303 2218 3369 2287 τῇ
3407 2215 3580 2269 αὐτοῦ

1981 2299 2074 2354 τοῦ
2090 2299 2223 2354 Θεοῦ
2240 2301 2414 2371 Λόγου
2429 2302 2638 2375 ὑπέστη
2655 2304 2973 2374 ὑποστάσει,
2994 2307 3089 2360 καὶ
3110 2307 3316 2380 ταύτην
3335 2307 3464 2379 ἔσχε
3481 2311 3581 2362 καὶ

1983 2391 2097 2463 ἔχει
2125 2394 2424 2448 ὑπόστασιν
2451 2413 2465 2428 ·
2495 2395 2618 2450 ὅθεν
2653 2396 3026 2469 ὁμολογοῦμεν
3045 2398 3143 2453 ενα
3179 2401 3390 2454 καὶτὸν
3413 2401 3584 2454 αὐτὸν

1982 2483 2117 2539 Θεὸν
2135 2486 2229 2538 καὶ
2244 2485 2554 2559 ἄνθρωπον,
2571 2488 2664 2542 τὸν
2680 2488 2886 2560 Κύριον
2906 2489 3062 2562 ήμῶν
3089 2490 3299 2562 Ἰησοῦν
3313 2493 3360 2545 Χ
3371 2510 3399 2564 ρ
3410 2495 3582 2550 ;στὸν.

1983 2581 2158 2644 Αὐτὸς
2185 2581 2295 2653 γάρ
2331 2583 2478 2638 ἐστιν
2502 2586 2530 2638 ὁ
2549 2583 2720 2656 χρίων
2750 2587 2845 2639 καὶ
2872 2587 2900 2640 ό
2925 2586 3250 2658 χριόμενος·
3276 2587 3448 2658 χρίων
3481 2591 3581 2658 μὶν

1983 2672 2058 2738 ὡς
2083 2673 2238 2737 Θεὸς,
2263 2675 2552 2748 χριόμενος
2581 2675 2638 2730 δὲ
2659 2677 2736 2742 ὡς
2764 2677 3078 2750 ἄνθρωπος.
3117 2678 3355 2750 Χριστὸς
3376 2679 3434 2733 δὲ
3455 2681 3581 2732 τότε

1985 2765 2190 2837 ἐκλήθη
2248 2767 2305 2818 ὲν
2342 2769 2408 2838 τῇ
2454 2767 2686 2841 δευτέρᾳ
2716 2769 2886 2823 αὐτοῦ
2927 2771 3204 2841 γεννήσει,
3244 2773 3341 2825 καὶ
3375 2772 3578 2843 οὐχώς

1999 2857 2402 2926 Ὠριγενιασταὶ
2461 2859 2704 2928 λέγουσι,
2741 2860 2848 2933 πρὸ
2895 2859 3006 2915 τῶν
3064 2861 3300 2918 αἰώνων.
3327 2861 3581 2932 Λέγομεν

1985 2949 2042 3002 δὲ
2097 2951 2192 3004 καὶ
2239 2951 2619 3024 ὁμολογοῦμεν
2651 2953 2817 3008 αὑτὸν
2845 2953 3068 3008 διπλοῦν
3100 2957 3167 3027 τῇ
3224 2955 3410 3026 φύσει,
3443 2955 3581 3010 Θεὲν

1986 3040 2194 3096 τέλειον
2237 3043 2332 3096 καὶ
2377 3044 2666 3118 ἄνθρωπον
2698 3045 2938 3114 τέιλειον,
2973 3045 3216 3118 παθητὸν
3257 3047 3360 3118 μὲν
3388 3050 3456 3120 τῇ
3489 3049 3584 3100 ἁν-

305 3141 622 3208 l'ectumque
702 3135 974 3204 hominem
1007 3172 1022 3198 ,
1067 3133 1379 3204 passibilem
1428 3134 1644 3203 quidem
1709 3136 1883 3206 quoad

1990 3129 2329 3203 θρωπότητι,
2364 3133 2556 3204 ἀπαθῆ
2585 3133 2642 3224 δε
2686 3137 2755 3208 τῇ
2784 3136 3001 3208 θεότητι
3023 3153 3039 3170 ο
3075 3137 3336 3192 πεινάσαι
3386 3155 3445 3192 τε
3481 3142 3580 3192 καὶ

299 3230 723 3293 humanitatem,
765 3224 1152 3294 impassibilem
1197 3238 1324 3279 vero
1397 3223 1574 3294 quoad
1639 3225 1883 3281 divinita-

1987 3221 2231 3294 διψῆσαι,
2285 3225 2382 3278 καὶ
2424 3221 2644 3295 φαγεῖν,
2689 3227 2785 3281 καὶ
2834 3230 3004 3296 πιεῖν,
3031 3230 3128 3284 καὶ⁵
3163 3229 3454 3296 κοπιάσαι,
3483 3232 3581 3285 καὶ

307 3335 415 3379 tem
443 3321 797 3390 ;esurivisse,
817 3327 873 3372 et
893 3316 1150 3382 sitivisse,
1173 3325 1228 3372 et
1241 3317 1564 3384 comedisse,
1587 3327 1641 3372 et
1659 3317 1884 3385 bibisse,

303 3427 362 3473 et
397 3416 694 3481 laborasse,
733 3424 787 3470 et
829 3411 1151 3467 dormivisse
1169 3417 1362 3478 sponte
1381 3417 1436 3464 et
1463 3407 1762 3463 secundum
1789 3422 1886 3462 na-

308 3517 445 3562 tura:
466 3504 1013 3576 lcgem.Ettanquam
1041 3501 1182 3556 Deus
1211 3500 1394 3556 divina
1424 3498 1551 3554 fecit
1577 3507 1632 3554 et
1679 3499 1882 3570 glorio-

307 3614 404 3652 sa:
443 3611 639 3666 aquam
690 3594 930 3648 vertitin
983 3593 1189 3658 vinum,
1219 3590 1410 3647 oculos
1445 3605 1589 3648 caeco
1637 3591 1885 3662 aperuit,

309 3699 552 3742 mortuos
583 3687 650 3741 ad
689 3687 853 3740 vitam
902 3685 1176 3740 revocavit
1206 3724 1224 3750 ,
1266 3683 1429 3738 siccis
1459 3683 1688 3754 pedibus
1713 3699 1882 3755 super

307 3795 460 3834 mare
480 3777 804 3843 ambulavit,
847 3785 904 3830 et
933 3787 1151 3832 cmtera.
1185 3776 1258 3832 Ut
1283 3777 1443 3830 homo
1474 3791 1602 3830 vero
1651 3778 1889 3831 lumtana

308 3871 562 3940 patravit.
619 3869 762 3922 Duas
815 3883 951 3938 ergo
997 3867 1300 3923 voluntates
1345 3866 1526 3936 ipsius
1569 3867 1885 3932 statuimus,

307 3963 556 4031 duasque
607 3960 974 4030 operationes,
1027 3960 1267 4014 divinam
1331 3969 1491 4028 atque
1545 3959 1886 4015 hmnanam:

304 4063 522 4110 etcum
585 4053 722 4108 duas
771 4049 1010 4106 audieris
1039 4049 1092 4105 in
1151 4049 1381 4104 Domino
1433 4049 1743 4104 voluntates
1771 4089 1786 4114 ,
1823 4064 1890 4103 ne

309 4145 590 4201 existimes
632 4155 754 4198 esse
807 4142 946 4196 inter
980 4155 1041 4196 se
1089 4152 1392 4212 pugnantes
1437 4155 1499 4196 ac
1541 4140 1888 4207 contrarias;

314 4249 500 4290 verum
558 4248 620 4287 ca
677 4231 864 4288 volens
903 4229 1133 4284 faciebat
1190 4231 1428 4285 humana
1486 4239 1716 4295 natura,
1767 4245 1891 4300 qua:

312 4326 492 4380 divina
530 4325 652 4395 ejus
678 4323 849 4378 voluit
889 4325 1136 4378 voluntas
1168 4340 1182 4376 :
1214 4337 1554 4392 quaecunque
1581 4323 1722 4378 enim
1749 4322 1892 4378 vole-

312 4419 424 4484 bat,
455 4424 685 4486 poterat,
717 4430 778 4469 ac
806 4413 1078 4479 faciebat;
1105 4429 1211 4467 non
1239 4415 1384 4468 enim
1427 4414 1651 4472 alterius
1675 4414 1889 4485 indige-

1989 3314 2235 3370 ὑπνῶσαι
2291 3317 2560 3382 ἑκουσίως
2601 3319 2698 3372 καὶ
2754 3319 2906 3392 νόμῳ
2957 3319 3195 3392 φύσεως.
3223 3323 3339 3376 Καὶ
3367 3321 3442 3386 ὡς
3477 3325 3580 3392 μὲν

1987 3406 2120 3471 Θεὸς
2146 3406 2384 3479 ἔπραττε
2412 3409 2481 3463 τὰ
2513 3409 2636 3464 Θετα
2667 3411 2762 3464 καὶ
2783 3411 2993 3480 ἔνδοξα,
3015 3413 3077 3468 τὸ
3099 3415 3326 3486 ποιῆσαι
3347 3413 3408 3468 τὸ
3431 3414 3579 3485 ὕδωρ

1977 3493 2152 3565 οϊνον,
2183 3500 2278 3554 καὶ
2307 3500 2370 3554 τό
2389 3501 2719 3573 όμματῶσαι
2746 3503 2971 3573 τυφλὸν,
2990 3505 3087 3559 καὶ
3119 3505 3430 3578 ἀναστῆσαι
3453 3509 3581 3572 τοὺς

1983 3592 2235 3662 νεκροὺς,
2268 3593 2366 3647 καὶ
2405 3593 2670 3658 πεζεῦσαι
2719 3596 2816 3650 ἐπὶ
2852 3597 2952 3668 τῆς
2989 3597 3267 3671 θαλάσσης
3317 3599 3578 3672 ἀϐρόχοίς

1987 3685 2140 3750 ποσὶ,
2195 3687 2290 3738 καὶ
2343 3685 2412 3740 τά
2452 3686 2616 3742 λοιπά
2639 3703 2654 3718 ο
2689 3687 2765 3752 ὡς
2807 3687 3098 3761 ἄνθρωπος
3152 3691 3211 3745 δὲ
3241 3691 3483 3763 ἔπραττε
3508 3692 3581 3746 τὰ

1987 3773 2322 3846 ἀνθρώπινα.
2369 3776 2474 3830 Δύο
2517 3777 2574 3831 δὲ
2619 3777 2788 3832 αὑτοῦ
2826 3779 3124 3852 δοξάζομεν
3159 3780 3260 3846 τὰς
3297 3781 3579 3852 θελήσεις,

1990 3867 2086 3920 καὶ
2118 3867 2215 3932 τὰς
2247 3869 2558 3939 ἐνεργείας,
2583 3870 2735 3924 θείαν
2747 3870 2860 3954 ,καί
2879 3871 3253 3944 ἀνθρωπίνην.
3279 3873 3586 3944 Θελήματα

1990 3959 2046 4012 δὲ
2078 3957 2172 4012 δύο
2199 3959 2440 4023 ἀκούσας
2463 3959 2561 4014 ἐπὶ
2591 3959 2688 4015 τοῦ
2719 3961 2953 4033 Κυρίου,
2989 3963 3066 4034 μὴ
3102 3963 3412 4034 μαχόμενα,
3445 3965 3584 4034 μηδὲ

1989 4050 2383 4121 ἐναντιούμενα
2437 4051 2689 4124 ἀλλήλοις
2733 4053 2865 4107 νόει.
2913 4055 3074 4110 Ἀλλά
3134 4057 3309 4112 ταύτὰ
3351 4039 3584 4112 Θέλουσα

1991 4139 2258 4212 ἔπραττεν
2307 4143 2341 4211 ή
2398 4143 2719 4214 ἀνθρωπίνη
2763 4144 2950 4214 φύσις,
2983 4145 3128 4218 ἅπερ
3177 4149 3211 4220 ἡ
3261 4148 3383 4203 θεία
3411 4149 3582 4204 αὑτοῦ

1992 4231 2152 4303 ἤθελε
2182 4231 2402 4304 θέλησις
2423 4249 2437 4266 ο
2475 4234 2575 4286 ὅσα
2596 4233 2704 4304 γὰρ
2733 4233 2948 4304 ἢθελεν,
2979 4236 3212 4306 ἠδύνατο
3242 4241 3338 4292 καὶ
3361 4241 3539 4294 ἐποίει
3565 4257 3584 4273 ν

1991 4323 2053 4376 οὐ
2085 4322 2194 4394 γάρ
2245 4322 2426 4376 ἐδέετο
2473 4323 2684 4394 ἐτέρου.
2719 4325 2936 4378 Ἔπαθε
2961 4325 3022 4379 δὲ
3045 4327 3332 4392 ἑκουσίως,
3367 4331 3588 4400 ἐφραγο

1993 4415 2228 4486 γελὼθη,
2265 4415 2596 4487 ὲνεπτύσθη,
2631 4417 2726 4471 καὶ
2756 4418 3080 4491 ἐσταυρώθη
3101 4458 3115 4480 ,
3151 4420 3421 4492 ἐκεντήθη
3457 4423 3585 4490 λόγ-

318 4510 430 4562 bat.
467 4507 674 4576 Sponte
703 4514 882 4560 autem
919 4519 1111 4572 passus
1149 4516 1254 4570 est,
1297 4505 1618 4576 bagellatus,
1653 4521 1883 4576 conspu-

1992 4522 2062 4580 χῃ
2086 4507 2186 4580 τὴν
2245 4507 2512 4580 πλευρὰν,
2545 4508 2793 4577 ὲπήγασέ
2842 4525 2904 4562 τε
2961 4508 3022 4574 ἐξ
3067 4509 3240 4580 αὐτῆς
3296 4505 3439 4582 αἷμα
3489 4513 3586 4568 καὶ

315 4609 402 4656 tus
437 4607 492 4654 et
528 4599 844 4664 cruciﬁxus,
877 4596 1063 4652 lancea
1099 4597 1151 4652 in
1185 4597 1354 4652 latere
1378 4597 1714 4664 vulneratus,
1740 4599 1886 4654 unde

305 4693 532 4765 sanguis
557 4702 610 4746 et
639 4706 780 4761 aqua
805 4690 996 4753 exivit,
1029 4691 1222 4746 salutis
1253 4691 1615 4757 conciliatrix,
1654 4702 1708 4746 et
1741 4693 1887 4746 velut

311 4787 472 4840 homo
513 4791 764 4838 mortuus
781 4790 884 4837 est.
915 4779 986 4836 Ut
1005 4779 1146 4836 Deus
1176 4796 1305 4836 vero
1328 4782 1568 4837 surrexit
1596 4797 1692 4837 sua
1717 4783 1888 4852 ipsius

306 4875 604 4939 voluntate,
639 4875 908 4940 excitans,
955 4872 1104 4944 quia
1149 4873 1349 4929 saeculo
1379 4874 1749 4938 dormierant,
1779 4889 1885 4930 nou

305 4980 543 5030 omnes,
607 4965 702 5019 sed
761 4963 974 5033 dignos.
1023 4960 1398 5032 Quadraginta
1450 4969 1632 5017 autem
1695 4962 1888 5018 diebus

306 5074 414 5114 una
451 5065 808 5115 conversatus
851 5064 936 5114 est
987 5070 1112 5111 cum
1163 5054 1368 5110 sanctis
1433 5054 1712 5124 discipulis
1773 5055 1888 5110 suis

303 5164 424 5220 post
497 5150 988 5213 resurrectionem,
1039 5157 1096 5204 et
1120 5161 1451 5203 convescens
1487 5162 1610 5202 cum
1669 5147 1750 5202 eis
1803 5161 1890 5201 as-

301 5254 552 5312 sumptus
587 5253 669 5298 est
697 5242 750 5296 in
776 5241 976 5298 coelum
1015 5257 1120 5296 una
1149 5256 1271 5295 cum
1330 5239 1683 5294 immaculato
1711 5254 1812 5294 suo
1836 5247 1890 5293 et

306 5336 552 5404 principe
647 5334 946 5388 viventium
1022 5347 1292 5402 corpore,
1379 5331 1686 5387 videntibus
1765 5346 1890 5385 san-

303 5425 410 5480 ctis
485 5425 654 5493 ipsius
719 5424 1024 5494 discipulis.
1080 5423 1368 5480 Credimus
1435 5437 1562 5476 vero
1637 5423 1884 5477 eumdem

303 5531 496 5572 rursus
524 5526 815 5570 venturum
861 5532 984 5572 cum
1031 5514 1438 5586 incomparabili
1469 5515 1661 5584 gloria,
1707 5524 1763 5566 ut
1794 5515 1885 5583 ju-

382 5670 460 5738 (Si
489 5673 562 5728 De
598 5675 701 5730 hoc
727 5690 917 5730 errore
952 5675 1221 5730 Valentini
1257 5677 1374 5726 \ide
1407 5674 1483 5728 sis
1529 5672 1720 5742 Epiph.
1752 5672 1884 5725 llil‘l'.

305 5742 372 5798 5i
406 5753 459 5795 et
492 5741 809 5798 Damasccu.

379 5812 459 5881 (7)
501 5813 577 5866 Ex
601 5812 940 5870 Damasceno
970 5815 1064 5871 lib.
1099 5831 1150 5871 tv
1203 5815 1424 5870 ()rtliod.
1460 5816 1614 5884 ﬁdei,
1651 5829 1773 5884 cap.
1824 5813 1879 5881 6,

1994 4596 2160 4668 ὕδωρ,
2191 4597 2470 4668 σωτηρίας
2490 4597 2775 4668 πρόξενον,
2805 4599 2901 4652 καὶ
2929 4600 3224 4666 ἀπέθανεν,
3257 4601 3332 4666 ὡς
3365 4599 3586 4674 ἀνθρωο

1992 4705 2112 4752 πος.
2154 4686 2242 4753 Ὠς
2271 4687 2326 4742 δὲ
2391 4689 2525 4753 Θεὸς
2575 4689 2776 4760 ἀνέστη
2821 4689 3228 4756 αὐτεξουσίως,
3266 4695 3586 4766 ἀναστήσας

1990 4781 2120 4844 τοὺς
2170 4781 2266 4835 ἀπ’
2295 4779 2492 4844 αἰῶνος
2542 4781 3018 4852 κεκοιμημένους,
3059 4783 3123 4836 οὐ
3176 4785 3410 4851 πάντας,
3443 4786 3585 4840 ἀλλὰ

1991 4872 2118 4936 τοὺς
2149 4871 2356 4937 ἀξίους.
2401 4871 2525 4924 Ἐπὶ
2570 4871 2810 4943 ἡμέραις
2839 4871 2897 4926 δὲ
2943 4874 3359 4946 τεσσαράκοντα
3385 4893 3584 4932 συναν-

1993 4961 2237 5034 εστράφη
2288 4963 2400 5026 τοῖς
2453 4962 2630 5031 ἁγίοις
2657 4961 2820 5016 αὐτοῦ
2857 4962 3150 5034 μαθηταῖς,
3198 4965 3346 5036 μετὰ
3379 4967 3482 5037 τὴν
3521 4970 3590 5022 ἐκ

1991 5055 2200 5127 νεκρῶν
2221 5055 2384 5109 αὑτοῦ
2407 5055 2724 5123 ἀνάστασιν,
2755 5056 3214 5128 συναυλιζόμενος
3241 5059 3454 5125 αὐτοῖς,
3489 5062 3588 5116 καὶ

1994 5147 2274 5218 ἀνελήφθη
2302 5150 2381 5212 είς
2411 5147 2678 5218 οὐρανοὺς
2707 5147 2847 5220 μετά
2869 5149 2964 5202 τοῦ
2989 5150 3262 5222 ἀχρὰντου
3289 5153 3386 5206 καὶ
3407 5152 3592 5224 ζωαρο

1998 5239 2154 5310 χικοῦ
2203 5238 2368 5294 αὑτοῦ
2426 5237 2677 5310 σώματος
2703 5279 2717 5302 ,
2745 5239 3006 5312 ὁρώντων
3055 5242 3165 5296 τῶν
3208 5243 3382 5310 ἁγίων
3415 5243 3586 5297 αὐτοῦ

2001 5329 2276 5400 μαθητῶν.
2340 5327 2679 5394 Πιστεὺομεν
2723 5327 2780 5381 δὲ
2830 5328 2994 5383 πάλιν
3041 5329 3216 5384 ἐλθεῖν
3242 5330 3409 5385 αὑτὸν
3443 5329 3586 5400 μετά

1996 5421 2154 5492 δόξης
2181 5420 2514 5492 ἀσυγκρίτου
2569 5423 2752 5487 κρῖναι
2784 5421 2994 5484 πάντας
3023 5421 3098 5484 ὡς
3139 5421 3296 5486 Θεὸς,
3327 5422 3424 5477 καὶ
3453 5425 3586 5476 ἁπο-

2003 5514 2186 5568 δοῦναι
2210 5514 2428 5586 ἑκάστῳ
2459 5513 2603 5568 κατὰ
2645 5517 2714 5568 τὰ
2748 5513 2886 5586 ἔργα
2921 5513 3114 5568 αὑτοῦ.
3154 5513 3586 5582 ιιροσκυνοῦαεν

1996 5687 2049 5740 p.
2087 5671 2211 5726 538.
2238 5672 2474 5728 Consule
2509 5668 2795 5742 Snicerunt
2819 5671 2872 5725 in
2898 5669 3030 5725 Lex.
3053 5686 3200 5727 vers.
3224 5672 3483 5742 Χριστός.
3519 5671 3588 5728 Et

1994 5742 2254 5867 {Sigillum
2291 5743 2388 5800 lib.
2419 5758 2448 5796 v
2490 5741 2692 5797 Contra
2741 5741 3090 5810 Eunomium,
3156 5751 3292 5800 tom.
3349 5745 3417 5808 ll,
3453 5759 3578 5816 pag.
