3930 6374
305 428 440 492 Ῐὲῗϐ

1320 413 1678 478 ΒΟΘΜᾹΤᾹ
1707 407 2125 471 CATIIOLICA
2161 411 2265 470 SS.
2309 409 2562 472 APOST.

3423 386 3557 466 ea

301 542 356 597 δὲ
382 535 540 592 αὖτοῦ
575 536 643 590 τά
672 533 831 604 τίμια
867 533 962 585 καὶ
982 529 1115 599 ἅγια
1160 527 1341 598 πάθη,
1372 526 1439 578 δι’
1467 519 1543 580 ὧν
1591 522 1738 594 ἡμᾶς
1769 519 1875 572 ὲτίο

2004 519 2126 574 licet
2161 529 2414 590 tanquam
2462 520 2603 574 Deus
2650 532 2881 584 omnes,
2929 527 2983 574 et
3024 518 3210 574 reddat
3267 519 3560 587 unicuique

306 651 439 704 μησε
463 673 478 698 ,
507 628 826 698 δοξάζοντες
853 627 1018 696 αὐτοῦ
1049 625 1146 678 καὶ
1187 624 1288 692 τὴν
1319 620 1637 681 ἀνάστασιν,
1663 615 1758 668 καὶ
1787 615 1875 665 εῦ-

1969 610 2124 680 jnxta
2159 627 2324 684 opera
2359 628 2477 668 sua.
2503 611 2806 666 Adoramns
2833 625 2962 665 vero
2983 611 3282 680 pretiosam
3313 611 3560 682 ejusdem

304 701 591 796 λογημένον
638 722 700 776 τὸ
742 721 945 792 κράτος
994 717 1090 772 καὶ
1135 714 1417 787 βασιλείαν
1447 709 1612 765 αὑτοῦ
1641 709 1719 771 είς
1749 706 1877 769 τοὺς

2011 713 2028 758 ι
2061 714 2308 759 sanctam
2341 704 2667 774 passionem,
2692 717 2785 773 per
2816 717 2974 773 quam
3004 718 3102 756 nos
3129 701 3310 756 affecit
3335 703 3557 764 honore,

301 815 498 880 αἰῶνας
526 815 636 870 τῶν
663 813 904 869 αἰώνων.
955 813 1153 882 Ἀμήν.

381 986 784 1059 Ὀμολογοῦμεν
813 985 908 1042 καὶ
947 985 1003 1039 ἓν
1030 984 1320 1056 βάπτισμα
1345 983 1428 1049 είς
1457 979 1654 1050 ἄλσεσιν
1693 978 1876 1048 ἁμαρ-

301 1082 448 1136 τιῶν.
489 1081 683 1152 Ἀμήν.

381 1197 784 1267 Ὀμολογοῦμεν
819 1195 875 1249 δὲ
906 1193 1207 1248 ἀνάστασιν
1235 1189 1473 1261 νεκρῶν,
1503 1187 1599 1242 καὶ
1622 1186 1770 1256 ζωὴν
1785 1201 1849 1240 το
1868 1206 1882 1228 ο

307 1289 588 1360 μέλλοντος
612 1289 833 1352 αἰῶνος.

384 1401 600 1465 Ἰστέον,
642 1401 722 1456 ὅτι
767 1401 1072 1474 άχώριστος
1112 1399 1327 1471 ἔμεινεν
1360 1399 1392 1468 ἡ
1431 1395 1623 1464 θεότης
1655 1390 1751 1446 τοῦ
1782 1391 1884 1444 Λό-
1953 1420 1958 1424 -

303 1510 398 1562 τον
421 1493 522 1560 τῆς
554 1496 718 1564 ἁγίας
764 1495 932 1549 αὑτοῦ
985 1494 1210 1566 σαρκὸς,
1243 1491 1338 1546 καὶ
1362 1492 1419 1544 ὲν
1445 1486 1623 1560 καιρῷ
1647 1485 1742 1539 τοῦ
1777 1483 1884 1537 πά-

306 1587 450 1648 θους,
502 1588 594 1640 καὶ
637 1587 698 1642 ὲν
729 1585 808 1656 τῷ
856 1585 1073 1656 Θανάτῳ
1094 1625 1107 1649 ,
1143 1585 1236 1638 καὶ
1259 1585 1317 1638 ὲν
1345 1580 1424 1653 τῷ
1452 1581 1610 1651 τάφῳ
1637 1574 1705 1650 ἦν
1744 1573 1886 1647 μετά

303 1675 394 1729 τοῦ
431 1676 712 1748 σώματος,
743 1678 840 1732 καὶ
871 1679 930 1730 ἐν
957 1677 1033 1748 τῷ
1064 1676 1167 1750 ᾅδῃ
1214 1675 1353 1746 μετά
1393 1673 1496 1744 τῆς
1531 1670 1692 1741 ἁγίας
1718 1665 1886 1724 αὑτοῦ

302 1767 502 1838 ψυχῆς,
538 1769 634 1822 καὶ
667 1770 724 1824 ὲν
750 1769 827 1840 τῷ
858 1768 1076 1841 οὐρανῷ
1107 1767 1246 1838 μετὰ
1271 1765 1366 1820 τοῦ
1400 1764 1612 1837 Πατρδς
1654 1762 1748 1816 καὶ
1789 1757 1886 1814 τοῦ

1976 793 2344 863 gloriﬁcantes
2393 794 2848 850 resurrectionem
2905 791 3171 862 ejusdem,
3211 793 3558 848 benedictum

1986 885 2276 955 imperium
2315 895 2370 940 et
2420 900 2646 956 regnum
2679 885 2729 940 in
2771 885 2968 940 saecula
2997 885 3340 940 saeculorum.
3366 887 3560 940 Amen.

2048 977 2384 1032 Contitemnr
2409 977 2571 1032 etiam
2607 991 2775 1031 unum
2804 977 3066 1046 baptisma
3100 974 3175 1047 (9)
3209 976 3260 1030 in
3286 974 3563 1032 remissin-
3605 1041 3608 1046 _

1981 1083 2103 1124 nem
2133 1079 2503 1140 peccatorum.
2532 1068 2725 1123 Amen.

2051 1181 2386 1238 Contitemnr
2445 1181 2901 1236 resurrectionem
2956 1188 3290 1236 mortuorum
3347 1179 3480 1252 (10),
3512 1191 3566 1236 et

1983 1275 2151 1329 vitam
2182 1273 2351 1329 futuri
2389 1274 2598 1330 surculi.

2057 1385 2350 1442 Sciendum
2373 1396 2480 1451 est,
2510 1387 2655 1454 quod
2681 1385 3059 1456 inseparabilis
3086 1385 3283 1440 mansit
3309 1386 3570 1441 divinitas

1984 1477 2148 1533 Verbi
2198 1494 2226 1531 a
2281 1487 2466 1536 sancta
2508 1478 2652 1532 illius
2678 1493 2862 1546 carne,
2898 1479 3060 1534 etiam
3103 1491 3342 1548 tempore
3363 1479 3570 1548 passio-

1985 1568 2092 1634 nis,
2129 1576 2182 1622 et
2215 1568 2266 1621 in
2306 1577 2500 1633 morte,
2557 1577 2612 1621 et
2638 1567 2690 1620 in
2722 1567 2974 1636 sepulcro
2999 1575 3118 1622 erat
3159 1582 3281 1622 cnm
3323 1581 3570 1636 corpore,

1987 1665 2041 1712 et
2061 1657 2111 1711 in
2139 1655 2329 1710 inferis
2357 1670 2460 1710 una
2485 1671 2608 1711 cum
2631 1667 2819 1712 sancta
2844 1655 3015 1728 ipsius
3048 1656 3252 1722 anima,
3279 1655 3406 1710 etin
3433 1657 3573 1710 cmlo

1991 1764 2094 1802 una
2149 1763 2269 1804 cum
2323 1747 2482 1802 Patre
2513 1788 2528 1812 ,
2571 1759 2627 1803 et
2667 1747 2868 1820 Spiritu
2926 1757 3138 1814 sancto,
3175 1757 3233 1802 et
3266 1737 3468 1818 ubique
3516 1755 3575 1800 nt

305 1859 648 1931 ῐινεύματος,
679 1861 777 1915 καὶ
800 1839 1094 1932 ίπανταχοῦ
1143 1860 1218 1925 ὡς
1268 1857 1404 1922 Θεὸς
1442 1855 1538 1910 καὶ
1565 1853 1703 1909 Θεοῦ
1734 1852 1882 1918 Υἱὸς,

2004 1839 2164 1905 Dens,
2192 1848 2246 1896 et
2295 1839 2387 1895 Dei
2429 1840 2634 1906 Filius,
2686 1847 3040 1910 permanente
3083 1839 3404 1908 impassibili
3459 1840 3574 1894 snt-.1

303 1951 396 2022 τῆς
437 1951 697 2024 ϐιότητος
723 1951 890 2006 αὐτοῦ
925 1951 1173 2017 ἀπαθοῦς
1205 1951 1492 2024 μεινάσης.
1527 1946 1638 2002 Καὶ
1683 1945 1882 2000 ἐθέωσε

303 2046 398 2116 τὴν
432 2043 602 2098 αὐτοῦ
635 2045 814 2118 σάρκα
868 2043 1194 2115 ἀσυγχύτως
1239 2043 1332 2099 καὶ
1358 2041 1640 2112 ἀνρύρτως,
1669 2039 1697 2092 6
1722 2035 1888 2099 αὐτὸς

305 2134 681 2206 περιγραπτδς
709 2135 805 2189 καὶ
833 2137 1272 2208 ἁπερίγραπτος.

373 2248 632 2312 Ἐκθεσις
683 2249 982 2318 οεολογίας,
1032 2249 1102 2322 ἢν
1145 2247 1362 2320 ἐμυήθη
1402 2249 1432 2300 6
1465 2243 1886 2317 Θαυματουργδς

302 2339 606 2412 Γρηγόριος
645 2341 796 2410 παρά
835 2342 938 2410 τῆς
975 2340 1264 2410 δεσποίνης
1309 2340 1465 2409 ἡμῶν
1491 2337 1756 2391 Θεοτόκου
1783 2335 1882 2390 καὶ

302 2429 386 2484 ἀεὶ
419 2431 706 2502 Παρθένου
746 2430 985 2500 Μαρίας,
1036 2428 1258 2484 καὶτοῦ
1291 2428 1450 2498 ἁγίου
1493 2428 1743 2483 Ἰωάννου
1790 2424 1889 2480 τοῦ

303 2524 570 2594 Θεολόγου
601 2523 694 2578 καὶ
732 2521 1147 2592 εὐαγγελιστοῦ.

370 2627 466 2696 Εἷς
498 2631 659 2696 Θεὸς,
699 2633 890 2704 Πατὴρ
931 2631 1110 2700 Λόγου
1154 2630 1380 2696 ζῶντος,
1415 2630 1609 2699 σοφίας
1637 2627 1888 2700 ὑφεστώ-

303 2741 423 2795 σης,
456 2725 557 2778 καὶ
589 2724 898 2794 δυνάμεως,
930 2723 1026 2778 καὶ
1057 2724 1410 2794 χαρακτῆρος
1439 2722 1614 2776 ἀϊδίου
1640 2737 1653 2752 ο
1683 2721 1890 2786 τέλειος

303 2816 512 2870 τελείου
548 2816 853 2886 γεννήτωρ,
884 2813 1072 2886 Πατὴρ
1108 2813 1238 2868 Υίοῦ
1275 2812 1619 2884 μονογενοῦς.
1650 2811 1745 2878 Εἷς
1778 2813 1890 2868 K6-

306 2925 438 2978 ριος,
475 2907 642 2978 μόνος
671 2909 735 2961 ὲκ
771 2905 958 2977 μόνου,
989 2907 1119 2968 Θεὸς
1146 2905 1261 2978 [ἐκ]
1279 2905 1438 2960 Θεοῦ.
1472 2906 1778 2978 Χαρακτὴρ
1797 2907 1893 2961 καὶ

305 2999 472 3054 εἰκὼν
491 2998 787 3068 Θεότητος,
810 2997 984 3066 Λόγος
1009 2999 1263 3070 ἐνεργὴς,
1295 2998 1468 3067 Σοφία
1498 2997 1600 3066 τῆς
1620 2997 1728 3052 τῶν
1755 2997 1893 3052 ὅλων

308 3093 622 3154 συστάσεως
645 3089 991 3162 περιεκτικὴ,
1016 3091 1111 3144 καὶ
1133 3090 1363 3160 δύναμις
1383 3089 1482 3157 τῆς
1507 3089 1636 3162 ὅλης
1660 3091 1894 3156 κτίσεως

306 3184 595 3255 ποιητική.
627 3183 760 3246 Υἱὸς
783 3181 1034 3250 ἀληθινὸς
1072 3181 1331 3252 ἀληθινοῦ
1374 3181 1628 3252 Πατρός*
1661 3181 1893 3254 ἀόρατος
1919 3220 1962 3280 C

305 3276 569 3345 ἀοράτου,
602 3275 696 3329 καὶ
723 3274 1002 3344 ἄφθαρτος
1031 3274 1337 3346 ἀφθάρτου,
1377 3273 1644 3338 ἀθάνατος
1685 3275 1891 3329 eam.

304 3383 419 3429 του,
465 3368 568 3422 καὶ
604 3367 774 3429 ἀΐδιος
806 3366 1002 3419 ἀϊδίου.
1053 3366 1148 3418 Ἐν
1182 3365 1407 3436 Πνεῦμα
1433 3365 1608 3436 ἅγιον,
1648 3369 1713 3420 ἐκ
1756 3366 1894 3422 Θεοῦ

306 3459 402 3528 τὴν
431 3457 674 3528 ὕπαρξιν
704 3457 846 3527 ἔχον,
879 3457 972 3510 καὶ
994 3457 1082 3511 διὰ
1110 3457 1240 3509 Υίοῦ
1267 3458 1528 3532 πεφηνὸς,
1561 3457 1761 3529 δηλαδὴ
1784 3461 1896 3522 τοῖς

307 3548 646 3620 ἀνθρώποις,
674 3548 839 3602 εἰκὼν
866 3548 962 3602 τοῦ
991 3549 1123 3602 Υίοῦ
1153 3549 1594 3616 τελείουιτελεία,
1621 3549 1734 3622 ζωὴ
1761 3550 1898 3615 ζῶν·

305 3659 412 3696 των
441 3644 602 3696 αίτὲα
624 3657 638 3672 °
668 3641 891 3712 ἀγιότης
923 3642 1198 3712 ἁγιασμοῦ
1235 3643 1494 3714 χορηγός.
1537 3643 1627 3696 Ἐν
1656 3635 1701 3712 ᾧ
1728 3659 1895 3711 φανε-

312 3731 503 3799 ροῦται
535 3729 668 3794 Θεὸς
696 3731 725 3782 6
760 3729 1024 3802 Πατὴρ,.ὁ
1045 3731 1136 3784 ἐπὶ
1163 3733 1378 3785 πάντων
1409 3730 1503 3784 καὶ
1528 3733 1584 3784 ἐν
1607 3732 1772 3784 πᾶσιο
1804 3733 1897 3784 καὶ

307 3823 438 3885 Θεος
465 3823 497 3874 6
533 3819 687 3882 Υίδς,
725 3823 753 3874 ὁ
784 3821 873 3874 διὰ
907 3821 1146 3876 πάντων.
1187 3822 1360 3893 Τριὰς
1387 3821 1594 3889 τελεία,
1625 3821 1776 3896 δόξῃ,
1801 3824 1898 3876 καὶ

307 3913 595 3982 ἀῖδιότητι,
637 3912 734 3966 καὶ
777 3913 1046 3986 βασιλείᾳ,
1099 3897 1174 3984 [fr]
1221 3915 1577 3985 μεριζομὲνη,
1614 3914 1749 3985 μηδὲ
1793 3917 1897 3968 ἀπ-

309 4005 766 4078 αλλοτριουμὲνη.
799 4004 937 4058 Οῦτε
973 4002 1065 4062 οὖν
1107 4005 1324 4060 κτιστόν
1352 4023 1426 4072 τι,
1471 4005 1504 4076 ἢ
1531 4005 1720 4059 δοῦλον
1747 4007 1806 4060 ὲν
1829 4009 1896 4076 τῇ

313 4097 532 4168 Τριάδι,
567 4089 690 4149 οὐδὲ
727 4097 1072 4159 ἐπείσακτον,
1107 4096 1182 4160 ὡς
1213 4097 1476 4168 πρότερον
1522 4096 1624 4168 μὲν
1661 4097 1759 4168 οὐχ
1795 4099 1899 4150 ῦπ-

305 4190 502 4259 ἀρχον,
553 4187 780 4259 ὕστερον
842 4189 900 4242 δὲ
956 4187 1289 4243 ὲπεισελΟόν.
1330 4187 1470 4241 Οὔτε
1522 4187 1632 4260 γάρ
1681 4188 1896 4242 ἐνέλιπε

312 4297 442 4334 ποτε
501 4279 532 4331 6
585 4278 714 4342 Υἱὸς
773 4279 971 4350 Πατρὶ,
1019 4277 1142 4332 οὔτε
1191 4277 1270 4348 τῷ
1304 4277 1417 4347 Υίῷ
1466 4276 1713 4348 Πνεῦμα.
1757 4277 1896 4332 Οῦτε

311 4368 529 4440 ηὐξήθη
581 4367 750 4438 μονάς
801 4369 882 4432 είς
927 4367 1092 4422 δυάδα
1158 4367 1260 4439 (8),
1320 4368 1352 4438 ἦ
1409 4367 1540 4430 δυάς
1602 4368 1682 4431 είς
1731 4369 1897 4440 Τριά-

309 4461 408 4514 δα’
453 4459 574 4514 ἀλλ’
615 4458 908 4529 ἄτρεπτος,
953 4461 1047 4514 καὶ
1078 4459 1458 4526 ἀναλλοίωτος,
1493 4461 1527 4530 ὴ
1561 4456 1700 4530 αὐτὴ
1725 4461 1897 4529 Τριὰς

313 4553 421 4610 ἀεί.

1989 1934 2229 2004 ejusdem
2302 1931 2587 1989 divinitate
2641 1950 2656 1999 ;
2703 1932 3085 2001 deiﬁcavitque
3133 1947 3290 1987 suam
3353 1947 3576 1987 carnem

1988 2025 2288 2090 inconfnse,
2345 2035 2397 2080 et
2433 2041 2536 2079 non
2575 2025 2880 2094 immistim,
2922 2025 3040 2096 ipse
3092 2024 3572 2094 circumscriptus,

1988 2125 2043 2172 et
2072 2116 2598 2187 incircumscriptus.

2061 2232 2346 2303 Expositio
2389 2232 2500 2304 (ll)
2562 2232 2900 2304 Theologiae,
2955 2247 3120 2305 quam
3183 2233 3412 2290 edoctus
3475 2233 3580 2288 fuit

1987 2324 2290 2396 Gregorius
2320 2324 2772 2396 Thaumaturgns
2807 2341 2836 2380 a
2874 2325 3098 2380 domina
3127 2334 3312 2382 nostra
3345 2326 3583 2394 Deipara

1989 2431 2309 2488 semperque
2325 2415 2547 2488 Virgine
2567 2417 2763 2485 Maria,
2786 2424 2842 2472 et
2859 2415 3278 2474 sanctoJoanne
3295 2415 3578 2487 Theologn

1989 2517 2044 2564 et
2077 2510 2444 2580 evangelista.
3188 2521 3192 2524 ·

2062 2621 2174 2692 (19)
2209 2620 2363 2686 Unus
2391 2621 2560 2687 Deus,
2585 2623 2746 2678 Pater
2790 2623 2950 2679 Verbi
2987 2623 3243 2690 viventis,
3296 2621 3581 2692 sapientiai

1991 2715 2352 2771 subsistentis
2383 2724 2439 2770 et
2473 2717 2731 2786 potentiae
2761 2723 2816 2771 et
2843 2715 3179 2772 cltaracteris
3213 2716 3532 2786 sempiterni
3563 2733 3578 2770 ι

1991 2807 2266 2880 perfectus
2319 2807 2547 2879 perfecti
2595 2810 2830 2880 genitor,
2880 2810 3046 2864 Pater
3096 2808 3216 2864 Filii
3281 2809 3578 2880 unigettili.

1994 2900 2147 2958 Unus
2179 2899 2466 2966 Dominus,
2495 2902 2649 2960 solus
2680 2918 2747 2957 ex
2778 2903 2920 2966 solo,
2965 2901 3109 2957 Deus
3156 2901 3225 2956 de
3271 2901 3402 2956 Deo.
3436 2900 3584 2955 Cha-

1994 3002 2174 3048 racter
2202 3003 2255 3048 et
2295 2994 2478 3064 imago
2521 2993 2773 3059 Deitatis,
2811 2993 3053 3050 Verbum
3093 2995 3307 3050 efﬁcax.
3351 2994 3587 3062 Sapien-

1995 3086 2074 3141 tia
2109 3085 2527 3140 constitutionis
2559 3101 2745 3142 rerum
2800 3087 3188 3142 universarum
3221 3087 3583 3156 comprehen-

1996 3179 2146 3232 siva:
2180 3185 2234 3232 et
2270 3177 2446 3232 virtus
2475 3186 2638 3247 atque
2691 3178 2931 3248 potentia
2983 3179 3257 3234 universa:
3315 3192 3586 3235 creaturae

1995 3270 2266 3326 eﬂectiva.
2301 3269 2472 3324 Filius
2505 3284 2668 3324 verus
2703 3269 2817 3324 veri
2844 3269 3068 3339 Patris;
3111 3271 3430 3335 invisibilir,
3463 3272 3585 3339 ejm

1995 3359 2092 3430 qui
2141 3369 2227 3415 est
2262 3358 2600 3426 invisibilis;
2649 3370 2702 3415 et
2743 3360 3208 3430 ineorruptibilis,
3242 3363 3583 3432 corruptioui

1996 3467 2106 3508 non
2130 3452 2354 3508 obnoxii
2383 3469 2396 3516 ;
2430 3467 2495 3506 ac
2515 3451 2868 3520 immortalis,
2905 3453 3099 3508 mortis
3117 3469 3348 3524 prorsus
3379 3455 3583 3520 nescii;

1997 3553 2052 3598 et
2125 3545 2518 3614 sempiternus,
2600 3544 2943 3615 sempiterni.
3025 3543 3290 3618 Unusqne
3347 3545 3588 3616 Spiritus

1997 3646 2224 3692 sanctus
2267 3652 2332 3690 ex
2373 3635 2485 3690 Deo
2512 3637 2894 3692 exsistentiam
2937 3637 3181 3705 habens;
3231 3648 3286 3694 et
3343 3639 3436 3708 qui
3493 3653 3587 3708 per

1997 3728 2198 3782 Filium
2239 3728 2516 3799 apparuit,
2553 3729 2766 3785 scilicet
2831 3731 3164 3800 hominibus,
3222 3732 3405 3804 imago
3461 3731 3588 3786 Filii

1997 3819 2222 3890 perfecti
2266 3818 2526 3890 perfecta,
2562 3820 2676 3877 vita
2721 3821 3022 3878 viventium
3060 3838 3250 3887 causa,
3315 3824 3584 3878 sanctitas

1999 3913 2455 3970 sanctiﬁcationis
2490 3914 2916 3984 suppeditati-ix,
2958 3915 3014 3970 in
3048 3931 3160 3987 quo
3201 3915 3585 3972 manifestatur

1999 4003 2146 4058 Deus
2195 4003 2375 4068 Pater,
2413 4005 2508 4074 qui
2557 4020 2726 4075 super
2760 4007 2946 4062 omnia
2975 4015 3079 4073 est,
3118 4007 3252 4062 etin
3283 4009 3584 4064 omnibus:

1998 4105 2053 4151 et
2078 4095 2221 4151 Deus
2249 4094 2442 4161 Filius,
2471 4097 2564 4166 qui
2591 4112 2690 4166 per
2712 4098 2899 4153 omnia
2919 4108 3022 4154 est.
3050 4098 3296 4156 Trinitas
3318 4099 3584 4169 perfecta,

1998 4205 2122 4260 qua:
2144 4188 2339 4259 gloria,
2376 4196 2430 4242 et
2462 4187 2786 4254 aeternitate,
2820 4205 2886 4244 ac
2925 4205 3117 4262 regno,
3149 4199 3316 4260 atque
3353 4191 3590 4260 imperio

2000 4297 2109 4336 non
2137 4280 2422 4348 dividitur,
2443 4289 2608 4351 atque
2629 4281 2992 4337 abalienatur.
3027 4281 3144 4337 Non
3159 4283 3328 4354 igitur
3343 4295 3586 4339 creatum

1997 4371 2158 4442 quid,
2190 4381 2285 4426 aut
2307 4387 2526 4427 servum
2559 4373 2614 4426 in
2647 4369 2939 4435 Trinitate,
2969 4388 3148 4442 neque
3180 4373 3586 4443 super-inducti-

1997 4481 2158 4523 vum.
2197 4461 2425 4532 aliquid,
2462 4473 2517 4518 et
2555 4462 2938 4530 adventitium,
2967 4465 3127 4534 quasi
3167 4465 3322 4534 prius
3359 4481 3466 4520 non
3491 4480 3590 4520 ex-

2007 4555 2233 4620 sistens,
2273 4555 2550 4626 posterius
2584 4571 2714 4612 vero
2743 4556 3064 4613 adveniens.
3099 4555 3218 4612 Non
3247 4570 3380 4628 ergo
3404 4554 3581 4611 defuit

315 4658 564 4716 unquam
591 4643 765 4700 Filius
786 4645 974 4700 Patri:
1010 4659 1186 4714 neque
1209 4641 1348 4698 Filio
1375 4642 1611 4713 Spiritus
1630 4653 1892 4699 sanctus:
1933 4661 2110 4716 neque
2169 4655 2333 4724 aucta
2405 4657 2492 4702 est
2558 4649 2800 4718 unquam
2837 4649 3020 4704 unitas
3063 4648 3120 4704 in
3151 4647 3435 4712 dualitate,
3486 4653 3584 4702 aut

316 4741 556 4798 dualitas
588 4742 641 4796 in
683 4739 988 4808 Trinitate;
1020 4741 1113 4796 sed
1158 4741 1515 4794 immutabilis
1553 4750 1608 4794 et
1645 4739 1987 4800 invariabilis
2009 4743 2200 4800 eadem
2227 4759 2444 4813 semper
2477 4754 2660 4799 manet
2691 4741 2954 4800 Trinitas.

398 4833 618 4898 ἰο-τέω,
645 4836 727 4890 ὅτι
770 4833 954 4902 φύσις,
987 4833 1082 4887 καὶ
1123 4835 1332 4905 μορφὴ,
1376 4833 1470 4886 καὶ
1498 4831 1679 4896 οὐσία,
1711 4831 1771 4886 ἒν
1800 4833 1892 4887 καὶ

2077 4835 2394 4899 Sciendum,
2436 4835 2580 4904 quod
2604 4843 2820 4898 natura,
2851 4833 3048 4897 forma,
3071 4839 3126 4886 et
3149 4831 3384 4888 essentia
3415 4847 3582 4886 unum

311 4927 513 4983 ταύτόν
543 4929 715 4982 ἐστιν.
755 4925 1084 4990 Ὑπόστασις
1112 4925 1169 4978 δὲ
1204 4926 1296 4979 καὶ
1331 4925 1620 4996 πρόσωπον
1646 4924 1741 4978 καὶ
1772 4924 1898 4978 ἄτο-

315 5037 443 5092 μον,
471 5021 565 5075 καὶ
589 5020 902 5092 χαρακτὴρ,
939 5019 997 5073 ἓν
1025 5019 1120 5072 καὶ
1153 5016 1352 5070 ταύτόν
1373 5016 1504 5070 είσι.

387 5111 502 5180 Τὴν
527 5111 584 5164 δὲ
612 5111 772 5179 ἁγίαν
794 5112 1014 5180 Μαρίαν
1036 5108 1134 5180 τὴν
1152 5108 1245 5162 τὸν
1270 5106 1475 5178 Κύριον
1496 5109 1530 5177 ἡ
1539 5105 1657 5176 μῶν
1690 5105 1897 5176 Ἰησοῦν

314 5199 553 5272 Χριστὸν
597 5201 939 5270 γεννήσασαν
987 5197 1404 5270 προσκυνοῦμεν
1455 5195 1553 5248 καὶ
1603 5193 1894 5264 σεϐόμεθα,

386 5357 464 5426 (8)
490 5338 640 5413 Ἠεεο
691 5356 877 5422 verba,
906 5354 1032 5410 οῦτε
1078 5353 1294 5424 ηὐξήθη
1335 5353 1504 5426 μονάς
1536 5355 1645 5426 θείς
1697 5353 1888 5426 δυάδα,

315 5423 454 5498 quae
486 5437 614 5482 sunt
654 5427 710 5482 in
745 5425 966 5492 Codice,
1003 5423 1216 5481 desunt
1243 5423 1384 5494 apud
1451 5423 1730 5479 Labbeum
1773 5425 1894 5478 loco

313 5497 573 5551 excitato.

387 5567 466 5635 (9)
481 5566 702 5622 Canter.
723 5564 954 5620 Tertull.
983 5565 1079 5620 lib.
1100 5563 1177 5619 De
1210 5563 1506 5634 prescript.
1541 5561 1744 5618 Marcio
1769 5562 1898 5634 plu-

316 5651 405 5689 res
442 5637 756 5704 indulgebat
785 5635 1112 5705 baptismos.

390 5705 508 5772 (10)
533 5702 897 5776 Valentiniani
916 5705 1102 5776 carinis
1122 5703 1576 5776 resurrectionem
1600 5702 1893 5776 negabant.

318 5773 647 5830 Damascen.
681 5777 812 5830 hair.
833 5775 921 5829 51.
961 5773 1086 5830 Vici.
1112 5783 1166 5830 et
1191 5776 1320 5830 hair.
1351 5775 1441 5838 54,
1473 5776 1564 5828 56.

389 5843 507 5915 (ll)
541 5844 760 5904 Titulus
790 5846 870 5902 sic
922 5846 1083 5902 habet
1129 5845 1184 5901 in
1239 5846 1427 5901 codice
1483 5843 1894 5910 Richardiano;

2004 4935 2059 4982 et
2091 4927 2232 4983 idem
2258 4935 2380 4981 est:
2437 4924 2769 4996 hypostasis,
2811 4936 3074 4994 persona,
3116 4923 3486 4990 individuum,
3529 4931 3585 4977 et

2005 5018 2288 5073 character
2321 5033 2488 5071 unum
2509 5025 2566 5070 et
2588 5017 2729 5071 idem
2755 5025 2906 5072 sunt.

2074 5109 2330 5164 Sanctam
2364 5124 2496 5164 vero
2525 5108 2770 5174 Mariam,
2803 5124 2924 5180 qua:
2952 5111 3138 5180 genuit
3164 5107 3456 5164 Dominum
3489 5122 3589 5161 no-

2005 5206 2180 5252 strum
2239 5195 2425 5253 Iesum
2493 5197 2799 5264 Christum,
2865 5199 3158 5256 adoramus
3209 5209 3264 5256 et
3326 5200 3582 5264 colimus,

2001 5355 2094 5427 sed
2119 5354 2172 5427 in
2205 5354 2458 5427 Conciliis
2503 5354 2698 5411 Labbei
2734 5365 2890 5427 tom.
2913 5354 2966 5427 ,1,
2997 5371 3119 5427 pag.
3167 5356 3287 5417 865,
3336 5357 3534 5426 legitur
3565 5375 3578 5411 :

2003 5425 2531 5498 'Eztesctgjtiavewc
2550 5427 2690 5498 κατὰ
2723 5425 3428 5498 ἀποκάλυψινίΓρηγορίου
3461 5431 3576 5498 Enr.-

2003 5495 2211 5548 σκόπου
2242 5496 2698 5566 Νεοκαισαρείας.
2729 5496 3006 5620 Expositio
3040 5495 3354 5567 ﬁdei'juxt'a
3387 5497 3583 5552 revela-

2004 5564 2202 5620 tionem
2232 5564 2474 5620 (ἕτεροι-ξε
2503 5566 2736 5620 enisconf
2828 5582 3157 5620 eocmarew.

2004 5564 2202 5622 tionem
2226 5564 2474 5636 gregarii
2503 5564 2736 5636 episcopi
2761 5564 3157 5636 ﬂeocrgsarew.

2081 5635 2194 5722 (ιε)
2226 5633 2360 5722 γῆςίέ
2381 5633 2727 5722 Fabricium,
2749 5635 2892 5722 βίω.
2917 5634 3010 5722 σς.
3041 5637 3254 5722 Itum-1V,
3286 5652 3412 5722 pag.
3454 5637 3580 5694 9.59.

2005 5705 2331 5832 gersip/nem
2381 5705 2546 5778 hujus
2578 5707 2925 5778 apocalypsis
2952 5707 3098 5764 dedit
3149 5705 3450 5764 Becu’ccius
3509 5723 3575 5762 ex

2051 5792 2132 5832 er.
2216 5790 2388 5831 ossae.

2051 5792 2132 5836 er.
2176 5790 2388 5831 VOSSIO.
