3930 6372
473 330 613 392 1243
1574 342 2105 406 PANTALEONIS
2143 342 2458 404 DIACON’I
2497 345 2605 404 CF.
2685 415 2693 423 _
3593 346 3750 412 12ίῶ

459 442 570 498 (ἷΡ.
602 444 831 510 vixisse,
860 443 943 498 sie
991 443 1184 501 oﬂiciis
1211 455 1264 502 et
1304 449 1616 507 rationibus
1669 454 1982 511 distinctos.
2039 455 2265 510 Diaconi
2329 464 2568 520 exstant,
2607 455 2660 509 in
2700 462 2890 511 sancta
2928 454 3134 511 lumina
3173 455 3249 528 (id
3275 463 3382 522 est,
3414 455 3482 514 de
3505 457 3750 515 Christ»

458 534 693 588 Domino
719 544 774 590 et
808 535 1020 592 Joanne
1045 577 1062 603 ,
1096 539 1150 592 iu
1199 538 1342 594 festo
1377 541 1856 614 Epiphaniorum),
1905 547 1958 602 in
2015 547 2355 604 Dominicam
2413 546 3008 619 Transﬂgurationem,
3057 547 3358 605 Sermones
3413 550 3548 618 duo,
3581 567 3748 622 quos

461 627 700 695 primum
732 629 970 696 produxi
1003 629 1058 684 in
1083 629 1346 687 Auctario
1375 648 1439 688 ex
1479 633 1615 706 Reg.
1662 637 1824 702 cod.;
1879 639 1971 694 sed
2015 648 2205 710 postea
2263 641 2470 695 adverti
2511 640 2566 695 in
2617 640 2806 697 codice
2846 639 2968 698 Em.
3000 641 3150 696 card.
3181 641 3318 696 Μαι.
3351 643 3588 698 alterum
3621 645 3739 699 tri-

462 717 554 772 hui
583 717 810 788 (Iyrillo,
836 720 1065 791 jamque
1107 723 1245 794 stylo
1274 739 1382 778 non
1415 725 1552 779 satis
1604 729 1923 794 convenire,
1983 731 2329 801 alterumque
2388 732 2563 786 altero
2625 732 3016 801 elegantiorem
3079 747 3423 790 monueram.
3456 732 3758 791 Laudatio

459 812 636 866 sancti
665 811 946 871 Michaelis
969 817 1316 887 Archangeli,
1348 819 1494 888 apud
1529 818 1894 889 Lipoutanutn
1933 832 1988 879 et
2013 825 2234 878 Satrium
2263 867 2278 889 ,
2298 825 2387 880 cui
2439 833 2495 880 et
2527 828 2771 884 narratio
2799 826 2866 882 de
2893 827 3174 882 miraculis
3201 827 3449 898 ejusdem
3474 833 3744 882 annecti-

459 908 572 956 tur.
605 905 699 958 Ait
735 903 1091 970 Posseviuus,
1117 919 1335 966 exstare
1376 913 1522 968 illius
1548 912 1654 968 (ΞΡ.
1689 914 1920 972 festivos
1973 917 2272 972 Sermones
2293 933 2355 972 ac
2390 917 2656 973 llomilias
2680 919 2732 974 in
2767 919 2886 976 dies
2921 917 3090 975 festos
3119 931 3172 974 et
3203 919 3522 974 Dominicas
3554 920 3744 975 totius

673 1009 841 1064 penes
872 1013 1036 1068 quem
1074 999 1227 1057 lides.
1278 1001 1387 1057 Leo
1433 1002 1671 1062 Allatius
1725 1007 1878 1062 nulla
1926 1009 2032 1064 alia
2081 1025 2251 1080 quam
2273 1026 2397 1081 qua:
2427 1011 2680 1065 recensui
2715 1009 2850 1083 (imo
2877 1025 2979 1066 nec
3009 1012 3216 1084 omnia)
3254 1011 3309 1065 in
3348 1010 3612 1076 Romanis
3633 1025 3744 1067 co-

503 1103 578 1143 lCl
620 1104 686 1144 us
712 1090 944 1144 invenit.

503 1090 686 1146 icibus
712 1090 944 1148 invenit.

466 1225 2455 1252 Μ

1617 1401 2570 1532 OBATIONES.

1241 1797 1284 1854 1.
2086 1804 2133 1861 Α
2915 1801 2992 1856 Δ’.

463 1884 832 1942 Pautaleoutis
873 1901 1080 1956 magna:
1119 1885 1211 1941 Dei
1246 1887 1495 1942 Ecrlesia:
1519 1887 1764 1956 Diaconi,
1796 1885 1860 1938 de
1883 1884 2050 1939 lueti-

533 1959 688 2010 m’bus
719 1959 920 2011 sanctis
951 1955 1027 2025 (id
1058 1965 1158 2016 est.
1193 1959 1256 2012 d‘e
1297 1959 1522 2012 Domino
1549 1955 1762 2014 Christo
1785 1967 1834 2010 et
1862 1966 2049 2009 sancto

530 2027 738 2082 Joanne
759 2030 874 2094 eius
901 2028 1252 2099 prwcursore)
1275 2027 1483 2084 Sermo.

2155 1890 2936 1969 Hartqléorroc_6tax_drov
2989 1891 3098 1969 τῆς
3133 1895 3250 1969 ,τοᾷ
3285 1895 3746 1969 98011118me

2345 1965 2728 2032 Ὲκκλησιίις,
2757 1963 2938 2033 λόγος
2968 1967 3058 2029 εις
3087 1966 3158 2019 τὰ
3191 1965 3330 2036 ἅγια
3363 1963 3552 2036 φῶτας

1309 2143 1331 2212 (
1350 2141 1874 2216 ουοιευεβιῳριεηι.
1915 2142 1985 2196 ad
2017 2141 2043 2194 b

2153 2139 2387 2194 othecam
2426 2098 2672 2198 i’atrum.
2716 2149 2756 2196 t.
2791 2157 2863 2210 ll,.
2887 2157 2942 2214 p.
2978 2142 3131 2215 ΗΞ.)

531 2253 663 2319 Quae
694 2253 819 2307 festi
847 2253 1010 2324 huius
1039 2262 1123 2308 est
1159 2254 1362 2326 gratia,
1391 2253 1530 2308 nihil
1581 2261 1713 2324 puto
1768 2253 2043 2308 sermonis

459 2359 581 2398 eam
639 2345 930 2413 Splendore
979 2344 1245 2415 indigere.
1287 2345 1448 2406 ()mui
1510 2345 1711 2415 quippe
1773 2343 2043 2399 orationis

459 2437 728 2504 elegantia
777 2450 900 2504 quae
955 2436 1008 2490 in
1062 2435 1476 2504 praesentiarum
1540 2443 1841 2489 tractamus
1918 2433 2042 2504 pul-

459 2527 675 2580 chriora
713 2535 860 2592 sunt,
891 2542 991 2582 nec
1029 2543 1212 2581 Sermo
1244 2527 1388 2581 ullus
1413 2537 1522 2580 tatu
1571 2535 1831 2582 venustus
1878 2533 2044 2596 atque

458 2630 648 2674 nostra
681 2621 794 2674 haec
822 2636 915 2688 per
938 2635 998 2676 se
1021 2628 1104 2675 est
1126 2619 1439 2690 pauegyris.
1468 2619 1608 2684 Quid
1643 2619 1841 2674 etenim
1869 2618 2043 2690 possit

459 2721 729 2780 praesente
763 2721 949 2766 nostra
1012 2711 1356 2765 solemnitate
1417 2725 1539 2766 esse
1570 2709 1928 2778 splendidius,
1973 2708 2040 2762 ad

459 2817 624 2871 quam
649 2809 702 2854 et
721 2802 963 2856 coelestia
985 2801 1052 2855 ad
1082 2801 1468 2856 celebrandum
1498 2815 1670 2871 regna
1689 2799 2050 2863 conveniunt,

463 2893 532 2946 ad
569 2909 690 2960 quae
719 2893 864 2962 regis
895 2893 1129 2963 desuper
1159 2893 1380 2948 animus
1427 2908 1647 2962 quoque
1701 2890 1956 2955 accessit,
1987 2890 2043 2945 in

464 2999 573 3052 qua
637 2993 696 3037 et
761 2984 1142 3038 terricolarum
1207 2998 1326 3050 rex,
1367 2982 1687 3038 abscondito
1737 2981 2046 3036 diademate

465 3088 592 3128 cum
653 3077 856 3145 populo
909 3085 1308 3142 conversatur;
1367 3075 1476 3130 imo
1523 3075 1616 3145 qui
1657 3073 1916 3128 dominus
1964 3082 2050 3126 est

467 3168 737 3235 universi,
772 3168 1028 3224 Christus
1055 3169 1121 3224 ad
1153 3169 1427 3241 captivum
1455 3167 1762 3222 ducendum
1787 3165 2045 3220 Satanam

465 3261 742 3332 delapsuz,
791 3270 934 3316 tecta
967 3277 1064 3331 per
1106 3261 1401 3316 humanam
1449 3261 1688 3330 speciem
1745 3259 2049 3314 divinitatis
2083 3299 2122 3352 Β

465 3369 582 3409 sua:
612 3355 916 3422 majestate,
947 3368 1070 3408 eum
1131 3353 1332 3424 populo
1381 3350 1613 3406 Judaico
1663 3351 1958 3416 eohabitat,
1997 3361 2050 3404 et

465 3447 720 3516 baptismi
753 3463 810 3502 se
839 3446 959 3500 usui
994 3445 1296 3512 submittit,
1335 3460 1459 3500 eum
1495 3446 1608 3514 ipse
1631 3445 1700 3499 sit
1722 3443 2048 3513 baptizautis

467 3537 780 3608 baptisma?
828 3538 894 3593 Et
941 3538 1018 3603 fit,
1080 3539 1219 3593 sicut
1276 3537 1409 3592 foris
1461 3547 1704 3606 apparet,
1769 3535 2047 3590 hominum

466 3647 630 3685 unus.
663 3631 872 3700 Regum
907 3641 989 3685 est
1025 3640 1248 3686 secutus
1278 3630 1754 3694 cmxsuetudiuem,
1791 3631 1882 3700 qui
1917 3630 2045 3682 dum

467 3723 662 3790 praedm
698 3722 1052 3787 insidiantur,
1093 3722 1338 3791 deposita
1371 3723 1517 3793 regia
1551 3723 1852 3792 majestate,
1899 3722 2046 3774 mili-

473 3813 580 3866 tari
607 3828 666 3867 se
698 3813 885 3867 habitu
919 3813 1216 3878 amiciunt;
1263 3814 1344 3869 sic
1389 3813 1629 3868 uuivarsi
1684 3830 1902 3883 quoque
1954 3829 2048 3867 rex

467 3904 720 3958 Christus
773 3906 839 3958 ad
890 3901 1204 3960 venandum
1259 3905 1517 3960 Satanam
1557 3907 1852 3968 accedens,
1885 3915 1939 3960 et
1979 3907 2047 3960 ad

467 3994 784 4048 conﬂictum
819 3995 989 4050 feram
1023 3997 1280 4062 incitans,
1336 3997 1652 4051 abscondita
1678 4013 1798 4066 qua:
1857 4013 1884 4051 a
1918 4013 2050 4052 cou-

467 4102 659 4154 gressu
723 4087 952 4142 bestiam
1010 4089 1328 4154 deterreret,
1385 4088 1674 4142 divinitate
1725 4105 1823 4144 sua
1879 4089 2050 4158 (haud

465 4179 610 4232 enim
651 4179 696 4233 si
737 4179 958 4247 quidem
991 4181 1363 4250 cognovisset,
1391 4181 1733 4247 accessisset)
1775 4179 2045 4233 inlirmam

466 4272 707 4326 ostendit
735 4271 1094 4327 humanitatis
1122 4283 1396 4336 naturam,
1431 4288 1526 4342 per
1550 4287 1713 4342 quam
1744 4274 1898 4342 quasi
1921 4288 2044 4326 cum

468 4362 743 4415 imbecillo
778 4372 830 4416 et.
862 4371 1022 4431 captu
1065 4361 1212 4418 facili
1249 4377 1634 4432 congressuro,
1667 4364 1738 4414 in
1789 4344 2044 4428 laqueum

470 4451 752 4507 incideret.
811 4451 915 4506 Sed
977 4453 1080 4507 hoc
1147 4452 1528 4507 dissimulandi
1599 4451 1838 4507 studium
1899 4449 2047 4505 haud

464 4539 735 4596 Joannem
768 4541 950 4608 latuit,
1009 4541 1248 4610 Spiritus
1283 4542 1330 4596 ei
1373 4541 1546 4611 gratia
1578 4539 1956 4595 absconditam
1993 4539 2048 4592 in

2215 2251 2328 2322 Τὴν
2358 2251 2460 2320 τῆς
2490 2253 2852 2324 πανηγύρεως
2879 2252 3062 2325 χάριν,
3097 2254 3199 2324 τῆς
3239 2254 3360 2309 ἀπὸ
3395 2255 3503 2310 τῶν
3553 2256 3752 2327 λόγων

2143 2341 2256 2410 ὁρῶ
2288 2342 2365 2413 μὴ
2394 2343 2654 2414 δεομένην
2679 2343 3086 2416 λαμπρότητος.
3125 2345 3334 2410 Παντὸς
3357 2346 3472 2416 γὰρ
3499 2347 3744 2416 κάλλους

2144 2433 2318 2503 λόγων
2354 2437 2423 2490 τὰ
2451 2435 2698 2506 παρόντα
2726 2436 2952 2500 καλλίω,
2985 2439 3086 2491 καὶ
3126 2437 3286 2506 λόγος
3333 2439 3512 2505 οὐδεὶς
3557 2440 3734 2506 οὕτως

2145 2526 2378 2598 ὡραῖος,
2406 2527 2483 2590 ὡς
2509 2527 2646 2597 αὐτὴ
2698 2527 2820 2582 καθ’
2848 2529 3050 2598 ἑαυτὴν
3084 2531 3117 2600 ή
3163 2531 3493 2603 πανήγυρις,
3523 2533 3592 2585 Τί
3621 2533 3736 2605 γάρ

2147 2616 2214 2672 ἂν
2245 2619 2330 2688 εἴη
2356 2619 2455 2687 τῆς
2489 2620 2772 2690 παρούσης
2803 2619 2997 2691 ἑορτῆς
3026 2621 3360 2692 ὼραιότερον
3379 2639 3403 2689 °,
3421 2623 3514 2686 Ε’ίς
3543 2625 3612 2695 ἢν
3639 2625 3738 2678 καὶ

2145 2709 2216 2762 τὰ
2236 2709 2343 2762 τῶν
2365 2709 2630 2780 οὐρανῶν,
2649 2712 2744 2764 καὶ
2757 2709 2835 2764 τὰ
2857 2713 2955 2782 τῆς
2975 2711 3080 2780 γῆς
3109 2711 3430 2782 ἑορτάζουσι
3451 2714 3701 2785 βασίλεια
3718 2734 3736 2782 ;

2148 2801 2243 2864 El;
2272 2802 2340 2872 ἢν
2365 2803 2459 2855 καὶ
2491 2801 2698 2856 ἄνωθεν
2727 2801 2994 2872 βασιλέως
3019 2801 3194 2873 θυμὸς
3227 2803 3618 2876 ἐπεδήμησεν;
3652 2809 3742 2872 εἰς

2147 2895 2214 2966 ἣν
2242 2894 2338 2948 καὶ
2363 2893 2472 2948 τῶν
2493 2895 2756 2964 ἐπιγείων
2778 2897 2806 2948 ὁ
2835 2894 3115 2965 βασιλεὺς,
3143 2895 3465 2967 τδοδιάδημα
3491 2896 3736 2968 κρύψας,

2150 2986 2658 3058 συναναστρέφεται
2709 2985 2928 3057 δήμοις,
2958 2987 3054 3040 καῖ
3085 2988 3126 3040 ·ὁ
3151 2986 3262 3042 τῶν
3295 2987 3432 3042 ὅλων
3464 2987 3741 3060 δεσπότης

2149 3079 2386 3154 Χριστὸς
2419 3080 2499 3142 εἰς
2534 3079 2706 3150 θήραν
2736 3077 2832 3131 τοῦ
2855 3077 3104 3132 διαϐόλου
3137 3079 3608 3151 παραγενόμενος,
3639 3081 3744 3134 καὶ

2149 3173 2211 3227 τὸ
2266 3173 2366 3242 τῆς
2422 3171 2681 3243 θεότητος
2731 3172 2790 3226 ἐν
2841 3169 3160 3242 ἀνθρωπεία
3217 3173 3398 3242 μορφῇ
3452 3163 3744 3236 σκεπάσας

2150 3266 2388 3338 ἀξίωμα,
2411 3269 2524 3330 τοῖς
2552 3265 2662 3318 τῶν
2697 3263 2971 3318 Ἰουδαίων
2994 3263 3377 3344 συναυλίζεται
3401 3263 3618 3335 δήμοις,
3646 3267 3746 3318 καὶ

2153 3358 2254 3427 τὴν
2283 3355 2375 3409 τοῦ
2411 3355 2787 3426 βαπτίσματος
2817 3353 3178 3426 ὑποκρίνεται
3223 3353 3436 3424 χρείαν,
3469 3353 3638 3418 αὐτὸς
3666 3353 3753 3407 ὣντ

2153 3449 2248 3503 τοῦ
2303 3446 2661 3519 βαπτίζοντος
2711 3445 3032 3518 βάπτισμαο
3080 3445 3177 3500 καὶ
3217 3446 3449 3514 γίνεται,
3491 3446 3640 3500 κατὰ
3682 3445 3748 3498 τὸ

2156 3540 2504 3611 φαινόμενον,
2542 3537 2651 3593 τῶν
2679 3535 2984 3608 ἀνθρώπων
3014 3530 3114 3600 εἷς.
3143 3537 3254 3590 Καὶ
3283 3537 3394 3608 γὰρ
3427 3535 3755 3608 βασιλεῦσιν

2155 3634 2438 3702 ἑπόμενος,
2467 3631 2634 3702 ἡνίκα
2667 3629 2734 3684 ἂν
2763 3631 2843 3692 είς
2875 3628 3052 3700 θήραν
3077 3627 3333 3694 ἀπίωσιν,
3370 3629 3488 3682 ἀντὶ
3516 3628 3616 3697 τῆς
3646 3627 3740 3698 βα-

2157 3725 2368 3794 σιλικῆς
2421 3722 2579 3790 ἀξίας
2613 3718 3032 3791 στρατιωτικὸν
3084 3719 3462 3792 περιτίθεσθαι
3533 3719 3738 3788 σχῆμα.

2155 3816 2311 3871 Οὕτω
2340 3816 2436 3868 καὶ
2473 3816 2501 3868 ὁ
2533 3813 2642 3866 τῶν
2672 3813 2810 3866 ὅλων
2842 3811 3098 3883 βασιλεὺς
3146 3811 3401 3884 Χριστὸς,
3445 3812 3527 3874 εἰς
3565 3810 3754 3881 θήραν

2154 3900 2246 3962 τοῦ
2295 3903 2546 3962 δὶαϐόλου
2601 3905 3068 3976 παραγενόμενος,
3119 3904 3309 3959 καὶτὸ
3363 3903 3554 3975 θηρίον
3603 3903 3742 3974 πρὸς

2157 4001 2437 4071 συμϐολὴν
2467 3998 2753 4072 ἐρεθίζων,
2776 3997 2996 4069 κρύψας
3018 3996 3116 4068 τὴν
3143 3996 3438 4068 ἀπρόσιτον
3461 3994 3540 4066 τῷ
3564 3994 3754 4065 θηρίῳ-

2155 4093 2387 4162 θεότητα
2418 4090 2501 4162 (οὐ
2529 4089 2638 4162 γὰρ
2677 4088 2744 4144 ἂν
2781 4090 2940 4160 εἴπερ
2969 4087 3132 4156 ἔγνω,
3159 4084 3482 4158 προσῆλθε)⁴
3517 4084 3616 4154 τὴν
3651 4086 3742 4137 εὖ·

2153 4185 2414 4256 χείρωτον
2453 4181 2696 4236 δείκνυσι
2736 4184 2836 4252 τῆς
2873 4179 3294 4251 ἀνθρωπὸτητος
3339 4177 3523 4246 φύσιν,
3563 4176 3634 4228 ἶν’
3665 4175 3741 4239 ὡς

2133 4269 2409 4344 ἐὐλήπτῳ
2442 4271 2758 4344 προσελθὼν
2781 4271 3146 4344 περιπέσῃιτῇ
3173 4269 3335 4340 θήρᾳ.
3391 4268 3534 4322 Ἀλλ’
3562 4270 3596 4339 ή
3640 4267 3748 4336 τῆς

2155 4365 2576 4436 προσποιήσεως
2618 4364 2710 4416 τον
2749 4363 3004 4434 Ἰωάννην
3049 4363 3109 4416 ού
3145 4361 3363 4416 διέλαθε
3411 4361 3598 4432 τέχνη,
3644 4363 3742 4430 τῆς

2153 4457 2248 4510 τοῦ
2273 4455 2412 4509 Πνεύ
2422 4471 2588 4526 ματος
2615 4454 2840 4526 χάριτος
2863 4453 3014 4524 αὐτῷ
3038 4454 3136 4526 τὴν
3171 4453 3568 4526 κεκρυμμένην
3592 4455 3654 4506 ὲν
3674 4455 3739 4524 τῇ

2157 4547 2322 4620 σαρκί¹
2354 4545 2609 4617 δειξάσης
2641 4547 2890 4601 θεότητα.
2924 4547 3065 4618 Ὅρα
3107 4546 3241 4615 γοῦν
3290 4542 3378 4600 οἷα
3410 4548 3548 4620 πρὸς
3578 4549 3743 4601 αὐτὸν

467 4651 635 4688 carne
665 4634 1002 4688 divinitatem
1039 4642 1398 4689 monstrante.
1441 4633 1574 4689 Vide
1625 4635 1792 4702 igitur
1814 4635 2048 4703 qualiter

2155 4635 2384 4708 ἀναϐοᾷ·
2421 4654 2440 4689 ι
2483 4636 2624 4707 Ἐγῲ
2673 4635 2864 4706 χρείαν
2912 4635 3022 4706 ἔχω
3071 4636 3178 4690 ὑπὸ
3221 4635 3312 4689 σού
3349 4635 3742 4708 βαπτισθῆναι,

469 4728 534 4780 al
563 4741 686 4779 cum
718 4726 1024 4780 exclamet:
1091 4725 1288 4790 «Mihi,
1331 4725 1532 4795 inquit,
1597 4740 1736 4794 opus
1783 4736 1866 4778 est
1923 4732 2044 4778 uta

467 4825 520 4869 te
577 4815 839 4884 baptizer,
885 4823 940 4870 et
987 4825 1043 4870 tu
1100 4814 1254 4868 venis
1286 4813 1352 4868 ad
1405 4829 1491 4870 me
1531 4814 1638 4866 “is
1679 4812 1814 4876 Etsi,
1848 4813 2045 4883 inquit,

467 4909 569 4963 los
619 4909 810 4972 lateas,
878 4908 1010 4961 mihi
1046 4919 1226 4962 tat‘nen
1283 4906 1459 4962 factus
1484 4922 1542 4960 es
1581 4906 1856 4976 cognitus,
1923 4907 2046 4959 novi

467 5013 640 5064 tuam,
683 5017 716 5056 ο
756 5002 1010 5066 Domine,
1056 5003 1590 5057 dissimulationem:
1627 5015 1902 5067 cognosco
1957 4999 2052 5069 qui

468 5095 630 5150 iutra-
663 5107 716 5150 te
764 5095 1120 5150 absconditus
1167 5105 1270 5162 est,
1303 5095 1562 5164 quoniam
1625 5105 1771 5148 tuam
1822 5092 2051 5164 cognovi

469 5187 838 5254 maiestatem,
865 5189 994 5241 dum
1030 5187 1082 5241 in
1129 5197 1290 5242 utero
1327 5186 1508 5241 adhuc
1543 5187 1735 5240 matris
1789 5194 2056 5255 gestarer.

469 5277 724 5349 Magnum
757 5279 892 5332 mihi
930 5279 1069 5334 foret
1111 5279 1324 5334 solvere
1369 5279 1663 5349 corrigiam
1717 5278 2060 5333 calceamen-

472 5367 650 5424 tot-inn
686 5381 928 5436 tuorum,
979 5380 1036 5426 et
1088 5379 1146 5425 tu
1196 5373 1422 5426 mandas
1457 5381 1514 5426 ut
1559 5371 1839 5426 dexteram
1882 5385 2057 5424 meam

473 5462 637 5532 capiti
703 5471 796 5518 tuo
865 5464 1230 5519 admoveam?
1286 5463 1391 5518 Tui
1451 5479 1552 5536 ego
1606 5464 1731 5519 veni
1793 5463 2058 5518 adventus

473 5569 675 5626 prmo,
704 5571 810 5610 non
850 5558 1034 5612 carnis
1078 5565 1204 5625 tuae,
1235 5572 1358 5627 qua:
1398 5555 1514 5612 sine
1569 5555 1690 5611 labe
1735 5565 1790 5610 et
1837 5555 2054 5609 macula

475 5659 580 5713 est,
612 5648 1002 5704 sanetilicator.
1057 5649 1175 5705 Non
1205 5665 1305 5722 ego
1353 5665 1418 5706 ex
1471 5649 1536 5706 iis
1593 5663 1714 5704 sum
1765 5647 1860 5718 qui
1905 5653 2056 5703 tuam

549 5762 565 5795 ¹
601 5761 788 5818 Matth.
829 5779 910 5823 ιιι.
957 5763 1039 5818 Μ.

2153 4731 2247 4782 sui.
2281 4730 2344 4782 σὺ
2375 4727 2510 4800 ἔρχῃ
2540 4727 2676 4798 πρός
2700 4744 2800 4797 με;
2833 4749 2850 4779 ι
2872 4726 2992 4781 Κᾶν
3023 4726 3246 4790 τούτους
3275 4727 3570 4800 λανθάνῃς,
3596 4729 3756 4799 ἐμοὶ,

2155 4822 2310 4892 φησὶ,
2339 4822 2570 4890 γέγονας
2605 4817 2902 4886 γνώριμος.
2939 4815 3056 4872 οἶδά
3081 4835 3172 4872 σου
3205 4819 3306 4884 τὴν
3349 4819 3747 4890 προσποίησιν,

2155 4912 2423 4966 Δέσποτα.
2445 4911 2702 4982 Γνωρίζω
2721 4909 2812 4962 τὸν
2829 4909 2975 4962 ἔνδον
2999 4911 3408 4980 κεκρυμμένον,
3437 4911 3612 4980 ἔγνων
3649 4929 3744 4965 σου

2155 5003 2254 5076 τὴν
2284 5004 2442 5068 ἀξίαν
2469 5005 2528 5056 ὲν
2559 5003 2746 5074 μήτρᾳ
2775 5002 3181 5072 βασταζόμενος
3211 5003 3322 5070 ἔτι,
3351 5004 3495 5074 μέγα
3527 5021 3620 5072 μοι
3647 5004 3744 5057 καὶ

2157 5097 2215 5150 ea
2245 5095 2402 5149 λῦσαι
2432 5095 2522 5148 τὸν
2555 5095 2756 5165 ἱμάντα
2794 5093 2906 5147 τῶν
2945 5093 3310 5164 ὑποδημάτων
3348 5094 3459 5146 τῶν
3491 5093 3602 5148 σῶν
3627 5112 3640 5126 ο
3677 5097 3742 5148 ab

2154 5187 2210 5241 δὲ
2240 5188 2334 5242 καὶ
2364 5189 2430 5258 τῇ
2465 5187 2676 5258 κεφαλῇ
2719 5185 3021 5256 προσάγειν
3049 5184 3146 5256 τὴν
3175 5184 3356 5250 δεξιὰν
3401 5185 3751 5248 ἐπιτάττεις,

2152 5279 2255 5348 τῆς
2289 5279 2390 5348 σῆς
2418 5275 2583 5348 ἦλθον
2615 5277 2921 5348 παρουσίας
2953 5276 3306 5347 ἐτοιμαστὴς,
3341 5277 3440 5346 οὐχ
3467 5277 3748 5347 ἁγιαστὴς

2153 5371 2256 5442 τῆς
2311 5371 2705 5441 ἁναμαρτήτου
2759 5370 2982 5442 σαρκός.
3043 5369 3159 5423 υύκ
3204 5369 3322 5438 είμὶ
3365 5367 3479 5422 τῶν
3510 5368 3610 5438 τὴν
3643 5368 3743 5439 σὴν

2154 5463 2492 5531 ἀγνοούντων
2519 5462 2676 5528 ἀξίαν
2695 5479 2708 5494 ο
2735 5465 2800 5516 ὲκ
2824 5464 2923 5534 τῆς
2956 5461 3216 5534 μητρῴας
3241 5461 3485 5532 γαστρός
3518 5477 3578 5514 σε
3607 5460 3744 5531 μέλ-

2160 5555 2359 5610 λουσαν
2407 5556 2612 5610 τίκτειν
2655 5555 3010 5626 θεασάμενος,
3068 5553 3322 5625 ἐκραξον’
3379 5570 3398 5604 ι
3431 5552 3608 5608 Πόθεν
3651 5568 3741 5624 μοι

2163 5645 2342 5713 τοῦτο,
2375 5646 2461 5702 ἴνα
2494 5645 2625 5718 ἔλθῃ
2652 5649 2684 5718 ἡ
2714 5647 2912 5718 Μήτηρ
2938 5644 3033 5700 τοῦ
3062 5646 3267 5716 Κυρίου
3293 5662 3397 5716 μου
3425 5643 3562 5716 πρός
3587 5658 3697 5715 9.1;
3717 5661 3738 5696 ι
