3930 6372
149 392 266 470 Ω·ὶὸ

1121 372 1386 435 SERMO
1425 370 1526 432 DE
1557 365 1996 430 LUMINIBUS
2047 361 2385 424 SANCTIS.

3256 342 3392 410 1266

161 468 330 576 Ἃμνδς
374 493 760 570 παραγέγονας
798 491 970 561 αἴρων
1005 489 1105 560 τὴν
1147 487 1425 559 ἁμαρτίαν
1469 484 1563 538 τοῦ
1605 482 1747 543 κόοι

1850 489 2064 551 merant
2087 476 2479 533 eminentiam:
2525 486 2650 527 nam
2679 483 2747 526 ex
2800 474 3050 522 materno
3081 468 3238 516 utero
3287 477 3394 531 qua

2399 567 2409 576 .
2823 561 2996 576 -,,.,-_
3055 553 3347 576 -__-I-.'..--.:
3382 569 3394 576 .

158 611 304 667 σμου·
339 588 486 657 κάγὼ
514 588 620 656 τὴν
655 584 753 655 σὴν
792 581 930 654 μετά
961 580 1055 634 τοῦ
1092 580 1298 648 κόσμου
1339 575 1548 645 δωρεὰν
1575 575 1706 627 ἁνα-

162 663 337 752 είὲων.
375 677 514 748 Ἐγὼ
544 676 740 747 χρείαν
776 672 884 742 ἔχω
924 670 1026 724 ὑπὸ
1055 669 1148 722 σοῦ
1184 666 1570 740 βαπτισθῆναι,
1617 663 1710 716 καὶ

163 780 215 831 σὺ
241 775 362 845 ἔρχῃ
389 771 525 842 πρός
563 783 663 838 με;
695 762 836 835 Πρὸς
874 763 961 816 τὸν
1010 760 1182 831 πηλὸν
1234 759 1262 811 6
1305 755 1547 828 χρυσός
1576 754 1712 826 πρὸς

103 905 108 914 .
161 869 236 920 τὸν
264 863 441 931 λύχνον
479 861 508 912 ὀ
535 859 724 930 ἤλιοςς
779 854 914 926 πρὸς
959 851 1050 905 τὸν
1087 849 1358 920 σπινθῆρα
1401 847 1462 900 τὸ
1502 847 1636 914 φῶς,
1679 845 1714 914 ἡ

160 956 292 1026 πηγὴ
344 953 479 1022 πρὸς
538 951 627 1004 τὸν
677 949 820 1000 πιεῖν
879 943 1270 1012 ἐπειγόμενονς
1323 939 1460 1008 πρὸς
1513 938 1606 990 τὸν
1651 938 1716 989 ὲκ

163 1053 476 1116 σπὲρματος,
508 1045 536 1097 6
563 1045 627 1095 ἐκ
649 1039 922 1110 Παρθένου
952 1035 1194 1106 τεχθείς;
1227 1034 1388 1104 ἀρκεῖ
1411 1049 1500 1100 μοι
1526 1029 1588 1082 τὸ
1619 1047 1718 1083 κα-

159 1133 350 1190 λεῖσθαί
377 1150 469 1185 σου
507 1130 832 1201 πρόδρομον,
865 1121 1156 1196 προσκυνῶ
1184 1122 1282 1192 τὴν
1314 1123 1392 1182 εἰς
1419 1117 1576 1170 τοῦτο
1602 1115 1719 1167 δια-

164 1228 347 1284 κονίαν.
386 1225 452 1276 Τί
488 1220 585 1276 οὖν
623 1225 718 1276 καὶ
751 1221 962 1274 νίπτειν
999 1216 1162 1288 βιάζῃ
1193 1218 1291 1284 τῆς
1320 1209 1664 1276 δικαιοσύνης
1695 1208 1723 1260 6

161 1323 331 1391 ἧῖι.ιος;
369 1315 422 1370 τί
465 1313 560 1370 οὖν
610 1318 638 1369 6
685 1313 962 1384 Δεσπότης
992 1308 1270 1382 Χριστός;
1317 1324 1336 1356 ι
1367 1305 1536 1373 "Aes;
1574 1303 1722 1373 άρτι.

162 1412 302 1464 Οὕτω
322 1411 429 1478 γάρ
454 1407 667 1479 πρέπον
698 1407 830 1477 ἡμῖν
853 1405 971 1458 ἐστι
1000 1399 1292 1472 πληρῶσαι
1318 1399 1498 1450 πᾶσαν
1522 1395 1728 1448 δικαιο-

163 1505 332 1573 σύνην.
363 1521 381 1552 ι
418 1503 592 1570 Ἀφες
629 1499 775 1570 ἄρτι,
811 1497 1112 1558 ἐπιεικείας
1149 1511 1238 1564 μοι
1281 1472 1478 1556 νῦν,οὐ
1515 1487 1726 1552 δοξολο-

162 1592 271 1658 γίας
295 1593 322 1644 6
348 1590 565 1662 καιρὸς,
601 1585 952 1658 ἀνθρωπίνης
974 1583 1276 1646 πολιτείας,
1303 1582 1362 1635 οὐ
1389 1577 1728 1646 Δεσποτικῆς

163 1683 449 1746 αὐθεντίας.
487 1680 884 1754 Παρεγενόμην
913 1679 1024 1748 γὰρ
1065 1676 1134 1731 δι’
1163 1675 1307 1746 ὑμᾶς
1341 1673 1580 1742 Ἰωάννη,
1613 1669 1731 1722 ἐτέ-

164 1777 285 1846 χοην
311 1779 372 1827 ἐκ
400 1773 640 1845 γαστρὸς
667 1771 1017 1844 ἀνθρωπίνης
1043 1783 1057 1801 ⁸
1090 1765 1558 1838 γαλακτοτροφίας
1603 1779 1728 1832 μετ-

1811 583 2036 645 parente
2085 587 2236 626 esses
2263 567 2596 632 nasciturus,
2647 561 3000 630 conspicatus
3049 553 3396 611 exclamavi:

1819 687 1838 721 ι
1885 664 2041 721 Unde
2084 665 2189 718 hoc
2235 661 2370 716 mihi
2413 670 2470 714 ut
2501 657 2686 714 veniat
2739 651 2913 707 Mater
2942 646 3157 703 Domini
3195 643 3300 698 mei
3330 640 3400 694 ad

1814 758 2040 814 me“?!
2085 755 2276 826 Agnus
2321 761 2376 808 tu
2447 747 2761 810 accessisti,
2819 743 2913 814 qui
2968 740 3126 797 tollas
3197 747 3398 790 noxam

1816 849 2025 906 mtmdi.
2068 847 2135 901 Et
2164 861 2272 916 ego
2297 859 2402 899 una
2453 858 2578 898 cum
2613 839 2819 896 mundo
2867 847 3020 892 tuum
3075 837 3402 900 exspectans

1763 1010 1768 1014 _
1817 945 2044 1008 donum,
2081 957 2218 1011 opus
2243 939 2414 992 habeo
2464 945 2576 990 uta
2642 942 2694 988 te
2753 933 3046 1002 baptizer;
3077 935 3132 980 tu
3172 937 3300 978 vero
3331 919 3400 974 ad

1821 1052 1908 1091 me
1942 1034 2116 1094 venis,
2175 1032 2242 1085 ad
2306 1029 2504 1093 lutttm,
2537 1021 2778 1092 aurum?
2811 1021 2878 1076 ad
2940 1019 3222 1091 lychnum,
3271 1010 3405 1068 sol?

1821 1129 1886 1183 ad
1917 1125 2234 1188 scintillam,
2263 1121 2350 1176 l‘ax
2377 1121 2400 1174 ?
2433 1119 2580 1174 Fons
2640 1117 2706 1171 ad
2739 1115 3011 1170 sitientem
3039 1109 3062 1162 ?
3087 1108 3153 1162 ad
3211 1113 3400 1159 natum

1821 1235 1890 1274 ex
1931 1215 2161 1279 semine,
2193 1212 2287 1282 qui
2341 1227 2410 1265 ex
2440 1207 2664 1276 Virgine
2713 1213 2874 1258 natus
2931 1199 3062 1256 est?
3122 1196 3272 1252 Satis
3323 1202 3417 1271 est.

1823 1311 1956 1366 mihi
1985 1318 2138 1363 tuum
2171 1321 2256 1360 me
2307 1301 2493 1357 vocari
2525 1309 2949 1370 prwcursorem,
2981 1292 3052 1346 ob
3095 1287 3239 1360 quod
3277 1300 3410 1340 sane

1824 1405 2004 1475 ipsum
2034 1400 2204 1454 adoro
2237 1393 2628 1450 ministerium.
2667 1388 2807 1456 Quid
2831 1387 2996 1458 igitur
3021 1383 3088 1437 ad
3117 1378 3406 1435 lavandum

1827 1469 1888 1553 se
1906 1507 2126 1565 quoque
2156 1487 2437 1558 compellit
2471 1483 2705 1556 justitite
2732 1479 2869 1536 Sol?
2893 1475 3036 1544 Quid
3057 1488 3189 1542 ergo
3220 1469 3409 1526 Domi-

1827 1603 1932 1643 nus
1987 1581 2281 1649 Christus?
2333 1599 2352 1632 ‹
2387 1579 2594 1632 Omitte
2650 1588 2819 1638 nunc,
2879 1568 3080 1640 inquit,
3129 1565 3212 1621 sic
3265 1561 3411 1617 enim

1829 1683 1984 1736 decet
2036 1693 2156 1742 nos,
2215 1683 2272 1730 ut
2323 1671 2701 1740 compleamus
2731 1678 2949 1719 omnem
3007 1655 3408 1731 justitiam'.»

1830 1770 2032 1826 Omitte
2059 1782 2224 1830 nunc,
2251 1758 2688 1818 mansuetudinis
2719 1753 2856 1808 mihi
2889 1765 3060 1815 nunc,
3105 1763 3216 1803 non
3239 1745 3413 1817 glori-

165 1870 305 1938 ἔσχον
328 1883 341 1895 ·
374 1867 628 1938 ηὑξήθην
657 1865 798 1919 κατὰ
835 1861 1089 1932 σώματος
1131 1859 1296 1928 νόμον
1323 1872 1338 1888 ο
1369 1857 1464 1928 τὴν
1494 1854 1603 1908 τῶν
1644 1869 1730 1904 νο-

1850 1861 2103 1918 icationis
2142 1867 2356 1926 tempus
2398 1864 2502 1916 est,
2536 1851 2779 1904 humano
2829 1842 3058 1899 vivendi
3092 1853 3267 1900 more,
3303 1851 3413 1892 non

169 1962 332 2028 μίμων
355 1958 608 2029 φυλακὴν
636 1955 1036 2026 άπεπλήρωσα.
1065 1950 1232 2004 Οὐδέν
1265 1966 1355 2018 μοι
1385 1948 1494 2000 τῶν
1519 1945 1616 2015 τῆς
1639 1945 1732 1998 ἀν-

165 2052 423 2122 θρωπίνης
445 2047 667 2120 φύσεως
686 2046 1024 2120 παρελείφθη
1045 2041 1480 2110 πολιτευμάτων.
1497 2038 1729 2105 Δέξομαι

165 2150 246 2202 Jul.
285 2147 376 2200 νῦν
419 2144 496 2209 ὼς
529 2143 813 2213 ἄνθρωπος
846 2141 1150 2212 βάπτισμα.
1199 2133 1506 2206 Πραχθήτω
1555 2131 1733 2184 πάντα

167 2241 276 2306 παρ’
309 2237 440 2306 ἐμοῦ
474 2235 550 2289 τὰ
593 2237 691 2304 τῆς
728 2235 840 2286 τοῦ·
867 2231 1124 2301 σώματος
1168 2227 1442 2282 ἀκόλουθα
1481 2224 1726 2294 φύσεως.

169 2334 230 2401 μὴ
257 2331 390 2400 μάθῃ
416 2321 584 2394 δι’,ὧν
601 2327 738 2399 λέγῃ
764 2327 792 2378 6
822 2324 1066 2386 διάϐολος
1093 2321 1189 2391 τὴν
1213 2317 1608 2391 κεκρυμμένην
1632 2331 1732 2386 μου

169 2422 396 2490 θεότητα,
436 2419 514 2490 μὴ
551 2417 809 2486 φοϐηθεὶς
852 2413 912 2466 τὸ
947 2411 1268 2484 μυστήριον,
1324 2408 1415 2461 καὶ
1460 2405 1610 2477 φύγῃ
1635 2404 1735 2476 τὴν

174 2516 284 2582 :96,-
315 2513 412 2583 ἐμὲ
440 2510 746 2582 συμϐολὴν,
781 2508 875 2586 καὶ
903 2505 1139 2578 κερδὰνῃ
1165 2500 1606 2572 δραπετεύουσαν
1637 2497 1736 2569 τὴν

171 2601 521 2678 humi-iere;
544 2605 668 2674 ἄρτι
691 2619 704 2632 ·
727 2601 848 2672 ὄψει
874 2617 974 2670 μου
1006 2597 1202 2667 μικρὸν
1222 2593 1470 2664 ὕστερον,
1489 2592 1734 2662 Ἰωάννη,

169 2701 253 2766 τὴν
308 2697 487 2763 δόξαν.
558 2694 718 2764 Ὀψει
761 2709 830 2763 με
875 2692 976 2762 τῆς
1030 2689 1137 2742 τῶν
1195 2687 1463 2758 δαιμόνων
1511 2682 1740 2753 νικητὴν

172 2789 510 2858 πιρατάξεως
532 2799 546 2816 ⁸
584 2784 705 2855 ὄψει
733 2783 834 2855 τὴν
871 2781 961 2834 τοῦ
998 2781 1125 2852 ᾅδου
1169 2781 1297 2851 παρ’
1321 2777 1454 2847 ἐμοῦ
1489 2774 1744 2828 σκυλευο-

151 2885 324 2949 ιμένην
357 2880 668 2951 βασιλείαν.
703 2876 863 2948 Ὄᾲει
900 2893 970 2946 με
1004 2873 1254 2942 ἀγγέλων
1291 2869 1562 2942 οὐρανίων
1587 2867 1740 2932 δοξα-

173 2973 396 3042 ζομένων
445 2974 682 3043 (igitur
734 2969 855 3038 ὄψει
892 2985 961 3036 με
1015 2967 1116 3034 τῆς
1171 2963 1499 3034 οἰκουμένης
1529 2960 1744 3032 ’κριτὴν

175 3063 612 3134 προκαθήμενον·
656 3057 778 3128 ὄψει
813 3077 880 3128 με
921 3057 1071 3128 παρὰ
1100 3055 1302 3117 παντὸς
1347 3053 1746 3124 λατρευόμενον

1833 1953 2104 2027 imperiali
2137 1955 2430 2020 potestate.
2480 1940 2687 1998 Adveni
2740 1937 2888 1994 enim
2933 1941 3157 2005 propter
3205 1943 3326 1992 vos,
3380 1945 3414 1983 0

1831 2051 2094 2114 Joannes,
2135 2053 2302 2099 natus
2345 2057 2410 2096 ex
2457 2045 2615 2092 utero
2663 2033 2926 2094 lmmano,
2955 2027 3095 2080 lacte
3147 2023 3416 2084 nutritus.

1835 2156 1934 2214 pro
1968 2139 2216 2208 corporis
2241 2136 2358 2204 lege
2403 2138 2617 2191 auctus,
2655 2131 2982 2180 statutorum
3018 2113 3416 2172 observantiam

1835 2241 2132 2291 exsecutus
2186 2243 2331 2283 sum.
2381 2223 2541 2280 Nulla
2609 2219 2742 2274 mihi
2796 2215 3048 2269 humanae
3088 2205 3420 2264 conditionis

1839 2324 2205 2398 prartcrmissa
2230 2319 2471 2376 eivilitas
2493 2321 2614 2370 est:
2651 2324 2822 2380 quare
2867 2321 3016 2359 nunc
3065 2313 3287 2372 quoque
3318 2309 3420 2351 ceu

1839 2421 2004 2474 homo
2043 2415 2313 2485 baptisma
2335 2407 2597 2476 suscipio.
2631 2405 2836 2471 Perage
2867 2413 2934 2453 ea
2967 2409 3176 2450 mecum
3234 2390 3420 2444 omnia

1839 2524 1962 2580 qua:
2013 2505 2262 2575 corporis
2307 2511 2518 2556 naturae
2549 2491 2906 2550 conveniunt.
2944 2485 3023 2540 Ne
3075 2483 3271 2547 discat,
3327 2493 3424 2549 per

1840 2574 1962 2673 quae
1985 2574 2133 2654 dicat
2169 2593 2421 2651 diabolus
2443 2585 2822 2645 absconditam
2847 2594 3027 2634 meam
3056 2574 3420 2635 divinitatem,

1842 2711 1910 2749 ne
1947 2689 2267 2763 mysterium
2301 2692 2578 2746 metuens,
2604 2687 2967 2748 congressum
3014 2683 3192 2724 meum
3226 2665 3421 2735 fugiat,

1843 2798 2007 2856 atq-ue
2032 2795 2281 2838 aversam
2306 2793 2337 2832 a
2369 2792 2429 2832 se
2453 2783 2692 2844 stragem
2741 2771 3005 2823 lueretur.
3036 2761 3237 2817 Omitte
3255 2772 3423 2819 nunc,

1824 2859 2058 2934 videbis
2103 2885 2284 2932 meam
2333 2867 2500 2938 paulo
2550 2871 2695 2934 post,
2749 2876 2782 2915 ο
2833 2855 3095 2915 Joannes.
3152 2847 3426 2922 gloriam;

1845 2969 2060 3026 videbis
2093 2979 2179 3020 me
2201 2961 2553 3018 daemoniaeae
2569 2950 2858 3026 phalangis
2886 2949 3148 3002 victorem
3175 2959 3190 3008 ;
3217 2937 3432 2994 videbis

1851 3063 2140 3121 Satanaaa
2183 3070 2271 3110 me
2317 3064 2548 3122 regnum
2603 3043 3007 3114 exspoliatum;
3062 3033 3273 3091 videbis
3334 3046 3423 3086 me

175 3157 343 3220 ἔθνους
365 3125 536 3227 ’.θψει
572 3155 680 3207 πᾶν
700 3125 844 3221 -γόνυ
877 3125 1216 3221 ἐπουρανίων
1246 3150 1338 3201 καὶ
1362 3148 1620 3214 ἐπιγείων
1653 3145 1746 3199 καὶ

1851 3155 1918 3210 ab
1951 3149 2194 3221 angelica
2228 3142 2440 3202 eoelesti
2462 3140 2620 3196 turba
2640 3135 2895 3192 laudibus
2915 3127 3181 3188 celebrari
3215 3145 3230 3194 ;
3273 3125 3433 3180 vide-

179 3250 540 3320 καταχθονίων
579 3247 718 3318 πρὸς
757 3245 856 3316 τὴν
893 3245 1032 3314 ὲμὴν
1058 3240 1406 3311 συγκεκυφδς
1441 3239 1749 3308 προσκύνη-

181 3356 272 3400 σιν,
299 3361 316 3394 ι
357 3343 537 3411 ’Δφες
558 3337 708 3409 ἄρτι,
744 3337 890 3390 οὕτω
915 3339 1026 3404 γὰρ
1063 3333 1272 3404 πρέπον
1299 3333 1433 3402 ἡμῖν
1462 3329 1746 3402 πληρῶσαι

179 3429 770 3500 πᾶσαν-δικαιοσύνην.»
787 3425 1006 3480 Τούτων
1033 3424 1170 3494 πρὸς
1191 3422 1280 3474 τὸν
1315 3421 1568 3490 Ἰωάννην
1597 3418 1752 3491 παρὰ

179 3523 401 3593 Χριστοῦ
444 3521 822 3588 λαλουμένων,
849 3519 944 3570 καὶ
973 3515 1110 3588 πρὸς
1139 3515 1302 3570 αὐτὸν
1345 3514 1476 3584 παρ’
1515 3510 1749 3578 ἐκείνου,

180 3620 222 3672 οἱ
264 3619 366 3672 τῶν
420 3617 696 3672 Ἰουδαίων
737 3612 1004 3686 ἀκροαταὶ
1071 3610 1514 3682 παρεστήκεισαν
1565 3608 1751 3678 δῆμοι,

181 3711 266 3763 καὶ
289 3709 409 3763 καθ’
438 3707 672 3768 ἑαυτοὺς
695 3706 874 3774 σιωπῇ
900 3701 1212 3773 διηπόρουν.
1240 3696 1564 3768 Θαυμαστὸν
1585 3696 1646 3749 τὸ
1671 3712 1756 3765 γι-

183 3801 413 3869 νόμενον,
460 3798 780 3868 ἐκπλήξεως
827 3798 887 3849 τὸ
943 3793 1267 3864 φαινόμενον
1307 3791 1490 3857 ἄξιονο
1523 3791 1551 3842 ό
1587 3789 1756 3858 Φαρι-

185 3889 356 3952 σαίους
397 3886 703 3960 βαπτίζων,
755 3884 907 3955 παρὰ
939 3881 1130 3936 τούτου
1182 3879 1548 3949 βαπτισθῆναι
1580 3891 1758 3945 παραο

184 3981 359 4035 καλεῖ·
385 3982 414 4034 ό
439 3977 824 4032 Σαδδουκαίοις
855 3973 1104 4045 φρικτδς,
1148 3971 1284 4041 πρὸς
1313 3971 1411 4039 τὴν
1441 3967 1632 4020 τούτου
1663 3965 1759 4019 νῦν

185 4071 371 4144 ἕστηκε
428 4069 796 4140 συγκεκυφὼς
842 4067 1097 4138 θεωρίαν.
1150 4063 1208 4117 Ὀ
1251 4061 1550 4132 νηστευτὴς
1608 4060 1760 4129 παρὰ

185 4154 269 4218 (οὗ
303 4167 376 4236 μὴ
411 4161 773 4234 νηστεύοντος
813 4160 968 4230 ζητεῖ
991 4157 1266 4226 εὐλογίας.
1319 4155 1376 4208 Ὁ
1406 4153 1624 4225 τριχίνῃ
1670 4169 1762 4204 κε-

187 4257 454 4324 χρημένος
495 4251 705 4322 ἐσθῆτι,
739 4250 842 4319 τῆς
873 4249 1026 4321 παρὰ
1054 4247 1148 4302 τοῦ
1179 4247 1343 4318 μηδὲν
1365 4243 1607 4299 τοιοῦτον
1641 4244 1764 4296 ἐπι-

189 4347 485 4418 φερομένου
519 4345 704 4414 ίκέτης
738 4341 1081 4412 καθάρσεως.
1126 4339 1184 4392 '0
1207 4335 1320 4400 τοῖς
1349 4337 1459 4390 τῶν
1495 4334 1764 4406 μελισσῶν

191 4441 323 4492 κατὰ
356 4441 460 4509 τὴν
507 4435 713 4508 ἔρημον
758 4434 942 4496 πόνοις
968 4431 1062 4486 καὶ
1089 4434 1204 4494 τοῖς
1229 4429 1338 4482 τῶν
1367 4427 1604 4500 βοτανῶν
1646 4439 1770 4478 συν-

1850 3249 1935 3303 bis
1989 3259 2078 3300 me
2129 3230 2412 3297 terrestris
2475 3233 2626 3291 orbis
2685 3229 2926 3300 judicem
2997 3221 3432 3294 prazsidentem;

1851 3335 2064 3392 videbis
2102 3348 2188 3388 me
2237 3329 2305 3384 ab
2367 3326 2628 3382 omnibus
2688 3321 2792 3374 coli
2856 3315 3158 3389 gentibus;
3223 3307 3438 3363 videbis

1852 3445 2017 3486 omne
2048 3441 2187 3498 genu
2229 3421 2564 3481 cmlestium,
2603 3414 2956 3471 terrestrium
2989 3419 3044 3464 et
3091 3403 3440 3462 irl‘ernornm

1854 3523 1919 3576 ad
1956 3517 2297 3575 adorandum
2336 3528 2424 3568 me
2477 3509 2640 3565 lleeti.
2679 3526 2699 3558 ι
2731 3503 2937 3561 Omitte
2958 3501 3130 3562 nunc,
3167 3497 3248 3550 sic
3286 3493 3436 3546 enim

1855 3628 1956 3669 nos
1989 3613 2144 3666 decet
2170 3617 2228 3663 ut
2257 3605 2636 3674 compleamtts
2670 3611 2890 3656 omnem
2921 3589 3220 3663 justitiam.
3257 3605 3276 3637 ›
3313 3583 3444 3638 llaec

1857 3707 2078 3762 Christo
2137 3713 2192 3758 et
2249 3699 2464 3755 Joanne
2515 3698 2656 3752 inter
2715 3707 2772 3747 se
2835 3681 3304 3754 colloquentibus,
3345 3677 3444 3732 Ju-

1858 3801 2100 3856 dtcorum
2141 3793 2484 3849 audientium
2517 3786 2695 3844 astitit
2739 3782 2920 3844 turba,
2958 3777 3053 3848 qui
3103 3775 3322 3829 attoniti
3377 3772 3446 3826 de

1861 3892 2007 3947 facto
2043 3890 2147 3943 hoc
2175 3883 2492 3942 admirabili
2524 3879 2874 3936 dubitalaut.
2901 3871 3138 3940 Stupnre
3157 3867 3446 3922 videbatur

1861 3987 2112 4052 dignum.
2146 3979 2252 4046 Qui
2279 3979 2428 4032 enim
2487 3975 2800 4029 Pharisaeos
2833 3962 3169 4036 baptizabat,
3224 3961 3292 4014 ah
3345 3959 3448 4012 hoc

1865 4085 2023 4148 rogat
2054 4071 2374 4144 baptizari;
2411 4069 2509 4139 qui
2543 4065 2865 4121 Sadducazis
2897 4071 3017 4114 erat
3055 4051 3446 4116 formidabilis,

1864 4170 1930 4222 ad
1973 4167 2118 4220 illius
2154 4177 2302 4217 nunc
2333 4167 2616 4230 aspectum
2643 4153 2908 4224 assurgit,
2953 4151 3182 4206 ﬂectens
3225 4150 3400 4217 genita
3431 4156 3449 4207 ;

1862 4259 2072 4332 jejunio
2103 4257 2308 4319 clarus,
2337 4252 2406 4308 ab
2449 4265 2514 4306 eo
2559 4249 2654 4320 qui
2696 4263 2804 4300 non
2857 4245 3148 4315 jejunavit,
3198 4236 3458 4294 benedic-

1871 4355 2076 4407 tionem
2129 4347 2368 4416 quaerit;
2401 4343 2494 4413 qui
2556 4350 2708 4395 veste
2747 4355 2809 4394 ex
2851 4337 2980 4407 pilis
3017 4341 3278 4390 contexta
3335 4337 3458 4382 erat

1873 4455 2072 4504 tectus,
2103 4441 2171 4494 ab
2204 4437 2378 4507 eoqui
2409 4433 2684 4505 ejusmodi
2728 4431 2860 4485 nihil
2897 4444 3082 4482 secutn
3121 4425 3299 4486 all'ert,
3329 4437 3465 4490 pur--

189 4535 521 4604 τρεφόμενος
551 4532 614 4584 ὲκ
656 4529 890 4600 βρέφους
915 4525 1248 4597 άκρίσμασιο
1297 4523 1394 4594 τὴν
1443 4523 1632 4576 τούτου
1669 4519 1747 4574 νῦ·

1875 4535 2150 4606 gationem
2185 4531 2414 4598 supplex
2450 4533 2620 4594 petit;
2653 4523 2746 4593 qui
2775 4537 2938 4592 apum
2975 4520 3028 4572 in
3059 4517 3278 4572 deserto
3310 4512 3464 4566 labo—

193 4621 261 4686 ὡς
296 4622 602 4692 ἁγιωτέραν
629 4618 804 4690 δειλιᾷ
831 4615 1130 4668 πολιτείαν.
1167 4616 1324 4667 Ποῖον
1365 4612 1472 4684 ἄρα
1514 4611 1616 4680 τῆς
1644 4608 1770 4664 τού-

193 4728 279 4764 του
317 4715 455 4785 πρδς
485 4710 674 4765 τοῦτον
707 4707 986 4779 ὑπεροχῆς
1021 4706 1083 4759 τὸ
1105 4705 1399 4774 διάφορον;
1429 4703 1512 4766 τίς
1539 4702 1648 4772 ἄρα
1669 4702 1776 4772 ψῆ-

196 4822 289 4872 φος
337 4805 416 4876 τῷ
469 4803 588 4874 Θεῷ
634 4800 762 4873 περὶ
818 4799 1032 4863 τούτου,
1091 4795 1296 4868 μεταξὺ
1357 4796 1457 4866 τῆς
1503 4792 1776 4863 ’τοιαύτης

199 4895 426 4963 ἀπορίας
460 4894 519 4958 ἐξ,
545 4892 792 4965 οὐρανῶν
815 4891 1098 4959 διαὸηοᾶται
1125 4887 1302 4956 φωνή.
1347 4887 1592 4956 Ζητεῖτε,
1617 4884 1774 4952 φησὶ,

200 4983 318 5035 καθ’
343 4984 570 5045 ἑαυτοὺς
596 4981 691 5034 τοῦ
729 4979 1132 5051 βαπτιζομένου
1161 4977 1261 5046 τὴν
1283 4975 1537 5047 δύναμιν,
1577 4974 1778 5044 μάθετε

200 5073 288 5124 τοῦ
321 5074 654 5144 ζητουμένου
685 5072 813 5138 παρ’
842 5073 973 5141 ὑμῖν
1003 5069 1100 5138 τὴν
1133 5068 1344 5132 οὐσίαν,
1377 5065 1552 5134 γνῶτε
1599 5065 1780 5118 Ἰωάν-

202 5180 288 5217 νου
322 5166 416 5220 καὶ
441 5165 636 5218 τούτου
669 5163 902 5235 πηλίκον
931 5161 990 5214 τὸ
1015 5154 1294 5231 διάφορον.
1337 5176 1356 5209 ι
1381 5152 1553 5220 Οὗτός
1587 5160 1734 5210 ἐστιν
1754 5159 1782 5208 ὁ

203 5251 327 5317 Υἱός
365 5272 465 5326 μου
512 5257 541 5308 6
575 5255 878 5325 ἀγαπητὸς,
919 5254 976 5306 ὲν
1018 5245 1064 5321 ᾧ
1109 5251 1396 5322 εὐδόκησα.
1431 5269 1450 5302 ι
1501 5249 1784 5302 Ἐντεῦθεν

217 5346 489 5420 Ἰωάννης,
517 5351 579 5403 οὺ
602 5349 744 5403 κατὰ
765 5347 856 5402 τὸν
889 5349 1014 5401 ναὸν
1040 5349 1276 5401 ποιεῖται
1301 5345 1362 5398 τὸ
1385 5344 1690 5415 βάπτισμα,
1723 5343 1783 5396 οὐ

207 5439 328 5492 κατ’
361 5437 530 5505 οἷκον,
561 5441 638 5504 ὡς
673 5441 892 5512 ἑκάστῳ
924 5439 1241 5510 βαπτίζοντι
1283 5436 1514 5506 σύνηθες
1539 5451 1552 5467 ο
1588 5434 1703 5488 ἀλλ’
1730 5437 1786 5488 ἐν

209 5529 411 5603 ἐρημίᾳ
451 5533 546 5587 καὶ
573 5533 830 5606 ὑπαίθρῳ
851 5530 1102 5604 ποταμῷ,
1140 5531 1228 5584 ἵνα
1268 5529 1467 5592 πάντες
1495 5529 1788 5590 ἀκούοντες

213 5621 274 5675 ἐκ
303 5624 398 5694 τῆς
427 5625 486 5692 ἐξ
517 5626 762 5697 οὐρανῶν
793 5625 930 5680 κατά
965 5625 1054 5680 τὸν
1090 5623 1229 5694 ἀέρα
1271 5624 1477 5691 φωνῆς,
1512 5621 1604 5673 τὸν
1645 5637 1787 5690 παρ-

286 5823 306 5852 ’
329 5823 457 5882 Luc.
490 5845 528 5894 ι,
561 5831 650 5884 43.

730 5829 958 5883 3Matth.
1013 5841 1094 5894 tu,
1132 5826 1216 5881 15.
1291 5825 1308 5856 ⁵
1351 5824 1544 5879 Matth.
1581 5837 1662 5888 ιιι,
1703 5820 1761 5873 l7

1876 4631 2032 4683 ribus
2071 4635 2126 4680 et
2157 4623 2454 4678 herbarum
2497 4617 2782 4673 radicibus
2835 4630 2900 4668 ac
2946 4611 3180 4665 locustis
3221 4624 3250 4660 a
3292 4619 3466 4674 puero

1877 4721 2138 4781 nutritus,
2175 4717 2339 4785 hujus
2381 4728 2526 4768 nunc
2569 4719 2834 4778 tanquam
2877 4702 3212 4758 sanctiorem
3246 4694 3464 4750 consti-

1879 4815 2146 4868 tutionem
2187 4807 2464 4864 formidat.
2516 4803 2675 4868 Quod
2731 4813 2862 4864 ergo
2919 4790 3256 4848 excellentia:
3321 4789 3465 4852 inter

1879 4907 2004 4960 illos
2049 4903 2349 4958 diserimen
2384 4907 2468 4953 est
2497 4896 2520 4949 ?
2549 4893 2710 4964 quale
2741 4893 2809 4945 de
2872 4888 2962 4941 illo
3007 4885 3148 4938 Deus
3185 4881 3291 4935 l‘ert
3341 4877 3462 4932 suf-

1879 4993 2161 5067 fragium?
2205 4991 2416 5045 Interea
2473 4988 2604 5042 dum
2655 4993 2850 5038 omnes
2908 4979 2987 5033 sic
3058 4981 3286 5043 stupore
3335 4977 3466 5024 sunt

1881 5089 2143 5158 correpti,
2172 5103 2202 5140 e
2229 5085 2386 5140 cmlis
2427 5078 2813 5136 ebuccinautis
2845 5073 3067 5126 auditur
3094 5083 3222 5122 vox:
3271 5061 3466 5132 Inqui-

1884 5184 2009 5248 ritc,
2038 5178 2237 5250 inquit,
2270 5175 2412 5246 apud
2451 5184 2512 5228 s‘e
2548 5171 2810 5238 quisque,
2853 5161 3113 5232 haptizati
3178 5158 3465 5214 virtutem,

1885 5273 2080 5328 discite
2119 5270 2420 5341 potentiam
2467 5264 2606 5334 ejus,
2649 5260 2743 5330 qui
2801 5257 2942 5327 apud
2999 5269 3098 5307 vos
3162 5247 3466 5304 essentiam

1885 5365 2160 5438 quaesivit.
2193 5360 2522 5432 Cognoscite
2551 5363 2818 5426 quantum
2867 5350 2938 5406 sit
2990 5348 3134 5402 inter
3191 5341 3464 5396 Joanne-tn

1888 5469 1940 5514 et
1967 5459 2110 5512 hunc
2129 5453 2453 5509 discrimen.
2495 5466 2513 5500 ι
2546 5447 2645 5502 llic
2670 5452 2756 5500 est
2788 5441 2964 5496 Filius
3013 5451 3171 5492 meus
3217 5433 3472 5494 dilectus,

1891 5551 1944 5604 in
1982 5565 2092 5620 quo
2114 5545 2246 5600 mihi
2275 5546 2410 5599 bene
2431 5537 2820 5610 complacitum
2849 5542 2932 5588 est
2952 5532 2973 5562 "
2995 5571 3007 5586 .
3042 5550 3060 5583 ι
3089 5527 3226 5582 llinc
3256 5539 3477 5596 quoque

1893 5643 2133 5699 Joannes
2196 5653 2303 5694 non
2355 5637 2410 5692 in
2484 5633 2688 5702 templo
2746 5626 3011 5699 btqztizat,
3062 5638 3161 5678 nec
3215 5620 3271 5674 in
3316 5619 3482 5672 domo
