3930 6380
180 399 274 465 2-19

878 401 1138 462 SERMO
1176 402 1194 462 l
1238 399 1319 461 IN
1381 396 2224 460 TRANSFIGURATIONEM
2264 399 2329 459 Ι).
2359 399 2430 460 Ν.
2472 399 2528 460 J.
2568 400 2634 463 C.

3283 402 3418 467 1230

149 517 368 586 δύναμιν
399 513 702 585 ἐσχηκότας
742 533 760 566 ι
803 516 930 580 τοὺς
974 515 1228 586 μαθητὰς
1254 553 1268 577 ,
1297 513 1446 577 εἰκὸς
1486 509 1554 584 ἦν
1589 514 1717 582 τάχα

1831 525 1926 580 par
1965 509 2105 565 forte
2149 519 2268 566 erat
2300 511 2552 564 utetiam
2592 511 2799 581 aliquid
2836 511 3094 568 humana:
3126 515 3426 569 imber-iiii-

149 626 244 664 που
273 607 368 661 καὶ
401 605 776 676 ἀνθρωπίναις
815 610 1138 678 περιπεσεῖν
1163 605 1474 670 ἀσθενείαις
1501 623 1517 636 ’
1553 605 1648 686 καί
1673 621 1726 658 τι

147 699 379 754 τοιοῦτον
406 699 529 754 καθ’
555 700 788 764 ἑαυτοὺς
817 701 1207 770 ἐννενοηκότα-ς
1235 703 1433 755 είπεῖν.
1473 699 1598 762 Πῶς
1627 699 1727 770 ἀρ-

146 793 364 865 νήσεται
411 810 500 858 τις
561 795 790 847 ἑαυτόνο
825 793 858 864 ἢ
895 794 1012 858 πῶς
1063 795 1336 858 ἀπολέσας
1373 793 1473 865 τὴν
1525 793 1724 847 ἑαυτοῦ

146 885 339 956 ψυχὴν,
368 887 592 956 εὑρήσει
651 886 816 940 πάλιν
857 888 1031 958 αὐτήν
1061 903 1075 951 ;
1108 887 1173 940 Τί
1203 887 1260 941 δὲ
1289 888 1405 950 τοῖς
1431 886 1588 940 τοῦτο
1616 902 1724 940 πα-

147 977 296 1030 θοῦσι
323 977 382 1030 τὺ
413 977 735 1032 ίσοσταλοῦν
783 977 940 1032 ἔσται
969 980 1218 1052 χάρισμα
1245 996 1259 1045 ;
1289 979 1377 1032 ἴνα
1407 979 1588 1031 τοίνυν
1615 977 1726 1030 τῶν

145 1068 401 1122 τοιούτων
433 1069 632 1134 αὐτοὺς
662 1071 951 1144 ἀποστήσῃ
1000 1071 1096 1124 καὶ
1135 1069 1411 1142 λογισμῶν
1435 1071 1526 1124 καὶ
1555 1071 1728 1141 ῥημά-

141 1173 272 1216 των’
301 1162 398 1214 καὶ
422 1157 538 1216 οῖον
595 1165 1013 1236 μεταχαλκεὺσῃ
1058 1167 1196 1236 πρὸς
1247 1163 1563 1235 εὖανδρείαν
1583 1207 1597 1230 ,
1627 1164 1726 1234 τῆς

143 1254 516 1326 δοθησομένης
555 1255 737 1320 αὐτοῖς
787 1257 1040 1322 εὐκλείας
1099 1256 1398 1324 ἐπιθυμίαν
1444 1256 1722 1310 ὲντεκὼνο

141 1363 163 1396 ι
195 1345 362 1412 Λέγω
384 1345 536 1414 ὑμῖν,
567 1346 750 1416 φησὶν,
789 1346 899 1400 είσί
949 1364 1092 1410 τινες
1120 1351 1230 1401 τῶν
1266 1341 1367 1400 ὦδε
1394 1347 1724 1416 ἑστηκότων,

133 1439 186 1490 οἰ
214 1453 368 1496 τινες
392 1439 442 1490 σί
476 1438 551 1508 μὴ
583 1438 874 1505 γεύσονται
913 1438 1146 1492 θανάτου
1167 1481 1182 1506 ,
1209 1439 1318 1504 ἓως
1361 1440 1427 1492 ἂν
1454 1440 1604 1493 ἴδωσι
1628 1441 1726 1510 τὴν

130 1528 422 1598 βασιλείαν
459 1527 556 1581 τοῦ
589 1526 749 1584 Θεοῦ.
797 1549 816 1582 δ
852 1529 1004 1602 *Δρά
1038 1547 1101 1598 γε
1142 1533 1222 1594 είς
1249 1532 1504 1584 τοσοῦτον
1541 1531 1725 1594 αὐτοῖς

133 1621 529 1692 ὲκταθήσεται,
560 1622 721 1692 φησι,
779 1620 842 1676 τὺ
873 1622 972 1692 τῆς
1021 1622 1171 1691 ζωῆς
1204 1623 1424 1694 μέτρον,
1460 1622 1602 1676 ὥστε
1633 1623 1728 1676 καὶ

131 1715 216 1777 είς
241 1713 496 1778 ἐκείνους
525 1714 734 1782 φθάσαι
757 1716 884 1778 τοὺς
918 1715 1163 1784 χρόνους,
1194 1715 1314 1768 καθ’
1350 1714 1442 1779 οὓς
1480 1715 1572 1769 ἐπὶ
1605 1733 1730 1769 συν-

131 1805 321 1877 τελείᾳ
356 1805 468 1858 τῶν
497 1807 710 1860 αἰώνων
741 1805 801 1872 ἐξ
829 1807 1062 1876 οὐρανοῦ
1105 1808 1406 1874 κατελθὼν,
1440 1810 1722 1862 ἀποκατα-

133 1897 331 1967 στήσει
358 1900 473 1961 τοῖς
511 1899 709 1965 ἁγίοις,
743 1897 843 1970 τὴν
868 1901 1286 1971 ἡτοιμασμένην
1329 1901 1515 1966 αὐτοῖς
1565 1900 1720 1972 βασι-

131 1988 283 2042 λείαν
310 2007 326 2054 ;
359 1989 478 2043 ἀλλ’
507 1986 576 2061 ἧν
607 1991 705 2060 μὲν
735 1991 830 2044 καὶ
858 1991 1018 2045 τοῦτο
1045 1994 1266 2061 ἐφικτὸν
1319 1993 1468 2064 αὐτῷ
1494 2010 1506 2025 '
1542 1995 1719 2048 πάντα

131 2080 238 2150 γὰρ
263 2080 518 2144 δύναται,
555 2083 649 2136 καὶ
703 2082 858 2136 οὐδὲν
905 2083 1188 2154 ἀμήχανον
1220 2085 1252 2155 ἢ
1304 2086 1565 2157 ἀνήνυτον
1604 2089 1742 2150 τόξ’

129 2171 300 2224 αὐτοῦ
329 2171 823 2236 πανσοενεστάτοις
864 2173 1119 2243 νεύμασι.
1172 2175 1459 2229 Βασιλείαν
1490 2177 1547 2230 δὲ
1579 2177 1716 2232 Θεοῦ

131 2279 299 2333 φησιν
347 2263 526 2334 αὐτὴν
581 2263 681 2334 τὴν
733 2263 862 2318 θέαν
914 2265 1020 2344 τῆς.
1061 2266 1242 2337 δόξης,
1269 2268 1327 2320 ἐν
1366 2263 1522 2341 ᾗκαὶ
1555 2269 1716 2334 αὐτὸς

125 2356 437 2426 ὀφθήσεται
467 2355 588 2409 κατ’
613 2357 792 2410 ἐκεῖνο
824 2357 1042 2428 καιροῦ,
1095 2359 1218 2412 καθ’
1249 2359 1307 2412 ὃν
1337 2358 1404 2413 ἂν
1429 2361 1716 2434 ἐπιλάμψῃ

132 2448 240 2508 τοῖς
267 2446 367 2498 ἐπὶ
395 2445 495 2514 τῆς
523 2445 628 2515 γῆς
652 2462 666 2476 ·
698 2465 717 2498 ι
750 2447 914 2512 ’Ἥξει
943 2449 1051 2518 γὰρ
1081 2450 1139 2500 ἐν
1172 2449 1298 2520 δόξῃ
1329 2449 1423 2504 τοῦ
1460 2451 1594 2504 Θεοῦ
1621 2453 1716 2505 καὶ

137 2537 524 2608 Πατρόςοικαὶ
551 2539 652 2592 οὐκ
696 2537 754 2593 ἕν
799 2556 862 2607 γε
919 2539 1120 2610 μᾶλλον
1168 2544 1612 2614 σμικροπρεπείξι
1646 2547 1712 2616 τῇ

129 2631 244 2682 καθ’
273 2633 450 2700 ἡμᾶς.
491 2630 616 2695 Πῶς
645 2627 739 2684 οὖν
766 2631 874 2702 ἄρα
905 2630 1146 2702 θεωροὺς
1169 2633 1342 2686 ἐποίει
1369 2625 1463 2686 τοῦ
1498 2635 1716 2704 θαύμα-

120 2739 212 2782 τος
257 2723 392 2785 τοὺς
457 2723 723 2786 λαϐόντας
774 2725 872 2794 τὴν
917 2724 1254 2795 ὑπόσχεσινς
1290 2745 1308 2778 ι
1355 2727 1597 2780 Ἀνεισιν
1635 2728 1714 2792 είς

119 2814 181 2866 τὸ
210 2814 344 2883 δ-ρος
379 2833 402 2865 ι
436 2818 584 2884 τρεῖς
636 2816 734 2868 ἀπ’
764 2815 944 2868 αὐτῶν
981 2815 1109 2880 τοὺς
1161 2817 1481 2882 ἐπιλέκτους
1529 2817 1668 2888 ἔχων
1693 2833 1708 2850 ’

115 2904 240 2960 εἶτα
305 2908 746 2978 μεταπλάττεται
799 2910 938 2979 πρὸς
983 2907 1262 2981 ἐξαίρετόν
1301 2927 1424 2965 τινα
1461 2912 1554 2962 καὶ
1591 2911 1712 2963 θεο-

118 3004 316 3072 πρεπῆ
353 3002 720 3074 λαμπρότητα
741 3017 757 3032 °
785 3003 926 3056 ὥστε
957 3002 1050 3056 καὶ
1075 3003 1167 3056 τὸν
1201 3005 1493 3076 ἱματισμὸν
1523 3007 1708 3071 αὑτοῦ,

112 3095 180 3162 τῇ
199 3091 303 3146 τοῦ
327 3094 508 3162 φωτὸς
525 3093 800 3166 προσϐολῇ
819 3095 1125 3166 διαλάμψαι
1141 3096 1316 3150 δοκεῖν
1336 3115 1349 3128 ·
1372 3095 1492 3154 εἶτα
1509 3119 1527 3151 ι
1551 3103 1711 3154 Μωῦ-

1832 602 1960 656 tatis
2011 601 2377 665 incurrerent,
2429 613 2594 671 atque
2644 602 2916 672 ejusmodi
2978 605 3257 674 quidpiam
3317 608 3420 674 ipsi

1827 694 1971 763 arui
2017 709 2078 749 se
2128 695 2459 762 cogitantes,
2509 693 2778 747 dicerent.
2823 693 2946 760 Quo
2987 710 3048 750 se
3093 697 3256 750 modo
3295 703 3418 767 quis

1827 785 2216 855 abnegaverit?
2262 786 2372 839 Aut
2430 785 2709 853 quomodo
2761 789 3002 841 animam
3065 803 3222 842 suam
3285 805 3416 857 per-

1827 877 2032 942 dendo,
2061 878 2260 932 iterum
2287 891 2407 931 eam
2435 877 2764 932 inventurus
2787 878 2909 933 est?
2931 878 3070 946 Quid
3095 895 3223 933 vero
3245 879 3416 934 hocce

1827 971 2044 1040 passis,
2107 970 2339 1040 aequalis
2396 971 2463 1024 ad
2513 971 2798 1040 praemium
2850 971 2958 1025 erit
3008 973 3286 1027 muneris?
3343 973 3414 1027 Ut

1825 1075 1956 1129 ergo
2005 1061 2141 1114 tales
2182 1075 2378 1114 eorum
2411 1071 2466 1114 et
2496 1059 2860 1129 cogitationes
2899 1069 2952 1115 et
2986 1065 3150 1116 verba
3183 1079 3347 1134 comp
3385 1095 3408 1106 -

1827 1163 1968 1217 seat,
2022 1154 2284 1223 velutque
2332 1167 2516 1207 aetneos
2559 1153 2628 1207 ad
2675 1153 2833 1208 virile
2879 1154 3049 1208 robur
3089 1155 3407 1222 transferat,

1827 1244 2020 1299 dandae
2079 1245 2216 1315 ipsis
2275 1244 2465 1315 gloriae
2517 1244 2910 1312 cupiditatem,
2968 1246 3169 1302 animis
3215 1263 3404 1302 eorum

1826 1337 2205 1406 ingenerans:
2245 1355 2264 1388 ι
2303 1335 2436 1390 Dico
2471 1336 2649 1400 vobis,
2691 1337 2890 1406 inquit,
2935 1347 3065 1393 sunt
3103 1339 3270 1408 aliqui
3321 1341 3410 1395 hic

1827 1435 2058 1488 stantes,
2087 1425 2180 1494 qui
2211 1440 2319 1478 non
2369 1425 2674 1494 gustabunt
2717 1435 2952 1482 mortem
2984 1427 3157 1482 donec
3189 1429 3412 1481 vide-ant

1827 1533 2051 1587 regnum
2085 1517 2250 1571 Dei’.
2287 1535 2306 1568 ι
2353 1516 2590 1586 Ergone,
2643 1517 2846 1586 inquit,
2887 1533 3062 1588 usque
3105 1519 3241 1572 adeo
3283 1510 3410 1588 pro-

1825 1610 2077 1665 ducenda
2111 1609 2222 1664 illis
2259 1619 2346 1664 est
2374 1611 2500 1664 vitae
2533 1624 2818 1674 mensura,
2854 1618 2915 1663 ut
2958 1622 3013 1666 et
3045 1612 3110 1665 ad
3147 1629 3208 1665 ea
3247 1615 3412 1666 deve-

1829 1700 1983 1754 niant
2023 1709 2290 1770 tempora,
2322 1699 2545 1768 quando
2576 1699 2629 1751 in
2666 1703 3090 1754 consummatio:
3116 1717 3147 1754 e
3176 1703 3410 1756 saeculo-

1828 1807 1972 1856 rum,
2023 1792 2092 1848 de
2140 1793 2284 1846 caelo
2332 1791 2698 1856 descendens,
2761 1802 3016 1862 paratum
3063 1793 3274 1846 sanctis
3323 1811 3412 1846 tc-

1825 1900 1989 1956 gaum
2047 1883 2394 1952 repositurus
2443 1883 2565 1938 est?
2598 1883 2768 1938 Plane
2815 1891 2868 1936 et
2917 1883 3018 1936 hoc
3051 1882 3124 1936 illi
3158 1882 3406 1948 pervium

1820 1989 1984 2034 erat:
2025 1993 2154 2032 nam
2203 1984 2386 2048 potest
2430 1976 2654 2043 omnia;
2707 1989 2808 2030 nec
2855 1973 3062 2044 aliquid
3107 1984 3212 2036 est,
3254 1976 3403 2043 quod

1821 2073 2205 2143 potentissimo
2255 2082 2393 2125 nutu
2442 2069 2715 2124 coniicere
2775 2077 3014 2138 nequeat
3040 2067 3105 2121 ³ο.
3157 2066 3398 2132 Verum,

1820 2181 2048 2236 regnum
2083 2165 2202 2230 Dei,
2253 2165 2429 2234 ipsam
2478 2163 2612 2218 dicit
2642 2162 2832 2232 gloriae
2866 2161 3159 2226 visionem,
3201 2160 3254 2212 in
3290 2175 3399 2228 qua

1817 2267 1872 2312 et
1905 2258 2022 2326 ipse
2063 2271 2160 2326 per
2196 2255 2250 2310 id
2287 2266 2505 2324 tempus
2555 2253 2924 2322 aspectandus
2967 2260 3117 2315 erat,
3156 2266 3284 2304 cum
3331 2252 3401 2305 iis

1819 2351 2112 2414 illuxisset,
2149 2348 2240 2418 qtti
2272 2357 2452 2403 essent
2495 2347 2551 2402 in
2580 2357 2744 2400 terra.
2785 2366 2803 2397 ι
2835 2344 2931 2400 Est
2963 2346 3109 2398 enim
3140 2354 3406 2397 venturus

1817 2441 1872 2495 in
1924 2441 2098 2513 gloria
2149 2439 2240 2494 Dei
2291 2446 2346 2495 et
2378 2438 2662 2505 Patris“;
2699 2457 2717 2490 ι
2759 2452 2868 2491 non
2907 2436 3019 2504 jam
3067 2435 3302 2505 amplius
3351 2437 3407 2488 in

1817 2533 2022 2590 vilitate
2051 2533 2212 2587 nobis
2237 2531 2480 2602 propria.
2519 2530 2638 2596 Quo
2672 2530 2839 2600 igitur
2871 2529 3032 2582 modo
3065 2537 3406 2596 spectatores

1818 2627 1952 2680 facit
1989 2624 2240 2679 miraculi
2279 2639 2394 2686 eos,
2437 2623 2504 2677 ad
2557 2637 2695 2692 quos
2737 2620 3032 2690 promissio
3069 2618 3211 2673 facta
3255 2618 3410 2672 erat?

1822 2737 1840 2769 ι
1873 2717 2139 2774 Ascendit
2185 2717 2239 2771 in
2277 2725 2520 2770 montem
2551 2715 2618 2779 “,
2652 2733 2671 2766 ι
2713 2721 2824 2768 tres
2859 2728 2926 2766 ex
2960 2711 3070 2766 illis
3101 2711 3408 2780 praecipuos

1817 2825 2002 2866 secum
2054 2809 2302 2876 habens;
2343 2823 2408 2863 ac
2456 2817 2570 2862 tum
2621 2807 2676 2860 in
2704 2805 2968 2860 eximium
2997 2803 3292 2874 quemdam
3341 2817 3408 2856 ac

1817 2917 1985 2971 supra
2060 2902 2340 2956 hominem
2413 2899 2762 2968 splendorem
2839 2895 3298 2960 transformatur;
3350 2904 3411 2948 ut

1813 2995 1978 3050 etiam
2013 2995 2341 3050 vestimenta
2380 2992 2499 3062 ejus
2549 2991 2778 3045 luminis
2821 2989 3057 3060 appulsu
3098 2987 3282 3042 lucere
3325 2987 3411 3040 vi-

1815 3090 2078 3143 derentur
2109 3106 2122 3142 :
2153 3087 2338 3157 sicque
2374 3103 2394 3138 ι
2424 3084 2638 3156 Moyses
2671 3091 2726 3137 et
2779 3081 2926 3136 Elias
2993 3088 3239 3134 astantes
3280 3095 3405 3133 cum

114 3184 222 3254 σῆς
264 3187 366 3236 καὶ
402 3185 591 3248 Ἠλίας
626 3187 1026 3258 περιστηκότες
1053 3187 1143 3241 τὸν
1175 3187 1402 3258 Ἰησοῦν,
1443 3191 1710 3262 προσελά-

1818 3180 1968 3244 Jesu,
2006 3179 2243 3235 invicem
2295 3176 2692 3240 conferebant;
2722 3175 2975 3229 dicentes
3005 3173 3212 3228 exitum
3262 3172 3406 3240 ejus,

109 3273 248 3328 λουν
282 3275 538 3347 ἀλλήλοις
569 3277 670 3348 τὴν
697 3276 878 3342 ἔξοδον
906 3276 1096 3340 αὐτοῦ,
1130 3277 1196 3349 ἣν
1214 3277 1408 3348 ἔμελλε
1445 3280 1711 3351 πληροῦν,

111 3367 318 3436 φησὶν,
355 3368 416 3420 ὲν
467 3367 844 3439 Ἰερουσαλήμ.
895 3388 914 3421 ι
950 3369 1233 3435 Τουτέστι,
1266 3371 1364 3440 τῆς
1399 3373 1537 3442 μετὰ
1577 3390 1714 3444 σαρ-

107 3461 212 3522 κὸς
244 3461 564 3530 οἰκονομίας
590 3461 652 3514 τὸ
683 3463 1005 3532 μυστήριον,
1025 3461 1120 3516 καὶ
1151 3463 1212 3515 τὸ
1243 3465 1512 3534 σωτήριον
1543 3465 1715 3528 πάθος

104 3551 173 3604 τὸ
204 3553 274 3604 ὲν
307 3550 388 3620 τῷ
416 3551 586 3622 τιμίῳ
630 3551 871 3622 σταυρῷ.
908 3554 1020 3606 Καὶ
1070 3553 1182 3622 γάρ
1206 3555 1352 3606 ἐστιν
1387 3553 1605 3625 ἀληθὲς,
1631 3556 1714 3608 ὃτι

98 3647 135 3698 ὁ
165 3643 270 3697 διὰ
309 3643 558 3707 Μωσέως
604 3645 802 3714 νόμος,
829 3646 923 3698 καὶ
975 3647 1004 3699 ό
1041 3644 1150 3698 τῶν
1204 3645 1374 3712 ἁγίων
1416 3647 1713 3716 προφητῶν

105 3732 308 3800 λόγος,
345 3732 408 3784 τὸ
449 3733 690 3802 Χριστοῦ
747 3737 1051 3806 μυστήριον
1092 3735 1506 3806 προανέδειξεν·
1539 3739 1568 3790 ό
1613 3739 1713 3806 μὲν

105 3824 170 3876 ἐν
197 3822 272 3875 τύ
284 3839 409 3886 ποις
444 3825 537 3877 καὶ
566 3827 746 3888 σκιαῖς
772 3842 786 3856 °
814 3829 1097 3897 μονονουχὶ
1122 3828 1376 3896 καθάπερ
1403 3829 1460 3879 ἐν
1525 3827 1712 3882 πίνακι

99 3913 506 3984 καταγράφων
549 3915 681 3968 αὑτό
708 3935 720 3947 ·
756 3918 805 3970 oi
843 3916 933 3984 δὲ,
976 3917 1330 3986 πολυτρόπως
1376 3933 1713 3988 προηγορευ-

94 4006 306 4072 κότες,
344 4005 420 4069 ῶς
461 4007 554 4060 καὶ
589 4008 886 4078 ὀφθήσεται
921 4008 1062 4062 κατὰ
1103 4011 1326 4078 καιροὺς
1377 4009 1434 4060 ἐν
1463 4009 1594 4062 εῖδει
1635 4009 1710 4078 τῷ

93 4099 240 4152 καθ’
288 4099 458 4168 ἡμᾶς,
490 4101 584 4152 καὶ
605 4101 686 4153 ὅτι
719 4101 820 4168 τῆς
838 4100 1094 4159 ἁπάντων
1121 4100 1282 4153 ἕνεκα
1321 4101 1596 4170 σωτηρίας
1615 4102 1710 4154 καὶ

90 4191 296 4261 ζωῆς,
329 4191 394 4244 οὐ
429 4195 833 4262 παραιτήσεται
872 4193 933 4245 τὸ
963 4193 1158 4245 παθεῖν
1185 4193 1276 4244 τὸν
1303 4193 1396 4245 ἐπὶ
1427 4193 1586 4258 ξύλου
1615 4193 1711 4246 θά-

91 4300 311 4336 νατον.
348 4265 557 4336 Οὐκοῦν
583 4285 616 4354 ή
647 4284 894 4346 Μωσέως
927 4283 1024 4336 καὶ
1055 4283 1209 4336 Ἠλία
1227 4284 1593 4354 παράστασις,
1615 4291 1711 4339 καὶ

89 4375 166 4429 τὸ
203 4375 549 4444 προσλαλεῖν
603 4375 856 4445 ἀλλήλοις
908 4375 1107 4438 αὐτοὺς
1133 4415 1146 4439 ,
1189 4375 1473 4446 οἰκονομία
1498 4394 1582 4441 τις
1617 4373 1706 4448 ἦν,

86 4466 164 4522 εὖ
207 4468 367 4538 μάλα
395 4467 856 4522 καταδεικνύουσα
898 4467 1366 4539 δορυφορούμενον
1398 4469 1504 4522 ὑπὸ
1537 4471 1705 4540 νόμον

85 4562 212 4615 καὶ
275 4560 604 4629 προφητῶν,
638 4560 730 4612 τὸν
757 4558 963 4630 Κύριον
1013 4559 1172 4631 ήμῶν
1209 4560 1416 4631 Ἰησοῦν
1447 4561 1705 4632 Χριστὸν,

79 4655 180 4714 ὡς
227 4651 330 4704 καὶ
362 4655 527 4721 νόμου
567 4652 660 4705 καὶ
689 4651 987 4721 προφητῶν
1015 4651 1285 4723 δεσπότην
1319 4656 1712 4726 προκαταδειχ-

133 4745 292 4797 ἐντα
327 4744 460 4814 παρ’
488 4743 667 4796 αὐτῶν
692 4760 706 4773 ο
740 4745 806 4797 δι’
829 4737 905 4797 ὧν
934 4744 1187 4814 ἀλλήλοις
1234 4747 1442 4815 συνῳδὰ
1475 4752 1716 4818 προεκή..

83 4835 314 4908 ρυξαν.
357 4836 432 4888 Οὐ
467 4838 574 4908 γὰρ
602 4835 894 4907 ἀσύμϐατα
926 4838 1040 4900 τοῖς
1068 4837 1156 4891 διὰ
1188 4841 1281 4890 τοῦ
1307 4837 1474 4907 νόμου
1503 4840 1572 4894 τὰ
1600 4840 1710 4894 τῶν

81 4927 428 4999 προφητῶν
451 4944 465 4958 ο
495 4928 590 4980 καὶ⁸
617 4927 778 4980 τοῦτό
811 4931 960 4981 ἐστιν
977 4923 1133 4998 οἶμαι
1155 4927 1236 4993 τὸ,
1265 4929 1518 4999 αλλήλοις
1538 4949 1710 5002 προσ-

76 5017 306 5070 λαλεῖν
371 5016 576 5070 Μωσέα
627 5017 720 5070 τὸν
769 5017 1101 5088 ἱερώτατον,
1137 5018 1231 5072 καὶ
1278 5018 1388 5074 τῶν
1414 5022 1712 5092 προφητῶν

77 5108 480 5179 πανάριστον.
530 5108 716 5172 Ἠλίας
748 5110 821 5162 δὲ·
853 5104 1006 5176 οὗτος
1049 5107 1138 5183 ἦν.
1173 5114 1330 5168 Ἔστι
1369 5114 1426 5167 δὲ
1456 5119 1552 5170 καὶ
1587 5119 1713 5172 ἄλλο

69 5224 112 5260 τ
129 5224 150 5256 ι
188 5201 462 5270 ἐννοῆσαι
486 5217 501 5231 ⁸
525 5201 717 5272 ἐπειδὴ
741 5204 789 5255 οἱ
817 5203 965 5274 ὄχλοι
989 5203 1176 5274 ἔλεγον
1201 5223 1216 5239 ο
1239 5209 1286 5260 οἱ
1319 5207 1440 5278 μὲν,
1486 5209 1671 5262 Ἠλίαν
1695 5229 1709 5242 ·

73 5303 146 5354 οἱ
195 5298 284 5361 δὲ,
337 5296 607 5368 Ἱερεμίαν
628 5313 641 5326 ·
673 5299 720 5351 οἱ
747 5298 803 5351 δὲ
835 5299 929 5352 ἕνα
972 5301 1082 5354 τῶν
1117 5303 1436 5380 προφητῶν,
1465 5305 1588 5366 τοὺς
1623 5321 1713 5357 κο-

76 5388 395 5463 ρυφαίους
448 5389 594 5456 ἄγει,
625 5389 713 5442 ἵνα
773 5391 1069 5445 κάντεῦθεν
1101 5393 1160 5446 τὸ
1193 5395 1358 5464 μέσον
1419 5377 1566 5449 ἴδοἶῇ
1607 5399 1714 5449 τῶν

71 5480 331 5536 δούλων
371 5480 584 5533 καὶτοῦ
629 5480 915 5537 δεσπότου.
952 5485 1108 5538 Μετὰ
1147 5485 1350 5558 ταύτην
1373 5487 1431 5540 δὲ
1464 5490 1560 5542 καὶ
1594 5471 1712 5544 ἑτέ.-

71 5590 229 5649 ραν
275 5572 488 5625 ἔννοιαν
546 5573 695 5628 ἔστιν
739 5577 912 5627 εἰπεῖν
941 5592 952 5606 ·
984 5576 1173 5648 ἐπειδὴ
1210 5578 1320 5650 γὰρ
1354 5581 1592 5650 συνεχῶς
1632 5585 1715 5634 ὲν-

73 5824 222 5886 ἐῶ.

185 5752 613 5819 θιπςΑΜΞἹ.
694 5755 892 5840 {“Luc.
931 5755 1090 5819 1.57.
1174 5755 1706 5824 "Mantum-1,97.
1787 5763 1991 5818 “Luc-
2055 5779 2128 5830 ιε»
2192 5762 2282 5820 ‘13-

1817 3287 2006 3342 quem,
2040 3271 2244 3341 inquit,
2285 3269 2664 3338 compieturus
2699 3275 2818 3322 erat
2856 3267 2912 3318 in
2939 3263 3248 3318 Jerusalem
3276 3264 3340 3316 ¹³.
3381 3281 3400 3314 ι

1817 3365 1932 3421 llnc
1978 3373 2093 3430 est,
2147 3361 2580 3433 dispensationis
2637 3360 2690 3414 in
2743 3373 2909 3413 carne
2957 3365 3402 3420 sacramentum,

1817 3459 2208 3528 salubremque
2251 3457 2304 3509 in
2346 3455 2589 3525 pretiosa
2633 3453 2811 3506 Crucc
2873 3448 3204 3520 passionem.
3261 3447 3407 3503 Sane

1815 3551 1960 3606 enim
2016 3548 2463 3620 praemonstravit
2518 3545 2720 3600 Christi
2776 3551 3228 3606 sacramentum,
3287 3551 3402 3596 tum

1815 3643 1898 3696 lex
1929 3657 2028 3710 per
2070 3640 2256 3695 Mosen
2287 3639 2436 3705 data,
2479 3646 2592 3692 tum
2647 3644 2969 3692 sanctorum
3009 3635 3401 3704 prophetarum

1783 3804 1786 3808 η
1815 3745 1995 3789 sermo
2027 3751 2040 3788 :
2070 3733 2158 3786 illa
2191 3731 2440 3802 quidem,
2470 3731 2622 3784 velut
2656 3728 2767 3782 fere
2808 3729 2862 3782 in
2895 3727 3089 3781 tabella
3123 3727 3174 3779 in
3208 3725 3403 3794 liguris

1815 3829 2142 3898 umbrisque
2187 3827 2491 3896 depingens
2541 3843 2553 3877 :
2610 3825 2664 3878 hi
2717 3834 2926 3890 autem,
2985 3822 3174 3876 multis
3224 3823 3404 3876 modis

1815 3919 1932 3974 fore
1977 3919 2428 3990 praenuntiantes,
2473 3925 2533 3971 ut
2565 3911 2902 3986 quandoque
2937 3915 2990 3968 in
3038 3914 3278 3968 humana
3321 3915 3402 3966 vi-

1813 4013 1992 4068 sibilis
2027 4013 2210 4082 specic
2245 4017 2558 4080 appareret,
2595 4025 2696 4063 nec
2725 4023 2826 4078 pro
2863 4007 3110 4060 omnium
3147 4006 3320 4060 salute
3348 4017 3402 4059 et

1811 4103 1924 4158 vita
1973 4105 2028 4157 in
2086 4103 2232 4173 ligno
2281 4101 2466 4156 erucis
2521 4099 2662 4154 mori
2726 4100 3078 4152 detrectaret.
3134 4095 3224 4149 llta
3269 4111 3400 4165 ergo

1812 4196 1980 4252 Mosis
2047 4195 2288 4264 Eli-aeque
2345 4191 2681 4264 prmsentia,
2742 4200 3045 4260 mutuaque
3096 4189 3397 4249 l‘ahnlatiu,

1814 4289 2158 4358 dispensatio
2189 4287 2440 4356 qua-uiam
2471 4295 2590 4340 erat
2623 4302 2636 4338 :
2673 4285 2726 4338 id
2763 4283 3010 4352 apertius
3045 4281 3397 4352 significans;

1813 4381 2078 4436 nimirum
2126 4379 2332 4434 muniri
2364 4378 2663 4433 Dominum
2695 4375 2885 4430 Jesum
2925 4373 3234 4438 Christum,
3284 4373 3402 4442 lugu

1817 4491 1882 4554 ac
1910 4475 2228 4545 prophetis;
2275 4473 2418 4527 velut
2462 4471 2671 4542 quibus
2715 4469 2846 4522 olim
2877 4468 3014 4538 legis
3043 4467 3310 4520 Dominus
3349 4478 3404 4520 et

1820 4567 2233 4640 prOphetarum,
2276 4565 2592 4634 designatus
2635 4571 2803 4626 esset,
2849 4574 2946 4629 per
2989 4574 3052 4614 ea
3091 4573 3214 4629 qua:
3247 4571 3400 4611 utra-

1814 4675 1920 4731 que
1972 4659 2206 4712 invicem
2251 4670 2497 4712 consona
2544 4655 2598 4708 in
2655 4669 2780 4708 eum
2839 4652 3244 4722 praedixissent.
3289 4649 3399 4703 Nec

1811 4753 1959 4808 enim
1986 4769 2016 4806 a
2046 4752 2181 4822 legis
2213 4751 2368 4806 scitis
2417 4749 2812 4820 prophetarum
2847 4745 3120 4800 dissident
3149 4747 3394 4798 oracula.

1811 4845 2041 4916 Hocque
2092 4845 2458 4915 signiﬁcatum
2497 4839 2758 4905 arbitror,
2792 4838 2938 4908 quod
2985 4835 3397 4890 sacratissitnus

1811 4938 2018 5006 Moses,
2061 4939 2318 5008 Eliasqne
2350 4935 2746 5007 prephetarum
2781 4929 3266 5000 pi'aaclarissimns,
3313 4928 3398 4982 in—

1813 5033 1985 5086 vicem
2019 5032 2484 5100 colloquerentur.
2519 5027 2710 5080 Potest
2734 5026 2900 5076 etiam
2941 5020 3088 5074 aliud
3112 5020 3394 5091 quidpiam

1813 5125 2062 5194 intelligi.
2093 5121 2362 5188 Quoniam
2394 5119 2538 5172 enim
2573 5119 2744 5173 turbae
2769 5114 3044 5180 dicebant,
3095 5113 3147 5167 hi
3173 5114 3395 5182 quidem

1816 5215 1990 5268 Eliam
2043 5229 2192 5276 esse;
2247 5213 2324 5266 illi
2357 5209 2748 5274 Jet‘emiam“;
2799 5209 2892 5262 alii
2941 5220 3109 5261 unum
3159 5219 3227 5260 ex
3267 5220 3400 5272 prn-

1815 5307 2047 5377 phetis:
2103 5306 2308 5359 ideirco
2364 5301 2650 5372 apostolici
2696 5303 2912 5378 ordinis
2967 5300 3182 5368 capita,
3245 5312 3394 5350 suin-

1814 5413 2047 5468 mosque
2109 5397 2386 5466 principes
2435 5394 2622 5457 ducit,
2681 5404 2741 5448 ut
2791 5393 2919 5449 inde
2969 5389 3220 5446 noverint
3269 5389 3402 5458 quid

1815 5493 1958 5546 inter
2007 5504 2196 5544 servos
2236 5489 2634 5554 dominumque
2672 5485 2910 5540 intersit.
2960 5483 3038 5538 Ad
3089 5487 3204 5538 hare
3261 5489 3403 5550 qun-

1813 5600 1921 5656 que
1983 5583 2147 5636 aliam
2220 5581 2490 5634 rationem
2560 5576 2717 5630 nobis
2784 5576 2980 5631 aﬂ‘errc
3037 5575 3184 5630 licet.
3261 5573 3401 5637 Quin

2364 5760 2406 5792 ι³
2461 5759 2592 5814 ibid.

2660 5759 2751 5825 50,
2814 5761 2900 5814 5i.
2985 5757 3244 5812 “Matth.
3287 5767 3398 5821 ενι,
