  <div class='ocr_page' id='page_1' title='image "/cluster/home/n/w/nwhite01/storage/ocr_20150623/98/coo.31924054870021/635.png"; bbox 0 0 3930 6386; ppageno 0'>
   <div class='ocr_carea' id='block_1_1' title="bbox 501 399 674 466">
    <p class='ocr_par' dir='ltr' id='par_1_1' title="bbox 501 399 674 466">
     <span class='ocr_line' id='line_1_1' title="bbox 501 399 674 466; baseline -0.006 -1"><span class='ocrx_word' id='word_1_1' title='bbox 501 432 511 442; x_wconf 91' lang='grc'><strong>·</strong></span> <span class='ocrx_word' id='word_1_2' title='bbox 538 399 674 466; x_wconf 71' lang='grc'><strong>1251</strong></span> 
     </span>
    </p>
   </div>
   <div class='ocr_carea' id='block_1_2' title="bbox 1673 384 2705 454">
    <p class='ocr_par' dir='ltr' id='par_1_2' title="bbox 1673 384 2705 454">
     <span class='ocr_line' id='line_1_2' title="bbox 1673 384 2705 454; baseline 0 -3"><span class='ocrx_word' id='word_1_3' title='bbox 1673 387 2124 452; x_wconf 79' lang='lat' dir='ltr'><strong>PANTALEON</strong></span> <span class='ocrx_word' id='word_1_4' title='bbox 2140 385 2210 446; x_wconf 83' lang='lat' dir='ltr'><strong>IS</strong></span> <span class='ocrx_word' id='word_1_5' title='bbox 2249 385 2564 447; x_wconf 81' lang='grc' dir='ltr'><strong>ΒΙΑἘΟΝῙ</strong></span> <span class='ocrx_word' id='word_1_6' title='bbox 2598 384 2705 454; x_wconf 78' lang='grc' dir='ltr'><strong>ΕΡ.</strong></span> 
     </span>
    </p>
   </div>
   <div class='ocr_carea' id='block_1_3' title="bbox 3649 392 3774 460">
    <p class='ocr_par' dir='ltr' id='par_1_3' title="bbox 3649 392 3774 460">
     <span class='ocr_line' id='line_1_3' title="bbox 3649 392 3774 460; baseline 0.048 -6"><span class='ocrx_word' id='word_1_7' title='bbox 3649 392 3774 460; x_wconf 66' lang='lat'><strong>1252</strong></span> 
     </span>
    </p>
   </div>
   <div class='ocr_carea' id='block_1_4' title="bbox 530 493 2132 573">
    <p class='ocr_par' dir='ltr' id='par_1_4' title="bbox 530 500 2118 571">
     <span class='ocr_line' id='line_1_4' title="bbox 530 500 2118 571; baseline -0.009 -3"><span class='ocrx_word' id='word_1_8' title='bbox 530 516 680 568; x_wconf 86' lang='lat' dir='ltr'><strong>enim</strong></span> <span class='ocrx_word' id='word_1_9' title='bbox 746 509 1002 564; x_wconf 73' lang='lat' dir='ltr'><strong>catilinue</strong></span> <span class='ocrx_word' id='word_1_10' title='bbox 1032 503 1468 560; x_wconf 87' lang='lat' dir='ltr'><strong>criminabantur</strong></span> <span class='ocrx_word' id='word_1_11' title='bbox 1521 507 1581 556; x_wconf 90' lang='lat' dir='ltr'><strong>ut</strong></span> <span class='ocrx_word' id='word_1_12' title='bbox 1619 500 1757 571; x_wconf 78' lang='lat' dir='ltr'><strong>legis</strong></span> <span class='ocrx_word' id='word_1_13' title='bbox 1811 509 2118 568; x_wconf 83' lang='lat' dir='ltr'><strong>transgres-</strong></span> 
     </span>
    </p>
   </div>
   <div class='ocr_carea' id='block_1_5' title="bbox 2235 493 3775 573">
    <p class='ocr_par' dir='ltr' id='par_1_5' title="bbox 2235 493 3775 573">
     <span class='ocr_line' id='line_1_5' title="bbox 2235 493 3775 573; baseline 0.005 -27"><span class='ocrx_word' id='word_1_14' title='bbox 2235 495 2452 549; x_wconf 78' lang='grc' dir='ltr'>ικάλουν</span> <span class='ocrx_word' id='word_1_15' title='bbox 2481 496 2634 568; x_wconf 80' lang='grc' dir='ltr'>αὐτῷ</span> <span class='ocrx_word' id='word_1_16' title='bbox 2665 495 2727 549; x_wconf 82' lang='grc' dir='ltr'>τὸ</span> <span class='ocrx_word' id='word_1_17' title='bbox 2757 494 3155 566; x_wconf 62' lang='grc' dir='ltr'>παμβαίγεσιν</span> <span class='ocrx_word' id='word_1_18' title='bbox 3193 493 3284 548; x_wconf 76' lang='grc' dir='ltr'><strong>τὸν</strong></span> <span class='ocrx_word' id='word_1_19' title='bbox 3327 495 3484 568; x_wconf 87' lang='grc' dir='ltr'>νόμον</span> <span class='ocrx_word' id='word_1_20' title='bbox 3505 540 3518 566; x_wconf 86' lang='grc'><strong>,</strong></span> <span class='ocrx_word' id='word_1_21' title='bbox 3544 501 3633 554; x_wconf 70' lang='grc' dir='ltr'>καὶ</span> <span class='ocrx_word' id='word_1_22' title='bbox 3661 505 3775 573; x_wconf 56' lang='lat' dir='ltr'><strong>ﬂigi.</strong></span> 
     </span>
    </p>
   </div>
   <div class='ocr_carea' id='block_1_6' title="bbox 536 592 2118 668">
    <p class='ocr_par' dir='ltr' id='par_1_6' title="bbox 536 592 2118 668">
     <span class='ocr_line' id='line_1_6' title="bbox 536 592 2118 668; baseline -0.011 -9"><span class='ocrx_word' id='word_1_23' title='bbox 536 617 739 665; x_wconf 90' lang='lat' dir='ltr'><strong>sorem,</strong></span> <span class='ocrx_word' id='word_1_24' title='bbox 770 616 835 655; x_wconf 87' lang='lat' dir='ltr'><strong>ac</strong></span> <span class='ocrx_word' id='word_1_25' title='bbox 862 598 1240 668; x_wconf 88' lang='lat' dir='ltr'><strong>blasphemum</strong></span> <span class='ocrx_word' id='word_1_26' title='bbox 1265 594 1442 664; x_wconf 91' lang='lat' dir='ltr'><strong>ipsum</strong></span> <span class='ocrx_word' id='word_1_27' title='bbox 1494 592 1826 657; x_wconf 86' lang='lat' dir='ltr'><strong>censebant,</strong></span> <span class='ocrx_word' id='word_1_28' title='bbox 1859 599 2118 660; x_wconf 86' lang='lat' dir='ltr'><strong>tanquam</strong></span> 
     </span>
    </p>
   </div>
   <div class='ocr_carea' id='block_1_7' title="bbox 534 680 2120 760">
    <p class='ocr_par' dir='ltr' id='par_1_7' title="bbox 534 680 2120 760">
     <span class='ocr_line' id='line_1_7' title="bbox 534 680 2120 760; baseline -0.01 -11"><span class='ocrx_word' id='word_1_29' title='bbox 534 694 715 749; x_wconf 78' lang='lat' dir='ltr'><strong>Patris</strong></span> <span class='ocrx_word' id='word_1_30' title='bbox 749 691 856 746; x_wconf 90' lang='lat' dir='ltr'><strong>sibi</strong></span> <span class='ocrx_word' id='word_1_31' title='bbox 887 693 1173 760; x_wconf 83' lang='lat' dir='ltr'><strong>arrogaret</strong></span> <span class='ocrx_word' id='word_1_32' title='bbox 1211 685 1508 739; x_wconf 88' lang='lat' dir='ltr'><strong>indebitam</strong></span> <span class='ocrx_word' id='word_1_33' title='bbox 1549 682 1803 752; x_wconf 83' lang='lat' dir='ltr'><strong>gloriam,</strong></span> <span class='ocrx_word' id='word_1_34' title='bbox 1837 680 2120 735; x_wconf 86' lang='lat' dir='ltr'><strong>dicebant-</strong></span> 
     </span>
    </p>
   </div>
   <div class='ocr_carea' id='block_1_8' title="bbox 539 775 2122 856">
    <p class='ocr_par' dir='ltr' id='par_1_8' title="bbox 539 775 2122 856">
     <span class='ocr_line' id='line_1_8' title="bbox 539 775 2122 856; baseline -0.011 -14"><span class='ocrx_word' id='word_1_35' title='bbox 539 803 646 856; x_wconf 92' lang='lat' dir='ltr'><strong>que</strong></span> <span class='ocrx_word' id='word_1_36' title='bbox 677 803 690 840; x_wconf 91' lang='lat'><strong>:</strong></span> <span class='ocrx_word' id='word_1_37' title='bbox 730 803 749 836; x_wconf 80' lang='grc' dir='ltr'>ι</span> <span class='ocrx_word' id='word_1_38' title='bbox 782 782 902 838; x_wconf 87' lang='lat' dir='ltr'><strong>Non</strong></span> <span class='ocrx_word' id='word_1_39' title='bbox 929 793 1012 836; x_wconf 88' lang='lat' dir='ltr'><strong>est</strong></span> <span class='ocrx_word' id='word_1_40' title='bbox 1044 783 1132 835; x_wconf 90' lang='lat' dir='ltr'><strong>hic</strong></span> <span class='ocrx_word' id='word_1_41' title='bbox 1169 795 1200 835; x_wconf 74' lang='grc' dir='ltr'><strong>ο</strong></span> <span class='ocrx_word' id='word_1_42' title='bbox 1235 778 1368 842; x_wconf 85' lang='lat' dir='ltr'><strong>Deo,</strong></span> <span class='ocrx_word' id='word_1_43' title='bbox 1396 777 1525 848; x_wconf 84' lang='lat' dir='ltr'><strong>quia</strong></span> <span class='ocrx_word' id='word_1_44' title='bbox 1557 775 1856 830; x_wconf 87' lang='lat' dir='ltr'><strong>Sabbatum</strong></span> <span class='ocrx_word' id='word_1_45' title='bbox 1886 788 1996 827; x_wconf 89' lang='lat' dir='ltr'><strong>non</strong></span> <span class='ocrx_word' id='word_1_46' title='bbox 2026 787 2122 838; x_wconf 88' lang='lat' dir='ltr'><strong>eu-</strong></span> 
     </span>
    </p>
   </div>
   <div class='ocr_carea' id='block_1_9' title="bbox 540 865 2122 937">
    <p class='ocr_par' dir='ltr' id='par_1_9' title="bbox 540 865 2122 937">
     <span class='ocr_line' id='line_1_9' title="bbox 540 865 2122 937; baseline -0.009 -5"><span class='ocrx_word' id='word_1_47' title='bbox 540 877 708 934; x_wconf 85' lang='lat' dir='ltr'><strong>stodit</strong></span> <span class='ocrx_word' id='word_1_48' title='bbox 739 877 804 929; x_wconf 80' lang='lat'><strong>&quot;.</strong></span> <span class='ocrx_word' id='word_1_49' title='bbox 844 895 862 928; x_wconf 71' lang='grc' dir='ltr'><strong>ι</strong></span> <span class='ocrx_word' id='word_1_50' title='bbox 905 875 967 928; x_wconf 85' lang='grc' dir='ltr'><strong>Ει</strong></span> <span class='ocrx_word' id='word_1_51' title='bbox 994 875 1188 928; x_wconf 85' lang='lat' dir='ltr'><strong>iterum</strong></span> <span class='ocrx_word' id='word_1_52' title='bbox 1214 891 1227 926; x_wconf 90' lang='lat'><strong>:</strong></span> <span class='ocrx_word' id='word_1_53' title='bbox 1251 890 1269 923; x_wconf 76' lang='grc' dir='ltr'>ι</span> <span class='ocrx_word' id='word_1_54' title='bbox 1292 870 1365 924; x_wconf 87' lang='lat' dir='ltr'><strong>De</strong></span> <span class='ocrx_word' id='word_1_55' title='bbox 1396 871 1540 923; x_wconf 87' lang='lat' dir='ltr'><strong>bono</strong></span> <span class='ocrx_word' id='word_1_56' title='bbox 1577 882 1740 937; x_wconf 89' lang='lat' dir='ltr'><strong>opere</strong></span> <span class='ocrx_word' id='word_1_57' title='bbox 1777 882 1886 920; x_wconf 90' lang='lat' dir='ltr'><strong>non</strong></span> <span class='ocrx_word' id='word_1_58' title='bbox 1918 865 2122 934; x_wconf 80' lang='lat' dir='ltr'><strong>lapida-</strong></span> 
     </span>
    </p>
   </div>
   <div class='ocr_carea' id='block_1_10' title="bbox 539 959 2121 1033">
    <p class='ocr_par' dir='ltr' id='par_1_10' title="bbox 539 959 2121 1033">
     <span class='ocr_line' id='line_1_10' title="bbox 539 959 2121 1033; baseline -0.009 -11"><span class='ocrx_word' id='word_1_59' title='bbox 539 985 664 1024; x_wconf 85' lang='lat' dir='ltr'><strong>mus</strong></span> <span class='ocrx_word' id='word_1_60' title='bbox 706 977 758 1022; x_wconf 89' lang='lat' dir='ltr'><strong>te</strong></span> <span class='ocrx_word' id='word_1_61' title='bbox 785 967 919 1028; x_wconf 89' lang='lat' dir='ltr'><strong>,sed</strong></span> <span class='ocrx_word' id='word_1_62' title='bbox 973 967 1041 1020; x_wconf 91' lang='lat' dir='ltr'><strong>de</strong></span> <span class='ocrx_word' id='word_1_63' title='bbox 1093 961 1466 1033; x_wconf 75' lang='lat' dir='ltr'><strong>blasphemia;</strong></span> <span class='ocrx_word' id='word_1_64' title='bbox 1499 962 1628 1030; x_wconf 84' lang='lat' dir='ltr'><strong>quia</strong></span> <span class='ocrx_word' id='word_1_65' title='bbox 1683 967 1740 1013; x_wconf 87' lang='lat' dir='ltr'><strong>tu</strong></span> <span class='ocrx_word' id='word_1_66' title='bbox 1788 959 1953 1013; x_wconf 88' lang='lat' dir='ltr'><strong>homo</strong></span> <span class='ocrx_word' id='word_1_67' title='bbox 1995 971 2121 1010; x_wconf 85' lang='lat' dir='ltr'><strong>cum</strong></span> 
     </span>
    </p>
   </div>
   <div class='ocr_carea' id='block_1_11' title="bbox 540 1051 2124 1125">
    <p class='ocr_par' dir='ltr' id='par_1_11' title="bbox 540 1051 2124 1125">
     <span class='ocr_line' id='line_1_11' title="bbox 540 1051 2124 1125; baseline -0.011 -11"><span class='ocrx_word' id='word_1_68' title='bbox 540 1059 640 1124; x_wconf 92' lang='lat' dir='ltr'><strong>sis,</strong></span> <span class='ocrx_word' id='word_1_69' title='bbox 682 1059 816 1113; x_wconf 82' lang='lat' dir='ltr'><strong>facis</strong></span> <span class='ocrx_word' id='word_1_70' title='bbox 849 1058 1080 1125; x_wconf 75' lang='lat' dir='ltr'><strong>teipswm</strong></span> <span class='ocrx_word' id='word_1_71' title='bbox 1113 1055 1278 1109; x_wconf 89' lang='lat' dir='ltr'><strong>Deum</strong></span> <span class='ocrx_word' id='word_1_72' title='bbox 1311 1053 1354 1085; x_wconf 76' lang='lat'>”</span> <span class='ocrx_word' id='word_1_73' title='bbox 1387 1069 1402 1106; x_wconf 88' lang='lat'><strong>:</strong></span> <span class='ocrx_word' id='word_1_74' title='bbox 1433 1071 1450 1102; x_wconf 79' lang='grc' dir='ltr'><strong>ι</strong></span> <span class='ocrx_word' id='word_1_75' title='bbox 1487 1061 1545 1106; x_wconf 83' lang='grc' dir='ltr'>ιιι</span> <span class='ocrx_word' id='word_1_76' title='bbox 1568 1051 1886 1106; x_wconf 81' lang='lat' dir='ltr'><strong>ostenderet</strong></span> <span class='ocrx_word' id='word_1_77' title='bbox 1915 1058 2124 1103; x_wconf 80' lang='lat' dir='ltr'><strong>utrum-</strong></span> 
     </span>
    </p>
   </div>
   <div class='ocr_carea' id='block_1_12' title="bbox 539 1142 2124 1221">
    <p class='ocr_par' dir='ltr' id='par_1_12' title="bbox 539 1142 2124 1221">
     <span class='ocr_line' id='line_1_12' title="bbox 539 1142 2124 1221; baseline -0.008 -15"><span class='ocrx_word' id='word_1_78' title='bbox 539 1166 646 1221; x_wconf 89' lang='lat' dir='ltr'><strong>que</strong></span> <span class='ocrx_word' id='word_1_79' title='bbox 674 1151 883 1206; x_wconf 86' lang='lat' dir='ltr'><strong>crimen</strong></span> <span class='ocrx_word' id='word_1_80' title='bbox 941 1148 1160 1202; x_wconf 71' lang='lat' dir='ltr'><strong>iuvidize</strong></span> <span class='ocrx_word' id='word_1_81' title='bbox 1189 1161 1334 1208; x_wconf 87' lang='lat' dir='ltr'><strong>esse,</strong></span> <span class='ocrx_word' id='word_1_82' title='bbox 1378 1161 1444 1199; x_wconf 87' lang='lat' dir='ltr'><strong>ac</strong></span> <span class='ocrx_word' id='word_1_83' title='bbox 1473 1160 1532 1200; x_wconf 86' lang='lat' dir='ltr'><strong>se</strong></span> <span class='ocrx_word' id='word_1_84' title='bbox 1565 1142 1738 1198; x_wconf 77' lang='lat' dir='ltr'><strong>neutri</strong></span> <span class='ocrx_word' id='word_1_85' title='bbox 1775 1143 1967 1196; x_wconf 86' lang='lat' dir='ltr'><strong>herum</strong></span> <span class='ocrx_word' id='word_1_86' title='bbox 2001 1152 2124 1194; x_wconf 89' lang='lat' dir='ltr'><strong>esse</strong></span> 
     </span>
    </p>
   </div>
   <div class='ocr_carea' id='block_1_13' title="bbox 541 1235 2120 1308">
    <p class='ocr_par' dir='ltr' id='par_1_13' title="bbox 541 1235 2120 1308">
     <span class='ocr_line' id='line_1_13' title="bbox 541 1235 2120 1308; baseline -0.006 -12"><span class='ocrx_word' id='word_1_87' title='bbox 541 1242 1014 1306; x_wconf 81' lang='lat' dir='ltr'><strong>obnoxium;nec</strong></span> <span class='ocrx_word' id='word_1_88' title='bbox 1074 1255 1200 1294; x_wconf 78' lang='lat' dir='ltr'><strong>vero</strong></span> <span class='ocrx_word' id='word_1_89' title='bbox 1250 1239 1384 1308; x_wconf 62' lang='lat' dir='ltr'><strong>regis</strong></span> <span class='ocrx_word' id='word_1_90' title='bbox 1434 1235 1935 1307; x_wconf 65' lang='lat' dir='ltr'><strong>praevaricationem</strong></span> <span class='ocrx_word' id='word_1_91' title='bbox 1973 1247 2120 1298; x_wconf 86' lang='lat' dir='ltr'><strong>esse,</strong></span> 
     </span>
    </p>
   </div>
   <div class='ocr_carea' id='block_1_14' title="bbox 543 1323 2125 1402">
    <p class='ocr_par' dir='ltr' id='par_1_14' title="bbox 543 1323 2125 1402">
     <span class='ocr_line' id='line_1_14' title="bbox 543 1323 2125 1402; baseline -0.008 -14"><span class='ocrx_word' id='word_1_92' title='bbox 543 1332 690 1402; x_wconf 87' lang='lat' dir='ltr'><strong>quod</strong></span> <span class='ocrx_word' id='word_1_93' title='bbox 721 1334 1046 1401; x_wconf 72' lang='lat' dir='ltr'><strong>gerebatur;</strong></span> <span class='ocrx_word' id='word_1_94' title='bbox 1079 1338 1240 1384; x_wconf 82' lang='lat' dir='ltr'><strong>autve</strong></span> <span class='ocrx_word' id='word_1_95' title='bbox 1291 1327 1689 1398; x_wconf 79' lang='lat' dir='ltr'><strong>arrogationem</strong></span> <span class='ocrx_word' id='word_1_96' title='bbox 1732 1325 1987 1380; x_wconf 77' lang='lat' dir='ltr'><strong>indebita:</strong></span> <span class='ocrx_word' id='word_1_97' title='bbox 2009 1323 2125 1392; x_wconf 82' lang='lat' dir='ltr'><strong>glo-</strong></span> 
     </span>
    </p>
   </div>
   <div class='ocr_carea' id='block_1_15' title="bbox 543 1414 2122 1492">
    <p class='ocr_par' dir='ltr' id='par_1_15' title="bbox 543 1414 2122 1492">
     <span class='ocr_line' id='line_1_15' title="bbox 543 1414 2122 1492; baseline -0.008 -12"><span class='ocrx_word' id='word_1_98' title='bbox 543 1425 658 1487; x_wconf 61' lang='lat' dir='ltr'><strong>riae,</strong></span> <span class='ocrx_word' id='word_1_99' title='bbox 717 1423 860 1492; x_wconf 87' lang='lat' dir='ltr'><strong>quod</strong></span> <span class='ocrx_word' id='word_1_100' title='bbox 902 1423 1148 1491; x_wconf 78' lang='lat' dir='ltr'><strong>seipsum</strong></span> <span class='ocrx_word' id='word_1_101' title='bbox 1184 1420 1328 1474; x_wconf 75' lang='lat' dir='ltr'><strong>Patri</strong></span> <span class='ocrx_word' id='word_1_102' title='bbox 1375 1420 1640 1486; x_wconf 72' lang='lat' dir='ltr'><strong>aequalem</strong></span> <span class='ocrx_word' id='word_1_103' title='bbox 1684 1417 1912 1478; x_wconf 83' lang='lat' dir='ltr'><strong>diceret,</strong></span> <span class='ocrx_word' id='word_1_104' title='bbox 1942 1431 2038 1470; x_wconf 89' lang='lat' dir='ltr'><strong>eos</strong></span> <span class='ocrx_word' id='word_1_105' title='bbox 2067 1414 2122 1468; x_wconf 88' lang='lat' dir='ltr'><strong>in</strong></span> 
     </span>
    </p>
   </div>
   <div class='ocr_carea' id='block_1_16' title="bbox 545 1508 2125 1584">
    <p class='ocr_par' dir='ltr' id='par_1_16' title="bbox 545 1508 2125 1584">
     <span class='ocr_line' id='line_1_16' title="bbox 545 1508 2125 1584; baseline -0.005 -14"><span class='ocrx_word' id='word_1_106' title='bbox 545 1513 786 1571; x_wconf 80' lang='lat' dir='ltr'><strong>medium</strong></span> <span class='ocrx_word' id='word_1_107' title='bbox 844 1508 1095 1584; x_wconf 86' lang='lat' dir='ltr'><strong>produci&#39;t</strong></span> <span class='ocrx_word' id='word_1_108' title='bbox 1142 1514 1230 1580; x_wconf 85' lang='lat' dir='ltr'><strong>qui</strong></span> <span class='ocrx_word' id='word_1_109' title='bbox 1275 1512 1603 1566; x_wconf 82' lang='lat' dir='ltr'><strong>claruissent</strong></span> <span class='ocrx_word' id='word_1_110' title='bbox 1655 1512 1708 1564; x_wconf 92' lang='lat' dir='ltr'><strong>in</strong></span> <span class='ocrx_word' id='word_1_111' title='bbox 1743 1519 2002 1580; x_wconf 88' lang='lat' dir='ltr'><strong>utroque.</strong></span> <span class='ocrx_word' id='word_1_112' title='bbox 2033 1509 2125 1563; x_wconf 88' lang='lat' dir='ltr'><strong>Et-</strong></span> 
     </span>
    </p>
   </div>
   <div class='ocr_carea' id='block_1_17' title="bbox 547 1600 2127 1672">
    <p class='ocr_par' dir='ltr' id='par_1_17' title="bbox 547 1600 2127 1672">
     <span class='ocr_line' id='line_1_17' title="bbox 547 1600 2127 1672; baseline -0.003 -10"><span class='ocrx_word' id='word_1_113' title='bbox 547 1609 692 1662; x_wconf 87' lang='lat' dir='ltr'><strong>enim</strong></span> <span class='ocrx_word' id='word_1_114' title='bbox 720 1607 894 1660; x_wconf 82' lang='lat' dir='ltr'><strong>Moses</strong></span> <span class='ocrx_word' id='word_1_115' title='bbox 919 1607 1063 1660; x_wconf 84' lang='lat' dir='ltr'><strong>dedit</strong></span> <span class='ocrx_word' id='word_1_116' title='bbox 1092 1605 1262 1672; x_wconf 75' lang='lat' dir='ltr'><strong>legem</strong></span> <span class='ocrx_word' id='word_1_117' title='bbox 1291 1613 1549 1672; x_wconf 87' lang='lat' dir='ltr'><strong>:eratque</strong></span> <span class='ocrx_word' id='word_1_118' title='bbox 1569 1600 1810 1656; x_wconf 67' lang='grc' dir='ltr'>ιιι]υὰεεὶ</span> <span class='ocrx_word' id='word_1_119' title='bbox 1827 1603 2127 1672; x_wconf 73' lang='lat' dir='ltr'><strong>cogitarent</strong></span> 
     </span>
    </p>
   </div>
   <div class='ocr_carea' id='block_1_18' title="bbox 547 1694 2128 1766">
    <p class='ocr_par' dir='ltr' id='par_1_18' title="bbox 547 1694 2128 1766">
     <span class='ocr_line' id='line_1_18' title="bbox 547 1694 2128 1766; baseline -0.004 -12"><span class='ocrx_word' id='word_1_120' title='bbox 547 1700 663 1754; x_wconf 76' lang='lat' dir='ltr'><strong>fore</strong></span> <span class='ocrx_word' id='word_1_121' title='bbox 697 1740 712 1764; x_wconf 97' lang='lat'><strong>,</strong></span> <span class='ocrx_word' id='word_1_122' title='bbox 737 1711 794 1753; x_wconf 90' lang='lat' dir='ltr'><strong>ut</strong></span> <span class='ocrx_word' id='word_1_123' title='bbox 827 1701 870 1754; x_wconf 89' lang='lat' dir='ltr'><strong>is</strong></span> <span class='ocrx_word' id='word_1_124' title='bbox 903 1697 1321 1766; x_wconf 82' lang='lat' dir='ltr'><strong>haudquaquam</strong></span> <span class='ocrx_word' id='word_1_125' title='bbox 1358 1695 1908 1765; x_wconf 58' lang='lat' dir='ltr'><strong>inpraevaricatorem</strong></span> <span class='ocrx_word' id='word_1_126' title='bbox 1939 1694 2128 1748; x_wconf 89' lang='lat' dir='ltr'><strong>remis-</strong></span> 
     </span>
    </p>
   </div>
   <div class='ocr_carea' id='block_1_19' title="bbox 547 1785 2126 1856">
    <p class='ocr_par' dir='ltr' id='par_1_19' title="bbox 547 1785 2126 1856">
     <span class='ocr_line' id='line_1_19' title="bbox 547 1785 2126 1856; baseline -0.006 -10"><span class='ocrx_word' id='word_1_127' title='bbox 547 1792 663 1846; x_wconf 81' lang='lat' dir='ltr'><strong>sior</strong></span> <span class='ocrx_word' id='word_1_128' title='bbox 717 1800 860 1846; x_wconf 84' lang='lat' dir='ltr'><strong>esset</strong></span> <span class='ocrx_word' id='word_1_129' title='bbox 897 1808 911 1856; x_wconf 93' lang='lat'><strong>;</strong></span> <span class='ocrx_word' id='word_1_130' title='bbox 975 1789 1173 1842; x_wconf 85' lang='lat' dir='ltr'><strong>nedum</strong></span> <span class='ocrx_word' id='word_1_131' title='bbox 1206 1795 1263 1840; x_wconf 90' lang='grc' dir='ltr'>ιιι</span> <span class='ocrx_word' id='word_1_132' title='bbox 1308 1788 1429 1853; x_wconf 77' lang='lat' dir='ltr'><strong>ejus</strong></span> <span class='ocrx_word' id='word_1_133' title='bbox 1483 1786 1646 1852; x_wconf 82' lang='lat' dir='ltr'><strong>hosti,</strong></span> <span class='ocrx_word' id='word_1_134' title='bbox 1681 1785 1772 1854; x_wconf 86' lang='lat' dir='ltr'><strong>qui</strong></span> <span class='ocrx_word' id='word_1_135' title='bbox 1821 1785 1994 1856; x_wconf 73' lang='lat' dir='ltr'><strong>legem</strong></span> <span class='ocrx_word' id='word_1_136' title='bbox 2030 1800 2126 1854; x_wconf 79' lang='lat' dir='ltr'><strong>po-</strong></span> 
     </span>
    </p>
   </div>
   <div class='ocr_carea' id='block_1_20' title="bbox 547 1877 2128 1947">
    <p class='ocr_par' dir='ltr' id='par_1_20' title="bbox 547 1877 2128 1947">
     <span class='ocr_line' id='line_1_20' title="bbox 547 1877 2128 1947; baseline -0.003 -9"><span class='ocrx_word' id='word_1_137' title='bbox 547 1883 752 1938; x_wconf 69' lang='lat' dir='ltr'><strong>suisset</strong></span> <span class='ocrx_word' id='word_1_138' title='bbox 780 1922 795 1941; x_wconf 86' lang='lat'><strong>,</strong></span> <span class='ocrx_word' id='word_1_139' title='bbox 846 1880 1112 1947; x_wconf 74' lang='lat' dir='ltr'><strong>obsequio</strong></span> <span class='ocrx_word' id='word_1_140' title='bbox 1143 1879 1378 1933; x_wconf 80' lang='lat' dir='ltr'><strong>adesset.</strong></span> <span class='ocrx_word' id='word_1_141' title='bbox 1445 1877 1589 1932; x_wconf 83' lang='lat' dir='ltr'><strong>Elias</strong></span> <span class='ocrx_word' id='word_1_142' title='bbox 1624 1892 1750 1931; x_wconf 77' lang='lat' dir='ltr'><strong>vero</strong></span> <span class='ocrx_word' id='word_1_143' title='bbox 1805 1879 2011 1933; x_wconf 79' lang='lat' dir='ltr'><strong>zelatus</strong></span> <span class='ocrx_word' id='word_1_144' title='bbox 2045 1892 2128 1934; x_wconf 86' lang='lat' dir='ltr'><strong>est</strong></span> 
     </span>
    </p>
   </div>
   <div class='ocr_carea' id='block_1_21' title="bbox 546 1969 2129 2046">
    <p class='ocr_par' dir='ltr' id='par_1_21' title="bbox 546 1969 2129 2046">
     <span class='ocr_line' id='line_1_21' title="bbox 546 1969 2129 2046; baseline -0.002 -17"><span class='ocrx_word' id='word_1_145' title='bbox 546 1989 648 2046; x_wconf 85' lang='lat' dir='ltr'><strong>pro</strong></span> <span class='ocrx_word' id='word_1_146' title='bbox 681 1972 774 2028; x_wconf 88' lang='lat' dir='ltr'><strong>Dei</strong></span> <span class='ocrx_word' id='word_1_147' title='bbox 807 1971 978 2044; x_wconf 80' lang='lat' dir='ltr'><strong>gloria</strong></span> <span class='ocrx_word' id='word_1_148' title='bbox 1028 1972 1093 2035; x_wconf 71' lang='lat'><strong>‘7,</strong></span> <span class='ocrx_word' id='word_1_149' title='bbox 1118 1985 1292 2039; x_wconf 88' lang='lat' dir='ltr'><strong>neque</strong></span> <span class='ocrx_word' id='word_1_150' title='bbox 1344 1979 1398 2024; x_wconf 90' lang='lat' dir='ltr'><strong>et</strong></span> <span class='ocrx_word' id='word_1_151' title='bbox 1425 1971 1541 2040; x_wconf 80' lang='lat' dir='ltr'><strong>ipse</strong></span> <span class='ocrx_word' id='word_1_152' title='bbox 1573 1969 1838 2024; x_wconf 86' lang='lat' dir='ltr'><strong>astitissct</strong></span> <span class='ocrx_word' id='word_1_153' title='bbox 1870 1970 2129 2026; x_wconf 88' lang='lat' dir='ltr'><strong>obaudis-</strong></span> 
     </span>
    </p>
   </div>
   <div class='ocr_carea' id='block_1_22' title="bbox 549 2061 2126 2136">
    <p class='ocr_par' dir='ltr' id='par_1_22' title="bbox 549 2061 2126 2136">
     <span class='ocr_line' id='line_1_22' title="bbox 549 2061 2126 2136; baseline -0.004 -16"><span class='ocrx_word' id='word_1_154' title='bbox 549 2075 763 2136; x_wconf 89' lang='lat' dir='ltr'><strong>setque,</strong></span> <span class='ocrx_word' id='word_1_155' title='bbox 803 2064 850 2119; x_wconf 92' lang='lat' dir='ltr'><strong>si</strong></span> <span class='ocrx_word' id='word_1_156' title='bbox 876 2064 968 2118; x_wconf 92' lang='lat' dir='ltr'><strong>ille</strong></span> <span class='ocrx_word' id='word_1_157' title='bbox 1008 2062 1119 2116; x_wconf 84' lang='lat' dir='ltr'><strong>Deo</strong></span> <span class='ocrx_word' id='word_1_158' title='bbox 1169 2065 1487 2116; x_wconf 70' lang='lat' dir='ltr'><strong>adversatus</strong></span> <span class='ocrx_word' id='word_1_159' title='bbox 1535 2069 1702 2124; x_wconf 87' lang='lat' dir='ltr'><strong>esset,</strong></span> <span class='ocrx_word' id='word_1_160' title='bbox 1741 2075 1910 2130; x_wconf 86' lang='lat' dir='ltr'><strong>seque</strong></span> <span class='ocrx_word' id='word_1_161' title='bbox 1948 2061 2126 2131; x_wconf 84' lang='lat' dir='ltr'><strong>ipsum</strong></span> 
     </span>
    </p>
   </div>
   <div class='ocr_carea' id='block_1_23' title="bbox 549 2153 2128 2223">
    <p class='ocr_par' dir='ltr' id='par_1_23' title="bbox 549 2153 2128 2223">
     <span class='ocr_line' id='line_1_23' title="bbox 549 2153 2128 2223; baseline -0.004 -11"><span class='ocrx_word' id='word_1_162' title='bbox 549 2159 719 2213; x_wconf 85' lang='lat' dir='ltr'><strong>Deum</strong></span> <span class='ocrx_word' id='word_1_163' title='bbox 756 2157 900 2211; x_wconf 85' lang='lat' dir='ltr'><strong>Patri</strong></span> <span class='ocrx_word' id='word_1_164' title='bbox 945 2157 1232 2223; x_wconf 68' lang='lat' dir='ltr'><strong>arqualem,</strong></span> <span class='ocrx_word' id='word_1_165' title='bbox 1279 2157 1421 2222; x_wconf 87' lang='lat' dir='ltr'><strong>quod</strong></span> <span class='ocrx_word' id='word_1_166' title='bbox 1459 2170 1566 2208; x_wconf 91' lang='lat' dir='ltr'><strong>non</strong></span> <span class='ocrx_word' id='word_1_167' title='bbox 1595 2161 1734 2218; x_wconf 86' lang='lat' dir='ltr'><strong>erat,</strong></span> <span class='ocrx_word' id='word_1_168' title='bbox 1769 2153 2007 2208; x_wconf 83' lang='lat' dir='ltr'><strong>diceret:</strong></span> <span class='ocrx_word' id='word_1_169' title='bbox 2046 2153 2128 2206; x_wconf 87' lang='lat' dir='ltr'><strong>id-</strong></span> 
     </span>
    </p>
   </div>
   <div class='ocr_carea' id='block_1_24' title="bbox 546 2245 2126 2319">
    <p class='ocr_par' dir='ltr' id='par_1_24' title="bbox 546 2245 2126 2319">
     <span class='ocr_line' id='line_1_24' title="bbox 546 2245 2126 2319; baseline -0.003 -15"><span class='ocrx_word' id='word_1_170' title='bbox 546 2264 653 2319; x_wconf 81' lang='lat' dir='ltr'><strong>que</strong></span> <span class='ocrx_word' id='word_1_171' title='bbox 709 2249 948 2304; x_wconf 81' lang='lat' dir='ltr'><strong>indebite</strong></span> <span class='ocrx_word' id='word_1_172' title='bbox 997 2247 1219 2314; x_wconf 77' lang='lat' dir='ltr'><strong>faceret.</strong></span> <span class='ocrx_word' id='word_1_173' title='bbox 1289 2245 1589 2301; x_wconf 82' lang='lat' dir='ltr'><strong>Possumus</strong></span> <span class='ocrx_word' id='word_1_174' title='bbox 1664 2247 1830 2300; x_wconf 89' lang='lat' dir='ltr'><strong>etiam</strong></span> <span class='ocrx_word' id='word_1_175' title='bbox 1901 2259 2126 2301; x_wconf 83' lang='lat' dir='ltr'><strong>causam</strong></span> 
     </span>
    </p>
   </div>
   <div class='ocr_carea' id='block_1_25' title="bbox 548 2335 2132 2407">
    <p class='ocr_par' dir='ltr' id='par_1_25' title="bbox 548 2335 2132 2407">
     <span class='ocr_line' id='line_1_25' title="bbox 548 2335 2132 2407; baseline -0.002 -11"><span class='ocrx_word' id='word_1_176' title='bbox 548 2343 710 2398; x_wconf 84' lang='lat' dir='ltr'><strong>aliam</strong></span> <span class='ocrx_word' id='word_1_177' title='bbox 759 2341 918 2396; x_wconf 88' lang='lat' dir='ltr'><strong>dictis</strong></span> <span class='ocrx_word' id='word_1_178' title='bbox 947 2341 1167 2396; x_wconf 86' lang='lat' dir='ltr'><strong>addere.</strong></span> <span class='ocrx_word' id='word_1_179' title='bbox 1193 2338 1369 2406; x_wconf 86' lang='lat' dir='ltr'><strong>Quam</strong></span> <span class='ocrx_word' id='word_1_180' title='bbox 1402 2353 1566 2406; x_wconf 82' lang='lat' dir='ltr'><strong>porro</strong></span> <span class='ocrx_word' id='word_1_181' title='bbox 1596 2335 1845 2407; x_wconf 77' lang='lat' dir='ltr'><strong>iNempe</strong></span> <span class='ocrx_word' id='word_1_182' title='bbox 1875 2346 1934 2390; x_wconf 92' lang='lat' dir='ltr'><strong>ut</strong></span> <span class='ocrx_word' id='word_1_183' title='bbox 1964 2338 2132 2394; x_wconf 85' lang='lat' dir='ltr'><strong>disce-</strong></span> 
     </span>
    </p>
   </div>
   <div class='ocr_carea' id='block_1_26' title="bbox 548 2429 2128 2504">
    <p class='ocr_par' dir='ltr' id='par_1_26' title="bbox 548 2429 2128 2504">
     <span class='ocr_line' id='line_1_26' title="bbox 548 2429 2128 2504; baseline -0.004 -14"><span class='ocrx_word' id='word_1_184' title='bbox 548 2445 673 2491; x_wconf 71' lang='lat' dir='ltr'><strong>rent</strong></span> <span class='ocrx_word' id='word_1_185' title='bbox 747 2435 939 2489; x_wconf 81' lang='lat' dir='ltr'><strong>mortis</strong></span> <span class='ocrx_word' id='word_1_186' title='bbox 982 2433 1192 2504; x_wconf 78' lang='lat' dir='ltr'><strong>pariter</strong></span> <span class='ocrx_word' id='word_1_187' title='bbox 1233 2447 1298 2485; x_wconf 90' lang='lat' dir='ltr'><strong>ac</strong></span> <span class='ocrx_word' id='word_1_188' title='bbox 1336 2435 1462 2487; x_wconf 70' lang='lat' dir='ltr'><strong>vita:</strong></span> <span class='ocrx_word' id='word_1_189' title='bbox 1508 2438 1834 2500; x_wconf 83' lang='lat' dir='ltr'><strong>potestatem</strong></span> <span class='ocrx_word' id='word_1_190' title='bbox 1903 2429 2128 2496; x_wconf 84' lang='lat' dir='ltr'><strong>habere,</strong></span> 
     </span>
    </p>
   </div>
   <div class='ocr_carea' id='block_1_27' title="bbox 549 2521 2130 2598">
    <p class='ocr_par' dir='ltr' id='par_1_27' title="bbox 549 2521 2130 2598">
     <span class='ocr_line' id='line_1_27' title="bbox 549 2521 2130 2598; baseline -0.004 -16"><span class='ocrx_word' id='word_1_191' title='bbox 549 2527 714 2598; x_wconf 87' lang='lat' dir='ltr'><strong>inque</strong></span> <span class='ocrx_word' id='word_1_192' title='bbox 762 2540 999 2595; x_wconf 84' lang='lat' dir='ltr'><strong>superna</strong></span> <span class='ocrx_word' id='word_1_193' title='bbox 1059 2539 1122 2578; x_wconf 82' lang='lat' dir='ltr'><strong>ac</strong></span> <span class='ocrx_word' id='word_1_194' title='bbox 1190 2523 1400 2577; x_wconf 81' lang='lat' dir='ltr'><strong>inferna</strong></span> <span class='ocrx_word' id='word_1_195' title='bbox 1464 2521 1724 2576; x_wconf 75' lang='lat' dir='ltr'><strong>dominio&#39;</strong></span> <span class='ocrx_word' id='word_1_196' title='bbox 1757 2521 1962 2592; x_wconf 87' lang='lat' dir='ltr'><strong>pollere</strong></span> <span class='ocrx_word' id='word_1_197' title='bbox 2007 2521 2130 2576; x_wconf 75' lang='lat' dir='ltr'><strong>:itl-</strong></span> 
     </span>
    </p>
   </div>
   <div class='ocr_carea' id='block_1_28' title="bbox 548 2613 2132 2684">
    <p class='ocr_par' dir='ltr' id='par_1_28' title="bbox 548 2613 2132 2684">
     <span class='ocr_line' id='line_1_28' title="bbox 548 2613 2132 2684; baseline -0.004 -10"><span class='ocrx_word' id='word_1_198' title='bbox 548 2621 696 2674; x_wconf 87' lang='lat' dir='ltr'><strong>eireo</strong></span> <span class='ocrx_word' id='word_1_199' title='bbox 734 2629 846 2672; x_wconf 88' lang='lat' dir='ltr'><strong>tum</strong></span> <span class='ocrx_word' id='word_1_200' title='bbox 891 2619 1164 2671; x_wconf 79' lang='lat' dir='ltr'><strong>viventem</strong></span> <span class='ocrx_word' id='word_1_201' title='bbox 1204 2615 1257 2668; x_wconf 94' lang='lat' dir='ltr'><strong>in</strong></span> <span class='ocrx_word' id='word_1_202' title='bbox 1286 2615 1524 2668; x_wconf 85' lang='lat' dir='ltr'><strong>medium</strong></span> <span class='ocrx_word' id='word_1_203' title='bbox 1566 2613 1836 2684; x_wconf 90' lang='lat' dir='ltr'><strong>producit,</strong></span> <span class='ocrx_word' id='word_1_204' title='bbox 1866 2621 1981 2667; x_wconf 85' lang='lat' dir='ltr'><strong>tum</strong></span> <span class='ocrx_word' id='word_1_205' title='bbox 2007 2628 2132 2668; x_wconf 82' lang='lat' dir='ltr'><strong>eum</strong></span> 
     </span>
    </p>
   </div>
   <div class='ocr_carea' id='block_1_29' title="bbox 553 2704 2133 2781">
    <p class='ocr_par' dir='ltr' id='par_1_29' title="bbox 553 2704 2133 2781">
     <span class='ocr_line' id='line_1_29' title="bbox 553 2704 2133 2781; baseline -0.003 -17"><span class='ocrx_word' id='word_1_206' title='bbox 553 2711 644 2781; x_wconf 89' lang='lat' dir='ltr'><strong>qui</strong></span> <span class='ocrx_word' id='word_1_207' title='bbox 705 2710 843 2765; x_wconf 70' lang='lat' dir='ltr'><strong>vivis</strong></span> <span class='ocrx_word' id='word_1_208' title='bbox 904 2709 1252 2764; x_wconf 81' lang='lat' dir='ltr'><strong>excessisset.</strong></span> <span class='ocrx_word' id='word_1_209' title='bbox 1308 2704 1420 2760; x_wconf 88' lang='lat' dir='ltr'><strong>Nec</strong></span> <span class='ocrx_word' id='word_1_210' title='bbox 1463 2720 1591 2760; x_wconf 75' lang='lat' dir='ltr'><strong>vero</strong></span> <span class='ocrx_word' id='word_1_211' title='bbox 1631 2705 1730 2760; x_wconf 73' lang='lat' dir='ltr'><strong>risi</strong></span> <span class='ocrx_word' id='word_1_212' title='bbox 1773 2713 1930 2760; x_wconf 87' lang='lat' dir='ltr'><strong>erant</strong></span> <span class='ocrx_word' id='word_1_213' title='bbox 1969 2744 1984 2770; x_wconf 92' lang='lat'><strong>,</strong></span> <span class='ocrx_word' id='word_1_214' title='bbox 2039 2705 2133 2760; x_wconf 87' lang='lat' dir='ltr'><strong>sed</strong></span> 
     </span>
    </p>
   </div>
   <div class='ocr_carea' id='block_1_30' title="bbox 555 2783 2135 2871">
    <p class='ocr_par' dir='ltr' id='par_1_30' title="bbox 555 2783 2135 2871">
     <span class='ocr_line' id='line_1_30' title="bbox 555 2783 2135 2871; baseline -0.001 -16"><span class='ocrx_word' id='word_1_215' title='bbox 555 2821 577 2855; x_wconf 80' lang='grc' dir='ltr'>ι</span> <span class='ocrx_word' id='word_1_216' title='bbox 641 2783 1001 2871; x_wconf 86' lang='lat' dir='ltr'><strong>loquebantur</strong></span> <span class='ocrx_word' id='word_1_217' title='bbox 1072 2814 1365 2854; x_wconf 80' lang='lat' dir='ltr'><strong>excessum</strong></span> <span class='ocrx_word' id='word_1_218' title='bbox 1404 2798 1447 2830; x_wconf 71' lang='grc'><strong>*⁸</strong></span> <span class='ocrx_word' id='word_1_219' title='bbox 1476 2837 1492 2864; x_wconf 89' lang='grc'><strong>,</strong></span> <span class='ocrx_word' id='word_1_220' title='bbox 1546 2813 1707 2868; x_wconf 89' lang='lat' dir='ltr'><strong>quem</strong></span> <span class='ocrx_word' id='word_1_221' title='bbox 1737 2801 1739 2803; x_wconf 78' lang='grc'><strong>’</strong></span> <span class='ocrx_word' id='word_1_222' title='bbox 1767 2797 2135 2868; x_wconf 88' lang='lat' dir='ltr'><strong>completurus</strong></span> 
     </span>
    </p>
   </div>
   <div class='ocr_carea' id='block_1_31' title="bbox 552 2891 2136 2960">
    <p class='ocr_par' dir='ltr' id='par_1_31' title="bbox 552 2891 2136 2960">
     <span class='ocr_line' id='line_1_31' title="bbox 552 2891 2136 2960; baseline -0.003 -12"><span class='ocrx_word' id='word_1_223' title='bbox 552 2903 670 2948; x_wconf 89' lang='lat' dir='ltr'><strong>erat</strong></span> <span class='ocrx_word' id='word_1_224' title='bbox 747 2896 802 2948; x_wconf 90' lang='lat' dir='ltr'><strong>in</strong></span> <span class='ocrx_word' id='word_1_225' title='bbox 882 2892 1184 2948; x_wconf 80' lang='lat' dir='ltr'><strong>Jerusalem</strong></span> <span class='ocrx_word' id='word_1_226' title='bbox 1217 2912 1272 2951; x_wconf 72' lang='grc' dir='ltr'><strong>,ε</strong></span> <span class='ocrx_word' id='word_1_227' title='bbox 1307 2891 1410 2945; x_wconf 91' lang='lat' dir='ltr'><strong>hoc</strong></span> <span class='ocrx_word' id='word_1_228' title='bbox 1509 2900 1654 2956; x_wconf 90' lang='lat' dir='ltr'><strong>est,</strong></span> <span class='ocrx_word' id='word_1_229' title='bbox 1713 2891 2021 2960; x_wconf 88' lang='lat' dir='ltr'><strong>passionem</strong></span> <span class='ocrx_word' id='word_1_230' title='bbox 2079 2900 2136 2944; x_wconf 86' lang='lat' dir='ltr'><strong>et</strong></span> 
     </span>
    </p>
   </div>
   <div class='ocr_carea' id='block_1_32' title="bbox 553 2981 2135 3052">
    <p class='ocr_par' dir='ltr' id='par_1_32' title="bbox 553 2981 2135 3052">
     <span class='ocr_line' id='line_1_32' title="bbox 553 2981 2135 3052; baseline -0.002 -12"><span class='ocrx_word' id='word_1_231' title='bbox 553 3000 770 3040; x_wconf 84' lang='lat' dir='ltr'><strong>crucem</strong></span> <span class='ocrx_word' id='word_1_232' title='bbox 797 2996 848 3038; x_wconf 88' lang='lat' dir='ltr'><strong>et</strong></span> <span class='ocrx_word' id='word_1_233' title='bbox 892 2983 1364 3038; x_wconf 74' lang='lat' dir='ltr'><strong>resurrec-iunem.</strong></span> <span class='ocrx_word' id='word_1_234' title='bbox 1405 2982 1471 3037; x_wconf 83' lang='lat' dir='ltr'><strong>At</strong></span> <span class='ocrx_word' id='word_1_235' title='bbox 1526 2983 1665 3038; x_wconf 83' lang='lat' dir='ltr'><strong>beati</strong></span> <span class='ocrx_word' id='word_1_236' title='bbox 1723 2981 1938 3052; x_wconf 89' lang='lat' dir='ltr'><strong>quidem</strong></span> <span class='ocrx_word' id='word_1_237' title='bbox 1968 2981 2135 3036; x_wconf 86' lang='lat' dir='ltr'><strong>disci-</strong></span> 
     </span>
    </p>
   </div>
   <div class='ocr_carea' id='block_1_33' title="bbox 551 3073 2131 3148">
    <p class='ocr_par' dir='ltr' id='par_1_33' title="bbox 551 3073 2131 3148">
     <span class='ocr_line' id='line_1_33' title="bbox 551 3073 2131 3148; baseline -0.003 -18"><span class='ocrx_word' id='word_1_238' title='bbox 551 3077 665 3148; x_wconf 85' lang='lat' dir='ltr'><strong>puli</strong></span> <span class='ocrx_word' id='word_1_239' title='bbox 749 3080 894 3132; x_wconf 74' lang='lat' dir='ltr'><strong>velut</strong></span> <span class='ocrx_word' id='word_1_240' title='bbox 944 3075 1165 3129; x_wconf 84' lang='lat' dir='ltr'><strong>Christo</strong></span> <span class='ocrx_word' id='word_1_241' title='bbox 1229 3075 1479 3142; x_wconf 77' lang='lat' dir='ltr'><strong>precibus</strong></span> <span class='ocrx_word' id='word_1_242' title='bbox 1538 3082 1818 3138; x_wconf 86' lang='lat' dir='ltr'><strong>vaeante,.</strong></span> <span class='ocrx_word' id='word_1_243' title='bbox 1855 3073 2131 3143; x_wconf 85' lang='lat' dir='ltr'><strong>paululum</strong></span> 
     </span>
    </p>
   </div>
   <div class='ocr_carea' id='block_1_34' title="bbox 2225 579 3776 664">
    <p class='ocr_par' dir='ltr' id='par_1_34' title="bbox 2225 579 3776 664">
     <span class='ocr_line' id='line_1_34' title="bbox 2225 579 3776 664; baseline 0.006 -28"><span class='ocrx_word' id='word_1_244' title='bbox 2225 601 2440 654; x_wconf 79' lang='grc' dir='ltr'>σφημον</span> <span class='ocrx_word' id='word_1_245' title='bbox 2499 586 2664 638; x_wconf 80' lang='grc' dir='ltr'>αὑτὸν</span> <span class='ocrx_word' id='word_1_246' title='bbox 2725 579 2866 638; x_wconf 79' lang='grc' dir='ltr'>εἶναι</span> <span class='ocrx_word' id='word_1_247' title='bbox 2935 583 3208 655; x_wconf 76' lang='grc' dir='ltr'>ἐνόμιζον,</span> <span class='ocrx_word' id='word_1_248' title='bbox 3246 584 3320 650; x_wconf 82' lang='grc' dir='ltr'>ὡς</span> <span class='ocrx_word' id='word_1_249' title='bbox 3351 589 3776 664; x_wconf 80' lang='grc' dir='ltr'>σφετεριζόμενον</span> 
     </span>
    </p>
   </div>
   <div class='ocr_carea' id='block_1_35' title="bbox 2221 675 3778 756">
    <p class='ocr_par' dir='ltr' id='par_1_35' title="bbox 2221 675 3778 756">
     <span class='ocr_line' id='line_1_35' title="bbox 2221 675 3778 756; baseline 0.017 -29"><span class='ocrx_word' id='word_1_250' title='bbox 2221 675 2380 740; x_wconf 74' lang='grc' dir='ltr'>δόξαν</span> <span class='ocrx_word' id='word_1_251' title='bbox 2427 678 2488 730; x_wconf 82' lang='grc' dir='ltr'><strong>οὐ</strong></span> <span class='ocrx_word' id='word_1_252' title='bbox 2556 679 2941 750; x_wconf 83' lang='grc' dir='ltr'>προσήκουσαν</span> <span class='ocrx_word' id='word_1_253' title='bbox 2980 678 3153 750; x_wconf 78' lang='grc' dir='ltr'>αὐτῷ,</span> <span class='ocrx_word' id='word_1_254' title='bbox 3185 679 3284 750; x_wconf 80' lang='grc' dir='ltr'>τὴν</span> <span class='ocrx_word' id='word_1_255' title='bbox 3311 681 3404 734; x_wconf 73' lang='grc' dir='ltr'><strong>τοῦ</strong></span> <span class='ocrx_word' id='word_1_256' title='bbox 3437 684 3662 756; x_wconf 75' lang='grc' dir='ltr'>Πατρδς,</span> <span class='ocrx_word' id='word_1_257' title='bbox 3692 691 3778 742; x_wconf 69' lang='grc' dir='ltr'><strong>καὶ</strong></span> 
     </span>
    </p>
   </div>
   <div class='ocr_carea' id='block_1_36' title="bbox 2223 762 3780 834">
    <p class='ocr_par' dir='ltr' id='par_1_36' title="bbox 2223 762 3780 834">
     <span class='ocr_line' id='line_1_36' title="bbox 2223 762 3780 834; baseline 0.007 -17"><span class='ocrx_word' id='word_1_258' title='bbox 2223 765 2408 834; x_wconf 80' lang='grc' dir='ltr'>ἔλεγον</span> <span class='ocrx_word' id='word_1_259' title='bbox 2431 783 2446 797; x_wconf 71' lang='grc' dir='ltr'><strong>ο</strong></span> <span class='ocrx_word' id='word_1_260' title='bbox 2487 785 2506 818; x_wconf 90' lang='grc' dir='ltr'>ι</span> <span class='ocrx_word' id='word_1_261' title='bbox 2539 762 2710 832; x_wconf 76' lang='grc' dir='ltr'>οὗτος</span> <span class='ocrx_word' id='word_1_262' title='bbox 2735 769 2838 821; x_wconf 79' lang='grc' dir='ltr'><strong>οὐκ</strong></span> <span class='ocrx_word' id='word_1_263' title='bbox 2859 767 3008 822; x_wconf 76' lang='grc' dir='ltr'>ἔστιν</span> <span class='ocrx_word' id='word_1_264' title='bbox 3039 769 3106 822; x_wconf 81' lang='grc' dir='ltr'>ὲκ</span> <span class='ocrx_word' id='word_1_265' title='bbox 3151 768 3314 832; x_wconf 84' lang='grc' dir='ltr'>Θεοῦ,</span> <span class='ocrx_word' id='word_1_266' title='bbox 3339 770 3419 822; x_wconf 81' lang='grc' dir='ltr'><strong>ὅτι</strong></span> <span class='ocrx_word' id='word_1_267' title='bbox 3438 771 3496 824; x_wconf 76' lang='grc' dir='ltr'>τὸ</span> <span class='ocrx_word' id='word_1_268' title='bbox 3523 773 3780 828; x_wconf 68' lang='grc' dir='ltr'>Σάϐϐατόν</span> 
     </span>
    </p>
   </div>
   <div class='ocr_carea' id='block_1_37' title="bbox 2222 857 3777 932">
    <p class='ocr_par' dir='ltr' id='par_1_37' title="bbox 2222 857 3777 932">
     <span class='ocr_line' id='line_1_37' title="bbox 2222 857 3777 932; baseline 0.009 -24"><span class='ocrx_word' id='word_1_269' title='bbox 2222 857 2284 908; x_wconf 82' lang='grc' dir='ltr'><strong>οὐ</strong></span> <span class='ocrx_word' id='word_1_270' title='bbox 2318 859 2495 926; x_wconf 79' lang='grc' dir='ltr'>τηρεῖ.</span> <span class='ocrx_word' id='word_1_271' title='bbox 2532 877 2550 910; x_wconf 81' lang='grc' dir='ltr'>ι</span> <span class='ocrx_word' id='word_1_272' title='bbox 2587 859 2697 912; x_wconf 72' lang='grc' dir='ltr'>Καὶ</span> <span class='ocrx_word' id='word_1_273' title='bbox 2746 859 2912 914; x_wconf 84' lang='grc' dir='ltr'>πάλιν</span> <span class='ocrx_word' id='word_1_274' title='bbox 2935 875 2950 888; x_wconf 77' lang='grc'>⁸</span> <span class='ocrx_word' id='word_1_275' title='bbox 2983 877 3012 910; x_wconf 78' lang='grc'><strong>·‹</strong></span> <span class='ocrx_word' id='word_1_276' title='bbox 3052 860 3188 931; x_wconf 77' lang='grc' dir='ltr'>Περὶ</span> <span class='ocrx_word' id='word_1_277' title='bbox 3235 860 3402 914; x_wconf 79' lang='grc' dir='ltr'>καλοῦ</span> <span class='ocrx_word' id='word_1_278' title='bbox 3438 862 3594 932; x_wconf 78' lang='grc' dir='ltr'>ἔργου</span> <span class='ocrx_word' id='word_1_279' title='bbox 3619 867 3677 920; x_wconf 82' lang='grc' dir='ltr'>οὐ</span> <span class='ocrx_word' id='word_1_280' title='bbox 3703 867 3777 922; x_wconf 83' lang='grc' dir='ltr'>λι-</span> 
     </span>
    </p>
   </div>
   <div class='ocr_carea' id='block_1_38' title="bbox 2224 947 3783 1030">
    <p class='ocr_par' dir='ltr' id='par_1_38' title="bbox 2224 947 3783 1030">
     <span class='ocr_line' id='line_1_38' title="bbox 2224 947 3783 1030; baseline 0.006 -28"><span class='ocrx_word' id='word_1_281' title='bbox 2224 947 2462 1017; x_wconf 74' lang='grc' dir='ltr'>θάζομέν</span> <span class='ocrx_word' id='word_1_282' title='bbox 2501 967 2559 1003; x_wconf 87' lang='grc' dir='ltr'><strong>σε</strong></span> <span class='ocrx_word' id='word_1_283' title='bbox 2583 968 2596 982; x_wconf 90' lang='grc'><strong>·</strong></span> <span class='ocrx_word' id='word_1_284' title='bbox 2625 951 2761 1005; x_wconf 79' lang='grc' dir='ltr'>ἀλλὰ</span> <span class='ocrx_word' id='word_1_285' title='bbox 2793 953 2924 1022; x_wconf 74' lang='grc' dir='ltr'>περὶ</span> <span class='ocrx_word' id='word_1_286' title='bbox 2955 952 3330 1023; x_wconf 73' lang='grc' dir='ltr'><strong>βλασφημίας,</strong></span> <span class='ocrx_word' id='word_1_287' title='bbox 3361 955 3454 1008; x_wconf 79' lang='grc' dir='ltr'><strong>καὶ</strong></span> <span class='ocrx_word' id='word_1_288' title='bbox 3479 955 3558 1010; x_wconf 85' lang='grc' dir='ltr'>ὅτι</span> <span class='ocrx_word' id='word_1_289' title='bbox 3586 957 3783 1030; x_wconf 76' lang='grc' dir='ltr'>ἄνθρω-</span> 
     </span>
    </p>
   </div>
   <div class='ocr_carea' id='block_1_39' title="bbox 2225 1040 3783 1120">
    <p class='ocr_par' dir='ltr' id='par_1_39' title="bbox 2225 1040 3783 1120">
     <span class='ocr_line' id='line_1_39' title="bbox 2225 1040 3783 1120; baseline 0.008 -27"><span class='ocrx_word' id='word_1_290' title='bbox 2225 1058 2327 1102; x_wconf 86' lang='grc' dir='ltr'><strong>πος</strong></span> <span class='ocrx_word' id='word_1_291' title='bbox 2355 1040 2453 1104; x_wconf 84' lang='grc' dir='ltr'><strong>ὢν,</strong></span> <span class='ocrx_word' id='word_1_292' title='bbox 2505 1044 2684 1105; x_wconf 80' lang='grc' dir='ltr'><strong>ποιεῖς</strong></span> <span class='ocrx_word' id='word_1_293' title='bbox 2732 1043 2928 1096; x_wconf 70' lang='grc' dir='ltr'>ἑαυτὸν</span> <span class='ocrx_word' id='word_1_294' title='bbox 2974 1045 3130 1100; x_wconf 79' lang='grc' dir='ltr'>Θεόν.</span> <span class='ocrx_word' id='word_1_295' title='bbox 3169 1064 3189 1096; x_wconf 78' lang='grc' dir='ltr'>ι</span> <span class='ocrx_word' id='word_1_296' title='bbox 3224 1045 3343 1098; x_wconf 83' lang='grc' dir='ltr'>Ἵνα</span> <span class='ocrx_word' id='word_1_297' title='bbox 3371 1047 3553 1119; x_wconf 81' lang='grc' dir='ltr'><strong>δειχθῇ</strong></span> <span class='ocrx_word' id='word_1_298' title='bbox 3590 1051 3669 1104; x_wconf 76' lang='grc' dir='ltr'>ὅτι</span> <span class='ocrx_word' id='word_1_299' title='bbox 3700 1051 3783 1120; x_wconf 77' lang='grc' dir='ltr'><strong>βα-</strong></span> 
     </span>
    </p>
   </div>
   <div class='ocr_carea' id='block_1_40' title="bbox 2227 1134 3782 1212">
    <p class='ocr_par' dir='ltr' id='par_1_40' title="bbox 2227 1134 3782 1212">
     <span class='ocr_line' id='line_1_40' title="bbox 2227 1134 3782 1212; baseline 0.006 -26"><span class='ocrx_word' id='word_1_300' title='bbox 2227 1134 2456 1197; x_wconf 77' lang='grc' dir='ltr'>σκανίας</span> <span class='ocrx_word' id='word_1_301' title='bbox 2478 1135 2766 1206; x_wconf 83' lang='grc' dir='ltr'>ἀμφότερα</span> <span class='ocrx_word' id='word_1_302' title='bbox 2787 1136 2858 1189; x_wconf 80' lang='grc' dir='ltr'><strong>τὰ</strong></span> <span class='ocrx_word' id='word_1_303' title='bbox 2878 1135 3224 1208; x_wconf 75' lang='grc' dir='ltr'>ἐγκλήματα,</span> <span class='ocrx_word' id='word_1_304' title='bbox 3255 1139 3354 1192; x_wconf 72' lang='grc' dir='ltr'>καὶ</span> <span class='ocrx_word' id='word_1_305' title='bbox 3383 1141 3653 1212; x_wconf 80' lang='grc' dir='ltr'><strong>ἑκατέρων</strong></span> <span class='ocrx_word' id='word_1_306' title='bbox 3675 1144 3782 1198; x_wconf 63' lang='grc' dir='ltr'><strong>τούκ</strong></span> 
     </span>
    </p>
   </div>
   <div class='ocr_carea' id='block_1_41' title="bbox 2223 1225 3783 1301">
    <p class='ocr_par' dir='ltr' id='par_1_41' title="bbox 2223 1225 3783 1301">
     <span class='ocr_line' id='line_1_41' title="bbox 2223 1225 3783 1301; baseline 0.008 -23"><span class='ocrx_word' id='word_1_307' title='bbox 2223 1243 2330 1280; x_wconf 87' lang='grc' dir='ltr'>των</span> <span class='ocrx_word' id='word_1_308' title='bbox 2364 1225 2516 1280; x_wconf 80' lang='grc' dir='ltr'>ἔστιν</span> <span class='ocrx_word' id='word_1_309' title='bbox 2545 1227 2841 1292; x_wconf 81' lang='grc' dir='ltr'><strong>ἀνεύθυνος</strong></span> <span class='ocrx_word' id='word_1_310' title='bbox 2864 1245 2880 1261; x_wconf 76' lang='grc' dir='ltr'><strong>ο</strong></span> <span class='ocrx_word' id='word_1_311' title='bbox 2913 1229 3010 1282; x_wconf 79' lang='grc' dir='ltr'><strong>καὶ</strong></span> <span class='ocrx_word' id='word_1_312' title='bbox 3025 1228 3148 1282; x_wconf 72' lang='grc' dir='ltr'>οὔτε</span> <span class='ocrx_word' id='word_1_313' title='bbox 3175 1231 3338 1301; x_wconf 77' lang='grc' dir='ltr'>νόμον</span> <span class='ocrx_word' id='word_1_314' title='bbox 3362 1233 3783 1301; x_wconf 80' lang='grc' dir='ltr'>παράϐασίςὲοτι</span> 
     </span>
    </p>
   </div>
   <div class='ocr_carea' id='block_1_42' title="bbox 2225 1317 3784 1396">
    <p class='ocr_par' dir='ltr' id='par_1_42' title="bbox 2225 1317 3784 1396">
     <span class='ocr_line' id='line_1_42' title="bbox 2225 1317 3784 1396; baseline -0.001 -26"><span class='ocrx_word' id='word_1_315' title='bbox 2225 1317 2286 1370; x_wconf 82' lang='grc' dir='ltr'>τὺ</span> <span class='ocrx_word' id='word_1_316' title='bbox 2313 1319 2618 1388; x_wconf 82' lang='grc' dir='ltr'>γινόμενον,</span> <span class='ocrx_word' id='word_1_317' title='bbox 2650 1318 2776 1372; x_wconf 75' lang='grc' dir='ltr'>οὔτε</span> <span class='ocrx_word' id='word_1_318' title='bbox 2821 1319 2981 1391; x_wconf 77' lang='grc' dir='ltr'>δόξης</span> <span class='ocrx_word' id='word_1_319' title='bbox 3026 1322 3394 1392; x_wconf 73' lang='grc' dir='ltr'>σφετερισμὺς</span> <span class='ocrx_word' id='word_1_320' title='bbox 3423 1323 3524 1393; x_wconf 81' lang='grc' dir='ltr'><strong>τῆς</strong></span> <span class='ocrx_word' id='word_1_321' title='bbox 3549 1326 3608 1378; x_wconf 77' lang='grc' dir='ltr'>οὐ</span> <span class='ocrx_word' id='word_1_322' title='bbox 3633 1343 3784 1396; x_wconf 74' lang='grc' dir='ltr'>προσ.</span> 
     </span>
    </p>
   </div>
   <div class='ocr_carea' id='block_1_43' title="bbox 2226 1410 3786 1486">
    <p class='ocr_par' dir='ltr' id='par_1_43' title="bbox 2226 1410 3786 1486">
     <span class='ocr_line' id='line_1_43' title="bbox 2226 1410 3786 1486; baseline 0.006 -23"><span class='ocrx_word' id='word_1_323' title='bbox 2226 1410 2496 1481; x_wconf 80' lang='grc' dir='ltr'>ηκούσης·</span> <span class='ocrx_word' id='word_1_324' title='bbox 2523 1411 2585 1465; x_wconf 81' lang='grc' dir='ltr'><strong>τὸ</strong></span> <span class='ocrx_word' id='word_1_325' title='bbox 2621 1412 2802 1480; x_wconf 75' lang='grc' dir='ltr'>λέγειν</span> <span class='ocrx_word' id='word_1_326' title='bbox 2839 1413 3034 1467; x_wconf 77' lang='grc' dir='ltr'>ἑαυτὸν</span> <span class='ocrx_word' id='word_1_327' title='bbox 3077 1413 3190 1469; x_wconf 79' lang='grc' dir='ltr'>ἴσον</span> <span class='ocrx_word' id='word_1_328' title='bbox 3226 1413 3306 1484; x_wconf 82' lang='grc' dir='ltr'>τῷ</span> <span class='ocrx_word' id='word_1_329' title='bbox 3335 1415 3512 1486; x_wconf 82' lang='grc' dir='ltr'>Πατρί</span> <span class='ocrx_word' id='word_1_330' title='bbox 3535 1431 3552 1447; x_wconf 76' lang='grc' dir='ltr'><strong><em>ο</em></strong></span> <span class='ocrx_word' id='word_1_331' title='bbox 3590 1419 3709 1482; x_wconf 77' lang='grc' dir='ltr'>τοὺς</span> <span class='ocrx_word' id='word_1_332' title='bbox 3736 1424 3786 1472; x_wconf 79' lang='grc' dir='ltr'>ἐν</span> 
     </span>
    </p>
   </div>
   <div class='ocr_carea' id='block_1_44' title="bbox 2226 1503 3786 1584">
    <p class='ocr_par' dir='ltr' id='par_1_44' title="bbox 2226 1503 3786 1584">
     <span class='ocr_line' id='line_1_44' title="bbox 2226 1503 3786 1584; baseline 0.006 -29"><span class='ocrx_word' id='word_1_333' title='bbox 2226 1504 2474 1575; x_wconf 63' lang='grc' dir='ltr'>ἑκατέρῳ</span> <span class='ocrx_word' id='word_1_334' title='bbox 2499 1503 2823 1575; x_wconf 78' lang='grc' dir='ltr'>λάμψαντας</span> <span class='ocrx_word' id='word_1_335' title='bbox 2845 1504 3053 1558; x_wconf 79' lang='grc' dir='ltr'>τούτων</span> <span class='ocrx_word' id='word_1_336' title='bbox 3071 1508 3161 1570; x_wconf 69' lang='grc' dir='ltr'><strong>εἰς</strong></span> <span class='ocrx_word' id='word_1_337' title='bbox 3193 1507 3358 1578; x_wconf 82' lang='grc' dir='ltr'><strong>μέσον</strong></span> <span class='ocrx_word' id='word_1_338' title='bbox 3393 1507 3515 1576; x_wconf 73' lang='grc' dir='ltr'>ἄγει</span> <span class='ocrx_word' id='word_1_339' title='bbox 3539 1511 3662 1564; x_wconf 75' lang='grc' dir='ltr'>’καὶ</span> <span class='ocrx_word' id='word_1_340' title='bbox 3691 1512 3786 1584; x_wconf 75' lang='grc' dir='ltr'><strong>γὰρ</strong></span> 
     </span>
    </p>
   </div>
   <div class='ocr_carea' id='block_1_45' title="bbox 2227 1595 3786 1672">
    <p class='ocr_par' dir='ltr' id='par_1_45' title="bbox 2227 1595 3786 1672">
     <span class='ocr_line' id='line_1_45' title="bbox 2227 1595 3786 1672; baseline 0.006 -22"><span class='ocrx_word' id='word_1_341' title='bbox 2227 1595 2470 1664; x_wconf 82' lang='grc' dir='ltr'><strong>Μωῦσῆς</strong></span> <span class='ocrx_word' id='word_1_342' title='bbox 2509 1595 2602 1650; x_wconf 86' lang='grc' dir='ltr'><strong>τὸν</strong></span> <span class='ocrx_word' id='word_1_343' title='bbox 2637 1597 2803 1667; x_wconf 84' lang='grc' dir='ltr'>νόμον</span> <span class='ocrx_word' id='word_1_344' title='bbox 2835 1597 3009 1652; x_wconf 78' lang='grc' dir='ltr'>ἔδωκε</span> <span class='ocrx_word' id='word_1_345' title='bbox 3033 1615 3048 1631; x_wconf 91' lang='grc'><strong>·</strong></span> <span class='ocrx_word' id='word_1_346' title='bbox 3083 1599 3180 1653; x_wconf 71' lang='grc' dir='ltr'><strong>καὶ</strong></span> <span class='ocrx_word' id='word_1_347' title='bbox 3201 1601 3469 1670; x_wconf 73' lang='grc' dir='ltr'>ἠδύναντο</span> <span class='ocrx_word' id='word_1_348' title='bbox 3487 1603 3786 1672; x_wconf 82' lang='grc' dir='ltr'>λογίσασθαι</span> 
     </span>
    </p>
   </div>
   <div class='ocr_carea' id='block_1_46' title="bbox 2227 1688 3788 1766">
    <p class='ocr_par' dir='ltr' id='par_1_46' title="bbox 2227 1688 3788 1766">
     <span class='ocr_line' id='line_1_46' title="bbox 2227 1688 3788 1766; baseline 0.007 -24"><span class='ocrx_word' id='word_1_349' title='bbox 2227 1691 2274 1742; x_wconf 91' lang='grc' dir='ltr'>οἱ</span> <span class='ocrx_word' id='word_1_350' title='bbox 2316 1688 2580 1754; x_wconf 73' lang='grc' dir='ltr'>Ἰουδαῖοι,</span> <span class='ocrx_word' id='word_1_351' title='bbox 2616 1691 2700 1744; x_wconf 86' lang='grc' dir='ltr'>ὅτι</span> <span class='ocrx_word' id='word_1_352' title='bbox 2735 1691 2836 1745; x_wconf 83' lang='grc' dir='ltr'>οὐκ</span> <span class='ocrx_word' id='word_1_353' title='bbox 2866 1691 2934 1746; x_wconf 83' lang='grc' dir='ltr'><strong>ἂν</strong></span> <span class='ocrx_word' id='word_1_354' title='bbox 2986 1693 3226 1764; x_wconf 84' lang='grc' dir='ltr'><strong>περιεῖδε</strong></span> <span class='ocrx_word' id='word_1_355' title='bbox 3263 1695 3356 1748; x_wconf 74' lang='grc' dir='ltr'><strong>τὸν</strong></span> <span class='ocrx_word' id='word_1_356' title='bbox 3405 1697 3788 1766; x_wconf 73' lang='grc' dir='ltr'>παραϐαίνοντα</span> 
     </span>
    </p>
   </div>
   <div class='ocr_carea' id='block_1_47' title="bbox 2227 1781 3785 1859">
    <p class='ocr_par' dir='ltr' id='par_1_47' title="bbox 2227 1781 3785 1859">
     <span class='ocr_line' id='line_1_47' title="bbox 2227 1781 3785 1859; baseline 0.008 -25"><span class='ocrx_word' id='word_1_357' title='bbox 2227 1783 2423 1835; x_wconf 78' lang='grc' dir='ltr'>αὐτόν·</span> <span class='ocrx_word' id='word_1_358' title='bbox 2460 1781 2556 1836; x_wconf 74' lang='grc' dir='ltr'><strong>καὶ</strong></span> <span class='ocrx_word' id='word_1_359' title='bbox 2595 1781 2672 1852; x_wconf 81' lang='grc' dir='ltr'>τῷ</span> <span class='ocrx_word' id='word_1_360' title='bbox 2701 1781 2977 1837; x_wconf 85' lang='grc' dir='ltr'>τεθεικότι</span> <span class='ocrx_word' id='word_1_361' title='bbox 3007 1785 3270 1855; x_wconf 84' lang='grc' dir='ltr'>πολέμιον</span> <span class='ocrx_word' id='word_1_362' title='bbox 3300 1786 3671 1858; x_wconf 75' lang='grc' dir='ltr'><strong>ἐθεράπευσεν</strong></span> <span class='ocrx_word' id='word_1_363' title='bbox 3699 1793 3785 1859; x_wconf 77' lang='grc' dir='ltr'>ἄνς</span> 
     </span>
    </p>
   </div>
   <div class='ocr_carea' id='block_1_48' title="bbox 2229 1875 3788 1952">
    <p class='ocr_par' dir='ltr' id='par_1_48' title="bbox 2229 1875 3788 1952">
     <span class='ocr_line' id='line_1_48' title="bbox 2229 1875 3788 1952; baseline 0.006 -24"><span class='ocrx_word' id='word_1_364' title='bbox 2229 1877 2321 1930; x_wconf 78' lang='grc' dir='ltr'>καὶ</span> <span class='ocrx_word' id='word_1_365' title='bbox 2375 1875 2561 1940; x_wconf 80' lang='grc' dir='ltr'>Ἠλίας</span> <span class='ocrx_word' id='word_1_366' title='bbox 2583 1875 2641 1930; x_wconf 83' lang='grc' dir='ltr'>δὲ</span> <span class='ocrx_word' id='word_1_367' title='bbox 2665 1877 2804 1948; x_wconf 79' lang='grc' dir='ltr'>ὑπὲρ</span> <span class='ocrx_word' id='word_1_368' title='bbox 2823 1878 2923 1947; x_wconf 84' lang='grc' dir='ltr'><strong>τῆς</strong></span> <span class='ocrx_word' id='word_1_369' title='bbox 2944 1876 3100 1947; x_wconf 75' lang='grc' dir='ltr'>δόξης</span> <span class='ocrx_word' id='word_1_370' title='bbox 3130 1878 3228 1932; x_wconf 81' lang='grc' dir='ltr'><strong>τοῦ</strong></span> <span class='ocrx_word' id='word_1_371' title='bbox 3257 1879 3397 1934; x_wconf 89' lang='grc' dir='ltr'>Θεοῦ</span> <span class='ocrx_word' id='word_1_372' title='bbox 3415 1880 3652 1952; x_wconf 77' lang='grc' dir='ltr'><strong>ἐζήλωσε</strong></span> <span class='ocrx_word' id='word_1_373' title='bbox 3672 1901 3686 1916; x_wconf 80' lang='grc' dir='ltr'><strong>ο</strong></span> <span class='ocrx_word' id='word_1_374' title='bbox 3707 1889 3788 1937; x_wconf 73' lang='grc' dir='ltr'><strong>καὶ</strong></span> 
     </span>
    </p>
   </div>
   <div class='ocr_carea' id='block_1_49' title="bbox 2229 1965 3788 2043">
    <p class='ocr_par' dir='ltr' id='par_1_49' title="bbox 2229 1965 3788 2043">
     <span class='ocr_line' id='line_1_49' title="bbox 2229 1965 3788 2043; baseline 0.006 -23"><span class='ocrx_word' id='word_1_375' title='bbox 2229 1969 2330 2021; x_wconf 79' lang='grc' dir='ltr'><strong>οὐκ</strong></span> <span class='ocrx_word' id='word_1_376' title='bbox 2360 1969 2427 2022; x_wconf 82' lang='grc' dir='ltr'><strong>ἂν</strong></span> <span class='ocrx_word' id='word_1_377' title='bbox 2464 1970 2512 2021; x_wconf 76' lang='grc' dir='ltr'>εἰ</span> <span class='ocrx_word' id='word_1_378' title='bbox 2545 1967 2791 2032; x_wconf 81' lang='grc' dir='ltr'>ἀντίθεος</span> <span class='ocrx_word' id='word_1_379' title='bbox 2837 1965 2927 2041; x_wconf 76' lang='grc' dir='ltr'>ἦν,</span> <span class='ocrx_word' id='word_1_380' title='bbox 2961 1971 3053 2023; x_wconf 79' lang='grc' dir='ltr'><strong>καὶ</strong></span> <span class='ocrx_word' id='word_1_381' title='bbox 3093 1971 3229 2024; x_wconf 80' lang='grc' dir='ltr'>Θεὸν</span> <span class='ocrx_word' id='word_1_382' title='bbox 3259 1972 3457 2026; x_wconf 77' lang='grc' dir='ltr'>ἑαυτὸν</span> <span class='ocrx_word' id='word_1_383' title='bbox 3482 1973 3662 2043; x_wconf 74' lang='grc' dir='ltr'>ἔλεγεν</span> <span class='ocrx_word' id='word_1_384' title='bbox 3689 1977 3788 2030; x_wconf 79' lang='grc' dir='ltr'>ἴσον</span> 
     </span>
    </p>
   </div>
   <div class='ocr_carea' id='block_1_50' title="bbox 2229 2060 3790 2139">
    <p class='ocr_par' dir='ltr' id='par_1_50' title="bbox 2229 2060 3790 2139">
     <span class='ocr_line' id='line_1_50' title="bbox 2229 2060 3790 2139; baseline 0.007 -27"><span class='ocrx_word' id='word_1_385' title='bbox 2229 2060 2308 2130; x_wconf 87' lang='grc' dir='ltr'><strong>τῷ</strong></span> <span class='ocrx_word' id='word_1_386' title='bbox 2336 2061 2532 2132; x_wconf 74' lang='grc' dir='ltr'>Πατρὶ,</span> <span class='ocrx_word' id='word_1_387' title='bbox 2579 2061 2655 2132; x_wconf 83' lang='grc' dir='ltr'>μὴ</span> <span class='ocrx_word' id='word_1_388' title='bbox 2707 2061 2784 2115; x_wconf 81' lang='grc' dir='ltr'>ὢν</span> <span class='ocrx_word' id='word_1_389' title='bbox 2833 2063 2971 2130; x_wconf 81' lang='grc' dir='ltr'>ὅπερ</span> <span class='ocrx_word' id='word_1_390' title='bbox 3037 2062 3217 2132; x_wconf 74' lang='grc' dir='ltr'>ἔλεγε,</span> <span class='ocrx_word' id='word_1_391' title='bbox 3263 2065 3402 2136; x_wconf 79' lang='grc' dir='ltr'>μηδὲ</span> <span class='ocrx_word' id='word_1_392' title='bbox 3430 2069 3790 2139; x_wconf 73' lang='grc' dir='ltr'><strong>προσηκόντως</strong></span> 
     </span>
    </p>
   </div>
   <div class='ocr_carea' id='block_1_51' title="bbox 2229 2142 3784 2230">
    <p class='ocr_par' dir='ltr' id='par_1_51' title="bbox 2229 2142 3784 2230">
     <span class='ocr_line' id='line_1_51' title="bbox 2229 2142 3784 2230; baseline 0.006 -25"><span class='ocrx_word' id='word_1_393' title='bbox 2229 2154 2388 2206; x_wconf 87' lang='grc' dir='ltr'>τοῦτο</span> <span class='ocrx_word' id='word_1_394' title='bbox 2451 2152 2620 2206; x_wconf 83' lang='grc' dir='ltr'>ποιῶν</span> <span class='ocrx_word' id='word_1_395' title='bbox 2650 2169 2662 2183; x_wconf 92' lang='grc'>·</span> <span class='ocrx_word' id='word_1_396' title='bbox 2697 2153 2946 2226; x_wconf 82' lang='grc' dir='ltr'><strong>παρέστη</strong></span> <span class='ocrx_word' id='word_1_397' title='bbox 2997 2155 3092 2209; x_wconf 80' lang='grc' dir='ltr'><strong>καὶ</strong></span> <span class='ocrx_word' id='word_1_398' title='bbox 3139 2157 3305 2222; x_wconf 82' lang='grc' dir='ltr'>αὐτὸς</span> <span class='ocrx_word' id='word_1_399' title='bbox 3355 2142 3784 2230; x_wconf 53' lang='grc' dir='ltr'>καιῦπήκουσεν.</span> 
     </span>
    </p>
   </div>
   <div class='ocr_carea' id='block_1_52' title="bbox 2235 2245 3788 2326">
    <p class='ocr_par' dir='ltr' id='par_1_52' title="bbox 2235 2245 3788 2326">
     <span class='ocr_line' id='line_1_52' title="bbox 2235 2245 3788 2326; baseline 0.006 -27"><span class='ocrx_word' id='word_1_400' title='bbox 2235 2245 2394 2299; x_wconf 84' lang='grc' dir='ltr'>Ἔστι</span> <span class='ocrx_word' id='word_1_401' title='bbox 2429 2245 2487 2300; x_wconf 84' lang='grc' dir='ltr'>δὲ</span> <span class='ocrx_word' id='word_1_402' title='bbox 2513 2247 2605 2302; x_wconf 75' lang='grc' dir='ltr'>καὶ</span> <span class='ocrx_word' id='word_1_403' title='bbox 2635 2247 2830 2319; x_wconf 72' lang='grc' dir='ltr'>ἑτέραν</span> <span class='ocrx_word' id='word_1_404' title='bbox 2859 2247 3040 2302; x_wconf 64' lang='grc' dir='ltr'>αἰτίαν</span> <span class='ocrx_word' id='word_1_405' title='bbox 3063 2250 3241 2304; x_wconf 81' lang='grc' dir='ltr'>εἰπεῖν</span> <span class='ocrx_word' id='word_1_406' title='bbox 3279 2251 3424 2320; x_wconf 66' lang='grc' dir='ltr'>μετὰ</span> <span class='ocrx_word' id='word_1_407' title='bbox 3459 2252 3565 2307; x_wconf 79' lang='grc' dir='ltr'><strong>⁶τῶν</strong></span> <span class='ocrx_word' id='word_1_408' title='bbox 3587 2256 3788 2326; x_wconf 68' lang='grc' dir='ltr'>εἰρημέ-</span> 
     </span>
    </p>
   </div>
   <div class='ocr_carea' id='block_1_53' title="bbox 2231 2339 3785 2413">
    <p class='ocr_par' dir='ltr' id='par_1_53' title="bbox 2231 2339 3785 2413">
     <span class='ocr_line' id='line_1_53' title="bbox 2231 2339 3785 2413; baseline 0.007 -21"><span class='ocrx_word' id='word_1_409' title='bbox 2231 2355 2338 2392; x_wconf 86' lang='grc' dir='ltr'>νων</span> <span class='ocrx_word' id='word_1_410' title='bbox 2365 2356 2378 2371; x_wconf 93' lang='grc'><strong>·</strong></span> <span class='ocrx_word' id='word_1_411' title='bbox 2415 2339 2580 2410; x_wconf 80' lang='grc' dir='ltr'>ποίαν</span> <span class='ocrx_word' id='word_1_412' title='bbox 2608 2340 2671 2412; x_wconf 82' lang='grc' dir='ltr'><strong>δὴ</strong></span> <span class='ocrx_word' id='word_1_413' title='bbox 2697 2339 2904 2410; x_wconf 78' lang='grc' dir='ltr'>ταύτην</span> <span class='ocrx_word' id='word_1_414' title='bbox 2934 2357 2949 2407; x_wconf 92' lang='lat'><strong>;</strong></span> <span class='ocrx_word' id='word_1_415' title='bbox 2978 2340 3066 2396; x_wconf 79' lang='grc' dir='ltr'>ἵνα</span> <span class='ocrx_word' id='word_1_416' title='bbox 3111 2342 3368 2413; x_wconf 76' lang='grc' dir='ltr'><strong>μάθωσιν</strong></span> <span class='ocrx_word' id='word_1_417' title='bbox 3396 2344 3481 2400; x_wconf 79' lang='grc' dir='ltr'>ὅτι</span> <span class='ocrx_word' id='word_1_418' title='bbox 3510 2349 3602 2400; x_wconf 72' lang='grc' dir='ltr'><strong>καὶ</strong></span> <span class='ocrx_word' id='word_1_419' title='bbox 3635 2347 3785 2403; x_wconf 75' lang='grc' dir='ltr'>θανά-</span> 
     </span>
    </p>
   </div>
   <div class='ocr_carea' id='block_1_54' title="bbox 2228 2429 3780 2504">
    <p class='ocr_par' dir='ltr' id='par_1_54' title="bbox 2228 2429 3780 2504">
     <span class='ocr_line' id='line_1_54' title="bbox 2228 2429 3780 2504; baseline 0.006 -21"><span class='ocrx_word' id='word_1_420' title='bbox 2228 2445 2324 2484; x_wconf 70' lang='grc' dir='ltr'>ιτου</span> <span class='ocrx_word' id='word_1_421' title='bbox 2356 2429 2452 2484; x_wconf 71' lang='grc' dir='ltr'>καὶ</span> <span class='ocrx_word' id='word_1_422' title='bbox 2485 2430 2631 2502; x_wconf 80' lang='grc' dir='ltr'><strong>ζωῆς</strong></span> <span class='ocrx_word' id='word_1_423' title='bbox 2686 2431 2940 2496; x_wconf 74' lang='grc' dir='ltr'>ἐξουσίαν</span> <span class='ocrx_word' id='word_1_424' title='bbox 2993 2432 3128 2504; x_wconf 75' lang='grc' dir='ltr'>ἔχει,</span> <span class='ocrx_word' id='word_1_425' title='bbox 3169 2437 3266 2488; x_wconf 73' lang='grc' dir='ltr'><strong>καὶ</strong></span> <span class='ocrx_word' id='word_1_426' title='bbox 3313 2435 3428 2490; x_wconf 84' lang='grc' dir='ltr'><strong>τῶν</strong></span> <span class='ocrx_word' id='word_1_427' title='bbox 3465 2439 3574 2493; x_wconf 76' lang='grc' dir='ltr'><strong>ἄνω</strong></span> <span class='ocrx_word' id='word_1_428' title='bbox 3596 2441 3780 2494; x_wconf 72' lang='grc' dir='ltr'>καὶτῶν</span> 
     </span>
    </p>
   </div>
   <div class='ocr_carea' id='block_1_55' title="bbox 2233 2525 3783 2596">
    <p class='ocr_par' dir='ltr' id='par_1_55' title="bbox 2233 2525 3783 2596">
     <span class='ocr_line' id='line_1_55' title="bbox 2233 2525 3783 2596; baseline 0.006 -18"><span class='ocrx_word' id='word_1_429' title='bbox 2233 2525 2384 2579; x_wconf 82' lang='grc' dir='ltr'>κάτω</span> <span class='ocrx_word' id='word_1_430' title='bbox 2411 2530 2623 2596; x_wconf 82' lang='grc' dir='ltr'>κρατεῖ.</span> <span class='ocrx_word' id='word_1_431' title='bbox 2659 2527 2760 2582; x_wconf 81' lang='grc' dir='ltr'><strong>Διὰ</strong></span> <span class='ocrx_word' id='word_1_432' title='bbox 2791 2526 2953 2582; x_wconf 83' lang='grc' dir='ltr'>τοῦτο</span> <span class='ocrx_word' id='word_1_433' title='bbox 2983 2531 3080 2584; x_wconf 74' lang='grc' dir='ltr'>καὶ</span> <span class='ocrx_word' id='word_1_434' title='bbox 3103 2531 3196 2586; x_wconf 77' lang='grc' dir='ltr'>τὸν</span> <span class='ocrx_word' id='word_1_435' title='bbox 3219 2531 3408 2596; x_wconf 82' lang='grc' dir='ltr'>ζῶντα</span> <span class='ocrx_word' id='word_1_436' title='bbox 3439 2535 3642 2590; x_wconf 79' lang='grc' dir='ltr'>καὶτὸν</span> <span class='ocrx_word' id='word_1_437' title='bbox 3659 2551 3783 2590; x_wconf 82' lang='grc' dir='ltr'>τετε·</span> 
     </span>
    </p>
   </div>
   <div class='ocr_carea' id='block_1_56' title="bbox 2233 2619 3788 2698">
    <p class='ocr_par' dir='ltr' id='par_1_56' title="bbox 2233 2619 3788 2698">
     <span class='ocr_line' id='line_1_56' title="bbox 2233 2619 3788 2698; baseline 0.006 -25"><span class='ocrx_word' id='word_1_438' title='bbox 2233 2619 2538 2692; x_wconf 80' lang='grc' dir='ltr'>λευτηκότα</span> <span class='ocrx_word' id='word_1_439' title='bbox 2568 2622 2649 2685; x_wconf 84' lang='grc' dir='ltr'><strong>είς</strong></span> <span class='ocrx_word' id='word_1_440' title='bbox 2689 2623 2856 2692; x_wconf 84' lang='grc' dir='ltr'>μέσον</span> <span class='ocrx_word' id='word_1_441' title='bbox 2886 2624 3033 2690; x_wconf 74' lang='grc' dir='ltr'>ἄγει.</span> <span class='ocrx_word' id='word_1_442' title='bbox 3070 2625 3184 2678; x_wconf 75' lang='grc' dir='ltr'><strong>Καὶ</strong></span> <span class='ocrx_word' id='word_1_443' title='bbox 3201 2627 3318 2698; x_wconf 82' lang='grc' dir='ltr'>γὰρ</span> <span class='ocrx_word' id='word_1_444' title='bbox 3351 2628 3680 2698; x_wconf 75' lang='grc' dir='ltr'>φαινόμενοι,</span> <span class='ocrx_word' id='word_1_445' title='bbox 3705 2629 3788 2682; x_wconf 63' lang='grc' dir='ltr'><strong>οὐκ</strong></span> 
     </span>
    </p>
   </div>
   <div class='ocr_carea' id='block_1_57' title="bbox 2233 2712 3792 2790">
    <p class='ocr_par' dir='ltr' id='par_1_57' title="bbox 2233 2712 3792 2790">
     <span class='ocr_line' id='line_1_57' title="bbox 2233 2712 3792 2790; baseline 0.004 -25"><span class='ocrx_word' id='word_1_446' title='bbox 2233 2712 2432 2780; x_wconf 80' lang='grc' dir='ltr'>ἐσίγων</span> <span class='ocrx_word' id='word_1_447' title='bbox 2455 2727 2469 2742; x_wconf 81' lang='grc'><em>’</em></span> <span class='ocrx_word' id='word_1_448' title='bbox 2513 2732 2532 2765; x_wconf 78' lang='grc' dir='ltr'>ι</span> <span class='ocrx_word' id='word_1_449' title='bbox 2567 2714 2684 2767; x_wconf 78' lang='grc' dir='ltr'>ἀλλ’</span> <span class='ocrx_word' id='word_1_450' title='bbox 2726 2713 2953 2769; x_wconf 81' lang='grc' dir='ltr'>ἐλάλουν</span> <span class='ocrx_word' id='word_1_451' title='bbox 3001 2718 3098 2786; x_wconf 78' lang='grc' dir='ltr'>τὴν</span> <span class='ocrx_word' id='word_1_452' title='bbox 3151 2717 3338 2784; x_wconf 77' lang='grc' dir='ltr'>ἔξοδον</span> <span class='ocrx_word' id='word_1_453' title='bbox 3372 2719 3440 2790; x_wconf 79' lang='grc' dir='ltr'>ἢν</span> <span class='ocrx_word' id='word_1_454' title='bbox 3471 2719 3652 2790; x_wconf 77' lang='grc' dir='ltr'>ἔμελλε</span> <span class='ocrx_word' id='word_1_455' title='bbox 3676 2721 3792 2788; x_wconf 83' lang='grc' dir='ltr'>πλη-</span> 
     </span>
    </p>
   </div>
   <div class='ocr_carea' id='block_1_58' title="bbox 2237 2803 3790 2878">
    <p class='ocr_par' dir='ltr' id='par_1_58' title="bbox 2237 2803 3790 2878">
     <span class='ocr_line' id='line_1_58' title="bbox 2237 2803 3790 2878; baseline 0.004 -22"><span class='ocrx_word' id='word_1_456' title='bbox 2237 2803 2367 2876; x_wconf 81' lang='grc' dir='ltr'>ροῦν</span> <span class='ocrx_word' id='word_1_457' title='bbox 2417 2808 2476 2859; x_wconf 80' lang='grc' dir='ltr'>ὲν</span> <span class='ocrx_word' id='word_1_458' title='bbox 2515 2805 2905 2878; x_wconf 80' lang='grc' dir='ltr'>Ἰερουσαλήμ,</span> <span class='ocrx_word' id='word_1_459' title='bbox 2943 2827 2962 2860; x_wconf 78' lang='grc' dir='ltr'>ι</span> <span class='ocrx_word' id='word_1_460' title='bbox 3004 2809 3269 2863; x_wconf 85' lang='grc' dir='ltr'>Τουτέστι</span> <span class='ocrx_word' id='word_1_461' title='bbox 3301 2809 3365 2864; x_wconf 77' lang='grc' dir='ltr'>τὸ</span> <span class='ocrx_word' id='word_1_462' title='bbox 3402 2811 3590 2878; x_wconf 80' lang='grc' dir='ltr'>πάθος,</span> <span class='ocrx_word' id='word_1_463' title='bbox 3613 2812 3790 2866; x_wconf 67' lang='grc' dir='ltr'>καὶτὸν</span> 
     </span>
    </p>
   </div>
   <div class='ocr_carea' id='block_1_59' title="bbox 2237 2896 3792 2976">
    <p class='ocr_par' dir='ltr' id='par_1_59' title="bbox 2237 2896 3792 2976">
     <span class='ocr_line' id='line_1_59' title="bbox 2237 2896 3792 2976; baseline 0.005 -27"><span class='ocrx_word' id='word_1_464' title='bbox 2237 2896 2494 2966; x_wconf 77' lang='grc' dir='ltr'>σταυρὸν,</span> <span class='ocrx_word' id='word_1_465' title='bbox 2534 2899 2632 2950; x_wconf 66' lang='grc' dir='ltr'><strong>καῖ</strong></span> <span class='ocrx_word' id='word_1_466' title='bbox 2670 2897 2770 2970; x_wconf 82' lang='grc' dir='ltr'><strong>τὴν</strong></span> <span class='ocrx_word' id='word_1_467' title='bbox 2820 2900 3141 2954; x_wconf 75' lang='grc' dir='ltr'>ἀνάστασιν.</span> <span class='ocrx_word' id='word_1_468' title='bbox 3183 2901 3330 2955; x_wconf 77' lang='grc' dir='ltr'>Ἀλλ’</span> <span class='ocrx_word' id='word_1_469' title='bbox 3354 2903 3526 2974; x_wconf 80' lang='grc' dir='ltr'>οἱμὲν</span> <span class='ocrx_word' id='word_1_470' title='bbox 3561 2905 3792 2976; x_wconf 73' lang='grc' dir='ltr'>μακάριοι</span> 
     </span>
    </p>
   </div>
   <div class='ocr_carea' id='block_1_60' title="bbox 2239 2987 3795 3067">
    <p class='ocr_par' dir='ltr' id='par_1_60' title="bbox 2239 2987 3795 3067">
     <span class='ocr_line' id='line_1_60' title="bbox 2239 2987 3795 3067; baseline 0.005 -27"><span class='ocrx_word' id='word_1_471' title='bbox 2239 2988 2478 3057; x_wconf 76' lang='grc' dir='ltr'>μαθηταὶ</span> <span class='ocrx_word' id='word_1_472' title='bbox 2533 2987 2709 3060; x_wconf 77' lang='grc' dir='ltr'>βραχύ</span> <span class='ocrx_word' id='word_1_473' title='bbox 2741 3007 2856 3052; x_wconf 78' lang='grc' dir='ltr'>πως</span> <span class='ocrx_word' id='word_1_474' title='bbox 2899 2992 3396 3057; x_wconf 77' lang='grc' dir='ltr'>ἀπονυστάζουσιν,</span> <span class='ocrx_word' id='word_1_475' title='bbox 3427 2995 3503 3058; x_wconf 86' lang='grc' dir='ltr'>ὡς</span> <span class='ocrx_word' id='word_1_476' title='bbox 3543 2998 3606 3066; x_wconf 82' lang='grc' dir='ltr'>τῇ</span> <span class='ocrx_word' id='word_1_477' title='bbox 3649 3010 3795 3067; x_wconf 63' lang='grc' dir='ltr'>προετ-</span> 
     </span>
    </p>
   </div>
   <div class='ocr_carea' id='block_1_61' title="bbox 2237 3078 3793 3158">
    <p class='ocr_par' dir='ltr' id='par_1_61' title="bbox 2237 3078 3793 3158">
     <span class='ocr_line' id='line_1_61' title="bbox 2237 3078 3793 3158; baseline 0.006 -29"><span class='ocrx_word' id='word_1_478' title='bbox 2237 3081 2372 3150; x_wconf 80' lang='grc' dir='ltr'>ευχῇ</span> <span class='ocrx_word' id='word_1_479' title='bbox 2443 3078 2799 3147; x_wconf 78' lang='grc' dir='ltr'>σχολάζοντος</span> <span class='ocrx_word' id='word_1_480' title='bbox 2847 3081 2942 3135; x_wconf 85' lang='grc' dir='ltr'><strong>τοῦ</strong></span> <span class='ocrx_word' id='word_1_481' title='bbox 3007 3083 3280 3153; x_wconf 69' lang='grc' dir='ltr'>Χριστοῦ.</span> <span class='ocrx_word' id='word_1_482' title='bbox 3311 3085 3659 3158; x_wconf 79' lang='grc' dir='ltr'>-Ἐπληροῦτο</span> <span class='ocrx_word' id='word_1_483' title='bbox 3701 3089 3793 3156; x_wconf 69' lang='grc' dir='ltr'><strong>γὰρ</strong></span> 
     </span>
    </p>
   </div>
   <div class='ocr_carea' id='block_1_62' title="bbox 553 3165 2132 3251">
    <p class='ocr_par' dir='ltr' id='par_1_62' title="bbox 553 3165 2132 3232">
     <span class='ocr_line' id='line_1_62' title="bbox 553 3165 2132 3232; baseline -0.003 -12"><span class='ocrx_word' id='word_1_484' title='bbox 553 3167 990 3221; x_wconf 67' lang='lat' dir='ltr'><strong>dormitarunl”.</strong></span> <span class='ocrx_word' id='word_1_485' title='bbox 1050 3166 1279 3220; x_wconf 79' lang='lat' dir='ltr'><strong>Provide</strong></span> <span class='ocrx_word' id='word_1_486' title='bbox 1344 3165 1487 3219; x_wconf 86' lang='lat' dir='ltr'><strong>enim</strong></span> <span class='ocrx_word' id='word_1_487' title='bbox 1541 3165 1898 3232; x_wconf 84' lang='lat' dir='ltr'><strong>implebantur</strong></span> <span class='ocrx_word' id='word_1_488' title='bbox 1951 3167 2132 3218; x_wconf 83' lang='lat' dir='ltr'><strong>innua-</strong></span> 
     </span>
    </p>
   </div>
   <div class='ocr_carea' id='block_1_63' title="bbox 2235 3165 3791 3251">
    <p class='ocr_par' dir='ltr' id='par_1_63' title="bbox 2235 3171 3791 3251">
     <span class='ocr_line' id='line_1_63' title="bbox 2235 3171 3791 3251; baseline 0.005 -27"><span class='ocrx_word' id='word_1_489' title='bbox 2235 3171 2598 3241; x_wconf 73' lang='grc' dir='ltr'>οἰκονομικῶς</span> <span class='ocrx_word' id='word_1_490' title='bbox 2629 3173 2697 3227; x_wconf 73' lang='grc' dir='ltr'>τὰ</span> <span class='ocrx_word' id='word_1_491' title='bbox 2733 3175 3056 3244; x_wconf 78' lang='grc' dir='ltr'>ἀνθρώπινα</span> <span class='ocrx_word' id='word_1_492' title='bbox 3076 3193 3090 3206; x_wconf 91' lang='grc'><strong>·</strong></span> <span class='ocrx_word' id='word_1_493' title='bbox 3115 3172 3236 3230; x_wconf 74' lang='grc' dir='ltr'>εἶτα</span> <span class='ocrx_word' id='word_1_494' title='bbox 3259 3179 3791 3251; x_wconf 64' lang='grc' dir='ltr'>διαγρηγορήσαντες,</span> 
     </span>
    </p>
   </div>
   <div class='ocr_carea' id='block_1_64' title="bbox 555 3257 2134 3327">
    <p class='ocr_par' dir='ltr' id='par_1_64' title="bbox 555 3257 2134 3327">
     <span class='ocr_line' id='line_1_64' title="bbox 555 3257 2134 3327; baseline 0 -15"><span class='ocrx_word' id='word_1_495' title='bbox 555 3275 646 3312; x_wconf 84' lang='lat' dir='ltr'><strong>na.</strong></span> <span class='ocrx_word' id='word_1_496' title='bbox 678 3260 882 3312; x_wconf 81' lang='lat' dir='ltr'><strong>Exinde</strong></span> <span class='ocrx_word' id='word_1_497' title='bbox 908 3257 1158 3323; x_wconf 70' lang='lat' dir='ltr'><strong>excita-ti,</strong></span> <span class='ocrx_word' id='word_1_498' title='bbox 1192 3259 1272 3311; x_wconf 86' lang='lat' dir='ltr'><strong>sic</strong></span> <span class='ocrx_word' id='word_1_499' title='bbox 1325 3257 1688 3312; x_wconf 79' lang='lat' dir='ltr'><strong>venerabilem</strong></span> <span class='ocrx_word' id='word_1_500' title='bbox 1735 3259 2036 3327; x_wconf 83' lang='lat' dir='ltr'><strong>miramque</strong></span> <span class='ocrx_word' id='word_1_501' title='bbox 2073 3274 2134 3313; x_wconf 88' lang='lat' dir='ltr'><strong>ac</strong></span> 
     </span>
    </p>
   </div>
   <div class='ocr_carea' id='block_1_65' title="bbox 553 3349 2137 3419">
    <p class='ocr_par' dir='ltr' id='par_1_65' title="bbox 553 3349 2137 3419">
     <span class='ocr_line' id='line_1_65' title="bbox 553 3349 2137 3419; baseline -0.001 -12"><span class='ocrx_word' id='word_1_502' title='bbox 553 3367 752 3407; x_wconf 78' lang='lat' dir='ltr'><strong>novam</strong></span> <span class='ocrx_word' id='word_1_503' title='bbox 787 3352 1139 3404; x_wconf 72' lang='lat' dir='ltr'><strong>mutationem</strong></span> <span class='ocrx_word' id='word_1_504' title='bbox 1185 3359 1471 3419; x_wconf 83' lang='lat' dir='ltr'><strong>aspectant</strong></span> <span class='ocrx_word' id='word_1_505' title='bbox 1511 3389 1524 3403; x_wconf 96' lang='lat'><strong>.</strong></span> <span class='ocrx_word' id='word_1_506' title='bbox 1557 3349 1717 3403; x_wconf 88' lang='lat' dir='ltr'><strong>Forte</strong></span> <span class='ocrx_word' id='word_1_507' title='bbox 1761 3363 1940 3404; x_wconf 86' lang='lat' dir='ltr'><strong>autem</strong></span> <span class='ocrx_word' id='word_1_508' title='bbox 1985 3360 2137 3405; x_wconf 85' lang='lat' dir='ltr'><strong>ratus</strong></span> 
     </span>
    </p>
   </div>
   <div class='ocr_carea' id='block_1_66' title="bbox 553 3440 2138 3510">
    <p class='ocr_par' dir='ltr' id='par_1_66' title="bbox 553 3440 2138 3510">
     <span class='ocr_line' id='line_1_66' title="bbox 553 3440 2138 3510; baseline -0.001 -12"><span class='ocrx_word' id='word_1_509' title='bbox 553 3443 774 3498; x_wconf 83' lang='lat' dir='ltr'><strong>divinus</strong></span> <span class='ocrx_word' id='word_1_510' title='bbox 815 3444 1011 3498; x_wconf 87' lang='lat' dir='ltr'><strong>Petrus</strong></span> <span class='ocrx_word' id='word_1_511' title='bbox 1037 3481 1052 3506; x_wconf 91' lang='lat'><strong>,</strong></span> <span class='ocrx_word' id='word_1_512' title='bbox 1099 3441 1292 3496; x_wconf 88' lang='lat' dir='ltr'><strong>adesse</strong></span> <span class='ocrx_word' id='word_1_513' title='bbox 1335 3449 1547 3510; x_wconf 82' lang='lat' dir='ltr'><strong>tempus</strong></span> <span class='ocrx_word' id='word_1_514' title='bbox 1597 3442 1746 3510; x_wconf 77' lang='lat' dir='ltr'><strong>regni</strong></span> <span class='ocrx_word' id='word_1_515' title='bbox 1786 3440 1908 3505; x_wconf 81' lang='lat' dir='ltr'><strong>Dei,</strong></span> <span class='ocrx_word' id='word_1_516' title='bbox 1949 3441 2138 3496; x_wconf 85' lang='lat' dir='ltr'><strong>lubens</strong></span> 
     </span>
    </p>
   </div>
   <div class='ocr_carea' id='block_1_67' title="bbox 553 3531 2140 3601">
    <p class='ocr_par' dir='ltr' id='par_1_67' title="bbox 553 3531 2140 3601">
     <span class='ocr_line' id='line_1_67' title="bbox 553 3531 2140 3601; baseline -0.001 -14"><span class='ocrx_word' id='word_1_517' title='bbox 553 3532 904 3601; x_wconf 83' lang='lat' dir='ltr'><strong>eligitmoras</strong></span> <span class='ocrx_word' id='word_1_518' title='bbox 945 3533 996 3584; x_wconf 91' lang='lat' dir='ltr'><strong>in</strong></span> <span class='ocrx_word' id='word_1_519' title='bbox 1032 3543 1236 3596; x_wconf 85' lang='lat' dir='ltr'><strong>monte,</strong></span> <span class='ocrx_word' id='word_1_520' title='bbox 1273 3533 1489 3600; x_wconf 61' lang='lat' dir='ltr'><strong>aitque:</strong></span> <span class='ocrx_word' id='word_1_521' title='bbox 1516 3540 1572 3584; x_wconf 89' lang='lat' dir='ltr'><strong>ut</strong></span> <span class='ocrx_word' id='word_1_522' title='bbox 1595 3531 1848 3585; x_wconf 80' lang='lat' dir='ltr'><strong>ﬁanttria</strong></span> <span class='ocrx_word' id='word_1_523' title='bbox 1893 3537 2140 3586; x_wconf 81' lang='lat' dir='ltr'><strong>taberna-</strong></span> 
     </span>
    </p>
   </div>
   <div class='ocr_carea' id='block_1_68' title="bbox 554 3623 2140 3692">
    <p class='ocr_par' dir='ltr' id='par_1_68' title="bbox 554 3623 2140 3692">
     <span class='ocr_line' id='line_1_68' title="bbox 554 3623 2140 3692; baseline 0.001 -15"><span class='ocrx_word' id='word_1_524' title='bbox 554 3627 721 3690; x_wconf 85' lang='lat' dir='ltr'><strong>cula;</strong></span> <span class='ocrx_word' id='word_1_525' title='bbox 771 3625 1022 3680; x_wconf 85' lang='lat' dir='ltr'><strong>nesciens</strong></span> <span class='ocrx_word' id='word_1_526' title='bbox 1067 3623 1194 3692; x_wconf 88' lang='lat' dir='ltr'><strong>quid</strong></span> <span class='ocrx_word' id='word_1_527' title='bbox 1242 3623 1445 3676; x_wconf 86' lang='lat' dir='ltr'><strong>diceret</strong></span> <span class='ocrx_word' id='word_1_528' title='bbox 1475 3624 1520 3654; x_wconf 81' lang='grc'><strong>²⁰</strong></span> <span class='ocrx_word' id='word_1_529' title='bbox 1555 3640 1566 3675; x_wconf 93' lang='lat'><strong>:</strong></span> <span class='ocrx_word' id='word_1_530' title='bbox 1609 3643 1628 3674; x_wconf 68' lang='grc' dir='ltr'><strong>ι</strong></span> <span class='ocrx_word' id='word_1_531' title='bbox 1689 3639 1794 3677; x_wconf 89' lang='lat' dir='ltr'><strong>non</strong></span> <span class='ocrx_word' id='word_1_532' title='bbox 1823 3625 1973 3678; x_wconf 88' lang='lat' dir='ltr'><strong>enim</strong></span> <span class='ocrx_word' id='word_1_533' title='bbox 2021 3635 2140 3678; x_wconf 85' lang='lat' dir='ltr'><strong>erat</strong></span> 
     </span>
    </p>
   </div>
   <div class='ocr_carea' id='block_1_69' title="bbox 555 3713 2141 3786">
    <p class='ocr_par' dir='ltr' id='par_1_69' title="bbox 555 3713 2141 3786">
     <span class='ocr_line' id='line_1_69' title="bbox 555 3713 2141 3786; baseline -0.003 -15"><span class='ocrx_word' id='word_1_534' title='bbox 555 3724 772 3786; x_wconf 82' lang='lat' dir='ltr'><strong>tcmpus</strong></span> <span class='ocrx_word' id='word_1_535' title='bbox 797 3713 1284 3770; x_wconf 82' lang='lat' dir='ltr'><strong>consummationis</strong></span> <span class='ocrx_word' id='word_1_536' title='bbox 1311 3714 1492 3766; x_wconf 67' lang='lat' dir='ltr'><strong>saeculi</strong></span> <span class='ocrx_word' id='word_1_537' title='bbox 1521 3729 1534 3777; x_wconf 91' lang='lat'><strong>;</strong></span> <span class='ocrx_word' id='word_1_538' title='bbox 1565 3729 1629 3768; x_wconf 90' lang='lat' dir='ltr'><strong>ac</strong></span> <span class='ocrx_word' id='word_1_539' title='bbox 1651 3728 1825 3782; x_wconf 89' lang='lat' dir='ltr'><strong>neque</strong></span> <span class='ocrx_word' id='word_1_540' title='bbox 1851 3714 2141 3783; x_wconf 81' lang='lat' dir='ltr'><strong>praesentis</strong></span> 
     </span>
    </p>
   </div>
   <div class='ocr_carea' id='block_1_70' title="bbox 557 3804 2142 3876">
    <p class='ocr_par' dir='ltr' id='par_1_70' title="bbox 557 3804 2142 3876">
     <span class='ocr_line' id='line_1_70' title="bbox 557 3804 2142 3876; baseline -0.002 -16"><span class='ocrx_word' id='word_1_541' title='bbox 557 3807 820 3876; x_wconf 89' lang='lat' dir='ltr'><strong>temporis</strong></span> <span class='ocrx_word' id='word_1_542' title='bbox 849 3815 953 3866; x_wconf 86' lang='lat' dir='ltr'><strong>est,</strong></span> <span class='ocrx_word' id='word_1_543' title='bbox 983 3813 1040 3858; x_wconf 93' lang='lat' dir='ltr'><strong>ut</strong></span> <span class='ocrx_word' id='word_1_544' title='bbox 1071 3804 1244 3858; x_wconf 85' lang='lat' dir='ltr'><strong>sancti</strong></span> <span class='ocrx_word' id='word_1_545' title='bbox 1267 3805 1408 3857; x_wconf 88' lang='lat' dir='ltr'><strong>bona</strong></span> <span class='ocrx_word' id='word_1_546' title='bbox 1435 3804 1514 3858; x_wconf 81' lang='lat' dir='ltr'><strong>eis</strong></span> <span class='ocrx_word' id='word_1_547' title='bbox 1545 3805 1599 3856; x_wconf 90' lang='lat' dir='ltr'><strong>in</strong></span> <span class='ocrx_word' id='word_1_548' title='bbox 1627 3819 1722 3872; x_wconf 80' lang='lat' dir='ltr'><strong>spe</strong></span> <span class='ocrx_word' id='word_1_549' title='bbox 1753 3805 1927 3872; x_wconf 85' lang='lat' dir='ltr'><strong>posita</strong></span> <span class='ocrx_word' id='word_1_550' title='bbox 1961 3805 2142 3857; x_wconf 87' lang='lat' dir='ltr'><strong>hacte-</strong></span> 
     </span>
    </p>
   </div>
   <div class='ocr_carea' id='block_1_71' title="bbox 556 3895 2142 3968">
    <p class='ocr_par' dir='ltr' id='par_1_71' title="bbox 556 3895 2142 3968">
     <span class='ocr_line' id='line_1_71' title="bbox 556 3895 2142 3968; baseline -0.003 -14"><span class='ocrx_word' id='word_1_551' title='bbox 556 3915 662 3956; x_wconf 90' lang='lat' dir='ltr'><strong>nus</strong></span> <span class='ocrx_word' id='word_1_552' title='bbox 692 3901 976 3968; x_wconf 75' lang='lat' dir='ltr'><strong>reeipiant.</strong></span> <span class='ocrx_word' id='word_1_553' title='bbox 1017 3898 1108 3953; x_wconf 78' lang='lat' dir='ltr'><strong>Ait</strong></span> <span class='ocrx_word' id='word_1_554' title='bbox 1141 3897 1286 3951; x_wconf 89' lang='lat' dir='ltr'><strong>enim</strong></span> <span class='ocrx_word' id='word_1_555' title='bbox 1323 3895 1526 3951; x_wconf 84' lang='lat' dir='ltr'><strong>Paulus</strong></span> <span class='ocrx_word' id='word_1_556' title='bbox 1553 3914 1567 3949; x_wconf 89' lang='lat'>:</span> <span class='ocrx_word' id='word_1_557' title='bbox 1597 3915 1615 3947; x_wconf 77' lang='grc' dir='ltr'>ι</span> <span class='ocrx_word' id='word_1_558' title='bbox 1647 3895 1748 3961; x_wconf 84' lang='lat' dir='ltr'><strong>Qui</strong></span> <span class='ocrx_word' id='word_1_559' title='bbox 1785 3895 2142 3951; x_wconf 82' lang='lat' dir='ltr'><strong>transforma-</strong></span> 
     </span>
    </p>
   </div>
   <div class='ocr_carea' id='block_1_72' title="bbox 554 3986 2142 4062">
    <p class='ocr_par' dir='ltr' id='par_1_72' title="bbox 554 3986 2142 4062">
     <span class='ocr_line' id='line_1_72' title="bbox 554 3986 2142 4062; baseline -0.005 -14"><span class='ocrx_word' id='word_1_560' title='bbox 554 3993 636 4048; x_wconf 84' lang='lat' dir='ltr'><strong>bit</strong></span> <span class='ocrx_word' id='word_1_561' title='bbox 663 4007 864 4062; x_wconf 74' lang='lat' dir='ltr'><strong>corpus</strong></span> <span class='ocrx_word' id='word_1_562' title='bbox 909 3990 1230 4046; x_wconf 83' lang='lat' dir='ltr'><strong>humilitatis</strong></span> <span class='ocrx_word' id='word_1_563' title='bbox 1287 3997 1508 4050; x_wconf 63' lang='lat' dir='ltr'><strong>nostrae,</strong></span> <span class='ocrx_word' id='word_1_564' title='bbox 1543 3998 1598 4042; x_wconf 86' lang='lat' dir='ltr'><strong>ut</strong></span> <span class='ocrx_word' id='word_1_565' title='bbox 1624 3986 1904 4042; x_wconf 76' lang='lat' dir='ltr'><strong>confornte</strong></span> <span class='ocrx_word' id='word_1_566' title='bbox 1953 3989 2142 4042; x_wconf 85' lang='lat' dir='ltr'><strong>reddat</strong></span> 
     </span>
    </p>
   </div>
   <div class='ocr_carea' id='block_1_73' title="bbox 555 4081 2139 4156">
    <p class='ocr_par' dir='ltr' id='par_1_73' title="bbox 555 4081 2139 4156">
     <span class='ocr_line' id='line_1_73' title="bbox 555 4081 2139 4156; baseline -0.003 -15"><span class='ocrx_word' id='word_1_567' title='bbox 555 4087 772 4156; x_wconf 76' lang='lat' dir='ltr'><strong>corpori</strong></span> <span class='ocrx_word' id='word_1_568' title='bbox 835 4101 934 4140; x_wconf 85' lang='lat' dir='ltr'><strong>suo</strong></span> <span class='ocrx_word' id='word_1_569' title='bbox 995 4084 1229 4154; x_wconf 77' lang='lat' dir='ltr'><strong>glorioso</strong></span> <span class='ocrx_word' id='word_1_570' title='bbox 1264 4081 1633 4152; x_wconf 76' lang='lat' dir='ltr'><strong>“:—ntentpe</strong></span> <span class='ocrx_word' id='word_1_571' title='bbox 1693 4081 1967 4136; x_wconf 82' lang='lat' dir='ltr'><strong>Chrisms.</strong></span> <span class='ocrx_word' id='word_1_572' title='bbox 2002 4082 2139 4136; x_wconf 86' lang='lat' dir='ltr'><strong>Cum</strong></span> 
     </span>
    </p>
   </div>
   <div class='ocr_carea' id='block_1_74' title="bbox 555 4172 2141 4247">
    <p class='ocr_par' dir='ltr' id='par_1_74' title="bbox 555 4172 2141 4247">
     <span class='ocr_line' id='line_1_74' title="bbox 555 4172 2141 4247; baseline -0.005 -15"><span class='ocrx_word' id='word_1_573' title='bbox 555 4193 688 4247; x_wconf 74' lang='lat' dir='ltr'><strong>ergo</strong></span> <span class='ocrx_word' id='word_1_574' title='bbox 717 4177 1052 4246; x_wconf 82' lang='lat' dir='ltr'><strong>dispensatio</strong></span> <span class='ocrx_word' id='word_1_575' title='bbox 1095 4175 1366 4228; x_wconf 89' lang='lat' dir='ltr'><strong>hactenus</strong></span> <span class='ocrx_word' id='word_1_576' title='bbox 1396 4172 1678 4241; x_wconf 86' lang='lat' dir='ltr'><strong>inciperet,</strong></span> <span class='ocrx_word' id='word_1_577' title='bbox 1711 4187 1808 4225; x_wconf 89' lang='lat' dir='ltr'><strong>nec</strong></span> <span class='ocrx_word' id='word_1_578' title='bbox 1848 4172 2013 4226; x_wconf 88' lang='lat' dir='ltr'><strong>rebus</strong></span> <span class='ocrx_word' id='word_1_579' title='bbox 2042 4173 2141 4226; x_wconf 87' lang='lat' dir='ltr'><strong>ad-</strong></span> 
     </span>
    </p>
   </div>
   <div class='ocr_carea' id='block_1_75' title="bbox 557 4263 2142 4332">
    <p class='ocr_par' dir='ltr' id='par_1_75' title="bbox 557 4263 2142 4332">
     <span class='ocr_line' id='line_1_75' title="bbox 557 4263 2142 4332; baseline -0.006 -6"><span class='ocrx_word' id='word_1_580' title='bbox 557 4271 666 4326; x_wconf 85' lang='lat' dir='ltr'><strong>huc</strong></span> <span class='ocrx_word' id='word_1_581' title='bbox 720 4269 976 4322; x_wconf 79' lang='lat' dir='ltr'><strong>exhibitis</strong></span> <span class='ocrx_word' id='word_1_582' title='bbox 1027 4267 1094 4320; x_wconf 88' lang='lat' dir='ltr'><strong>ad</strong></span> <span class='ocrx_word' id='word_1_583' title='bbox 1151 4267 1446 4322; x_wconf 87' lang='lat' dir='ltr'><strong>terminum</strong></span> <span class='ocrx_word' id='word_1_584' title='bbox 1487 4265 1717 4319; x_wconf 83' lang='lat' dir='ltr'><strong>deducta</strong></span> <span class='ocrx_word' id='word_1_585' title='bbox 1770 4275 1916 4319; x_wconf 88' lang='lat' dir='ltr'><strong>esset</strong></span> <span class='ocrx_word' id='word_1_586' title='bbox 1949 4281 1966 4332; x_wconf 87' lang='lat'><strong>;</strong></span> <span class='ocrx_word' id='word_1_587' title='bbox 1999 4263 2142 4318; x_wconf 84' lang='lat' dir='ltr'><strong>haud</strong></span> 
     </span>
    </p>
   </div>
   <div class='ocr_carea' id='block_1_76' title="bbox 555 4357 2139 4432">
    <p class='ocr_par' dir='ltr' id='par_1_76' title="bbox 555 4357 2139 4432">
     <span class='ocr_line' id='line_1_76' title="bbox 555 4357 2139 4432; baseline -0.003 -19"><span class='ocrx_word' id='word_1_588' title='bbox 555 4378 656 4432; x_wconf 87' lang='lat' dir='ltr'><strong>par</strong></span> <span class='ocrx_word' id='word_1_589' title='bbox 689 4372 806 4416; x_wconf 88' lang='lat' dir='ltr'><strong>erat</strong></span> <span class='ocrx_word' id='word_1_590' title='bbox 860 4369 919 4415; x_wconf 88' lang='lat' dir='ltr'><strong>ut</strong></span> <span class='ocrx_word' id='word_1_591' title='bbox 947 4359 1226 4422; x_wconf 85' lang='lat' dir='ltr'><strong>Christus,</strong></span> <span class='ocrx_word' id='word_1_592' title='bbox 1248 4358 1338 4428; x_wconf 92' lang='lat' dir='ltr'><strong>qui</strong></span> <span class='ocrx_word' id='word_1_593' title='bbox 1370 4373 1438 4410; x_wconf 84' lang='lat' dir='ltr'><strong>ex</strong></span> <span class='ocrx_word' id='word_1_594' title='bbox 1467 4357 1758 4411; x_wconf 89' lang='lat' dir='ltr'><strong>dilectione</strong></span> <span class='ocrx_word' id='word_1_595' title='bbox 1777 4357 1828 4410; x_wconf 94' lang='lat' dir='ltr'><strong>in</strong></span> <span class='ocrx_word' id='word_1_596' title='bbox 1853 4358 2139 4420; x_wconf 89' lang='lat' dir='ltr'><strong>mundum,</strong></span> 
     </span>
    </p>
   </div>
   <div class='ocr_carea' id='block_1_77' title="bbox 555 4451 2140 4526">
    <p class='ocr_par' dir='ltr' id='par_1_77' title="bbox 555 4451 2140 4526">
     <span class='ocr_line' id='line_1_77' title="bbox 555 4451 2140 4526; baseline -0.004 -14"><span class='ocrx_word' id='word_1_597' title='bbox 555 4456 799 4512; x_wconf 75' lang='lat' dir='ltr'><strong>venisset</strong></span> <span class='ocrx_word' id='word_1_598' title='bbox 833 4470 930 4526; x_wconf 88' lang='lat' dir='ltr'><strong>pro</strong></span> <span class='ocrx_word' id='word_1_599' title='bbox 953 4456 1074 4522; x_wconf 84' lang='lat' dir='ltr'><strong>ipso</strong></span> <span class='ocrx_word' id='word_1_600' title='bbox 1103 4453 1266 4514; x_wconf 83' lang='lat' dir='ltr'><strong>mori,</strong></span> <span class='ocrx_word' id='word_1_601' title='bbox 1294 4451 1576 4525; x_wconf 82' lang='lat' dir='ltr'><strong>abnueret,</strong></span> <span class='ocrx_word' id='word_1_602' title='bbox 1612 4461 1773 4522; x_wconf 88' lang='lat' dir='ltr'><strong>atque</strong></span> <span class='ocrx_word' id='word_1_603' title='bbox 1803 4466 1832 4505; x_wconf 89' lang='lat' dir='ltr'><strong>a</strong></span> <span class='ocrx_word' id='word_1_604' title='bbox 1865 4453 2140 4520; x_wconf 88' lang='lat' dir='ltr'><strong>proposito</strong></span> 
     </span>
    </p>
   </div>
   <div class='ocr_carea' id='block_1_78' title="bbox 557 4543 2138 4608">
    <p class='ocr_par' dir='ltr' id='par_1_78' title="bbox 557 4543 2138 4608">
     <span class='ocr_line' id='line_1_78' title="bbox 557 4543 2138 4608; baseline -0.005 -3"><span class='ocrx_word' id='word_1_605' title='bbox 557 4550 867 4605; x_wconf 78' lang='lat' dir='ltr'><strong>desisteret.</strong></span> <span class='ocrx_word' id='word_1_606' title='bbox 892 4547 1193 4600; x_wconf 85' lang='lat' dir='ltr'><strong>Humanam</strong></span> <span class='ocrx_word' id='word_1_607' title='bbox 1207 4544 1351 4598; x_wconf 89' lang='lat' dir='ltr'><strong>enim</strong></span> <span class='ocrx_word' id='word_1_608' title='bbox 1375 4551 1620 4598; x_wconf 89' lang='lat' dir='ltr'><strong>naturam</strong></span> <span class='ocrx_word' id='word_1_609' title='bbox 1640 4545 1842 4600; x_wconf 81' lang='lat' dir='ltr'><strong>salvam</strong></span> <span class='ocrx_word' id='word_1_610' title='bbox 1861 4543 2009 4608; x_wconf 79' lang='lat' dir='ltr'><strong>fecit,</strong></span> <span class='ocrx_word' id='word_1_611' title='bbox 2025 4553 2138 4597; x_wconf 90' lang='lat' dir='ltr'><strong>tum</strong></span> 
     </span>
    </p>
   </div>
   <div class='ocr_carea' id='block_1_79' title="bbox 555 4637 2144 4714">
    <p class='ocr_par' dir='ltr' id='par_1_79' title="bbox 555 4637 2144 4714">
     <span class='ocr_line' id='line_1_79' title="bbox 555 4637 2144 4714; baseline -0.004 -18"><span class='ocrx_word' id='word_1_612' title='bbox 555 4658 656 4714; x_wconf 84' lang='lat' dir='ltr'><strong>pro</strong></span> <span class='ocrx_word' id='word_1_613' title='bbox 678 4657 740 4696; x_wconf 88' lang='lat' dir='ltr'><strong>ea</strong></span> <span class='ocrx_word' id='word_1_614' title='bbox 767 4643 1173 4709; x_wconf 88' lang='lat' dir='ltr'><strong>patieuscarne,</strong></span> <span class='ocrx_word' id='word_1_615' title='bbox 1195 4649 1308 4690; x_wconf 89' lang='lat' dir='ltr'><strong>tum</strong></span> <span class='ocrx_word' id='word_1_616' title='bbox 1337 4652 1432 4706; x_wconf 88' lang='lat' dir='ltr'><strong>per</strong></span> <span class='ocrx_word' id='word_1_617' title='bbox 1450 4637 1900 4692; x_wconf 87' lang='lat' dir='ltr'><strong>resurrectionem</strong></span> <span class='ocrx_word' id='word_1_618' title='bbox 1918 4651 1982 4690; x_wconf 76' lang='lat' dir='ltr'><strong>ex</strong></span> <span class='ocrx_word' id='word_1_619' title='bbox 1999 4651 2144 4690; x_wconf 85' lang='lat' dir='ltr'><strong>mor-</strong></span> 
     </span>
    </p>
   </div>
   <div class='ocr_carea' id='block_1_80' title="bbox 567 4727 2142 4800">
    <p class='ocr_par' dir='ltr' id='par_1_80' title="bbox 567 4727 2142 4800">
     <span class='ocr_line' id='line_1_80' title="bbox 567 4727 2142 4800; baseline -0.003 -12"><span class='ocrx_word' id='word_1_620' title='bbox 567 4737 698 4800; x_wconf 87' lang='lat' dir='ltr'><strong>tuis,</strong></span> <span class='ocrx_word' id='word_1_621' title='bbox 729 4741 956 4786; x_wconf 89' lang='lat' dir='ltr'><strong>mortem</strong></span> <span class='ocrx_word' id='word_1_622' title='bbox 982 4731 1226 4786; x_wconf 88' lang='lat' dir='ltr'><strong>abolens.</strong></span> <span class='ocrx_word' id='word_1_623' title='bbox 1249 4727 1538 4784; x_wconf 80' lang='lat' dir='ltr'><strong>Nesciebat</strong></span> <span class='ocrx_word' id='word_1_624' title='bbox 1563 4731 1746 4797; x_wconf 87' lang='lat' dir='ltr'><strong>itaque</strong></span> <span class='ocrx_word' id='word_1_625' title='bbox 1773 4728 1992 4796; x_wconf 81' lang='lat' dir='ltr'><strong>Petrus,</strong></span> <span class='ocrx_word' id='word_1_626' title='bbox 2013 4729 2142 4800; x_wconf 90' lang='lat' dir='ltr'><strong>quid</strong></span> 
     </span>
    </p>
   </div>
   <div class='ocr_carea' id='block_1_81' title="bbox 556 4826 2146 4898">
    <p class='ocr_par' dir='ltr' id='par_1_81' title="bbox 556 4826 2146 4898">
     <span class='ocr_line' id='line_1_81' title="bbox 556 4826 2146 4898; baseline -0.003 -11"><span class='ocrx_word' id='word_1_627' title='bbox 556 4833 781 4887; x_wconf 87' lang='lat' dir='ltr'><strong>diceret.</strong></span> <span class='ocrx_word' id='word_1_628' title='bbox 808 4830 1044 4898; x_wconf 78' lang='lat' dir='ltr'><strong>Excepta</strong></span> <span class='ocrx_word' id='word_1_629' title='bbox 1069 4843 1196 4883; x_wconf 80' lang='lat' dir='ltr'><strong>vero</strong></span> <span class='ocrx_word' id='word_1_630' title='bbox 1219 4827 1454 4882; x_wconf 89' lang='lat' dir='ltr'><strong>mirabili</strong></span> <span class='ocrx_word' id='word_1_631' title='bbox 1478 4843 1542 4882; x_wconf 90' lang='lat' dir='ltr'><strong>ac</strong></span> <span class='ocrx_word' id='word_1_632' title='bbox 1561 4826 1820 4882; x_wconf 82' lang='lat' dir='ltr'><strong>inell&#39;abili</strong></span> <span class='ocrx_word' id='word_1_633' title='bbox 1851 4828 2146 4897; x_wconf 75' lang='lat' dir='ltr'><strong>apparitio-</strong></span> 
     </span>
    </p>
   </div>
   <div class='ocr_carea' id='block_1_82' title="bbox 555 4913 2144 4991">
    <p class='ocr_par' dir='ltr' id='par_1_82' title="bbox 555 4913 2144 4991">
     <span class='ocr_line' id='line_1_82' title="bbox 555 4913 2144 4991; baseline -0.004 -10"><span class='ocrx_word' id='word_1_634' title='bbox 555 4941 626 4981; x_wconf 92' lang='lat' dir='ltr'><strong>ne</strong></span> <span class='ocrx_word' id='word_1_635' title='bbox 653 4923 856 4980; x_wconf 78' lang='lat' dir='ltr'><strong>Christi</strong></span> <span class='ocrx_word' id='word_1_636' title='bbox 911 4921 1098 4991; x_wconf 75' lang='lat' dir='ltr'><strong>glorize</strong></span> <span class='ocrx_word' id='word_1_637' title='bbox 1133 4913 1320 4986; x_wconf 54' lang='lat' dir='ltr'><strong>{aliud</strong></span> <span class='ocrx_word' id='word_1_638' title='bbox 1380 4935 1600 4990; x_wconf 88' lang='lat' dir='ltr'><strong>quoque</strong></span> <span class='ocrx_word' id='word_1_639' title='bbox 1676 4921 1841 4987; x_wconf 88' lang='lat' dir='ltr'><strong>utile,</strong></span> <span class='ocrx_word' id='word_1_640' title='bbox 1887 4936 2144 4976; x_wconf 82' lang='lat' dir='ltr'><strong>necessa-</strong></span> 
     </span>
    </p>
   </div>
   <div class='ocr_carea' id='block_1_83' title="bbox 553 5013 2146 5083">
    <p class='ocr_par' dir='ltr' id='par_1_83' title="bbox 553 5013 2146 5083">
     <span class='ocr_line' id='line_1_83' title="bbox 553 5013 2146 5083; baseline -0.002 -13"><span class='ocrx_word' id='word_1_641' title='bbox 553 5019 805 5083; x_wconf 82' lang='lat' dir='ltr'><strong>riumque</strong></span> <span class='ocrx_word' id='word_1_642' title='bbox 835 5013 898 5067; x_wconf 87' lang='lat' dir='ltr'><strong>ad</strong></span> <span class='ocrx_word' id='word_1_643' title='bbox 937 5013 1092 5066; x_wconf 85' lang='lat' dir='ltr'><strong>Iidem</strong></span> <span class='ocrx_word' id='word_1_644' title='bbox 1125 5013 1182 5066; x_wconf 90' lang='lat' dir='ltr'><strong>in</strong></span> <span class='ocrx_word' id='word_1_645' title='bbox 1231 5013 1406 5082; x_wconf 86' lang='lat' dir='ltr'><strong>ipsum</strong></span> <span class='ocrx_word' id='word_1_646' title='bbox 1439 5013 1796 5077; x_wconf 83' lang='lat' dir='ltr'><strong>ﬁrmandam,</strong></span> <span class='ocrx_word' id='word_1_647' title='bbox 1836 5013 2031 5068; x_wconf 88' lang='lat' dir='ltr'><strong>nedum</strong></span> <span class='ocrx_word' id='word_1_648' title='bbox 2062 5013 2146 5067; x_wconf 88' lang='lat' dir='ltr'><strong>di-</strong></span> 
     </span>
    </p>
   </div>
   <div class='ocr_carea' id='block_1_84' title="bbox 554 5104 2146 5182">
    <p class='ocr_par' dir='ltr' id='par_1_84' title="bbox 554 5104 2146 5182">
     <span class='ocr_line' id='line_1_84' title="bbox 554 5104 2146 5182; baseline -0.001 -20"><span class='ocrx_word' id='word_1_649' title='bbox 554 5107 803 5176; x_wconf 88' lang='lat' dir='ltr'><strong>scipulis,</strong></span> <span class='ocrx_word' id='word_1_650' title='bbox 848 5105 941 5160; x_wconf 90' lang='lat' dir='ltr'><strong>scd</strong></span> <span class='ocrx_word' id='word_1_651' title='bbox 967 5112 1021 5158; x_wconf 92' lang='lat' dir='ltr'><strong>et</strong></span> <span class='ocrx_word' id='word_1_652' title='bbox 1049 5104 1208 5158; x_wconf 90' lang='lat' dir='ltr'><strong>nobis</strong></span> <span class='ocrx_word' id='word_1_653' title='bbox 1245 5104 1378 5182; x_wconf 80' lang='lat' dir='ltr'><strong>ipsis</strong></span> <span class='ocrx_word' id='word_1_654' title='bbox 1429 5105 1729 5160; x_wconf 77' lang='lat' dir='ltr'><strong>exhibitum</strong></span> <span class='ocrx_word' id='word_1_655' title='bbox 1773 5114 1873 5160; x_wconf 85' lang='lat' dir='ltr'><strong>est.</strong></span> <span class='ocrx_word' id='word_1_656' title='bbox 1913 5105 2146 5160; x_wconf 69' lang='lat' dir='ltr'><strong>Deemlo</strong></span> 
     </span>
    </p>
   </div>
   <div class='ocr_carea' id='block_1_85' title="bbox 552 5194 2148 5254">
    <p class='ocr_par' dir='ltr' id='par_1_85' title="bbox 552 5194 2148 5254">
     <span class='ocr_line' id='line_1_85' title="bbox 552 5194 2148 5254; baseline 0.001 -1"><span class='ocrx_word' id='word_1_657' title='bbox 552 5199 697 5253; x_wconf 88' lang='lat' dir='ltr'><strong>enim</strong></span> <span class='ocrx_word' id='word_1_658' title='bbox 719 5213 785 5252; x_wconf 75' lang='lat' dir='ltr'><strong>ex</strong></span> <span class='ocrx_word' id='word_1_659' title='bbox 806 5197 948 5250; x_wconf 90' lang='lat' dir='ltr'><strong>nube</strong></span> <span class='ocrx_word' id='word_1_660' title='bbox 965 5196 1198 5251; x_wconf 88' lang='lat' dir='ltr'><strong>demissa</strong></span> <span class='ocrx_word' id='word_1_661' title='bbox 1221 5206 1306 5250; x_wconf 88' lang='lat' dir='ltr'><strong>est</strong></span> <span class='ocrx_word' id='word_1_662' title='bbox 1331 5211 1436 5250; x_wconf 77' lang='lat' dir='ltr'><strong>vox</strong></span> <span class='ocrx_word' id='word_1_663' title='bbox 1452 5194 1628 5250; x_wconf 74' lang='lat' dir='ltr'><strong>Patris</strong></span> <span class='ocrx_word' id='word_1_664' title='bbox 1649 5197 1879 5252; x_wconf 81' lang='lat' dir='ltr'><strong>dicentis</strong></span> <span class='ocrx_word' id='word_1_665' title='bbox 1897 5197 1942 5228; x_wconf 81' lang='lat'><strong>&quot;</strong></span> <span class='ocrx_word' id='word_1_666' title='bbox 1970 5217 1982 5252; x_wconf 92' lang='lat'><strong>:</strong></span> <span class='ocrx_word' id='word_1_667' title='bbox 2005 5216 2024 5250; x_wconf 79' lang='grc' dir='ltr'>ι</span> <span class='ocrx_word' id='word_1_668' title='bbox 2049 5197 2148 5254; x_wconf 81' lang='lat' dir='ltr'><strong>Hic</strong></span> 
     </span>
    </p>
   </div>
   <div class='ocr_carea' id='block_1_86' title="bbox 553 5286 2144 5359">
    <p class='ocr_par' dir='ltr' id='par_1_86' title="bbox 553 5286 2144 5359">
     <span class='ocr_line' id='line_1_86' title="bbox 553 5286 2144 5359; baseline -0.001 -15"><span class='ocrx_word' id='word_1_669' title='bbox 553 5299 638 5344; x_wconf 86' lang='lat' dir='ltr'><strong>est</strong></span> <span class='ocrx_word' id='word_1_670' title='bbox 673 5286 844 5342; x_wconf 86' lang='lat' dir='ltr'><strong>Filius</strong></span> <span class='ocrx_word' id='word_1_671' title='bbox 902 5303 1058 5343; x_wconf 89' lang='lat' dir='ltr'><strong>meus</strong></span> <span class='ocrx_word' id='word_1_672' title='bbox 1102 5287 1331 5342; x_wconf 89' lang='lat' dir='ltr'><strong>dilectus</strong></span> <span class='ocrx_word' id='word_1_673' title='bbox 1375 5289 1428 5341; x_wconf 91' lang='lat' dir='ltr'><strong>in</strong></span> <span class='ocrx_word' id='word_1_674' title='bbox 1484 5303 1594 5356; x_wconf 89' lang='lat' dir='ltr'><strong>quo</strong></span> <span class='ocrx_word' id='word_1_675' title='bbox 1633 5289 1764 5342; x_wconf 89' lang='lat' dir='ltr'><strong>mihi</strong></span> <span class='ocrx_word' id='word_1_676' title='bbox 1797 5289 2093 5359; x_wconf 83' lang='lat' dir='ltr'><strong>complacui</strong></span> <span class='ocrx_word' id='word_1_677' title='bbox 2127 5306 2144 5354; x_wconf 90' lang='lat'><strong>;</strong></span> 
     </span>
    </p>
   </div>
   <div class='ocr_carea' id='block_1_87' title="bbox 553 5379 2145 5452">
    <p class='ocr_par' dir='ltr' id='par_1_87' title="bbox 553 5379 2145 5452">
     <span class='ocr_line' id='line_1_87' title="bbox 553 5379 2145 5452; baseline 0.002 -18"><span class='ocrx_word' id='word_1_678' title='bbox 553 5383 730 5452; x_wconf 86' lang='lat' dir='ltr'><strong>ipsum</strong></span> <span class='ocrx_word' id='word_1_679' title='bbox 769 5379 968 5435; x_wconf 87' lang='lat' dir='ltr'><strong>audite.</strong></span> <span class='ocrx_word' id='word_1_680' title='bbox 1001 5379 1068 5434; x_wconf 88' lang='lat' dir='ltr'><strong>Et</strong></span> <span class='ocrx_word' id='word_1_681' title='bbox 1091 5379 1253 5444; x_wconf 87' lang='lat' dir='ltr'><strong>dum,</strong></span> <span class='ocrx_word' id='word_1_682' title='bbox 1284 5379 1480 5450; x_wconf 89' lang='lat' dir='ltr'><strong>inquit,</strong></span> <span class='ocrx_word' id='word_1_683' title='bbox 1513 5379 1665 5434; x_wconf 81' lang='lat' dir='ltr'><strong>ﬁeret</strong></span> <span class='ocrx_word' id='word_1_684' title='bbox 1711 5396 1813 5435; x_wconf 82' lang='lat' dir='ltr'><strong>vox</strong></span> <span class='ocrx_word' id='word_1_685' title='bbox 1843 5420 1858 5446; x_wconf 95' lang='lat'><strong>,</strong></span> <span class='ocrx_word' id='word_1_686' title='bbox 1893 5381 2145 5439; x_wconf 87' lang='lat' dir='ltr'><strong>inventus</strong></span> 
     </span>
    </p>
   </div>
   <div class='ocr_carea' id='block_1_88' title="bbox 552 5469 2137 5538">
    <p class='ocr_par' dir='ltr' id='par_1_88' title="bbox 552 5469 2137 5538">
     <span class='ocr_line' id='line_1_88' title="bbox 552 5469 2137 5538; baseline 0.003 -14"><span class='ocrx_word' id='word_1_687' title='bbox 552 5481 636 5526; x_wconf 86' lang='lat' dir='ltr'><strong>est</strong></span> <span class='ocrx_word' id='word_1_688' title='bbox 672 5469 821 5526; x_wconf 89' lang='lat' dir='ltr'><strong>solus</strong></span> <span class='ocrx_word' id='word_1_689' title='bbox 850 5470 1006 5525; x_wconf 83' lang='lat' dir='ltr'><strong>Jesus</strong></span> <span class='ocrx_word' id='word_1_690' title='bbox 1027 5471 1097 5526; x_wconf 75' lang='lat'><strong>“.</strong></span> <span class='ocrx_word' id='word_1_691' title='bbox 1141 5490 1158 5523; x_wconf 78' lang='grc' dir='ltr'><strong>ι</strong></span> <span class='ocrx_word' id='word_1_692' title='bbox 1191 5471 1328 5538; x_wconf 87' lang='lat' dir='ltr'><strong>Quid</strong></span> <span class='ocrx_word' id='word_1_693' title='bbox 1385 5473 1452 5526; x_wconf 87' lang='lat' dir='ltr'><strong>ad</strong></span> <span class='ocrx_word' id='word_1_694' title='bbox 1504 5473 1620 5527; x_wconf 74' lang='lat' dir='ltr'><strong>haec</strong></span> <span class='ocrx_word' id='word_1_695' title='bbox 1653 5473 1729 5526; x_wconf 88' lang='lat' dir='ltr'><strong>ait</strong></span> <span class='ocrx_word' id='word_1_696' title='bbox 1753 5471 1972 5528; x_wconf 74' lang='lat' dir='ltr'><strong>Iudaeus</strong></span> <span class='ocrx_word' id='word_1_697' title='bbox 2005 5473 2137 5528; x_wconf 86' lang='lat' dir='ltr'><strong>dura</strong></span> 
     </span>
    </p>
   </div>
   <div class='ocr_carea' id='block_1_89' title="bbox 552 5565 2140 5634">
    <p class='ocr_par' dir='ltr' id='par_1_89' title="bbox 552 5565 2140 5634">
     <span class='ocr_line' id='line_1_89' title="bbox 552 5565 2140 5634; baseline 0.003 -17"><span class='ocrx_word' id='word_1_698' title='bbox 552 5565 788 5626; x_wconf 73' lang='lat' dir='ltr'><strong>cervice,</strong></span> <span class='ocrx_word' id='word_1_699' title='bbox 825 5565 1174 5619; x_wconf 77' lang='lat' dir='ltr'><strong>refractarius</strong></span> <span class='ocrx_word' id='word_1_700' title='bbox 1210 5565 1320 5629; x_wconf 84' lang='lat' dir='ltr'><strong>ille,</strong></span> <span class='ocrx_word' id='word_1_701' title='bbox 1345 5565 1778 5634; x_wconf 86' lang='lat' dir='ltr'><strong>inobediensque</strong></span> <span class='ocrx_word' id='word_1_702' title='bbox 1805 5609 1818 5630; x_wconf 95' lang='lat'><strong>,</strong></span> <span class='ocrx_word' id='word_1_703' title='bbox 1865 5573 1920 5620; x_wconf 88' lang='lat' dir='ltr'><strong>et</strong></span> <span class='ocrx_word' id='word_1_704' title='bbox 1970 5565 2140 5620; x_wconf 86' lang='lat' dir='ltr'><strong>corde</strong></span> 
     </span>
    </p>
   </div>
   <div class='ocr_carea' id='block_1_90' title="bbox 553 5655 2136 5728">
    <p class='ocr_par' dir='ltr' id='par_1_90' title="bbox 553 5655 2136 5728">
     <span class='ocr_line' id='line_1_90' title="bbox 553 5655 2136 5728; baseline 0.001 -18"><span class='ocrx_word' id='word_1_705' title='bbox 553 5655 856 5710; x_wconf 84' lang='lat' dir='ltr'><strong>insuasibili</strong></span> <span class='ocrx_word' id='word_1_706' title='bbox 888 5656 1012 5710; x_wconf 85' lang='lat' dir='ltr'><strong>?Eu</strong></span> <span class='ocrx_word' id='word_1_707' title='bbox 1038 5666 1303 5727; x_wconf 78' lang='lat' dir='ltr'><strong>praesente</strong></span> <span class='ocrx_word' id='word_1_708' title='bbox 1337 5657 1500 5726; x_wconf 82' lang='lat' dir='ltr'><strong>ll-lose,</strong></span> <span class='ocrx_word' id='word_1_709' title='bbox 1527 5657 1777 5728; x_wconf 81' lang='lat' dir='ltr'><strong>praecipit</strong></span> <span class='ocrx_word' id='word_1_710' title='bbox 1804 5657 1966 5712; x_wconf 86' lang='lat' dir='ltr'><strong>Pater</strong></span> <span class='ocrx_word' id='word_1_711' title='bbox 2010 5673 2136 5713; x_wconf 88' lang='lat' dir='ltr'><strong>san-</strong></span> 
     </span>
    </p>
   </div>
   <div class='ocr_carea' id='block_1_91' title="bbox 622 5782 1608 5856">
    <p class='ocr_par' dir='ltr' id='par_1_91' title="bbox 622 5782 1608 5856">
     <span class='ocr_line' id='line_1_91' title="bbox 622 5782 1608 5856; baseline 0.015 -21"><span class='ocrx_word' id='word_1_712' title='bbox 622 5782 857 5856; x_wconf 14' lang='lat' dir='ltr'><strong>‘_&#39;7Jo:tn.</strong></span> <span class='ocrx_word' id='word_1_713' title='bbox 892 5802 966 5848; x_wconf 79' lang='lat' dir='ltr'><strong>lx,</strong></span> <span class='ocrx_word' id='word_1_714' title='bbox 1003 5787 1088 5844; x_wconf 66' lang='grc'><strong>16.</strong></span> <span class='ocrx_word' id='word_1_715' title='bbox 1169 5789 1211 5822; x_wconf 84' lang='grc'><strong>¹⁶</strong></span> <span class='ocrx_word' id='word_1_716' title='bbox 1237 5786 1398 5847; x_wconf 69' lang='lat' dir='ltr'><strong>Joan.</strong></span> <span class='ocrx_word' id='word_1_717' title='bbox 1431 5805 1488 5856; x_wconf 78' lang='lat' dir='ltr'><strong>x,</strong></span> <span class='ocrx_word' id='word_1_718' title='bbox 1516 5790 1608 5846; x_wconf 72' lang='lat'><strong>55.</strong></span> 
     </span>
    </p>
   </div>
   <div class='ocr_carea' id='block_1_92' title="bbox 548 5851 2072 5932">
    <p class='ocr_par' dir='ltr' id='par_1_92' title="bbox 548 5851 2072 5932">
     <span class='ocr_line' id='line_1_92' title="bbox 548 5851 2072 5932; baseline 0.007 -24"><span class='ocrx_word' id='word_1_719' title='bbox 548 5853 593 5888; x_wconf 72' lang='grc'><strong>⁸³</strong></span> <span class='ocrx_word' id='word_1_720' title='bbox 629 5851 770 5914; x_wconf 82' lang='lat' dir='ltr'><strong>Phil.</strong></span> <span class='ocrx_word' id='word_1_721' title='bbox 797 5871 880 5927; x_wconf 81' lang='lat' dir='ltr'><strong>tu,</strong></span> <span class='ocrx_word' id='word_1_722' title='bbox 904 5859 995 5915; x_wconf 73' lang='grc'><strong>21.</strong></span> <span class='ocrx_word' id='word_1_723' title='bbox 1072 5861 1118 5892; x_wconf 77' lang='grc'><em>³³</em></span> <span class='ocrx_word' id='word_1_724' title='bbox 1145 5859 1336 5918; x_wconf 80' lang='lat' dir='ltr'><strong>Matth.</strong></span> <span class='ocrx_word' id='word_1_725' title='bbox 1371 5851 1578 5932; x_wconf 60' lang='lat'><strong>“11,5.</strong></span> <span class='ocrx_word' id='word_1_726' title='bbox 1655 5861 1700 5894; x_wconf 71' lang='grc'>³³</span> <span class='ocrx_word' id='word_1_727' title='bbox 1721 5860 1854 5918; x_wconf 87' lang='lat' dir='ltr'><strong>Luc.</strong></span> <span class='ocrx_word' id='word_1_728' title='bbox 1881 5877 1956 5932; x_wconf 81' lang='lat' dir='ltr'><strong>ix,</strong></span> <span class='ocrx_word' id='word_1_729' title='bbox 1983 5851 2072 5919; x_wconf 67' lang='lat'><strong>36.</strong></span> 
     </span>
    </p>
   </div>
   <div class='ocr_carea' id='block_1_93' title="bbox 2169 4511 2219 4568">
    <p class='ocr_par' dir='ltr' id='par_1_93' title="bbox 2169 4511 2219 4568">
     <span class='ocr_line' id='line_1_93' title="bbox 2169 4511 2219 4568; baseline 0 0"><span class='ocrx_word' id='word_1_730' title='bbox 2169 4511 2219 4568; x_wconf 86' lang='grc' dir='ltr'>ι)</span> 
     </span>
    </p>
   </div>
   <div class='ocr_carea' id='block_1_94' title="bbox 1723 5788 2876 5870">
    <p class='ocr_par' dir='ltr' id='par_1_94' title="bbox 1723 5788 2876 5870">
     <span class='ocr_line' id='line_1_94' title="bbox 1723 5788 2876 5870; baseline 0.03 -29"><span class='ocrx_word' id='word_1_731' title='bbox 1723 5791 1764 5870; x_wconf 60' lang='grc' dir='ltr'><strong>ξ’</strong></span> <span class='ocrx_word' id='word_1_732' title='bbox 1803 5788 1870 5844; x_wconf 92' lang='lat' dir='ltr'><strong>Ill</strong></span> <span class='ocrx_word' id='word_1_733' title='bbox 1903 5788 2156 5870; x_wconf 32' lang='lat' dir='ltr'><strong>Regini,</strong></span> <span class='ocrx_word' id='word_1_734' title='bbox 2198 5794 2288 5852; x_wconf 70' lang='lat'><strong>{0.</strong></span> <span class='ocrx_word' id='word_1_735' title='bbox 2368 5800 2410 5834; x_wconf 83' lang='lat'>&quot;</span> <span class='ocrx_word' id='word_1_736' title='bbox 2469 5800 2600 5858; x_wconf 70' lang='lat' dir='ltr'><strong>Luc.</strong></span> <span class='ocrx_word' id='word_1_737' title='bbox 2655 5819 2730 5870; x_wconf 63' lang='lat' dir='ltr'><strong>IX:</strong></span> <span class='ocrx_word' id='word_1_738' title='bbox 2785 5806 2876 5862; x_wconf 73' lang='lat'><strong>5|-</strong></span> 
     </span>
    </p>
   </div>
   <div class='ocr_carea' id='block_1_95' title="bbox 2239 3261 3792 3343">
    <p class='ocr_par' dir='ltr' id='par_1_95' title="bbox 2239 3261 3792 3343">
     <span class='ocr_line' id='line_1_95' title="bbox 2239 3261 3792 3343; baseline 0.006 -28"><span class='ocrx_word' id='word_1_739' title='bbox 2239 3261 2437 3332; x_wconf 71' lang='grc' dir='ltr'>θεωροὶ</span> <span class='ocrx_word' id='word_1_740' title='bbox 2480 3264 2720 3330; x_wconf 77' lang='grc' dir='ltr'>γίνονται</span> <span class='ocrx_word' id='word_1_741' title='bbox 2773 3267 2868 3336; x_wconf 74' lang='grc' dir='ltr'><strong>τῆς</strong></span> <span class='ocrx_word' id='word_1_742' title='bbox 2930 3267 3076 3321; x_wconf 75' lang='grc' dir='ltr'>οὕτω</span> <span class='ocrx_word' id='word_1_743' title='bbox 3121 3271 3334 3342; x_wconf 79' lang='grc' dir='ltr'>σεπτῆς</span> <span class='ocrx_word' id='word_1_744' title='bbox 3377 3273 3471 3325; x_wconf 81' lang='grc' dir='ltr'><strong>καὶ</strong></span> <span class='ocrx_word' id='word_1_745' title='bbox 3521 3272 3792 3343; x_wconf 61' lang='grc' dir='ltr'>παραδόξου</span> 
     </span>
    </p>
   </div>
   <div class='ocr_carea' id='block_1_96' title="bbox 2220 3357 3794 3437">
    <p class='ocr_par' dir='ltr' id='par_1_96' title="bbox 2220 3357 3794 3437">
     <span class='ocr_line' id='line_1_96' title="bbox 2220 3357 3794 3437; baseline 0.007 -30"><span class='ocrx_word' id='word_1_746' title='bbox 2220 3357 2569 3429; x_wconf 73' lang='grc' dir='ltr'>μεταϐολῆς.</span> <span class='ocrx_word' id='word_1_747' title='bbox 2613 3360 2832 3430; x_wconf 75' lang='grc' dir='ltr'>Οἱηθεὶς</span> <span class='ocrx_word' id='word_1_748' title='bbox 2865 3361 2920 3412; x_wconf 78' lang='grc' dir='ltr'><strong>δὲ</strong></span> <span class='ocrx_word' id='word_1_749' title='bbox 2951 3361 3082 3425; x_wconf 73' lang='grc' dir='ltr'>ἴσως</span> <span class='ocrx_word' id='word_1_750' title='bbox 3111 3363 3139 3414; x_wconf 86' lang='grc' dir='ltr'>ὁ</span> <span class='ocrx_word' id='word_1_751' title='bbox 3171 3363 3469 3429; x_wconf 71' lang='grc' dir='ltr'>θεσπέσιος</span> <span class='ocrx_word' id='word_1_752' title='bbox 3501 3366 3695 3437; x_wconf 81' lang='grc' dir='ltr'>Πέτρος</span> <span class='ocrx_word' id='word_1_753' title='bbox 3725 3367 3794 3418; x_wconf 76' lang='grc' dir='ltr'>ὃτι</span> 
     </span>
    </p>
   </div>
   <div class='ocr_carea' id='block_1_97' title="bbox 2239 3451 3792 3527">
    <p class='ocr_par' dir='ltr' id='par_1_97' title="bbox 2239 3451 3792 3527">
     <span class='ocr_line' id='line_1_97' title="bbox 2239 3451 3792 3527; baseline 0.001 -26"><span class='ocrx_word' id='word_1_754' title='bbox 2239 3451 2382 3520; x_wconf 79' lang='grc' dir='ltr'>τάχα</span> <span class='ocrx_word' id='word_1_755' title='bbox 2417 3468 2522 3504; x_wconf 83' lang='grc' dir='ltr'><strong>που</strong></span> <span class='ocrx_word' id='word_1_756' title='bbox 2557 3453 2650 3504; x_wconf 73' lang='grc' dir='ltr'><strong>καὶ</strong></span> <span class='ocrx_word' id='word_1_757' title='bbox 2680 3454 2975 3520; x_wconf 75' lang='grc' dir='ltr'>ἐνέστηκεν</span> <span class='ocrx_word' id='word_1_758' title='bbox 3003 3456 3030 3508; x_wconf 85' lang='grc' dir='ltr'><strong>ό</strong></span> <span class='ocrx_word' id='word_1_759' title='bbox 3061 3454 3260 3524; x_wconf 77' lang='grc' dir='ltr'>καιρὸς</span> <span class='ocrx_word' id='word_1_760' title='bbox 3287 3457 3388 3527; x_wconf 77' lang='grc' dir='ltr'>τῆς</span> <span class='ocrx_word' id='word_1_761' title='bbox 3421 3457 3688 3526; x_wconf 61' lang='grc' dir='ltr'>βασιλείας</span> <span class='ocrx_word' id='word_1_762' title='bbox 3716 3456 3792 3510; x_wconf 71' lang='grc' dir='ltr'><strong>τοῦ</strong></span> 
     </span>
    </p>
   </div>
   <div class='ocr_carea' id='block_1_98' title="bbox 2239 3540 3789 3622">
    <p class='ocr_par' dir='ltr' id='par_1_98' title="bbox 2239 3540 3789 3622">
     <span class='ocr_line' id='line_1_98' title="bbox 2239 3540 3789 3622; baseline 0.006 -30"><span class='ocrx_word' id='word_1_763' title='bbox 2239 3540 2398 3604; x_wconf 83' lang='grc' dir='ltr'>Θεοῦ,</span> <span class='ocrx_word' id='word_1_764' title='bbox 2452 3543 2778 3614; x_wconf 74' lang='grc' dir='ltr'>ἀποδέχεται</span> <span class='ocrx_word' id='word_1_765' title='bbox 2839 3545 2938 3615; x_wconf 73' lang='grc' dir='ltr'>μὲν</span> <span class='ocrx_word' id='word_1_766' title='bbox 2994 3545 3092 3610; x_wconf 76' lang='grc' dir='ltr'><strong>τὰς</strong></span> <span class='ocrx_word' id='word_1_767' title='bbox 3133 3549 3190 3600; x_wconf 82' lang='grc' dir='ltr'>ὲν</span> <span class='ocrx_word' id='word_1_768' title='bbox 3231 3549 3314 3619; x_wconf 86' lang='grc' dir='ltr'>τῷ</span> <span class='ocrx_word' id='word_1_769' title='bbox 3343 3549 3472 3622; x_wconf 68' lang='grc' dir='ltr'>ὄρει</span> <span class='ocrx_word' id='word_1_770' title='bbox 3503 3547 3789 3621; x_wconf 72' lang='grc' dir='ltr'>διατριϐάς·</span> 
     </span>
    </p>
   </div>
   <div class='ocr_carea' id='block_1_99' title="bbox 2247 3634 3791 3712">
    <p class='ocr_par' dir='ltr' id='par_1_99' title="bbox 2247 3634 3791 3712">
     <span class='ocr_line' id='line_1_99' title="bbox 2247 3634 3791 3712; baseline 0.005 -29"><span class='ocrx_word' id='word_1_771' title='bbox 2247 3651 2266 3682; x_wconf 78' lang='grc' dir='ltr'>ι</span> <span class='ocrx_word' id='word_1_772' title='bbox 2301 3634 2513 3702; x_wconf 71' lang='grc' dir='ltr'>Σκηνὰς</span> <span class='ocrx_word' id='word_1_773' title='bbox 2551 3635 2609 3688; x_wconf 81' lang='grc' dir='ltr'><strong>δὲ</strong></span> <span class='ocrx_word' id='word_1_774' title='bbox 2662 3638 2813 3706; x_wconf 84' lang='grc' dir='ltr'>τρεῖς</span> <span class='ocrx_word' id='word_1_775' title='bbox 2861 3636 2974 3690; x_wconf 81' lang='grc' dir='ltr'>δεῖν</span> <span class='ocrx_word' id='word_1_776' title='bbox 3017 3638 3277 3706; x_wconf 82' lang='grc' dir='ltr'>γενέσθαι</span> <span class='ocrx_word' id='word_1_777' title='bbox 3310 3642 3498 3712; x_wconf 72' lang='grc' dir='ltr'>φησιν,</span> <span class='ocrx_word' id='word_1_778' title='bbox 3533 3643 3630 3695; x_wconf 71' lang='grc' dir='ltr'>οὐκ</span> <span class='ocrx_word' id='word_1_779' title='bbox 3663 3638 3791 3700; x_wconf 72' lang='grc' dir='ltr'>εἰδὼς</span> 
     </span>
    </p>
   </div>
   <div class='ocr_carea' id='block_1_100' title="bbox 2241 3721 3790 3801">
    <p class='ocr_par' dir='ltr' id='par_1_100' title="bbox 2241 3721 3790 3801">
     <span class='ocr_line' id='line_1_100' title="bbox 2241 3721 3790 3801; baseline 0.005 -27"><span class='ocrx_word' id='word_1_780' title='bbox 2241 3721 2466 3788; x_wconf 71' lang='grc' dir='ltr'>ὃλέγει.</span> <span class='ocrx_word' id='word_1_781' title='bbox 2504 3742 2522 3773; x_wconf 69' lang='grc' dir='ltr'>ιι</span> <span class='ocrx_word' id='word_1_782' title='bbox 2567 3725 2642 3777; x_wconf 74' lang='grc' dir='ltr'><strong>Οὐ</strong></span> <span class='ocrx_word' id='word_1_783' title='bbox 2691 3727 2802 3795; x_wconf 74' lang='grc' dir='ltr'>γὰρ</span> <span class='ocrx_word' id='word_1_784' title='bbox 2862 3721 2932 3798; x_wconf 80' lang='grc' dir='ltr'>ἦν</span> <span class='ocrx_word' id='word_1_785' title='bbox 2985 3729 3179 3799; x_wconf 75' lang='grc' dir='ltr'>καιρὸς</span> <span class='ocrx_word' id='word_1_786' title='bbox 3223 3731 3331 3801; x_wconf 76' lang='grc' dir='ltr'>τῆς</span> <span class='ocrx_word' id='word_1_787' title='bbox 3386 3731 3690 3794; x_wconf 77' lang='grc' dir='ltr'>συντελείας</span> <span class='ocrx_word' id='word_1_788' title='bbox 3717 3728 3790 3782; x_wconf 79' lang='grc' dir='ltr'><strong>τοῦ</strong></span> 
     </span>
    </p>
   </div>
   <div class='ocr_carea' id='block_1_101' title="bbox 2242 3813 3794 3892">
    <p class='ocr_par' dir='ltr' id='par_1_101' title="bbox 2242 3813 3794 3892">
     <span class='ocr_line' id='line_1_101' title="bbox 2242 3813 3794 3892; baseline 0.004 -28"><span class='ocrx_word' id='word_1_789' title='bbox 2242 3815 2441 3875; x_wconf 80' lang='grc' dir='ltr'>αιώνος</span> <span class='ocrx_word' id='word_1_790' title='bbox 2465 3829 2476 3842; x_wconf 93' lang='grc'><strong>·</strong></span> <span class='ocrx_word' id='word_1_791' title='bbox 2516 3813 2642 3866; x_wconf 78' lang='grc' dir='ltr'>οὔτε</span> <span class='ocrx_word' id='word_1_792' title='bbox 2677 3815 2782 3886; x_wconf 76' lang='grc' dir='ltr'>μὴν</span> <span class='ocrx_word' id='word_1_793' title='bbox 2823 3816 2919 3870; x_wconf 87' lang='grc' dir='ltr'><strong>τοῦ</strong></span> <span class='ocrx_word' id='word_1_794' title='bbox 2948 3820 3219 3887; x_wconf 74' lang='grc' dir='ltr'>παρόντος</span> <span class='ocrx_word' id='word_1_795' title='bbox 3250 3822 3452 3892; x_wconf 76' lang='grc' dir='ltr'>χρόνον</span> <span class='ocrx_word' id='word_1_796' title='bbox 3475 3863 3491 3889; x_wconf 90' lang='grc'><strong>,</strong></span> <span class='ocrx_word' id='word_1_797' title='bbox 3519 3820 3612 3876; x_wconf 87' lang='grc' dir='ltr'><strong>τοῦ</strong></span> <span class='ocrx_word' id='word_1_798' title='bbox 3636 3821 3794 3875; x_wconf 74' lang='grc' dir='ltr'>λαϐεῖν</span> 
     </span>
    </p>
   </div>
   <div class='ocr_carea' id='block_1_102' title="bbox 2241 3905 3788 3986">
    <p class='ocr_par' dir='ltr' id='par_1_102' title="bbox 2241 3905 3788 3986">
     <span class='ocr_line' id='line_1_102' title="bbox 2241 3905 3788 3986; baseline 0.01 -32"><span class='ocrx_word' id='word_1_799' title='bbox 2241 3905 2370 3968; x_wconf 74' lang='grc' dir='ltr'>τοὺς</span> <span class='ocrx_word' id='word_1_800' title='bbox 2421 3905 2610 3972; x_wconf 82' lang='grc' dir='ltr'>ἁγίους</span> <span class='ocrx_word' id='word_1_801' title='bbox 2657 3909 2757 3980; x_wconf 80' lang='grc' dir='ltr'><strong>τῆς</strong></span> <span class='ocrx_word' id='word_1_802' title='bbox 2788 3913 3212 3986; x_wconf 81' lang='grc' dir='ltr'>ἐπηγγελμένης</span> <span class='ocrx_word' id='word_1_803' title='bbox 3245 3919 3441 3981; x_wconf 78' lang='grc' dir='ltr'>αὐτοῖς</span> <span class='ocrx_word' id='word_1_804' title='bbox 3463 3917 3668 3980; x_wconf 76' lang='grc' dir='ltr'>ἐλπίδος</span> <span class='ocrx_word' id='word_1_805' title='bbox 3703 3915 3788 3984; x_wconf 76' lang='grc' dir='ltr'><strong>τὴν</strong></span> 
     </span>
    </p>
   </div>
   <div class='ocr_carea' id='block_1_103' title="bbox 2247 3997 3795 4080">
    <p class='ocr_par' dir='ltr' id='par_1_103' title="bbox 2247 3997 3795 4080">
     <span class='ocr_line' id='line_1_103' title="bbox 2247 3997 3795 4080; baseline 0.01 -32"><span class='ocrx_word' id='word_1_806' title='bbox 2247 3997 2486 4066; x_wconf 75' lang='grc' dir='ltr'>μέθεξιν.</span> <span class='ocrx_word' id='word_1_807' title='bbox 2529 3999 2586 4050; x_wconf 89' lang='grc' dir='ltr'>Ὁ</span> <span class='ocrx_word' id='word_1_808' title='bbox 2622 3999 2732 4070; x_wconf 86' lang='grc' dir='ltr'>γὰρ</span> <span class='ocrx_word' id='word_1_809' title='bbox 2781 4003 2994 4068; x_wconf 78' lang='grc' dir='ltr'>Παῦλος</span> <span class='ocrx_word' id='word_1_810' title='bbox 3027 4023 3228 4077; x_wconf 83' lang='grc' dir='ltr'>φησιν·</span> <span class='ocrx_word' id='word_1_811' title='bbox 3269 4027 3290 4061; x_wconf 71' lang='grc' dir='ltr'>ι</span> <span class='ocrx_word' id='word_1_812' title='bbox 3335 4011 3435 4073; x_wconf 86' lang='grc' dir='ltr'>Ὃς</span> <span class='ocrx_word' id='word_1_813' title='bbox 3469 4023 3795 4080; x_wconf 83' lang='grc' dir='ltr'>μετασχημα-</span> 
     </span>
    </p>
   </div>
   <div class='ocr_carea' id='block_1_104' title="bbox 2242 4089 3796 4173">
    <p class='ocr_par' dir='ltr' id='par_1_104' title="bbox 2242 4089 3796 4173">
     <span class='ocr_line' id='line_1_104' title="bbox 2242 4089 3796 4173; baseline -0.003 -20"><span class='ocrx_word' id='word_1_814' title='bbox 2242 4089 2381 4153; x_wconf 77' lang='grc' dir='ltr'>τίξει</span> <span class='ocrx_word' id='word_1_815' title='bbox 2430 4091 2491 4144; x_wconf 81' lang='grc' dir='ltr'><strong>τὸ</strong></span> <span class='ocrx_word' id='word_1_816' title='bbox 2541 4091 2704 4162; x_wconf 78' lang='grc' dir='ltr'>σῶμα</span> <span class='ocrx_word' id='word_1_817' title='bbox 2749 4094 2850 4164; x_wconf 79' lang='grc' dir='ltr'>τῆς</span> <span class='ocrx_word' id='word_1_818' title='bbox 2899 4099 3290 4164; x_wconf 86' lang='grc' dir='ltr'>ταπεινώσεως</span> <span class='ocrx_word' id='word_1_819' title='bbox 3325 4101 3518 4173; x_wconf 78' lang='grc' dir='ltr'>ἡμῶν,</span> <span class='ocrx_word' id='word_1_820' title='bbox 3543 4102 3618 4165; x_wconf 79' lang='grc' dir='ltr'><strong>εἰς</strong></span> <span class='ocrx_word' id='word_1_821' title='bbox 3643 4098 3697 4152; x_wconf 81' lang='grc' dir='ltr'>τὸ</span> <span class='ocrx_word' id='word_1_822' title='bbox 3723 4114 3796 4166; x_wconf 80' lang='grc' dir='ltr'>γε·</span> 
     </span>
    </p>
   </div>
   <div class='ocr_carea' id='block_1_105' title="bbox 2243 4179 3789 4262">
    <p class='ocr_par' dir='ltr' id='par_1_105' title="bbox 2243 4179 3789 4262">
     <span class='ocr_line' id='line_1_105' title="bbox 2243 4179 3789 4262; baseline 0.007 -31"><span class='ocrx_word' id='word_1_823' title='bbox 2243 4179 2427 4233; x_wconf 86' lang='grc' dir='ltr'>νέσθαι</span> <span class='ocrx_word' id='word_1_824' title='bbox 2452 4181 2584 4234; x_wconf 76' lang='grc' dir='ltr'>αὐτὸ</span> <span class='ocrx_word' id='word_1_825' title='bbox 2607 4183 2933 4254; x_wconf 78' lang='grc' dir='ltr'>σύμμορφον</span> <span class='ocrx_word' id='word_1_826' title='bbox 2953 4187 3030 4257; x_wconf 82' lang='grc' dir='ltr'>τῷ</span> <span class='ocrx_word' id='word_1_827' title='bbox 3045 4187 3261 4258; x_wconf 85' lang='grc' dir='ltr'>σώματι</span> <span class='ocrx_word' id='word_1_828' title='bbox 3281 4192 3383 4262; x_wconf 83' lang='grc' dir='ltr'>τῆς</span> <span class='ocrx_word' id='word_1_829' title='bbox 3411 4191 3568 4262; x_wconf 81' lang='grc' dir='ltr'>δόξης</span> <span class='ocrx_word' id='word_1_830' title='bbox 3587 4189 3752 4244; x_wconf 77' lang='grc' dir='ltr'>αὐτοῦ.</span> <span class='ocrx_word' id='word_1_831' title='bbox 3775 4207 3789 4237; x_wconf 75' lang='grc' dir='ltr'>ι</span> 
     </span>
    </p>
   </div>
   <div class='ocr_carea' id='block_1_106' title="bbox 2242 4272 3794 4356">
    <p class='ocr_par' dir='ltr' id='par_1_106' title="bbox 2242 4272 3794 4356">
     <span class='ocr_line' id='line_1_106' title="bbox 2242 4272 3794 4356; baseline 0.007 -33"><span class='ocrx_word' id='word_1_832' title='bbox 2242 4272 2480 4342; x_wconf 81' lang='grc' dir='ltr'>Χριστὸς</span> <span class='ocrx_word' id='word_1_833' title='bbox 2531 4273 2800 4344; x_wconf 85' lang='grc' dir='ltr'>δηλονότι.</span> <span class='ocrx_word' id='word_1_834' title='bbox 2845 4275 3029 4348; x_wconf 75' lang='grc' dir='ltr'>Οὔσης</span> <span class='ocrx_word' id='word_1_835' title='bbox 3071 4276 3166 4335; x_wconf 80' lang='grc' dir='ltr'><strong>οὖν</strong></span> <span class='ocrx_word' id='word_1_836' title='bbox 3198 4283 3260 4337; x_wconf 79' lang='grc' dir='ltr'>ὲν</span> <span class='ocrx_word' id='word_1_837' title='bbox 3286 4284 3488 4356; x_wconf 80' lang='grc' dir='ltr'>ἀρχαῖς</span> <span class='ocrx_word' id='word_1_838' title='bbox 3531 4285 3608 4338; x_wconf 81' lang='grc' dir='ltr'>ἔτι</span> <span class='ocrx_word' id='word_1_839' title='bbox 3639 4281 3794 4352; x_wconf 74' lang='grc' dir='ltr'>τῆςοίε</span> 
     </span>
    </p>
   </div>
   <div class='ocr_carea' id='block_1_107' title="bbox 2243 4365 3794 4446">
    <p class='ocr_par' dir='ltr' id='par_1_107' title="bbox 2243 4365 3794 4446">
     <span class='ocr_line' id='line_1_107' title="bbox 2243 4365 3794 4446; baseline 0.012 -31"><span class='ocrx_word' id='word_1_840' title='bbox 2243 4365 2530 4435; x_wconf 84' lang='grc' dir='ltr'>κονομίας,</span> <span class='ocrx_word' id='word_1_841' title='bbox 2563 4367 2659 4419; x_wconf 72' lang='grc' dir='ltr'><strong>καὶ</strong></span> <span class='ocrx_word' id='word_1_842' title='bbox 2715 4366 2872 4422; x_wconf 79' lang='grc' dir='ltr'>οὔπω</span> <span class='ocrx_word' id='word_1_843' title='bbox 2923 4375 3392 4446; x_wconf 78' lang='grc' dir='ltr'>πεπερασμένης,</span> <span class='ocrx_word' id='word_1_844' title='bbox 3427 4377 3545 4441; x_wconf 77' lang='grc' dir='ltr'><strong>πῶς</strong></span> <span class='ocrx_word' id='word_1_845' title='bbox 3586 4371 3650 4446; x_wconf 82' lang='grc' dir='ltr'>ἦν</span> <span class='ocrx_word' id='word_1_846' title='bbox 3677 4373 3794 4433; x_wconf 77' lang='grc' dir='ltr'>εἰκὸς</span> 
     </span>
    </p>
   </div>
   <div class='ocr_carea' id='block_1_108' title="bbox 2245 4457 3793 4538">
    <p class='ocr_par' dir='ltr' id='par_1_108' title="bbox 2245 4457 3793 4538">
     <span class='ocr_line' id='line_1_108' title="bbox 2245 4457 3793 4538; baseline 0.006 -31"><span class='ocrx_word' id='word_1_847' title='bbox 2245 4457 2548 4528; x_wconf 74' lang='grc' dir='ltr'>καταλῆξαι</span> <span class='ocrx_word' id='word_1_848' title='bbox 2575 4459 2838 4528; x_wconf 73' lang='grc' dir='ltr'>Χριστδν,</span> <span class='ocrx_word' id='word_1_849' title='bbox 2857 4461 2957 4532; x_wconf 84' lang='grc' dir='ltr'><strong>τῆς</strong></span> <span class='ocrx_word' id='word_1_850' title='bbox 2983 4465 3063 4526; x_wconf 76' lang='grc' dir='ltr'>εἰς</span> <span class='ocrx_word' id='word_1_851' title='bbox 3085 4466 3174 4517; x_wconf 85' lang='grc' dir='ltr'><strong>τὸν</strong></span> <span class='ocrx_word' id='word_1_852' title='bbox 3191 4465 3402 4538; x_wconf 82' lang='grc' dir='ltr'>κόσμον</span> <span class='ocrx_word' id='word_1_853' title='bbox 3423 4469 3642 4538; x_wconf 71' lang='grc' dir='ltr'>ἀγάπης</span> <span class='ocrx_word' id='word_1_854' title='bbox 3661 4467 3793 4520; x_wconf 76' lang='grc' dir='ltr'>ἕνεκα</span> 
     </span>
    </p>
   </div>
   <div class='ocr_carea' id='block_1_109' title="bbox 2246 4551 3796 4625">
    <p class='ocr_par' dir='ltr' id='par_1_109' title="bbox 2246 4551 3796 4625">
     <span class='ocr_line' id='line_1_109' title="bbox 2246 4551 3796 4625; baseline 0.005 -22"><span class='ocrx_word' id='word_1_855' title='bbox 2246 4551 2713 4624; x_wconf 76' lang='grc' dir='ltr'>ἀποφοιτήσαντα,</span> <span class='ocrx_word' id='word_1_856' title='bbox 2747 4553 2842 4607; x_wconf 87' lang='grc' dir='ltr'><strong>τοῦ</strong></span> <span class='ocrx_word' id='word_1_857' title='bbox 2870 4555 3065 4610; x_wconf 86' lang='grc' dir='ltr'>παθεῖν</span> <span class='ocrx_word' id='word_1_858' title='bbox 3091 4557 3307 4614; x_wconf 68' lang='grc' dir='ltr'>ἐθέλειν</span> <span class='ocrx_word' id='word_1_859' title='bbox 3345 4561 3490 4625; x_wconf 79' lang='grc' dir='ltr'>ὑπὲρ</span> <span class='ocrx_word' id='word_1_860' title='bbox 3519 4559 3694 4614; x_wconf 83' lang='grc' dir='ltr'>αὑτοῦ.</span> <span class='ocrx_word' id='word_1_861' title='bbox 3720 4556 3796 4610; x_wconf 81' lang='grc' dir='ltr'><strong>Σέ-</strong></span> 
     </span>
    </p>
   </div>
   <div class='ocr_carea' id='block_1_110' title="bbox 2246 4645 3792 4728">
    <p class='ocr_par' dir='ltr' id='par_1_110' title="bbox 2246 4645 3792 4728">
     <span class='ocr_line' id='line_1_110' title="bbox 2246 4645 3792 4728; baseline 0.005 -31"><span class='ocrx_word' id='word_1_862' title='bbox 2246 4660 2389 4698; x_wconf 87' lang='grc' dir='ltr'>σωκε</span> <span class='ocrx_word' id='word_1_863' title='bbox 2419 4645 2528 4716; x_wconf 81' lang='grc' dir='ltr'><strong>γὰρ</strong></span> <span class='ocrx_word' id='word_1_864' title='bbox 2563 4645 2663 4718; x_wconf 80' lang='grc' dir='ltr'>τὴν</span> <span class='ocrx_word' id='word_1_865' title='bbox 2699 4648 2790 4700; x_wconf 79' lang='grc' dir='ltr'>ὑπ’</span> <span class='ocrx_word' id='word_1_866' title='bbox 2824 4649 3055 4720; x_wconf 80' lang='grc' dir='ltr'>οὐρανὸν</span> <span class='ocrx_word' id='word_1_867' title='bbox 3075 4691 3090 4717; x_wconf 94' lang='grc'><strong>,</strong></span> <span class='ocrx_word' id='word_1_868' title='bbox 3119 4653 3215 4705; x_wconf 74' lang='grc' dir='ltr'>καὶ</span> <span class='ocrx_word' id='word_1_869' title='bbox 3235 4653 3407 4728; x_wconf 22' lang='grc' dir='ltr'>,αὐτὸν</span> <span class='ocrx_word' id='word_1_870' title='bbox 3426 4654 3707 4726; x_wconf 83' lang='grc' dir='ltr'>ὑπομείνας</span> <span class='ocrx_word' id='word_1_871' title='bbox 3722 4651 3792 4704; x_wconf 68' lang='grc' dir='ltr'>τὸν</span> 
     </span>
    </p>
   </div>
   <div class='ocr_carea' id='block_1_111' title="bbox 2245 4736 3794 4818">
    <p class='ocr_par' dir='ltr' id='par_1_111' title="bbox 2245 4736 3794 4818">
     <span class='ocr_line' id='line_1_111' title="bbox 2245 4736 3794 4818; baseline 0.005 -28"><span class='ocrx_word' id='word_1_872' title='bbox 2245 4736 2388 4814; x_wconf 79' lang='grc' dir='ltr'>κατὰ</span> <span class='ocrx_word' id='word_1_873' title='bbox 2421 4739 2604 4808; x_wconf 83' lang='grc' dir='ltr'>σάρκα</span> <span class='ocrx_word' id='word_1_874' title='bbox 2637 4739 2888 4806; x_wconf 88' lang='grc' dir='ltr'>θάνατον,</span> <span class='ocrx_word' id='word_1_875' title='bbox 2919 4744 3012 4796; x_wconf 76' lang='grc' dir='ltr'><strong>καὶ</strong></span> <span class='ocrx_word' id='word_1_876' title='bbox 3039 4745 3130 4798; x_wconf 82' lang='grc' dir='ltr'>διὰ</span> <span class='ocrx_word' id='word_1_877' title='bbox 3159 4746 3260 4814; x_wconf 71' lang='grc' dir='ltr'><strong>τῆς</strong></span> <span class='ocrx_word' id='word_1_878' title='bbox 3281 4749 3348 4800; x_wconf 83' lang='grc' dir='ltr'>ὲκ</span> <span class='ocrx_word' id='word_1_879' title='bbox 3368 4748 3580 4818; x_wconf 84' lang='grc' dir='ltr'>νεκρῶν</span> <span class='ocrx_word' id='word_1_880' title='bbox 3595 4747 3794 4800; x_wconf 67' lang='lat' dir='ltr'><strong>avum-</strong></span> 
     </span>
    </p>
   </div>
   <div class='ocr_carea' id='block_1_112' title="bbox 2248 4833 3791 4911">
    <p class='ocr_par' dir='ltr' id='par_1_112' title="bbox 2248 4833 3791 4911">
     <span class='ocr_line' id='line_1_112' title="bbox 2248 4833 3791 4911; baseline 0.008 -31"><span class='ocrx_word' id='word_1_881' title='bbox 2248 4845 2390 4893; x_wconf 88' lang='grc' dir='ltr'>σεως</span> <span class='ocrx_word' id='word_1_882' title='bbox 2434 4833 2796 4902; x_wconf 82' lang='grc' dir='ltr'>καταργήσας</span> <span class='ocrx_word' id='word_1_883' title='bbox 2828 4834 3025 4902; x_wconf 83' lang='grc' dir='ltr'>αὐτόν;</span> <span class='ocrx_word' id='word_1_884' title='bbox 3063 4837 3164 4891; x_wconf 82' lang='grc' dir='ltr'><strong>οὐκ</strong></span> <span class='ocrx_word' id='word_1_885' title='bbox 3191 4838 3312 4910; x_wconf 75' lang='grc' dir='ltr'>ᾔδει</span> <span class='ocrx_word' id='word_1_886' title='bbox 3342 4840 3628 4911; x_wconf 87' lang='grc' dir='ltr'>τοιγαροῦν</span> <span class='ocrx_word' id='word_1_887' title='bbox 3653 4841 3678 4892; x_wconf 89' lang='grc' dir='ltr'><strong>ό</strong></span> <span class='ocrx_word' id='word_1_888' title='bbox 3707 4835 3791 4891; x_wconf 80' lang='grc' dir='ltr'><strong>Πέ-</strong></span> 
     </span>
    </p>
   </div>
   <div class='ocr_carea' id='block_1_113' title="bbox 2244 4921 3792 5001">
    <p class='ocr_par' dir='ltr' id='par_1_113' title="bbox 2244 4921 3792 5001">
     <span class='ocr_line' id='line_1_113' title="bbox 2244 4921 3792 5001; baseline 0.005 -30"><span class='ocrx_word' id='word_1_889' title='bbox 2244 4936 2374 4990; x_wconf 89' lang='grc' dir='ltr'>τρος</span> <span class='ocrx_word' id='word_1_890' title='bbox 2406 4921 2547 4992; x_wconf 83' lang='grc' dir='ltr'>ὅπερ</span> <span class='ocrx_word' id='word_1_891' title='bbox 2582 4921 2710 4992; x_wconf 84' lang='grc' dir='ltr'><strong>ἔφη.</strong></span> <span class='ocrx_word' id='word_1_892' title='bbox 2745 4923 2894 4995; x_wconf 76' lang='grc' dir='ltr'>Πλὴν</span> <span class='ocrx_word' id='word_1_893' title='bbox 2929 4925 3066 4996; x_wconf 79' lang='grc' dir='ltr'>πρὸς</span> <span class='ocrx_word' id='word_1_894' title='bbox 3107 4930 3172 4998; x_wconf 84' lang='grc' dir='ltr'>τῇ</span> <span class='ocrx_word' id='word_1_895' title='bbox 3206 4930 3504 5001; x_wconf 77' lang='grc' dir='ltr'>παραδόξῳ</span> <span class='ocrx_word' id='word_1_896' title='bbox 3531 4929 3622 4983; x_wconf 80' lang='grc' dir='ltr'>καὶ</span> <span class='ocrx_word' id='word_1_897' title='bbox 3650 4927 3792 4998; x_wconf 75' lang='grc' dir='ltr'>ἀπορ-</span> 
     </span>
    </p>
   </div>
   <div class='ocr_carea' id='block_1_114' title="bbox 2247 5012 3793 5094">
    <p class='ocr_par' dir='ltr' id='par_1_114' title="bbox 2247 5012 3793 5094">
     <span class='ocr_line' id='line_1_114' title="bbox 2247 5012 3793 5094; baseline 0.006 -31"><span class='ocrx_word' id='word_1_898' title='bbox 2247 5013 2399 5084; x_wconf 84' lang='grc' dir='ltr'><strong>ῥήτῳ</strong></span> <span class='ocrx_word' id='word_1_899' title='bbox 2431 5012 2530 5085; x_wconf 70' lang='grc' dir='ltr'><strong>θέᾳ</strong></span> <span class='ocrx_word' id='word_1_900' title='bbox 2557 5015 2659 5084; x_wconf 74' lang='grc' dir='ltr'><strong>τῆς</strong></span> <span class='ocrx_word' id='word_1_901' title='bbox 2693 5015 2854 5086; x_wconf 58' lang='grc' dir='ltr'>δόξης</span> <span class='ocrx_word' id='word_1_902' title='bbox 2881 5017 2976 5070; x_wconf 89' lang='grc' dir='ltr'><strong>τοῦ</strong></span> <span class='ocrx_word' id='word_1_903' title='bbox 3009 5020 3247 5091; x_wconf 84' lang='grc' dir='ltr'>Χριστοῦ</span> <span class='ocrx_word' id='word_1_904' title='bbox 3268 5061 3280 5083; x_wconf 93' lang='grc'><strong>,</strong></span> <span class='ocrx_word' id='word_1_905' title='bbox 3314 5021 3626 5094; x_wconf 83' lang='grc' dir='ltr'>πέπρακταί</span> <span class='ocrx_word' id='word_1_906' title='bbox 3651 5037 3694 5072; x_wconf 89' lang='grc' dir='ltr'><strong>τι</strong></span> <span class='ocrx_word' id='word_1_907' title='bbox 3719 5015 3793 5072; x_wconf 70' lang='grc' dir='ltr'><strong>καὶ</strong></span> 
     </span>
    </p>
   </div>
   <div class='ocr_carea' id='block_1_115' title="bbox 2245 5105 3793 5184">
    <p class='ocr_par' dir='ltr' id='par_1_115' title="bbox 2245 5105 3793 5184">
     <span class='ocr_line' id='line_1_115' title="bbox 2245 5105 3793 5184; baseline 0.005 -27"><span class='ocrx_word' id='word_1_908' title='bbox 2245 5105 2454 5174; x_wconf 76' lang='grc' dir='ltr'>ἕτερον,</span> <span class='ocrx_word' id='word_1_909' title='bbox 2493 5109 2768 5179; x_wconf 83' lang='grc' dir='ltr'>χρήσιμόν</span> <span class='ocrx_word' id='word_1_910' title='bbox 2820 5127 2880 5162; x_wconf 88' lang='grc' dir='ltr'><strong>τε</strong></span> <span class='ocrx_word' id='word_1_911' title='bbox 2927 5111 3021 5164; x_wconf 76' lang='grc' dir='ltr'>καὶ</span> <span class='ocrx_word' id='word_1_912' title='bbox 3056 5115 3360 5182; x_wconf 84' lang='grc' dir='ltr'>ἀναγκαῖον</span> <span class='ocrx_word' id='word_1_913' title='bbox 3383 5157 3398 5180; x_wconf 87' lang='grc'><strong>,</strong></span> <span class='ocrx_word' id='word_1_914' title='bbox 3427 5117 3505 5178; x_wconf 77' lang='grc' dir='ltr'><strong>είς</strong></span> <span class='ocrx_word' id='word_1_915' title='bbox 3535 5111 3793 5184; x_wconf 76' lang='grc' dir='ltr'>βεϐαίωσιν</span> 
     </span>
    </p>
   </div>
   <div class='ocr_carea' id='block_1_116' title="bbox 2244 5199 3797 5278">
    <p class='ocr_par' dir='ltr' id='par_1_116' title="bbox 2244 5199 3797 5278">
     <span class='ocr_line' id='line_1_116' title="bbox 2244 5199 3797 5278; baseline 0.012 -28"><span class='ocrx_word' id='word_1_916' title='bbox 2244 5199 2342 5270; x_wconf 81' lang='grc' dir='ltr'>τῆς</span> <span class='ocrx_word' id='word_1_917' title='bbox 2371 5199 2460 5253; x_wconf 81' lang='grc' dir='ltr'><strong>ἐπ’</strong></span> <span class='ocrx_word' id='word_1_918' title='bbox 2495 5201 2645 5272; x_wconf 79' lang='grc' dir='ltr'>αὐτῷ</span> <span class='ocrx_word' id='word_1_919' title='bbox 2694 5205 2934 5270; x_wconf 79' lang='grc' dir='ltr'>πίστεως</span> <span class='ocrx_word' id='word_1_920' title='bbox 2959 5219 2976 5236; x_wconf 81' lang='grc'>⁸</span> <span class='ocrx_word' id='word_1_921' title='bbox 3003 5208 3098 5260; x_wconf 83' lang='grc' dir='ltr'><strong>καὶ</strong></span> <span class='ocrx_word' id='word_1_922' title='bbox 3129 5207 3255 5278; x_wconf 70' lang='grc' dir='ltr'>οὐχὶ</span> <span class='ocrx_word' id='word_1_923' title='bbox 3292 5208 3478 5278; x_wconf 85' lang='grc' dir='ltr'>μόνοις</span> <span class='ocrx_word' id='word_1_924' title='bbox 3507 5211 3616 5271; x_wconf 87' lang='grc' dir='ltr'>τοῖς</span> <span class='ocrx_word' id='word_1_925' title='bbox 3647 5202 3797 5276; x_wconf 81' lang='grc' dir='ltr'>μαθη·</span> 
     </span>
    </p>
   </div>
   <div class='ocr_carea' id='block_1_117' title="bbox 2247 5295 3796 5372">
    <p class='ocr_par' dir='ltr' id='par_1_117' title="bbox 2247 5295 3796 5372">
     <span class='ocr_line' id='line_1_117' title="bbox 2247 5295 3796 5372; baseline 0.011 -25"><span class='ocrx_word' id='word_1_926' title='bbox 2247 5297 2397 5358; x_wconf 77' lang='grc' dir='ltr'><strong>ταῖς⁹</strong></span> <span class='ocrx_word' id='word_1_927' title='bbox 2432 5295 2569 5350; x_wconf 83' lang='grc' dir='ltr'>ἀλλὰ</span> <span class='ocrx_word' id='word_1_928' title='bbox 2616 5297 2726 5368; x_wconf 79' lang='grc' dir='ltr'><strong>γὰρ</strong></span> <span class='ocrx_word' id='word_1_929' title='bbox 2759 5299 2854 5352; x_wconf 75' lang='grc' dir='ltr'><strong>καὶ</strong></span> <span class='ocrx_word' id='word_1_930' title='bbox 2903 5301 3036 5371; x_wconf 80' lang='grc' dir='ltr'>ἡμῖν</span> <span class='ocrx_word' id='word_1_931' title='bbox 3081 5302 3291 5366; x_wconf 80' lang='grc' dir='ltr'>αὐτοῖς.</span> <span class='ocrx_word' id='word_1_932' title='bbox 3335 5303 3430 5355; x_wconf 86' lang='grc' dir='ltr'>Ἐκ</span> <span class='ocrx_word' id='word_1_933' title='bbox 3461 5301 3679 5372; x_wconf 75' lang='grc' dir='ltr'>νεφέλης</span> <span class='ocrx_word' id='word_1_934' title='bbox 3706 5295 3796 5366; x_wconf 72' lang='grc' dir='ltr'><strong>γὰρ</strong></span> 
     </span>
    </p>
   </div>
   <div class='ocr_carea' id='block_1_118' title="bbox 2247 5384 3794 5464">
    <p class='ocr_par' dir='ltr' id='par_1_118' title="bbox 2247 5384 3794 5464">
     <span class='ocr_line' id='line_1_118' title="bbox 2247 5384 3794 5464; baseline 0.01 -26"><span class='ocrx_word' id='word_1_935' title='bbox 2247 5384 2456 5440; x_wconf 80' lang='grc' dir='ltr'>ἀνωθεν</span> <span class='ocrx_word' id='word_1_936' title='bbox 2511 5389 2577 5441; x_wconf 78' lang='grc' dir='ltr'>ἐκ</span> <span class='ocrx_word' id='word_1_937' title='bbox 2631 5389 2728 5442; x_wconf 88' lang='grc' dir='ltr'><strong>τοῦ</strong></span> <span class='ocrx_word' id='word_1_938' title='bbox 2786 5389 2925 5444; x_wconf 85' lang='grc' dir='ltr'>Θεοῦ</span> <span class='ocrx_word' id='word_1_939' title='bbox 2958 5393 3051 5446; x_wconf 73' lang='grc' dir='ltr'><strong>καὶ</strong></span> <span class='ocrx_word' id='word_1_940' title='bbox 3092 5393 3336 5462; x_wconf 72' lang='grc' dir='ltr'>Πατρός,</span> <span class='ocrx_word' id='word_1_941' title='bbox 3379 5394 3635 5464; x_wconf 79' lang='grc' dir='ltr'>κατεδόοη</span> <span class='ocrx_word' id='word_1_942' title='bbox 3669 5387 3794 5460; x_wconf 78' lang='grc' dir='ltr'>φωνῆ</span> 
     </span>
    </p>
   </div>
   <div class='ocr_carea' id='block_1_119' title="bbox 2243 5471 3794 5555">
    <p class='ocr_par' dir='ltr' id='par_1_119' title="bbox 2243 5471 3794 5555">
     <span class='ocr_line' id='line_1_119' title="bbox 2243 5471 3794 5555; baseline 0.011 -28"><span class='ocrx_word' id='word_1_943' title='bbox 2243 5471 2742 5544; x_wconf 71' lang='grc' dir='ltr'>λέγοντοςἹυῦτος</span> <span class='ocrx_word' id='word_1_944' title='bbox 2786 5483 2906 5535; x_wconf 73' lang='grc' dir='ltr'>ἐστὶ</span> <span class='ocrx_word' id='word_1_945' title='bbox 2943 5485 2974 5536; x_wconf 87' lang='grc' dir='ltr'><strong>ό</strong></span> <span class='ocrx_word' id='word_1_946' title='bbox 3006 5483 3138 5549; x_wconf 82' lang='grc' dir='ltr'>Υἱός</span> <span class='ocrx_word' id='word_1_947' title='bbox 3188 5501 3294 5555; x_wconf 72' lang='grc' dir='ltr'><strong>μου</strong></span> <span class='ocrx_word' id='word_1_948' title='bbox 3329 5487 3357 5539; x_wconf 87' lang='grc' dir='ltr'><strong>ό</strong></span> <span class='ocrx_word' id='word_1_949' title='bbox 3390 5486 3662 5554; x_wconf 63' lang='grc' dir='ltr'>ἁγαπητὶς</span> <span class='ocrx_word' id='word_1_950' title='bbox 3698 5471 3794 5544; x_wconf 49' lang='lat' dir='ltr'><strong>ivi?)</strong></span> 
     </span>
    </p>
   </div>
   <div class='ocr_carea' id='block_1_120' title="bbox 2239 5569 3792 5649">
    <p class='ocr_par' dir='ltr' id='par_1_120' title="bbox 2239 5569 3792 5649">
     <span class='ocr_line' id='line_1_120' title="bbox 2239 5569 3792 5649; baseline 0.008 -28"><span class='ocrx_word' id='word_1_951' title='bbox 2239 5569 2513 5642; x_wconf 70' lang='grc' dir='ltr'>εὐδόκησα</span> <span class='ocrx_word' id='word_1_952' title='bbox 2531 5588 2545 5603; x_wconf 90' lang='grc'><strong>·</strong></span> <span class='ocrx_word' id='word_1_953' title='bbox 2565 5573 2736 5627; x_wconf 81' lang='grc' dir='ltr'>αὑτοῦ</span> <span class='ocrx_word' id='word_1_954' title='bbox 2759 5573 3015 5631; x_wconf 78' lang='grc' dir='ltr'>ἀκούετε.</span> <span class='ocrx_word' id='word_1_955' title='bbox 3038 5577 3148 5630; x_wconf 74' lang='grc' dir='ltr'><strong>Καὶ</strong></span> <span class='ocrx_word' id='word_1_956' title='bbox 3165 5579 3222 5631; x_wconf 77' lang='grc' dir='ltr'>ὲν</span> <span class='ocrx_word' id='word_1_957' title='bbox 3241 5577 3318 5649; x_wconf 80' lang='grc' dir='ltr'>τῷ</span> <span class='ocrx_word' id='word_1_958' title='bbox 3349 5578 3631 5645; x_wconf 72' lang='grc' dir='ltr'>γενέσθαι,</span> <span class='ocrx_word' id='word_1_959' title='bbox 3663 5571 3792 5642; x_wconf 72' lang='grc' dir='ltr'><strong>φησὶ.</strong></span> 
     </span>
    </p>
   </div>
   <div class='ocr_carea' id='block_1_121' title="bbox 2239 5660 3792 5740">
    <p class='ocr_par' dir='ltr' id='par_1_121' title="bbox 2239 5660 3792 5740">
     <span class='ocr_line' id='line_1_121' title="bbox 2239 5660 3792 5740; baseline -0.012 -6"><span class='ocrx_word' id='word_1_960' title='bbox 2239 5661 2338 5734; x_wconf 65' lang='grc' dir='ltr'><strong>τὴν</strong></span> <span class='ocrx_word' id='word_1_961' title='bbox 2365 5663 2572 5736; x_wconf 75' lang='grc' dir='ltr'>φωνὴν,</span> <span class='ocrx_word' id='word_1_962' title='bbox 2599 5666 2805 5738; x_wconf 81' lang='grc' dir='ltr'>εὑρέθη</span> <span class='ocrx_word' id='word_1_963' title='bbox 2845 5667 3052 5740; x_wconf 79' lang='grc' dir='ltr'>Ἰησοῦς</span> <span class='ocrx_word' id='word_1_964' title='bbox 3103 5669 3287 5734; x_wconf 84' lang='grc' dir='ltr'>μόνος.</span> <span class='ocrx_word' id='word_1_965' title='bbox 3330 5690 3348 5723; x_wconf 73' lang='grc' dir='ltr'><strong>ι</strong></span> <span class='ocrx_word' id='word_1_966' title='bbox 3387 5671 3450 5723; x_wconf 89' lang='grc' dir='ltr'><strong>Τί</strong></span> <span class='ocrx_word' id='word_1_967' title='bbox 3495 5667 3625 5739; x_wconf 75' lang='grc' dir='ltr'>πρὸς</span> <span class='ocrx_word' id='word_1_968' title='bbox 3647 5660 3792 5720; x_wconf 75' lang='grc' dir='ltr'>ταῦτά</span> 
     </span>
    </p>
   </div>
   <div class='ocr_carea' id='block_1_122' title="bbox 2993 5797 3789 5865">
    <p class='ocr_par' dir='ltr' id='par_1_122' title="bbox 2993 5797 3789 5865">
     <span class='ocr_line' id='line_1_122' title="bbox 2993 5797 3789 5865; baseline -0.015 1"><span class='ocrx_word' id='word_1_969' title='bbox 2993 5809 3035 5842; x_wconf 81' lang='grc'><strong>¹⁹</strong></span> <span class='ocrx_word' id='word_1_970' title='bbox 3084 5808 3215 5865; x_wconf 85' lang='lat' dir='ltr'><strong>ibid.</strong></span> <span class='ocrx_word' id='word_1_971' title='bbox 3263 5809 3354 5865; x_wconf 77' lang='lat'><strong>5‘2.</strong></span> <span class='ocrx_word' id='word_1_972' title='bbox 3455 5808 3500 5841; x_wconf 81' lang='lat'><strong>&#39;°</strong></span> <span class='ocrx_word' id='word_1_973' title='bbox 3540 5804 3662 5862; x_wconf 84' lang='lat' dir='ltr'><strong>ibid.</strong></span> <span class='ocrx_word' id='word_1_974' title='bbox 3716 5797 3789 5856; x_wconf 72' lang='lat'><strong>35.</strong></span> 
     </span>
    </p>
   </div>
  </div>
