3930 6378
195 400 316 473 Ὶὲξι3

869 387 1126 451 SERMO
1153 387 1216 448 ΙΙ
1257 387 1336 447 1N
1377 382 2228 448 TRANSFIGURATIONEM
2261 388 2331 448 D.
2368 386 2440 448 N.
2479 385 2536 449 Ι.
2571 387 2633 450 C.

3291 389 3430 457 ιεδι

196 536 341 594 φησιν
394 517 420 569 ό
465 506 938 582 σκληροτράχηλος
997 505 1284 586 ἰουδαῖοςξ
1314 504 1344 557 ό
1387 501 1732 570 δυσάγωγος,

1848 504 1946 558 ctis
1970 504 2252 574 apostolis,
2279 517 2338 558 ιιι
2362 520 2486 559 eum
2515 505 2740 559 amliant
2773 521 2786 558 :
2825 517 2888 560 ac
2919 503 3188 576 siquidem
3222 507 3432 561 voluis-

197 581 276 669 έοίι
326 581 592 676 ἀπειθὴς,
616 601 711 655 καὶ.
757 597 1121 668 ἀνουθέτητον
1171 581 1312 666 ἔχων
1337 595 1438 666 τὴν
1463 595 1734 666 καρδίαν;

199 705 291 758 nos
311 699 561 769 παρόντος
582 691 827 753 Μωσέως
842 689 870 741 ὁ
896 689 1086 758 Πατὴρ
1111 686 1543 749 ἐντέλλεταιτοῖς
1561 685 1740 753 ἁγίοις

193 792 483 853 ἀποστόλοις
531 784 754 840 ἀκούειν
814 779 982 836 αὐτοῦ
1011 797 1024 810 ·
1051 779 1166 836 ἀλλ’
1209 777 1373 849 εἴπερ
1415 774 1483 848 ἦν
1514 775 1739 847 θελητδν

195 885 323 956 αὐτῷ
341 885 453 944 ταῖς
482 876 727 940 Μωσέως
752 873 1073 928 ἀκολουθεῖν
1108 871 1308 933 αὐτοὺς
1333 868 1602 933 ἐντολαῖς,
1631 867 1739 937 ἔφη

194 980 252 1034 ἂν
271 978 344 1028 ὅτι
369 968 619 1024 πείθεσθε
648 966 728 1037 τῷ
760 966 953 1022 Motae!
971 979 985 994 ’
1017 964 1236 1035 τηρεῖτε
1269 959 1362 1014 τὸν
1388 959 1571 1029 νόμον.
1602 957 1742 1012 Νυνὶ

191 1070 238 1123 δὲ
262 1065 370 1120 οὐδὲ
395 1061 552 1116 τοῦτό
571 1076 704 1130 φησι
732 1059 762 1112 ὁ
785 1056 919 1120 Θεὸς
953 1055 1049 1108 καὶ
1070 1054 1263 1124 Πατήρ
1285 1067 1300 1082 ·
1334 1050 1450 1106 ἀλλ’
1485 1049 1738 1114 ἑστῶτος,

187 1157 406 1218 Μωσέως
429 1151 526 1206 καὶ
551 1151 644 1205 τοῦ
674 1149 961 1221 προφήτου
984 1143 1152 1200 αὐτοῦ
1189 1141 1372 1209 Ἠλία,
1409 1140 1576 1196 αὐτοῦ
1605 1141 1744 1212 μᾶλ-

189 1250 264 1302 λον
293 1245 481 1306 αὐτοὺς
505 1241 728 1296 ἀκούειν
758 1237 1042 1292 ἐπιτάττει
1067 1251 1081 1266 ο
1103 1235 1196 1287 ἵνα
1229 1232 1364 1304 μηδέ
1392 1229 1744 1300 συκοφαντῇ-

187 1356 264 1392 ται
291 1333 435 1408 παρά
475 1349 640 1386 τινων
671 1331 705 1401 ή
741 1328 1010 1400 ἀλήθεια⁸
1060 1325 1334 1395 λεγόντων
1371 1324 1453 1377 ὅτι
1495 1322 1743 1386 Μωσέως

191 1425 372 1498 μᾶλλον
394 1420 592 1484 αὐτοὺς
635 1417 861 1473 ἀκούειν
907 1415 1311 1486 προτετάταχεν
1337 1413 1366 1464 ό
1401 1413 1613 1482 Πατὴρ,
1647 1412 1745 1466 καὶ

188 1519 241 1570 ού
265 1514 352 1570 τοῦ
385 1515 607 1569 πάντων
635 1509 799 1582 ἡμῶν
823 1509 1077 1579 Σωτῆρος
1101 1503 1366 1578 Χριστοῦ.
1405 1502 1746 1572 Ἀναγκαίως

189 1603 270 1662 οὖν
297 1608 324 1659 ό
347 1601 746 1674 εὐαγγελιστὴς
790 1599 1182 1670 ἐπεσημήνατο
1219 1597 1396 1666 λέγων
1416 1613 1431 1628 ο
1459 1596 1542 1650 ὅτι
1576 1594 1635 1647 ἐν
1666 1591 1746 1664 τῷ

188 1699 417 1768 γενέσθαι
447 1695 550 1766 τὴν
586 1694 805 1766 φωνὴν,
834 1691 1034 1763 εὑρέθη
1078 1689 1288 1761 Ἰησοῦς
1325 1687 1506 1759 μόνος.
1535 1683 1746 1740 Οὐκοῦν

186 1794 262 1847 ὅτε
282 1793 384 1854 τοῖς
411 1790 594 1858 ἁγίοις
623 1786 951 1848 ἀποστόλοις
982 1787 1010 1838 ὁ
1033 1783 1168 1848 Θεὸς
1195 1783 1293 1838 καὶ
1337 1780 1528 1852 Πατὴρ
1561 1780 1637 1844 ὡς
1682 1781 1747 1832 ἐκ

1839 605 1945 658 set,
1981 594 2218 650 utMosie
2243 607 2512 667 pracepta
2549 606 2928 666 sequerentur,
2954 597 3185 653 dixisset
3211 599 3428 669 utique,

1840 696 1898 741 ut
1955 685 2090 742 Mosi
2130 688 2604 758 obtemperarent,
2641 698 2700 743 ut
2736 697 3019 744 servarent
3081 688 3278 759 legem.
3304 689 3430 745 1am

1839 796 1968 836 vero
1991 780 2402 850 haudquaquam
2434 780 2485 835 id
2507 780 2646 836 Deus
2673 788 2727 834 et
2751 778 2914 835 Pater
2940 779 3094 844 dicit,
3120 781 3217 836 sed
3240 793 3431 836 astan-

1839 873 1986 928 tibus
2038 873 2203 936 Mose,
2229 871 2457 942 E!iaque
2479 871 2599 941 ejus
2629 873 2918 942 propheta,
2949 881 3017 928 ut
3049 873 3207 927 illum
3249 873 3431 943 potius

1842 964 2083 1031 audiant,
2111 964 2380 1035 praecipit.
2424 961 2498 1018 Ut
2542 979 2610 1018 ne
2672 973 2852 1019 autem
2886 967 3089 1018 veritas
3121 965 3260 1035 apud
3288 980 3434 1019 non-
3483 985 3492 999 ι

1843 1055 2021 1112 nullos
2076 1055 2404 1110 calumniam
2472 1057 2770 1124 patiatur,
2809 1055 3101 1125 dicamque
3193 1054 3431 1124 iussisse

1845 1144 2057 1200 Patrem
2111 1156 2165 1200 ut
2219 1144 2402 1200 Mosen
2469 1145 2688 1214 potius,
2739 1160 2848 1200 non
2889 1147 3132 1200 omnium
3169 1157 3418 1200 nostrum

1843 1233 2178 1291 Sa-lvatorem
2222 1234 2508 1290 Christum
2543 1275 2558 1299 ,
2613 1236 2863 1290 audirent
2905 1251 2920 1290 :
2970 1236 3092 1290 ideo
3143 1237 3428 1308 signanter

1841 1325 2187 1396 evangelista
2212 1324 2504 1380 dicendum
2541 1325 2673 1390 fuit,
2705 1327 2832 1380 dum
2870 1343 2970 1381 vox
3013 1329 3164 1383 ﬁeret
3191 1369 3208 1394 ,
3234 1330 3427 1384 iuven-

1847 1424 1957 1470 tum
1991 1431 2113 1472 esse
2140 1414 2327 1472 Iesum
2371 1416 2572 1472 solum.
2603 1417 2737 1472 Cum
2771 1419 2933 1489 igitur
2978 1419 3119 1474 Deus
3147 1433 3202 1476 et
3240 1419 3424 1486 Pater,

1844 1508 1990 1562 velut
2016 1524 2082 1564 ex
2121 1509 2376 1576 nubibus,
2417 1509 2954 1580 desuper-apostolis
2979 1515 3186 1568 sanctis
3234 1515 3428 1582 praci-

1844 1606 2020 1669 peret,
2086 1598 2319 1655 dicens:
2366 1619 2385 1652 ι
2449 1601 2625 1670 Ipsum
2673 1603 2880 1668 audite,
2935 1621 2954 1656 ι
3002 1604 3188 1660 aberat
3230 1604 3430 1671 Moses,

1848 1684 1994 1745 Elias
2020 1704 2130 1744 non
2183 1701 2304 1745 erat
2355 1707 2372 1758 ;
2423 1689 2580 1747 Jesus
2644 1703 2822 1746 autem
2877 1704 3000 1748 erat
3058 1677 3237 1751 solus:
3305 1713 3435 1768 ergo

1849 1783 2103 1852 praecepit
2131 1793 2188 1836 ut
2221 1782 2393 1853 ipsum
2443 1786 2715 1840 audi-rent.
2768 1786 2982 1840 Etenim
3037 1787 3152 1857 ipse
3205 1789 3332 1844 linis
3380 1797 3436 1846 et

185 1887 401 1956 νεφελῶν
423 1883 636 1941 ἄνωθεν
659 1880 974 1936 ἐνετέλλετο
989 1880 1186 1948 λέγων·
1200 1897 1218 1929 ι
1245 1875 1501 1930 Ἀκούετε
1519 1872 1744 1939 αὑτοῦ,ν

1853 1870 1986 1942 legis
2013 1881 2067 1926 et
2117 1874 2505 1943 prophetarum
2561 1873 2628 1926 “.
2671 1873 2960 1944 Propterea
3013 1877 3176 1930 etiam
3221 1879 3436 1948 populis

185 1976 364 2046 Μωσῆς
400 1975 502 2046 μὲν
535 1973 686 2042 ἀπῆν
715 1988 730 2002 ο
774 1969 962 2034 Ἠλίας
987 1970 1045 2024 δέ
1067 1969 1128 2023 ού
1167 1967 1372 2038 παρῆν,
1405 1966 1566 2038 μόνος
1597 1965 1655 2018 δέ
1677 1960 1746 2036 ἦν

183 2067 465 2138 όΧριστός.
531 2063 710 2119 Αὐτοῦ
763 2061 1061 2134 τοιγαροῦν
1111 2059 1336 2115 ἀκούειν
1385 2055 1744 2130 προστέταχε.

185 2158 278 2212 Καὶ
300 2157 401 2228 γάρ
430 2159 587 2210 ἐστιν
615 2153 780 2218 αὐτὸς
809 2153 966 2217 τέλος
989 2151 1158 2224 νόμου
1185 2151 1282 2206 καὶ
1302 2147 1622 2222 προφητῶν.
1647 2145 1746 2201 Διά

181 2249 321 2304 τοῦτο
346 2249 439 2303 καὶ
493 2249 614 2312 τοῖς
652 2245 762 2301 τῶν
805 2245 1076 2301 Ἰουδαίων
1121 2243 1320 2314 δήμοις
1349 2240 1746 2314 προσεφώνησε

181 2340 336 2408 λέγων
358 2359 370 2372 ·
422 2360 442 2392 ι
477 2339 546 2394 Et
576 2337 865 2392 πιστεύετε
905 2337 1129 2401 Μωσεῖ,
1161 2333 1524 2388 ἐπιστεύσατε
1551 2332 1619 2386 ἂν
1649 2333 1748 2386 καὶ

183 2431 309 2502 ἐμοί.
350 2431 488 2501 Περὶ
514 2429 628 2501 γάρ
657 2428 796 2500 ἐμοῦ
835 2429 1043 2490 ἐκεῖνος
1070 2425 1331 2496 ἔγραψεν.
1370 2443 1389 2476 ι
1443 2421 1661 2494 Ἐπειδὴ
1685 2422 1746 2475 δὲ

183 2525 260 2576 καὶ
305 2523 400 2595 τήν
427 2523 525 2577 διὰ
579 2521 676 2576 τοῦ
731 2520 1014 2590 πανσόφου
1064 2517 1314 2579 Μωσέως
1370 2515 1740 2584 ἀτιμάζοντες

183 2611 402 2683 ἐντολὴν,
436 2611 536 2665 καὶ
551 2611 642 2664 τὸν
669 2609 759 2664 διὰ
783 2609 894 2663 τῶν
919 2607 1090 2677 ἁγίων
1112 2605 1410 2678 προφητῶν
1426 2604 1746 2668 ἀθετοῦντες

179 2699 317 2769 λόγον
353 2702 523 2774 μέχρι
574 2699 779 2763 παντὸς
823 2699 1193 2770 μεμενήκασι,
1228 2695 1454 2758 δικαίως
1506 2693 1747 2764 ἀπηλλο-

176 2789 472 2862 τριώθησαν
498 2807 514 2822 ο
548 2791 644 2844 καὶ
674 2786 782 2842 τῶν
817 2789 918 2857 τῆς
958 2784 1233 2856 πατράσιν
1259 2783 1442 2838 αὐτῶν
1467 2781 1746 2852 ἐπηγγελ-

175 2883 338 2950 μένων
399 2879 720 2953 ἐξεώθησαν
797 2877 1047 2948 ἀγαθῶν,
1084 2896 1103 2930 ι
1155 2875 1406 2948 ’Υπακοὴ
1455 2875 1566 2944 γὰρ
1603 2873 1747 2942 ὑπὲρ

175 2973 348 3029 θυσίαν
374 2974 564 3046 ἀγαθή
591 2973 720 3028 ’καὶ
739 2972 772 3042 ή
791 2971 1132 3042 ἐπακρόασις
1153 2969 1296 3042 ύπέρ
1311 2968 1480 3038 στέαρ
1496 2965 1697 3036 ἀρνῶν,
1723 2985 1742 3018 ο

173 3064 338 3131 καθὼς
388 3069 733 3138 γέγραπται.
769 3063 882 3118 Καὶ
937 3063 1010 3116 τὰ
1066 3062 1168 3130 μέν
1224 3061 1336 3114 τῶν
1375 3060 1651 3114 Ἰουδαίων
1688 3059 1747 3112 ὲν

172 3159 364 3223 τούτοις
389 3176 402 3190 ’
441 3160 583 3230 ήμίν
642 3157 702 3212 δὲ
735 3157 850 3220 τοῖς
882 3153 1230 3224 ἐπεγνωκόσι
1273 3153 1378 3224 τὴν
1411 3153 1744 3222 ἐπιφάνειαν

1849 1961 2160 2018 Judaorum
2231 1962 2443 2022 locutus
2499 1977 2604 2030 εει,
2663 1967 2850 2023 dicens
2905 1983 2920 2020 :
2966 1984 2986 2017 ι
3025 1965 3081 2020 Si
3145 1969 3434 2024 credet-itis

1847 2048 2006 2117 Mosi,
2043 2055 2172 2110 mihi
2204 2058 2393 2128 utique
2431 2057 2725 2114 crederetis
2751 2077 2766 2115 :
2795 2059 2865 2113 de
2896 2073 2982 2113 me
3013 2059 3156 2114 enim
3187 2061 3278 2114 ille
3299 2061 3435 2116 scri-

1847 2147 1954 2217 psit
1991 2142 2059 2202 ’⁵.
2115 2165 2134 2199 ι
2170 2145 2304 2213 Quia
2365 2164 2493 2202 vero
2555 2149 2829 2204 obstinate
2875 2149 3042 2206 Mosis
3103 2163 3433 2222 praccptmn

1848 2239 2120 2307 aspernati
2156 2248 2280 2294 sunt
2309 2281 2323 2302 ,
2360 2241 2673 2310 dictumque
2729 2257 2825 2310 per
2885 2252 3104 2300 sanctos
3138 2244 3436 2314 prophetas

1846 2343 2149 2385 sermonem
2202 2331 2354 2384 nihili
2416 2347 2481 2386 ac
2535 2341 2840 2388 extremum
2913 2349 3085 2404 usque
3149 2334 3435 2399 fecerunt,

1847 2423 2041 2478 merito
2059 2422 2286 2477 abdicati
2319 2435 2448 2478 sunt
2471 2465 2485 2489 ,
2529 2433 2693 2496 atque
2723 2441 2754 2480 a
2803 2426 2971 2482 bonis
2997 2441 3228 2498 quorum
3255 2438 3438 2496 patres

1848 2513 2326 2582 repromissio::em
2390 2525 2757 2584 acceperant,
2815 2516 3059 2588 depulsi,
3101 2517 3244 2572 sicut
3291 2518 3436 2572 enim

1847 2606 2110 2672 scriptmn
2147 2613 2299 2659 est:
2394 2624 2413 2657 ι
2456 2605 2753 2662 Obauditio
2838 2623 3004 2678 super
3105 2607 3438 2664 sacriﬁcium

1846 2695 2070 2758 bonum.
2103 2707 2153 2752 et
2172 2697 2480 2753 obedientia
2513 2715 2676 2770 super
2704 2701 2919 2770 adipem
2981 2715 3252 2769 agnorum
3293 2700 3343 2733 "
3370 2740 3388 2756 .
3413 2719 3434 2753 ι

1848 2787 1912 2841 Ει
1941 2788 2020 2842 sic
2051 2789 2267 2858 quidem
2287 2788 2514 2846 Judaica
2540 2791 2764 2846 habent.
2801 2789 2967 2847 Nobis
2991 2808 3143 2860 vero,
3179 2793 3275 2862 qui
3307 2794 3431 2865 ejus

1847 2880 2170 2948 agnovimus
2201 2883 2616 2951 appar-itionem,
2648 2894 2810 2938 erunt
2844 2883 3004 2954 plane
3035 2886 3220 2940 omnia
3255 2887 3432 2942 bona:

1847 2981 1901 3024 ct
1933 2988 2031 3042 per
2072 2973 2244 3042 ipsum
2274 2974 2593 3040 Christum,
2627 2983 2683 3030 et
2721 2977 2787 3030 ab
2817 2976 2936 3048 ipso
2965 3017 2980 3041 ,
3010 2994 3107 3049 per
3133 2995 3292 3048 quem
3319 3019 3334 3041 ,
3385 2989 3443 3033 et

1848 3077 2109 3134 cumquo
2135 3063 2246 3118 Deo
2271 3067 2423 3121 Patri
2455 3083 2579 3122 cum
2617 3067 2824 3137 Spiritu
2883 3082 3096 3137 sancto,
3156 3071 3330 3143 gloria
3388 3081 3443 3127 ct

1853 3153 2160 3224 imperium,
2196 3156 2249 3210 in
2313 3159 2513 3214 sacula
2553 3158 2901 3216 saeculorum.
2946 3157 3140 3218 Amen.

169 3256 345 3323 αὐτοῦ,
375 3258 563 3311 πάντα
592 3253 812 3317 πάντως
849 3249 1083 3319 ὑπάρξει
1109 3249 1179 3304 τὰ
1247 3247 1434 3317 ἀγαθά
1459 3265 1474 3280 ⁸
1499 3247 1570 3301 δι’
1605 3246 1772 3302 αὑτοῦ
1810 3264 1871 3300 τε
1907 3250 2003 3302 καὶ
2041 3252 2176 3322 παρ’
2212 3251 2382 3306 αὐτοῦ
2439 3253 2535 3306 τοῦ
2578 3253 2820 3324 Χριστοῦ
2850 3273 2864 3286 ο
2925 3255 2994 3309 δι’
3037 3249 3128 3321 οὗ,
3170 3259 3269 3310 καὶ
3321 3258 3442 3330 μεθ’

165 3341 342 3420 οῦ,τῷ
373 3347 501 3420 Θεῷ
535 3346 632 3401 καὶ
679 3343 861 3416 [lupi
907 3341 1038 3406 δόξα
1082 3340 1179 3395 καὶ
1234 3341 1436 3411 κράτος
1484 3339 1582 3392 σὺν
1611 3337 1754 3408 ἁγίῳ
1794 3339 2096 3410 [Ινεύματι,
2124 3343 2204 3404 είς
2267 3343 2396 3406 τοὺς
2433 3343 2637 3407 αίῶνας
2663 3343 2772 3397 τῶν
2807 3343 3041 3400 αἰώνων.
3093 3347 3298 3418 Ἀμήν.

915 3456 992 3510 Γ¹τ

164 3552 256 3618 εις
296 3552 420 3635 fit:
435 3547 1351 3635 ὐεερέιδεεον.μεταμδρεριιξςξῖ
1365 3544 1746 3635 ,ξρῦιέξνξέτξξ

228 3623 325 3748 3:2
354 3617 537 3746 ’Θῗῦ
559 3617 670 3674 καὶ
704 3617 984 3688 Σωτῆρος
1017 3617 1192 3688 ήμῶν
1231 3617 1428 3684 Ἰησοῦ
1485 3617 1745 3683 Χριστοῦ

306 3709 410 3758 τος
511 3729 527 3746 ο

229 3785 401 3849 Αὐτὸς
437 3783 545 3856 μὲν
570 3779 796 3836 ἐωθινοῦ
827 3781 1006 3851 φωτὸς
1041 3777 1480 3850 προηγούμενος,
1501 3774 1746 3830 ἀπελαύ-

167 3893 240 3930 νει
268 3877 379 3930 τῶν
405 3875 703 3947 βλεφάρων
735 3874 828 3927 τὸν
861 3871 1053 3938 ὕπνον,
1083 3870 1178 3924 καὶ
1205 3869 1267 3922 τὸ
1295 3887 1358 3922 πε
1371 3865 1622 3943 ρίόρθρον
1649 3867 1746 3938 τῆς

167 3969 376 4040 ἡμέρας
419 3971 485 4023 τὸ
526 3965 804 4034 λυκαυγὲς
835 3963 1227 4034 ἐφελκόμενον,
1257 3960 1469 4014 διαλύει
1501 3961 1608 4024 τὰς
1634 3960 1746 4016 τῶν

163 4062 383 4132 ὀνείρων
417 4059 611 4123 σκιάς’
659 4058 934 4129 μαρτυρεῖ
972 4055 1030 4108 δὲ
1081 4055 1149 4126 τῇ
1186 4053 1282 4108 τοῦ
1313 4052 1446 4123 ἠοῦς
1472 4052 1748 4124 παρουσίᾳ

165 4152 266 4216 πᾶς
297 4153 454 4224 ὅρνις
497 4152 652 4214 ὅστις
698 4150 851 4202 ἐστὶν
882 4145 1115 4220 ᾠδικὸς,
1169 4145 1277 4217 πρὸ
1331 4145 1431 4217 τῆς
1491 4134 1746 4217 πτήσεως

162 4237 436 4307 ἐφιζάνων
486 4241 601 4304 τοῖς
645 4237 934 4308 πρέμνοις.
967 4235 1046 4306 Τῇ
1078 4234 1188 4307 γὰρ
1215 4234 1324 4288 τῶν
1353 4233 1572 4288 οἰκείων
1609 4235 1746 4290 ἀνα-

163 4331 377 4400 κινήσει
397 4329 650 4401 πτερῶν,
679 4329 1212 4399 συνεκτιναξάμενος
1230 4326 1328 4397 τὴν
1355 4325 1516 4398 σιγὴν
1544 4329 1612 4398 τῇ
1639 4325 1747 4380 ἀπὸ

159 4421 250 4474 τοῦ
275 4422 455 4477 ὕπνου
487 4421 786 4494 χαυνότητι
816 4461 831 4486 ,
857 4422 918 4474 ἐν
943 4421 1022 4492 τῷ
1053 4419 1238 4492 ὄρθρῳ
1259 4419 1358 4492 τὴν
1383 4421 1578 4474 ἀκτῖνα
1609 4436 1747 4491 προ-

159 4510 368 4569 ϐλέπει.
408 4515 524 4568 Καὶ
553 4514 683 4577 τοὺς
721 4512 801 4565 ἐτι
845 4511 1217 4574 καθεύδοντας
1241 4550 1256 4577 ,
1289 4512 1379 4566 διὰ
1411 4512 1510 4580 τῆς
1539 4511 1746 4575 οἰκείας

158 4605 365 4678 ἐγείρει
424 4609 635 4678 φωνῆς.
685 4605 792 4658 Τὸν
827 4604 992 4658 αὑτὸν
1023 4604 1225 4674 τρόπον
1253 4601 1348 4656 τοῦ
1381 4601 1744 4672 εύσγγελικοῦ

157 4698 335 4763 φωτὸς
377 4698 475 4752 τὸν
523 4697 628 4767 τῆς
670 4695 1062 4766 οἰκουμενικῆς
1099 4694 1428 4764 Ἐκκλησίας
1469 4693 1744 4764 περιλάμ-

2601 3456 2692 3513 Ml.

1855 3542 2384 3616 Ittgloriosissiartom
2443 3545 2659 3600 Domini
2696 3558 2747 3602 et
2793 3547 2891 3602 Dei
2917 3559 2965 3602 et
3007 3548 3302 3604 Saluatoris
3342 3570 3440 3608 κο-

1973 3617 2074 3668 stri
2095 3611 2223 3668 Iesu
2255 3613 2456 3670 Christi
2483 3619 3011 3689 trausﬁgurationem
3035 3623 3208 3674 oratio
3243 3621 3330 3676 II.

1923 3771 2663 3844 Matutiuiluminisprimus
2702 3774 2965 3846 splendor
3021 3793 3278 3832 somnum
3331 3781 3444 3850 pal-

1853 3864 2037 3933 pebris
2063 3863 2254 3932 abigit,
2304 3866 2746 3937 productumque
2805 3868 2912 3924 diei
2963 3875 3442 3931 matutiuumcre-

1855 3955 2143 4026 pusculum
2168 3957 2507 4010 somniorum
2527 3957 2778 4014 dissolvit
2796 3959 3024 4016 umbras
3041 4005 3054 4028 ,
3075 3976 3291 4016 aurora
3309 3977 3441 4016 vero

1853 4045 2174 4110 adventum,
2192 4061 2398 4102 canora
2417 4047 2597 4104 omnis
2619 4048 2739 4104 avis
2763 4065 2792 4104 a
2843 4051 3125 4122 stipitibus
3163 4053 3441 4124 ramisque

1852 4145 1980 4193 ante
2004 4137 2248 4192 volatum
2304 4139 2562 4209 pendula,
2619 4147 2878 4196 testatum
2929 4141 3080 4197 facit.
3133 4142 3248 4200 Una
3286 4145 3437 4200 enim

1853 4245 1978 4284 cum
2009 4229 2232 4286 inducta
2259 4247 2457 4287 somno
2485 4231 2733 4299 mollitie,
2759 4249 3060 4303 pennarum
3087 4239 3442 4307 quassatione

1852 4323 2092 4378 decusso
2117 4323 2360 4390 silentio,
2401 4324 2736 4379 matutinum
2770 4327 2988 4380 radium
3024 4328 3250 4398 excipit,
3278 4343 3443 4385 voce-

1852 4429 1960 4485 que
1987 4413 2358 4484 ohstrepente,
2389 4417 2574 4471 adhuc
2594 4417 2996 4475 dormientibus
3041 4434 3296 4476 somnum
3323 4421 3444 4477 adi-

1852 4507 1970 4562 mit.
2004 4505 2098 4562 Sic
2154 4507 2334 4577 plane,
2375 4507 2637 4564 Ecclesia
2679 4510 3008 4567 universalis
3067 4512 3444 4579 domo,evan-

1852 4600 2011 4672 gelici
2045 4599 2269 4655 luminis
2325 4599 2604 4657 illustrata
2634 4601 2978 4672 fulgoribus,
3031 4604 3291 4661 abscedat
3319 4608 3442 4675 qui-

1851 4693 1974 4748 dem
1993 4709 2097 4748 ceu
2117 4709 2226 4750 nox
2253 4694 2530 4766 quadam,
2552 4695 2783 4768 ignavia
2803 4696 3014 4767 caligo:
3039 4711 3102 4753 ac
3135 4714 3267 4752 vero
3292 4698 3436 4753 haud

153 4789 357 4858 ψαντος
409 4787 596 4844 οἶκον⁹
647 4787 1010 4860 ύποχωρείτω
1063 4785 1163 4858 μὲν
1193 4785 1386 4858 ὥσπερ
1425 4783 1525 4850 νὺξ
1567 4785 1600 4856 ή
1643 4785 1744 4854 τῆς

1851 4801 2014 4841 secus
2061 4786 2585 4842 actabernaculum
2650 4786 2818 4841 ﬁxum
2879 4788 2932 4842 in
2981 4788 3214 4854 somnis,
3273 4789 3484 4869 inane.

155 4881 442 4954 ῥᾳθυμίας
484 4880 696 4953 ἀχλύςο
769 4881 926 4934 πᾶσα
973 4879 1032 4933 δέ
1081 4877 1288 4950 σπουδή
1346 4877 1746 4950 ματαιότητος,

1853 4891 2018 4932 omne
2066 4879 2408 4949 stultumque
2465 4879 2710 4934 studium
2749 4879 3098 4950 dispcllatur;
3141 4879 3436 4936 divinitus-

149 4972 417 5045 καθάπερ
455 4975 654 5046 ὀνείρῳ
717 4975 960 5042 παγεῖσα
1001 4970 1307 5026 διαλυέσθω
1353 4971 1562 5042 σκηνή·
1599 4972 1664 5024 ἐκ
1695 4971 1744 5025 δὲ

1848 4985 1955 5039 que
1985 4969 2264 5042 inspirata
2284 4970 2674 5040 magistrorum
2723 4971 3010 5027 cantilena
3045 4971 3113 5025 de
3152 4970 3438 5028 altissimis

149 5063 258 5118 τῶν
289 5064 658 5135 ὑψηλοτάτων
687 5064 782 5119 τοῦ
812 5063 1062 5136 βήματος
1109 5063 1370 5134 πρέμνων
1417 5062 1746 5118 κελαδείτω-

151 5171 252 5208 σαν
298 5157 362 5210 αἱ
417 5156 766 5212 θεόπνευστοι
809 5157 919 5211 τῶν
953 5155 1300 5210 διδασκάλων
1351 5154 1522 5226 ᾠδαὶ,
1553 5157 1620 5227 τῇ
1651 5155 1746 5209 τοῦ

149 5245 485 5318 ἐπουρανίου
506 5247 886 5321 μαρτυροῦσαι
909 5247 1182 5320 παρουσίᾳ
1210 5246 1412 5318 φωτός.
1439 5246 1601 5300 ’Δλλά
1630 5248 1745 5310 τοῖς

153 5339 256 5409 μὲν
287 5341 510 5412 ὄρνισιν
539 5343 758 5412 ἄσημος
795 5343 828 5412 ή
868 5339 1046 5412 φωνὴ,
1098 5340 1448 5412 διεγείρουσα
1480 5339 1606 5404 τοὺς
1639 5357 1744 5392 νω⁴

152 5431 322 5501 θροῦς
352 5433 494 5504 πρὸς
520 5435 854 5506 ἐγρήγορσιν
877 5448 893 5464 °
923 5435 982 5487 ἐν
1013 5432 1071 5486 δέ
1108 5434 1222 5495 τοῖς
1249 5430 1592 5494 διδασκάλοις
1623 5429 1745 5483 ἐπί-

153 5538 334 5593 σημος
371 5525 408 5594 ή
443 5523 537 5578 τοῦ
584 5523 800 5578 Παύλου
834 5523 986 5595 φωνή
1011 5539 1026 5555 ⁸
1063 5541 1082 5575 ι
1122 5522 1186 5576 Ἡ
1216 5522 1334 5589 νὺξ,
1379 5520 1580 5591 βοῶσα,
1612 5539 1744 5590 προ-

155 5616 358 5692 ἔκοψεν
381 5633 398 5648 ο
431 5619 547 5690 ήδέ
573 5619 757 5692 ἡμέρα
800 5619 1020 5690 ήγγικε.
1063 5636 1082 5670 ι
1121 5617 1259 5670 Ποία
1311 5614 1588 5688 προέκοψε
1621 5615 1740 5683 νὺξ,

1847 5073 2106 5119 resonent
2167 5074 2458 5134 suggestus
2495 5068 2690 5130 ramis,
2727 5080 2791 5120 ac
2819 5065 3066 5120 calestis
3093 5065 3321 5122 luminis
3361 5075 3438 5123 te-

1847 5165 2067 5212 stentur
2133 5158 2454 5212 adventum.
2498 5158 2569 5212 At
2599 5159 2794 5214 avibus
2845 5157 3066 5230 quidem
3120 5159 3285 5213 missa
3307 5175 3434 5225 vox,

1844 5264 2160 5320 quanquam
2195 5265 2306 5305 non
2335 5249 2616 5313 distincta,
2635 5250 2819 5322 pigros
2841 5250 2907 5305 ad
2927 5250 3168 5320 vigiliam
3191 5251 3394 5306 excitat
3418 5268 3434 5315 ;

1843 5342 1898 5395 iu
1932 5343 2212 5413 magistris
2247 5353 2455 5409 autem,
2485 5351 2635 5398 certa
2657 5352 2741 5399 est
2764 5358 2829 5399 ac
2857 5343 3115 5398 distincta
3144 5341 3298 5396 Pauli
3336 5357 3435 5398 vox

1843 5434 1934 5487 illa
1964 5433 2210 5489 clamans
2236 5474 2250 5499 ,
2283 5451 2301 5486 ι
2339 5433 2456 5488 Nox
2487 5435 2803 5506 pracessit;
2840 5435 2959 5490 dies
2999 5445 3182 5490 autem
3236 5450 3435 5504 appro-

1845 5525 2220 5598 pinquavit".
2261 5545 2278 5579 ι
2341 5527 2475 5594 Qua
2504 5543 2607 5582 uox
2650 5529 2740 5582 illa
2780 5529 3137 5598 pract~ssit,o
3163 5537 3220 5582 tu
3249 5525 3435 5582 Eccleo

1847 5620 1943 5674 sia
1968 5620 2266 5690 magister;
2299 5636 2488 5692 quave
2519 5622 2986 5694 apprOpiuquavit
3025 5622 3179 5678 dies?
3219 5619 3433 5694 Ergone

227 5817 279 5848 “
313 5814 479 5872 Rom.
511 5834 567 5887 ι,
592 5817 644 5874 4.
722 5819 768 5853 ³⁸
803 5817 963 5876 Joan.
998 5833 1050 5886 ν,
1082 5815 1172 5872 46.
1247 5817 1294 5850 ἐ
1322 5818 1340 5870 1
1368 5815 1501 5888 Reg.
1528 5832 1626 5884 xv,
1654 5815 1744 5870 Ἡ.

1849 5817 1868 5848 ⁷
1906 5814 2295 5890 Βιιιιι,λιιι,12.
