3930 6372
195 380 320 449 1257

928 375 1185 438 SERMO
1214 375 1274 436 II
1308 373 1394 436 IN
1423 367 2286 441 :TRANSFIGURATIONEM
2329 373 2396 432 D-
2423 371 2493 432 N.
2527 373 2585 432 J.
2622 372 2683 430 C.

3302 369 3437 431 1253

194 490 560 565 ὑπερνικώσης
595 488 859 562 ἑκάτερον
899 489 1136 559 φέγγος·
1171 487 1382 558 βοὼσης
1417 487 1482 539 ἐκ
1525 467 1636 538 τοῦ
1657 483 1750 538 νέ-

1877 497 1987 539 ὀυε
2018 491 2274 554 paterna,
2310 482 2800 554 Unigenitumque,
2836 487 3184 535 contestante
3215 478 3438 550 Filium,

191 604 314 658 φους
343 586 439 656 τῆς
467 583 745 654 πατρικῆς
777 582 1000 653 φωνῆς,
1046 580 1144 635 καὶ
1197 577 1276 652 τῷ
1311 579 1612 647 Μονογενεῖ
1649 575 1750 648 τὴν

190 675 625 748 εύδοκιμηθεῖσαν
652 673 1048 747 μαρτυρούσης
1067 672 1317 744 υίότητα.
1346 673 1534 734 Ὅπως
1553 664 1646 724 οῦν
1675 667 1752 740 μὴ

189 773 247 841 τῇ
280 769 489 839 ταραχῇ
531 765 639 821 τῶν
677 766 902 821 πολλῶν
942 766 1252 820 Εκπτυστον
1279 753 1408 836 ’πρὸ
1447 761 1644 833 καιροῦ
1693 761 1754 814 τὸ

192 859 475 932 μυστήριον
501 857 760 928 γένηται,
789 855 1015 920 τούτους
1063 855 1260 925 μόνους
1295 849 1750 922 παραλαμϐάνειν

187 950 270 1015 οὓς
289 949 381 1004 καὶ
396 948 766 1022 θερμοτέρους
787 947 1029 1019 ἐραστὰς
1049 944 1196 1017 ἔχειν
1221 944 1494 1014 ἠπίστατο
1510 958 1526 972 ο
1553 938 1637 1006 οἷς
1660 939 1757 994 καὶ

188 1041 242 1094 τὸ
263 1038 600 1110 ὲχεμυθῆσαι
639 1037 938 1110 παρῄνεσε,
983 1039 1080 1092 καὶ
1119 1035 1284 1108 μέχρι
1310 1034 1406 1105 τῆς
1437 1034 1503 1087 ἐκ
1539 1031 1756 1104 νεκρῶν

187 1131 523 1196 ἀναστάσεως
561 1130 753 1202 μηδενὶ
779 1129 881 1200 τὴν
906 1127 1146 1200 φοϐερὰν
1188 1127 1408 1198 ἐκείνην
1443 1126 1636 1198 ὅρασιν
1669 1123 1758 1189 ἒξ-

187 1222 507 1294 αγορεῦσαιο
549 1221 644 1286 οῦς
690 1220 788 1274 καὶ
833 1220 926 1276 διὰ
961 1220 1123 1274 τοῦτο
1167 1219 1305 1291 πρὸς
1342 1219 1440 1289 τὴν
1488 1215 1758 1287 ἐσομένην

186 1313 439 1369 ὀπτασίαν
481 1312 818 1384 παρέλαϐεν,
851 1310 1045 1383 ἐπειδὴ
1077 1309 1286 1380 σφόδρα
1315 1307 1397 1379 τῷ
1427 1307 1565 1378 πρὸς
1589 1305 1759 1360 αὑτὸν

186 1403 558 1475 διακεχυμένοι
603 1403 757 1475 πόθῳ
779 1443 796 1472 ,
823 1401 1016 1466 δεινῶς
1059 1401 1329 1472 ἠθύμουν,
1366 1397 1758 1481 διαλεγομένου

190 1499 273 1552 καὶ
300 1495 664 1566 προλέγοντος
698 1495 768 1549 τὰ
793 1493 926 1566 περὶ
956 1492 1054 1548 τοῦ
1089 1491 1297 1557 πάθους
1331 1490 1649 1555 ἀκούοντες.

253 1587 490 1660 Πρόσεχε
521 1583 622 1642 οῦν
647 1587 767 1651 πῶς
789 1587 1054 1659 δυσφορεῖ
1081 1584 1219 1658 πρὸς
1259 1585 1362 1656 τὴν
1411 1583 1619 1638 τούτων
1669 1581 1760 1647 ἐξ·

161 1745 173 1757 .
191 1681 372 1752 ἡγησιν
392 1679 422 1732 ό
463 1677 698 1750 Πέτρος.
735 1677 825 1742 Ὠς
846 1679 960 1749 γὰρ
987 1677 1222 1748 ἤκουσεν
1258 1676 1342 1730 ὅτι
1381 1675 1464 1729 δεῖ
1488 1671 1652 1730 αύτδν
1681 1675 1762 1736 είς

204 1768 544 1839 Ἱεροσόλυμα
593 1767 864 1836 ἀνελθεῖν,
913 1768 1010 1822 καὶ
1055 1767 1228 1822 πολλὰ
1266 1766 1460 1822 παθεῖν
1509 1765 1620 1821 ἀπὸ
1652 1766 1764 1820 τῶν

1852 571 1908 626 in
1929 586 2040 642 quo
2061 571 2446 642 complaceret.
2479 570 2558 626 Ne
2585 585 2718 642 ergo
2738 569 2978 640 plurium
3004 568 3318 626 turbatione
3346 585 3440 626 sa-

1852 672 2220 731 cramentum,
2249 672 2376 720 ante
2406 671 2623 735 tempus
2675 661 3044 719 inconsultius
3068 671 3440 734 promeretur,

1854 755 1956 812 hos
1993 765 2204 812 tantum
2263 757 2534 822 assumit,
2583 771 2725 827 quos
2750 758 2914 812 etiam
2945 755 3307 813 ferventior-es
3339 772 3447 812 no-

1854 859 2008 906 verat
2061 849 2266 906 habere
2289 861 2601 904 amatores:
2659 848 2865 919 quibus
2905 864 3128 920 quoque
3157 849 3440 906 silentium

1856 942 2072 1008 indixit,
2107 958 2172 1000 ac
2220 959 2289 1000 ne
2345 943 2606 1013 cuiquam
2646 943 2945 999 terribilem
2975 943 3125 999 illam
3170 944 3442 1000 visionem

1857 1034 2225 1106 publicarent,
2250 1043 2378 1090 ante
2417 1035 2595 1106 ipsius
2613 1035 3072 1091 resurrectionem
3095 1050 3159 1092 ex
3187 1037 3442 1102 mortuis,

1857 1125 2117 1197 injunxit.
2170 1125 2278 1182 Sed
2336 1135 2391 1182 et
2442 1127 2566 1183 ideo
2603 1126 2805 1182 futurae
2838 1126 3074 1184 visionis
3100 1137 3446 1200 spectatores

1857 1218 2132 1284 adhibuit,
2156 1219 2304 1289 quod
2327 1219 2640 1275 vehementi
2691 1219 2745 1274 in
2780 1234 2909 1275 eum
2965 1219 3126 1276 eﬂ'usi
3148 1221 3442 1287 desiderio,

1860 1311 2006 1367 tristi
2033 1311 2333 1368 admodum
2371 1321 2681 1384 maestoque
2719 1311 2940 1377 animo,
2986 1313 3342 1368 disserentem
3377 1313 3448 1368 de

1862 1416 1962 1456 sua
1989 1402 2268 1472 passione,
2292 1417 2529 1474 eamque
2545 1401 2957 1474 prmdicentem,
2993 1402 3268 1458 audirent.

1935 1571 2192 1645 Perspice
2217 1573 2385 1646 igitur
2419 1591 2584 1644 quam
2611 1573 2808 1634 Petrus
2832 1577 3217 1648 hujuscemodi
3255 1593 3452 1634 narra-

1867 1664 2073 1720 tionem
2109 1667 2340 1722 moleste
2368 1667 2558 1724 l'erret.
2607 1666 2678 1723 Ut
2728 1669 2875 1724 enim
2924 1670 3137 1725 audivit
3185 1686 3454 1728 ascensu-

1869 1771 1990 1811 rum
2021 1755 2446 1830 Jerosolymam,
2478 1760 2760 1831 multaque
2805 1777 2836 1816 a
2886 1762 3232 1833 principibus
3265 1779 3455 1820 sacer-

191 1855 478 1928 ἀρχιερέων
527 1855 630 1909 καὶ
679 1855 1078 1928 πρεσϐυτέρων
1116 1856 1212 1911 καὶ
1241 1854 1628 1928 Γραμματέων
1655 1854 1752 1909 τοῦ

1877 1847 2078 1918 lotum,
2109 1863 2166 1906 et
2208 1850 2543 1919 senioribus,
2579 1861 2634 1908 et
2661 1852 2876 1909 Scribis
2907 1855 3090 1924 populi
3119 1870 3414 1926 passurum
3435 1897 3452 1923 ,

191 1945 330 2011 λαοῦ,
359 1947 473 1999 ’καὶ
511 1946 954 2018 ἀποκτανθῆναι,
987 1947 1153 2012 εὐθὺς
1200 1947 1463 2002 κεντᾶται
1495 1947 1588 2000 τὸν
1619 1945 1766 2014 λογι-

194 2038 346 2108 σμόνο
397 2037 511 2099 καὶἸ
555 2037 668 2093 ἀπὸ
727 2037 932 2110 πολλῆς
981 2037 1284 2102 διαθέσεως
1339 2038 1584 2111 ὲπιπηδᾷ
1650 2039 1766 2101 τοῖς

191 2126 432 2198 λεχθεῖσι,
485 2129 590 2184 καὶ
635 2127 1047 2202 τολμηρότερον
1107 2127 1204 2183 τοῦ
1250 2128 1578 2184 διδασκάλου
1626 2127 1766 2182 καθ-

193 2219 426 2276 ἅπτεται.
452 2237 473 2272 ι
500 2221 962 2294 Προσλαϐόμενος
988 2221 1097 2292 γὰρ
1123 2219 1315 2288 αὐτοῦ,
1349 2221 1538 2292 φησὶν,
1564 2219 1770 2292 ἤρξατο

193 2312 435 2384 ἐπιτιμᾷν
457 2311 648 2383 αὑτῷ-
675 2310 867 2376 Ἰλεώς
910 2329 1017 2380 σοι,
1059 2310 1258 2383 Κύριε,
1289 2313 1352 2365 ού
1385 2311 1462 2383 μὴ
1493 2309 1648 2365 ἔσται
1684 2326 1768 2364 σοι

191 2397 356 2456 τοῦτο.
391 2419 410 2452 ι
463 2396 629 2466 Εἶδες
677 2401 926 2473 μαθητοῦ
973 2402 1076 2474 τὴν
1119 2403 1251 2473 περὶ
1299 2401 1393 2456 τὸν
1448 2401 1770 2458 διδάσκαλον

195 2492 442 2564 διάπυρον
471 2495 737 2566 άγάπην;
769 2489 914 2560 εἶδες
953 2494 1200 2550 διάθεσιν
1235 2495 1470 2566 πρδςτὰ
1498 2494 1593 2548 τοῦ
1633 2495 1772 2564 ἀγα-

195 2586 434 2655 πωμένου
465 2586 732 2658 λυπηρά;
781 2587 852 2641 τὰ
899 2587 999 2658 τῆς
1049 2589 1365 2661 παρρησίας
1404 2586 1547 2659 ὑπὲρ
1577 2585 1772 2642 τούτου

198 2675 345 2747 μόνου
393 2678 469 2750 μὴ
517 2677 841 2748 φυλάξαντα
890 2677 1091 2752 μέτρα.
1156 2699 1175 2732 ι
1213 2678 1454 2750 Ἤρξατο
1504 2680 1770 2753 ἐπιτιμᾷν

195 2769 351 2840 αὐτῷ,
398 2772 494 2826 καὶ
546 2771 730 2840 λέγειν
751 2789 766 2804 ο
799 2770 987 2836 Ἵλεώς
1020 2788 1128 2837 σοι,
1161 2771 1335 2842 Κύριε
1357 2811 1374 2838 ,
1402 2771 1466 2824 ού
1509 2771 1587 2842 μὴ
1617 2773 1773 2826 ἔσται

201 2878 274 2915 σοι
288 2861 462 2918 τοῦτο.
475 2881 496 2916 ›
528 2863 595 2916 Τί
619 2859 714 2917 οὖν
728 2864 757 2916 ό
774 2862 1074 2934 Δεσπότης
1093 2863 1179 2927 Ὠς
1204 2863 1538 2928 ὲπιϐλαϐοῦς
1555 2863 1773 2935 ἐκείνης

202 2951 534 3010 καθάπτεται
552 2952 656 3024 τῆς
679 2952 1008 3024 φειδοῦς.ού
1037 2953 1148 3026 γὰρ
1179 2953 1445 3030 βούλομαι
1473 2953 1770 3024 φιλεῖσθαι,

199 3043 371 3112 φησὶν,
401 3045 498 3098 ἐπὶ
536 3043 647 3098 τῶν
668 3042 1025 3114 ’ἀγαπώντων
1057 3061 1127 3114 με
1165 3044 1362 3116 βλάϐῃ.
1401 3045 1476 3098 Τὸ
1505 3042 1641 3116 ἐμὸν
1670 3044 1774 3118 πᾷ..

199 3131 299 3200 θος,
327 3135 718 3208 οίκουμενικοῦ
749 3133 958 3196 πάθους
1023 3135 1166 3198 ἴασις
1199 3136 1433 3203 γίνεται.
1462 3134 1530 3187 Τί
1565 3151 1770 3206 παρεν·

199 3225 360 3295 οχλεῖς
409 3227 775 3298 φυτευομένῳ
817 3225 1060 3299 σταυρῷ,
1088 3226 1181 3280 τὸν
1215 3226 1476 3296 ὲσόμενον
1509 3225 1569 3293 ἐξ
1601 3224 1768 3281 αὐτοῦ

201 3319 395 3390 καρπὸν
423 3319 684 3390 ἀγνοῶν;
724 3317 792 3373 Τί
820 3317 1054 3382 κωλύεις
1095 3317 1312 3390 σφαγὴν
1351 3304 1774 3388 ἐκνευρίζουσαν

201 3409 434 3478 θάνατον,
495 3413 602 3484 τὴν
655 3410 788 3482 περὶ
843 3411 938 3466 τὸν
985 3411 1192 3481 κόσμον
1231 3409 1456 3480 άγάπην
1495 3409 1590 3462 τοῦ
1636 3407 1775 3462 Θεοῦ

199 3500 428 3570 ἀγνοῶνς
449 3505 680 3576 ἀγαπᾷς
707 3504 784 3568 ὡς
813 3502 1338 3576 άνθρωπος,Πέτρε.
1365 3503 1470 3556 Ἔα
1495 3501 1776 3574 σπαρῆναι

200 3595 280 3646 τὸν
331 3595 559 3662 κόκκον,
610 3596 707 3651 καὶ
767 3595 909 3668 πρὸς
960 3595 1054 3650 τὸν
1109 3596 1373 3667 θερισμὸν
1428 3595 1774 3666 εῦτρεπίζου.

201 3685 377 3742 Ταῦτα
413 3689 598 3758 λέγων
635 3687 825 3742 ἔπεισε
855 3689 957 3760 μὲν
990 3689 1083 3742 τὸν
1121 3688 1374 3760 μαθητὴν
1417 3689 1493 3758 μὴ
1521 3687 1780 3752 τοιαύτας

200 3779 431 3849 αἰτήσεις
462 3779 549 3851 τῷ
574 3779 884 3852 διδασκάλῳ
913 3779 1282 3852 προσφέρειν·
1317 3779 1378 3834 ού
1425 3781 1533 3850 μὴν
1559 3779 1655 3832 καὶ
1676 3778 1779 3848 τὴν

197 3869 285 3924 τοῦ
308 3871 550 3928 θανάτου
587 3870 764 3942 λύπην
784 3911 799 3938 ,
845 3871 936 3925 διὰ
964 3873 1026 3925 τὸ
1056 3871 1290 3943 σφοδρὸν
1321 3871 1420 3942 τῆς
1453 3869 1584 3941 περὶ
1613 3869 1779 3923 αὐτὸν

198 3962 434 4037 ἀγάπης,
477 3963 586 4032 τῆς
627 3963 843 4018 ἐκείνου
864 3961 1108 4026 διανοίας
1139 3961 1413 4029 ἐξέϐαλεν.
1456 3962 1646 4024 Ὅπως
1685 3955 1781 4014 οὖν

197 4053 280 4108 διὰ
301 4057 398 4128 τῆς
435 4055 544 4110 οῦκ
586 4056 668 4120 είς
709 4055 934 4126 μακρὰν
979 4055 1340 4120 ἀναστάσεως
1373 4054 1474 4125 τὴν
1521 4052 1780 4124 περὶτοῦ

201 4147 394 4214 πάθους
423 4147 574 4220 λάϐῃ
602 4148 980 4219 παράκλησιν,
1011 4147 1174 4201 αὐτόν
1217 4163 1278 4200 τε
1310 4147 1406 4200 καὶ
1437 4133 1568 4209 τοὺς
1604 4162 1782 4218 παρα-

202 4240 437 4313 πλησίως
467 4241 812 4309 ἀγαπῶντας
845 4237 1186 4311 παραλαϐὼν
1207 4279 1221 4303 ,
1270 4238 1359 4292 διὰ
1402 4237 1506 4310 τῆς
1539 4237 1781 4310 φοϐερᾶς

201 4332 410 4404 ἐκείνης
437 4332 714 4397 ὀπτασίας
742 4333 804 4386 τὸ
831 4333 1060 4387 δυνατὸν
1087 4333 1188 4404 τῆς
1221 4333 1279 4386 ὲν
1312 4331 1462 4403 αὑτῷ
1492 4331 1782 4385 πιστοῦται

203 4421 476 4496 θεότητος.
530 4443 549 4478 ι
589 4423 1014 4495 Μετεμορφώθη
1048 4423 1180 4494 γὰρ,
1233 4424 1422 4495 φησὶν,
1471 4421 1782 4494 ἔμπροσθεν

1865 1952 2030 2013 atque
2061 1942 2450 2011 occidendum,
2507 1945 2691 2000 statim
2739 1945 2928 2002 animo
2955 1947 3243 2019 pungitur,
3275 1964 3457 2020 exque

1867 2033 2037 2088 multa
2082 2032 2376 2092 aliectione
2418 2036 2582 2094 dictis
2639 2036 2835 2106 insilit,
2882 2052 2948 2094 ac
3004 2038 3234 2094 liberius
3280 2037 3456 2110 Magi-

1867 2131 2048 2180 strum
2083 2126 2277 2196 carpit.
2311 2145 2331 2180 ι
2369 2130 2674 2186 Assumens
2697 2129 2846 2186 enim
2868 2145 3018 2198 eum,
3053 2130 3254 2202 inquit,
3290 2133 3458 2202 coepit

1868 2218 2156 2291 increpare
2184 2221 2362 2289 illum,
2401 2221 2628 2279 dicens:
2687 2221 2847 2281 Absit
2875 2234 3012 2288 ate,
3063 2223 3314 2291 Domine,
3345 2239 3456 2281 n0u

1868 2313 1974 2367 erit
2004 2313 2103 2368 tibi
2138 2313 2244 2370 hoc
2274 2314 2338 2368 “.
2373 2331 2392 2366 ι
2445 2312 2699 2372 Vidistin'
2731 2329 3022 2372 accensam
3082 2315 3340 2387 discipuli
3401 2317 3458 2372 in

1870 2401 2197 2474 Magistrum
2231 2402 2631 2460 dilectionem?
2690 2402 2950 2460 Vidistin’
2981 2413 3040 2460 ιιι
3060 2405 3246 2462 dilecti
3285 2407 3460 2462 tristi-

1871 2492 1976 2570 bus
2007 2493 2357 2550 alliceretur?
2384 2503 2444 2550 ut
2480 2495 2533 2550 in
2572 2495 2679 2551 hoc
2719 2503 2930 2551 tantum
2960 2497 3464 2570 justosexcederet

1874 2584 2144 2641 libertatis
2183 2588 2400 2644 modos.
2449 2605 2468 2639 ι
2507 2586 2686 2658 Carpit
2739 2587 3026 2658 increpare
3057 2589 3236 2656 illum,
3277 2601 3332 2645 et
3370 2592 3460 2645 di-

1875 2691 2027 2733 cere:
2059 2675 2218 2732 Absit
2243 2691 2274 2730 a
2299 2687 2374 2740 te,
2396 2675 2650 2740 Domine,
2693 2692 2798 2730 non
2839 2677 2943 2732 erit
2970 2676 3067 2732 tibi
3110 2677 3232 2733 hoc.
3267 2695 3287 2730 ι
3317 2675 3462 2744 Quid

1873 2782 2004 2838 ergo
2056 2767 2361 2824 Dominus?
2422 2766 2580 2822 Velut
2651 2767 3024 2839 perniciosam
3071 2768 3461 2838 impcnsiorem

1873 2861 2150 2933 ejusmodi
2206 2879 2398 2919 curam
2463 2862 2807 2934 perstringit.
2861 2862 2976 2918 Non
3042 2863 3215 2930 enim,
3257 2865 3460 2936 inquit,

1876 2954 1999 3009 volo
2045 2956 2243 3020 amari,
2303 2970 2430 3010 cum
2484 2955 2690 3010 damno
2736 2954 3106 3024 diligentium.
3144 2955 3258 3010 Mea
3313 2973 3463 3014 mors

1875 3046 2027 3101 orbis
2049 3048 2216 3102 totius
2251 3047 2498 3101 medetur
2533 3046 2721 3102 morti.
2751 3045 2891 3114 Quid
2925 3047 3191 3104 molestus
3219 3064 3280 3104 es
3311 3050 3466 3120 plan-

1883 3138 2060 3192 tandm
2091 3137 2266 3202 cruci,
2300 3139 2392 3206 qui
2422 3136 2668 3193 futurum
2701 3153 2766 3191 ex
2792 3137 2922 3206 ipsa
2943 3137 3182 3194 fructum
3216 3140 3468 3210 ignoras?

1879 3228 2020 3295 Quid
2054 3229 2148 3284 Dei
2197 3244 2325 3300 erga
2360 3229 2623 3284 mundum
2679 3229 3030 3286 dilectionem
3063 3233 3338 3298 nesciens,
3367 3249 3467 3288 ne-

1878 3337 1995 3376 cem
2067 3321 2350 3392 prohibes,
2405 3337 2514 3392 qua
2577 3337 2726 3378 mors
2791 3322 3195 3377 enervabitur?
3246 3323 3464 3396 Diligis,

1879 3413 2062 3480 Petre,
2111 3413 2254 3469 sicut
2308 3413 2495 3469 homo.
2522 3412 2653 3469 Sine
2696 3415 2879 3484 spargi
2908 3429 3163 3484 granum,
3199 3423 3358 3484 teque
3397 3417 3469 3470 ad

1880 3523 2117 3564 messem
2168 3523 2452 3578 compara.
2485 3507 2580 3564 llis
2627 3508 2851 3578 quidem
2885 3509 3065 3564 suasit
3087 3509 3382 3579 discipulo,
3410 3519 3472 3565 ut

1882 3616 1950 3656 ne
1978 3599 2240 3672 MagiStro
2264 3599 2652 3670 hujuscemodi
2707 3615 2896 3670 preces
2949 3601 3285 3670 porrigeret;
3320 3602 3468 3656 haud

1881 3700 2064 3747 tamen
2108 3693 2304 3760 mortis
2335 3691 2609 3748 tristitiam
2661 3693 2734 3748 ob
2774 3691 3161 3762 impcnsiorem
3195 3693 3249 3746 in
3285 3693 3468 3764 ipsum

1881 3784 2252 3849 dilectionem,
2283 3784 2468 3840 animo
2495 3783 2726 3854 depulit.
2762 3784 2834 3840 Ut
2881 3784 3048 3856 igitur
3092 3800 3159 3840 ex
3221 3797 3473 3842 resurre-

1882 3876 2086 3939 ctione,
2115 3891 2239 3946 quae
2301 3889 2410 3930 non
2458 3875 2753 3930 admodum
2781 3874 3079 3931 dilferenda
3120 3884 3288 3941 esset,
3322 3876 3474 3932 sola-

1886 3979 2007 4018 men
2071 3963 2296 4034 aliquod
2356 3979 2455 4035 pro
2497 3963 2756 4034 passione
2801 3965 3142 4036 perciperet,
3182 3977 3472 4038 assumpto

1843 4078 1847 4081 -
1885 4054 1998 4119 illo,
2028 4070 2092 4109 ac
2125 4054 2195 4108 iis
2254 4056 2348 4125 qui
2379 4055 2616 4125 proximi
2662 4056 2958 4112 dilectione
2997 4067 3204 4123 essent,
3238 4059 3474 4114 terribili

1886 4147 1977 4200 illa
2003 4145 2220 4202 visione
2249 4147 2393 4216 ejus,
2425 4162 2551 4218 quae
2579 4156 2700 4202 erat
2753 4148 2806 4202 in
2841 4149 2981 4218 ipso,
3005 4147 3332 4215 divinitatis,
3372 4166 3476 4220 po-

1887 4239 2112 4298 léntiam
2153 4240 2373 4296 astruit.
2414 4259 2431 4292 ι
2469 4239 2920 4309 Transﬁguratus
2949 4242 3122 4309 enim,
3153 4243 3353 4314 inquit,
3389 4256 3476 4302 est

1886 4339 2016 4386 ante
2035 4345 2162 4388 eos:
2209 4340 2266 4388 et
2321 4331 2599 4402 splenduit
2645 4330 2816 4388 facies
2855 4332 2978 4402 ejus
3007 4333 3152 4390 sicut
3178 4335 3280 4398 sol,
3309 4338 3478 4392 vesti-

1889 4433 2072 4478 menta
2115 4430 2297 4478 autem
2317 4421 2440 4493 ejus
2470 4422 2610 4478 facta
2640 4432 2770 4480 sunt
2801 4424 2922 4479 alba
2952 4425 3094 4479 sicut
3129 4426 3216 4480 nix
3251 4427 3316 4478 ³³.
3341 4444 3359 4476 ι

201 4515 400 4569 αὐτῶν·
440 4515 536 4570 καὶ
574 4515 790 4586 ἔλαμψε
823 4515 888 4569 τὸ
917 4515 1218 4588 πρόσωπον
1241 4513 1408 4569 αὐτοῦ
1432 4514 1508 4578 ὡς
1534 4515 1562 4566 ὁ
1587 4503 1740 4582 ῆλιος
1763 4527 1777 4541 ·
1812 4542 1860 4598 ο

200 4605 263 4659 τὰ
285 4605 342 4661 δὲ
366 4608 564 4679 ίμάτια
586 4607 756 4662 αὑτοῦ
781 4608 1038 4678 ἐγένοντο
1065 4608 1240 4662 λευκὰ
1267 4607 1344 4672 ὡς
1370 4607 1434 4660 τὸ
1455 4607 1592 4678 φῶς.
1625 4627 1644 4658 ι

270 4720 288 4753 ι
316 4703 428 4758 Καὶ
479 4703 591 4758 ίδοὺ
629 4695 901 4775 ὤφθησαν
938 4702 1124 4766 αὐτοῖς
1170 4701 1410 4772 Μωῦσῆς
1446 4702 1541 4756 καὶ
1593 4702 1781 4766 Ἠλίας

202 4795 313 4860 μετ’
353 4794 524 4849 αὐτοῦ
571 4795 984 4860 συλλαλοῦντας.
1020 4813 1038 4848 ι
1095 4794 1456 4866 Ἑχαλίνωσεν
1495 4795 1524 4846 ό
1562 4794 1663 4864 τῆς
1703 4793 1782 4846 δι-

199 4886 490 4958 καιοσύνης
522 4887 714 4952 Ἤλιος
740 4889 840 4960 τὴν
885 4888 1116 4960 νεφέλην
1145 4886 1240 4942 τοῦ
1284 4885 1560 4956 σώματος,
1613 4885 1708 4941 καὶ
1744 4887 1778 4957 ἡ

199 4975 354 5041 ἀκτὶς
385 4979 492 5050 τῆς
541 4977 800 5050 θεότητος
839 4980 966 5042 τοὺς
994 4977 1193 5042 θεατὰς
1231 4976 1638 5049 περιήστραψε,
1677 4978 1780 5032 Νε-

201 5067 334 5137 φέλη
369 5067 480 5139 γὰρ
509 5068 604 5122 τοῦ
649 5069 888 5140 ἀοράτου
935 5067 997 5121 τὸ
1036 5065 1316 5139 ὁρώμενον
1359 5067 1586 5138 ἔνδυμα.
1623 5063 1780 5122 Οἶδεν

211 5157 620 5235 Ἢσαῖαίτοῦτο
673 5160 892 5230 σαφῶς·
943 5160 1044 5232 τὴν
1079 5151 1189 5231 γὰρ
1231 5159 1320 5213 ἐπ’
1360 5160 1639 5229 Αἴγυπτον
1681 5159 1777 5213 τοῦ

200 5249 447 5322 Σωτῆρος
477 5251 699 5324 θεωρῶν
735 5251 998 5322 ὲνδημίαν
1027 5251 1190 5306 ποτέ*
1223 5270 1241 5304 ι
1279 5249 1432 5318 Ἰδοὺ,
1467 5252 1622 5322 φησὶ,
1660 5253 1777 5306 Κύ-

203 5354 310 5407 ριος
342 5341 578 5410 κάθηται
612 5341 708 5394 ἐπὶ
733 5341 964 5412 νεφέλης
994 5341 1230 5412 κούφης,
1271 5341 1366 5394 καὶ
1410 5340 1530 5410 ἥξει
1572 5343 1653 5405 εἰς
1684 5340 1776 5396 Δί’-

201 5445 423 5497 γυπτον.
456 5433 564 5486 Καὶ
593 5431 705 5486 ἰδοὺ
731 5431 892 5503 ὤφθη
919 5432 1107 5496 αὐτοῖς
1150 5433 1393 5502 Μωῦσῆς
1446 5431 1541 5486 καὶ
1588 5431 1776 5494 Ἠλίας

207 5522 320 5589 μετ’
343 5523 510 5578 αὐτοῦ
549 5524 964 5588 συλλαλοῦντες.
1003 5544 1021 5578 ι
1052 5525 1164 5595 Τῆς
1191 5525 1298 5595 γὰρ
1331 5523 1585 5593 θεότητος
1609 5521 1776 5577 αὐτοῦ

205 5608 340 5686 ἦσαν
364 5617 664 5690 ἀχώριστοι
695 5618 952 5672 πάντοτε.
996 5618 1152 5672 Διατί
1199 5617 1255 5670 δὲ
1290 5619 1383 5671 καὶ
1426 5616 1568 5688 ὑπὲρ
1599 5618 1777 5671 πάντα

275 5808 318 5840 ³³
353 5809 543 5867 Matth.
579 5829 692 5877 xu,
715 5817 806 5868 25.
885 5815 931 5847 ³³
969 5812 1163 5868 Matth.
1203 5829 1340 5881 xvii,
1368 5813 1424 5867 9..
1503 5812 1546 5844 ⁸⁸
1575 5810 1704 5866 ibid.
1731 5809 1787 5865 '5.

518 5907 788 5968 ΡΑτιιοι..
820 5907 937 5969 Gn.
976 5906 1262 5968 XCVIII.

1963 4711 1984 4744 ε
2014 4691 2079 4746 Et
2104 4707 2231 4748 ecce
2250 4702 2628 4764 apparuerunt
2660 4693 2766 4747 illis
2807 4691 3024 4764 Moyses
3053 4701 3108 4746 et
3151 4691 3320 4758 Elias,
3343 4707 3471 4747 cum

1883 4800 1950 4840 eo
1974 4786 2264 4855 loquentes
2293 4786 2359 4839 ³⁸.
2397 4804 2414 4837 ι
2453 4785 2550 4840 Sol
2577 4785 2807 4854 justitiae
2867 4784 3115 4854 corporis
3145 4785 3474 4854 compressit

1886 4879 2108 4945 nubem,
2147 4878 2443 4948 radiusque
2491 4877 2795 4933 divinitatis
2853 4885 3195 4948 spectatores
3234 4877 3472 4932 circum-

1887 4970 2057 5026 fulsit.
2097 4969 2279 5027 Nubes
2329 4969 2500 5034 enim,
2533 4969 2652 5040 ejus
2707 4969 2994 5039 quodnon
3047 4968 3236 5024 subest
3271 4969 3468 5035 oculis,

1889 5060 2198 5131 subjectum
2227 5059 2400 5114 oculis
2430 5057 2814 5114 indumentum
2842 5067 2983 5112 erat.
3019 5054 3181 5110 Novit
3215 5055 3319 5110 hoc
3351 5070 3476 5125 per-

1886 5157 2074 5226 spicue
2131 5154 2334 5219 Isaias;
2367 5150 2608 5206 futurum
2658 5151 2805 5204 enim
2843 5147 3173 5220 quandoque
3223 5147 3278 5202 in
3309 5146 3474 5220 Egy—

1887 5261 2038 5322 ptum
2069 5256 2340 5304 contuens
2367 5241 2670 5298 Salvatoris
2696 5240 2995 5296 adventum
3023 5255 3038 5292 :
3061 5255 3078 5290 t
3114 5235 3256 5292 Ecce
3283 5237 3474 5292 Domi-

1887 5359 2010 5406 nus,
2055 5341 2255 5411 inquit,
2297 5337 2453 5394 sedet
2496 5351 2666 5406 super
2697 5333 2896 5390 nubem
2953 5332 3150 5395 levem,
3191 5339 3247 5386 et
3290 5331 3477 5386 veniet
3519 5343 3526 5350 ‘

1886 5436 1939 5490 in
1961 5433 2256 5506 Egyptum
2277 5431 2346 5487 ³⁸.
2361 5449 2378 5481 ι
2393 5448 2482 5480 -ι
2497 5428 2562 5482 Et
2586 5441 2716 5482 ecce
2740 5431 3115 5498 apparuerunt
3137 5423 3246 5478 illis
3261 5421 3477 5494 Moyses

1885 5537 1940 5584 et
1975 5526 2293 5590 Elias,cum
2356 5537 2423 5577 eo
2480 5521 2791 5590 loquentes.
2829 5537 2848 5570 ι
2905 5515 3189 5588 Nusquam
3223 5513 3478 5568 cnim-ab

1885 5621 2006 5690 ejus
2035 5617 2321 5672 divinitate
2337 5613 2568 5684 scjuncti
2597 5620 2776 5668 erant.
2811 5609 3086 5678 Quorsum
3101 5621 3230 5662 vero
3261 5603 3476 5676 Moyses

1868 5810 1911 5842 ³³
1956 5809 2064 5865 Isa.
2101 5821 2216 5873 χιχ,
2259 5806 2305 5862 l.

3029 5893 3102 5953 '40
