3930 6368
187 394 311 463 1261

1069 387 1328 450 SERMO
1357 386 1442 447 IN
1475 381 1713 446 Ε’ΕὸΤο
1746 381 1808 439 S.
1833 379 2251 445 MICIIAELIS
2289 383 2516 444 ARCH.

3292 375 3426 441 1262

181 527 288 570 ram
321 506 476 580 gerit.
507 515 558 560 et
603 503 692 560 eis
736 503 1027 576 providet;
1057 511 1112 558 et
1146 502 1238 570 qui
1273 498 1572 570 cujuslibet
1603 493 1750 566 quod
1779 496 1824 552 Α
1852 491 1936 546 los
1961 491 2028 559 ",
2067 503 2122 547 et
2161 508 2290 549 cum
2317 493 2584 564 Seraphin
2605 495 2711 564 'qui
2741 494 2936 551 habent
2974 511 3067 552 sex
3114 495 3231 552 alas
3257 497 3324 562 "‘,
3375 505 3432 551 et.

181 601 373 658 dicitur
398 605 453 652 et
494 593 820 666 intelligitur
852 595 1084 660 b'onmn,
1123 601 1214 648 est
1247 591 1509 656 eiliciens,
1545 587 1749 656 imper-

181 695 335 755 tiens,
368 687 727 757 suppeditans
752 695 809 742 et
831 685 1009 756 prima
1045 698 1237 740 causa.
1285 679 1544 736 Secundo
1565 685 1749 733 autem

180 781 330 836 nobis
352 778 646 834 constituit
667 777 886 830 divinos
915 774 1140 843 angelos
1163 781 1218 826 et
1246 769 1626 841 archangelos,
1653 763 1752 837 qui

179 887 360 929 curam
391 877 648 940 gererent
668 877 731 923 et-
757 874 1056 938 praeessent
1081 864 1270 936 generi
1295 863 1590 918 hominum
1619 875 1750 931 pro.

177 973 290 1036 pter
319 962 618 1018 bonitatem
650 959 962 1015 naturalem
991 975 1006 1012 :
1043 964 1104 1012 ut
1133 956 1548 1026 suppeditareut
1579 950 1754 1006 homi-

177 1057 334 1110 nibus
377 1053 596 1108 divinos
615 1049 856 1105 nuntios
882 1058 938 1105 et
969 1048 1138 1112 dona,
1189 1055 1244 1102 et
1275 1049 1670 1114 componerent
1697 1049 1752 1097 et

175 1147 469 1217 dirigerent
493 1157 682 1198 eorum
707 1141 890 1200 vitam
908 1140 976 1194 ad
1000 1154 1062 1194 ea
1093 1153 1215 1210 quae
1245 1145 1374 1193 sunt
1400 1135 1650 1190 meliora.
1685 1133 1753 1189 Et

176 1254 234 1293 ex
265 1237 474 1292 divinis
507 1234 728 1305 quidem
761 1245 816 1288 et
845 1232 1075 1288 inﬁnitis
1107 1231 1336 1312 angelis,
1360 1231 1500 1285 alios
1529 1229 1754 1300 quidem

175 1341 622 1397 unumquemque
653 1325 953 1395 unicuique
979 1337 1216 1394 praesse
1245 1321 1508 1388 ﬁdelium,
1541 1331 1595 1376 et
1623 1335 1754 1377 eum

175 1433 356 1489 regere
393 1418 566 1488 jussit
593 1417 884 1482 Dominus,
917 1423 982 1470 ut
1003 1415 1136 1470 dicit
1183 1415 1238 1468 in
1268 1413 1472 1469 divinis
1505 1414 1752 1483 Evange-

173 1511 304 1566 liis:
347 1527 368 1561 ι
429 1509 622 1572 Videte
650 1522 718 1564 ne
755 1508 1076 1578 despiciatis
1112 1523 1284 1562 unum
1315 1521 1379 1561 ex
1424 1506 1511 1560 his
1543 1505 1750 1576 parvis,

173 1603 437 1672 quoniam
483 1601 661 1672 angeli
705 1615 898 1656 eorum
937 1608 1200 1670 perpetuo
1239 1599 1518 1669 aspiciunt
1555 1598 1756 1654 faciem

171 1694 346 1749 Patrio
387 1693 496 1748 mei
538 1692 636 1763 qui
679 1701 768 1748 est
814 1693 872 1746 in
904 1693 1068 1748 caelis
1093 1691 1158 1746 ".
1203 1711 1229 1744 ι
1257 1691 1523 1760 Similiter
1567 1701 1754 1746 autem

173 1789 306 1842 hanc
343 1799 570 1856 quoque
631 1783 923 1840 conﬁrmat
960 1783 1288 1838 sententiam
1351 1785 1574 1840 divinus
1623 1797 1751 1853 pro-

173 1877 324 1947 pheta
371 1871 568 1942 David,
602 1875 794 1930 dicens
827 1891 840 1928 :
901 1891 925 1926 ε
958 1873 1040 1929 Ne
1071 1874 1169 1931 des
1208 1875 1268 1928 in
1317 1875 1752 1930 commotionem

171 1966 357 2038 pedem
392 1975 566 2032 tuum,
598 1973 655 2020 et
682 1976 809 2020 non'
829 1964 1149 2036 dormitabit
1174 1967 1271 2037 qui
1299 1977 1351 2022 te
1377 1967 1619 2023 custodit
1637 1966 1685 2000 δ’
1721 1984 1740 2018 ι

172 2057 416 2124 angelus.

232 2150 390 2206 Alios
421 2158 627 2217 autem,
663 2157 728 2206 ut
754 2150 969 2206 alienas
1015 2159 1072 2205 et
1103 2149 1320 2220 ignotas
1367 2157 1559 2221 gentes
1593 2165 1754 2222 rege-

171 2251 304 2307 rent,
331 2249 406 2298 ut
433 2241 529 2310 qui
565 2242 754 2296 ornnia
783 2241 1152 2307 administret,
1183 2241 1474 2298 constituit
1510 2256 1612 2312 pro
1643 2257 1752 2298 nu-

172 2348 316 2388 rnero
349 2333 625 2403 gentium,
660 2341 720 2387 ut
746 2347 889 2388 unus
937 2333 1164 2400 angelus
1201 2341 1368 2388 totam
1401 2340 1620 2404 gentem
1650 2345 1753 2403 gu-

173 2424 426 2480 bernaret
459 2443 474 2479 :
516 2426 794 2493 quomodo
837 2425 1000 2481 etiam
1035 2424 1302 2494 scriptum
1333 2431 1422 2482 est
1449 2425 1504 2480 in
1540 2425 1756 2481 cantico

175 2515 413 2572 llosaico
444 2534 460 2570 :
493 2533 514 2569 ι
551 2515 786 2582 Quando
805 2516 1082 2572 dividebat
1111 2517 1428 2572 Altissimus
1457 2525 1668 2586 gentes,
1694 2524 1754 2572 ut

171 2607 433 2677 dispersit
481 2607 625 2663 ﬁlios
662 2607 860 2662 Μειιηὶ
899 2626 912 2661 :
959 2609 1154 2663 statuit
1201 2609 1467 2665 terminos
1506 2608 1755 2678 gentium

171 2702 484 2754 secundum
526 2715 820 2754 numerum
853 2700 1176 2771 angelorum
1210 2699 1304 2765 Dei
1334 2701 1402 2753 ³³.
1446 2719 1465 2752 ι
1529 2699 1757 2757 Summe

171 2798 350 2844 autem
374 2791 748 2858 benedictum,
773 2800 830 2846 et
857 2791 1106 2862 undiqde‘
1125 2791 1552 2856 exaudiendunt,
1574 2793 1756 2848 omni-

173 2895 272 2950 que
302 2896 379 2936 ex
436 2889 592 2952 parte
639 2882 1012 2937 venerandum
1063 2882 1272 2938 militia:
1301 2883 1604 2954 principem
1653 2881 1756 2938 ιιι.-

171 2972 440 3038 cbaclem,
479 2974 766 3028 meliorum
798 2981 856 3028 et
881 2973 1148 3031 divinitus
1177 2975 1659 3045 inspiratorum-et
1691 2974 1757 3028 ii-

171 3063 587 3118 delissimorum
618 3064 902 3120 hominum
957 3079 1082 3120 esse
1134 3065 1446 3135 prasidem',
1482 3075 1537 3121 et
1563 3069 1758 3122 eorum

1851 584 2088 654 primum
2138 585 2320 640 locum
2356 586 2608 642 obtinent
2635 587 2776 642 inter
2807 589 2958 642 mille
3003 588 3174 643 millia
3197 629 3214 656 ,
3244 598 3302 645 et
3335 589 3434 644 dc-

1849 677 1964 732 cies
2021 677 2170 732 mille
2227 677 2503 748 myriades
2560 680 2932 750 angelicorum
2985 680 3243 736 ordinum
3301 697 3318 734 :
3377 691 3438 736 ct-

1852 771 2118 839 proxime,
2147 779 2201 825 et
2226 771 2368 826 citra.
2386 769 2560 826 ullum
2589 781 2866 842 stuporem
2892 773 3045 827 cauit
3067 781 3152 827 ter
3175 782 3434 828 sanctum

1851 873 1904 917 et
1933 863 2312 918 admirabilem
2355 864 2641 936 hymnum,
2689 865 2954 921 invehens
2996 865 3052 920 in
3083 865 3344 920 rebellem
3373 875 3430 920 et

1851 952 2306 1010 molestissimum
2344 953 2605 1010 Satanam
2637 955 2704 1022 ⁸⁷,
2757 956 2851 1028 qui
2884 964 3145 1026 tauquam
3183 955 3374 1026 fulgur
3399 971 3434 1010 ο

1851 1045 1993 1100 celo
2017 1045 2074 1100 in
2098 1054 2298 1100 terram
2329 1045 2436 1102 fuit
2453 1047 2698 1118 deiectus
2715 1064 2838 1103 cum
2867 1049 3170 1104 immndis
3190 1059 3244 1104 et
3268 1049 3434 1104 malis

1851 1136 1972 1206 eius
2011 1137 2330 1206 spiritibus..
2350 1137 2604 1207 Michael,
2635 1142 2730 1211 qui
2755 1147 2840 1196 est
2876 1143 3118 1198 maxima
3155 1151 3210 1197 (ι
3241 1143 3432 1198 claris-

1851 1227 1989 1282 sima
2032 1229 2189 1284 stella
2225 1229 2458 1301 angelici
2509 1231 2729 1287 decoris
2783 1241 2838 1288 et
2888 1233 3335 1300 pulchritudinis,
3376 1244 3434 1289 et

1852 1319 1946 1388 qui
1975 1319 2156 1376 claras
2197 1322 2374 1377 reddit
2422 1337 2486 1376 ac
2525 1323 2846 1379 manifestas
2879 1340 3071 1381 omnes
3102 1326 3307 1382 diaboli
3342 1326 3431 1382 in-

1853 1409 2042 1478 sidias,
2070 1411 2168 1480 qui
2189 1411 2363 1467 Adam
2394 1427 2426 1467 e
2449 1415 2718 1484 paradiso
2741 1416 2978 1486 ejectum
3003 1416 3196 1484 fraude
3227 1419 3434 1474 daemo-

1852 1500 1942 1556 nis
1975 1502 2181 1558 iuimici
2213 1504 2506 1573 hmmrum,
2537 1508 2692 1574 texit,
2737 1509 3004 1576 traduxit,
3027 1519 3083 1566 et
3123 1511 3350 1580 direxit,
3380 1523 3436 1569 et

1852 1609 1981 1650 eum
2011 1607 2214 1652 terram
2260 1597 2445 1670 ligone
2472 1601 2664 1656 docuit
2691 1600 2901 1669 fodere,
2950 1605 3338 1676 seminareque
3381 1619 3438 1664 et

1856 1696 2082 1751 metere,
2123 1697 2177 1744 et
2223 1687 2292 1742 ad
2343 1689 2580 1762 reliqua,
2613 1706 2735 1762 qua
2778 1694 3068 1750 utili-tatem
3113 1695 3435 1765 aﬂerebant,

1857 1776 2091 1834 instituit
2141 1796 2155 1834 :
2203 1787 2349 1834 etut
2381 1795 2509 1836 cum
2561 1781 2942 1842 benedictione
2989 1794 3044 1841 et
3091 1789 3438 1845 convenienti

1853 1872 2154 1940 gratia-rum
2187 1871 2420 1940 actione,
2451 1889 2580 1929 cum
2616 1875 2820 1932 sudore
2849 1893 2992 1948 pane
3023 1891 3337 1936 vesceretur
3359 1884 3443 1938 αις

1852 1955 1981 2012 fecit
2005 1973 2020 2023 ;
2047 1966 2106 2012 ut
2133 1958 2228 2029 qui
2258 1974 2322 2014 ex
2355 1961 2554 2030 injuria
2576 1964 2624 2018 ei
2653 1965 2962 2038 contigerat
2996 1969 3202 2040 lapsus,
3231 1987 3327 2042 per
3356 1972 3439 2028 la-

1851 2047 2128 2106 boriosam
2171 2060 2228 2106 et
2269 2053 2379 2108 Deo
2415 2065 2624 2124 gratam
2671 2057 2883 2114 vivendi
2928 2061 3198 2118 rationem
3240 2080 3436 2121 rursus

1851 2140 2238 2210 corrigeretur.
2269 2141 2523 2210 Michael,
2555 2147 2651 2218 qui
2671 2157 2756 2205 est
2785 2165 2952 2209 verus
2977 2162 3033 2209 et
3056 2154 3307 2214 sincerus
3341 2159 3434 2216 Dei

1854 2249 2124 2300 assessor,
2155 2245 2210 2291 et
2241 2239 2394 2292 ducit
2421 2240 2646 2296 ordines
2692 2243 2957 2300 virtutum
3006 2248 3350 2320 caelestium;
3383 2264 3440 2310 et

1853 2336 1937 2381 est
1963 2328 2184 2398 sapiens
2209 2331 2548 2400 gubernator
2575 2349 2767 2390 eorum
2838 2337 2932 2408 qui
2977 2339 3030 2394 in
3063 2339 3234 2397 Deum
3263 2346 3440 2400 credi-

1854 2419 2072 2475 derunt.
2098 2421 2201 2488 Qui
2234 2422 2306 2492 pii
2327 2423 2656 2492 patriarcha
2678 2427 2929 2497 Abrahae,
2955 2431 3056 2486 etsi
3085 2413 3194 2488 non
3224 2435 3438 2492 videre-

1855 2518 1968 2580 tur,
2000 2513 2282 2583 prohibuit
2307 2517 2548 2586 gladium
2573 2519 2640 2583 ⁸⁸,
2671 2534 2741 2575 ne
2771 2531 3018 2590 tangeret
3083 2524 3194 2583 Deo
3220 2527 3444 2600 gratum

1856 2605 1975 2675 ejus
2003 2606 2173 2662 lilium
2201 2607 2372 2674 lsaac,
2407 2620 2698 2694 postquam
2727 2617 2892 2687 23o
2919 2621 3266 2690 apparuisset
3286 2627 3436 2680 omni
3483 2658 3485 2661 -

1857 2714 1921 2753 ex
1946 2708 2097 2770 parte
2127 2701 2439 2758 absolutum
2469 2714 2522 2760 et
2561 2707 2671 2787 Deo
2703 2719 2918 2781 gratum
2949 2715 3278 2782 patriarcha:
3307 2733 3437 2788 pro-

1857 2792 2096 2860 positum
2131 2810 2144 2846 :
2176 2805 2228 2848 et
2263 2795 2318 2850 iu
2352 2811 2419 2850 eo
2453 2797 2731 2855 benedixit
2775 2817 2970 2860 omnes
3009 2817 3214 2878 gentes,
3254 2819 3440 2881 utpote

1857 2897 1922 2938 ex
1980 2901 2092 2956 quo
2169 2890 2470 2944 secundum
2536 2907 2758 2949 carnem
2835 2907 2982 2954 esset
3030 2903 3440 2970 germinaturus

1859 2975 2110 3034 Christus
2131 2994 2292 3037 verus
2321 2979 2462 3039 Deus
2487 2995 2540 3040 et
2567 2984 2821 3042 Servatur
2842 3001 3047 3047 noSter.
3071 2993 3324 3060 Michael,
3351 2995 3443 3054 fax

1860 3071 2165 3129 clarissima
2217 3063 2599 3134 immaterialis
2650 3092 2704 3136 et
2746 3082 3044 3141 inaccessa:
3083 3073 3248 3154 lucis,
3276 3098 3332 3145 et
3363 3091 3442 3146 di-

172 3155 369 3210 salutis
395 3151 806 3226 curam'gerere
839 3155 1049 3210 voluit:
1081 3156 1360 3226 quomodo
1390 3157 1506 3226 ipse
1538 3155 1757 3210 univer-
1785 3164 1829 3225 ο
1864 3163 2024 3220 vinus
2053 3165 2249 3223 ductor
2295 3165 2666 3240 angelicorum
2695 3175 2971 3232 ordinum.
3005 3176 3110 3247 Qui
3144 3151 3444 3253 legislatori

171 3261 365 3300 eorum
395 3245 542 3302 Deus
564 3246 706 3302 dixit
727 3246 864 3302 Mosi
895 3262 1178 3304 sacrorum
1206 3249 1487 3320 interpreti
1513 3269 1526 3304 :
1559 3269 1580 3304 ‹
1612 3249 1758 3311 Vade

169 3337 233 3391 ad
257 3337 610 3393 Pharaonem
662 3353 842 3409 regem
890 3335 1132 3411 Egypti,
1164 3347 1219 3396 et
1257 3341 1458 3398 educes
1494 3333 1756 3415 populum

169 3443 358 3482 meum
393 3429 536 3483 ﬁlios
575 3427 742 3484 Israel
767 3445 834 3485 ex
865 3427 1103 3503 JEgvpto
1133 3442 1236 3489 :‘et
1262 3434 1470 3488 mittam
1505 3433 1756 3506 angelum

92 3573 103 3583 ,
170 3531 367 3574 meum
394 3527 525 3575 ante
557 3519 752 3575 faciem
782 3531 956 3588 tuam,
995 3533 1055 3578 ut
1101 3525 1340 3580 deducat
1387 3526 1649 3597 populum
1701 3525 1756 3580 in

167 3618 386 3664 terram
431 3610 532 3665 tibi
569 3614 921 3682 promissam,
953 3629 1118 3684 quam
1155 3614 1338 3685 juravi
1387 3617 1638 3686 patribus
1665 3631 1758 3672 ve.

167 3698 299 3752 stris
327 3698 405 3752 “.
456 3715 476 3749 ι
513 3697 659 3764 Quin
712 3700 876 3756 etiam
927 3702 1190 3772 propheta
1221 3704 1408 3759 Daniel
1445 3705 1498 3759 in
1546 3707 1760 3762 visione

167 3787 378 3858 angeli,
407 3789 620 3844 audivit
639 3805 771 3845 eum
795 3775 1068 3848 dicentem
1101 3810 1118 3848 :
1158 3813 1176 3846 ι
1210 3792 1472 3867 Princeps
1498 3813 1592 3852 seu
1617 3807 1762 3868 prae-’

166 3892 252 3934 ses
283 3880 526 3950 angelus
557 3883 726 3952 regni
763 3880 1056 3939 Persarum
1093 3887 1292 3942 restitit
1330 3888 1464 3944 mihi
1500 3905 1568 3945 ne
1596 3905 1758 3947 revoo

165 3977 400 4024 caretur
443 3972 680 4041 populus
718 3971 894 4028 Israel
939 3988 1006 4030 ex
1055 3977 1372 4046 captivitate
1415 3977 1753 4051 Babylonis:

165 4075 267 4114 nec
303 4069 407 4114 est.
435 4061 580 4118 ullus
617 4063 712 4133 qui
745 4078 842 4120 eos
877 4081 1094 4121 mecum
1121 4057 1357 4136 tueatur,
1397 4071 1504 4127 nisi
1529 4070 1757 4128 Michael

165 4152 433 4222 princeps
454 4161 634 4209 vester
664 4155 732 4210 ⁸⁸.
771 4173 790 4207 ι
829 4155 944 4214 Hoc
972 4169 1158 4215 autem
1191 4161 1369 4230 ipsum
1415 4163 1494 4219 sic
1537 4179 1758 4236 quoque

165 4241 349 4298 David
378 4255 566 4315 aperte
601 4235 916 4316 signiﬁcat:
948 4267 970 4298 α
1005 4249 1501 4310 Castrametabitur
1531 4235 1756 4327 angelus

167 4333 396 4392 Domini
445 4339 499 4392 in
553 4339 800 4395 circuitu"
839 4342 1146 4399 timentium
1197 4361 1361 4411 eum,
1411 4357 1466 4403 et
1510 4348 1759 4406 liberabit

165 4443 264 4484 eos
296 4429 375 4482 “.
421 4447 440 4482 ι
484 4431 622 4498 Quis
657 4433 801 4487 enim
855 4443 970 4512 tam
1022 4445 1284 4494 strenuus
1335 4439 1574 4496 ﬁdelium
1629 4457 1755 4513 pro—

1861 3253 1998 3312 Mosi
2023 3273 2152 3314 ores
2181 3263 2424 3328 pascenti
2458 3263 2511 3318 in
2545 3274 2727 3322 monte
2755 3267 2958 3324 Cborin
2991 3287 3258 3346 apparens
3287 3285 3442 3336 totus

1861 3347 1914 3402 in
1946 3348 2124 3404 medio
2153 3351 2272 3406 rubi
2304 3353 2367 3415 δ’.
2410 3370 2532 3409 eum
2579 3357 2770 3416 urebat
2797 3360 2918 3416 sine
2965 3363 3076 3418 ulla
3111 3363 3358 3432 laesione,
3382 3377 3444 3426 et

1860 3455 1969 3494 non
2021 3441 2378 3498 eomburebat
2429 3448 2676 3516 omnino,
2721 3451 2873 3523 signa
2922 3459 3286 3516 sanctissimae
3331 3461 3439 3516 Do.-

1807 3597 1814 3604 .
1863 3533 2024 3589 mina:
2051 3546 2252 3592 noutrae
2277 3537 2368 3592 Dei
2402 3541 2646 3608 parentis
2677 3544 3020 3614 signiﬁcans.
3054 3549 3308 3618 Michael,
3345 3557 3441 3626 qui

1860 3625 2045 3680 divino
2084 3638 2218 3683 nutu
2267 3631 2477 3699 primas
2514 3643 2697 3702 partes
2719 3637 2930 3694 obtinet
2971 3640 3118 3697 inter
3159 3643 3300 3716 ignis
3335 3625 3442 3702 nii-

1860 3715 2062 3772 nistros
2105 3733 2119 3770 :
2155 3726 2210 3774 et
2255 3729 2456 3776 terram
2515 3725 2650 3794 obit,
2692 3727 2929 3798 impleas
2974 3715 3308 3797 voluntatem
3343 3737 3443 3796 Dei

1859 3806 2285 3876 omnipotentem
2313 3828 2327 3876 ;
2359 3811 2451 3881 qui
2476 3828 2506 3868 a
2535 3815 2750 3872 ratione
2778 3819 3018 3876 alienum
3051 3825 3192 3882 vatis
3220 3825 3440 3886 Balaam

1859 3895 2138 3966 prohibuit
2177 3900 2436 3972 impetum
2463 3907 2692 3964 terribili
2743 3927 2844 3967 suo
2883 3912 3118 3972 adventu
3143 3918 3190 3950 '°
3230 3937 3244 3976 :
3277 3936 3438 3991 quem

1857 3991 2023 4050 etiam
2051 4011 2176 4051 cum
2207 3998 2430 4056 vidisset
2458 4001 2611 4058 asina
2639 4011 2693 4058 et
2732 4007 3029 4075 timuisset,
3060 4012 3290 4074 rationis
3313 4033 3443 4087 par-

1857 4084 2024 4156 ticipe
2045 4099 2178 4142 voce
2200 4102 2384 4143 senem
2418 4103 2689 4148 amentem
2713 4099 2972 4155 correxit.
2989 4100 3241 4178 Michael,
3269 4084 3440 4178 ange-

1857 4175 2036 4231 lorum
2077 4177 2270 4234 ductor
2325 4181 2482 4254 longe
2522 4186 2801 4242 maximus
2837 4199 2900 4259 et
2946 4175 3440 4265 escellentissinius

1858 4266 2110 4324 minister
2139 4271 2336 4329 divina:
2369 4273 2502 4343 legis
2547 4293 2669 4348 quae
2694 4279 2821 4336 data
2843 4276 2946 4339 fuit
2974 4285 3028 4340 in
3063 4297 3249 4344 monte
3274 4289 3438 4358 Sina;

1859 4359 1952 4428 qui
1985 4375 2111 4416 cum
2145 4363 2334 4420 famuli
2364 4366 2458 4421 Dei
2497 4367 2663 4426 Musis
2694 4373 2937 4446 animam
2985 4381 3308 4451 accepisset,
3337 4384 3440 4439 ob-

1861 4469 2085 4510 scurum
2116 4463 2170 4512 et
2195 4457 2487 4518 exitiosum
2511 4462 2788 4520 diabolum
2811 4467 3026 4540 deejus
3058 4487 3290 4544 corpore
3312 4490 3441 4533 cum

164 4529 452 4592 pugnator
476 4521 772 4592 insigniter
791 4527 1067 4594 apparuit,
1095 4527 1308 4586 Veteris
1329 4540 1383 4586 et
1413 4529 1549 4588 Novi
1572 4531 1754 4590 Testa-

2823 4521 2870 4524 ,-
2915 4521 3022 4540 _,__-
3063 4521 3288 4544 ---μη
3314 4521 3441 4533 η...

1865 4547 1983 4618 ipso
2012 4565 2206 4607 ausum
2265 4553 2428 4608 verba
2483 4554 2754 4626 conferre,
2803 4575 3020 4634 cessare
3070 4564 3198 4622 fecit
3241 4574 3296 4622 et
3329 4568 3440 4624 cito
3480 4559 3482 4563 ’

166 4612 353 4668 menti
388 4615 724 4670 intercessor
763 4616 1230 4676 illuminationum
1261 4638 1278 4690 ;
1315 4637 1532 4695 semper
1575 4636 1755 4684 castra

163 4703 362 4760 locans
395 4706 452 4760 in
483 4707 715 4762 circuitu
750 4708 1014 4778 ﬁdelium,
1046 4720 1102 4766 et
1131 4728 1231 4768 nos
1265 4714 1541 4774 redimens
1576 4733 1606 4774 a
1635 4720 1758 4774 telis

165 4795 368 4862 Belial,
406 4807 462 4853 et
491 4800 739 4856 omnium
787 4802 1137 4858 inimicorum
1173 4816 1490 4864 nostrorum
1523 4811 1619 4881 qui
1653 4811 1757 4867 sub

162 4897 402 4958 aspectu
442 4889 649 4945 cadunt
680 4899 741 4946 et'
767 4907 876 4948 non
909 4895 1136 4962 cadunt,
1183 4905 1243 4952 ut
1283 4896 1536 4968 Michael,
1577 4901 1756 4960 dulcis

163 4991 364 5032 revera
393 4991 484 5032 res
511 4987 568 5033 et
593 4993 794 5034 nomen
811 4981 837 5035 il

236 5067 502 5134 Michael,
533 5071 629 5140 qui
663 5071 824 5141 plane
869 5082 952 5129 est
1000 5076 1196 5146 plenus
1221 5079 1424 5150 pietate
1453 5084 1756 5157 archange-

162 5160 447 5232 liea;qui
496 5172 718 5234 propter
741 5181 860 5222 eam
909 5181 1030 5238 quae
1061 5175 1316 5229 convenit
1361 5173 1415 5229 in
1465 5178 1754 5234 Dominum

168 5253 565 5321 reverentiam,
597 5255 856 5325 pietatem
884 5269 940 5314 et
967 5263 1106 5332 grati
1135 5263 1311 5320 animi
1331 5265 1586 5324 virtutem
1617 5271 1752 5326 inef-

165 5339 423 5410 fabilem,
457 5353 515 5424 et
562 5360 690 5416 quae
740 5351 942 5404 mutari
999 5368 1114 5408 non
1171 5365 1348 5426 potest
1397 5361 1750 5418 stabilitatem

165 5447 350 5504 prope
387 5436 658 5492 thronum
701 5441 910 5498 assistit
945 5443 1290 5502 Dominicum
1334 5449 1670 5510 horrendum
1705 5466 1761 5514 et

166 5527 506 5596 terribilem,
559 5544 684 5588 cum
715 5531 992 5592 Cherubin
1023 5539 1117 5608 qui
1151 5541 1354 5598 multos
1388 5545 1588 5602 habent
1621 5567 1762 5606 ocu-

243 5661 295 5694 ”
329 5661 520 5720 Matth.
558 5681 720 5731 xvm,
754 5670 840 5726 ill.

945 5675 990 5706 ⁸⁸
1006 5673 1166 5747 Psai.
1203 5691 1332 5747 exs,
1362 5679 1422 5736 4.

173 5729 267 5786 13.
305 5803 319 5804 7
349 5731 395 5763 “
427 5732 574 5796 Psal.
607 5729 806 5804 κιυὶιιι,
843 5741 898 5797 8.

1003 5745 1049 5779 ⁸⁸
1078 5746 1278 5802 Bacch.
1314 5745 1352 5813 ι,
1396 5753 1479 5808 t8.

1530 5683 1768 5764 "peni.
1808 5711 1985 5764 xxx",
2053 5697 2104 5752 8.

1576 5756 1626 5788 “
1654 5760 1764 5818 lsa.
1809 5783 1882 5832 vr,
1917 5769 1969 5822 3.

172 5815 265 5868 ιιι,
296 5803 349 5858 9..
423 5805 472 5838 ”
499 5804 664 5863 Nam.
697 5825 834 5879 nu,
861 5813 951 5868 9.3.
1025 5817 1066 5848 "
1096 5815 1251 5874 Judte
1271 5803 1351 5874 9.,
1371 5803 1602 5883 'ldosue
1629 5803 1810 5898 vlui!»

1859 4653 2186 4698 evanescere
2217 4643 2283 4698 ⁸¹.
2303 4696 2312 4701 -

1931 4726 2178 4794 Michael,
2218 4731 2313 4801 qui
2343 4734 2390 4790 si
2441 4734 2492 4792 id
2527 4736 2921 4809 interpreteris,
2957 4744 3159 4802 dicitur
3186 4747 3281 4805 Dei
3325 4751 3436 4807 dux

1857 4827 1913 4873 et
1940 4821 2232 4889 exercitus,
2268 4833 2322 4880 et
2351 4824 2688 4910 fortissimus
2726 4844 2998 4905 pugnator
3031 4845 3086 4893 et
3119 4853 3434 4913 propugna-

1857 4918 1943 4966 tor
1970 4928 2159 4968 eorum
2188 4916 2282 4984 qui
2313 4931 2468 4988 spem
2497 4921 2772 4978 collocant
2800 4925 2856 4980 in
2891 4927 3122 4986 Domino
3153 4951 3166 4988 :
3200 4941 3256 4988 et
3283 4935 3442 4992 liam-

1861 5021 1982 5060 mca
2025 5009 2298 5078 romphzca
2328 5025 2451 5082 quae
2481 5012 2682 5068 scindit
2719 5017 3158 5080 machinatidnes
3179 5025 3440 5085 adversa»

1861 5097 2096 5163 riorum,
2133 5109 2241 5154 tam
2271 5115 2460 5156 eorum
2509 5104 2604 5174 qui
2646 5106 2750 5161 sub
2790 5107 3222 5182 intelligentiam,
3271 5134 3435 5188 quam

1859 5203 2048 5244 eorum
2075 5191 2166 5260 qui
2189 5183 2389 5248 cadunt
2413 5195 2516 5251 sub
2539 5211 2760 5254 sensum
2785 5218 2800 5267 ;
2828 5203 2916 5272 qui
2939 5190 3068 5262 Jcsu
3093 5206 3240 5266 Nave
3263 5183 3437 5268 aciein

1861 5281 2108 5352 dirigenti
2141 5293 2330 5339 contra
2359 5287 2704 5345 adversarios
2733 5292 2880 5351 visus
2910 5307 2997 5351 est
3019 5301 3212 5356 stricto
3237 5304 3438 5374 gladio,

1863 5379 1916 5426 et
1947 5388 2070 5426 eum
2103 5375 2304 5429 terruit
2343 5375 2448 5432 hoc
2481 5378 2661 5435 alieno
2688 5391 2743 5437 et
2772 5385 2996 5441 terribili
3023 5395 3362 5461 spectaculo,
3389 5409 3444 5453 et

1869 5465 2114 5520 hortatus
2157 5471 2242 5520 ρει
2282 5474 2344 5522 ut
2378 5483 2598 5527 manum
2647 5487 2980 5545 consereret,
3023 5491 3077 5536 et
3127 5487 3445 5546 concideret

1863 5554 2122 5616 inimicos
2159 5558 2248 5615 Dei
2281 5561 2466 5618 hostes
2501 5565 2568 5618 ⁵³.
2608 5563 2860 5636 Michael,
2898 5573 3144 5631 omnium
3185 5592 3443 5648 suprema

2207 5698 2252 5730 “
2287 5698 2697 5788 itlsovl..ntll,‘l_0_;~
2785 5721 2944 5772 xxtn,
2978 5709 3097 5788 20._
3149 5713 3206 5788 "_
3223 5717 3356 5788 Dan.
3385 5737 3438 5788 ιε,

2088 5769 2131 5801 δ”
2166 5765 2298 5826 Luc.
2331 5786 2384 5838 ιι,
2422 5769 2506 5826 l8.
2560 5765 2618 5804 7“
2657 5771 2793 5832 Gen.
2867 5765 3004 5848 ιιίι,
3029 5765 3130 5838 ili.
3195 5765 3436 5847 “ﬁcii
