3930 6386
541 371 678 440 1’263

1671 377 2204 439 PANTALEONIS
2231 377 2545 440 DIACONI
2581 379 2690 440 CP-

3658 391 3780 459 ιρδι

535 491 827 562 ignemque
857 491 1039 545 ferens
1071 489 1280 558 lampas
1303 487 1626 554 divinitatis,
1661 505 1785 560 quae
1811 488 2120 560 estprinci-
2147 493 2190 548 Α
2222 503 2346 543 sere
2376 487 2548 544 habiti
2580 487 2822 556 fuerant,
2871 487 2926 545 in
2960 489 3240 562 regionem
3276 492 3503 563 patriam
3539 500 3778 564 restituit,

533 588 686 655 pium
739 585 897 650 lueis,
947 583 1219 653 unicaque
1254 593 1310 638 et
1349 583 1491 639 trina
1547 593 1600 638 et
1641 583 1860 640 subtilis
1910 591 2121 640 naturae

503 675 859 747 constitutio
895 695 910 730 :
939 675 1038 746 qui
1067 688 1223 730 terrae
1250 673 1385 730 lines
1415 675 1531 730 obit
1559 675 1831 742 celeriter,
1854 683 1910 731 et
1937 676 2025 746 pie
2052 675 2138 748 iis.

529 769 732 839 quibus
792 767 910 822 vult
975 768 1117 823 Deus
1169 778 1321 823 muta
1379 769 1553 838 ligura
1603 779 1848 838 apparet.
1891 768 1997 836 Qui
2051 769 2120 826 ad

531 859 846 914 Gedeoncm
867 857 1069 914 solaris
1095 859 1273 914 instar
1305 859 1445 914 radii
1476 859 1642 926 venit,
1667 871 1721 916 ct
1749 861 1820 915 ab
1847 861 1969 930 ipso
1997 871 2120 916 tan-

530 965 696 1021 quam
726 949 947 1004 divinus
982 957 1034 1005 et
1067 949 1311 1006 caelestis
1345 951 1574 1021 angelus
1605 952 1706 1006 fuit
1727 944 1992 1008 aderatus
2022 971 2038 1006 :
2065 961 2121 1009 et

531 1040 692 1110 ignea
737 1041 888 1110 virga
918 1050 1179 1110 tanquam
1229 1039 1614 1096 holocaustum
1658 1043 2004 1114 consumpsit
2035 1042 2116 1100 ci-

532 1135 660 1193 bum
701 1149 866 1199 quem
896 1133 1202 1200 obtulerat;
1241 1141 1296 1188 et
1323 1147 1449 1190 eum
1477 1134 1894 1191 cum'trecentis
1927 1135 2117 1192 "solum

531 1225 928 1296 impotentibus
991 1225 1370 1282 corroboravit
1418 1227 1683 1284 adversus
1731 1227 1973 1284 maxime
2013 1227 2118 1283 im-

530 1318 678 1388 piam
711 1327 767 1374 ct
813 1319 1080 1374 inﬁnitam
1137 1318 1560 1376 Madianitarum
1612 1321 2016 1377 multitudinem
2047 1321 2114 1376 ⁵⁸.

532 1412 786 1478 Michael,
813 1415 1053 1468 maxime
1083 1413 1429 1484 perspicuum
1462 1413 1947 1484 purissimumque,
1963 1422 2018 1469 et
2049 1414 2118 1470 ab

533 1505 686 1560 onnri
713 1505 936 1560 macula
979 1506 1219 1560 alienum
1255 1507 1540 1576 speculum
1587 1505 1884 1562 ineﬂ'abilis
1927 1514 1984 1562 et
2012 1505 2118 1562 im-

532 1613 738 1654 mensae
789 1596 1214 1669 pulchritudinis
1269 1598 1442 1654 divini
1489 1607 1550 1654 et
1598 1598 1815 1655 fontani
1869 1601 2006 1657 radii
2063 1611 2119 1658 et

533 1691 870 1761 splendoris;
903 1702 956 1746 et
986 1699 1206 1746 acutum
1246 1691 1416 1746 telum
1453 1692 1693 1767 potentis
1727 1701 1782 1748 et
1811 1693 1994 1765 magni
2029 1709 2116 1750 re-

527 1781 614 1848 gis
645 1779 760 1838 Dei.
798 1780 1213 1852 Quiprophetat
1235 1779 1450 1838 Nathan
1473 1783 1729 1853 apparuit
1757 1785 2114 1854 resplenden-

527 1885 640 1930 tem
673 1883 867 1930 tenens
919 1874 1188 1940 lanceam,
1229 1883 1286 1930 et
1320 1875 1372 1932 ei
1404 1875 1648 1930 animum
1691 1876 1902 1933 addidit
1927 1877 1996 1946 ad
2029 1893 2116 1932 ar-

529 1967 806 2040 guendum
841 1967 932 2023 Dei
963 1975 1243 2038 parentem
1286 1967 1478 2034 David,
1519 1978 1744 2040 propter
1774 1959 1986 2042 lapsum
2019 1971 2115 2041 qui

529 2058 855 2114 acciderat:
905 2067 960 2114 et
1013 2058 1125 2113 cito
1171 2065 1232 2112 ut
1273 2057 1543 2113 bonorum
1595 2056 1806 2112 amicus
1866 2058 2113 2126 recessit,

529 2137 775 2222 quando,
805 2171 832 2204 τ
856 2150 1088 2208 Peccavi
1111 2151 1352 2219 Domino
1369 2149 1440 2218 “,
1478 2168 1500 2206 ι
1533 2164 1600 2206 ex
1631 2148 1906 2221 profundo
1931 2150 2116 2208 cordis

523 2259 553 2298 ιι
585 2244 766 2301 .David
798 2260 922 2316 rege
949 2243 1142 2300 audiit.

601 2382 834 2438 Michael
863 2396 1056 2454 purum
1081 2389 1129 2435 et
1160 2394 1328 2451 capax
1360 2381 1764 2450 receptaculum
1790 2377 2118 2436 beatissima:

523 2481 670 2536 lucis
697 2479 1002 2542 cmisionis,
1035 2486 1085 2532 et
1116 2477 1312 2531 divinae
1342 2474 1786 2537 illuminationis,
1815 2481 1870 2530 et
1913 2474 2118 2530 acutis-

525 2575 706 2627 simus
733 2579 792 2624 et
815 2567 1231 2640 pernicissimus
1261 2565 1476 2636 gladius
1507 2565 1560 2620 in
1591 2579 1686 2621 eos
1724 2565 1821 2636 qui
1863 2564 2118 2635 blasphe-

527 2671 685 2721 mant
713 2662 1025 2717 Dominum.
1056 2660 1160 2727 Qui
1187 2669 1407 2713 centum
1437 2665 1493 2712 et
1524 2657 1922 2728 quinquaginta
1955 2656 2116 2728 quin-

527 2771 638 2827 que
669 2755 844 2810 millia
890 2751 1215 2809 exsecrandi
1263 2759 1320 2806 et
1366 2749 1518 2820 impii
1565 2749 1942 2806 Sennacherib
1971 2751 2117 2822 regis

527 2847 884 2920 Assyriorum
927 2845 983 2900 in
1023 2859 1134 2899 uno
1162 2851 1442 2898 momento
1473 2849 1638 2898 noctu
1679 2850 1855 2897 morte
1883 2842 2064 2899 an'ecit
2097 2861 2114 2899 τ

530 2949 585 2994 et
615 2939 684 2994 ab
709 2939 830 3009 ejus
857 2935 1137 3008 tyrannide
1163 2933 1416 2988 liberavit
1439 2933 1586 3002 pium
1611 2948 1792 3005 regem
1824 2933 2113 2988 Ezechiam

530 3046 657 3087 cum
691 3029 910 3086 civitate
935 3025 1239 3082 Jerusalem
1261 3025 1330 3080 ".
1365 3024 1615 3092 Michael,
1649 3025 1742 3095 qui
1781 3033 1866 3080 est
1896 3025 2115 3081 lucidus

530 3131 589 3179 et
623 3122 867 3179 candens
899 3119 1162 3192 Spiritus,
1197 3118 1508 3188 multosque
1555 3116 1766 3174 habens
1817 3118 2008 3176 oculos
2058 3127 2115 3175 et

529 3213 969 3284 potentissimus.
999 3219 1054 3266 et
1081 3209 1153 3267 ab
1181 3209 1332 3264 omni
1364 3209 1634 3265 materiali
1661 3210 2004 3281 apparitione
2034 3227 2120 3269 re-

516 3301 742 3373 motus,
771 3312 827 3359 et
861 3303 1064 3357 nullam
1100 3301 1328 3357 omnino
1356 3301 1653 3357 admittens
1683 3303 2116 3374 corruptionem;

531 3397 630 3468 qui
677 3411 786 3450 una
814 3409 940 3450 cum
970 3392 1166 3448 Azaria
1193 3400 1250 3448 et
1280 3391 1510 3463 reliquis
1545 3392 1846 3464 symbolice
1876 3393 2121 3451 ascendit

442 3484 448 3491 ”
534 3490 592 3544 in
639 3486 962 3543 fornacem:
992 3493 1049 3540 et
1082 3493 1195 3540 tres
1241 3484 1480 3540 maxime
1514 3485 1636 3555 pios
1665 3499 1872 3556 pueros
1917 3486 2118 3564 illaesos

533 3579 885 3638 conservavit
930 3587 1032 3634 :et
1081 3577 1266 3634 divina
1315 3577 1501 3648 specie
1545 3570 1876 3649 conspectus
1915 3595 1946 3634 a
1995 3594 2121 3652 rege

535 3673 1070 3737 Nabuchodonosor,
1092 3685 1214 3724 eum
1244 3683 1440 3740 magna
1464 3667 1642 3724 all‘ecit
1665 3670 2031 3728 admiratione
2051 3672 2118 3727 ⁸⁸.

536 3761 1224 3834 Michael,quiversa‘turin
1255 3760 1431 3825 cretis,
1455 3766 1511 3814 et
1524 3760 1780 3820 retinerem
1801 3761 1972 3818 ambit
2001 3773 2122 3818 tan.

536 3871 704 3928 quam
736 3849 1160 3924 pernial'ulgur;
1186 3859 1242 3906 et
1265 3849 1725 3920 universamqua
1745 3863 1831 3907 est
1852 3853 1955 3908 sub
1979 3854 2122 3910 cmlo

537 3961 742 4004 terram
780 3958 892 3999 uno
941 3951 1220 3997 momento
1269 3941 1534 4011 pervadit,
1588 3941 1820 4013 piosque
1853 3945 1948 4012 qui
1988 3941 2124 4000 aﬁli-

539 4049 744 4113 guntur
772 4037 940 4098 addit,
977 4040 1188 4088 recreat
1219 4041 1273 4086 et
1295 4031 1764 4102 consolatur;qui
1799 4033 2122 4106 prophetam

541 4131 818 4186 Daniclem
852 4129 906 4182 in
939 4126 1118 4181 lacum
1168 4139 1264 4195 per
1297 4123 1555 4194 injuriam
1605 4125 1914 4196 conjectum
1946 4127 2121 4182 celer-

540 4223 682 4276 rime
707 4216 1074 4284 conservavit,
1104 4224 1159 4270 et
1185 4223 1456 4270 Saevorum
1490 4201 1710 4270 leonum
1751 4231 1846 4271 ora
1879 4215 2124 4273 refrena-

539 4315 652 4374 vit;
695 4321 750 4367 et
798 4309 1074 4364 llabacum
1121 4308 1325 4378 rapuit,
1367 4315 1420 4362 et
1457 4307 1524 4363 ad
1555 4323 1681 4362 eum
1718 4323 1844 4363 cum
1877 4309 2000 4363 cibo
2026 4325 2125 4378 pa-

542 4419 664 4461 rato
685 4421 716 4459 a
743 4403 1033 4458 Palaestina
1067 4402 1293 4456 adduxit
1331 4397 1661 4471 Babylonem
1687 4411 1740 4456 et
1771 4417 1894 4456 eum
1932 4419 2124 4458 rursus

541 4508 766 4569 repente
798 4495 852 4550 in
885 4509 1046 4548 suum
1075 4493 1258 4548 locum
1287 4492 1525 4548 restituit
1554 4493 1620 4547 ⁸⁷.
1656 4492 1884 4548 Michael
1915 4495 2011 4565 qui
2042 4505 2126 4550 est

542 4605 778 4661 magnus
810 4587 1064 4658 princeps
1117 4585 1485 4656 angelicorum
1517 4586 1860 4640 exercituum
1892 4595 1946 4642 et
1975 4587 2122 4642 ordi-
2153 4607 2159 4610 ι

543 4697 672 4737 num
720 4678 1246 4751 archangelicorum,
1279 4677 1720 4749 beatissimteqne
1746 4687 1802 4733 et
1841 4679 2123 4735 immensae

541 4773 774 4844 legionis
822 4770 1302 4840 incorporearum;
1331 4778 1398 4824 -ει
1425 4769 1522 4840 qui
1571 4767 1676 4824 fuit
1710 4772 1910 4826 veteris
1957 4770 2124 4828 Israel

543 4874 722 4920 rector
751 4863 847 4918 illo
898 4871 1166 4932 tempore,
1208 4876 1400 4916 recens
1429 4871 1611 4919 autem
1645 4861 1802 4917 electi
1838 4877 1868 4916 a
1898 4861 2122 4920 Christo

541 4955 913 5030 cognominati
957 4953 1181 5009 lsrarlis
1221 4953 1331 5008 dux
1374 4953 1775 5022 validissimus,
1825 4964 1880 5010 et
1934 4965 2126 5014 custos

542 5051 874 5114 tutissimus,
901 5055 956 5101 et
985 5049 1178 5101 doctor
1209 5045 1301 5100 Dei
1335 5053 1757 5116 praeceptorum.
1791 5046 1892 5114 Qui
1927 5048 2126 5105 Persa-

543 5159 664 5198 rum
697 5140 982 5213 przesidem
1019 5140 1268 5208 angelum
1293 5141 1664 5206 resistentem,
1698 5157 1767 5196 ne
1794 5157 1824 5195 a
1856 5141 2128 5213 Babylone

545 5233 908 5289 liberarentur
936 5231 1135 5302 captivi
1174 5228 1453 5296 lsraelitze,
1496 5231 1694 5302 repulit
1713 5241 1985 5304 tanquam
2025 5235 2124 5288 ad-

545 5325 848 5378 versarium
883 5332 980 5378 :et
1015 5322 1262 5392 captivos
1297 5323 1394 5392 qui
1429 5321 1778 5393 septuaginta
1809 5340 1984 5380 annos
2027 5327 2128 5382 mi-

619 5432 882 5539 ':nJInIdic.
909 5434 1113 5539 gauli,
1151 5435 1322 5539 2}.”
1531 5434 1667 5539 Reg;
1713 5452 1834 5539 1ιιι,
1867 5439 1951 5494 15.

546 5505 610 5561 51
636 5519 800 5576 seqq.
909 5505 955 5537 ⁵⁸
993 5503 1126 5558 Dan.
1153 5521 1218 5568 π,
1259 5506 1330 5576 15.
1355 5519 1509 5576 seqq.
1618 5503 1667 5540 ³⁸
1704 5505 1865 5562 Joan.
1904 5525 1954 5572 ν.
1991 5509 2046 5564 4.

548 5577 594 5608 ⁶¹
631 5573 820 5628 Matth.
855 5589 1002 5640 χχιιι,
1041 5577 1076 5628 ὃ
1102 5591 1278 5645 seqq.;
1315 5573 1487 5630 ΙΕοἧ
1529 5593 1618 5644 xv,
1660 5577 1747 5634 Si.

623 5670 697 5742 (2)
732 5667 1005 5742 Miracula
1038 5669 1111 5742 in
1143 5670 1406 5742 archippo
1453 5672 1640 5741 templi
1667 5671 1912 5726 Cerifero
1955 5673 2122 5740 facta,

551 5739 675 5814 cum
701 5740 925 5814 reliquis
948 5741 1064 5814 ‘l_tic_
1101 5739 1748 5814 insinuatis,__seu1qu-.e
1794 5743 1988 5814 angelo
2021 5739 2122 5796 tri-4

548 5809 895 5880 buunturin
945 5809 1255 5880 Scriptura,
1300 5809 1548 5880 pluribus
1587 5809 1730 5866 idem
1793 5809 2116 5877 Pantaleon,

551 5889 607 5936 et
635 5876 1026 5953 Metapbrastes
1041 5876 1108 5936 di:
1125 5876 1404 5936 miraculis
1434 5880 1492 5934 in
1530 5882 1748 5952 regione
1791 5876 2116 5939 Choncttsia

2117 5441 2164 5474 ⁸⁸
2199 5441 2272 5513 Ινῄ
2303 5441 2436 5513 Reg.
2477 5457 2594 5513 xix,
2617 5441 2708 5498 55.

2177 5513 2223 5544 °°
2251 5511 2368 5568 Jac.
2389 5510 2448 5579 ’1,
2479 5510 2572 5566 l7.

1833 5588 1880 5622 “
1916 5587 1936 5642 l
1969 5586 2100 5643 Cor.
2126 5603 2176 5656 ν,
2203 5587 2292 5649 10.

2220 588 2441 650 propter
2471 581 2757 636 assiduam
2793 597 2921 637 cum
2954 582 3264 638 vehementi
3289 583 3496 654 jejunio
3541 597 3592 644 et
3614 593 3784 652 multis

2219 671 2483 744 lacrymis
2513 672 2688 729 divini
2721 672 2968 730 Danielis
2992 675 3276 745 prophetae
3297 691 3406 746 pro
3435 662 3514 734 eis
3539 681 3602 735 ad
3627 681 3784 742 Deum

2217 765 2594 836 precationem
2620 765 2688 820 ⁵⁸.
2731 764 2990 831 Michael,
3013 766 3108 836 qui
3133 775 3223 822 est
3245 781 3277 822 a
3322 765 3434 824 Deo
3470 773 3786 833 constitutus

2217 871 2470 936 assessor
2532 856 2780 928 mysticae
2812 855 3120 922 Trinitatis,
3161 859 3787 928 mystaqueilluminator

2216 953 2272 1000 et
2319 947 2566 1002 initiator
2616 961 2870 1017 supernae
2926 946 3276 1013 hierarchiaa,
3323 957 3378 1002 et
3427 947 3628 1006 Veteris
3656 957 3786 1022 quod

2217 1037 2487 1107 prasteriit
2509 1035 2869 1101 Testamenti,
2897 1046 2954 1093 et
2973 1034 3143 1093 Novae
3163 1045 3366 1094 nostra
3393 1039 3578 1096 electa:
3599 1041 3786 1100 Christi

2219 1129 2578 1186 hereditatis.
2637 1127 2746 1196 Qui
2811 1130 3112 1200 probatione
3175 1130 3400 1200 piscinae
3448 1143 3584 1202 quot
3637 1137 3782 1192 annis

2219 1235 2393 1292 aquas
2423 1219 2807 1289 sanctiﬁcabat
2840 1222 2896 1276 in
2928 1219 3161 1292 ﬁguram
3196 1221 3364 1276 divini
3399 1221 3732 1292 baptismatis
3765 1241 3779 1283 :

2218 1319 2274 1367 et
2304 1313 2353 1366 ei
2389 1311 2484 1382 qui
2519 1299 2818 1382 primus'in
2849 1326 2970 1367 eam
3022 1311 3410 1379 descendebat,
3449 1315 3633 1370 statim
3663 1332 3783 1386 pra-

2217 1402 2380 1458 bebat
2411 1403 2778 1468 curationem,
2833 1418 3170 1474 quocunque
3207 1403 3404 1459 morbo
3429 1413 3701 1461 teneretur
3722 1409 3780 1464 ".

2217 1492 2448 1551 Michael
2475 1494 2572 1564 qui
2604 1504 2690 1549 est
2720 1494 3034 1564 speciosum
3062 1501 3119 1549 et
3163 1493 3408 1550 maxime
3431 1495 3710 1568 decorum,
3739 1509 3785 1554 et

2219 1589 2366 1658 quod
2394 1602 2503 1642 non
2534 1587 2736 1643 occidit
2757 1587 3030 1643 luminare
3053 1587 3224 1643 totius
3251 1587 3403 1643 orbis
3425 1596 3582 1644 terrae
3605 1590 3692 1660 qui
3715 1599 3784 1646 est

2219 1679 2324 1736 sub
2351 1679 2514 1736 ctelo.
2549 1679 2707 1752 lguea
2743 1689 2798 1736 et
2827 1695 2993 1734 manu
3051 1694 3161 1734 non
3196 1681 3516 1736 c'onstructa
3551 1681 3783 1739 columna

2220 1783 2423 1829 sanctae
2440 1779 2496 1827 et
2518 1772 2834 1841 apostolicae
2863 1771 3123 1826 Ecclesia:
3155 1789 3170 1827 :
3203 1771 3324 1825 auri
3346 1772 3584 1842 speciem
3607 1787 3710 1842 prae
3733 1788 3783 1829 se

2218 1863 2460 1919 ferentes
2481 1867 2537 1918 et
2559 1862 2628 1917 ad
2649 1862 2850 1918 etclam
2881 1877 3059 1933 usque
3085 1863 3470 1934 magnitudine
3497 1865 3784 1935 pertingen-

2218 1965 2302 2012 tes
2337 1954 2524 2022 scalae,
2560 1969 2656 2025 per
2685 1970 2822 2025 quas
2849 1954 3151 2034 descendit.
3165 1955 3349 2011 omnis
3381 1955 3531 2010 datio
3557 1956 3709 2022 bona,
3737 1965 3782 2012 et

2219 2063 2386 2105 omne
2411 2047 2618 2104 donum
2643 2047 2947 2118 perfectum
2978 2047 3046 2115 “,
3077 2047 3209 2117 quid
3237 2046 3477 2102 mittitur
3504 2062 3536 2102 a
3565 2048 3781 2104 beneﬁca

2216 2147 2276 2196 et
2321 2137 2594 2194 bonorum
2635 2136 2912 2208 largitriee
2961 2145 3182 2203 natura,
3233 2136 3312 2195 ad
3355 2135 3505 2192 viros
3535 2136 3697 2192 bonos
3737 2146 3781 2192 et

2217 2227 2434 2284 honesti
2461 2235 2736 2284 amatores
2761 2226 2815 2282 in
2845 2234 2987 2294 terra
3012 2265 3027 2291 ,
3055 2225 3152 2298 qui
3179 2225 3236 2282 in
3265 2225 3522 2282 columna
3548 2227 3681 2299 ignis
3697 2241 3779 2298 ap-

2217 2321 2403 2392 paruit
2447 2321 2804 2378 sanctissimo
2836 2321 3122 2392 archippo,
3181 2323 3238 2377 et
3289 2319 3608 2378 ﬁdelissimo
3639 2321 3776 2376 mini-

2220 2423 2339 2470 stro
2401 2413 2566 2481 hujus
2635 2413 3029 2484 archangelica:
3091 2418 3148 2468 et
3205 2415 3534 2470 veneranda:
3585 2414 3771 2480 domus,

2218 2505 2442 2578 quando
2466 2507 2770 2562 sceleratus
2826 2505 3062 2574 populus
3098 2503 3410 2559 conabatur
3451 2504 3628 2575 ipsum
3669 2520 3772 2558 san-

2219 2606 2372 2653 ctum
2415 2611 2540 2653 cum
2584 2595 2789 2666 templo
2835 2595 3073 2650 obruere
3126 2593 3286 2664 aquis
3332 2591 3693 2656 ﬂuviatilibus,
3731 2601 3777 2649 et

2217 2688 2406 2745 divina
2438 2697 2492 2744 et
2521 2685 2900 2758 archangeliea
2935 2687 3158 2750 virtute,
3205 2699 3384 2756 aquas
3415 2701 3536 2754 quae
3567 2685 3777 2740 insolen-

2219 2787 2302 2834 ter
2333 2780 2717 2845 movebantur,
2751 2792 2848 2849 per
2878 2778 3088 2848 virgam
3119 2763 3230 2834 cito
3263 2777 3320 2832 in
3355 2785 3514 2848 petra
3544 2775 3779 2832 eﬂ‘uditct

2220 2870 2530 2928 transmisit
2558 2870 2658 2942 (2).
3220 2933 3226 2939 _

2289 2960 2545 3028 Michael,
2567 2961 2661 3032 q'ui
2694 2968 2959 3031 perpeth
2984 2959 3400 3030 aspicitjl'aciem
3417 2960 3606 3016 Patris
3630 2957 3778 3014 nostri

2221 3053 2316 3124 qui
2342 3054 2501 3108 estin
2538 3053 2721 3116 cmlis,
2737 3064 2788 3106 et
2811 3053 3047 3117 laetatur,
3075 3051 3186 3126 imo
3206 3068 3338 3108 vero
3359 3051 3650 3108 colla-tatur
3673 3065 3778 3104 cum

2223 3144 2457 3200 Domino
2505 3145 2888 3199 universorum
2939 3151 3162 3214 propter
3199 3143 3572 3198 inventionem
3613 3155 3778 3196 eorum

2223 3236 2318 3308 qui
2371 3235 2698 3307 perierant:
2733 3243 2790 3290 et
2837 3247 3066 3306 propter
3110 3249 3278 3288 unum
3336 3231 3668 3304 peccator-em
3700 3229 3778 3302 qui

2221 3326 2443 3382 ducitur
2470 3324 2814 3397 paenitentia,
2849 3325 2994 3379 diem
3025 3323 3224 3380 festum
3250 3325 3364 3396 agit
3397 3335 3519 3380 cum
3550 3323 3776 3379 omnibus

2221 3415 2548 3472 coelestibus
2581 3413 2943 3482 potesmtibus
2975 3413 3043 3469 "-.
3071 3411 3176 3478 Qui
3213 3414 3346 3468 tuba
3375 3414 3468 3468 illa
3501 3413 3710 3480 terribili
3734 3420 3776 3465 et

2225 3507 2439 3578 ingenti
2472 3520 2604 3562 voce
2635 3507 2852 3562 canenti
2883 3515 2967 3562 est
3007 3507 3294 3561 ranilurus
3323 3523 3338 3561 :
3370 3515 3425 3560 et
3460 3505 3776 3561 fundamenta

2222 3611 2402 3668 terrae,
2430 3607 2486 3656 et
2518 3595 2640 3670 qua:
2669 3608 2797 3654 sunt
2825 3599 2929 3655 sub
2959 3610 3124 3666 terra,
3167 3607 3253 3654 est
3289 3609 3561 3663 moturus,
3589 3596 3777 3670 quando

2221 3694 2409 3749 veniet
2444 3693 2568 3748 linis
2601 3692 3125 3758 consummationis;
3167 3701 3222 3747 et
3275 3707 3504 3763 surgere
3550 3691 3696 3746 facet
3734 3696 3774 3742 et

2216 3781 2579 3854 congregabit
2625 3789 2874 3836 mortuos
2905 3795 3096 3837 omnes
3123 3781 3217 3851 qui
3257 3791 3391 3838 sunt
3435 3799 3467 3838 a
3501 3782 3705 3845 saeculo,
3731 3779 3772 3833 in

2224 3875 2335 3930 ictu
2367 3873 2534 3942 oculi,
2560 3872 2626 3928 ad
2652 3872 2923 3944 judicium
2949 3872 3222 3941 generale,
3254 3882 3311 3928 et
3338 3875 3406 3928 ad
3437 3873 3772 3943 accipiendam

2222 3967 2349 4020 vitae
2368 3963 2869 4020 remunerationem
2901 3963 2969 4027 θ’,
2997 3969 3058 4017 ιιι
3081 3959 3220 4017 ferat
3241 3962 3404 4034 231
3431 3962 3774 4032 unusquisque

2223 4073 2287 4114 ea
2313 4072 2437 4128 qute
2457 4055 2582 4111 fecit
2603 4070 2700 4126 per
2723 4069 2947 4124 corpus,
2972 4053 3090 4110 sive
3113 4054 3343 4120 bonum,
3368 4059 3482 4111 sive
3513 4056 3697 4110 malum
3719 4053 3770 4106 ”.

2299 4147 2434 4202 Cum
2470 4147 2620 4200 hunc
2667 4159 2798 4218 ergo
2830 4145 3244 4217 suscipiendum
3281 4155 3338 4201 et
3377 4147 3666 4202 maximum
3697 4159 3774 4214 pa-

2226 4246 2449 4302 tronum
2484 4246 2874 4307 potentemque
2915 4236 3286 4303 defensorem,
3335 4236 3508 4292 libere
3549 4245 3599 4291 et
3633 4233 3773 4290 conli-

2227 4331 2417 4386 denter
2446 4330 2758 4398 loquentem
2802 4329 3222 4386 intercessorem
3275 4329 3420 4398 apud
3453 4329 3684 4383 omnium
3706 4339 3774 4378 reo

2227 4433 2348 4490 gem
2385 4417 2576 4482 Deum,
2624 4417 2869 4473 divinum
2904 4418 3111 4474 militiae
3154 4419 3458 4488 principem
3511 4417 3771 4472 habeamus

2225 4503 2570 4571 Michaelem,
2606 4519 2640 4559 ο
2669 4505 2823 4560 chari
2857 4503 3070 4572 Patres,
3128 4505 3351 4576 fratres,
3383 4517 3438 4564 et
3481 4521 3512 4562 a
3546 4505 3650 4562 Deo
3677 4503 3770 4559 col-

2203 4597 2366 4658 lecte
2385 4605 2583 4662 cmtus,
2615 4597 2702 4668 pie
2727 4597 2906 4668 ipsum
2935 4613 3150 4669 semper
3177 4614 3378 4655 omnes
3407 4609 3468 4654 ut
3495 4612 3668 4653 revera
3691 4609 3771 4664 pu-

2226 4689 2533 4754 rissimum,
2595 4689 2651 4744 in
2701 4689 2921 4746 mundis
2963 4690 3223 4746 cordibus
3267 4705 3484 4761 semper
3522 4685 3772 4768 magniﬁce

2224 4781 2580 4846 extollamus,
2611 4781 2904 4850 verbisque
2938 4780 3139 4838 laetitia:
3168 4791 3226 4836 et
3267 4781 3546 4852 spiritalis
3572 4776 3772 4834 exsulta-

2228 4873 2416 4936 tionis,
2455 4881 2516 4926 ut
2560 4875 2712 4927 decet
2757 4873 3166 4944 archangelum,
3200 4872 3516 4928 honoriﬁcis
3539 4869 3702 4926 verbis
3729 4872 3772 4918 et

2231 4963 2486 5018 laudibus
2523 4949 2684 5019 hodie
2721 4979 3120 5034 prosequamur
3154 4979 3490 5034 :amoreque
3511 4971 3564 5018 et
3591 4957 3772 5016 deside-

2234 5058 2320 5112 rio
2352 5059 2401 5114 ei
2431 5058 2752 5126 oﬁ‘eramus,
2787 5071 2844 5114 et
2875 5075 3220 5125 veneremur,
3253 5061 3350 5130 qui
3397 5063 3642 5114 ardenter
3666 5067 3773 5109 con-

2235 5149 2513 5204 currimus
2557 5150 2622 5204 ad
2673 5165 2892 5204 sacrum
2941 5150 3062 5220 ejus
3095 5150 3294 5206 l‘estum
3343 5150 3399 5206 in
3441 5144 3772 5206 venerandum

2233 5239 2357 5310 ejus
2393 5241 2678 5311 templum,
2703 5241 2850 5312 quod
2877 5250 2964 5296 est
2990 5241 3062 5312 pii
3091 5241 3352 5310 nominis,
3381 5250 3442 5297 ut
3465 5241 3655 5296 aﬂ‘atim
3683 5232 3777 5290 cole

2235 5328 2470 5399 ligamus
2515 5345 2785 5401 perennes
2834 5331 2955 5403 ejus
2988 5339 3043 5386 et
3075 5331 3346 5388 salutares
3374 5331 3574 5402 gratias
3599 5335 3650 5383 et
3695 5324 3775 5379 de-

2820 5443 2868 5476 "
2899 5441 3038 5498 Dan.
3081 5459 3162 5509 ιιι,
3201 5441 3292 5498 49.
3415 5443 3460 5475 ’τ
3491 5439 3620 5496 Dan.
3681 5449 3771 5509 xm

2709 5511 2754 5544 “
2823 5512 3013 5568 Matth.
3081 5508 3234 5582 xvtn,
3292 5512 3394 5572 £0;
3424 5511 3553 5566 Luc.
3585 5523 3665 5572 xv,
3699 5508 3773 5564 52.

2231 5672 2495 5746 Micltaele
2527 5675 2706 5739 factis,
2734 5689 2858 5744 quae
2885 5681 3015 5730 sunt
3039 5677 3220 5746 pervia
3257 5673 3400 5744 apud
3413 5672 3769 5746 Lipomanutn.

2233 5753 2292 5798 ut
2316 5753 2370 5797 et
2393 5743 2584 5800 Greece
2611 5746 2665 5800 in
2692 5743 2849 5802 libris
2882 5743 3054 5800 manu
3077 5743 3338 5811 exaratis,
3371 5760 3434 5798 ex
3461 5743 3649 5810 qngbus
3675 5743 3774 5805 ejus

2227 5813 2417 5867 Latina
2443 5815 2622 5869 lucem
2647 5817 2960 5883 accept-riu
2979 5855 2995 5878 ,
3031 5825 3251 5870 notatur
3267 5813 3512 5868 miraculi
3537 5817 3767 5883 aquarum

2225 5895 2436 5954 tempus
2462 5887 2748 5956 imperium
2780 5886 3060 5942 Michaelis
3093 5897 3146 5944 et
3168 5884 3502 5950 τωθάσω.
