3930 6390
297 360 415 424 1273

302 511 2125 542 M-

1327 369 1653 459 ISAGOGE
1691 371 1773 433 IN
1815 373 1919 433 ss.
1956 341 2444 440 SCRIPTURAS.

3366 380 3498 445 1274

3056 534 3461 551 -α

1509 674 2061 791 ΑΔΡΙΑΝ
2074 675 2270 792 ΟΥ

940 896 1489 990 ΕΙΣΑΓΩΓΗ
1526 901 1700 989 ΕΙΣ
1737 896 1944 989 ΤΑΣ
1992 903 2323 994 ΘΕΙΑΣ
2371 878 2908 995 macrum.

1563 1248 2230 1380 ADRIANI
2529 1386 2531 1389 ,

859 1454 1383 1594 ιδΑροςΕ
1424 1500 1627 1590 AD
1664 1504 1844 1625 ΒΑ(

1957 1505 2083 1592 AS
2151 1507 2917 1601 SCRIP'I‘URAS.
3008 1634 3011 1637 Ἴ

1161 1694 1354 1751 10mm.
1388 1695 1745 1765 Psansomus,
1775 1695 1962 1752 Critic.
1996 1690 2149 1755 Sacr.
2192 1708 2233 1755 t.
2263 1697 2400 1770 Vlll,
2429 1716 2486 1773 p.
2513 1701 2601 1758 ll.

332 1959 438 2014 Τοῦ
479 1958 776 2031 Ἐὕραῖκοῦ
802 1959 1152 2031 χαρακτῆρος
1194 1960 1502 2029 ἰδιωμάτων
1537 1961 1687 2014 ἔστὶν
1722 1962 1840 2032 εῐδη

2012 1959 2239 2029 Linguae
2271 1956 2553 2013 Hebraica:
2593 1957 2920 2014 idiomatum
2955 1968 3086 2014 sunt
3112 1969 3226 2015 tres
3251 1961 3463 2030 species
3492 1976 3508 2015 ;

268 2050 411 2122 τρία*
467 2044 549 2104 ὧν
598 2048 662 2102 τὸ
713 2049 813 2118 μὲν
862 2050 954 2103 επὶ
1006 2049 1109 2119 τῆς
1159 2050 1396 2114 διανοίας
1444 2050 1595 2122 εὕροι
1627 2069 1712 2113 τις
1748 2052 1836 2118 ἂν,

268 2143 324 2195 τδ
348 2142 402 2195 δι
430 2142 529 2195 ἐπὶ
568 2141 661 2211 τῆς
690 2139 909 2206 λέξεως,
931 2141 993 2194 τὸ
1014 2141 1072 2194 δὲ
1095 2142 1189 2194 ἐπὶ
1214 2142 1314 2210 τῆς
1345 2130 1668 2207 συνθέσέως.

596 2232 768 2300 Ἀρχὴ
809 2230 928 2286 τῶν
968 2233 1066 2285 ἐπὶ
1096 2230 1208 2300 τῆς
1232 2232 1523 2299 διανοίας.

330 2322 402 2377 Τὸ
435 2323 540 2393 μὲν
564 2318 657 2375 οὖν
685 2322 778 2375 ἐπὶ
802 2322 902 2393 τῆς
930 2321 1165 2385 διανοίας
1192 2323 1332 2386 ἐστὶ,
1360 2323 1422 2376 τδ
1447 2324 1555 2377 ἀπὸ
1575 2324 1684 2379 τῶν
1709 2327 1841 2396 ἡμῖν

209 2481 212 2484 ,
269 2415 577 2484 προσόντων
599 2413 692 2467 τοῦ
720 2412 856 2466 Θεοῦ
882 2415 1240 2484 σχηματίζειν
1262 2415 1361 2480 τὰς
1389 2417 1692 2486 ἐνεργείας,
1723 2419 1842 2489 ἦτοι

268 2501 356 2554 ἐπὶ
381 2499 558 2570 καλῷ,
676 2501 768 2553 ἐπὶ
800 2501 957 2571 κακῷ
1000 2502 1294 2571 γινομένας
1320 2519 1334 2535 ο
1369 2506 1512 2575 φημὶ
1548 2505 1635 2574 δὴ,
1671 2507 1705 2577 ἢ
1735 2507 1843 2562 ἀπὸ

271 2591 463 2663 μελῶν,
502 2592 539 2663 ἢ
569 2593 678 2646 ἀπὸ
707 2591 1038 2663 αἰσθήσεων,
1066 2592 1098 2662 ἢ
1132 2594 1546 2669 ἀπὸγκινήσεων
1595 2597 1844 2667 ψυχικῶν

270 2683 335 2754 [ἢ
381 2684 494 2737 ἀπὸ
556 2684 1220 2754 κινήσεων-σωματικῶν,
1262 2686 1294 2756 ἢ
1326 2686 1433 2741 ἀπὸ
1467 2687 1655 2741 παθῶν
1686 2687 1845 2759 ψυχι-

270 2773 418 2848 κῶν],
447 2775 484 2847 ἢ
517 2774 625 2829 ἀπὸ
650 2775 839 2829 παθῶν
874 2776 1221 2847 σωματικῶν,
1251 2778 1283 2849 ἢ
1316 2780 1422 2832 ἀπὸ
1442 2779 1754 2847 διαθέσεων,
1785 2780 1842 2853 [ἢ

268 2869 368 2922 ἀπὸ
397 2868 600 2923 κοινῶν
626 2866 815 2932 δοξῶν,
844 2867 876 2938 ἢ
908 2867 1017 2921 ἀπὸ
1038 2868 1415 2942 ἁξιωμάτων,]
1445 2871 1478 2942 ἢ
1513 2871 1622 2925 ἀπὸ
1652 2875 1845 2944 ἐπιτη-

266 2957 573 3027 δευμάτων,
616 2957 650 3029 ἢ
702 2956 811 3010 ἀπὸ
865 2957 1068 3024 τόπων,
1110 2959 1144 3029 ἢ
1184 2958 1294 3012 ἀπὸ
1322 2961 1648 3031 στολισμῶν,
1675 2962 1709 3034 ἢ
1738 2963 1847 3018 ἀπὸ

268 3047 492 3120 team
521 3048 630 3103 ἀπὸ
653 3048 969 3120 σχημάτων,
1001 3048 1034 3120 ἢ
1063 3049 1173 3105 ἀπὸ
1202 3049 1324 3104 ὅλου
1356 3049 1451 3104 τοῦ
1487 3051 1650 3117 ζώου.

332 3227 402 3281 α’.
433 3227 633 3290 Ὅπως
655 3226 763 3281 ἀπὸ
785 3225 965 3295 μελῶν
982 3243 994 3256 ·
1027 3227 1134 3280 ἀπὸ
1155 3228 1255 3297 μὲν
1285 3228 1485 3299 μελῶν,
1509 3231 1586 3294 ὡς
1610 3231 1672 3285 τό
1694 3247 1707 3261 ο
1735 3233 1847 3286 .Τά

1938 2066 2172 2121 quarum
2223 2064 2385 2103 unam
2420 2064 2448 2103 a
2485 2049 2921 2120 cogitationibus
2966 2050 3234 2117 invenies,
3269 2051 3428 2105 aliam
3477 2066 3510 2105 ι

1940 2142 2102 2212 stylo,
2144 2141 2317 2195 aliam
2345 2155 2375 2194 a
2407 2141 2829 2209 compositione.
3135 2186 3143 2193 .

2120 2230 2454 2299 Principium
2482 2230 2797 2284 idiomatum
2830 2247 2862 2284 a
2894 2230 3330 2301 cogitationibus.

2010 2320 2169 2387 Quod
2202 2332 2336 2390 ergo
2367 2337 2398 2373 a
2439 2318 2869 2388 cogitationibus
2897 2329 3005 2382 est,
3043 2322 3148 2373 hoc
3178 2318 3248 2372 ab
3276 2318 3362 2373 bis
3392 2333 3516 2387 quae

1942 2421 2129 2466 nostra
2177 2419 2308 2465 sunt
2356 2409 2452 2464 Dei
2498 2408 2757 2480 eilingere
2798 2409 3194 2478 operationes,
3253 2419 3367 2463 tum
3416 2425 3515 2479 pro

1942 2500 2112 2567 bono,
2144 2507 2257 2554 tum
2287 2514 2388 2568 pro
2424 2499 2573 2553 malo
2598 2498 2825 2553 eﬂectus
2853 2517 2869 2553 :
2900 2496 3025 2553 dico
3052 2508 3148 2551 aut
3178 2512 3208 2551 a
3233 2497 3514 2561 membris,

1944 2601 2038 2647 aut
2075 2607 2107 2647 a
2137 2592 2414 2658 sensibus,
2448 2600 2546 2645 aut
2576 2607 2606 2646 a
2636 2591 2877 2646 motibus
2905 2588 3312 2658 spiritualibus,
3363 2597 3459 2642 aut
3486 2603 3518 2642 a

1944 2685 2186 2740 motibus
2215 2683 2621 2754 corporalibus,
2649 2692 2743 2738 aut
2772 2697 2803 2737 a
2832 2681 3185 2752 passionibus
3216 2680 3520 2751 spirituali-

1944 2776 2070 2842 bus,
2118 2784 2266 2830 auta
2302 2775 2655 2845 passionibus
2700 2772 3097 2843 corporalibus,
3156 2780 3251 2825 aut
3278 2771 3521 2839 adis‘po-

1946 2863 2265 2930 sitionibus,
2319 2873 2416 2918 aut
2448 2878 2478 2916 a
2512 2861 2900 2918 communibus
2933 2858 3203 2924 dicteriis,
3236 2868 3331 2913 aut
3372 2874 3404 2913 a
3431 2859 3522 2914 di-

1946 2954 2270 3027 gnitatibus,
2305 2962 2401 3008 aut
2433 2954 2502 3009 ab
2537 2952 2734 3024 agendi
2775 2952 3106 3017 rationibus,
3154 2960 3250 3004 aut
3291 2964 3322 3003 a
3359 2949 3519 3014 locis,

1940 3055 2043 3099 'aut
2070 3045 2138 3100 ab
2164 3043 2521 3110 indumentis,
2555 3052 2649 3099 aut
2681 3058 2712 3098 a
2737 3043 3013 3107 moribus,
3048 3050 3142 3096 aut
3169 3054 3200 3094 a
3225 3036 3387 3104 facie,
3425 3049 3523 3095 aut

1948 3150 1979 3189 a
2011 3143 2126 3189 toto
2152 3134 2400 3188 animali.

2020 3228 2072 3281 1.
2111 3226 2407 3292 Quomodo
2438 3241 2467 3279 a
2522 3219 2781 3281 membris
2809 3242 2825 3279 :
2855 3240 2888 3280 a
2933 3226 3212 3293 membris,
3264 3225 3517 3282 scilicet:

269 3317 516 3391 βλέφαρα
538 3317 704 3372 αὐτοῦ
738 3317 982 3384 ἐξετάζει
1010 3319 1136 3381 τοὺς
1167 3297 1316 3382 υἱοὺς
1339 3319 1449 3373 τῶν
1473 3321 1795 3394 ἀνθρώπων*
1819 3343 1838 3376 θ

1952 3336 1972 3369 ι
2005 3315 2286 3387 Palpebrae
2312 3318 2434 3388 ejus
2474 3317 2811 3395 interrogant
2842 3317 2990 3373 ﬁlios
3030 3319 3357 3385 hominum;
3390 3335 3409 3370 ι
3442 3326 3520 3380 et,

266 3411 355 3464 καὶ
397 3410 485 3474 τὸ,
549 3428 568 3461 ι
617 3407 917 3479 Ὀφϐαλμοὶ
961 3408 1170 3480 Κυρίου
1207 3406 1299 3463 ἐπὶ
1335 3409 1615 3477 δικαίουςο
1654 3432 1672 3464 ι
1726 3416 1842 3477 καὶ,

271 3518 290 3552 ι
313 3501 499 3570 Στόμα
538 3499 746 3571 Κυρίου
777 3498 1008 3568 ἔλὰλησε
1035 3499 1237 3555 ταῦτα’
1277 3519 1296 3553 ι
1335 3502 1430 3554 καὶ
1469 3501 1549 3566 τὸ,
1577 3521 1596 3553 ι
1619 3503 1846 3571 ’Δγαθός

269 3602 353 3655 μοι
379 3588 409 3640 ό
436 3586 609 3656 νόμος
635 3583 730 3638 τοῦ
758 3584 1026 3653 στόματός
1051 3603 1168 3639 σοιν
1202 3606 1221 3639 ι
1256 3588 1352 3642 καὶ
1381 3589 1462 3657 τὸ,
1495 3585 1602 3644 «'H
1630 3591 1738 3662 μὴν
1762 3591 1847 3656 ἐξ-

264 3674 548 3729 ελεύσεται
594 3674 660 3726 ὲκ
706 3672 801 3727 τοῦ
832 3675 1102 3744 στόματός
1134 3693 1235 3746 μου
1271 3676 1590 3750 δικαιοσύνη
1613 3696 1626 3711 ο
1668 3700 1688 3734 ι
1727 3683 1844 3748 καὶ,

269 3783 288 3816 ι
329 3766 636 3836 Πρόσωπον
691 3762 900 3834 Κυρίου
955 3765 1049 3817 ἐπὶ
1092 3765 1383 3829 ποιοῦντας
1433 3769 1580 3823 κακά
1603 3785 1616 3799 ·
1659 3788 1677 3821 ι
1728 3771 1844 3837 καὶ,

269 3873 287 3907 ι
319 3855 572 3924 Ἔπαρον
599 3852 701 3917 τὰς
727 3853 917 3923 χεῖράς
947 3870 1040 3908 σου
1073 3855 1167 3909 ἐπὶ
1196 3857 1297 3922 τὰς
1329 3858 1714 3930 ὑπερηφανίας
1746 3862 1847 3915 αύ-

262 3945 389 4000 τῶν.
423 3963 444 3998 ι
488 3944 600 4014 Τὴν
641 3943 846 4011 δεξιὰν,
882 3945 977 3998 ἐπὶ
1016 3946 1128 4000 τῶν
1183 3950 1508 4019 κρειττόνων
1552 3946 1693 4004 οἶδεν
1732 3952 1849 4005 ὀνο-

268 4037 487 4108 μάζειν,
519 4037 596 4100 ὡς
639 4037 1016 4110 τιμιωτέραν⁶
1065 4034 1179 4093 οἷον
1225 4041 1309 4104 τὸ,
1373 4060 1392 4093 ι
1434 4041 1593 4109 Δεξιὰ
1642 4043 1847 4114 Κυρίου

264 4129 488 4200 ἐποίησε
534 4127 802 4197 δύναμιν·
843 4145 862 4181 ι
916 4130 1011 4182 καὶ
1052 4130 1135 4194 τὸ,
1188 4151 1207 4184 ι
1248 4133 1725 4205 Προσκυνήσωμεν
1766 4136 1847 4198 είς

1952 3427 1971 3461 ι
2000 3406 2158 3464 Oculi
2200 3409 2421 3463 Domini
2466 3410 2633 3478 super
2653 3409 2870 3478 justos;
2902 3427 2922 3461 ι
2955 3418 3034 3475 et,
3075 3428 3095 3462 ι
3126 3410 3339 3464 Bonum
3387 3406 3524 3462 mihi

1946 3500 2032 3554 lex
2067 3500 2182 3555 oris
2218 3500 2334 3565 tui;
2373 3520 2393 3553 ι
2424 3500 2500 3565 et,
2538 3518 2559 3552 ‹
2610 3499 2937 3570 Egredietur
2973 3500 3042 3556 de
3090 3516 3185 3556 ore
3215 3515 3339 3573 meo
3358 3500 3525 3568 justi-

1948 3591 2051 3657 tia;
2085 3609 2104 3643 ι
2137 3600 2211 3656 et,
2260 3607 2281 3642 ι
2312 3590 2510 3646 Vultus
2540 3590 2760 3645 Domini
2792 3605 2958 3660 super
2986 3589 3256 3647 facientes
3286 3591 3469 3655 mala;
3498 3608 3518 3640 ι

1945 3690 2022 3746 et,
2065 3699 2083 3733 ι
2117 3681 2260 3737 Leva
2303 3697 2502 3738 manus
2534 3691 2658 3739 tuas
2687 3683 2743 3737 in
2780 3683 3069 3755 superbias
3102 3696 3317 3737 eorum.
3349 3700 3369 3735 ι
3405 3679 3526 3735 Ma-

1949 3788 2080 3829 num
2107 3774 2355 3829 dextram
2386 3775 2456 3830 de
2485 3774 2810 3830 melioribus
2832 3789 3032 3830 vocare
3060 3773 3233 3840 novit,
3264 3783 3525 3843 tanquam

1948 3865 2444 3931 honorabiliorem,
2496 3866 2709 3921 scilicet
2743 3885 2758 3922 :
2791 3884 2812 3917 ‹
2846 3865 3078 3920 Dextera
3134 3863 3351 3919 Domini
3397 3864 3529 3919 fecit

1947 3957 2238 4023 virtutem;
2267 3975 2286 4009 ι
2308 3966 2384 4020 et,
2422 3976 2441 4010 ι
2470 3957 2838 4012 Adorabimus
2882 3958 2937 4011 in
2974 3957 3098 4011 loco
3136 3956 3227 4011 ubi
3259 3961 3528 4010 steterunt

1947 4042 2112 4112 pedes
2141 4044 2295 4114 ejus;
2327 4062 2347 4096 ι
2381 4059 2729 4116 quaecunque
2759 4045 2848 4100 bis
2879 4044 3260 4101 assimilantur
3286 4061 3300 4097 :
3326 4043 3527 4098 horum

1949 4135 2055 4190 alia
2091 4136 2159 4191 de
2189 4137 2390 4202 salute,
2430 4136 2539 4192 alia
2564 4137 2633 4192 de
2661 4152 2819 4208 paena
2868 4124 3219 4192 emittuntur.
3254 4133 3432 4205 (Psal.
3471 4150 3526 4201 κ,

262 4220 353 4274 τὸν
380 4221 548 4275 τόπον
576 4214 638 4275 οὗ
662 4218 897 4291 ἔστησαν
923 4220 974 4273 οἱ
1005 4221 1163 4286 πόδες
1187 4221 1352 4276 αὑτοῦ
1372 4239 1387 4256 ’
1421 4243 1440 4276 ι
1478 4225 1575 4277 καὶ
1602 4226 1703 4279 ὅσα
1725 4225 1844 4278 τού-

1952 4227 2020 4293 5;
2059 4242 2254 4292 xxxm,
2286 4228 2389 4296 i6;
2427 4227 2544 4283 Isa.
2574 4245 2616 4295 ι,
2663 4228 2767 4296 2ος
2807 4244 2961 4292 Lvm,
2995 4228 3098 4291 l4;
3144 4225 3297 4283 Psal.
3332 4241 3530 4284 (τινων

263 4328 372 4374 τοις
397 4310 761 4382 παραπλήσια
779 4310 1028 4366 ’τούτων
1050 4313 1128 4380 δὲ,
1154 4314 1225 4367 τὰ
1249 4314 1347 4383 μὲν
1371 4315 1464 4369 ἐπὶ
1487 4317 1752 4389 σωτηρίᾳ,
1780 4318 1844 4373 τὰ

1952 4318 2056 4384 72;
2111 4318 2229 4374 Isa.
2276 4336 2401 4386 λιν,
2449 4320 2555 4386 25;
2607 4320 2763 4376 Psal.
2818 4335 3014 4382 χχχιιι,
3067 4320 3171 4385 i7;
3214 4334 3411 4388 uqu,
3476 4319 3536 4388 3;

263 4402 319 4456 δὲ
347 4402 443 4455 ἐπὶ
467 4399 709 4471 τιμωρίᾳ
742 4401 1130 4471 προϐάλλεται.

1952 4422 2118 4475 cxvn,
2155 4408 2257 4476 l6;
2292 4423 2481 4474 cxxxr,
2517 4409 2585 4476 '7;
2622 4408 2801 4481 [ηιμ
2835 4409 2926 4474 15,
2959 4408 3144 4482 non].)

334 4495 402 4569 β’.
442 4495 634 4556 Ὅπως
687 4493 818 4546 ἀπὸ·
847 4495 1155 4567 αἰσθήσεων
1175 4512 1190 4527 ’
1223 4498 1301 4562 ὡς
1333 4497 1416 4564 τὸ,
1466 4517 1485 4551 ι
1522 4499 1844 4570 Ἐπέσλεψεν

2019 4498 2074 4553 2.
2116 4498 2409 4566 Quomodo
2450 4517 2483 4556 a
2531 4502 2791 4558 sensibus
2823 4520 2837 4556 :
2869 4502 3015 4557 sicut
3045 4520 3058 4557 :
3092 4521 3113 4554 ι
3143 4500 3218 4557 De
3264 4499 3405 4556 cmlo
3446 4514 3534 4554 re-

266 4586 325 4654 ἐξ
352 4581 587 4660 ούρανοῦ
632 4583 661 4635 ό
686 4584 914 4658 Κύριος,
956 4582 1066 4641 εἶδε
1119 4587 1334 4653 πάντας
1383 4591 1510 4655 τοὺς
1549 4592 1702 4655 υἱοὺς
1742 4593 1844 4646 τῶν

1954 4592 2133 4661 spexit
2171 4592 2451 4675 Dominus,
2485 4594 2619 4648 vidit
2647 4594 2841 4649 omnes
2870 4578 3013 4649 ﬁlios
3042 4593 3368 4656 hominum;
3403 4610 3423 4642 ι
3456 4601 3530 4656 et,

264 4679 590 4751 ἀνθρώπων
635 4681 770 4736 »καὶ
808 4679 890 4746 τὸ,
926 4697 946 4730 ι
976 4680 1132 4751 Φωνῇ
1179 4696 1281 4750 μου
1319 4680 1456 4751 πρὸς
1485 4681 1693 4753 Κύριον
1732 4682 1844 4737 ὲκέ-

1962 4701 1982 4734 ι
2016 4681 2163 4738 Voce
2209 4674 2330 4739 mea
2397 4685 2465 4739 ad
2517 4683 2810 4739 Dominum
2861 4683 3090 4739 clamavi
3148 4692 3203 4738 et
3253 4681 3535 4742 exaudivit

267 4771 472 4840 κραξα,
504 4774 619 4827 καὶ
650 4771 928 4842 ἐπήκουσέ
962 4787 1065 4841 μου
1086 4786 1100 4799 ο
1136 4789 1155 4822 ι
1184 4771 1302 4837 καὶ,
1336 4790 1355 4823 ι
1384 4770 1589 4841 Κύριος
1610 4773 1844 4828 είσακού·

1958 4788 2074 4840 me;
2113 4792 2133 4826 ι
2158 4784 2234 4840 et,
2273 4794 2293 4827 ι
2325 4775 2593 4830 Dominus
2616 4775 2877 4830 exaudiet
2903 4790 3018 4841 me;
3057 4792 3077 4825 ι
3107 4776 3180 4838 et;
3209 4791 3228 4825 ι
3260 4770 3534 4827 Odoratus

265 4861 420 4917 σεταί
467 4879 568 4932 μου
593 4879 606 4894 ο
645 4879 666 4914 ι
705 4862 820 4923 καὶ,
862 4877 882 4913 ι
918 4859 1225 4931 Ὠσφράνθη
1284 4860 1491 4931 Κύριος
1537 4862 1713 4933 ὀσμὴν
1762 4863 1844 4915 εύ-

1955 4875 2040 4920 est
2066 4865 2331 4922 Dominus
2356 4867 2585 4922 odorem
2614 4864 2905 4921 suavitatis
2930 4880 2947 4930 ;
2981 4883 3001 4917 ι
3030 4875 3104 4931 et,
3136 4881 3155 4914 ι
3184 4861 3383 4916 Emitte
3414 4876 3535 4915 ma-

265 4952 460 5017 ωδίαςο
496 4972 514 5005 ι
548 4953 663 5018 καὶ,
699 4971 719 5005 ι
752 4951 1164 5016 Ἑξαπόστειλον
1187 4950 1287 5023 τὴν
1322 4952 1484 5022 χεῖρά
1509 4969 1604 5007 σου
1625 4969 1640 4983 ο
1681 4972 1700 5004 ι
1736 4954 1844 5018 καὶ,

1955 4969 2089 5008 num
2121 4963 2308 5022 tuam;
2348 4973 2369 5007 ι
2421 4964 2497 5018 et,
2544 4973 2563 5006 ι
2593 4955 2776 5025 Tange
2817 4970 2882 5010 os
2916 4954 3073 5024 ejus;
3107 4973 3126 5006 ο
3181 4961 3256 5012 et.
3293 4970 3311 5004 ι
3339 4949 3535 5006 Manus

271 5062 291 5094 σ
320 5045 493 5114 "Aspar
531 5044 642 5099 τῶν
676 5044 880 5098 ὀστέων
906 5043 1071 5099 αὑτοῦ
1092 5057 1106 5073 ’
1142 5062 1162 5096 ι
1196 5034 1384 5108 mh;
1401 5045 1539 5116 Xelp
1572 5044 1778 5117 Κυρίου
1816 5048 1844 5117 ή

1956 5043 2174 5101 Domini
2209 5046 2387 5116 tetigit
2435 5061 2558 5112 me;
2593 5065 2614 5097 ι
2649 5053 2726 5109 et,
2784 5065 2803 5096 ε
2845 5043 2949 5111 Qui
2994 5043 3172 5115 tangit
3221 5050 3437 5097 montes
3480 5050 3538 5097 et

267 5136 525 5208 ἁψαμένη
566 5154 701 5208 μου·
745 5154 766 5189 ι
812 5139 930 5201 καὶ,
987 5154 1006 5189 ι
1045 5137 1104 5190 Ὀ
1139 5136 1447 5207 ἁπτόμενος
1503 5137 1613 5192 τῶν
1659 5139 1844 5211 ὀρέων,

1959 5136 2265 5208 fumigant;
2296 5155 2314 5189 ι
2340 5147 2413 5204 et,
2451 5156 2471 5188 ι
2503 5135 2745 5209 Tangam
2770 5152 2991 5192 omnem
3010 5134 3350 5204 iniquitatem
3375 5145 3537 5190 terra:

267 5229 364 5280 καὶ
393 5230 769 5293 καπνίζονταιυ
804 5248 825 5281 ›
861 5229 979 5292 καὶ,
1014 5246 1033 5281 ι
1057 5228 1384 5298 Ψηλαφήσω
1416 5232 1601 5305 πᾶσαν
1619 5230 1716 5302 τὴν
1743 5230 1844 5286 ἁδι-

1959 5228 2146 5293 illius;
2180 5249 2200 5283 ι
2233 5237 2307 5295 et,
2361 5247 2380 5280 ι
2408 5226 2668 5298 Nunquid
2718 5227 3067 5284 manducabo
3101 5239 3297 5281 carnes
3345 5234 3535 5279 lauro-

267 5320 395 5374 κίαν
418 5322 527 5393 τῆς·
546 5323 651 5391 γῆς
678 5320 895 5391 ἐκείνης
915 5338 929 5352 ·
967 5340 985 5373 ι
1013 5321 1108 5374 καὶ
1137 5320 1220 5388 τὸ,
1254 5340 1272 5373 ι
1305 5321 1398 5392 Μὴ
1429 5323 1695 5398 φάγωμαι
1718 5322 1844 5394 κρέα

1961 5320 2127 5375 rum?
2164 5340 2182 5372 ι
2222 5318 2288 5374 Et
2315 5318 2608 5375 Salvator:
2647 5337 2665 5371 ι
2694 5317 2810 5390 Ego
2850 5319 3033 5374 cibum
3084 5316 3258 5372 habeo
3304 5315 3537 5370 mandu-

265 5406 517 5477 ταύρων·
555 5428 574 5461 ι
617 5409 712 5463 καὶ
740 5411 769 5462 ό
794 5409 1009 5480 Σωτὴρ,
1053 5427 1071 5461 ι
1113 5408 1258 5477 Ἐγὼ
1298 5408 1504 5480 βρῶσιν
1527 5410 1637 5481 ἔχω
1663 5416 1844 5480 φαγεῖκ

1961 5424 2088 5465 care
2115 5427 2280 5481 quem
2306 5427 2405 5466 vos
2453 5410 2718 5487 nescitis;
2754 5429 2772 5462 ι
2807 5419 2882 5474 et,
2922 5428 2941 5461 ι
2972 5408 3126 5463 Meus
3154 5408 3310 5463 cibus
3350 5415 3434 5462 est
3474 5416 3536 5461 ut

267 5499 339 5570 ἢν
365 5500 525 5571 ὑμεῖς
546 5501 648 5555 οὐκ
671 5500 872 5555 οἴδατε·
907 5519 925 5554 ι
953 5502 1070 5570 καὶ,
1098 5519 1118 5553 ι
1158 5501 1321 5572 Ἐμὸν
1348 5500 1546 5573 βρῶμά
1572 5504 1741 5569 ἐστιν,
1771 5503 1844 5557 ἱνα

1966 5501 2165 5557 faciam
2192 5504 2526 5559 voluntatem
2554 5502 2737 5556 Patris
2777 5502 2884 5558 mei
2910 5519 2926 5569 ;
2961 5521 2980 5554 ι
3009 5510 3064 5556 et
3092 5499 3394 5572 praesentia:
3415 5499 3537 5569 ejus

1425 5617 1653 5674 DAVID.
1708 5615 2106 5675 HOESCHELII
2135 5619 2368 5676 ΝΟΤιΕ.

339 5712 416 5785 ξι)
467 5712 776 5785 Ἐσαγῳνῑι
822 5717 990 5785 ιείςᾼιςΪ
1033 5716 1086 5765 θ.
1127 5714 1394 5785 Γραρὰς.
1431 5711 1656 5769 Photius
1681 5753 1696 5779 ,
1751 5713 2089 5785 Ἀνεγνώσθη
2144 5713 2423 5785 Ἀδριανοῦ
2474 5711 2765 5783 Εἰσαγωγὴ
2809 5710 2910 5781 τῆς
2950 5707 3172 5781 Γραφῆς
3209 5722 3222 5737 ⁸
3265 5703 3537 5775 Χρήσιμος

271 5782 382 5844 τοῖς
407 5783 782 5850 εἰσαγομένοις
819 5785 850 5852 ή
887 5782 1089 5851 βίϐλος.
