3930 6406
297 381 421 447 1277

1359 379 1688 441 ISAGOGE
1715 381 1799 443 IN
1825 381 1934 442 SS.
1981 379 2481 442 SCRIPTURAS.

3419 369 3566 432 1278

293 502 442 556 ὕδασι
487 496 556 551 1a
603 495 834 568 ὑπερῷα
876 492 1044 548 αὐτοῦ
1065 509 1080 523 ·
1119 511 1140 545 1
1177 492 1274 548 καὶ
1321 493 1404 558 τὸ,
1444 511 1463 544 1
1495 493 1740 547 Ἐπλασε
1773 492 1867 548 τὸν

1983 493 2132 564 aquis
2153 491 2440 564 superiora
2460 490 2623 562 ejus;
2659 509 2678 543 1
2708 496 2784 554 ct,
2815 505 2834 540 1
2861 485 3168 544 Plumavit
3207 487 3515 554 hominem;
3544 507 3564 540 1

293 591 591 661 ἄνθρωπον·
616 607 640 642 1
675 589 826 654 και(
865 583 1236 657 Ἐνεφύσησεν
1261 587 1343 648 είς
1363 585 1428 638 τδ
1452 585 1750 657 πρόσωπον
1773 587 1873 641 αὒ-

291 679 382 735 τοῦ
433 677 604 750 πνοὴν
651 679 830 749 ζωῆς·
861 695 883 730 1
929 677 1024 732 καὶ
1057 676 1143 741 τὸ,
1181 695 1200 728 ι
1239 675 1436 747 ’Δνὲὕη
1489 677 1756 748 ἐμφυσῶν
1787 680 1871 742 είς

292 770 580 844 πρόσωπόν
609 785 735 824 σου·
771 788 793 822 1
831 768 956 824 ἀντὶ
979 768 1098 834 τοῦ,
1129 785 1152 820 1
1175 766 1472 838 Φυσήμασι
1498 768 1870 833 διασκεδάζων

291 863 378 918 ὑπ’
423 861 546 932 δψιν
591 877 688 916 σου
727 861 858 925 τοὺς
897 861 1290 926 ὑπεναντίως·
1330 882 1350 914 1
1401 862 1491 916 ἵνα
1535 862 1690 934 εἴπῃ,
1725 860 1873 916 οὕτω

291 953 487 1027 ῥᾳδίως
511 952 606 1008 καὶ
634 951 865 1022 ἀθρόως·
893 953 954 1005 eo
981 951 1116 1022 γὰρ,
1149 953 1466 1022 ἐμφυσῶν,
1506 952 1868 1022 σκορπίζων,

289 1046 335 1098 oi
378 1042 486 1108 ἔξω
534 1043 958 1113 ιφιλοσόφησαν.
987 1043 1119 1110 Kal,
1165 1061 1186 1096 1
1230 1042 1364 1097 Ἰδοὺ
1395 1045 1456 1096 ὲν
1481 1043 1731 1115 τῇ,χειρί
1767 1061 1869 1114 μου
1918 1105 1923 1110 ,

289 1131 661 1202 ὲζωγράφησα
692 1131 760 1186 τὰ
785 1130 942 1202 τείχη
967 1149 1084 1196 σου,
1108 1133 1247 1205 πρὸς
1267 1131 1391 1213 τὴν·
1411 1131 1768 1204 Ἰερουσαλήμ
1789 1149 1804 1164 ·
1843 1151 1862 1186 1

287 1223 397 1286 καὶ,
449 1240 472 1274 1
513 1223 776 1295 Φραγμδν
821 1223 1130 1295 περιέθηκα
1152 1265 1169 1292 ,
1219 1224 1316 1278 καὶ
1361 1224 1726 1296 ἑχαράκωσα,
1775 1229 1874 1280 καὶ

287 1313 564 1384 ὲφύτευσά
594 1328 655 1368 σε
684 1315 930 1385 ἄμπελον
951 1315 1170 1386 Σωρὴχ,
1191 1317 1291 1370 καὶ
1307 1316 1638 1388 ᾠκοδόμησα
1661 1316 1873 1388 πύργον

289 1405 344 1459 ὲν
366 1405 518 1476 μέσῳ
537 1405 728 1477 αὐτῆς,
758 1406 855 1459 καὶ
885 1405 1176 1476 προλήνιον
1205 1405 1394 1477 ὥρυξα
1413 1409 1472 1460 ὲν
1495 1407 1664 1477 αὐτῇ·
1699 1425 1718 1458 1
1755 1409 1869 1474 καὶ,

294 1515 313 1548 ι
339 1495 474 1549 Ἰδοὺ
505 1495 620 1565 ὲγῲ
651 1496 886 1567 φράσσω
917 1495 1019 1567 τὴν
1047 1495 1168 1551 ὁδὸν
1194 1497 1365 1568 αὐτῆς
1401 1499 1460 1551 ὲν
1497 1496 1744 1567 σκόλοψι,
1776 1497 1874 1552 καὶ

287 1586 697 1658 ἀνοικοδομήσω
714 1590 814 1651 τὰς
836 1587 1058 1660 τρίϐους
1077 1587 1268 1658 αὐτῆς,
1299 1587 1394 1641 καὶ
1417 1587 1480 1640 οὐ
1509 1586 1585 1658 μὴ
1608 1587 1750 1660 εὕρῃ
1773 1588 1874 1659 τὴν

285 1677 402 1733 ὁδὸν
426 1680 641 1750 αὐτῆς·
677 1699 697 1732 1
741 1681 857 1746 καὶ,
893 1697 914 1733 ι
950 1680 1274 1736 Ἐκπιτάσω
1303 1679 1368 1734 τὸ
1395 1679 1616 1734 δίκτυόν
1649 1697 1754 1751 μου
1781 1681 1872 1734 ἐπ’

284 1769 443 1825 αὐτόν
466 1788 480 1804 ·
523 1791 546 1826 1
584 1773 701 1840 καὶ,
741 1791 761 1826 ι
791 1773 1089 1828 Πεσοῦνται
1112 1775 1171 1828 ὲν
1199 1772 1608 1844 ἁμφιδλήστρῳ
1631 1772 1800 1827 αὐτοῦ
1821 1774 1872 1827 oi

284 1863 603 1936 ἁμαρτωλοί
623 1883 638 1897 ·
673 1883 694 1917 1
724 1865 822 1920 καὶ
849 1867 953 1920 ὅσα
970 1867 1158 1934 ὃμοια.

347 1952 436 2008 ια’.
478 1955 618 2010 Ἀπὸ
639 1954 822 2012 τόπων
837 1971 853 1988 ·
881 1954 960 2020 ώς
977 1951 1086 2017 τὺ,«
1107 1954 1516 2026 ’Υψώθητι.ὲπὶ
1548 1953 1677 2016 τοὺς
1701 1952 1872 2024 οὐρα-

279 2045 399 2108 νοὺς
424 2046 453 2098 ό
478 2044 802 2111 Beck-11ml,
837 2065 856 2098 1
897 2045 1126 2116 ’Δνέσης
1147 2047 1228 2108 είς
1252 2043 1408 2114 ὕψος,
1437 2043 1872 2116 ᾐχμαλώτευσας

280 2135 701 2207 αἰχμαλωσίαν·
745 2154 764 2188 1
803 2137 922 2201 καὶ,
959 2153 980 2188 ι
1021 2137 1274 2191 Ἐκλινεν
1303 2135 1593 2207 οὐρανοὺς,
1619 2135 1716 2189 καὶ
1741 2151 1874 2188 κατ-

279 2225 372 2297 έϐη
395 2242 409 2256 ·
448 2245 470 2278 1
523 2226 643 2292 καὶ,
691 2245 711 2280 1
750 2226 954 2294 Ἐγγὺς
1007 2223 1214 2295 Κύριος
1255 2226 1369 2288 τοῖς
1417 2223 1874 2295 ἐπικαλουμέρις

279 2316 466 2372 αὐτόν·
509 2335 534 2372 1
570 2317 688 2381 καὶ,
737 2335 759 2370 1
792 2315 912 2372 Ἵνα
938 2316 1014 2380 τί,
1061 2315 1260 2388 Κύριε.
1307 2297 1638 2386 ἀφέστηκας
1663 2315 1874 2387 μακρό-

278 2407 400 2474 θεν;
435 2426 455 2460 1
489 2409 613 2472 καὶ,
651 2425 676 2461 1
713 2409 846 2462 Ἰδοὺ
869 2407 1077 2480 Κύριος
1103 2407 1345 2478 κάθηται
1365 2408 1460 2462 ἐπὶ
1493 2407 1723 2478 νεφέλης
1747 2405 1876 2460 κού-

276 2515 409 2571 φης·
440 2517 459 2550 1
498 2498 619 2564 καὶ,
649 2517 669 2550 1
712 2497 850 2553 Ἰδοὺ
875 2497 1082 2569 Κύριος
1107 2496 1474 2568 ἐκπορεύεται
1502 2498 1567 2552 ἐκ
1587 2493 1682 2550 τοῦ
1702 2495 1874 2550 τόπου

275 2590 477 2646 αὐτοῦ·
527 2609 546 2644 1
594 2590 714 2654 καὶ,
751 2609 771 2644 ι
823 2590 1184 2663 Ἐπισήσεται
1249 2589 1344 2643 ἐπὶ
1405 2589 1478 2644 τὰ
1540 2587 1722 2660 ὑψηλὰ
1775 2589 1874 2658 τῆς

277 2697 398 2754 γης.
440 2700 460 2735 1
1657 2727 1663 2730 ,

349 2771 435 2843 ιβ’.
483 2771 626 2828 Ἀπὸ
653 2771 992 2843 στολισμῶν·
1017 2771 1094 2837 ώς
1131 2771 1216 2837 τὸ,
1247 2789 1269 2824 1
1311 2768 1635 2826 Ἐνεδύσατο
1667 2767 1878 2840 Κύριος

276 2861 535 2936 δύναμιν.
582 2865 681 2919 καὶ¹
715 2861 1133 2932 περιεζώσατο*
1166 2877 1187 2915 1
1218 2861 1338 2929 καὶ,
1375 2879 1396 2914 1
1433 2851 1748 2930 Περίζωσαι
1774 2857 1878 2930 τὴν

280 2953 564 3026 ῥομφαίαν
591 2964 686 3007 σον
717 2953 816 3007 ἐπὶ
836 2953 930 3007 τὸν
962 2952 1140 3024 μηρόν
1171 2969 1267 3006 σου
1290 2967 1306 2984 ·
1337 2969 1361 3004 ›
1393 2949 1512 3012 καὶ,
1544 2969 1564 3002 ι
1595 2949 1876 3020 Περιεζω-

279 3046 474 3118 σμένος
520 3047 580 3100 ιν
607 3045 935 3118 δυναστείᾳ·
969 3064 987 3097 ι
1017 3047 1134 3112 καὶ,
1177 3063 1196 3098 1
1235 3042 1712 3117 Περιϐαλλόμενος
1761 3041 1878 3111 φῶς

277 3138 350 3202 ὡς
373 3138 595 3209 ἱμάτιον
615 3155 631 3171 ·
663 3157 684 3191 1
747 3138 864 3204 καὶ,
902 3156 923 3192 ι
971 3138 1068 3203 Τίς
1097 3130 1252 3201 οὗτος
1281 3139 1311 3191 ὁ
1333 3135 1783 3209 παραγενόμενος
1817 3135 1878 3202 ἐξ

289 3227 504 3300 Ἐδώμς
553 3226 809 3298 ἐρύθημα
855 3227 1091 3299 ἱματίων
1129 3225 1297 3283 αὑτοῦ
1339 3228 1406 3281 ὲκ
1447 3223 1680 3297 Βοσώρ·
1715 3215 1886 3288 οὗτος.

273 3313 478 3388 ὡραῖος
508 3319 568 3373 ὲν
595 3317 759 3390 στολῇ
787 3315 980 3372 αὐτοῦ.
1019 3336 1038 3370 1

345 3522 438 3586 ιγ’.
476 3515 618 3570 Ἀπὸ
647 3514 790 3571 ἐθῶν
811 3533 827 3550 ⁸
882 3518 960 3581 ὡς
987 3517 1070 3582 τδ,
1113 3527 1140 3570 1'
1172 3515 1556 3588 ’Δπέστρεψας
1597 3515 1663 3570 τὸ
1697 3515 1874 3588 πρόσ-

277 3605 425 3661 ωπόν
455 3621 584 3673 σου,
605 3607 704 3661 καὶ
725 3607 1008 3679 ἐγενήθην
1035 3604 1488 3680 τεταραγμένος·
1523 3626 1544 3659 1
1577 3608 1692 3668 καὶ,
1721 3607 1874 3660 (Ἵνα

277 3697 350 3760 τί,
383 3698 592 3769 Κύριε,
629 3695 876 3761 ἁπωθεῖς
903 3697 1003 3770 τὴν
1039 3699 1222 3770 ψυχήν
1249 3714 1378 3768 μου,
1405 3697 1786 3768 ἀποστρέφεις
1810 3697 1876 3751 τὸ

281 3786 586 3858 πρόσωπόν
625 3803 763 3854 σου;
797 3805 817 3839 1
850 3789 972 3852 καὶ,
1021 3804 1040 3840 ι
1066 3788 1162 3860 Μὴ
1195 3787 1459 3860 ἐκκλίνῃς
1489 3789 1547 3841 ὲν
1581 3789 1722 3858 ὀργῇ
1763 3785 1874 3842 ἀπὺ

277 3879 372 3934 τοῦ
409 3877 610 3933 δούλου
639 3893 738 3931 σου
761 3892 774 3906 °
813 3895 834 3930 ι
871 3878 990 3944 καὶ,
1031 3895 1050 3930 ι
1075 3877 1168 3948 Μὴ
1194 3877 1514 3950 ἁπορῤίψῃς
1547 3894 1616 3948 με
1643 3879 1758 3932 ἀπὸ
1775 3876 1874 3931 τοῦ

281 3969 588 4040 προσώπου
615 3985 714 4022 σου
735 3983 749 3999 ⁸
781 3987 800 4022 1
831 3967 949 4037 καὶ,
976 3987 996 4020 ι
1021 3967 1170 4039 Ἐγὼ
1199 3968 1258 4022 δὲ
1288 3965 1418 4022 εἶπα
1444 3971 1509 4022 ὲν
1525 3971 1593 4041 τῇ
1613 3970 1876 4024 ὲκστάσει

283 4079 384 4132 μου
413 4079 429 4095 ·
461 4061 857 4134 Ἀπέρριμμαι
901 4063 1012 4116 ἀπὸ
1067 4061 1373 4134 προσώπου
1423 4060 1518 4116 τοῦ
1567 4061 1874 4132 ὀφθαλμῶν

281 4166 408 4206 σου·
445 4172 468 4206 1
515 4152 666 4225 ἅπερ
705 4155 756 4208 δι
801 4153 1153 4224 ὀργιζόμενοι
1199 4153 1296 4206 καὶ
1334 4151 1698 4222 λυπούμενοι,
1735 4142 1873 4222 πρὸς

248 4250 253 4254 ”
279 4243 375 4308 οὓς
410 4245 799 4316 διαφέρονται,
831 4245 930 4300 καὶ
962 4243 1396 4298 ἐπιδείκνυνται.

355 4336 440 4391 ιδ’.
481 4336 620 4392 ’Λπδ
641 4336 972 4409 σχημάτων·
1004 4335 1081 4400 ώς
1112 4335 1196 4402 τὸ,
1226 4355 1245 4388 ι
1268 4335 1388 4390 Ἵνα
1413 4334 1466 4388 τί
1493 4333 1872 4406 ἀποστρέφεις

281 4428 380 4501 τὴν
404 4431 570 4501 χεῖρά
597 4443 726 4496 σου,
763 4429 859 4484 καὶ
888 4428 989 4500 τὴν
1011 4428 1198 4496 δεξιάν
1225 4444 1355 4496 σου;
1385 4444 1404 4478 1
1449 4429 1514 4480 ἐκ
1548 4427 1871 4496 μεταφορᾶς

1902 1851 1951 1911 Β

1975 595 2054 646 et,
2084 599 2109 634 1
2141 581 2442 652 inspiravit
2483 581 2540 636 iu
2577 579 2774 635 faciem
2809 578 2932 650 ejus
2973 577 3317 649 spiraculum
3356 577 3507 642 vitae;
3543 595 3564 628 1

1975 686 2051 742 et,
2088 693 2108 728 1
2157 667 2421 732 Ascendit
2453 673 2551 744 qui
2587 670 2842 729 exsufﬂet
2883 685 3073 728 coram
3107 681 3184 738 te,
3217 688 3238 724 1
3271 670 3394 726 loco
3422 669 3573 724 illius

1976 766 2242 822 dictionis
2290 783 2305 821 :
2362 784 2380 817 1
2412 763 2658 820 Flatibus
2699 763 2980 832 dissipans
3027 769 3157 817 ante
3205 769 3568 830 conspectum

1976 865 2132 911 tuum
2169 855 2379 921 hostes,
2414 873 2434 907 1
2473 863 2534 909 ut
2572 854 2746 918 dicat,
2771 854 2910 908 adeo
2935 853 3172 907 faciliter
3205 859 3260 905 et
3299 849 3570 916 multipli-

1976 947 2149 1015 citer;
2178 961 2418 1018 namque
2447 945 2743 1017 “summa
2764 960 2867 1016 pro
2905 943 3178 1013 dissipans
3218 941 3415 1012 pagani
3447 941 3572 1010 phi-

1975 1040 2334 1111 losophantes
2387 1040 2754 1095 admiserunt.
2795 1037 2897 1103 Et,
2963 1055 2982 1089 1
3029 1037 3171 1090 Ecce
3211 1037 3269 1090 in
3310 1035 3570 1088 manilius

1977 1131 2117 1186 meis
2153 1131 2428 1202 descripsi
2483 1145 2676 1184 muros
2727 1139 2891 1194 tuos,
2927 1147 2948 1180 1
2997 1128 3065 1182 ad
3097 1125 3426 1182 Jerusalem.
3470 1125 3566 1188 Et,

1981 1241 2003 1276 1
2025 1221 2228 1305 Sepem
2252 1224 2633 1293 circumposui
2659 1232 2714 1278 et
2736 1221 3144 1292 circumsepivi,
3169 1230 3223 1275 et
3245 1218 3491 1290 plantavi
3515 1225 3569 1272 te

1976 1315 2191 1371 vineam
2231 1315 2464 1381 Soreclt,
2507 1325 2564 1371 et
2604 1316 2875 1371 aediﬁcavi
2905 1316 3120 1386 turrim
3143 1314 3196 1368 in
3227 1314 3412 1368 medio
3445 1311 3568 1380 ejus

1977 1413 2033 1461 et
2063 1406 2309 1460 torcular
2343 1405 2456 1461 l'odi
2504 1406 2558 1460 in
2607 1421 2695 1460 ea.
2729 1424 2748 1458 1
2793 1405 2877 1472 Et,
2913 1424 2932 1455 1
2968 1403 3109 1458 Ecce
3149 1419 3248 1474 ego
3295 1401 3448 1470 sepio
3485 1400 3570 1454 vi-

1978 1515 2139 1555 neam
2185 1507 2339 1555 tuam
2381 1499 2564 1570 spinis
2610 1507 2667 1554 et
2708 1497 3060 1554 resdilicabo
3093 1483 3322 1551 semitas
3351 1493 3473 1561 ejus
3514 1499 3571 1545 et

1979 1592 2208 1647 semitas
2273 1605 2406 1646 suas
2459 1607 2570 1644 non
2624 1588 2898 1656 inveniet;
2949 1607 2969 1640 1
3039 1595 3094 1640 et
3127 1625 3142 1649 ,
3206 1603 3226 1636 1
3259 1581 3567 1637 Extendam

1979 1693 2095 1738 rete
2149 1697 2332 1738 meum
2368 1685 2550 1752 :super
2591 1695 2758 1746 eum;
2796 1699 2816 1734 1
2872 1688 2945 1746 et,
2993 1695 3013 1729 1
3045 1675 3260 1732 Cadent
3298 1675 3352 1729 in
3405 1673 3572 1730 retia-

1978 1774 2106 1830 culo
2163 1775 2286 1845 ejus
2337 1783 2694 1844 peccatores;
2733 1791 2752 1823 1
2825 1779 2884 1827 et
2941 1783 3290 1842 quascunque
3342 1767 3569 1823 similia.

1979 1865 2158 1938 (Paul.
2185 1881 2306 1932 cm,
2335 1867 2393 1932 3,
2419 1873 2476 1920 et
2503 1863 2686 1932 alibi.)

2047 1957 2138 2010 ll.
2178 1957 2223 2009 A
2255 1956 2430 2012 locis:
2463 1963 2524 2009 ut
2550 1973 2569 2007 1
2604 1953 2836 2009 Elevare
2874 1965 3044 2022 super
3076 1950 3273 2014 caelos,
3313 1949 3460 2002 Deus
3489 1965 3503 2015 ;
3543 1965 3564 2000 1

1973 2059 2054 2117 et,
2102 2066 2122 2101 1
2151 2047 2467 2103 Ascendisti
2510 2047 2568 2101 in
2624 2046 2822 2110 altum,
2863 2043 3060 2113 cepisti
3097 2039 3508 2112 captivitatem;
3543 2056 3562 2090 1

1973 2152 2048 2210 et,
2085 2159 2104 2194 1
2137 2139 2432 2196 lnciinavit
2477 2139 2649 2195 cmlos
2696 2145 2748 2202 et
2781 2135 3104 2202 descendit;
3140 2153 3160 2187 1
3203 2143 3282 2196 et,
3337 2149 3356 2184 1
3391 2129 3570 2199 Prope

1973 2243 2059 2290 est
2091 2232 2360 2288 Dominus
2399 2231 2790 2287 invocantibus
2813 2245 2979 2296 eum;
3015 2248 3037 2281 1
3073 2237 3170 2295 et,
3229 2223 3356 2281 1.Ut
3403 2225 3563 2295 quid,

1973 2323 2240 2392 Domine;
2285 2323 2570 2380 recessisti
2618 2321 2817 2394 longe?
2847 2341 2865 2373 1
2924 2321 3028 2387 Et,
3071 2339 3095 2373 1
3133 2320 3276 2374 Ecce
3303 2317 3571 2372 Dominus

1975 2416 2134 2472 sedet
2163 2431 2338 2486 super
2385 2415 2591 2470 nubem
2633 2415 2844 2478 levem;
2877 2431 2897 2465 1
2917 2421 3027 2490 _et,
3075 2429 3098 2463 1
3130 2409 3270 2466 Ecce
3301 2406 3570 2463 Dominus

1974 2507 2258 2576 egreditur
2319 2522 2352 2563 e
2411 2507 2540 2562 loco
2588 2520 2725 2572 suo;
2759 2523 2780 2558 1
2841 2512 2937 2570 et,
3009 2523 3030 2556 1
3072 2501 3350 2556 Ascendet
3407 2513 3572 2576 super

1975 2601 2193 2655 excelsa
2228 2611 2408 2656 terrm.
2453 2599 2633 2669 (Paul.
2670 2614 2784 2660 va.
2821 2599 2893 2662 6;
2937 2610 3106 2662 vau,
3143 2595 3248 2660 l9;
3279 2609 3414 2658 xvn,
3460 2589 3570 2658 {0;

1977 2706 2161 2756 cxuv.
2202 2692 2302 2760 18;
2343 2707 2424 2754 Ix,
2457 2691 2560 2758 22;
2603 2691 2724 2745 11a.
2756 2705 2871 2755 nx,
2906 2691 2925 2742 i
2957 2705 2972 2756 ;
3007 2687 3171 2742 Mich.
3199 2702 3241 2748 ι.
3269 2685 3352 2756 ὅ.)

1989 2801 1996 2807 ’
2054 2784 2142 2839 12.
2183 2783 2268 2838 Ab
2303 2783 2671 2847 indumentis,
2713 2782 2857 2838 sicut
2886 2799 2900 2836 :
2933 2801 2952 2832 1
2981 2781 3210 2846 indutus
3253 2787 3339 2835 est
3384 2777 3574 2832 Domi-

1979 2888 2086 2929 nus
2105 2873 2490 2929 fortitudinem
2515 2883 2570 2929 et
2597 2873 2891 2944 praecinxit
2921 2887 3018 2937 se;
3053 2889 3073 2923 1
3101 2879 3182 2936 et,
3218 2889 3236 2922 1
3265 2870 3572 2940 Accingere

1979 2965 2164 3037 gladio
2199 2976 2312 3022 .tuo
2365 2981 2534 3037 super
2572 2965 2755 3022 femur
2803 2977 2978 3019 tuum.
3011 2983 3030 3016 1
3066 2963 3170 3026 Et,
3218 2981 3238 3014 1
3270 2961 3572 3019 Accinctus

1981 3058 2262 3128 potentia;
2289 3077 2308 3111 1
2333 3068 2411 3124 et,
2441 3077 2460 3111 1
2483 3057 2736 3115 Amictus
2751 3057 2963 3112 lumine
2986 3055 3131 3111 sicut
3155 3055 3521 3120 vestimento;
3544 3073 3564 3106 1

1959 3157 2058 3220 .et,
2114 3168 2133 3202 1
2167 3148 2308 3216 Quis
2353 3159 2442 3205 est
2485 3150 2591 3205 iste
2629 3151 2722 3220 qui
2768 3149 2920 3203 venit
2949 3147 3016 3202 de
3057 3145 3270 3200 Edoni?
3317 3145 3567 3200 Rubrum

1981 3235 2367 3296 indumentum
2399 3241 2524 3312 ejus
2549 3241 2618 3296 de
2641 3240 2836 3305 Bosor,
2867 3239 2974 3294 iste
3006 3236 3286 3292 formosus
3313 3238 3369 3292 in
3429 3237 3571 3294 stola

1974 3345 2098 3387 sua.
2137 3350 2156 3381 1
2199 3329 2392 3402 (Ptol.
2442 3347 2575 3399 xcn,
2625 3334 2692 3398 l;
2745 3329 2996 3397 xuv,.4;
3035 3343 3186 3394 an,
3219 3328 3294 3393 7;
3336 3345 3454 3395 cm,
3497 3327 3570 3410 ες

1975 3423 2092 3478 Ιεα.
2121 3439 2278 3489 um,
2318 3425 2372 3480 1.
2392 3432 2412 3494 )

2046 3516 2136 3571 15.
2181 3517 2227 3570 Α
2253 3517 2550 3572 moribus:
2587 3534 2608 3568 1
2635 3512 2896 3572 Avertisti
2941 3516 3138 3572 faciem
3184 3524 3337 3570 tuam
3389 3524 3445 3568 et
3488 3509 3573 3566 fa-

1974 3615 2098 3664 ctus
2143 3623 2266 3664 sum
2311 3608 2713 3673 conturbatus;
2747 3625 2770 3660 1
2825 3614 2901 3670 et.
2953 3627 2971 3658 1
3005 3606 3090 3662 Ut‘
3115 3605 3269 3677 quid,
3317 3601 3566 3666 Domine,

1975 3699 2197 3771 repellis
2235 3700 2480 3754 animam
2518 3700 2722 3764 meam,
2759 3701 2970 3754 avertis
2993 3699 3188 3754 faciem
3223 3697 3417 3751 tuam?
3445 3713 3462 3746 1
3491 3703 3568 3759 et,

1981 3807 2004 3840 1
2033 3785 2112 3842 Ne
2137 3787 2386 3843 declines
2422 3788 2478 3841 in
2508 3787 2593 3841 ira
2629 3801 2661 3841 a
2699 3800 2862 3842 servo
2905 3796 3034 3850 tuo;
3067 3803 3089 3837 1
3113 3795 3193 3850 et,
3241 3802 3262 3836 1
3295 3783 3371 3838 [κο
3401 3780 3571 3852 proji-

1974 3879 2093 3933 cias
2147 3893 2238 3934 me
2285 3893 2316 3932 a
2367 3877 2518 3932 iacie-
2548 3888 2678 3946 tua;
2715 3895 2735 3930 1
2796 3887 2872 3943 et,
2933 3895 2952 3928 1
2993 3875 3104 3947 Ego
3137 3884 3321 3930 autem
3345 3873 3470 3928 dixi
3513 3871 3568 3925 in

1975 3965 2212 4026 excessu
2261 3985 2385 4026 meo
2428 3969 2763 4040 :Projectus
2809 3985 2932 4026 sum
2991 3983 3022 4024 a
3077 3967 3217 4022 facie
3275 3965 3568 4020 oculorum

1977 4076 2224 4122 tuorum.
2260 4085 2280 4120 1
2315 4065 2512 4132 Qualia
2545 4066 2670 4121 irati
2726 4075 2780 4120 et
2823 4045 3006 4120 aﬂlicti
3046 4065 3112 4120 ad
3143 4078 3240 4118 eos
3279 4075 3409 4116 cum
3446 4057 3571 4127 qui-

1976 4157 2080 4212 bus
2089 4157 2376 4213 discordes
2391 4165 2542 4222 sunt,
2559 4165 2618 4210 et
2629 4171 2794 4211 sensa
2813 4170 2910 4210 sua
2925 4154 3195 4235 pandunt.
3217 4150 3567 4222 (Psal.xx1x,

1974 4250 2044 4318 8;
2078 4267 2324 4315 sxum,
2353 4249 2457 4317 {5;
2491 4265 2640 4318 xxvr,
2676 4249 2710 4305 9
2734 4267 2750 4318 ;
2774 4265 2830 4313 ι,
2864 4251 2967 4316 15;
3002 4263 3133 4314 xxx,
3161 4245 3282 4317 25.)

2047 4343 2136 4398 14.
2175 4343 2223 4398 Α
2243 4341 2406 4406 facie,
2427 4343 2572 4398 sicut
2597 4358 2612 4396 :
2641 4361 2662 4392 1
2693 4341 2766 4396 Ut
2785 4343 2915 4412 quid
2941 4341 3146 4396 avertis
3167 4353 3390 4394 manum
3415 4345 3570 4393 tuam

1975 4442 2031 4488 et
2057 4433 2340 4489 dexteram
2383 4433 2578 4488 tuam?
2605 4455 2624 4485 1
2661 4449 2760 4505 per
2795 4433 3179 4502 metaphoram
3221 4439 3570 4500 assumptum

282 4519 391 4573 τῶν
415 4518 941 4592 πείρακαλουμὲνων
995 4519 1088 4574 καὶ
1123 4521 1206 4582 είς
1245 4519 1495 4572 τούπίσω
1535 4518 1636 4582 τὰς
1676 4519 1870 4590 χεῖρας

1983 4527 2046 4583 ab
2079 4527 2164 4582 his
2193 4527 2288 4598 qui
2321 4520 2696 4583 consolantur
2735 4535 2792 4582 et
2823 4537 3012 4597 postea
3046 4540 3247 4580 manus
3289 4531 3569 4578 avertunt.

283 4611 750 4684 ἀποστρεφόντων
775 4627 792 4648 ·
831 4611 962 4676 καὶ,
1002 4612 1169 4664 «Ὅτι
1218 4608 1338 4679 ἀρῶ
1381 4611 1462 4674 είς
1510 4610 1602 4665 τὸν
1643 4608 1875 4680 οὐρανὸν

281 4703 384 4774 τὴν
417 4703 582 4774 χεῖρά
612 4715 740 4774 μους
768 4703 866 4756 καὶ
885 4701 1132 4774 ὀμοῦμαι
1169 4703 1238 4773 τῇ
1268 4701 1425 4774 δεξιᾷ
1456 4718 1560 4774 μου
1583 4715 1598 4731 ο
1633 4719 1654 4753 1
1685 4701 1782 4754 καὶ
1805 4700 1874 4754 τὰ

283 4796 475 4868 ὃμοια.
867 4865 872 4870 ε

357 4883 442 4942 ιε’.
469 4885 605 4940 Ἀπδ
633 4885 691 4941 δὲ
733 4869 871 4948 ὅλου
895 4883 1012 4958 τοῦ,
1036 4869 1220 4950 ξώου·
1254 4884 1367 4940 ἀπδ
1409 4883 1536 4938 ὅλου
1582 4882 1679 4936 τοῦ
1729 4881 1871 4948 (nou

284 4978 435 5032 κατὰ
459 4979 764 5050 διαίρεσιν,
792 4977 888 5032 νῦν
921 4977 1020 5048 μὲν
1049 4977 1158 5031 ἀπὸ
1188 4976 1291 5048 τῆς
1322 4975 1528 5049 ψυχῆς,
1555 4975 1652 5030 νῦν
1680 4975 1740 5030 δὲ
1760 4975 1875 5030 ἀπὸ

283 5071 386 5142 τῆς
413 5072 652 5142 σαρκός·
689 5070 766 5134 ώς
794 5070 879 5134 τὸ,
916 5087 937 5124 1
963 5069 1115 5142 Σάρξ
1157 5086 1258 5140 μου
1299 5069 1360 5136 ἐξ
1408 5069 1615 5135 αὐτῶν,
1651 5087 1670 5121 1
1716 5067 1876 5140 παρὰ

283 5162 364 5232 τῷ
392 5161 579 5232 Ὦσηέ.
613 5161 752 5215 Ἀπδ
782 5161 860 5215 δὲ·
883 5144 1097 5232 ψυχῆς·
1131 5161 1231 5225 ώς,
1271 5178 1288 5212 ι
1314 5159 1428 5226 Τὰς
1453 5160 1752 5232 νεομηνίας
1775 5159 1872 5212 καὶ

285 5257 356 5309 τὰ
404 5253 664 5328 Σάϐϐατα
697 5253 854 5324 ὑμῶν
894 5255 1048 5324 μισεῖ
1085 5255 1118 5324 ἡ
1157 5253 1306 5325 ψυχή
1342 5270 1483 5324 μου·
1510 5273 1529 5308 1
1568 5253 1872 5309 καὶταῦτα

289 5347 406 5416 μὲν,
443 5345 855 5417 ὑποδείγματος
903 5340 1068 5418 χάριν
1125 5345 1262 5418 πρὸς
1312 5345 1705 5416 ἐντελεστέραν
1760 5345 1872 5401 τῶν

291 5437 607 5511 ἰδιωμάτων
642 5437 982 5508 αἰτιολογίας
1017 5441 1368 5510 παράστασιν
1397 5439 1706 5505 λελέξεται.

479 5573 799 5640 Ἐπίλυσις
835 5571 957 5628 τῶν
973 5574 1278 5643 ρηθθισῶν
1315 5573 1696 5645 διαιρέσεων.

363 5705 437 5774 α’,
469 5705 535 5780 β’.
568 5709 648 5763 Τὸ
671 5709 854 5764 τοίνυν
880 5708 1153 5781 ἀλάθητον
1171 5708 1274 5780 τῆς
1298 5708 1392 5764 τοῦ
1421 5709 1560 5766 Θεοῦ
1586 5710 1868 5779 γνώσεως,

301 5817 323 5854 ι
340 5799 683 5874 ὐφθαλμοὺς
703 5796 813 5857 οἶδε
843 5803 940 5858 καὶ
961 5800 1242 5871 ,βλέφαρα
1262 5803 1352 5857 καὶ
1377 5802 1595 5872 ὅρασιν
1615 5803 1802 5858 καλεῖν
1821 5821 1830 5832 ·
1847 5823 1866 5854 1

1976 4619 2070 4683 Et,
2095 4637 2114 4671 1
2139 4617 2360 4674 Levabo
2389 4619 2456 4674 ad
2481 4619 2684 4674 coelum
2712 4633 2936 4674 manum
2962 4633 3164 4682 meam,
3182 4623 3237 4669 et
3253 4615 3454 4684 jurabo
3474 4627 3572 4683 per

1975 4708 2257 4765 dexteram
2313 4724 2532 4775 meam;
2569 4727 2590 4761 1
2639 4717 2694 4774 et
2743 4705 2970 4762 similia.
3007 4703 3420 4779 (Psal..r.xxm,
3463 4700 3568 4766 ll;

1977 4799 2138 4854 Deut.
2171 4815 2350 4864 χχχιι,
2387 4799 2504 4872 40.)

2047 4893 2140 4948 i5.
2180 4893 2228 4947 Α
2255 4900 2375 4948 toto
2407 4891 2667 4958 animali;
2696 4897 2727 4944 a
2755 4898 2874 4945 toto
2905 4885 3132 4943 animali
3165 4883 3331 4939 modo
3363 4881 3577 4948 diviso,

1976 5000 2124 5040 nunc
2157 4985 2226 5038 ab
2253 4983 2462 5047 anima,
2504 4981 2655 5038 nunc
2685 4997 2716 5037 a
2750 4995 2942 5046 carne,
2991 4979 3175 5034 sieut:
3211 4995 3232 5028 1
3261 4975 3409 5036 Caro
3443 4988 3567 5028 mea

1973 5093 2042 5133 ex
2073 5077 2234 5148 ipsis,
2270 5095 2289 5129 1
2329 5077 2474 5146 apud
2503 5073 2668 5130 Osee.
2723 5073 2808 5128 Ab
2841 5072 3027 5127 anima
3069 5071 3237 5138 sicut,
3287 5085 3308 5120 1
3332 5066 3569 5122 Neome-

1975 5171 2098 5226 nias
2135 5180 2189 5224 et
2220 5167 2462 5224 Sabbata
2489 5177 2675 5223 vestra
2709 5165 2884 5221 odivit
2909 5165 3092 5220 anima
3125 5177 3287 5229 mea;
3319 5181 3340 5213 1
3379 5173 3430 5215 et
3458 5160 3572 5214 ista

1973 5260 2212 5330 eaempli
2244 5261 2421 5331 gratia
2465 5259 2615 5313 dicta
2665 5266 2830 5312 erunt
2867 5265 2928 5311 ut
2959 5255 3286 5324 complctius
3328 5251 3574 5305 idioma-t

1975 5359 2092 5405 tum
2143 5353 2285 5406 ratio
2326 5351 2609 5406 reddatur.
2643 5347 2810 5422 (Osee
2849 5364 2968 5416 xix,
3005 5345 3202 5418 “(1’);
3233 5343 3338 5410 lsa,
3376 5358 3415 5412 ι,
3453 5343 3568 5413 ll.)

2281 5572 2594 5644 Explicalio
2615 5533 2884 5628 dictarunt
2909 5572 3257 5628 divisionum.

2046 5709 2100 5777 l,
2135 5708 2188 5762 2.
2233 5708 2388 5776 Quod
2413 5723 2542 5781 ergo
2569 5708 2738 5764 latere
2761 5724 2871 5764 non
2895 5717 3076 5781 potest
3093 5706 3187 5762 Dei
3208 5703 3580 5778 cognitionis,

1977 5801 2166 5859 oculos
2231 5803 2386 5860 novit
2429 5810 2482 5858 ct
2539 5799 2822 5874 palpebras
2887 5808 2945 5858 et
3018 5800 3271 5856 visionem
3316 5811 3566 5865 vocare;
