3930 6420
345 370 483 437 1279

1811 375 2139 439 ADRIANI

3476 378 3621 448 1280

337 498 504 555 super
535 484 741 540 bonum
766 484 1025 556 quidem;
1057 484 1203 542 sicut
1234 503 1248 541 :
1283 505 1302 539 ι
1333 484 1496 542 Oculi
1519 484 1737 544 Domini
1762 500 1929 556 super

2054 486 2129 540 ιπὶ
2160 484 2262 555 μὶν
2291 485 2446 559 καλῷ
2467 501 2483 518 ο
2513 485 2589 550 ὡς
2618 484 2709 550 τὸ,
2744 504 2763 537 ι
2793 484 3105 556 Ὀφθαλμοὶ
3140 486 3349 558 Κυρίου
3387 487 3489 543 ἐπὶ
3533 492 3619 546 διο

334 577 549 646 justus;
584 597 603 630 ι
644 592 810 648 super
847 578 1054 633 malum
1087 587 1272 635 autem
1308 597 1321 633 :
1352 599 1371 633 ι
1406 577 1563 635 Oculi
1591 579 1714 650 ejus
1760 593 1928 649 super

338 666 529 741 gentes
562 671 888 742 respiciunt.
926 690 945 723 ι
982 667 1161 741 (Ριοιξ
1190 686 1390 738 utut,
1432 672 1534 739 16;
1578 668 1705 739 m,
1739 670 1819 743 7.)

318 803 327 810 .
409 763 465 816 5.
508 761 942 818 Misericordiam
971 762 1092 834 ejus
1125 780 1290 818 aures
1309 771 1363 818 et
1392 764 1672 829 auditum;
1695 770 1751 818 et
1779 762 1927 832 quod

341 852 550 908 indicat
593 853 933 930 voluntatem
968 855 1112 925 ejus,
1156 854 1422 925 loquelam
1460 863 1515 909 et
1549 871 1641 921 os;
1679 862 1733 910 et
1762 854 1832 910 ab
1861 868 1928 909 eo

340 943 485 1012 quod
516 957 546 995 a
592 943 755 998 nobis
788 958 886 1013 per
929 958 992 999 os
1027 953 1083 998 et
1116 943 1343 999 verbum
1379 953 1688 999 noscuntur
1713 958 1837 1013 quae
1871 944 1925 998 in

341 1042 522 1089 mente
552 1034 884 1104 cogitantur,
919 1034 1049 1091 inde
1085 1045 1139 1090 et
1175 1035 1646 1090 manducatiouem
1673 1034 1796 1105 ejus
1823 1049 1927 1093 no-

340 1135 512 1180 stram
540 1134 704 1182 vocat
729 1127 797 1182 ad
825 1142 889 1182 ea
910 1142 1034 1198 quae
1055 1127 1175 1182 vult
1198 1128 1577 1195 alacritatem;
1603 1142 1667 1183 ex
1691 1141 1759 1183 eo
1781 1128 1927 1198 quod

342 1216 396 1269 in
446 1216 608 1272 nobis
640 1231 735 1285 per
768 1225 966 1288 gustus
1000 1219 1378 1286 sensationem
1412 1218 1684 1275 naturalis
1722 1219 1924 1303 esuriei

342 1307 438 1362 fiat
465 1306 725 1383 expletio.

411 1482 469 1537 4.
526 1482 684 1550 Quod
744 1494 1033 1557 acceptam
1088 1487 1287 1543 habeat
1339 1489 1776 1547 benevolentiam
1829 1508 1929 1548 no-

341 1585 513 1630 stram
548 1589 675 1645 erga
710 1575 910 1646 ipsum,
944 1579 1327 1634 odorationem.

415 1666 467 1721 5.
509 1666 597 1721 Εἰ
621 1668 882 1737 operibus
910 1668 1412 1726 manifestationem
1446 1673 1569 1742 ejus
1595 1674 1797 1728 vultum
1830 1689 1928 1730 vo-

341 1764 453 1818 cat,
484 1757 629 1811 sicut
658 1772 783 1812 cum
816 1772 983 1828 super
1019 1773 1122 1815 nos
1164 1759 1223 1815 lit
1248 1776 1347 1831 per
1381 1761 1496 1818 haec
1530 1763 1922 1833 manifestatio,

2029 575 2250 641 καίους’
2288 594 2308 628 ι
2342 578 2439 632 ἐπὶ
2466 576 2525 630 δὲ
2558 575 2737 648 κακῷ,
2779 595 2799 630 ι
2821 577 2890 633 οι
2913 576 3192 648 ὀφθαλμοὶ
3222 577 3390 634 αὑτοῦ
3425 580 3527 634 ἐπὶ
3549 582 3622 638 τὰ

2028 666 2162 736 ἔθνη
2193 667 2609 722 ἐπιϐλέπουσιν.
2637 686 2659 720 ι

2099 761 2168 829 γ’.
2206 760 2283 814 Ἰδ
2301 760 2362 814 δὲ
2389 760 2740 828 ἐξιλεωτικὸν
2766 760 2960 826 αὑτοῦ.
2989 755 3112 818 ὦτα
3150 763 3248 818 καὶ
3280 763 3485 833 ἀκοήν
3503 780 3518 795 ο
3558 765 3625 820 τὸ

2029 849 2096 905 δὲ’
2135 853 2476 908 ἐνδεικτικὸν
2515 853 2621 924 τῆς
2656 854 2970 925 βουλήσεως
2998 854 3190 922 αὐτοῦ,
3240 855 3477 911 λαλιὰν
3526 858 3624 911 καὶ

2028 944 2230 1013 στόμα
2251 960 2265 975 ·
2297 943 2408 999 ἀπὸ
2437 943 2494 999 δέ
2519 943 2618 998 τοῦ
2654 945 2788 1016 παρ’
2819 946 2954 1016 ἡμῖν
2982 945 3073 1000 διὰ
3108 946 3380 1016 στόματος
3404 947 3506 1003 καὶ
3535 948 3625 1003 λό-

2026 1051 2142 1104 γων
2176 1036 2546 1107 γνωρίζεσθαι
2571 1036 2644 1092 τὰ
2679 1041 2835 1092 κατὰ
2862 1035 3097 1108 γνώμην
3136 1038 3496 1110 φρονήματα,
3532 1041 3625 1095 ἐν·

2029 1125 2220 1181 τεῦθεν
2255 1127 2355 1181 καὶ
2372 1127 2613 1205 ,βρῶσιν
2643 1129 2813 1183 αὐτοῦ
2836 1129 2936 1202 τὴν
2966 1129 3250 1201 ἡμετέραν
3282 1131 3450 1185 καλεῖ
3483 1131 3626 1204 πρὸς

2027 1219 2056 1274 δ
2091 1219 2345 1291 βούλεται
2384 1221 2728 1294 συνδρομήν·
2780 1224 2846 1276 ἐκ
2874 1220 2971 1275 τοῦ
3023 1221 3157 1293 παρ’
3195 1223 3331 1294 ἡμῖν
3384 1223 3480 1279 διὰ
3519 1224 3625 1295 τῆς

2027 1311 2326 1381 γευστικῆς
2363 1311 2676 1384 αἰσθήσεως
2713 1313 2815 1383 τῆς
2855 1311 3099 1384 φυσικῆς
3147 1313 3361 1379 ἐνδείας
3405 1314 3629 1385 ἐγγίνε-

2030 1402 2160 1457 σθαι
2184 1404 2368 1474 κόρον.

2097 1494 2162 1552 δ’.
2194 1495 2269 1548 Τὸ
2304 1494 2363 1548 δέ
2417 1495 2783 1551 ἀποδεκτικδν
2824 1495 2925 1567 τῆς
2978 1496 3061 1561 τίς
3110 1495 3276 1551 αὐτὸν
3308 1495 3477 1569 ἡμῶν
3533 1496 3626 1552 εὐ·
3712 1514 3717 1519 ·

2028 1586 2203 1653 νοὶας,
2235 1588 2565 1657 ὄσφρησιν.
2830 1586 2837 1591 ’
3232 1600 3235 1603 ‘

2099 1684 2164 1733 ε’.
2198 1679 2401 1750 Τὴνκδὲ
2436 1681 2529 1733 ἐπὶ
2563 1679 2914 1751 πραγμάτων
2938 1679 3175 1747 ἔνδειξιν
3205 1679 3405 1743 αὐτοῦ,
3429 1680 3626 1750 πρόσ-

2031 1786 2198 1825 ωπον
2227 1771 2411 1839 καλεῖ,
2442 1771 2519 1837 ὡς
2549 1772 2661 1827 ἀπὸ
2695 1771 2793 1826 τοῦ
2829 1773 2965 1842 παρ’
2994 1774 3132 1844 ἡμῖν
3166 1772 3259 1828 διὰ
3286 1773 3487 1830 τούτου
3535 1774 3625 1845 γί-

342 1857 457 1902 tum
493 1864 658 1918 super
681 1850 911 1914 bonum,
939 1859 1054 1906 tum
1088 1866 1256 1923 super
1286 1855 1515 1919 malum,
1549 1865 1608 1911 ut
1636 1876 1650 1913 :
1682 1876 1701 1908 ι
1732 1857 1927 1915 Vultus

2054 1860 2218 1914 »εσθαι
2266 1862 2368 1933 τὴν
2397 1833 2763 1933 ἐμίράνειαν·
2816 1833 2929 1917 sits
2972 1833 3070 1916 ιὶἐι
3129 1862 3324 1940 καλῷ,
3373 1863 3489 1917 εῐτε
3530 1833 3627 1920 ἐπὶ

342 1939 562 1995 Domini
598 1955 768 2010 super
793 1940 1058 2002 facientes
1098 1942 1265 1999 mala.
1296 1963 1315 1997 ι
1356 1941 1534 2016 (Paul.
1569 1961 1767 2014 χχχιιι,
1810 1948 1925 2021 17.)

413 2134 469 2188 6.
510 2130 821 2194 Ellicaciam
845 2139 1085 2212 enen-giae
1114 2141 1236 2213 ejus
1261 2183 1278 2209 ,
1307 2158 1506 2202 manus
1537 2155 1696 2202 vocat
1727 2146 1874 2204 sicut
1895 2163 1930 2204 a

344 2225 507 2282 nobis
557 2227 714 2284 utilia
753 2245 989 2303 quaeque
1033 2247 1131 2303 per
1180 2249 1444 2291 manuum
1480 2238 1932 2311 energiam‘diri-

344 2325 582 2383 guntur,
635 2318 756 2374 sive
803 2335 971 2391 super
1012 2321 1257 2391 bonum,
1305 2325 1422 2381 sive
1475 2340 1641 2397 super
1687 2329 1926 2398 malum,

345 2407 531 2470 sicut,
595 2425 615 2460 ι
659 2406 863 2465 Emitte
924 2427 1149 2491 manum
1213 2422 1364 2469 tuam
1432 2416 1501 2472 de
1565 2417 1716 2484 alto;
1752 2437 1774 2471 ι
1832 2428 1928 2489 et,

352 2513 369 2545 ι
402 2493 544 2573 Leva
575 2512 774 2555 manus
807 2510 932 2557 tuas
962 2502 1016 2556 in
1055 2504 1343 2573 superbias
1365 2521 1558 2562 eorum
1593 2507 1649 2563 in
1684 2508 1870 2566 ﬁnem.
1901 2527 1923 2563 ι

347 2572 525 2657 (Paul.
558 2604 749 2658 cum,
784 2591 846 2660 7;
886 2608 1081 2662 Lxxm,
1110 2595 1189 2666 5.)
1750 2614 1755 2617 '

421 2679 475 2733 7.
516 2680 808 2738 Dexteram
842 2698 1009 2756 super
1047 2686 1198 2742 solos
1223 2685 1426 2756 justos,
1465 2698 1724 2763 tanquam
1755 2693 1933 2751 hono-

348 2771 611 2827 ratiorem
641 2784 854 2843 partem
879 2777 1165 2847 appellare
1191 2782 1501 2838 consuevit.
1700 2766 1703 2767 ν
1821 2832 1825 2836 .

418 2858 471 2915 8.
517 2859 585 2917 Et
612 2863 957 2934 diligentiam
993 2866 1257 2938 majorem
1288 2869 1342 2924 in
1385 2871 1597 2942 agendo
1628 2881 1933 2932 contactum

349 2961 540 3021 vocat;
591 2953 1000 3013 festinationem
1051 2960 1122 3015 ad
1163 2962 1440 3030 egentium
1474 2965 1739 3020 auxilium
1779 2967 1933 3037 pedes

348 3054 405 3100 et
438 3046 699 3101 incessum
738 3059 920 3114 vocat,
961 3051 1106 3108 sicut
1153 3071 1173 3105 ι
1203 3051 1492 3117 inclinavit
1539 3056 1713 3113 ccelos
1749 3066 1805 3113 et
1841 3059 1937 3114 de-

2030 1951 2221 2023 κακιῖγ
2271 1953 2370 2016 ὡς.
2408 1973 2427 2005 ι
2456 1953 2761 2024 Πρόσωπον
2803 1952 2861 2007 δὲ
2914 1952 3127 2025 Κυρίου
3171 1954 3267 2008 ἐπὶ
3324 1954 3624 2022 ποιοῦντας

2031 2044 2198 2098 κακά.
2230 2061 2249 2094 ι

2104 2141 2177 2200 ς’.
2225 2135 2300 2187 Τὸ
2329 2134 2625 2189 ἀνυστικὺν
2671 2134 2774 2205 τῆς
2806 2134 3094 2207 ἐνεργείας
3150 2133 3364 2202 αὐτοῦ,
3433 2137 3623 2209 χεῖρας

2029 2226 2313 2299 ὀνομάζει,
2338 2227 2416 2292 ὡς
2440 2227 2552 2283 τῶν
2574 2227 2709 2299 παρ’
2730 2229 2869 2299 ἡμῖν
2896 2227 2966 2282 τά
3000 2218 3239 2299 μάλιστα
3259 2227 3513 2300 χρειώδη
3534 2227 3623 2283 διὰ

2028 2321 2141 2390 τῆς
2168 2320 2278 2374 τῶν
2324 2320 2528 2392 χειρῶν
2583 2319 2869 2390 ἐνεργείας
2902 2320 3332 2392 κατορθοῦσθαι,
3376 2319 3491 2374 εῐτε
3528 2322 3621 2375 ἐπὶ

2030 2410 2201 2481 καλῷ,
2234 2413 2349 2465 εἴτε
2397 2412 2490 2474 ἐπὶ
2543 2410 2700 2482 κακῷ
2724 2428 2739 2443 ·
2781 2411 2858 2475 ὼς
2896 2411 2978 2479 τὸ,
3011 2430 3030 2464 ι
3062 2409 3490 2477 Ἐξαπόστειλον
3522 2410 3622 2483 τὴν

2031 2502 2194 2574 χεῖρά
2237 2519 2333 2556 σου
2363 2500 2425 2568 ἐξ
2468 2501 2673 2573 ὕψουςο
2706 2520 2726 2555 ι
2764 2503 2881 2567 καὶ,
2927 2521 2948 2555 ι
2987 2504 3237 2575 Ἐπαρον
3278 2502 3391 2569 τὰς
3435 2505 3620 2575 χεῖράς

2034 2609 2129 2646 σου
2146 2592 2240 2645 ἐπὶ
2267 2591 2369 2656 τὰς
2400 2591 2797 2662 ὑπερηερανίας
2826 2590 3009 2645 αὐτῶν
3040 2593 3123 2656 είς
3145 2592 3326 2656 τέλος.
3362 2611 3382 2645 ι

2102 2681 2170 2747 ζ’.
2208 2680 2321 2752 Τὴν
2353 2680 2539 2751 μέντοι
2570 2678 2757 2747 δεξιὰν
2788 2680 2883 2733 ἐπὶ
2942 2680 3124 2751 μόνων
3154 2680 3265 2734 τῶν
3302 2679 3521 2748 αἰσίων,

2032 2775 2145 2831 ἀπὸ
2172 2774 2507 2846 τιμιωτέρου
2536 2772 2633 2826 τοῦ
2660 2771 2887 2844 μέρους,
2918 2773 3189 2841 ἐκφωνετν
3217 2770 3435 2827 ἔοικεν.

2103 2866 2175 2939 η’.
2207 2867 2321 2921 Καὶ
2352 2865 2416 2919 rb
2443 2864 2512 2918 δι’
2540 2862 2834 2935 ἀκριϐείας
2865 2862 3034 2917 αὐτοῦ
3062 2863 3146 2927 είς
3170 2861 3487 2935 πρακτικὸν
3508 2864 3621 2917 ἐπι·

2033 2956 2428 3028 τατικώτερον,
2457 2954 2835 3023 ψηλάφησιν
2876 2951 3069 3005 καλεῖ⁸
3104 2951 3206 3024 τὴν
3234 2950 3297 3005 δὲ
3330 2949 3469 3021 πρὸς
3506 2951 3622 3009 ἐπι-

2036 3049 2268 3120 κουρίαν
2312 3046 2422 3101 τῶν
2455 3044 2733 3116 δεομένων
2766 3041 2961 3114 ῥοπὴν,
2996 3041 3192 3109 πόδας
3235 3042 3342 3107 καὶ
3373 3038 3624 3106 βάδισιν

351 3138 601 3205 scendit;
631 3158 651 3191 ι
690 3148 764 3205 et,
791 3158 811 3192 ι
841 3141 1065 3198 Andivit
1088 3143 1260 3198 Adam
1292 3142 1460 3200 Deum
1488 3145 1929 3208 deambulantem

2054 3139 2299 3210 ινομάξει
2321 3155 2338 3172 ο
2373 3138 2451 3202 ὡς
2480 3136 2563 3203 τὸ,
2602 3155 2621 3188 ι
2645 3135 2761 3190 Καὶ
2783 3135 3000 3189 ἔκλινεν
3035 3133 3337 3207 οὐρανοὺς,
3369 3132 3468 3187 καὶ
3496 3147 3624 3233 κατ-

352 3231 407 3285 in
440 3233 721 3302 paradiso.
755 3252 774 3285 ι
817 3233 995 3305 (Ριαι.
1026 3251 1164 3305 xvu,
1197 3236 1299 3305 l0;
1334 3236 1464 3294 Gen.
1504 3254 1587 3308 ιιι,
1618 3238 1699 3310 8.)

424 3406 476 3462 9.
520 3409 773 3466 Atlamen
808 3418 863 3467 et
892 3426 1036 3483 saepe
1065 3428 1163 3484 per
1207 3422 1384 3470 totum
1423 3425 1606 3473 servat
1642 3417 1941 3487 schematis

353 3500 860 3572 continuationem,
908 3504 1054 3561 sicut
1086 3505 1141 3561 in
1192 3508 1408 3578 psalmo
1452 3508 1721 3565 describit
1772 3509 1939 3566 Deum

358 3605 618 3665 tanquam
654 3595 1104 3665 descendentem,
1155 3613 1286 3654 mox
1337 3598 1691 3664 clamantem,
1745 3601 1945 3663 deinde

358 3683 465 3736 tela
519 3683 861 3751 mittentem;
907 3685 1053 3741 idem
1111 3694 1166 3742 et
1209 3685 1393 3743 facere
1440 3690 1729 3744 consuevit
1766 3698 1824 3746 et
1873 3692 1943 3747 de

358 3775 697 3840 hominibus,
729 3777 874 3834 sicut
902 3796 916 3833 :
952 3795 973 3830 ι
1003 3777 1167 3848 Eripe
1195 3779 1440 3836 animam
1469 3795 1646 3836 meam
1669 3782 1738 3838 de
1760 3784 1942 3840 medio

359 3863 606 3925 leonum.
639 3885 660 3918 ι
704 3873 759 3921 et
784 3882 907 3937 qua:
953 3877 1318 3938 sequ-untur;.
1349 3869 1464 3925 sint
1499 3879 1685 3927 autem
1729 3872 1848 3929 haec
1876 3874 1945 3929 de

362 3954 627 4011 membris
655 3963 709 4010 et
735 3955 802 4011 de
829 3957 1108 4015 sensibus.
1133 3956 1311 4030 (Psal.
1338 3973 1474 4027 xvu,
1507 3959 1608 4029 ll;
1640 3959 1836 4019 Ezech.
1863 3978 1941 4033 ιι,

361 4046 426 4114 1;
458 4045 610 4103 Psal.
644 4064 754 4115 ινι,
787 4048 865 4121 5.)
990 4113 995 4119 ,
1432 4122 1435 4125 .

433 4139 522 4193 to.
574 4140 802 4197 Consilii
854 4141 950 4198 Dei
1001 4144 1406 4215 oppositionem
1464 4147 1734 4204 adversus
1781 4148 1945 4205 mali-

362 4229 516 4299 tiam,
541 4231 682 4286 iram
710 4242 765 4288 et
787 4234 1024 4304 furorem
1072 4237 1344 4305 nominat,
1391 4238 1462 4295 ab
1492 4254 1562 4296 eo
1607 4240 1753 4310 quod
1784 4240 1946 4299 nobis

362 4321 417 4373 in
441 4321 571 4375 odio
600 4323 799 4379 accidit
826 4334 1049 4396 propter
1083 4329 1387 4394 contraria,
1421 4330 1565 4386 sicut
1594 4348 1609 4385 :
1646 4350 1667 4383 ι
1699 4330 1777 4387 Ex
1815 4340 1948 4389 tunc

363 4414 444 4466 ira
470 4421 587 4476 tua,
620 4432 639 4465 ι
678 4430 800 4485 pro,
825 4433 856 4493 ι
883 4416 967 4471 Ab
993 4417 1151 4474 initio
1194 4428 1250 4475 et
1279 4434 1519 4491 semper,
1550 4440 1570 4474 ι
1606 4424 1947 4479 contrarium

365 4519 494 4561 esse
542 4507 880 4563 consuevisti
907 4509 1093 4577 malo;
1135 4521 1225 4574 et,
1281 4531 1302 4564 ι
1334 4511 1565 4569 Etfunde
1610 4514 1747 4569 iram
1793 4522 1944 4571 tuam
1981 4531 2025 4588 ι)

365 4597 419 4651 in
454 4605 645 4669 gentes
675 4614 798 4668 qua:
828 4608 881 4654 te
914 4615 1025 4655 non
1059 4611 1377 4658 noverunt:
1412 4622 1431 4656 ι
1467 4604 1581 4659 sint
1609 4604 1728 4661 haec
1750 4605 1819 4661 de
1841 4607 1957 4678 spi-

364 4690 659 4748 ritualibus
684 4692 950 4785 motibus.
977 4692 1158 4766 (Psal.
1197 4711 1362 4767 ωιτν,
1389 4696 1458 4765 8;
1496 4713 1732 4765 Lxxvm,
1760 4698 1867 4772 6.).

437 4871 527 4925 ll.
567 4868 923 4928 Voluntatem
951 4872 1006 4927 in
1032 4854 1320 4929 servorum
1350 4873 1640 4939 auxilium,
1678 4874 1953 4931 adversa-

367 4960 577 5016 riorum
613 4976 743 5044 vero
782 4963 1125 5032 punitionem
1168 4962 1397 5035 Surgere
1443 4973 1499 5020 et
1534 4981 1724 5020 somno
1772 4966 1954 5021 excuti

366 5064 547 5120 vocat,
572 5054 716 5111 sicut
751 5073 772 5107 ι
799 5054 1070 5127 Exsurge,
1099 5055 1352 5122 Domine,
1375 5057 1578 5126 adjuva
1611 5073 1734 5113 nos.
1771 5078 1789 5112 ι
1830 5056 1955 5112 Sint

370 5146 487 5203 haec
517 5146 585 5203 de
612 5147 857 5205 motibus
889 5151 1293 5220 corporalibus.
1322 5148 1508 5221 (Psal.
1551 5168 1707 5219 mu,
1739 5148 1856 5220 26.)

447 5325 538 5382 12.
580 5326 963 5384 Tentationem
997 5328 1094 5386 Dei
1132 5340 1313 5397 vocat,
1350 5318 1800 5401 provocationem
1845 5345 1956 5387 ser-

377 5435 568 5474 vorum
600 5419 722 5491 ejus
743 5420 809 5475 ad
841 5436 981 5488 opus
1002 5421 1438 5478 benevolentiam
1473 5422 1858 5485 manifestans,
1900 5431 1960 5483 ut

377 5513 703 5569 illustriores
725 5521 780 5569 et
807 5513 1252 5571 honorabiliores
1281 5512 1703 5568 manifestcntur
1739 5521 1795 5568 et
1830 5512 1956 5568 aliis

379 5622 408 5658 a
434 5603 733 5659 lmirationi
768 5603 906 5668 sint,
946 5612 1006 5658 ut
1034 5623 1047 5659 :
1083 5623 1103 5656 ι
1133 5604 1387 5660 'l‘entavit
1418 5603 1565 5661 Deus
1599 5603 1897 5659 Abraham.
1929 5621 1946 5652 ι

383 5696 535 5768 (fieri.
570 5710 685 5750 χχιι
707 5735 721 5761 ,
748 5695 826 5765 l.)

468 5788 556 5842 l3.
596 5787 887 5846 Consuctm
925 5788 1282 5856 protoctinnis
1319 5789 1439 5854 ejus
1476 5803 1705 5853 moram,
1746 5785 1962 5840 oblivio-

2043 3230 2143 3301 ἐϐη
2169 3245 2181 3256 ’
2207 3247 2226 3282 ι
2255 3229 2374 3294 καὶ,
2417 3246 2436 3280 ι
2462 3228 2738 3281 Ἤκουσεν
2762 3225 2940 3297 ’Δδὰμ
2966 3223 3064 3280 τοῦ
3085 3223 3223 3279 Θεοῦ
3252 3220 3624 3297 περιπατοῦν-

2039 3338 2131 3384 τος
2167 3322 2227 3374 ἐν
2256 3319 2333 3390 τῷ
2357 3317 2697 3389 παραδείσῳ.
2732 3335 2752 3369 ι
2860 3376 2869 3384 ,
3324 3395 3331 3399 γ

2113 3410 2178 3466 θ’.
2215 3412 2486 3480 Μέντοιγε
2512 3409 2609 3463 καὶ
2634 3407 2804 3473 σώζει
2826 3406 3092 3471 πολλάκις
3108 3405 3207 3461 τοῦ
3236 3402 3625 3478 σχηματισμοῦ

2041 3504 2109 3559 δι’
2148 3503 2275 3558 ὅλου
2306 3503 2409 3575 τὴν
2442 3499 2811 3556 ἀκολουθίανο
2845 3501 2924 3565 ὡς
2966 3500 3026 3554 ἐν
3061 3497 3143 3570 τῷ
3170 3496 3378 3570 ψαλμῷ
3406 3497 3621 3567 διαγρά-

2044 3612 2138 3666 φει
2166 3594 2261 3648 τὸν
2288 3593 2428 3648 Θεὸν
2478 3591 2556 3658 ὡς
2587 3590 2944 3657 καταϐάντα,
2989 3585 3114 3645 εἷτα
3158 3588 3471 3661 κράξαντα,
3512 3583 3629 3655 εἶτα

2044 3686 2345 3758 πέμψαντα
2367 3683 2500 3756 βέλη
2520 3704 2535 3719 ο
2565 3683 2631 3738 τὸ
2657 3682 2794 3739 αὐτὸ
2831 3682 2889 3737 δέ
2922 3684 3100 3737 ποιεῖν
3128 3677 3241 3737 οἵδε
3270 3682 3371 3737 καὶ
3406 3682 3499 3736 ἐπὶ
3532 3682 3627 3735 ἅνω

2044 3780 2312 3853 θρώπωνο
2339 3777 2416 3842 ὡς
2445 3777 2530 3840 τὸ,
2563 3796 2582 3829 ι
2611 3775 2867 3848 Ἐρῤύσω
2886 3774 2986 3847 τὴν
3003 3774 3188 3846 ψυχήν
3221 3792 3329 3846 μου
3361 3770 3442 3830 ἐκ
3463 3772 3625 3843 μίσου

2047 3873 2340 3944 σκύμνων⁹
2383 3889 2402 3922 ι
2442 3869 2539 3925 καὶ
2574 3868 2645 3922 τά
2677 3867 2841 3939 ἐξῆςο
2889 3866 2976 3939 εἴη
3012 3868 3058 3922 δ’
3097 3866 3165 3922 ἂν
3210 3866 3393 3952 ταῦτα
3438 3865 3546 3921 ἀπό
3570 3880 3628 3917 τι

2042 3964 2153 4020 τῶν
2185 3962 2369 4034 μελῶν
2396 3962 2498 4018 καὶ
2522 3960 2632 4016 τῶν
2665 3959 3007 4032 αἰσθήσεων.
3318 3988 3326 3995 -
3682 3956 3688 3967 ’

2118 4115 2172 4174 ι’.
2211 4116 2326 4189 Τὴν
2351 4112 2628 4188 πρὸςτὴν
2652 4112 2857 4168 κακίαν
2880 4111 3248 4184 ἐναντιότητα
3267 4111 3374 4183 τῆς
3389 4109 3482 4165 τοῦ
3496 4104 3627 4167 Θεοῦ

2048 4207 2246 4280 βουλῆς
2279 4209 2471 4278 θυμὸν
2499 4207 2596 4281 κα).
2645 4204 2836 4276 ὀργὴν
2870 4204 3157 4275 ὀνομάζει,
3208 4205 3321 4261 ἀπὸ
3357 4202 3452 4258 τοῦ
3484 4198 3627 4273 παρ’

2047 4300 2180 4371 ἡμῖν
2213 4297 2315 4370 τὴν
2359 4296 2661 4368 ἀπέχθειαν
2692 4296 2834 4368 πρὸς
2868 4295 3135 4350 τάναντία
3164 4312 3230 4349 συ
3241 4294 3524 4367 μδαίνεινο
3555 4292 3626 4355 ὡς

2046 4389 2130 4459 τὸ,
2161 4408 2181 4443 ι
2205 4389 2345 4444 Ἀπδ
2383 4389 2509 4443 τότε
2535 4389 2569 4459 ή
2598 4387 2741 4460 ὀργή
2772 4405 2869 4442 σου
2890 4404 2905 4418 ο
2941 4405 2960 4439 ι
2997 4388 3146 4451 ἀντὶ,
3184 4407 3203 4439 ι
3228 4386 3323 4453 Ἐξ
3344 4386 3514 4457 ἀρχῆς
3537 4379 3626 4436 καὶ

2048 4484 2161 4538 αἰεὶ
2192 4500 2212 4535 ι
2247 4480 2511 4544 ἐναντίως
2544 4477 2803 4551 πέφυκας
2833 4478 2981 4550 ἔχειν
3013 4478 3154 4551 πρὸς
3182 4478 3245 4532 τὸ
3280 4477 3481 4551 κακόν·
3514 4472 3623 4535 καὶ,

2062 4594 2080 4627 ι
2109 4555 2343 4644 Ἕκχεον
2360 4572 2461 4643 τὴν
2493 4572 2666 4644 ὀργήν
2698 4588 2795 4645 σου
2831 4572 2926 4625 ἐπὶ
2955 4571 3024 4625 τὰ
3060 4568 3192 4641 ἔθνη
3231 4570 3301 4623 τὰ
3348 4569 3423 4639 μὴ
3471 4562 3625 4635 γινώ-

2058 4663 2262 4719 σκοντά
2300 4680 2394 4717 σεο
2422 4681 2442 4716 ι
2478 4663 2569 4733 εἴη
2602 4661 2647 4716 δ’
2683 4660 2750 4716 ἂν
2795 4659 2972 4715 ταῦτα
3014 4661 3124 4716 ἀπὸ
3170 4659 3439 4731 κινήσεων
3471 4655 3624 4727 ψυχι-

2058 4774 2191 4812 κων.

2131 4849 2223 4904 ια’.
2249 4848 2362 4919 Τὴν
2389 4846 2483 4920 ἐπὶ
2514 4845 2615 4918 μέν
2645 4847 2714 4917 τῇ
2739 4844 2849 4898 τῶν
2871 4843 3094 4897 οἰκείων
3120 4841 3368 4913 βοηθείᾳ,
3395 4837 3626 4910 τιμωρίᾳ

2056 4943 2114 4998 δὲ
2131 4942 2242 4997 τῶν
2263 4942 2503 5014 ἐχθρῶν,
2538 4941 2779 5012 αἵρεσιν,
2795 4936 3147 4993 ἀνάστασιν
3170 4953 3230 4989 τε
3258 4934 3350 4990 τοῦ
3382 4930 3513 4987 Θεοῦ
3538 4929 3624 4982 καὶ

2058 5036 2304 5105 ἔγερσιν
2333 5034 2523 5088 καλεῑο
2546 5033 2621 5097 ὡς
2653 5032 2737 5098 τδ,
2777 5049 2797 5082 ι
2856 5031 3117 5098 Ἀνάστα,
3143 5029 3341 5101 Κύριε,
3372 5025 3624 5097 βοήθησον

2061 5131 2230 5200 ἡμῖν·
2273 5146 2292 5179 ι
2343 5126 2433 5198 εἴη
2474 5120 2524 5179 ’δ’
2584 5125 2652 5181 ἂν
2680 5123 2861 5186 ταῦτα
2914 5123 3023 5176 ἀπὸ
3076 5122 3348 5194 κινήσεων
3397 5129 3623 5184 σωματι-

2065 5238 2198 5274 κων.

2038 5323 2044 5329 ”
2141 5314 2228 5384 ιβ’.
2262 5313 2469 5383 Πεῖραν
2495 5310 2589 5364 τοῦ
2612 5306 2750 5362 Θεοῦ
2776 5307 2956 5370 καλεῖ,
2987 5305 3088 5375 τὴν
3114 5294 3198 5369 είς
3228 5305 3385 5375 ἔργον
3409 5298 3500 5368 τῆς
3522 5291 3621 5347 τῶν

2064 5405 2287 5459 οἰκείων
2331 5402 2502 5457 αὐτοῦ
2555 5399 2766 5464 ἐννοίας
2801 5397 3089 5468 ἐκκλησιν,
3124 5395 3260 5467 πρὸς
3300 5391 3359 5445 τὸ
3389 5386 3618 5457 λαμπρο-

2065 5501 2259 5571 τέρους
2296 5497 2394 5551 καὶ
2430 5492 2876 5565 ἐπισημοτέρους
2924 5489 3126 5565 αὐτοὺς
3163 5480 3496 5571 καταστῆσαι
3535 5470 3619 5571 xvii

2013 5578 2020 5585 ’
2066 5562 2634 5662 περιὸλεπτοτέρους·
2667 5584 2743 5648 ὡς
2781 5582 2866 5647 τὸ,
2919 5597 2938 5633 ι
2976 5562 3203 5643 ὈΘεὺς
3251 5568 3502 5642 ἐπείραζε
3537 5562 3617 5616 τὸν

2083 5687 2410 5755 Ἀθραὰμ.ι

2149 5779 2234 5847 ιγ’.
2294 5779 2407 5848 Τὴν
2443 5775 2541 5847 τῆς
2586 5772 2848 5845 συνήθους
2888 5765 3051 5827 αὑτοῦ
3087 5758 3413 5836 προστασίας
3441 5743 3610 5808 ἀνασο-
