3930 6394
333 404 451 472 1281
1357 392 1687 455 ISAGOGE
1730 388 1809 451 IN
1848 389 1953 449 SS.
1982 384 2499 449 'SCRIPTURAS.
3420 386 3558 453 1282

330 521 436 592 λίγ’
471 514 668 581 λήθην
725 510 1023 581 ό-.ομάζειο
1064 509 1140 575 ὡς
1188 509 1271 573 τὸ,
1311 526 1329 562 ι
1369 508 1742 579 Ἐπιλανθάνῃ
1780 507 1881 578 τῆς

2006 520 2100 559 rem
2156 504 2447 567 nominat,
2504 501 2648 557 sicut
2688 520 2700 555 :
2742 518 2761 553 ι
2792 499 3149 558 Oblivisceris
3199 501 3395 572 inopia:
3463 524 3558 560 no-

329 608 589 680 ιιτωχείας
617 603 806 676 ἡμῶν.
835 623 854 657 ι

1985 606 2130 652 strae.
2171 614 2189 647 ι
2230 594 2405 664 (Prol.
2438 610 2594 661 xuu,
2624 593 2740 664 24.)

391 697 467 749 ιδ’.
510 693 616 763 Τὴν
663 692 763 764 τῆς
801 691 1121 763 προθέσεως
1149 693 1229 755 εἰς
1259 690 1421 762 ἔργον
1450 691 1887 756 ἔκδασιννκλη-

2055 690 2144 744 14.
2186 689 2416 745 Consilii
2468 689 2878 744 exsecutionem
2929 688 2984 743 in
3039 703 3210 758 opus,
3271 689 3560 759 perfectam

324 788 595 858 ροφοριαν
620 786 720 857 τῆς
746 785 842 839 τοῦ
874 784 1013 839 Θεοῦ
1043 784 1321 855 γνώσεως
1350 785 1640 848 ἀποκαλεῖ,
1666 775 1876 854 ὡςῚτὸ]

2008 781 2085 837 Dei
2110 783 2464 853 cognitionem
2491 792 2668 848 vocat,
2702 792 2962 852 tanquam
3002 797 3125 852 quas
3149 796 3314 851 opera
3339 799 3367 837 a
3401 785 3560 838 nobis

328 880 449 951 παρ’
474 880 609 949 ἡμῖν
640 876 1067 948 ἀξιοπιστότερα
1095 876 1209 929 τῶν
1250 876 1432 943 λόγων
1457 875 1527 928 τὰ
1553 874 1880 945 πράγματα,

2009 875 2186 930 nelius
2226 876 2407 931 verbis
2447 874 2570 929 ﬁdei
2604 874 3005 940 convenientia,
3055 877 3220 941 sicut,
3270 895 3289 928 ι
3322 874 3561 931 Descen-

327 974 396 1034 ὡς
418 973 495 1036 τὺ,
531 988 550 1021 ι
575 970 836 1033 Κατασὰς
862 965 957 1025 οὖν
992 969 1223 1040 coepu-
1249 968 1301 1021 εἰ
1332 967 1477 1021 κατὰ
1506 965 1609 1037 τὴν
1633 964 1879 1035 κραυγὴν

2012 967 2111 1020 lam
2158 975 2213 1021 et
2242 965 2437 1021 videbo
2482 974 2664 1021 utrum
2698 966 2997 1021 clamorem
3048 968 3140 1037 qui
3175 968 3323 1022 venit
3364 967 3430 1021 ad
3476 981 3564 1022 me

327 1062 492 1114 αὐτῶν
513 1060 609 1132 τὴν
651 1061 956 1133 ἐρχομένην
1000 1060 1140 1132 πρός
1182 1075 1249 1130 με
1285 1057 1698 1135 συντελοῦνταις
1741 1056 1792 1108 εἰ
1832 1053 1879 1106 δὲ

2008 1070 2154 1126 »ρει-ε
2187 1056 2600 1127 compleverint,
2629 1071 2696 1110 an
2730 1070 2842 1111 non
2865 1065 2952 1112 est
2982 1059 3076 1124 ita,
3109 1067 3168 1113 ut
3197 1059 3402 1124 sciam;
3431 1078 3452 1111 ι
3486 1069 3560 1125 et,

329 1152 419 1224 μὴ,
441 1151 526 1204 ἵνα
553 1150 667 1220 γνῶ
685 1161 699 1177 ’
734 1169 754 1202 ι
782 1150 877 1203 καὶ
906 1150 991 1215 τὸ,
1026 1168 1045 1202 ι
1082 1149 1198 1203 Νῦν
1221 1149 1396 1216 ἔγνων
1422 1148 1506 1201 δτι
1528 1145 1670 1217 φοσῇ
1703 1146 1769 1198 σὺ
1797 1144 1881 1197 τὸν

2008 1165 2014 1199 ι
2048 1145 2206 1203 Nunc
2241 1146 2472 1219 cognovi
2515 1146 2663 1217 quod
2715 1148 2877 1204 times
2927 1147 3117 1204 Deum.
3150 1167 3169 1200 ι
3208 1147 3361 1219 (Gen.
3404 1164 3560 1215 xvm,

326 1242 469 1296 Θεόν.
513 1258 532 1292 ι
1987 1238 2053 1293 21
2082 1257 2098 1302 ;
2130 1255 2268 1302 xm,
2304 1239 2418 1307 12.)

391 1338 470 1386 ιε’.
507 1331 579 1384 Τὸ
608 1330 855 1402 ἄφυκτον
889 1330 986 1386 τοῦ
1035 1330 1176 1385 Θεοῦ
1206 1330 1384 1402 δίκης,
1416 1331 1674 1399 ἔρευναν
1701 1328 1886 1382 καλεῖο

2068 1330 2153 1385 15.
2215 1329 2373 1397 Quod
2422 1332 2587 1387 vitari
2639 1332 2735 1388 Dei
2764 1331 2979 1402 justitia
3023 1342 3276 1404 nequeat,
3332 1333 3566 1389 scrutari

326 1425 395 1488 ὡς
425 1423 501 1491 τὸ,
530 1441 549 1475 ι
572 1424 685 1478 Καὶ
718 1423 872 1478 ἔσται
902 1425 963 1478 ἑν
990 1426 1058 1494 τῇ
1088 1424 1276 1494 ἡμέρᾳ
1310 1421 1517 1493 ἐκείνῃ,
1547 1421 1878 1493 ὲξερευνήσιι

2013 1429 2172 1488 rocat',
2215 1423 2379 1488 sicut,
2423 1441 2440 1474 ι
2469 1423 2537 1477 Et
2580 1424 2686 1479 erit
2730 1424 2785 1477 in
2833 1432 3075 1494 tempore
3114 1426 3205 1480 illo
3232 1465 3247 1487 ,
3278 1427 3565 1480 scrutabor

325 1516 417 1586 τὴν
453 1513 816 1587 Ἰερουσαλὴμ
842 1516 982 1585 μετὰ
1004 1514 1257 1586 λύχνου.»
1284 1512 1387 1584 Εῐη
1409 1513 1455 1566 δ’
1479 1513 1546 1567 ἂν
1573 1512 1746 1567 ταῦτα
1783 1510 1877 1566 ἀπε

2011 1510 2293 1568 Ierusalem
2329 1513 2384 1566 in
2430 1513 2696 1568 lucernis.
2731 1532 2751 1566 ι
2796 1514 2920 1569 Sint
2962 1515 3079 1570 haec
3108 1517 3175 1570 de
3213 1516 3563 1586 passionibus

327 1603 508 1657 παθῶν
535 1603 813 1674 ψυχικῶν.

1992 1602 2395 1672 spiritualibus.
2419 1600 2605 1673 (Soph.
2628 1619 2667 1670 ι,
2702 1603 2814 1671 12.)

392 1699 486 1759 ις’.
522 1694 635 1759 Τὴν
668 1694 770 1764 τῆς
798 1694 945 1750 κατὰ
970 1694 1081 1749 τῶν
1120 1693 1331 1766 ἐχθρῶν
1356 1694 1435 1767 (5)
1476 1694 1645 1749 αὐτοῦ
1674 1694 1894 1766 ἀμύνης

2064 1692 2153 1747 16.
2196 1693 2373 1763 lpsius
2421 1694 2475 1747 in
2523 1693 2761 1762 vindicta
2810 1703 3001 1750 contra
3035 1694 3223 1751 hostes
3262 1696 3567 1751 cunctatio-

326 1785 636 1855 ὑπέρθεσιν,
658 1786 759 1856 τήν
778 1803 839 1839 τε
870 1784 1011 1858 πρὸς
1029 1785 1159 1849 τοὺς
1180 1786 1420 1852 οἰκείους
1443 1786 1739 1859 ἐπίκουρον
1770 1786 1878 1859 βρα

2020 1796 2154 1849 lem,
2208 1782 2263 1837 in
2317 1782 2651 1837 auxiliandis
2698 1784 2875 1839 servis
2923 1798 3177 1850 moram,
3223 1800 3464 1839 sonticum
3514 1796 3572 1840 et

323 1853 548 1946 δυτῆτα,
601 1853 957 1947 νυάταγμὸν
1001 1877 1100 1932 καὶ
1146 1877 1348 1933 ὕπνον
1390 1881 1487 1933 καὶ

2024 1889 2257 1943 oporem,
2284 1882 2339 1929 et
2366 1874 2559 1943 capitis
2586 1872 2923 1944 gravedinem
2965 1882 3161 1939 vocat;
3194 1873 3338 1928 sicut
3358 1912 3374 1938 ,
3412 1891 3433 1925 ι
3459 1873 3573 1928 Ex-

324 1966 612 2020 ἀποκαλεϊο
637 1966 713 2031 ὡς
749 1966 832 2034 τὸ,
870 1986 888 2019 ι
916 1967 1296 2039 Ἐξεγέρθητι,
1330 1969 1418 2023 ῐνα
1448 1969 1503 2023 τί
1543 1970 1755 2033 ὑπνοτς,
1784 1968 1876 2023 liti

2023 1978 2182 2033 urge,
2217 1978 2389 2033 quare
2420 1963 2724 2026 obdormis,
2778 1962 3040 2018 Domine?
3068 1980 3088 2014 ι
3134 1971 3208 2026 et,
3247 1981 3265 2012 ι
3293 1960 3410 2017 Νοη
3443 1963 3575 2017 dor-

326 2074 437 2127 pte;
469 2077 490 2111 ο
527 2059 646 2124 καὶ,
678 2076 697 2111 ι
725 2059 802 2112 Οὐ
841 2057 918 2131 μὴ
974 2060 1217 2131 νυστάξῃ
1268 2060 1395 2114 οὐδὲ
1448 2061 1676 2132 ὑπνώσῃ
1716 2063 1746 2116 ό
1791 2079 1878 2130 φυ-

2024 2053 2215 2110 uitabit
2260 2068 2435 2124 neque
2485 2055 2725 2110 dormiet
2752 2052 3349 2125 qui-custoditlsrael.
3382 2070 3401 2105 ι
3451 2050 3576 2108 Sint

323 2147 529 2203 λάσσων
560 2150 654 2204 τὸν
676 2148 922 2222 Ἰσραήλ.
962 2167 982 2202 ι
1017 2151 1121 2223 Είη
1162 2150 1210 2205 δ’
1247 2151 1315 2207 ἂν
1346 2151 1524 2208 ταῦτα
1566 2151 1675 2207 ἀπὸ
1705 2152 1875 2207 παθῶε

2019 2160 2116 2201 me
2166 2146 2234 2201 de
2288 2146 2642 2217 passionibus
2691 2145 3094 2218 corporalibus.
3151 2144 3343 2215 (Prol.
3400 2160 3571 2212 mu,

325 2241 677 2310 σωματικῶν.
1174 2252 1182 2259 ’

1174 2252 1182 2259 ·
1996 2236 2100 2303 25;
2138 2251 2266 2305 cxx,
2297 2236 2393 2304 4.)
2439 2230 2445 2236 ’

392 2334 478 2399 ιζ’.
511 2334 630 2405 Τὴν
652 2333 1000 2406 καταθύμιον
1028 2334 1107 2406 τῷ
1131 2334 1252 2405 Θεῷ
1277 2333 1557 2388 πολιτείαν
1577 2333 1737 2405 ἡμῶν
1757 2333 1902 2404 ἀγά-

2030 2353 2035 2356 ι
2072 2325 2161 2380 li.
2202 2325 2425 2382 Gratam
2458 2324 2572 2382 Deo
2597 2326 2791 2398 agendi
2820 2326 3088 2397 rationem
3113 2325 3314 2390 nostri,
3340 2341 3571 2382 amorem

325 2442 445 2495 πην
477 2426 651 2481 αὐτοῦ
686 2426 835 2496 μάλα
862 2443 927 2495 γε
958 2427 1188 2490 εἰκότως
1226 2423 1512 2496 ὀνομάζει.

1394 2423 1512 2489 ιζει.
1999 2418 2122 2487 ejus
2147 2417 2311 2472 valde
2345 2417 2737 2473 convenienter
2765 2425 2946 2473 vocat.

395 2518 485 2588 ιη’.
526 2520 704 2583 Μῖσος
735 2518 815 2585 δὲ,
855 2517 917 2572 τὸ
945 2516 1045 2589 τὴν
1085 2515 1338 2575 ἐναντίαν
1357 2516 1458 2587 τῆς
1477 2514 1641 2571 αὐτοῦ
1666 2513 1907 2586 βαδίζειν

2075 2510 2165 2566 18.
2207 2507 2406 2565 Odium
2453 2508 2594 2580 ejus,
2625 2510 2961 2565 contrarium
3003 2508 3126 2579 ejus
3160 2508 3461 2565 voluntatis
3494 2509 3578 2564 in-

329 2609 660 2679 βουλήσεως.
982 2594 985 2599 ’

982 2594 985 2599 ’
2001 2599 2215 2656 cedere.

395 2700 480 2755 ιθ’.
514 2700 630 2756 Καὶ
661 2697 870 2768 ζῆλον,
899 2698 964 2753 τὸ
979 2699 1109 2763 τοὺς
1133 2697 1370 2762 οἰκείους
1386 2697 1653 2769 τιμωρεῖν
1671 2711 1686 2727 ο
1716 2695 1794 2759 ὡς
1819 2694 1902 2761 τὸ,

2076 2690 2162 2745 19.
2208 2690 2273 2745 Et
2323 2690 2516 2753 zelum,
2572 2704 2762 2745 servos
2806 2689 3023 2759 punire,
3077 2689 3258 2755 sicut,
3308 2707 3329 2741 ι
3359 2687 3581 2745 Zelatus

332 2809 350 2842 ι
377 2791 657 2862 Ἐζὴλωσε
687 2789 894 2861 Κύριος
921 2788 1021 2861 τὴν
1040 2788 1149 2859 γῆν
1176 2787 1368 2843 αὐτοῦ.
1403 2808 1423 2842 ο
1446 2787 1547 2859 Είη
1575 2787 1623 2841 δ’
1645 2787 1711 2841 ἂν
1734 2785 1884 2840 ταῦτι

2026 2790 2088 2836 :st
2118 2780 2377 2835 Dominus
2413 2789 2616 2836 terram
2655 2781 2795 2851 ejus.
2827 2799 2847 2834 ι
2881 2780 3007 2835 Sint
3036 2781 3152 2836 haec
3177 2781 3245 2837 de
3273 2780 3578 2839 affectibus.

326 2882 434 2936 ἀπὸ
465 2880 790 2936 διαθέσεων.

2007 2871 2149 2943 (1οεί
2198 2886 2263 2937 ιι,
2292 2870 2405 2942 18.)

390 2981 461 3030 δι’.
509 2976 625 3046 Τὴν
658 2973 758 3044 τῆς
792 2970 1155 3045 Ἰερουσαλὴμ
1191 2972 1286 3026 καὶ
1321 2971 1422 3045 τὴν
1464 2973 1561 3042 τῆς
1590 2970 1908 3043 Σαμαρείας

2077 2962 2169 3019 20.
2209 2963 2518 3019 Jerusalem
2542 2970 2597 3016 et
2622 2960 2883 3017 Samariae
2909 2975 3038 3032 erga
3064 2960 3232 3016 Deum
3261 2960 3582 3027 amicitiam,

328 3067 461 3137 πρὸς
477 3065 573 3121 τὸν
594 3064 729 3119 Θεὸν
744 3064 1045 3131 οἰκείωσιν,
1069 3064 1411 3133 μνηστείαν
1430 3062 1538 3117 τοῦ
1557 3062 1707 3118 Θεοῦ
1727 3063 1880 3116 καλεῖ

2034 3052 2289 3124 .ponsalia
2319 3051 2413 3108 Dei
2446 3061 2621 3117 vocat,
2654 3052 2707 3108 in
2739 3050 3006 3107 feminina
3034 3053 3413 3107 enuntiatione
3429 3052 3586 3122 juxta

327 3158 412 3213 διὰ
444 3158 505 3212 τὺ
543 3155 803 3228 θηλυκῶς
847 3155 991 3209 κατὰ
1034 3155 1388 3225 μετωνυμίαν
1415 3154 1527 3208 ἀπὸ
1557 3154 1667 3207 τῶν
1698 3153 1879 3208 πόλεω

2033 3145 2251 3200 ιοιιιίιιίε
2293 3144 2603 3215 analogiam
2647 3158 2772 3199 cum
2821 3143 3042 3199 urbium
3089 3142 3491 3199 habitatoribus
3519 3158 3585 3198 ex

327 3249 454 3314 τοὺς
492 3248 795 3318 οἰκήτορας
827 3244 1152 3316 ὀνομάζειν,
1210 3246 1276 3299 ἐκ
1308 3246 1627 3316 μεταφορᾶς
1676 3245 1785 3297 τῶν
1816 3261 1879 3312 γυ

2036 3235 2307 3290 nulierum
2363 3236 2709 3305 metaphora,
2755 3234 2921 3298 sicut,
2970 3252 2990 3287 ι
3027 3232 3318 3305 Sponsabo
3361 3243 3415 3290 te
3450 3234 3588 3289 mihi

330 3337 535 3391 ναικῶν
554 3351 570 3366 ’
608 3335 685 3398 ὡς
706 3334 789 3401 τὸ,
830 3351 850 3386 ι
881 3332 1315 3404 Μνηστεύσομαί
1355 3349 1416 3385 σε
1441 3331 1667 3403 ὶμαυτῷ
1705 3334 1786 3395 εἰς
1818 3332 1880 3385 τὸ

1466 3331 1667 3403 ,μαυτῷ
1705 3334 1786 3395 εἰς
1818 3332 1912 3385 τὸν
2013 3325 2068 3380 in
2099 3326 2516 3398 sempiternum.
2556 3345 2573 3378 ι
2613 3325 2769 3397 (Osee
2802 3342 2867 3393 ιι,
2903 3323 3018 3398 19.)

333 3428 529 3483 αἰῶνα.
564 3445 585 3480 ι

397 3546 506 3595 κα’.
534 3540 754 3609 Ὠσπερ
800 3537 897 3591 καὶ
938 3535 1040 3609 τὴν
1091 3536 1232 3611 πρὸς
1272 3536 1343 3591 τὰ
1390 3535 1588 3591 εἴδωλα
1637 3536 1913 3611 οἰκείωσιν

2079 3523 2171 3579 21.
2227 3522 2382 3578 Sicut
2443 3530 2499 3577 et
2543 3536 2671 3594 erga
2707 3521 2853 3577 idola
2912 3521 3205 3578 servitium
3264 3519 3588 3577 adulterium

327 3632 614 3701 μοιχείαν
640 3604 937 3684 ἀποκαλεῖ-ο
974 3604 1042 3682 δι’
1084 3604 1167 3701 1)ιῖ
1193 3630 1290 3683 καὶ
1335 3627 1542 3699 βιϐλίον
1578 3604 1879 3699 ἀποστσῖσίο

2041 3625 2173 3670 'ocat
2207 3630 2302 3684 per
2334 3614 2480 3684 quod
2520 3626 2574 3669 et
2608 3614 2853 3669 libellum
2887 3613 3100 3685 repudii
3138 3613 3191 3668 in
3222 3628 3419 3669 manus
3449 3614 3593 3670 acci-

333 3725 414 3788 εἰς
440 3725 546 3787 τὰς
574 3724 770 3793 χεῖρας
795 3719 1068 3790 λαμϐάνει
1086 3720 1485 3792 Ἰερουσαλήμ.

896 3719 1068 3775 ιδάνει
1086 3720 1416 3792 -Ίερουσαλή
1427 3738 1485 3790 μ.
2014 3707 2089 3778 pit
2118 3706 2448 3762 Jerusalem.

404 3837 512 3907 κβ’.
551 3833 726 3888 Οὐδὲν
754 3828 921 3904 ἦττον
951 3833 1045 3887 καὶ
1081 3834 1149 3903 τῇ
1178 3831 1273 3886 τοῦ
1316 3832 1532 3903 Πατρδς
1568 3832 1917 3907 προσηγορία

2085 3821 2176 3875 22.
2216 3818 2328 3874 Nec
2370 3819 2553 3872 minus
2596 3826 2651 3872 et
2697 3817 2751 3872 in
2798 3818 3145 3874 invocatione
3191 3818 3371 3876 Patris
3415 3820 3593 3876 bono-

332 3927 393 3979 τὸ
429 3904 571 3997 πρὸς
607 3926 809 3988 αὐτοὺς
846 3923 942 3977 τοῦ
983 3923 1120 3977 Θεοῦ
1176 3922 1338 3985 κῦδος
1389 3921 1669 3993 ἐμφαίνει,
1708 3904 1802 3975 κᾶι
1848 3930 1884 3975 τ

2041 3926 2132 3967 ἐιη
2184 3910 2280 3966 Dei
2329 3908 2397 3963 ad
2443 3909 2593 3977 ipsos
2631 3908 2998 3977 manifestat,
3050 3919 3105 3965 et
3142 3911 3196 3965 in
3246 3910 3593 3967 invocatione

331 4016 429 4070 τοῦ
462 4016 845 4089 Πρωτοτόκου.
880 4015 983 4086 Είη
1028 4014 1073 4068 δ’
1128 4014 1195 4069 ἂν
1228 4012 1403 4068 ταῦτα
1446 4013 1556 4067 ἀπὸ
1607 4013 1803 4067 κοινῶν
1829 4013 1883 4067 δο

1791 4029 1803 4064 ρ
1829 4013 1918 4067 δο-
2019 4001 2403 4075 Primogeniti;
2444 4001 2557 4058 sint
2587 4000 2704 4057 haec
2734 4001 2803 4057 de
2836 4002 3116 4057 communi
3146 4000 3343 4072 gloria.

337 4106 465 4173 ξῶν.
1394 4120 1401 4127 ’

404 4225 517 4289 κγ’.
557 4219 633 4272 To
656 4219 859 4289 κράτος
879 4217 976 4272 καὶ
1001 4216 1100 4288 τὴν
1123 4210 1283 4285 δίκην
1305 4216 1399 4270 τοῦ
1417 4216 1557 4270 Θεοῦ
1580 4215 1823 4271 κάθισιν
1840 4216 1917 4288 (1)

2090 4225 2181 4279 23.
2224 4222 2528 4279 Potentiam
2574 4231 2629 4278 et
2673 4222 2941 4294 justitiam
2985 4223 3081 4279 Dei
3130 4226 3414 4282 sessionem
3473 4229 3597 4300 ejus

334 4308 504 4364 αὑτοῦ
541 4309 638 4364 καὶ
664 4307 882 4375 θρόνον
912 4306 1192 4377 ὀνομάζει,
1222 4305 1331 4359 ἀπὸ
1354 4307 1447 4360 τοῦ
1475 4306 1605 4379 παρ’
1630 4309 1766 4379 ἡμῖν
1792 4310 1886 4362 τοὺ

2043 4326 2077 4370 :t
2107 4316 2351 4371 thronum
2399 4327 2593 4381 vocat,
2644 4331 2710 4371 ex
2761 4331 2827 4372 eo
2876 4318 3024 4387 quod
3078 4320 3221 4388 apud
3269 4337 3371 4377 nos
3411 4322 3463 4376 hi
3502 4326 3595 4394 qui

337 4400 437 4472 τὴν
470 4400 569 4455 τοῦ
604 4400 817 4471 κρίνειν
850 4415 911 4451 τε
954 4397 1052 4452 καὶ
1095 4398 1346 4463 κολάζειν
1398 4397 1621 4469 ἔχοντας
1648 4399 1889 4466 ἐξουσίαν

2048 4407 2302 4463 udicandi
2339 4416 2396 4462 et
2432 4406 2694 4476 puniendi
2719 4406 2844 4476 jure
2882 4395 3139 4463 fruuntur
3179 4425 3347 4479 super
3373 4412 3600 4466 thronos

338 4494 435 4549 ἐπὶ
465 4493 674 4564 θρόνων
705 4491 1056 4562 καθημένους
1085 4490 1359 4544 ποιεῖσθαι
1394 4491 1495 4563 τὴν
1520 4489 1774 4557 ἐξέτασιν
1794 4508 1810 4523 ο
1846 4491 1890 4545 ὠ

2048 4499 2282 4555 ιεάειιιεε
2302 4498 2396 4567 jus
2420 4509 2738 4563 exerceant,
2773 4498 2934 4566 sicut,
2980 4519 2999 4552 ι
3031 4498 3232 4557 Sedisti
3263 4516 3426 4569 super
3451 4505 3600 4557 thro-

339 4586 421 4651 τὸ,
465 4605 486 4638 ι
511 4584 811 4648 Ἐκάθισας
845 4583 939 4636 ἐπὶ
967 4582 1159 4654 θρόνου
1187 4585 1216 4636 ὁ
1249 4582 1453 4654 κρίνων
1480 4583 1831 4654 δικαιοσύνην
1852 4601 1867 4617 ο

2048 4606 2159 4645 tum
2220 4591 2315 4660 qui
2360 4589 2579 4659 judicas
2621 4589 2985 4659 justitiam“
3044 4600 3131 4658 et,
3193 4611 3212 4643 ι
3244 4591 3389 4648 Deus
3448 4594 3600 4647 sedit

339 4678 462 4744 καὶ,
508 4695 526 4730 ι
562 4677 622 4730 '0
660 4675 794 4738 Θεδς
828 4673 1066 4739 κάθηται
1105 4674 1198 4727 ἐπὶ
1243 4674 1433 4744 θρόνου
1475 4675 1635 4757 ἁγίου
1668 4675 1834 4729 αὐτοῦ
1857 4692 1871 4706 ·

2045 4696 2191 4752 super
2240 4680 2424 4757 sedem
2481 4688 2729 4735 sanctam
2781 4694 2973 4746 suam;
3007 4698 3027 4731 ›
3083 4689 3158 4745 et,
3214 4697 3234 4730 ι
3267 4680 3433 4736 Sedes
3484 4691 3597 4745 tua,

342 4771 464 4834 καὶ,
503 4788 522 4822 ι
571 4769 629 4823 '0
666 4767 855 4839 θρόνος
887 4784 1018 4831 σου,
1070 4768 1098 4820 ό
1154 4766 1325 4832 Θεὸς,
1356 4769 1438 4831 είς
1482 4754 1578 4821 τὸν
1624 4766 1801 4822 αἰῶνα
1830 4784 1894 4822 το

2051 4771 2192 4836 )eus,
2232 4772 2287 4825 in
2327 4754 2585 4826 saeculum
2618 4770 2839 4835 saeculi;
2871 4789 2891 4822 ι
2927 4778 3004 4835 et,
3044 4788 3063 4820 ι
3094 4769 3197 4836 Qui
3238 4770 3398 4827 sedes
3437 4787 3603 4842 super

300 4856 305 4859 ⁷
343 4861 584 4925 αἰῶνος·
622 4879 641 4913 ι
673 4860 791 4923 καὶ,
832 4879 850 4913 ι
886 4859 943 4912 '0
970 4858 1283 4929 καθήμενος
1313 4861 1409 4914 ἐπὶ
1447 4858 1558 4914 τῶν
1583 4859 1850 4932 χερουϐίμ

2042 4862 2344 4926 Zherubim,
2379 4880 2397 4914 ι
2436 4862 2548 4916 sint
2579 4861 2694 4915 haec
2716 4862 2784 4914 de
2811 4851 3186 4931 dignitatibus.
3218 4859 3391 4933 (Psal.
3423 4878 3497 4929 Ix,
3523 4864 3594 4929 5;

346 4952 452 5024 Είη
493 4954 539 5007 δ’
568 4953 634 5008 ἂν
661 4952 835 5007 ταῦτα
863 4952 974 5007 ἀπὸ
1003 4952 1358 5022 ἀξιωμάτων.

1337 4972 1358 5006 ‘-
2025 4972 2172 5021 xui,
2197 4958 2269 5023 9;
2306 4970 2453 5020 xciv,
2486 4953 2549 5019 8;
2589 4968 2777 5018 Lxxrx,
2806 4951 2889 5023 2.)

416 5068 523 5122 κδ’.
563 5068 675 5140 Τὴν
700 5065 1098 5140 δημιουργικὴν
1123 5065 1289 5119 αὐτοῦ
1321 5065 1633 5136 ἐνέργειαν,
1658 5065 1789 5119 ποτὲ
1823 5066 1923 5136 μὲν

2097 5069 2190 5123 24.
2231 5067 2562 5124 Creatricem
2604 5064 2727 5134 ejus
2769 5066 3075 5135 encrgiam,
3121 5066 3236 5121 sive
3268 5082 3363 5137 per
3394 5058 3603 5137 jussio-

344 5159 441 5214 διὰ
497 5159 949 5229 προστάγματος,
980 5159 1058 5221 ὡς
1102 5159 1197 5210 ἐπὶ
1241 5158 1350 5210 τῶν
1383 5156 1625 5211 λοιπῶν·
1689 5158 1822 5211 ποτε
1867 5159 1895 5212 δ

2052 5174 2157 5215 rem
2188 5159 2333 5215 sicut
2357 5159 2424 5213 de
2447 5156 2698 5227 reliquis,
2732 5157 2846 5211 sive
2877 5172 2972 5226 per
2995 5158 3169 5226 ipsam
3206 5159 3604 5228 operationem.

346 5251 417 5305 δι’
449 5250 804 5322 αὑτουργίας,
834 5248 1026 5320 ὥσπερ
1052 5249 1137 5318 ἐφ’
1163 5247 1323 5320 ἡμῶν
1352 5249 1655 5319 παρίστησι
1696 5249 1792 5303 καὶ
1823 5249 1898 5313 ζω

2052 5254 2184 5310 ιὶειιι
2214 5268 2313 5323 pro
2353 5252 2512 5305 nobis
2540 5248 2834 5318 exprimit;
2865 5258 2919 5303 et
2942 5249 3252 5305 describere
3278 5249 3604 5317 Jerusalem,

348 5347 590 5416 γραφεῖν
636 5344 736 5415 τὴν
774 5343 1165 5416 Ἰερουσαλὴμ,
1206 5344 1303 5398 καὶ
1348 5343 1609 5413 φράττειν
1647 5342 1746 5414 τὴν
1790 5343 1900 5396 ὁδὸν

2057 5351 2094 5397 ξι
2132 5340 2479 5397 circumdare
2525 5340 2692 5405 viam,
2721 5347 2776 5392 et
2820 5340 3073 5410 laqueum
3119 5350 3341 5412 rethuc
3388 5343 3455 5398 ad
3485 5360 3609 5415 per-

1506 5457 1737 5514 DAVID.
1784 5459 2180 5517 HCESCIIELII
2222 5460 2458 5516 NOTAE.

429 5555 510 5623 (5)
555 5553 731 5627 Verba
785 5556 837 5610 in
889 5571 1024 5611 mss.
1076 5556 1448 5625 transposita,
1498 5554 1599 5625 τὴν
1646 5554 1787 5610 κατὰ
1835 5558 1936 5627 τῆς
2044 5557 2099 5627 in
2159 5556 2428 5627 Adamum
2487 5551 2760 5627 hostiliter
2812 5552 3085 5627 impetum
3143 5553 3273 5627 fecit
3324 5571 3339 5608 :
3389 5554 3488 5627 sed
3541 5570 3606 5610 ex

348 5621 469 5682 τῶν
504 5625 733 5695 ἐχθρῶν.
1156 5694 1163 5695 7
1236 5621 1251 5625 ’
1492 5693 1499 5695 A
1528 5621 1565 5695 γ’
1726 5668 1729 5669 ,
1889 5621 1899 5627 ’

2055 5626 2180 5682 Gen.
2215 5643 2366 5689 ηις,
2398 5625 2486 5682 17.
2523 5624 2629 5694 leg.
2671 5621 2912 5695 ἐγενήθη
2940 5623 3054 5694 (sic
3085 5632 3139 5679 et
3170 5623 3607 5695 Prompiusms.

434 5695 515 5767 ﬂ)
535 5691 659 5749 'Pro
688 5695 905 5767 κάθισιν
929 5694 1126 5767 legitur
1153 5694 1376 5767 inrmss.
1407 5693 1751 5767 καθίστησιν.

2059 5707 2095 5752 ιι
2130 5696 2378 5750 Romana
2406 5691 2598 5767 editio,
2633 5702 2688 5749 et
2720 5691 2968 5764 quadam
3011 5694 3164 5761 alim,
3197 5691 3504 5765 γενηθήτω)
3534 5695 3611 5767 τῷ

436 5764 569 5820 Mira
618 5765 907 5834 utriusque
959 5763 1164 5818 codicis
1206 5766 1555 5833 depravatio,
1613 5763 1676 5818 ex
1730 5780 1928 5820 sensus

1044 5765 1164 5818 licis
1206 5766 1555 5833 depravatio,
1613 5763 1676 5818 ex
1730 5780 1928 5820 sensus
2037 5767 2144 5822 Δὰν
2176 5767 2298 5835 ὄφις
2336 5764 2417 5834 ἐφ’
2453 5763 2594 5819 ὀδοῦ.

361 5835 849 5892 verisimilitudine
895 5846 1016 5889 orta
1050 5851 1063 5888 :
1103 5850 1227 5890 nam
1261 5850 1490 5905 serpens
1541 5836 1631 5891 iile
1663 5837 1926 5905 antiquus
2462 5874 2471 5879 Α
