  <div class='ocr_page' id='page_1' title='image "/cluster/home/n/w/nwhite01/storage/ocr_20150623/98/coo.31924054870021/653.png"; bbox 0 0 3930 6388; ppageno 0'>
   <div class='ocr_carea' id='block_1_1' title="bbox 441 367 579 433">
    <p class='ocr_par' dir='ltr' id='par_1_1' title="bbox 441 367 579 433">
     <span class='ocr_line' id='line_1_1' title="bbox 441 367 579 433; baseline -0.007 0"><span class='ocrx_word' id='word_1_1' title='bbox 441 367 579 433; x_wconf 77' lang='lat'><strong>1287</strong></span> 
     </span>
    </p>
   </div>
   <div class='ocr_carea' id='block_1_2' title="bbox 1914 364 2238 427">
    <p class='ocr_par' dir='ltr' id='par_1_2' title="bbox 1914 364 2238 427">
     <span class='ocr_line' id='line_1_2' title="bbox 1914 364 2238 427; baseline -0.003 -2"><span class='ocrx_word' id='word_1_2' title='bbox 1914 364 2238 427; x_wconf 81' lang='lat' dir='ltr'><strong>ADRIANI</strong></span> 
     </span>
    </p>
   </div>
   <div class='ocr_carea' id='block_1_3' title="bbox 3556 369 3682 434">
    <p class='ocr_par' dir='ltr' id='par_1_3' title="bbox 3556 369 3682 434">
     <span class='ocr_line' id='line_1_3' title="bbox 3556 369 3682 434; baseline 0.024 -3"><span class='ocrx_word' id='word_1_3' title='bbox 3556 369 3682 434; x_wconf 74' lang='lat'><strong>1288</strong></span> 
     </span>
    </p>
   </div>
   <div class='ocr_carea' id='block_1_4' title="bbox 438 464 2030 561">
    <p class='ocr_par' dir='ltr' id='par_1_4' title="bbox 438 481 2016 555">
     <span class='ocr_line' id='line_1_4' title="bbox 438 481 2016 555; baseline -0.002 -15"><span class='ocrx_word' id='word_1_4' title='bbox 438 500 495 540; x_wconf 80' lang='grc' dir='ltr'>ιη</span> <span class='ocrx_word' id='word_1_5' title='bbox 529 483 767 554; x_wconf 82' lang='lat' dir='ltr'><strong>idipsum</strong></span> <span class='ocrx_word' id='word_1_6' title='bbox 806 482 1076 537; x_wconf 83' lang='lat' dir='ltr'><strong>dormiam</strong></span> <span class='ocrx_word' id='word_1_7' title='bbox 1104 489 1159 537; x_wconf 88' lang='lat' dir='ltr'><strong>et</strong></span> <span class='ocrx_word' id='word_1_8' title='bbox 1190 481 1553 552; x_wconf 81' lang='lat' dir='ltr'><strong>requiescam.</strong></span> <span class='ocrx_word' id='word_1_9' title='bbox 1587 503 1606 536; x_wconf 75' lang='grc' dir='ltr'><strong>ι</strong></span> <span class='ocrx_word' id='word_1_10' title='bbox 1649 482 1824 555; x_wconf 81' lang='lat' dir='ltr'><strong>(Psal.</strong></span> <span class='ocrx_word' id='word_1_11' title='bbox 1848 499 2016 551; x_wconf 80' lang='lat' dir='ltr'><strong>mu,</strong></span> 
     </span>
    </p>
   </div>
   <div class='ocr_carea' id='block_1_5' title="bbox 2149 464 3680 561">
    <p class='ocr_par' dir='ltr' id='par_1_5' title="bbox 2149 482 3680 561">
     <span class='ocr_line' id='line_1_5' title="bbox 2149 482 3680 561; baseline 0.004 -25"><span class='ocrx_word' id='word_1_12' title='bbox 2149 500 2267 538; x_wconf 70' lang='grc' dir='ltr'>ιων·</span> <span class='ocrx_word' id='word_1_13' title='bbox 2293 503 2313 537; x_wconf 73' lang='grc' dir='ltr'><strong>ι</strong></span> <span class='ocrx_word' id='word_1_14' title='bbox 2342 486 2457 552; x_wconf 71' lang='grc' dir='ltr'>καὶ,</span> <span class='ocrx_word' id='word_1_15' title='bbox 2505 503 2523 537; x_wconf 85' lang='grc' dir='ltr'><strong>ι</strong></span> <span class='ocrx_word' id='word_1_16' title='bbox 2548 484 2638 538; x_wconf 80' lang='grc' dir='ltr'>Ἐν</span> <span class='ocrx_word' id='word_1_17' title='bbox 2655 484 2847 557; x_wconf 80' lang='grc' dir='ltr'><strong>εἰρήνῃ</strong></span> <span class='ocrx_word' id='word_1_18' title='bbox 2878 482 2970 538; x_wconf 73' lang='grc' dir='ltr'><strong>ἐπὶ</strong></span> <span class='ocrx_word' id='word_1_19' title='bbox 3000 482 3062 537; x_wconf 74' lang='grc' dir='ltr'>τὸ</span> <span class='ocrx_word' id='word_1_20' title='bbox 3088 482 3220 536; x_wconf 78' lang='grc' dir='ltr'>αὐτὸ</span> <span class='ocrx_word' id='word_1_21' title='bbox 3252 486 3647 561; x_wconf 77' lang='grc' dir='ltr'>κοιμηθὴοομαι</span> <span class='ocrx_word' id='word_1_22' title='bbox 3665 533 3680 558; x_wconf 82' lang='grc'><strong>,</strong></span> 
     </span>
    </p>
   </div>
   <div class='ocr_carea' id='block_1_6' title="bbox 440 573 768 643">
    <p class='ocr_par' dir='ltr' id='par_1_6' title="bbox 440 573 768 643">
     <span class='ocr_line' id='line_1_6' title="bbox 440 573 768 643; baseline -0.006 -14"><span class='ocrx_word' id='word_1_23' title='bbox 440 576 538 642; x_wconf 71' lang='grc' dir='ltr'><strong>ίις</strong></span> <span class='ocrx_word' id='word_1_24' title='bbox 574 591 645 643; x_wconf 85' lang='lat' dir='ltr'><strong>tv,</strong></span> <span class='ocrx_word' id='word_1_25' title='bbox 686 573 768 642; x_wconf 86' lang='lat'><strong>9.)</strong></span> 
     </span>
    </p>
   </div>
   <div class='ocr_carea' id='block_1_7' title="bbox 512 662 2025 735">
    <p class='ocr_par' dir='ltr' id='par_1_7' title="bbox 512 662 2025 735">
     <span class='ocr_line' id='line_1_7' title="bbox 512 662 2025 735; baseline 0 -15"><span class='ocrx_word' id='word_1_26' title='bbox 512 664 979 735; x_wconf 62' lang='grc' dir='ltr'>14.δίηυιηεωρο</span> <span class='ocrx_word' id='word_1_27' title='bbox 999 673 1057 721; x_wconf 92' lang='lat' dir='ltr'><strong>et</strong></span> <span class='ocrx_word' id='word_1_28' title='bbox 1087 665 1157 721; x_wconf 93' lang='lat' dir='ltr'><strong>de</strong></span> <span class='ocrx_word' id='word_1_29' title='bbox 1188 664 1545 734; x_wconf 87' lang='lat' dir='ltr'><strong>inseparabili</strong></span> <span class='ocrx_word' id='word_1_30' title='bbox 1578 663 1746 720; x_wconf 91' lang='lat' dir='ltr'><strong>dicit:</strong></span> <span class='ocrx_word' id='word_1_31' title='bbox 1782 682 1801 716; x_wconf 82' lang='grc' dir='ltr'><strong>ι</strong></span> <span class='ocrx_word' id='word_1_32' title='bbox 1839 662 2025 720; x_wconf 82' lang='lat' dir='ltr'><strong>Redde</strong></span> 
     </span>
    </p>
   </div>
   <div class='ocr_carea' id='block_1_8' title="bbox 440 753 2025 826">
    <p class='ocr_par' dir='ltr' id='par_1_8' title="bbox 440 753 2025 826">
     <span class='ocr_line' id='line_1_8' title="bbox 440 753 2025 826; baseline 0.003 -21"><span class='ocrx_word' id='word_1_33' title='bbox 440 753 641 809; x_wconf 82' lang='lat' dir='ltr'><strong>vicinis</strong></span> <span class='ocrx_word' id='word_1_34' title='bbox 664 754 871 809; x_wconf 89' lang='lat' dir='ltr'><strong>nostris</strong></span> <span class='ocrx_word' id='word_1_35' title='bbox 892 755 1205 826; x_wconf 90' lang='lat' dir='ltr'><strong>septuplum</strong></span> <span class='ocrx_word' id='word_1_36' title='bbox 1228 755 1282 809; x_wconf 89' lang='lat' dir='ltr'><strong>in</strong></span> <span class='ocrx_word' id='word_1_37' title='bbox 1299 754 1420 810; x_wconf 86' lang='lat' dir='ltr'><strong>sinu</strong></span> <span class='ocrx_word' id='word_1_38' title='bbox 1450 760 1697 820; x_wconf 67' lang='lat' dir='ltr'><strong>eorum,»</strong></span> <span class='ocrx_word' id='word_1_39' title='bbox 1731 770 1850 824; x_wconf 88' lang='lat' dir='ltr'><strong>pro,</strong></span> <span class='ocrx_word' id='word_1_40' title='bbox 1873 754 2025 810; x_wconf 86' lang='lat' dir='ltr'><strong>Inse-</strong></span> 
     </span>
    </p>
   </div>
   <div class='ocr_carea' id='block_1_9' title="bbox 441 840 2023 918">
    <p class='ocr_par' dir='ltr' id='par_1_9' title="bbox 441 840 2023 918">
     <span class='ocr_line' id='line_1_9' title="bbox 441 840 2023 918; baseline 0.001 -19"><span class='ocrx_word' id='word_1_41' title='bbox 441 845 737 913; x_wconf 86' lang='lat' dir='ltr'><strong>parabilem</strong></span> <span class='ocrx_word' id='word_1_42' title='bbox 795 846 905 902; x_wconf 88' lang='lat' dir='ltr'><strong>illis</strong></span> <span class='ocrx_word' id='word_1_43' title='bbox 971 846 1107 903; x_wconf 68' lang='grc' dir='ltr'>αποι-</span> <span class='ocrx_word' id='word_1_44' title='bbox 1170 840 1530 918; x_wconf 76' lang='lat' dir='ltr'><strong>multiplicem</strong></span> <span class='ocrx_word' id='word_1_45' title='bbox 1610 861 1866 916; x_wconf 75' lang='lat' dir='ltr'><strong>pmnam;</strong></span> <span class='ocrx_word' id='word_1_46' title='bbox 1908 855 2023 912; x_wconf 74' lang='grc' dir='ltr'>-ει,</span> 
     </span>
    </p>
   </div>
   <div class='ocr_carea' id='block_1_10' title="bbox 446 933 2020 1009">
    <p class='ocr_par' dir='ltr' id='par_1_10' title="bbox 446 933 2020 1009">
     <span class='ocr_line' id='line_1_10' title="bbox 446 933 2020 1009; baseline -0.001 -19"><span class='ocrx_word' id='word_1_47' title='bbox 446 955 465 986; x_wconf 80' lang='grc' dir='ltr'><strong>ι</strong></span> <span class='ocrx_word' id='word_1_48' title='bbox 500 933 653 1001; x_wconf 83' lang='lat' dir='ltr'><strong>Quod</strong></span> <span class='ocrx_word' id='word_1_49' title='bbox 672 938 1070 993; x_wconf 90' lang='lat' dir='ltr'><strong>continuistiin</strong></span> <span class='ocrx_word' id='word_1_50' title='bbox 1090 938 1212 994; x_wconf 87' lang='lat' dir='ltr'><strong>sinu</strong></span> <span class='ocrx_word' id='word_1_51' title='bbox 1234 954 1357 994; x_wconf 90' lang='lat' dir='ltr'><strong>meo</strong></span> <span class='ocrx_word' id='word_1_52' title='bbox 1390 939 1687 993; x_wconf 89' lang='lat' dir='ltr'><strong>multarum</strong></span> <span class='ocrx_word' id='word_1_53' title='bbox 1718 938 2020 1009; x_wconf 63' lang='lat' dir='ltr'><strong>gentiump</strong></span> 
     </span>
    </p>
   </div>
   <div class='ocr_carea' id='block_1_11' title="bbox 439 1024 2025 1102">
    <p class='ocr_par' dir='ltr' id='par_1_11' title="bbox 439 1024 2025 1102">
     <span class='ocr_line' id='line_1_11' title="bbox 439 1024 2025 1102; baseline 0.001 -23"><span class='ocrx_word' id='word_1_54' title='bbox 439 1038 514 1090; x_wconf 90' lang='lat' dir='ltr'><strong>et,</strong></span> <span class='ocrx_word' id='word_1_55' title='bbox 573 1044 592 1077; x_wconf 81' lang='grc' dir='ltr'><strong>ι</strong></span> <span class='ocrx_word' id='word_1_56' title='bbox 633 1024 825 1082; x_wconf 87' lang='lat' dir='ltr'><strong>Oratio</strong></span> <span class='ocrx_word' id='word_1_57' title='bbox 877 1042 999 1100; x_wconf 82' lang='lat' dir='ltr'><strong>mea</strong></span> <span class='ocrx_word' id='word_1_58' title='bbox 1052 1027 1107 1081; x_wconf 91' lang='lat' dir='ltr'><strong>in</strong></span> <span class='ocrx_word' id='word_1_59' title='bbox 1155 1028 1278 1083; x_wconf 84' lang='lat' dir='ltr'><strong>sinu</strong></span> <span class='ocrx_word' id='word_1_60' title='bbox 1311 1042 1435 1083; x_wconf 86' lang='lat' dir='ltr'><strong>meo</strong></span> <span class='ocrx_word' id='word_1_61' title='bbox 1462 1033 1853 1102; x_wconf 70' lang='lat' dir='ltr'><strong>fconvertetur;</strong></span> <span class='ocrx_word' id='word_1_62' title='bbox 1900 1045 1921 1079; x_wconf 73' lang='grc' dir='ltr'><strong>ι</strong></span> <span class='ocrx_word' id='word_1_63' title='bbox 1952 1035 2025 1095; x_wconf 90' lang='lat' dir='ltr'><strong>et,</strong></span> 
     </span>
    </p>
   </div>
   <div class='ocr_carea' id='block_1_12' title="bbox 429 1117 2056 1191">
    <p class='ocr_par' dir='ltr' id='par_1_12' title="bbox 429 1117 2056 1191">
     <span class='ocr_line' id='line_1_12' title="bbox 429 1117 2056 1191; baseline 0.001 -19"><span class='ocrx_word' id='word_1_64' title='bbox 429 1120 536 1174; x_wconf 81' lang='lat' dir='ltr'><strong>tDe</strong></span> <span class='ocrx_word' id='word_1_65' title='bbox 554 1118 731 1173; x_wconf 86' lang='lat' dir='ltr'><strong>medio</strong></span> <span class='ocrx_word' id='word_1_66' title='bbox 760 1119 885 1173; x_wconf 86' lang='lat' dir='ltr'><strong>sinu</strong></span> <span class='ocrx_word' id='word_1_67' title='bbox 952 1128 1047 1172; x_wconf 92' lang='lat' dir='ltr'><strong>tuo</strong></span> <span class='ocrx_word' id='word_1_68' title='bbox 1112 1117 1165 1172; x_wconf 90' lang='lat' dir='ltr'><strong>in</strong></span> <span class='ocrx_word' id='word_1_69' title='bbox 1226 1120 1433 1186; x_wconf 85' lang='lat' dir='ltr'><strong>tinem;</strong></span> <span class='ocrx_word' id='word_1_70' title='bbox 1475 1138 1493 1171; x_wconf 77' lang='grc' dir='ltr'><strong>ι</strong></span> <span class='ocrx_word' id='word_1_71' title='bbox 1526 1130 1599 1186; x_wconf 87' lang='lat' dir='ltr'><strong>et,</strong></span> <span class='ocrx_word' id='word_1_72' title='bbox 1640 1140 1660 1174; x_wconf 82' lang='lat' dir='ltr'><strong>t</strong></span> <span class='ocrx_word' id='word_1_73' title='bbox 1708 1118 2056 1191; x_wconf 77' lang='lat' dir='ltr'><strong>Unigenilus</strong></span> 
     </span>
    </p>
   </div>
   <div class='ocr_carea' id='block_1_13' title="bbox 440 1198 2028 1280">
    <p class='ocr_par' dir='ltr' id='par_1_13' title="bbox 440 1198 2028 1280">
     <span class='ocr_line' id='line_1_13' title="bbox 440 1198 2028 1280; baseline 0.001 -20"><span class='ocrx_word' id='word_1_74' title='bbox 440 1204 622 1262; x_wconf 79' lang='lat' dir='ltr'><strong>Filius</strong></span> <span class='ocrx_word' id='word_1_75' title='bbox 643 1205 736 1276; x_wconf 86' lang='lat' dir='ltr'><strong>qui</strong></span> <span class='ocrx_word' id='word_1_76' title='bbox 758 1215 845 1262; x_wconf 88' lang='lat' dir='ltr'><strong>est</strong></span> <span class='ocrx_word' id='word_1_77' title='bbox 872 1206 926 1260; x_wconf 91' lang='lat' dir='ltr'><strong>in</strong></span> <span class='ocrx_word' id='word_1_78' title='bbox 954 1208 1080 1261; x_wconf 88' lang='lat' dir='ltr'><strong>sinu</strong></span> <span class='ocrx_word' id='word_1_79' title='bbox 1102 1205 1301 1274; x_wconf 89' lang='lat' dir='ltr'><strong>Patris,</strong></span> <span class='ocrx_word' id='word_1_80' title='bbox 1328 1208 1447 1278; x_wconf 87' lang='lat' dir='ltr'><strong>ipse</strong></span> <span class='ocrx_word' id='word_1_81' title='bbox 1471 1198 1766 1265; x_wconf 84' lang='lat' dir='ltr'><strong>enarravit.</strong></span> <span class='ocrx_word' id='word_1_82' title='bbox 1801 1229 1820 1262; x_wconf 74' lang='grc' dir='ltr'><strong>ι</strong></span> <span class='ocrx_word' id='word_1_83' title='bbox 1853 1207 2028 1280; x_wconf 70' lang='lat' dir='ltr'><strong>(Paul.</strong></span> 
     </span>
    </p>
   </div>
   <div class='ocr_carea' id='block_1_14' title="bbox 440 1296 2032 1368">
    <p class='ocr_par' dir='ltr' id='par_1_14' title="bbox 440 1296 2032 1368">
     <span class='ocr_line' id='line_1_14' title="bbox 440 1296 2032 1368; baseline 0.003 -18"><span class='ocrx_word' id='word_1_84' title='bbox 440 1312 671 1361; x_wconf 68' lang='lat' dir='ltr'><strong>unm,</strong></span> <span class='ocrx_word' id='word_1_85' title='bbox 705 1297 808 1363; x_wconf 76' lang='lat' dir='ltr'><strong>i2;</strong></span> <span class='ocrx_word' id='word_1_86' title='bbox 874 1296 1144 1364; x_wconf 74' lang='lat' dir='ltr'><strong>Lxxxvut,</strong></span> <span class='ocrx_word' id='word_1_87' title='bbox 1180 1299 1284 1366; x_wconf 75' lang='lat'><strong>51;</strong></span> <span class='ocrx_word' id='word_1_88' title='bbox 1343 1315 1532 1368; x_wconf 76' lang='lat' dir='ltr'><strong>xutv,</strong></span> <span class='ocrx_word' id='word_1_89' title='bbox 1572 1300 1673 1367; x_wconf 76' lang='lat' dir='ltr'><strong>i3;</strong></span> <span class='ocrx_word' id='word_1_90' title='bbox 1697 1314 1890 1363; x_wconf 78' lang='lat' dir='ltr'><strong>Lxxm,</strong></span> <span class='ocrx_word' id='word_1_91' title='bbox 1916 1298 1975 1354; x_wconf 87' lang='grc'><strong>11</strong></span> <span class='ocrx_word' id='word_1_92' title='bbox 2004 1336 2032 1366; x_wconf 78' lang='grc' dir='ltr'>ι,</span> 
     </span>
    </p>
   </div>
   <div class='ocr_carea' id='block_1_15' title="bbox 438 1388 825 1458">
    <p class='ocr_par' dir='ltr' id='par_1_15' title="bbox 438 1388 825 1458">
     <span class='ocr_line' id='line_1_15' title="bbox 438 1388 825 1458; baseline 0 -15"><span class='ocrx_word' id='word_1_93' title='bbox 438 1388 605 1443; x_wconf 75' lang='lat' dir='ltr'><strong>Joan.</strong></span> <span class='ocrx_word' id='word_1_94' title='bbox 638 1405 679 1452; x_wconf 86' lang='grc' dir='ltr'><strong>ι,</strong></span> <span class='ocrx_word' id='word_1_95' title='bbox 708 1388 825 1458; x_wconf 86' lang='grc'><strong>18.)</strong></span> 
     </span>
    </p>
   </div>
   <div class='ocr_carea' id='block_1_16' title="bbox 511 1478 2031 1551">
    <p class='ocr_par' dir='ltr' id='par_1_16' title="bbox 511 1478 2031 1551">
     <span class='ocr_line' id='line_1_16' title="bbox 511 1478 2031 1551; baseline 0.003 -18"><span class='ocrx_word' id='word_1_96' title='bbox 511 1480 604 1537; x_wconf 84' lang='grc'><strong>15.</strong></span> <span class='ocrx_word' id='word_1_97' title='bbox 655 1478 1003 1534; x_wconf 82' lang='lat' dir='ltr'><strong>Mendacium</strong></span> <span class='ocrx_word' id='word_1_98' title='bbox 1043 1488 1204 1535; x_wconf 84' lang='lat' dir='ltr'><strong>vocat</strong></span> <span class='ocrx_word' id='word_1_99' title='bbox 1229 1480 1377 1551; x_wconf 91' lang='lat' dir='ltr'><strong>quod</strong></span> <span class='ocrx_word' id='word_1_100' title='bbox 1428 1496 1538 1537; x_wconf 93' lang='lat' dir='ltr'><strong>non</strong></span> <span class='ocrx_word' id='word_1_101' title='bbox 1572 1480 1821 1546; x_wconf 78' lang='lat' dir='ltr'><strong>ﬁrmum,</strong></span> <span class='ocrx_word' id='word_1_102' title='bbox 1854 1493 1948 1537; x_wconf 90' lang='lat' dir='ltr'><strong>aut</strong></span> <span class='ocrx_word' id='word_1_103' title='bbox 1974 1491 2031 1538; x_wconf 92' lang='lat' dir='ltr'><strong>et</strong></span> 
     </span>
    </p>
   </div>
   <div class='ocr_carea' id='block_1_17' title="bbox 441 1566 2023 1642">
    <p class='ocr_par' dir='ltr' id='par_1_17' title="bbox 441 1566 2023 1642">
     <span class='ocr_line' id='line_1_17' title="bbox 441 1566 2023 1642; baseline 0.002 -21"><span class='ocrx_word' id='word_1_104' title='bbox 441 1569 788 1632; x_wconf 87' lang='lat' dir='ltr'><strong>mendaeem,</strong></span> <span class='ocrx_word' id='word_1_105' title='bbox 825 1566 1000 1623; x_wconf 83' lang='lat' dir='ltr'><strong>sicut:</strong></span> <span class='ocrx_word' id='word_1_106' title='bbox 1034 1587 1053 1619; x_wconf 78' lang='grc' dir='ltr'><strong>ι</strong></span> <span class='ocrx_word' id='word_1_107' title='bbox 1083 1568 1272 1625; x_wconf 87' lang='lat' dir='ltr'><strong>Omnis</strong></span> <span class='ocrx_word' id='word_1_108' title='bbox 1301 1570 1466 1624; x_wconf 84' lang='lat' dir='ltr'><strong>homo</strong></span> <span class='ocrx_word' id='word_1_109' title='bbox 1497 1570 1753 1625; x_wconf 76' lang='lat' dir='ltr'><strong>mendax.</strong></span> <span class='ocrx_word' id='word_1_110' title='bbox 1794 1589 1813 1622; x_wconf 71' lang='grc' dir='ltr'><strong>ι</strong></span> <span class='ocrx_word' id='word_1_111' title='bbox 1844 1568 2023 1642; x_wconf 74' lang='lat' dir='ltr'><strong>(Paul.</strong></span> 
     </span>
    </p>
   </div>
   <div class='ocr_carea' id='block_1_18' title="bbox 441 1664 713 1736">
    <p class='ocr_par' dir='ltr' id='par_1_18' title="bbox 441 1664 713 1736">
     <span class='ocr_line' id='line_1_18' title="bbox 441 1664 713 1736; baseline 0.018 -22"><span class='ocrx_word' id='word_1_112' title='bbox 441 1674 565 1724; x_wconf 71' lang='grc' dir='ltr'>ειν,</span> <span class='ocrx_word' id='word_1_113' title='bbox 597 1664 713 1736; x_wconf 72' lang='lat' dir='ltr'><strong>il.)</strong></span> 
     </span>
    </p>
   </div>
   <div class='ocr_carea' id='block_1_19' title="bbox 517 1755 2028 1826">
    <p class='ocr_par' dir='ltr' id='par_1_19' title="bbox 517 1755 2028 1826">
     <span class='ocr_line' id='line_1_19' title="bbox 517 1755 2028 1826; baseline 0.005 -19"><span class='ocrx_word' id='word_1_114' title='bbox 517 1755 604 1809; x_wconf 84' lang='grc'><strong>16.</strong></span> <span class='ocrx_word' id='word_1_115' title='bbox 633 1755 718 1810; x_wconf 91' lang='lat' dir='ltr'><strong>Sit</strong></span> <span class='ocrx_word' id='word_1_116' title='bbox 750 1757 1157 1826; x_wconf 77' lang='lat' dir='ltr'><strong>coagmentatio</strong></span> <span class='ocrx_word' id='word_1_117' title='bbox 1206 1758 1610 1814; x_wconf 49' lang='lat' dir='ltr'><strong>misericordiae.</strong></span> <span class='ocrx_word' id='word_1_118' title='bbox 1655 1758 1751 1815; x_wconf 85' lang='lat' dir='ltr'><strong>Dei</strong></span> <span class='ocrx_word' id='word_1_119' title='bbox 1782 1774 1907 1815; x_wconf 90' lang='lat' dir='ltr'><strong>cum</strong></span> <span class='ocrx_word' id='word_1_120' title='bbox 1935 1774 2028 1815; x_wconf 79' lang='lat' dir='ltr'><strong>ve-</strong></span> 
     </span>
    </p>
   </div>
   <div class='ocr_carea' id='block_1_20' title="bbox 2128 573 2563 630">
    <p class='ocr_par' dir='ltr' id='par_1_20' title="bbox 2128 573 2563 630">
     <span class='ocr_line' id='line_1_20' title="bbox 2128 573 2563 630; baseline -0.002 -5"><span class='ocrx_word' id='word_1_121' title='bbox 2128 573 2223 625; x_wconf 70' lang='grc' dir='ltr'>καὶ</span> <span class='ocrx_word' id='word_1_122' title='bbox 2260 573 2517 630; x_wconf 84' lang='grc' dir='ltr'>ύπνὼσω.</span> <span class='ocrx_word' id='word_1_123' title='bbox 2544 592 2563 624; x_wconf 72' lang='grc' dir='ltr'><strong>ι</strong></span> 
     </span>
    </p>
   </div>
   <div class='ocr_carea' id='block_1_21' title="bbox 2200 662 3686 740">
    <p class='ocr_par' dir='ltr' id='par_1_21' title="bbox 2200 662 3686 740">
     <span class='ocr_line' id='line_1_21' title="bbox 2200 662 3686 740; baseline 0.007 -23"><span class='ocrx_word' id='word_1_124' title='bbox 2200 663 2283 717; x_wconf 76' lang='grc' dir='ltr'><strong>ιδ’;</strong></span> <span class='ocrx_word' id='word_1_125' title='bbox 2321 663 2427 716; x_wconf 83' lang='grc' dir='ltr'><strong>Τὸν</strong></span> <span class='ocrx_word' id='word_1_126' title='bbox 2464 664 2673 718; x_wconf 84' lang='grc' dir='ltr'>κόλπον</span> <span class='ocrx_word' id='word_1_127' title='bbox 2704 662 2975 734; x_wconf 77' lang='grc' dir='ltr'>πολλαχοῦ</span> <span class='ocrx_word' id='word_1_128' title='bbox 3013 666 3111 720; x_wconf 70' lang='grc' dir='ltr'><strong>καὶ</strong></span> <span class='ocrx_word' id='word_1_129' title='bbox 3139 665 3232 719; x_wconf 71' lang='grc' dir='ltr'><strong>ἐπὶ</strong></span> <span class='ocrx_word' id='word_1_130' title='bbox 3258 666 3353 721; x_wconf 90' lang='grc' dir='ltr'><strong>τοῦ</strong></span> <span class='ocrx_word' id='word_1_131' title='bbox 3394 668 3686 740; x_wconf 83' lang='grc' dir='ltr'>ἀχωρίστου</span> 
     </span>
    </p>
   </div>
   <div class='ocr_carea' id='block_1_22' title="bbox 2126 756 3691 830">
    <p class='ocr_par' dir='ltr' id='par_1_22' title="bbox 2126 756 3691 830">
     <span class='ocr_line' id='line_1_22' title="bbox 2126 756 3691 830; baseline 0.006 -21"><span class='ocrx_word' id='word_1_132' title='bbox 2126 756 2307 824; x_wconf 76' lang='grc' dir='ltr'>λέγει’</span> <span class='ocrx_word' id='word_1_133' title='bbox 2343 757 2420 821; x_wconf 81' lang='grc' dir='ltr'>ὡς</span> <span class='ocrx_word' id='word_1_134' title='bbox 2462 756 2547 823; x_wconf 83' lang='grc' dir='ltr'>τὸ,</span> <span class='ocrx_word' id='word_1_135' title='bbox 2590 776 2609 808; x_wconf 75' lang='grc' dir='ltr'><strong>ι</strong></span> <span class='ocrx_word' id='word_1_136' title='bbox 2633 756 2860 820; x_wconf 84' lang='grc' dir='ltr'><strong>Ἀπόδος</strong></span> <span class='ocrx_word' id='word_1_137' title='bbox 2900 759 3015 820; x_wconf 81' lang='grc' dir='ltr'>τοῖς</span> <span class='ocrx_word' id='word_1_138' title='bbox 3053 757 3296 827; x_wconf 79' lang='grc' dir='ltr'><strong>γείτοσιν</strong></span> <span class='ocrx_word' id='word_1_139' title='bbox 3339 759 3496 830; x_wconf 75' lang='grc' dir='ltr'>ἡμῶν</span> <span class='ocrx_word' id='word_1_140' title='bbox 3533 764 3691 817; x_wconf 76' lang='grc' dir='ltr'>ὲπταο</span> 
     </span>
    </p>
   </div>
   <div class='ocr_carea' id='block_1_23' title="bbox 2127 843 3692 922">
    <p class='ocr_par' dir='ltr' id='par_1_23' title="bbox 2127 843 3692 922">
     <span class='ocr_line' id='line_1_23' title="bbox 2127 843 3692 922; baseline 0.004 -24"><span class='ocrx_word' id='word_1_141' title='bbox 2127 843 2402 900; x_wconf 87' lang='grc' dir='ltr'>πλασίονα</span> <span class='ocrx_word' id='word_1_142' title='bbox 2424 848 2509 920; x_wconf 85' lang='grc' dir='ltr'><strong>είς</strong></span> <span class='ocrx_word' id='word_1_143' title='bbox 2533 846 2626 901; x_wconf 82' lang='grc' dir='ltr'><strong>τὸν</strong></span> <span class='ocrx_word' id='word_1_144' title='bbox 2648 848 2853 903; x_wconf 82' lang='grc' dir='ltr'>κόλπον</span> <span class='ocrx_word' id='word_1_145' title='bbox 2878 847 3062 902; x_wconf 82' lang='grc' dir='ltr'>αὐτῶν</span> <span class='ocrx_word' id='word_1_146' title='bbox 3077 865 3092 879; x_wconf 91' lang='grc'><strong>·</strong></span> <span class='ocrx_word' id='word_1_147' title='bbox 3127 866 3148 901; x_wconf 75' lang='grc' dir='ltr'><strong>ι</strong></span> <span class='ocrx_word' id='word_1_148' title='bbox 3169 850 3292 903; x_wconf 74' lang='grc' dir='ltr'>ἀντὶ</span> <span class='ocrx_word' id='word_1_149' title='bbox 3312 849 3429 913; x_wconf 85' lang='grc' dir='ltr'>τοῦ,</span> <span class='ocrx_word' id='word_1_150' title='bbox 3468 850 3692 922; x_wconf 77' lang='grc' dir='ltr'>’Δχώριο</span> 
     </span>
    </p>
   </div>
   <div class='ocr_carea' id='block_1_24' title="bbox 2130 938 3696 1013">
    <p class='ocr_par' dir='ltr' id='par_1_24' title="bbox 2130 938 3696 1013">
     <span class='ocr_line' id='line_1_24' title="bbox 2130 938 3696 1013; baseline 0.005 -23"><span class='ocrx_word' id='word_1_151' title='bbox 2130 953 2255 991; x_wconf 88' lang='grc' dir='ltr'>στον</span> <span class='ocrx_word' id='word_1_152' title='bbox 2286 938 2473 1002; x_wconf 81' lang='grc' dir='ltr'>αὐτοῖς</span> <span class='ocrx_word' id='word_1_153' title='bbox 2500 939 2787 1010; x_wconf 73' lang='grc' dir='ltr'><strong>παράσχου</strong></span> <span class='ocrx_word' id='word_1_154' title='bbox 2813 939 2915 1012; x_wconf 86' lang='grc' dir='ltr'>τὴν</span> <span class='ocrx_word' id='word_1_155' title='bbox 2952 940 3369 995; x_wconf 71' lang='grc' dir='ltr'>πολυπλασίονα</span> <span class='ocrx_word' id='word_1_156' title='bbox 3406 958 3500 996; x_wconf 89' lang='grc' dir='ltr'><strong>σου</strong></span> <span class='ocrx_word' id='word_1_157' title='bbox 3529 960 3696 1013; x_wconf 82' lang='grc' dir='ltr'>τιμω-</span> 
     </span>
    </p>
   </div>
   <div class='ocr_carea' id='block_1_25' title="bbox 2132 1025 3696 1105">
    <p class='ocr_par' dir='ltr' id='par_1_25' title="bbox 2132 1025 3696 1105">
     <span class='ocr_line' id='line_1_25' title="bbox 2132 1025 3696 1105; baseline 0.005 -24"><span class='ocrx_word' id='word_1_158' title='bbox 2132 1029 2255 1100; x_wconf 83' lang='grc' dir='ltr'>ρίαν</span> <span class='ocrx_word' id='word_1_159' title='bbox 2280 1045 2295 1062; x_wconf 87' lang='grc'><strong>·</strong></span> <span class='ocrx_word' id='word_1_160' title='bbox 2327 1032 2447 1093; x_wconf 76' lang='grc' dir='ltr'>καὶ,</span> <span class='ocrx_word' id='word_1_161' title='bbox 2480 1049 2500 1083; x_wconf 77' lang='grc' dir='ltr'><strong>ι</strong></span> <span class='ocrx_word' id='word_1_162' title='bbox 2527 1025 2604 1084; x_wconf 66' lang='lat' dir='ltr'><strong>Ob</strong></span> <span class='ocrx_word' id='word_1_163' title='bbox 2638 1031 2876 1105; x_wconf 83' lang='grc' dir='ltr'>ὑπέσχου</span> <span class='ocrx_word' id='word_1_164' title='bbox 2910 1032 2970 1086; x_wconf 82' lang='grc' dir='ltr'>ὲν</span> <span class='ocrx_word' id='word_1_165' title='bbox 3006 1031 3089 1103; x_wconf 80' lang='grc' dir='ltr'><strong>τῷ</strong></span> <span class='ocrx_word' id='word_1_166' title='bbox 3133 1032 3322 1105; x_wconf 83' lang='grc' dir='ltr'>κόλπῳ</span> <span class='ocrx_word' id='word_1_167' title='bbox 3363 1049 3463 1104; x_wconf 90' lang='grc' dir='ltr'><strong>μου</strong></span> <span class='ocrx_word' id='word_1_168' title='bbox 3492 1034 3696 1088; x_wconf 83' lang='grc' dir='ltr'>πολλῶν</span> 
     </span>
    </p>
   </div>
   <div class='ocr_carea' id='block_1_26' title="bbox 2129 1118 3696 1195">
    <p class='ocr_par' dir='ltr' id='par_1_26' title="bbox 2129 1118 3696 1195">
     <span class='ocr_line' id='line_1_26' title="bbox 2129 1118 3696 1195; baseline 0.004 -23"><span class='ocrx_word' id='word_1_169' title='bbox 2129 1118 2337 1173; x_wconf 82' lang='grc' dir='ltr'>ὲθνῶν’</span> <span class='ocrx_word' id='word_1_170' title='bbox 2381 1140 2402 1174; x_wconf 74' lang='grc' dir='ltr'><strong>ι</strong></span> <span class='ocrx_word' id='word_1_171' title='bbox 2438 1120 2557 1188; x_wconf 76' lang='grc' dir='ltr'>καὶ,</span> <span class='ocrx_word' id='word_1_172' title='bbox 2594 1141 2611 1173; x_wconf 85' lang='grc' dir='ltr'><strong>ι</strong></span> <span class='ocrx_word' id='word_1_173' title='bbox 2646 1122 2711 1175; x_wconf 84' lang='grc' dir='ltr'><em>Ἢ</em></span> <span class='ocrx_word' id='word_1_174' title='bbox 2750 1122 3035 1194; x_wconf 78' lang='grc' dir='ltr'>προσευχὴ</span> <span class='ocrx_word' id='word_1_175' title='bbox 3073 1140 3175 1193; x_wconf 87' lang='grc' dir='ltr'><strong>μου</strong></span> <span class='ocrx_word' id='word_1_176' title='bbox 3223 1125 3304 1185; x_wconf 86' lang='grc' dir='ltr'><strong>είς</strong></span> <span class='ocrx_word' id='word_1_177' title='bbox 3349 1122 3546 1178; x_wconf 81' lang='grc' dir='ltr'>κόλπον</span> <span class='ocrx_word' id='word_1_178' title='bbox 3598 1142 3696 1195; x_wconf 89' lang='grc' dir='ltr'><strong>μου</strong></span> 
     </span>
    </p>
   </div>
   <div class='ocr_carea' id='block_1_27' title="bbox 2129 1213 3696 1284">
    <p class='ocr_par' dir='ltr' id='par_1_27' title="bbox 2129 1213 3696 1284">
     <span class='ocr_line' id='line_1_27' title="bbox 2129 1213 3696 1284; baseline 0.001 -17"><span class='ocrx_word' id='word_1_179' title='bbox 2129 1213 2644 1284; x_wconf 62' lang='grc' dir='ltr'>ἀποστραφήσεται</span> <span class='ocrx_word' id='word_1_180' title='bbox 2681 1232 2701 1265; x_wconf 72' lang='grc' dir='ltr'><strong>ι</strong></span> <span class='ocrx_word' id='word_1_181' title='bbox 2730 1213 2849 1281; x_wconf 77' lang='grc' dir='ltr'>καὶ,</span> <span class='ocrx_word' id='word_1_182' title='bbox 2888 1231 2907 1265; x_wconf 79' lang='grc' dir='ltr'><strong>ι</strong></span> <span class='ocrx_word' id='word_1_183' title='bbox 2933 1214 3033 1267; x_wconf 81' lang='grc' dir='ltr'>Ἐκ</span> <span class='ocrx_word' id='word_1_184' title='bbox 3059 1214 3229 1284; x_wconf 79' lang='grc' dir='ltr'>μέσου</span> <span class='ocrx_word' id='word_1_185' title='bbox 3255 1213 3351 1268; x_wconf 88' lang='grc' dir='ltr'><strong>τοῦ</strong></span> <span class='ocrx_word' id='word_1_186' title='bbox 3376 1214 3579 1270; x_wconf 85' lang='grc' dir='ltr'>κόλπου</span> <span class='ocrx_word' id='word_1_187' title='bbox 3608 1233 3696 1269; x_wconf 87' lang='grc' dir='ltr'><strong>σου</strong></span> 
     </span>
    </p>
   </div>
   <div class='ocr_carea' id='block_1_28' title="bbox 2130 1301 3698 1377">
    <p class='ocr_par' dir='ltr' id='par_1_28' title="bbox 2130 1301 3698 1377">
     <span class='ocr_line' id='line_1_28' title="bbox 2130 1301 3698 1377; baseline 0.004 -23"><span class='ocrx_word' id='word_1_188' title='bbox 2130 1301 2212 1366; x_wconf 83' lang='grc' dir='ltr'><strong>είς</strong></span> <span class='ocrx_word' id='word_1_189' title='bbox 2238 1301 2429 1366; x_wconf 80' lang='grc' dir='ltr'><strong>τέλος·</strong></span> <span class='ocrx_word' id='word_1_190' title='bbox 2469 1320 2488 1353; x_wconf 72' lang='grc' dir='ltr'><strong>ι</strong></span> <span class='ocrx_word' id='word_1_191' title='bbox 2520 1303 2636 1369; x_wconf 75' lang='grc' dir='ltr'>καὶ,</span> <span class='ocrx_word' id='word_1_192' title='bbox 2674 1320 2693 1354; x_wconf 83' lang='grc' dir='ltr'><strong>ι</strong></span> <span class='ocrx_word' id='word_1_193' title='bbox 2732 1303 2794 1356; x_wconf 88' lang='grc'><strong>⁸0</strong></span> <span class='ocrx_word' id='word_1_194' title='bbox 2827 1303 3130 1375; x_wconf 84' lang='grc' dir='ltr'>μονογενὴς</span> <span class='ocrx_word' id='word_1_195' title='bbox 3165 1303 3296 1377; x_wconf 70' lang='grc' dir='ltr'>Υίος</span> <span class='ocrx_word' id='word_1_196' title='bbox 3325 1305 3355 1357; x_wconf 84' lang='grc' dir='ltr'><em>ὁ</em></span> <span class='ocrx_word' id='word_1_197' title='bbox 3380 1303 3456 1358; x_wconf 83' lang='grc' dir='ltr'>ὢν</span> <span class='ocrx_word' id='word_1_198' title='bbox 3500 1305 3579 1369; x_wconf 85' lang='grc' dir='ltr'><strong>είς</strong></span> <span class='ocrx_word' id='word_1_199' title='bbox 3612 1304 3698 1360; x_wconf 76' lang='grc' dir='ltr'>τὸν</span> 
     </span>
    </p>
   </div>
   <div class='ocr_carea' id='block_1_29' title="bbox 2017 1390 3388 1465">
    <p class='ocr_par' dir='ltr' id='par_1_29' title="bbox 2017 1390 3388 1465">
     <span class='ocr_line' id='line_1_29' title="bbox 2017 1390 3388 1465; baseline -0.001 -18"><span class='ocrx_word' id='word_1_200' title='bbox 2017 1424 2023 1430; x_wconf 89' lang='grc'><strong>-</strong></span> <span class='ocrx_word' id='word_1_201' title='bbox 2132 1390 2339 1448; x_wconf 75' lang='grc' dir='ltr'>κόλπον</span> <span class='ocrx_word' id='word_1_202' title='bbox 2369 1392 2465 1447; x_wconf 85' lang='grc' dir='ltr'><strong>τοῦ</strong></span> <span class='ocrx_word' id='word_1_203' title='bbox 2494 1393 2731 1465; x_wconf 82' lang='grc' dir='ltr'>Πατρδς,</span> <span class='ocrx_word' id='word_1_204' title='bbox 2761 1393 2974 1457; x_wconf 69' lang='grc' dir='ltr'>ἐκεῖνος</span> <span class='ocrx_word' id='word_1_205' title='bbox 3006 1393 3340 1465; x_wconf 70' lang='grc' dir='ltr'>ἐξηγήσατο.</span> <span class='ocrx_word' id='word_1_206' title='bbox 3368 1409 3388 1445; x_wconf 71' lang='grc' dir='ltr'><strong>ι</strong></span> 
     </span>
    </p>
   </div>
   <div class='ocr_carea' id='block_1_30' title="bbox 2204 1481 3695 1555">
    <p class='ocr_par' dir='ltr' id='par_1_30' title="bbox 2204 1481 3695 1555">
     <span class='ocr_line' id='line_1_30' title="bbox 2204 1481 3695 1555; baseline 0.002 -19"><span class='ocrx_word' id='word_1_207' title='bbox 2204 1490 2288 1537; x_wconf 86' lang='grc' dir='ltr'>ιε’.</span> <span class='ocrx_word' id='word_1_208' title='bbox 2329 1483 2544 1548; x_wconf 79' lang='grc' dir='ltr'><strong>Ψεῦδος</strong></span> <span class='ocrx_word' id='word_1_209' title='bbox 2584 1483 2742 1537; x_wconf 88' lang='grc' dir='ltr'>καλεῖ</span> <span class='ocrx_word' id='word_1_210' title='bbox 2786 1484 2849 1537; x_wconf 83' lang='grc' dir='ltr'>τὸ</span> <span class='ocrx_word' id='word_1_211' title='bbox 2877 1482 3160 1551; x_wconf 86' lang='grc' dir='ltr'>ἀϐέϐαιον,</span> <span class='ocrx_word' id='word_1_212' title='bbox 3192 1482 3227 1554; x_wconf 79' lang='grc' dir='ltr'>ἢ</span> <span class='ocrx_word' id='word_1_213' title='bbox 3283 1482 3382 1537; x_wconf 77' lang='grc' dir='ltr'>καὶ</span> <span class='ocrx_word' id='word_1_214' title='bbox 3429 1481 3695 1555; x_wconf 74' lang='grc' dir='ltr'><strong>ψεύστην⁹</strong></span> 
     </span>
    </p>
   </div>
   <div class='ocr_carea' id='block_1_31' title="bbox 2130 1574 3175 1648">
    <p class='ocr_par' dir='ltr' id='par_1_31' title="bbox 2130 1574 3175 1648">
     <span class='ocr_line' id='line_1_31' title="bbox 2130 1574 3175 1648; baseline 0.002 -22"><span class='ocrx_word' id='word_1_215' title='bbox 2130 1574 2206 1637; x_wconf 84' lang='grc' dir='ltr'>ὡς</span> <span class='ocrx_word' id='word_1_216' title='bbox 2233 1576 2318 1643; x_wconf 88' lang='grc' dir='ltr'><strong>τὺ,</strong></span> <span class='ocrx_word' id='word_1_217' title='bbox 2353 1594 2371 1627; x_wconf 83' lang='grc' dir='ltr'><strong>ι</strong></span> <span class='ocrx_word' id='word_1_218' title='bbox 2393 1576 2511 1640; x_wconf 80' lang='grc' dir='ltr'>Πᾶς</span> <span class='ocrx_word' id='word_1_219' title='bbox 2534 1576 2824 1648; x_wconf 81' lang='grc' dir='ltr'>ἅνθρωπος</span> <span class='ocrx_word' id='word_1_220' title='bbox 2851 1575 3117 1647; x_wconf 77' lang='grc' dir='ltr'><strong>ψεύστης.</strong></span> <span class='ocrx_word' id='word_1_221' title='bbox 3155 1595 3175 1628; x_wconf 76' lang='grc' dir='ltr'><strong>ι</strong></span> 
     </span>
    </p>
   </div>
   <div class='ocr_carea' id='block_1_32' title="bbox 2192 1753 3700 1827">
    <p class='ocr_par' dir='ltr' id='par_1_32' title="bbox 2192 1753 3700 1827">
     <span class='ocr_line' id='line_1_32' title="bbox 2192 1753 3700 1827; baseline 0.003 -22"><span class='ocrx_word' id='word_1_222' title='bbox 2192 1759 2289 1818; x_wconf 83' lang='grc' dir='ltr'>ις’.</span> <span class='ocrx_word' id='word_1_223' title='bbox 2309 1753 2384 1807; x_wconf 85' lang='grc' dir='ltr'><strong>Τὸ</strong></span> <span class='ocrx_word' id='word_1_224' title='bbox 2399 1753 2478 1824; x_wconf 84' lang='grc' dir='ltr'>τῷ</span> <span class='ocrx_word' id='word_1_225' title='bbox 2490 1753 2626 1825; x_wconf 80' lang='grc' dir='ltr'>ὲλέῳ</span> <span class='ocrx_word' id='word_1_226' title='bbox 2636 1753 2732 1808; x_wconf 82' lang='grc' dir='ltr'><strong>τοῦ</strong></span> <span class='ocrx_word' id='word_1_227' title='bbox 2749 1753 2885 1808; x_wconf 82' lang='grc' dir='ltr'><strong>Θεοῦ</strong></span> <span class='ocrx_word' id='word_1_228' title='bbox 2899 1755 2999 1825; x_wconf 70' lang='grc' dir='ltr'><strong>τὴν</strong></span> <span class='ocrx_word' id='word_1_229' title='bbox 3015 1755 3278 1827; x_wconf 85' lang='grc' dir='ltr'>ἀλήθειαν</span> <span class='ocrx_word' id='word_1_230' title='bbox 3295 1755 3700 1821; x_wconf 73' lang='grc' dir='ltr'>ἐπισυνάπτειν,</span> 
     </span>
    </p>
   </div>
   <div class='ocr_carea' id='block_1_33' title="bbox 443 1844 2030 1917">
    <p class='ocr_par' dir='ltr' id='par_1_33' title="bbox 443 1845 2027 1917">
     <span class='ocr_line' id='line_1_33' title="bbox 443 1845 2027 1917; baseline 0.007 -18"><span class='ocrx_word' id='word_1_231' title='bbox 443 1845 627 1909; x_wconf 81' lang='lat' dir='ltr'><strong>ritate,</strong></span> <span class='ocrx_word' id='word_1_232' title='bbox 677 1847 730 1901; x_wconf 90' lang='lat' dir='ltr'><strong>id</strong></span> <span class='ocrx_word' id='word_1_233' title='bbox 785 1858 1008 1917; x_wconf 82' lang='lat' dir='ltr'><strong>prapter</strong></span> <span class='ocrx_word' id='word_1_234' title='bbox 1040 1849 1234 1903; x_wconf 83' lang='lat' dir='ltr'><strong>harum</strong></span> <span class='ocrx_word' id='word_1_235' title='bbox 1276 1852 1629 1906; x_wconf 85' lang='lat' dir='ltr'><strong>securitatem</strong></span> <span class='ocrx_word' id='word_1_236' title='bbox 1649 1861 1706 1908; x_wconf 88' lang='lat' dir='ltr'><strong>et</strong></span> <span class='ocrx_word' id='word_1_237' title='bbox 1736 1852 2027 1910; x_wconf 85' lang='lat' dir='ltr'><strong>infailihile</strong></span> 
     </span>
    </p>
   </div>
   <div class='ocr_carea' id='block_1_34' title="bbox 2149 1844 3698 1917">
    <p class='ocr_par' dir='ltr' id='par_1_34' title="bbox 2149 1845 3698 1915">
     <span class='ocr_line' id='line_1_34' title="bbox 2149 1845 3698 1915; baseline 0.002 -18"><span class='ocrx_word' id='word_1_238' title='bbox 2149 1845 2216 1898; x_wconf 78' lang='grc' dir='ltr'>ἰιά</span> <span class='ocrx_word' id='word_1_239' title='bbox 2244 1845 2307 1899; x_wconf 75' lang='grc' dir='ltr'>τὸ</span> <span class='ocrx_word' id='word_1_240' title='bbox 2329 1846 2571 1915; x_wconf 84' lang='grc' dir='ltr'>ἀσφαλὲς</span> <span class='ocrx_word' id='word_1_241' title='bbox 2606 1847 2789 1902; x_wconf 82' lang='grc' dir='ltr'>αὐτῶν</span> <span class='ocrx_word' id='word_1_242' title='bbox 2815 1848 2912 1901; x_wconf 75' lang='grc' dir='ltr'>καὶ</span> <span class='ocrx_word' id='word_1_243' title='bbox 2958 1847 3303 1903; x_wconf 81' lang='grc' dir='ltr'><strong>ἀδιάπτωτον</strong></span> <span class='ocrx_word' id='word_1_244' title='bbox 3339 1845 3498 1901; x_wconf 84' lang='grc' dir='ltr'>τοῦτο</span> <span class='ocrx_word' id='word_1_245' title='bbox 3529 1850 3698 1902; x_wconf 73' lang='grc' dir='ltr'>ποιεῖ’</span> 
     </span>
    </p>
   </div>
   <div class='ocr_carea' id='block_1_35' title="bbox 443 1935 2027 2005">
    <p class='ocr_par' dir='ltr' id='par_1_35' title="bbox 443 1935 2027 2005">
     <span class='ocr_line' id='line_1_35' title="bbox 443 1935 2027 2005; baseline 0.008 -17"><span class='ocrx_word' id='word_1_246' title='bbox 443 1935 595 2002; x_wconf 82' lang='lat' dir='ltr'><strong>facit,</strong></span> <span class='ocrx_word' id='word_1_247' title='bbox 627 1938 773 2005; x_wconf 78' lang='lat' dir='ltr'><strong>sicut</strong></span> <span class='ocrx_word' id='word_1_248' title='bbox 801 1955 815 1992; x_wconf 90' lang='lat'><strong>:</strong></span> <span class='ocrx_word' id='word_1_249' title='bbox 852 1956 872 1990; x_wconf 83' lang='grc' dir='ltr'><strong>ι</strong></span> <span class='ocrx_word' id='word_1_250' title='bbox 930 1937 1305 1995; x_wconf 79' lang='lat' dir='ltr'><strong>Misericordia</strong></span> <span class='ocrx_word' id='word_1_251' title='bbox 1331 1950 1385 1996; x_wconf 88' lang='lat' dir='ltr'><strong>et</strong></span> <span class='ocrx_word' id='word_1_252' title='bbox 1414 1945 1619 1999; x_wconf 85' lang='lat' dir='ltr'><strong>veritas</strong></span> <span class='ocrx_word' id='word_1_253' title='bbox 1664 1943 2027 2000; x_wconf 83' lang='lat' dir='ltr'><strong>obviaverunt</strong></span> 
     </span>
    </p>
   </div>
   <div class='ocr_carea' id='block_1_36' title="bbox 443 2019 2027 2108">
    <p class='ocr_par' dir='ltr' id='par_1_36' title="bbox 443 2019 2027 2108">
     <span class='ocr_line' id='line_1_36' title="bbox 443 2019 2027 2108; baseline 0.006 -27"><span class='ocrx_word' id='word_1_254' title='bbox 443 2028 590 2093; x_wconf 83' lang='lat' dir='ltr'><strong>sibi;</strong></span> <span class='ocrx_word' id='word_1_255' title='bbox 643 2048 663 2082; x_wconf 73' lang='grc' dir='ltr'><strong>ι</strong></span> <span class='ocrx_word' id='word_1_256' title='bbox 691 2043 784 2097; x_wconf 89' lang='lat' dir='ltr'><strong>et,</strong></span> <span class='ocrx_word' id='word_1_257' title='bbox 824 2051 842 2083; x_wconf 83' lang='grc' dir='ltr'><strong>ι</strong></span> <span class='ocrx_word' id='word_1_258' title='bbox 861 2019 1234 2088; x_wconf 63' lang='lat' dir='ltr'><strong>Misericordia</strong></span> <span class='ocrx_word' id='word_1_259' title='bbox 1259 2041 1352 2089; x_wconf 90' lang='lat' dir='ltr'><strong>tua</strong></span> <span class='ocrx_word' id='word_1_260' title='bbox 1378 2043 1434 2090; x_wconf 84' lang='lat' dir='ltr'><strong>et</strong></span> <span class='ocrx_word' id='word_1_261' title='bbox 1456 2036 1659 2091; x_wconf 81' lang='lat' dir='ltr'><strong>veritas</strong></span> <span class='ocrx_word' id='word_1_262' title='bbox 1689 2047 1779 2093; x_wconf 91' lang='lat' dir='ltr'><strong>tua</strong></span> <span class='ocrx_word' id='word_1_263' title='bbox 1811 2052 2027 2108; x_wconf 87' lang='lat' dir='ltr'><strong>semper</strong></span> 
     </span>
    </p>
   </div>
   <div class='ocr_carea' id='block_1_37' title="bbox 441 2120 2028 2194">
    <p class='ocr_par' dir='ltr' id='par_1_37' title="bbox 441 2120 2028 2194">
     <span class='ocr_line' id='line_1_37' title="bbox 441 2120 2028 2194; baseline 0.006 -20"><span class='ocrx_word' id='word_1_264' title='bbox 441 2120 748 2191; x_wconf 83' lang='lat' dir='ltr'><strong>suscipiant</strong></span> <span class='ocrx_word' id='word_1_265' title='bbox 778 2137 896 2189; x_wconf 89' lang='lat' dir='ltr'><strong>me;</strong></span> <span class='ocrx_word' id='word_1_266' title='bbox 939 2142 958 2176; x_wconf 84' lang='grc'>›</span> <span class='ocrx_word' id='word_1_267' title='bbox 993 2132 1082 2185; x_wconf 90' lang='lat' dir='ltr'><strong>et,</strong></span> <span class='ocrx_word' id='word_1_268' title='bbox 1124 2142 1143 2175; x_wconf 80' lang='grc' dir='ltr'><strong>ι</strong></span> <span class='ocrx_word' id='word_1_269' title='bbox 1169 2122 1374 2181; x_wconf 86' lang='lat' dir='ltr'><strong>Potens</strong></span> <span class='ocrx_word' id='word_1_270' title='bbox 1430 2142 1513 2192; x_wconf 89' lang='lat' dir='ltr'><strong>es,</strong></span> <span class='ocrx_word' id='word_1_271' title='bbox 1566 2128 1814 2194; x_wconf 91' lang='lat' dir='ltr'><strong>Domine,</strong></span> <span class='ocrx_word' id='word_1_272' title='bbox 1855 2136 1910 2183; x_wconf 92' lang='lat' dir='ltr'><strong>et</strong></span> <span class='ocrx_word' id='word_1_273' title='bbox 1936 2143 2028 2183; x_wconf 78' lang='lat' dir='ltr'><strong>ve—</strong></span> 
     </span>
    </p>
   </div>
   <div class='ocr_carea' id='block_1_38' title="bbox 443 2211 2029 2286">
    <p class='ocr_par' dir='ltr' id='par_1_38' title="bbox 443 2211 2029 2286">
     <span class='ocr_line' id='line_1_38' title="bbox 443 2211 2029 2286; baseline 0.008 -22"><span class='ocrx_word' id='word_1_274' title='bbox 443 2211 582 2267; x_wconf 87' lang='lat' dir='ltr'><strong>ritas</strong></span> <span class='ocrx_word' id='word_1_275' title='bbox 642 2223 733 2269; x_wconf 90' lang='lat' dir='ltr'><strong>tua</strong></span> <span class='ocrx_word' id='word_1_276' title='bbox 761 2214 817 2269; x_wconf 91' lang='lat' dir='ltr'><strong>in</strong></span> <span class='ocrx_word' id='word_1_277' title='bbox 857 2217 1089 2274; x_wconf 87' lang='lat' dir='ltr'><strong>circuitu</strong></span> <span class='ocrx_word' id='word_1_278' title='bbox 1124 2227 1246 2286; x_wconf 89' lang='lat' dir='ltr'><strong>tuo;</strong></span> <span class='ocrx_word' id='word_1_279' title='bbox 1288 2238 1308 2273; x_wconf 75' lang='grc' dir='ltr'><strong>ι</strong></span> <span class='ocrx_word' id='word_1_280' title='bbox 1343 2227 1417 2286; x_wconf 90' lang='lat' dir='ltr'><strong>et,</strong></span> <span class='ocrx_word' id='word_1_281' title='bbox 1456 2237 1476 2272; x_wconf 84' lang='grc' dir='ltr'><strong>ι</strong></span> <span class='ocrx_word' id='word_1_282' title='bbox 1509 2219 1935 2277; x_wconf 81' lang='lat' dir='ltr'><strong>Misericordiam</strong></span> <span class='ocrx_word' id='word_1_283' title='bbox 1972 2230 2029 2277; x_wconf 91' lang='lat' dir='ltr'><strong>et</strong></span> 
     </span>
    </p>
   </div>
   <div class='ocr_carea' id='block_1_39' title="bbox 440 2306 2023 2382">
    <p class='ocr_par' dir='ltr' id='par_1_39' title="bbox 440 2306 2023 2382">
     <span class='ocr_line' id='line_1_39' title="bbox 440 2306 2023 2382; baseline 0.007 -26"><span class='ocrx_word' id='word_1_284' title='bbox 440 2306 729 2361; x_wconf 85' lang='lat' dir='ltr'><strong>veritatem</strong></span> <span class='ocrx_word' id='word_1_285' title='bbox 762 2306 882 2378; x_wconf 77' lang='lat' dir='ltr'><strong>ejus</strong></span> <span class='ocrx_word' id='word_1_286' title='bbox 912 2308 1039 2377; x_wconf 89' lang='lat' dir='ltr'><strong>quis</strong></span> <span class='ocrx_word' id='word_1_287' title='bbox 1067 2310 1357 2380; x_wconf 85' lang='lat' dir='ltr'><strong>requiret?</strong></span> <span class='ocrx_word' id='word_1_288' title='bbox 1392 2329 1411 2362; x_wconf 75' lang='grc' dir='ltr'><strong>ι</strong></span> <span class='ocrx_word' id='word_1_289' title='bbox 1453 2309 1629 2382; x_wconf 81' lang='lat' dir='ltr'><strong>(Paul.</strong></span> <span class='ocrx_word' id='word_1_290' title='bbox 1663 2327 1884 2377; x_wconf 71' lang='lat' dir='ltr'><strong>LXXXIV,</strong></span> <span class='ocrx_word' id='word_1_291' title='bbox 1917 2312 1979 2366; x_wconf 82' lang='lat' dir='ltr'><strong>ii</strong></span> <span class='ocrx_word' id='word_1_292' title='bbox 2009 2329 2023 2379; x_wconf 93' lang='lat'><strong>;</strong></span> 
     </span>
    </p>
   </div>
   <div class='ocr_carea' id='block_1_40' title="bbox 440 2395 1421 2471">
    <p class='ocr_par' dir='ltr' id='par_1_40' title="bbox 440 2395 1421 2471">
     <span class='ocr_line' id='line_1_40' title="bbox 440 2395 1421 2471; baseline 0.005 -22"><span class='ocrx_word' id='word_1_293' title='bbox 440 2411 635 2459; x_wconf 75' lang='lat' dir='ltr'><strong>xxxix,</strong></span> <span class='ocrx_word' id='word_1_294' title='bbox 671 2395 776 2462; x_wconf 68' lang='lat'><strong>42;</strong></span> <span class='ocrx_word' id='word_1_295' title='bbox 812 2412 1082 2465; x_wconf 79' lang='lat' dir='ltr'><strong>Lxxxvm,</strong></span> <span class='ocrx_word' id='word_1_296' title='bbox 1112 2400 1146 2456; x_wconf 88' lang='lat'>9</span> <span class='ocrx_word' id='word_1_297' title='bbox 1174 2416 1189 2466; x_wconf 89' lang='lat'><strong>;</strong></span> <span class='ocrx_word' id='word_1_298' title='bbox 1217 2415 1308 2464; x_wconf 71' lang='grc' dir='ltr'>ως,</span> <span class='ocrx_word' id='word_1_299' title='bbox 1341 2401 1421 2471; x_wconf 90' lang='grc'><strong>8.)</strong></span> 
     </span>
    </p>
   </div>
   <div class='ocr_carea' id='block_1_41' title="bbox 538 2485 2026 2559">
    <p class='ocr_par' dir='ltr' id='par_1_41' title="bbox 538 2485 2026 2559">
     <span class='ocr_line' id='line_1_41' title="bbox 538 2485 2026 2559; baseline 0.005 -20"><span class='ocrx_word' id='word_1_300' title='bbox 538 2486 624 2539; x_wconf 81' lang='grc'><strong>17.</strong></span> <span class='ocrx_word' id='word_1_301' title='bbox 683 2485 893 2542; x_wconf 85' lang='lat' dir='ltr'><strong>Lavare</strong></span> <span class='ocrx_word' id='word_1_302' title='bbox 937 2503 1156 2553; x_wconf 88' lang='lat' dir='ltr'><strong>manus,</strong></span> <span class='ocrx_word' id='word_1_303' title='bbox 1228 2490 1355 2545; x_wconf 90' lang='lat' dir='ltr'><strong>ioco</strong></span> <span class='ocrx_word' id='word_1_304' title='bbox 1418 2490 1717 2559; x_wconf 89' lang='lat' dir='ltr'><strong>dictionis,</strong></span> <span class='ocrx_word' id='word_1_305' title='bbox 1774 2507 1883 2547; x_wconf 91' lang='lat' dir='ltr'><strong>non</strong></span> <span class='ocrx_word' id='word_1_306' title='bbox 1970 2492 2026 2547; x_wconf 90' lang='lat' dir='ltr'><strong>in</strong></span> 
     </span>
    </p>
   </div>
   <div class='ocr_carea' id='block_1_42' title="bbox 440 2570 2027 2656">
    <p class='ocr_par' dir='ltr' id='par_1_42' title="bbox 440 2570 2027 2656">
     <span class='ocr_line' id='line_1_42' title="bbox 440 2570 2027 2656; baseline 0.005 -26"><span class='ocrx_word' id='word_1_307' title='bbox 440 2576 681 2647; x_wconf 86' lang='lat' dir='ltr'><strong>quodam</strong></span> <span class='ocrx_word' id='word_1_308' title='bbox 753 2579 974 2649; x_wconf 70' lang='lat' dir='ltr'><strong>negotio</strong></span> <span class='ocrx_word' id='word_1_309' title='bbox 1019 2595 1135 2634; x_wconf 91' lang='lat' dir='ltr'><strong>rem</strong></span> <span class='ocrx_word' id='word_1_310' title='bbox 1191 2570 1431 2649; x_wconf 83' lang='lat' dir='ltr'><strong>habere;</strong></span> <span class='ocrx_word' id='word_1_311' title='bbox 1500 2582 1773 2652; x_wconf 89' lang='lat' dir='ltr'><strong>siquidem</strong></span> <span class='ocrx_word' id='word_1_312' title='bbox 1807 2583 1860 2638; x_wconf 92' lang='lat' dir='ltr'><strong>id</strong></span> <span class='ocrx_word' id='word_1_313' title='bbox 1892 2583 2027 2656; x_wconf 74' lang='lat' dir='ltr'><strong>legis</strong></span> 
     </span>
    </p>
   </div>
   <div class='ocr_carea' id='block_1_43' title="bbox 440 2664 2028 2739">
    <p class='ocr_par' dir='ltr' id='par_1_43' title="bbox 440 2664 2028 2739">
     <span class='ocr_line' id='line_1_43' title="bbox 440 2664 2028 2739; baseline 0.005 -16"><span class='ocrx_word' id='word_1_314' title='bbox 440 2678 525 2724; x_wconf 89' lang='lat' dir='ltr'><strong>est</strong></span> <span class='ocrx_word' id='word_1_315' title='bbox 551 2669 692 2739; x_wconf 86' lang='lat' dir='ltr'><strong>apud</strong></span> <span class='ocrx_word' id='word_1_316' title='bbox 717 2672 1164 2738; x_wconf 84' lang='lat' dir='ltr'><strong>veteres;sicut,</strong></span> <span class='ocrx_word' id='word_1_317' title='bbox 1204 2692 1222 2724; x_wconf 81' lang='grc' dir='ltr'><strong>ι</strong></span> <span class='ocrx_word' id='word_1_318' title='bbox 1269 2664 1489 2728; x_wconf 83' lang='lat' dir='ltr'><strong>Lavabo</strong></span> <span class='ocrx_word' id='word_1_319' title='bbox 1524 2674 1670 2729; x_wconf 89' lang='lat' dir='ltr'><strong>inter</strong></span> <span class='ocrx_word' id='word_1_320' title='bbox 1707 2675 2028 2731; x_wconf 79' lang='lat' dir='ltr'><strong>innocentes</strong></span> 
     </span>
    </p>
   </div>
   <div class='ocr_carea' id='block_1_44' title="bbox 442 2763 2032 2830">
    <p class='ocr_par' dir='ltr' id='par_1_44' title="bbox 442 2763 2032 2830">
     <span class='ocr_line' id='line_1_44' title="bbox 442 2763 2032 2830; baseline 0.004 -16"><span class='ocrx_word' id='word_1_321' title='bbox 442 2774 638 2816; x_wconf 84' lang='lat' dir='ltr'><strong>manus</strong></span> <span class='ocrx_word' id='word_1_322' title='bbox 677 2776 864 2830; x_wconf 81' lang='lat' dir='ltr'><strong>meas;</strong></span> <span class='ocrx_word' id='word_1_323' title='bbox 905 2781 923 2813; x_wconf 76' lang='grc' dir='ltr'><strong>ι</strong></span> <span class='ocrx_word' id='word_1_324' title='bbox 980 2771 1056 2829; x_wconf 80' lang='lat' dir='ltr'><strong>et,</strong></span> <span class='ocrx_word' id='word_1_325' title='bbox 1097 2783 1115 2816; x_wconf 81' lang='grc' dir='ltr'><strong>ι</strong></span> <span class='ocrx_word' id='word_1_326' title='bbox 1153 2763 1350 2820; x_wconf 84' lang='lat' dir='ltr'><strong>Manus</strong></span> <span class='ocrx_word' id='word_1_327' title='bbox 1411 2780 1542 2821; x_wconf 88' lang='lat' dir='ltr'><strong>suas</strong></span> <span class='ocrx_word' id='word_1_328' title='bbox 1569 2767 1774 2822; x_wconf 89' lang='lat' dir='ltr'><strong>lavabit</strong></span> <span class='ocrx_word' id='word_1_329' title='bbox 1807 2767 1861 2821; x_wconf 88' lang='lat' dir='ltr'><strong>in</strong></span> <span class='ocrx_word' id='word_1_330' title='bbox 1903 2783 2032 2823; x_wconf 90' lang='lat' dir='ltr'><strong>san-</strong></span> 
     </span>
    </p>
   </div>
   <div class='ocr_carea' id='block_1_45' title="bbox 442 2852 2030 2930">
    <p class='ocr_par' dir='ltr' id='par_1_45' title="bbox 442 2852 2030 2930">
     <span class='ocr_line' id='line_1_45' title="bbox 442 2852 2030 2930; baseline 0.006 -25"><span class='ocrx_word' id='word_1_331' title='bbox 442 2852 608 2922; x_wconf 78' lang='lat' dir='ltr'><strong>guine</strong></span> <span class='ocrx_word' id='word_1_332' title='bbox 638 2855 979 2922; x_wconf 86' lang='lat' dir='ltr'><strong>peccatoris;</strong></span> <span class='ocrx_word' id='word_1_333' title='bbox 1012 2874 1030 2908; x_wconf 76' lang='grc' dir='ltr'><strong>ι</strong></span> <span class='ocrx_word' id='word_1_334' title='bbox 1067 2871 1167 2926; x_wconf 91' lang='lat' dir='ltr'><strong>pro</strong></span> <span class='ocrx_word' id='word_1_335' title='bbox 1188 2897 1203 2923; x_wconf 89' lang='lat'><strong>,</strong></span> <span class='ocrx_word' id='word_1_336' title='bbox 1230 2856 1235 2860; x_wconf 87' lang='grc'><em>’</em></span> <span class='ocrx_word' id='word_1_337' title='bbox 1270 2857 1622 2913; x_wconf 89' lang='lat' dir='ltr'><strong>lnnocentem</strong></span> <span class='ocrx_word' id='word_1_338' title='bbox 1661 2860 1901 2930; x_wconf 89' lang='lat' dir='ltr'><strong>seipsum</strong></span> <span class='ocrx_word' id='word_1_339' title='bbox 1927 2861 2030 2914; x_wconf 84' lang='lat' dir='ltr'><strong>itu-</strong></span> 
     </span>
    </p>
   </div>
   <div class='ocr_carea' id='block_1_46' title="bbox 439 2944 1952 3016">
    <p class='ocr_par' dir='ltr' id='par_1_46' title="bbox 439 2944 1952 3016">
     <span class='ocr_line' id='line_1_46' title="bbox 439 2944 1952 3016; baseline 0.005 -19"><span class='ocrx_word' id='word_1_340' title='bbox 439 2945 531 3014; x_wconf 85' lang='lat' dir='ltr'><strong>jus</strong></span> <span class='ocrx_word' id='word_1_341' title='bbox 569 2944 647 2998; x_wconf 90' lang='lat' dir='ltr'><strong>rei</strong></span> <span class='ocrx_word' id='word_1_342' title='bbox 709 2959 888 3015; x_wconf 66' lang='grc' dir='ltr'>ρωποι</span> <span class='ocrx_word' id='word_1_343' title='bbox 946 2947 1236 3016; x_wconf 87' lang='lat' dir='ltr'><strong>ostendet;</strong></span> <span class='ocrx_word' id='word_1_344' title='bbox 1308 2950 1392 3004; x_wconf 90' lang='lat' dir='ltr'><strong>sic</strong></span> <span class='ocrx_word' id='word_1_345' title='bbox 1434 2959 1488 3005; x_wconf 87' lang='lat' dir='ltr'><strong>et</strong></span> <span class='ocrx_word' id='word_1_346' title='bbox 1538 2949 1749 3005; x_wconf 87' lang='lat' dir='ltr'><strong>Pilatus</strong></span> <span class='ocrx_word' id='word_1_347' title='bbox 1804 2949 1952 3006; x_wconf 72' lang='lat' dir='ltr'><strong>fecit.</strong></span> 
     </span>
    </p>
   </div>
   <div class='ocr_carea' id='block_1_47' title="bbox 445 3031 1803 3112">
    <p class='ocr_par' dir='ltr' id='par_1_47' title="bbox 445 3031 1803 3112">
     <span class='ocr_line' id='line_1_47' title="bbox 445 3031 1803 3112; baseline 0.01 -27"><span class='ocrx_word' id='word_1_348' title='bbox 445 3031 621 3103; x_wconf 80' lang='lat' dir='ltr'><strong>(Psal.</strong></span> <span class='ocrx_word' id='word_1_349' title='bbox 658 3049 785 3101; x_wconf 79' lang='lat' dir='ltr'><strong>xxv,</strong></span> <span class='ocrx_word' id='word_1_350' title='bbox 816 3033 884 3102; x_wconf 84' lang='lat'><strong>6;</strong></span> <span class='ocrx_word' id='word_1_351' title='bbox 917 3051 1050 3103; x_wconf 79' lang='lat' dir='ltr'><strong>Lvn,</strong></span> <span class='ocrx_word' id='word_1_352' title='bbox 1088 3037 1191 3105; x_wconf 85' lang='lat' dir='ltr'><strong>ii;</strong></span> <span class='ocrx_word' id='word_1_353' title='bbox 1247 3034 1442 3091; x_wconf 76' lang='lat' dir='ltr'><strong>Matth.</strong></span> <span class='ocrx_word' id='word_1_354' title='bbox 1475 3054 1658 3112; x_wconf 83' lang='lat' dir='ltr'><strong>xxvu,</strong></span> <span class='ocrx_word' id='word_1_355' title='bbox 1680 3034 1803 3112; x_wconf 69' lang='grc'><strong>24.)</strong></span> 
     </span>
    </p>
   </div>
   <div class='ocr_carea' id='block_1_48' title="bbox 519 3125 2023 3200">
    <p class='ocr_par' dir='ltr' id='par_1_48' title="bbox 519 3125 2023 3200">
     <span class='ocr_line' id='line_1_48' title="bbox 519 3125 2023 3200; baseline 0.005 -21"><span class='ocrx_word' id='word_1_356' title='bbox 519 3125 607 3179; x_wconf 89' lang='grc'><strong>18.</strong></span> <span class='ocrx_word' id='word_1_357' title='bbox 640 3126 1065 3182; x_wconf 87' lang='lat' dir='ltr'><strong>Similitudiuem</strong></span> <span class='ocrx_word' id='word_1_358' title='bbox 1120 3128 1255 3184; x_wconf 86' lang='lat' dir='ltr'><strong>dicit</strong></span> <span class='ocrx_word' id='word_1_359' title='bbox 1302 3143 1448 3200; x_wconf 72' lang='lat' dir='ltr'><strong>saepe</strong></span> <span class='ocrx_word' id='word_1_360' title='bbox 1506 3129 1637 3185; x_wconf 82' lang='lat' dir='ltr'><strong>loco</strong></span> <span class='ocrx_word' id='word_1_361' title='bbox 1694 3133 1793 3196; x_wconf 87' lang='lat' dir='ltr'><strong>rei,</strong></span> <span class='ocrx_word' id='word_1_362' title='bbox 1851 3129 2023 3186; x_wconf 86' lang='lat' dir='ltr'><strong>sicut:</strong></span> 
     </span>
    </p>
   </div>
   <div class='ocr_carea' id='block_1_49' title="bbox 2131 1936 3700 2010">
    <p class='ocr_par' dir='ltr' id='par_1_49' title="bbox 2131 1936 3700 2010">
     <span class='ocr_line' id='line_1_49' title="bbox 2131 1936 3700 2010; baseline 0.001 -18"><span class='ocrx_word' id='word_1_363' title='bbox 2131 1938 2208 2001; x_wconf 83' lang='grc' dir='ltr'>ὡς</span> <span class='ocrx_word' id='word_1_364' title='bbox 2234 1937 2319 2001; x_wconf 79' lang='grc' dir='ltr'>τὸ,</span> <span class='ocrx_word' id='word_1_365' title='bbox 2376 1955 2396 1989; x_wconf 82' lang='grc' dir='ltr'><strong>ι</strong></span> <span class='ocrx_word' id='word_1_366' title='bbox 2437 1936 2631 2002; x_wconf 77' lang='grc' dir='ltr'>Ἔλεος</span> <span class='ocrx_word' id='word_1_367' title='bbox 2662 1938 2769 1992; x_wconf 72' lang='grc' dir='ltr'>καὶ</span> <span class='ocrx_word' id='word_1_368' title='bbox 2819 1939 3051 2009; x_wconf 82' lang='grc' dir='ltr'>ἀλήθεια</span> <span class='ocrx_word' id='word_1_369' title='bbox 3104 1940 3488 2010; x_wconf 79' lang='grc' dir='ltr'>συνήντησανο</span> <span class='ocrx_word' id='word_1_370' title='bbox 3538 1950 3560 1988; x_wconf 70' lang='grc' dir='ltr'><strong>ι</strong></span> <span class='ocrx_word' id='word_1_371' title='bbox 3593 1941 3700 2004; x_wconf 82' lang='grc' dir='ltr'>καὶ,</span> 
     </span>
    </p>
   </div>
   <div class='ocr_carea' id='block_1_50' title="bbox 2140 2021 3700 2101">
    <p class='ocr_par' dir='ltr' id='par_1_50' title="bbox 2140 2021 3700 2101">
     <span class='ocr_line' id='line_1_50' title="bbox 2140 2021 3700 2101; baseline 0.001 -19"><span class='ocrx_word' id='word_1_372' title='bbox 2140 2047 2160 2081; x_wconf 81' lang='grc' dir='ltr'><strong>ι</strong></span> <span class='ocrx_word' id='word_1_373' title='bbox 2195 2028 2270 2082; x_wconf 79' lang='grc' dir='ltr'><strong>Τὸ</strong></span> <span class='ocrx_word' id='word_1_374' title='bbox 2301 2027 2449 2093; x_wconf 69' lang='grc' dir='ltr'>ἔλεός</span> <span class='ocrx_word' id='word_1_375' title='bbox 2481 2045 2575 2083; x_wconf 89' lang='grc' dir='ltr'><strong>σου</strong></span> <span class='ocrx_word' id='word_1_376' title='bbox 2604 2029 2761 2101; x_wconf 76' lang='grc' dir='ltr'>καὶὴ</span> <span class='ocrx_word' id='word_1_377' title='bbox 2793 2021 3031 2099; x_wconf 79' lang='grc' dir='ltr'>ἀλήθειά</span> <span class='ocrx_word' id='word_1_378' title='bbox 3063 2046 3158 2084; x_wconf 87' lang='grc' dir='ltr'><strong>σου</strong></span> <span class='ocrx_word' id='word_1_379' title='bbox 3184 2030 3275 2085; x_wconf 81' lang='grc' dir='ltr'><strong>διὰ</strong></span> <span class='ocrx_word' id='word_1_380' title='bbox 3315 2030 3522 2093; x_wconf 83' lang='grc' dir='ltr'>παντὸς</span> <span class='ocrx_word' id='word_1_381' title='bbox 3560 2031 3700 2084; x_wconf 85' lang='grc' dir='ltr'>ἀντι-</span> 
     </span>
    </p>
   </div>
   <div class='ocr_carea' id='block_1_51' title="bbox 2129 2117 3702 2192">
    <p class='ocr_par' dir='ltr' id='par_1_51' title="bbox 2129 2117 3702 2192">
     <span class='ocr_line' id='line_1_51' title="bbox 2129 2117 3702 2192; baseline -0.001 -18"><span class='ocrx_word' id='word_1_382' title='bbox 2129 2120 2381 2176; x_wconf 80' lang='grc' dir='ltr'>λάϐοιντό</span> <span class='ocrx_word' id='word_1_383' title='bbox 2417 2138 2520 2192; x_wconf 84' lang='grc' dir='ltr'><strong>μου</strong></span> <span class='ocrx_word' id='word_1_384' title='bbox 2540 2137 2555 2155; x_wconf 78' lang='grc' dir='ltr'><strong>ο</strong></span> <span class='ocrx_word' id='word_1_385' title='bbox 2575 2140 2595 2174; x_wconf 75' lang='grc' dir='ltr'><strong>ι</strong></span> <span class='ocrx_word' id='word_1_386' title='bbox 2630 2122 2747 2188; x_wconf 73' lang='grc' dir='ltr'>καὶ,</span> <span class='ocrx_word' id='word_1_387' title='bbox 2771 2138 2790 2173; x_wconf 78' lang='grc' dir='ltr'><strong>ι</strong></span> <span class='ocrx_word' id='word_1_388' title='bbox 2811 2122 3047 2186; x_wconf 80' lang='grc' dir='ltr'>Δυνατὸς</span> <span class='ocrx_word' id='word_1_389' title='bbox 3074 2117 3145 2188; x_wconf 80' lang='grc' dir='ltr'>εἷ,</span> <span class='ocrx_word' id='word_1_390' title='bbox 3174 2120 3377 2192; x_wconf 82' lang='grc' dir='ltr'>Κύριε,</span> <span class='ocrx_word' id='word_1_391' title='bbox 3397 2119 3494 2174; x_wconf 77' lang='grc' dir='ltr'>καὶ</span> <span class='ocrx_word' id='word_1_392' title='bbox 3515 2122 3549 2192; x_wconf 79' lang='grc' dir='ltr'><strong>ἡ</strong></span> <span class='ocrx_word' id='word_1_393' title='bbox 3577 2121 3702 2191; x_wconf 86' lang='grc' dir='ltr'>ἀλή-</span> 
     </span>
    </p>
   </div>
   <div class='ocr_carea' id='block_1_52' title="bbox 2132 2213 3702 2286">
    <p class='ocr_par' dir='ltr' id='par_1_52' title="bbox 2132 2213 3702 2286">
     <span class='ocr_line' id='line_1_52' title="bbox 2132 2213 3702 2286; baseline 0.001 -19"><span class='ocrx_word' id='word_1_394' title='bbox 2132 2213 2255 2269; x_wconf 82' lang='grc' dir='ltr'>θειά</span> <span class='ocrx_word' id='word_1_395' title='bbox 2304 2231 2397 2269; x_wconf 92' lang='grc' dir='ltr'><strong>σου</strong></span> <span class='ocrx_word' id='word_1_396' title='bbox 2422 2213 2610 2285; x_wconf 83' lang='grc' dir='ltr'>κύκλῳ</span> <span class='ocrx_word' id='word_1_397' title='bbox 2666 2230 2792 2269; x_wconf 86' lang='grc' dir='ltr'>σου·</span> <span class='ocrx_word' id='word_1_398' title='bbox 2819 2233 2840 2268; x_wconf 75' lang='grc' dir='ltr'><strong>ι</strong></span> <span class='ocrx_word' id='word_1_399' title='bbox 2875 2214 2992 2283; x_wconf 69' lang='grc' dir='ltr'>καὶ,</span> <span class='ocrx_word' id='word_1_400' title='bbox 3029 2233 3049 2268; x_wconf 83' lang='grc' dir='ltr'><strong>ι</strong></span> <span class='ocrx_word' id='word_1_401' title='bbox 3094 2216 3286 2279; x_wconf 82' lang='grc' dir='ltr'>Ἔλεος</span> <span class='ocrx_word' id='word_1_402' title='bbox 3321 2214 3421 2268; x_wconf 72' lang='grc' dir='ltr'>καὶ</span> <span class='ocrx_word' id='word_1_403' title='bbox 3457 2213 3702 2286; x_wconf 83' lang='grc' dir='ltr'>ἀλήθειαν</span> 
     </span>
    </p>
   </div>
   <div class='ocr_carea' id='block_1_53' title="bbox 2106 2304 2842 2378">
    <p class='ocr_par' dir='ltr' id='par_1_53' title="bbox 2106 2304 2842 2378">
     <span class='ocr_line' id='line_1_53' title="bbox 2106 2304 2842 2378; baseline 0 -20"><span class='ocrx_word' id='word_1_404' title='bbox 2106 2304 2301 2359; x_wconf 64' lang='grc' dir='ltr'><strong>οαῦτοῦ</strong></span> <span class='ocrx_word' id='word_1_405' title='bbox 2339 2306 2422 2371; x_wconf 84' lang='grc' dir='ltr'><strong>τίς</strong></span> <span class='ocrx_word' id='word_1_406' title='bbox 2456 2305 2786 2378; x_wconf 74' lang='grc' dir='ltr'>ἐκζητήσεις</span> <span class='ocrx_word' id='word_1_407' title='bbox 2823 2325 2842 2358; x_wconf 78' lang='grc' dir='ltr'><strong>ι</strong></span> 
     </span>
    </p>
   </div>
   <div class='ocr_carea' id='block_1_54' title="bbox 2213 2483 3702 2559">
    <p class='ocr_par' dir='ltr' id='par_1_54' title="bbox 2213 2483 3702 2559">
     <span class='ocr_line' id='line_1_54' title="bbox 2213 2483 3702 2559; baseline 0.003 -22"><span class='ocrx_word' id='word_1_408' title='bbox 2213 2483 2300 2549; x_wconf 77' lang='grc' dir='ltr'><strong>ιζ’.</strong></span> <span class='ocrx_word' id='word_1_409' title='bbox 2354 2485 2467 2550; x_wconf 80' lang='grc' dir='ltr'><strong>Τὸ,</strong></span> <span class='ocrx_word' id='word_1_410' title='bbox 2560 2486 2985 2557; x_wconf 72' lang='grc' dir='ltr'>Νίψασθαιτάς</span> <span class='ocrx_word' id='word_1_411' title='bbox 3035 2490 3256 2559; x_wconf 77' lang='grc' dir='ltr'>χεῖρας,</span> <span class='ocrx_word' id='word_1_412' title='bbox 3356 2486 3455 2542; x_wconf 73' lang='grc' dir='ltr'><strong>ἐπὶ</strong></span> <span class='ocrx_word' id='word_1_413' title='bbox 3491 2486 3581 2542; x_wconf 82' lang='grc' dir='ltr'><strong>τοῦ</strong></span> <span class='ocrx_word' id='word_1_414' title='bbox 3621 2488 3702 2558; x_wconf 73' lang='grc' dir='ltr'><strong>Μὴ</strong></span> 
     </span>
    </p>
   </div>
   <div class='ocr_carea' id='block_1_55' title="bbox 2132 2570 3705 2651">
    <p class='ocr_par' dir='ltr' id='par_1_55' title="bbox 2132 2570 3705 2651">
     <span class='ocr_line' id='line_1_55' title="bbox 2132 2570 3705 2651; baseline 0.001 -21"><span class='ocrx_word' id='word_1_415' title='bbox 2132 2578 2463 2650; x_wconf 78' lang='grc' dir='ltr'>κοινωνῆσαί</span> <span class='ocrx_word' id='word_1_416' title='bbox 2490 2596 2637 2643; x_wconf 85' lang='grc' dir='ltr'>τινος</span> <span class='ocrx_word' id='word_1_417' title='bbox 2657 2580 2984 2651; x_wconf 83' lang='grc' dir='ltr'>πράγματος</span> <span class='ocrx_word' id='word_1_418' title='bbox 3001 2595 3018 2611; x_wconf 85' lang='lat'><strong><em>°</em></strong></span> <span class='ocrx_word' id='word_1_419' title='bbox 3093 2580 3281 2651; x_wconf 74' lang='grc' dir='ltr'>ἐπειδὴ</span> <span class='ocrx_word' id='word_1_420' title='bbox 3310 2578 3475 2633; x_wconf 88' lang='grc' dir='ltr'>τοῦτο</span> <span class='ocrx_word' id='word_1_421' title='bbox 3501 2570 3705 2650; x_wconf 70' lang='grc' dir='ltr'>νενομο-</span> 
     </span>
    </p>
   </div>
   <div class='ocr_carea' id='block_1_56' title="bbox 2136 2669 3704 2742">
    <p class='ocr_par' dir='ltr' id='par_1_56' title="bbox 2136 2669 3704 2742">
     <span class='ocr_line' id='line_1_56' title="bbox 2136 2669 3704 2742; baseline -0.001 -18"><span class='ocrx_word' id='word_1_422' title='bbox 2136 2670 2368 2742; x_wconf 83' lang='grc' dir='ltr'>θέτηται</span> <span class='ocrx_word' id='word_1_423' title='bbox 2410 2672 2526 2741; x_wconf 62' lang='grc' dir='ltr'>τοῖς</span> <span class='ocrx_word' id='word_1_424' title='bbox 2556 2670 2807 2735; x_wconf 81' lang='grc' dir='ltr'>παλαιοῖς</span> <span class='ocrx_word' id='word_1_425' title='bbox 2826 2688 2840 2702; x_wconf 87' lang='grc'><strong>·</strong></span> <span class='ocrx_word' id='word_1_426' title='bbox 2870 2672 2946 2736; x_wconf 82' lang='grc' dir='ltr'>ὡς</span> <span class='ocrx_word' id='word_1_427' title='bbox 2974 2670 3056 2736; x_wconf 78' lang='grc' dir='ltr'><strong>τὸ,</strong></span> <span class='ocrx_word' id='word_1_428' title='bbox 3093 2690 3112 2723; x_wconf 82' lang='lat' dir='ltr'><strong>t</strong></span> <span class='ocrx_word' id='word_1_429' title='bbox 3140 2671 3394 2742; x_wconf 80' lang='grc' dir='ltr'>Νίψομαι</span> <span class='ocrx_word' id='word_1_430' title='bbox 3435 2673 3493 2725; x_wconf 79' lang='grc' dir='ltr'>ὲν</span> <span class='ocrx_word' id='word_1_431' title='bbox 3522 2669 3704 2734; x_wconf 80' lang='grc' dir='ltr'>ἀθώοις</span> 
     </span>
    </p>
   </div>
   <div class='ocr_carea' id='block_1_57' title="bbox 2135 2762 3702 2835">
    <p class='ocr_par' dir='ltr' id='par_1_57' title="bbox 2135 2762 3702 2835">
     <span class='ocr_line' id='line_1_57' title="bbox 2135 2762 3702 2835; baseline 0.002 -21"><span class='ocrx_word' id='word_1_432' title='bbox 2135 2762 2237 2825; x_wconf 86' lang='grc' dir='ltr'><strong>τάς</strong></span> <span class='ocrx_word' id='word_1_433' title='bbox 2266 2762 2457 2833; x_wconf 82' lang='grc' dir='ltr'>χεῖράς</span> <span class='ocrx_word' id='word_1_434' title='bbox 2481 2779 2584 2833; x_wconf 89' lang='grc' dir='ltr'><strong>μου</strong></span> <span class='ocrx_word' id='word_1_435' title='bbox 2604 2778 2619 2791; x_wconf 83' lang='lat'><strong><em>°</em></strong></span> <span class='ocrx_word' id='word_1_436' title='bbox 2646 2783 2666 2817; x_wconf 82' lang='grc'><strong>›</strong></span> <span class='ocrx_word' id='word_1_437' title='bbox 2691 2763 2809 2828; x_wconf 82' lang='grc' dir='ltr'>καὶ,</span> <span class='ocrx_word' id='word_1_438' title='bbox 2842 2782 2860 2816; x_wconf 86' lang='grc' dir='ltr'><strong>ι</strong></span> <span class='ocrx_word' id='word_1_439' title='bbox 2880 2763 2989 2826; x_wconf 86' lang='grc' dir='ltr'><strong>Τάς</strong></span> <span class='ocrx_word' id='word_1_440' title='bbox 3010 2764 3200 2834; x_wconf 80' lang='grc' dir='ltr'>χεῖρας</span> <span class='ocrx_word' id='word_1_441' title='bbox 3224 2762 3400 2817; x_wconf 79' lang='grc' dir='ltr'>αὑτοῦ</span> <span class='ocrx_word' id='word_1_442' title='bbox 3431 2763 3634 2835; x_wconf 77' lang='grc' dir='ltr'>νίψεται</span> <span class='ocrx_word' id='word_1_443' title='bbox 3650 2764 3702 2817; x_wconf 86' lang='grc' dir='ltr'>ὲν</span> 
     </span>
    </p>
   </div>
   <div class='ocr_carea' id='block_1_58' title="bbox 2133 2850 3705 2925">
    <p class='ocr_par' dir='ltr' id='par_1_58' title="bbox 2133 2850 3705 2925">
     <span class='ocr_line' id='line_1_58' title="bbox 2133 2850 3705 2925; baseline 0 -19"><span class='ocrx_word' id='word_1_444' title='bbox 2133 2850 2212 2923; x_wconf 83' lang='grc' dir='ltr'>τῷ</span> <span class='ocrx_word' id='word_1_445' title='bbox 2239 2852 2436 2923; x_wconf 80' lang='grc' dir='ltr'>αἵματι</span> <span class='ocrx_word' id='word_1_446' title='bbox 2456 2853 2550 2908; x_wconf 79' lang='grc' dir='ltr'><strong>τοῦ</strong></span> <span class='ocrx_word' id='word_1_447' title='bbox 2570 2853 2920 2925; x_wconf 82' lang='grc' dir='ltr'>ἀμαρτωλοῦ’</span> <span class='ocrx_word' id='word_1_448' title='bbox 2945 2873 2963 2907; x_wconf 76' lang='grc' dir='ltr'><strong>ι</strong></span> <span class='ocrx_word' id='word_1_449' title='bbox 2985 2854 3108 2909; x_wconf 80' lang='grc' dir='ltr'>ἀντὶ</span> <span class='ocrx_word' id='word_1_450' title='bbox 3126 2853 3244 2920; x_wconf 82' lang='grc' dir='ltr'>τοῦ,</span> <span class='ocrx_word' id='word_1_451' title='bbox 3296 2854 3506 2909; x_wconf 83' lang='grc' dir='ltr'>Ἀθῶον</span> <span class='ocrx_word' id='word_1_452' title='bbox 3531 2853 3705 2909; x_wconf 78' lang='grc' dir='ltr'>ἑαυτὸν</span> 
     </span>
    </p>
   </div>
   <div class='ocr_carea' id='block_1_59' title="bbox 2130 2943 3705 3021">
    <p class='ocr_par' dir='ltr' id='par_1_59' title="bbox 2130 2943 3705 3021">
     <span class='ocr_line' id='line_1_59' title="bbox 2130 2943 3705 3021; baseline 0.001 -24"><span class='ocrx_word' id='word_1_453' title='bbox 2130 2945 2467 3021; x_wconf 68' lang='grc' dir='ltr'>τῆς,ὲκείνου</span> <span class='ocrx_word' id='word_1_454' title='bbox 2497 2944 2774 3017; x_wconf 76' lang='grc' dir='ltr'>τιμωρίας</span> <span class='ocrx_word' id='word_1_455' title='bbox 2793 2944 3069 3011; x_wconf 78' lang='grc' dir='ltr'>ἀποδείξει</span> <span class='ocrx_word' id='word_1_456' title='bbox 3094 2962 3108 2975; x_wconf 69' lang='grc' dir='ltr'><strong><em>ο</em></strong></span> <span class='ocrx_word' id='word_1_457' title='bbox 3185 2943 3339 2999; x_wconf 76' lang='grc' dir='ltr'>οὕτω</span> <span class='ocrx_word' id='word_1_458' title='bbox 3361 2945 3458 3002; x_wconf 68' lang='grc' dir='ltr'>καὶ</span> <span class='ocrx_word' id='word_1_459' title='bbox 3486 2945 3705 3008; x_wconf 70' lang='grc' dir='ltr'>Πιλᾶτος</span> 
     </span>
    </p>
   </div>
   <div class='ocr_carea' id='block_1_60' title="bbox 2133 3036 2383 3106">
    <p class='ocr_par' dir='ltr' id='par_1_60' title="bbox 2133 3036 2383 3106">
     <span class='ocr_line' id='line_1_60' title="bbox 2133 3036 2383 3106; baseline -0.004 -17"><span class='ocrx_word' id='word_1_460' title='bbox 2133 3036 2383 3106; x_wconf 64' lang='grc' dir='ltr'>ἑποίησε.</span> 
     </span>
    </p>
   </div>
   <div class='ocr_carea' id='block_1_61' title="bbox 2207 3122 3702 3203">
    <p class='ocr_par' dir='ltr' id='par_1_61' title="bbox 2207 3122 3702 3203">
     <span class='ocr_line' id='line_1_61' title="bbox 2207 3122 3702 3203; baseline -0.001 -25"><span class='ocrx_word' id='word_1_461' title='bbox 2207 3131 2300 3195; x_wconf 84' lang='grc' dir='ltr'>ιη’.</span> <span class='ocrx_word' id='word_1_462' title='bbox 2341 3124 2452 3193; x_wconf 81' lang='grc' dir='ltr'><strong>Τὴν</strong></span> <span class='ocrx_word' id='word_1_463' title='bbox 2472 3124 2769 3197; x_wconf 85' lang='grc' dir='ltr'>ὁμοιότητα</span> <span class='ocrx_word' id='word_1_464' title='bbox 2812 3125 2963 3195; x_wconf 85' lang='grc' dir='ltr'>λέγει</span> <span class='ocrx_word' id='word_1_465' title='bbox 3001 3124 3264 3190; x_wconf 83' lang='grc' dir='ltr'>πολλάκις</span> <span class='ocrx_word' id='word_1_466' title='bbox 3294 3127 3419 3203; x_wconf 76' lang='grc' dir='ltr'>ἀντὶ</span> <span class='ocrx_word' id='word_1_467' title='bbox 3447 3124 3540 3179; x_wconf 90' lang='grc' dir='ltr'><strong>τοῦ</strong></span> <span class='ocrx_word' id='word_1_468' title='bbox 3570 3122 3702 3195; x_wconf 83' lang='grc' dir='ltr'>πρά-</span> 
     </span>
    </p>
   </div>
   <div class='ocr_carea' id='block_1_62' title="bbox 449 3207 2030 3292">
    <p class='ocr_par' dir='ltr' id='par_1_62' title="bbox 449 3218 2030 3292">
     <span class='ocr_line' id='line_1_62' title="bbox 449 3218 2030 3292; baseline 0.004 -22"><span class='ocrx_word' id='word_1_469' title='bbox 449 3235 471 3270; x_wconf 84' lang='grc' dir='ltr'><strong>ι</strong></span> <span class='ocrx_word' id='word_1_470' title='bbox 502 3218 864 3272; x_wconf 83' lang='lat' dir='ltr'><strong>Assimiiabor</strong></span> <span class='ocrx_word' id='word_1_471' title='bbox 901 3220 1365 3277; x_wconf 88' lang='lat' dir='ltr'><strong>descendentibus</strong></span> <span class='ocrx_word' id='word_1_472' title='bbox 1390 3221 1445 3276; x_wconf 91' lang='lat' dir='ltr'><strong>in</strong></span> <span class='ocrx_word' id='word_1_473' title='bbox 1479 3221 1685 3289; x_wconf 82' lang='lat' dir='ltr'><strong>lacum,</strong></span> <span class='ocrx_word' id='word_1_474' title='bbox 1728 3240 1746 3274; x_wconf 74' lang='grc' dir='ltr'><strong>ι</strong></span> <span class='ocrx_word' id='word_1_475' title='bbox 1783 3236 1882 3292; x_wconf 88' lang='lat' dir='ltr'><strong>pro</strong></span> <span class='ocrx_word' id='word_1_476' title='bbox 1936 3222 2030 3276; x_wconf 84' lang='lat' dir='ltr'><strong>de-</strong></span> 
     </span>
    </p>
   </div>
   <div class='ocr_carea' id='block_1_63' title="bbox 2149 3207 3704 3292">
    <p class='ocr_par' dir='ltr' id='par_1_63' title="bbox 2149 3215 3704 3289">
     <span class='ocr_line' id='line_1_63' title="bbox 2149 3215 3704 3289; baseline -0.001 -20"><span class='ocrx_word' id='word_1_477' title='bbox 2149 3232 2380 3286; x_wconf 74' lang='grc' dir='ltr'>γματος·</span> <span class='ocrx_word' id='word_1_478' title='bbox 2412 3217 2489 3281; x_wconf 85' lang='grc' dir='ltr'><strong>ὡς</strong></span> <span class='ocrx_word' id='word_1_479' title='bbox 2513 3218 2596 3280; x_wconf 85' lang='grc' dir='ltr'>τὸ,</span> <span class='ocrx_word' id='word_1_480' title='bbox 2637 3236 2656 3269; x_wconf 81' lang='grc' dir='ltr'><strong>ι</strong></span> <span class='ocrx_word' id='word_1_481' title='bbox 2701 3217 2811 3271; x_wconf 73' lang='grc' dir='ltr'><strong>Καὶ</strong></span> <span class='ocrx_word' id='word_1_482' title='bbox 2841 3216 3267 3289; x_wconf 79' lang='grc' dir='ltr'>όμοιωθήσομαι</span> <span class='ocrx_word' id='word_1_483' title='bbox 3301 3219 3418 3281; x_wconf 78' lang='grc' dir='ltr'>τοῖς</span> <span class='ocrx_word' id='word_1_484' title='bbox 3454 3215 3704 3272; x_wconf 81' lang='grc' dir='ltr'>καταϐαί-</span> 
     </span>
    </p>
   </div>
   <div class='ocr_carea' id='block_1_64' title="bbox 443 3308 1219 3381">
    <p class='ocr_par' dir='ltr' id='par_1_64' title="bbox 443 3308 1219 3381">
     <span class='ocr_line' id='line_1_64' title="bbox 443 3308 1219 3381; baseline 0.004 -18"><span class='ocrx_word' id='word_1_485' title='bbox 443 3308 711 3363; x_wconf 75' lang='lat' dir='ltr'><strong>scendam.</strong></span> <span class='ocrx_word' id='word_1_486' title='bbox 748 3309 920 3377; x_wconf 80' lang='lat' dir='ltr'><strong>(Paul.</strong></span> <span class='ocrx_word' id='word_1_487' title='bbox 942 3326 1116 3378; x_wconf 74' lang='lat' dir='ltr'><strong>xum,</strong></span> <span class='ocrx_word' id='word_1_488' title='bbox 1142 3311 1219 3381; x_wconf 84' lang='grc'><strong>1.)</strong></span> 
     </span>
    </p>
   </div>
   <div class='ocr_carea' id='block_1_65' title="bbox 517 3400 2033 3472">
    <p class='ocr_par' dir='ltr' id='par_1_65' title="bbox 517 3400 2033 3472">
     <span class='ocr_line' id='line_1_65' title="bbox 517 3400 2033 3472; baseline 0.005 -19"><span class='ocrx_word' id='word_1_489' title='bbox 517 3401 606 3457; x_wconf 84' lang='grc'><strong>19.</strong></span> <span class='ocrx_word' id='word_1_490' title='bbox 638 3400 848 3456; x_wconf 70' lang='lat' dir='ltr'><strong>Caelum</strong></span> <span class='ocrx_word' id='word_1_491' title='bbox 890 3416 1038 3472; x_wconf 74' lang='lat' dir='ltr'><strong>saepe</strong></span> <span class='ocrx_word' id='word_1_492' title='bbox 1094 3404 1264 3460; x_wconf 64' lang='lat' dir='ltr'><strong>caelos</strong></span> <span class='ocrx_word' id='word_1_493' title='bbox 1313 3413 1497 3468; x_wconf 83' lang='lat' dir='ltr'><strong>vocat,</strong></span> <span class='ocrx_word' id='word_1_494' title='bbox 1524 3404 1690 3470; x_wconf 90' lang='lat' dir='ltr'><strong>sicut,</strong></span> <span class='ocrx_word' id='word_1_495' title='bbox 1727 3422 1746 3456; x_wconf 83' lang='grc' dir='ltr'><strong>ι</strong></span> <span class='ocrx_word' id='word_1_496' title='bbox 1791 3403 2033 3462; x_wconf 87' lang='lat' dir='ltr'><strong>Laudate</strong></span> 
     </span>
    </p>
   </div>
   <div class='ocr_carea' id='block_1_66' title="bbox 323 3490 1672 3568">
    <p class='ocr_par' dir='ltr' id='par_1_66' title="bbox 323 3490 1672 3568">
     <span class='ocr_line' id='line_1_66' title="bbox 323 3490 1672 3568; baseline 0.007 -26"><span class='ocrx_word' id='word_1_497' title='bbox 323 3553 329 3559; x_wconf 30' lang='grc' dir='ltr'><strong>ε</strong></span> <span class='ocrx_word' id='word_1_498' title='bbox 446 3490 737 3546; x_wconf 87' lang='lat' dir='ltr'><strong>Dominum</strong></span> <span class='ocrx_word' id='word_1_499' title='bbox 771 3493 837 3547; x_wconf 92' lang='lat' dir='ltr'><strong>de</strong></span> <span class='ocrx_word' id='word_1_500' title='bbox 857 3494 1036 3549; x_wconf 63' lang='lat' dir='ltr'><strong>caelis.</strong></span> <span class='ocrx_word' id='word_1_501' title='bbox 1072 3512 1092 3546; x_wconf 85' lang='grc'><strong>›</strong></span> <span class='ocrx_word' id='word_1_502' title='bbox 1130 3493 1311 3565; x_wconf 77' lang='lat' dir='ltr'><strong>(Paul.</strong></span> <span class='ocrx_word' id='word_1_503' title='bbox 1337 3512 1565 3562; x_wconf 84' lang='lat' dir='ltr'><strong>chvm,</strong></span> <span class='ocrx_word' id='word_1_504' title='bbox 1592 3497 1672 3568; x_wconf 90' lang='grc'><strong>1.)</strong></span> 
     </span>
    </p>
   </div>
   <div class='ocr_carea' id='block_1_67' title="bbox 516 3580 2031 3658">
    <p class='ocr_par' dir='ltr' id='par_1_67' title="bbox 516 3580 2031 3658">
     <span class='ocr_line' id='line_1_67' title="bbox 516 3580 2031 3658; baseline 0.004 -23"><span class='ocrx_word' id='word_1_505' title='bbox 516 3580 608 3637; x_wconf 72' lang='lat'><strong>20.</strong></span> <span class='ocrx_word' id='word_1_506' title='bbox 640 3581 939 3638; x_wconf 84' lang='lat' dir='ltr'><strong>Parabolas</strong></span> <span class='ocrx_word' id='word_1_507' title='bbox 972 3584 1091 3640; x_wconf 90' lang='lat' dir='ltr'><strong>siue</strong></span> <span class='ocrx_word' id='word_1_508' title='bbox 1139 3603 1239 3650; x_wconf 87' lang='grc' dir='ltr'><strong>ως,</strong></span> <span class='ocrx_word' id='word_1_509' title='bbox 1269 3588 1435 3653; x_wconf 88' lang='lat' dir='ltr'><strong>sicut,</strong></span> <span class='ocrx_word' id='word_1_510' title='bbox 1482 3602 1627 3658; x_wconf 58' lang='lat' dir='ltr'><strong>saepe</strong></span> <span class='ocrx_word' id='word_1_511' title='bbox 1651 3587 1820 3655; x_wconf 87' lang='lat' dir='ltr'><strong>dicit;</strong></span> <span class='ocrx_word' id='word_1_512' title='bbox 1854 3587 2031 3642; x_wconf 87' lang='lat' dir='ltr'><strong>sicut:</strong></span> 
     </span>
    </p>
   </div>
   <div class='ocr_carea' id='block_1_68' title="bbox 454 3671 2037 3746">
    <p class='ocr_par' dir='ltr' id='par_1_68' title="bbox 454 3671 2037 3746">
     <span class='ocr_line' id='line_1_68' title="bbox 454 3671 2037 3746; baseline 0.006 -22"><span class='ocrx_word' id='word_1_513' title='bbox 454 3691 474 3724; x_wconf 76' lang='grc' dir='ltr'><strong>ι</strong></span> <span class='ocrx_word' id='word_1_514' title='bbox 510 3671 714 3728; x_wconf 76' lang='lat' dir='ltr'><strong>Eduxit</strong></span> <span class='ocrx_word' id='word_1_515' title='bbox 748 3688 836 3729; x_wconf 90' lang='lat' dir='ltr'><strong>me</strong></span> <span class='ocrx_word' id='word_1_516' title='bbox 858 3675 927 3731; x_wconf 87' lang='lat' dir='ltr'><strong>de</strong></span> <span class='ocrx_word' id='word_1_517' title='bbox 954 3674 1078 3730; x_wconf 81' lang='lat' dir='ltr'><strong>lacu</strong></span> <span class='ocrx_word' id='word_1_518' title='bbox 1099 3676 1375 3744; x_wconf 74' lang='lat' dir='ltr'><strong>miseriae;</strong></span> <span class='ocrx_word' id='word_1_519' title='bbox 1412 3698 1431 3731; x_wconf 73' lang='grc' dir='ltr'><strong>ι</strong></span> <span class='ocrx_word' id='word_1_520' title='bbox 1470 3688 1546 3746; x_wconf 89' lang='lat' dir='ltr'><strong>et,</strong></span> <span class='ocrx_word' id='word_1_521' title='bbox 1582 3698 1601 3731; x_wconf 82' lang='grc' dir='ltr'><strong>ι</strong></span> <span class='ocrx_word' id='word_1_522' title='bbox 1644 3677 1745 3746; x_wconf 83' lang='lat' dir='ltr'><strong>Qui</strong></span> <span class='ocrx_word' id='word_1_523' title='bbox 1778 3679 1912 3735; x_wconf 77' lang='lat' dir='ltr'><strong>facit</strong></span> <span class='ocrx_word' id='word_1_524' title='bbox 1936 3695 2037 3734; x_wconf 87' lang='lat' dir='ltr'><strong>au—</strong></span> 
     </span>
    </p>
   </div>
   <div class='ocr_carea' id='block_1_69' title="bbox 449 3765 2037 3842">
    <p class='ocr_par' dir='ltr' id='par_1_69' title="bbox 449 3765 2037 3842">
     <span class='ocr_line' id='line_1_69' title="bbox 449 3765 2037 3842; baseline 0.005 -24"><span class='ocrx_word' id='word_1_525' title='bbox 449 3765 601 3834; x_wconf 74' lang='lat' dir='ltr'><strong>geios</strong></span> <span class='ocrx_word' id='word_1_526' title='bbox 624 3765 757 3821; x_wconf 77' lang='lat' dir='ltr'><strong>subs</strong></span> <span class='ocrx_word' id='word_1_527' title='bbox 781 3768 1025 3835; x_wconf 88' lang='lat' dir='ltr'><strong>spiritus,</strong></span> <span class='ocrx_word' id='word_1_528' title='bbox 1052 3777 1107 3822; x_wconf 91' lang='lat' dir='ltr'><strong>et</strong></span> <span class='ocrx_word' id='word_1_529' title='bbox 1138 3769 1426 3825; x_wconf 88' lang='lat' dir='ltr'><strong>ministros</strong></span> <span class='ocrx_word' id='word_1_530' title='bbox 1489 3785 1618 3827; x_wconf 91' lang='lat' dir='ltr'><strong>suos</strong></span> <span class='ocrx_word' id='word_1_531' title='bbox 1662 3771 1843 3842; x_wconf 83' lang='lat' dir='ltr'><strong>ignem</strong></span> <span class='ocrx_word' id='word_1_532' title='bbox 1879 3787 2037 3826; x_wconf 88' lang='lat' dir='ltr'><strong>uren-</strong></span> 
     </span>
    </p>
   </div>
   <div class='ocr_carea' id='block_1_70' title="bbox 451 3854 2028 3933">
    <p class='ocr_par' dir='ltr' id='par_1_70' title="bbox 451 3854 2028 3933">
     <span class='ocr_line' id='line_1_70' title="bbox 451 3854 2028 3933; baseline 0.004 -25"><span class='ocrx_word' id='word_1_533' title='bbox 451 3865 599 3921; x_wconf 85' lang='lat' dir='ltr'><strong>tem;</strong></span> <span class='ocrx_word' id='word_1_534' title='bbox 638 3873 657 3906; x_wconf 75' lang='grc' dir='ltr'><strong>ι</strong></span> <span class='ocrx_word' id='word_1_535' title='bbox 696 3866 771 3923; x_wconf 89' lang='lat' dir='ltr'><strong>et,</strong></span> <span class='ocrx_word' id='word_1_536' title='bbox 802 3874 821 3908; x_wconf 85' lang='grc' dir='ltr'><strong>ι</strong></span> <span class='ocrx_word' id='word_1_537' title='bbox 869 3854 1256 3921; x_wconf 74' lang='grc' dir='ltr'>Τιέιῃείνίιηιιε</span> <span class='ocrx_word' id='word_1_538' title='bbox 1286 3874 1385 3930; x_wconf 82' lang='lat' dir='ltr'><strong>per</strong></span> <span class='ocrx_word' id='word_1_539' title='bbox 1421 3860 1603 3931; x_wconf 79' lang='lat' dir='ltr'><strong>ignem</strong></span> <span class='ocrx_word' id='word_1_540' title='bbox 1649 3871 1705 3917; x_wconf 89' lang='lat' dir='ltr'><strong>et</strong></span> <span class='ocrx_word' id='word_1_541' title='bbox 1734 3877 1968 3933; x_wconf 87' lang='lat' dir='ltr'><strong>aquam;</strong></span> <span class='ocrx_word' id='word_1_542' title='bbox 2008 3880 2028 3915; x_wconf 71' lang='grc' dir='ltr'><strong>ι</strong></span> 
     </span>
    </p>
   </div>
   <div class='ocr_carea' id='block_1_71' title="bbox 449 3945 2028 4022">
    <p class='ocr_par' dir='ltr' id='par_1_71' title="bbox 449 3945 2028 4022">
     <span class='ocr_line' id='line_1_71' title="bbox 449 3945 2028 4022; baseline 0.003 -21"><span class='ocrx_word' id='word_1_543' title='bbox 449 3956 527 4013; x_wconf 86' lang='lat' dir='ltr'><strong>et,</strong></span> <span class='ocrx_word' id='word_1_544' title='bbox 550 3945 900 4002; x_wconf 78' lang='lat' dir='ltr'><strong>tAscendunt</strong></span> <span class='ocrx_word' id='word_1_545' title='bbox 924 3959 1198 4017; x_wconf 60' lang='lat' dir='ltr'><strong>montesp</strong></span> <span class='ocrx_word' id='word_1_546' title='bbox 1226 3960 1331 4015; x_wconf 76' lang='lat' dir='ltr'><strong>et,¢</strong></span> <span class='ocrx_word' id='word_1_547' title='bbox 1359 3951 1584 4008; x_wconf 86' lang='lat' dir='ltr'><strong>Catulus</strong></span> <span class='ocrx_word' id='word_1_548' title='bbox 1613 3952 1791 4007; x_wconf 82' lang='lat' dir='ltr'><strong>leonis</strong></span> <span class='ocrx_word' id='word_1_549' title='bbox 1809 3951 1983 4022; x_wconf 85' lang='lat' dir='ltr'><strong>Juda;</strong></span> <span class='ocrx_word' id='word_1_550' title='bbox 2009 3971 2028 4005; x_wconf 74' lang='grc' dir='ltr'><strong>ι</strong></span> 
     </span>
    </p>
   </div>
   <div class='ocr_carea' id='block_1_72' title="bbox 451 4032 2035 4110">
    <p class='ocr_par' dir='ltr' id='par_1_72' title="bbox 451 4032 2035 4110">
     <span class='ocr_line' id='line_1_72' title="bbox 451 4032 2035 4110; baseline 0.004 -18"><span class='ocrx_word' id='word_1_551' title='bbox 451 4046 529 4101; x_wconf 89' lang='lat' dir='ltr'><strong>et,</strong></span> <span class='ocrx_word' id='word_1_552' title='bbox 563 4057 582 4089; x_wconf 80' lang='grc' dir='ltr'><strong>ι</strong></span> <span class='ocrx_word' id='word_1_553' title='bbox 620 4036 823 4094; x_wconf 87' lang='lat' dir='ltr'><strong>Factus</strong></span> <span class='ocrx_word' id='word_1_554' title='bbox 852 4050 939 4095; x_wconf 88' lang='lat' dir='ltr'><strong>est</strong></span> <span class='ocrx_word' id='word_1_555' title='bbox 960 4032 1433 4102; x_wconf 40' lang='lat' dir='ltr'><strong>&#39;Adatno&#39;coluber</strong></span> <span class='ocrx_word' id='word_1_556' title='bbox 1463 4043 1517 4098; x_wconf 92' lang='lat' dir='ltr'><strong>in</strong></span> <span class='ocrx_word' id='word_1_557' title='bbox 1551 4044 1670 4110; x_wconf 80' lang='lat' dir='ltr'><strong>via;</strong></span> <span class='ocrx_word' id='word_1_558' title='bbox 1715 4060 1734 4094; x_wconf 72' lang='grc' dir='ltr'><strong>ι</strong></span> <span class='ocrx_word' id='word_1_559' title='bbox 1761 4052 1837 4108; x_wconf 83' lang='lat' dir='ltr'><strong>et,</strong></span> <span class='ocrx_word' id='word_1_560' title='bbox 1880 4062 1900 4096; x_wconf 83' lang='grc' dir='ltr'><strong>ι</strong></span> <span class='ocrx_word' id='word_1_561' title='bbox 1945 4044 2035 4100; x_wconf 89' lang='lat' dir='ltr'><strong>Si-</strong></span> 
     </span>
    </p>
   </div>
   <div class='ocr_carea' id='block_1_73' title="bbox 454 4130 2037 4205">
    <p class='ocr_par' dir='ltr' id='par_1_73' title="bbox 454 4130 2037 4205">
     <span class='ocr_line' id='line_1_73' title="bbox 454 4130 2037 4205; baseline 0.003 -21"><span class='ocrx_word' id='word_1_562' title='bbox 454 4130 567 4185; x_wconf 85' lang='lat' dir='ltr'><strong>mul</strong></span> <span class='ocrx_word' id='word_1_563' title='bbox 599 4140 849 4200; x_wconf 86' lang='lat' dir='ltr'><strong>pascetur</strong></span> <span class='ocrx_word' id='word_1_564' title='bbox 936 4130 1102 4203; x_wconf 89' lang='lat' dir='ltr'><strong>lupus</strong></span> <span class='ocrx_word' id='word_1_565' title='bbox 1127 4148 1252 4187; x_wconf 90' lang='lat' dir='ltr'><strong>cum</strong></span> <span class='ocrx_word' id='word_1_566' title='bbox 1283 4148 1459 4204; x_wconf 78' lang='lat' dir='ltr'><strong>agno;</strong></span> <span class='ocrx_word' id='word_1_567' title='bbox 1494 4151 1513 4184; x_wconf 71' lang='grc' dir='ltr'><strong>ι</strong></span> <span class='ocrx_word' id='word_1_568' title='bbox 1541 4144 1616 4200; x_wconf 88' lang='lat' dir='ltr'><strong>et,</strong></span> <span class='ocrx_word' id='word_1_569' title='bbox 1655 4153 1674 4186; x_wconf 83' lang='lat' dir='ltr'><strong>t</strong></span> <span class='ocrx_word' id='word_1_570' title='bbox 1715 4132 2037 4205; x_wconf 80' lang='lat' dir='ltr'><strong>Egredietur</strong></span> 
     </span>
    </p>
   </div>
   <div class='ocr_carea' id='block_1_74' title="bbox 454 4219 2036 4296">
    <p class='ocr_par' dir='ltr' id='par_1_74' title="bbox 454 4219 2036 4296">
     <span class='ocr_line' id='line_1_74' title="bbox 454 4219 2036 4296; baseline 0.006 -25"><span class='ocrx_word' id='word_1_571' title='bbox 454 4221 606 4290; x_wconf 71' lang='lat' dir='ltr'><strong>virga</strong></span> <span class='ocrx_word' id='word_1_572' title='bbox 643 4220 711 4275; x_wconf 89' lang='lat' dir='ltr'><strong>de</strong></span> <span class='ocrx_word' id='word_1_573' title='bbox 746 4220 929 4277; x_wconf 84' lang='lat' dir='ltr'><strong>radice</strong></span> <span class='ocrx_word' id='word_1_574' title='bbox 956 4219 1144 4280; x_wconf 84' lang='lat' dir='ltr'><strong>Jesse:</strong></span> <span class='ocrx_word' id='word_1_575' title='bbox 1192 4241 1212 4275; x_wconf 72' lang='grc' dir='ltr'><strong>ι</strong></span> <span class='ocrx_word' id='word_1_576' title='bbox 1243 4234 1320 4289; x_wconf 86' lang='lat' dir='ltr'><strong>et,</strong></span> <span class='ocrx_word' id='word_1_577' title='bbox 1357 4242 1376 4276; x_wconf 79' lang='grc' dir='ltr'><strong>ι</strong></span> <span class='ocrx_word' id='word_1_578' title='bbox 1414 4223 1555 4280; x_wconf 83' lang='lat' dir='ltr'><strong>Ecce</strong></span> <span class='ocrx_word' id='word_1_579' title='bbox 1596 4222 1697 4295; x_wconf 80' lang='lat' dir='ltr'><strong>ego</strong></span> <span class='ocrx_word' id='word_1_580' title='bbox 1720 4226 2036 4296; x_wconf 84' lang='lat' dir='ltr'><strong>pracparabo</strong></span> 
     </span>
    </p>
   </div>
   <div class='ocr_carea' id='block_1_75' title="bbox 456 4312 2036 4386">
    <p class='ocr_par' dir='ltr' id='par_1_75' title="bbox 456 4312 2036 4386">
     <span class='ocr_line' id='line_1_75' title="bbox 456 4312 2036 4386; baseline 0.005 -21"><span class='ocrx_word' id='word_1_581' title='bbox 456 4312 690 4381; x_wconf 80' lang='lat' dir='ltr'><strong>lapidem</strong></span> <span class='ocrx_word' id='word_1_582' title='bbox 713 4320 869 4367; x_wconf 91' lang='lat' dir='ltr'><strong>tuum</strong></span> <span class='ocrx_word' id='word_1_583' title='bbox 905 4314 1346 4381; x_wconf 88' lang='lat' dir='ltr'><strong>carbunculum;</strong></span> <span class='ocrx_word' id='word_1_584' title='bbox 1391 4334 1410 4366; x_wconf 78' lang='grc' dir='ltr'><strong>ι</strong></span> <span class='ocrx_word' id='word_1_585' title='bbox 1440 4325 1495 4370; x_wconf 92' lang='lat' dir='ltr'><strong>et</strong></span> <span class='ocrx_word' id='word_1_586' title='bbox 1519 4357 1534 4383; x_wconf 95' lang='lat'><strong>,</strong></span> <span class='ocrx_word' id='word_1_587' title='bbox 1583 4335 1602 4369; x_wconf 82' lang='lat' dir='ltr'><strong>t</strong></span> <span class='ocrx_word' id='word_1_588' title='bbox 1652 4316 1790 4386; x_wconf 87' lang='lat' dir='ltr'><strong>Equi</strong></span> <span class='ocrx_word' id='word_1_589' title='bbox 1825 4327 2036 4373; x_wconf 56' lang='lat' dir='ltr'><strong>amato.</strong></span> 
     </span>
    </p>
   </div>
   <div class='ocr_carea' id='block_1_76' title="bbox 457 4397 2053 4481">
    <p class='ocr_par' dir='ltr' id='par_1_76' title="bbox 457 4397 2053 4481">
     <span class='ocr_line' id='line_1_76' title="bbox 457 4397 2053 4481; baseline 0.006 -25"><span class='ocrx_word' id='word_1_590' title='bbox 457 4417 544 4457; x_wconf 86' lang='lat' dir='ltr'><strong>res</strong></span> <span class='ocrx_word' id='word_1_591' title='bbox 571 4419 587 4467; x_wconf 89' lang='lat'><strong>;</strong></span> <span class='ocrx_word' id='word_1_592' title='bbox 629 4421 648 4454; x_wconf 77' lang='grc' dir='ltr'><strong>ι</strong></span> <span class='ocrx_word' id='word_1_593' title='bbox 680 4413 756 4468; x_wconf 88' lang='lat' dir='ltr'><strong>et,</strong></span> <span class='ocrx_word' id='word_1_594' title='bbox 785 4423 803 4455; x_wconf 84' lang='grc' dir='ltr'><strong>ι</strong></span> <span class='ocrx_word' id='word_1_595' title='bbox 833 4402 972 4470; x_wconf 78' lang='lat' dir='ltr'><strong>Quia</strong></span> <span class='ocrx_word' id='word_1_596' title='bbox 1003 4397 1143 4477; x_wconf 75' lang='lat' dir='ltr'><strong>igui&#39;s</strong></span> <span class='ocrx_word' id='word_1_597' title='bbox 1172 4408 1411 4464; x_wconf 90' lang='lat' dir='ltr'><strong>comedit</strong></span> <span class='ocrx_word' id='word_1_598' title='bbox 1430 4411 1683 4480; x_wconf 89' lang='lat' dir='ltr'><strong>speciosa</strong></span> <span class='ocrx_word' id='word_1_599' title='bbox 1705 4411 2053 4481; x_wconf 62' lang='lat' dir='ltr'><strong>desertipet,</strong></span> 
     </span>
    </p>
   </div>
   <div class='ocr_carea' id='block_1_77' title="bbox 459 4492 2037 4570">
    <p class='ocr_par' dir='ltr' id='par_1_77' title="bbox 459 4492 2037 4570">
     <span class='ocr_line' id='line_1_77' title="bbox 459 4492 2037 4570; baseline 0.006 -23"><span class='ocrx_word' id='word_1_600' title='bbox 459 4513 479 4547; x_wconf 78' lang='grc' dir='ltr'><strong>ι</strong></span> <span class='ocrx_word' id='word_1_601' title='bbox 525 4492 758 4565; x_wconf 78' lang='lat' dir='ltr'><strong>Liguum</strong></span> <span class='ocrx_word' id='word_1_602' title='bbox 790 4497 917 4552; x_wconf 71' lang='lat' dir='ltr'><strong>vita:</strong></span> <span class='ocrx_word' id='word_1_603' title='bbox 940 4507 1056 4561; x_wconf 86' lang='lat' dir='ltr'><strong>est;</strong></span> <span class='ocrx_word' id='word_1_604' title='bbox 1097 4516 1116 4552; x_wconf 70' lang='grc' dir='ltr'><strong>ι</strong></span> <span class='ocrx_word' id='word_1_605' title='bbox 1147 4509 1223 4564; x_wconf 86' lang='lat' dir='ltr'><strong>et,</strong></span> <span class='ocrx_word' id='word_1_606' title='bbox 1262 4519 1280 4551; x_wconf 83' lang='grc' dir='ltr'><strong>ι</strong></span> <span class='ocrx_word' id='word_1_607' title='bbox 1312 4498 1499 4570; x_wconf 68' lang='grc' dir='ltr'>δρίηαι</span> <span class='ocrx_word' id='word_1_608' title='bbox 1529 4503 1898 4557; x_wconf 88' lang='lat' dir='ltr'><strong>uascanturin</strong></span> <span class='ocrx_word' id='word_1_609' title='bbox 1921 4518 2037 4558; x_wconf 85' lang='lat' dir='ltr'><strong>nta-</strong></span> 
     </span>
    </p>
   </div>
   <div class='ocr_carea' id='block_1_78' title="bbox 2133 3306 3534 3380">
    <p class='ocr_par' dir='ltr' id='par_1_78' title="bbox 2133 3306 3534 3380">
     <span class='ocr_line' id='line_1_78' title="bbox 2133 3306 3534 3380; baseline 0.001 -19"><span class='ocrx_word' id='word_1_610' title='bbox 2133 3322 2317 3361; x_wconf 85' lang='grc' dir='ltr'>νουσιν</span> <span class='ocrx_word' id='word_1_611' title='bbox 2340 3309 2421 3371; x_wconf 84' lang='grc' dir='ltr'><strong>είς</strong></span> <span class='ocrx_word' id='word_1_612' title='bbox 2457 3308 2661 3363; x_wconf 83' lang='grc' dir='ltr'>λάκκον</span> <span class='ocrx_word' id='word_1_613' title='bbox 2683 3323 2696 3337; x_wconf 71' lang='grc'><em>⁸</em></span> <span class='ocrx_word' id='word_1_614' title='bbox 2743 3326 2762 3360; x_wconf 73' lang='grc' dir='ltr'><strong>ι</strong></span> <span class='ocrx_word' id='word_1_615' title='bbox 2797 3308 2923 3362; x_wconf 83' lang='grc' dir='ltr'>ἀντὶ</span> <span class='ocrx_word' id='word_1_616' title='bbox 2955 3306 3074 3373; x_wconf 88' lang='grc' dir='ltr'>τοῦ,</span> <span class='ocrx_word' id='word_1_617' title='bbox 3108 3307 3534 3380; x_wconf 80' lang='grc' dir='ltr'>Καταϐήσομαι.</span> 
     </span>
    </p>
   </div>
   <div class='ocr_carea' id='block_1_79' title="bbox 2206 3386 3701 3472">
    <p class='ocr_par' dir='ltr' id='par_1_79' title="bbox 2206 3386 3701 3472">
     <span class='ocr_line' id='line_1_79' title="bbox 2206 3386 3701 3472; baseline 0 -20"><span class='ocrx_word' id='word_1_618' title='bbox 2206 3399 2296 3454; x_wconf 79' lang='grc' dir='ltr'><strong>ιθί</strong></span> <span class='ocrx_word' id='word_1_619' title='bbox 2333 3399 2440 3454; x_wconf 82' lang='grc' dir='ltr'>Τὸν</span> <span class='ocrx_word' id='word_1_620' title='bbox 2465 3386 2696 3471; x_wconf 80' lang='grc' dir='ltr'>οὐρανὸν</span> <span class='ocrx_word' id='word_1_621' title='bbox 2727 3400 2993 3464; x_wconf 84' lang='grc' dir='ltr'>πολλάκις</span> <span class='ocrx_word' id='word_1_622' title='bbox 3015 3401 3286 3472; x_wconf 75' lang='grc' dir='ltr'>οὐρανοὺς</span> <span class='ocrx_word' id='word_1_623' title='bbox 3314 3399 3472 3454; x_wconf 75' lang='grc' dir='ltr'>καλεῖ</span> <span class='ocrx_word' id='word_1_624' title='bbox 3491 3417 3506 3431; x_wconf 90' lang='grc'><strong>·</strong></span> <span class='ocrx_word' id='word_1_625' title='bbox 3533 3401 3605 3464; x_wconf 85' lang='grc' dir='ltr'>ὡς</span> <span class='ocrx_word' id='word_1_626' title='bbox 3627 3398 3701 3466; x_wconf 79' lang='grc' dir='ltr'>τὸ,</span> 
     </span>
    </p>
   </div>
   <div class='ocr_carea' id='block_1_80' title="bbox 2139 3491 3365 3564">
    <p class='ocr_par' dir='ltr' id='par_1_80' title="bbox 2139 3491 3365 3564">
     <span class='ocr_line' id='line_1_80' title="bbox 2139 3491 3365 3564; baseline 0 -21"><span class='ocrx_word' id='word_1_627' title='bbox 2139 3509 2157 3543; x_wconf 82' lang='grc' dir='ltr'><strong>ι</strong></span> <span class='ocrx_word' id='word_1_628' title='bbox 2191 3493 2401 3545; x_wconf 77' lang='grc' dir='ltr'>Αἰνεῖτε</span> <span class='ocrx_word' id='word_1_629' title='bbox 2434 3492 2527 3545; x_wconf 66' lang='grc' dir='ltr'>τὸν</span> <span class='ocrx_word' id='word_1_630' title='bbox 2558 3491 2767 3564; x_wconf 83' lang='grc' dir='ltr'>Κύριον</span> <span class='ocrx_word' id='word_1_631' title='bbox 2801 3493 2866 3545; x_wconf 81' lang='grc' dir='ltr'>ὲκ</span> <span class='ocrx_word' id='word_1_632' title='bbox 2892 3491 3003 3546; x_wconf 82' lang='grc' dir='ltr'>τῶν</span> <span class='ocrx_word' id='word_1_633' title='bbox 3035 3491 3305 3563; x_wconf 73' lang='grc' dir='ltr'>οὐρανῶν.</span> <span class='ocrx_word' id='word_1_634' title='bbox 3345 3509 3365 3543; x_wconf 74' lang='grc' dir='ltr'><strong>ι</strong></span> 
     </span>
    </p>
   </div>
   <div class='ocr_carea' id='block_1_81' title="bbox 2206 3580 3699 3655">
    <p class='ocr_par' dir='ltr' id='par_1_81' title="bbox 2206 3580 3699 3655">
     <span class='ocr_line' id='line_1_81' title="bbox 2206 3580 3699 3655; baseline -0.001 -19"><span class='ocrx_word' id='word_1_635' title='bbox 2206 3581 2278 3636; x_wconf 84' lang='grc' dir='ltr'><strong>κ’.</strong></span> <span class='ocrx_word' id='word_1_636' title='bbox 2316 3582 2429 3646; x_wconf 79' lang='grc' dir='ltr'><strong>Τὰς</strong></span> <span class='ocrx_word' id='word_1_637' title='bbox 2464 3582 2788 3655; x_wconf 65' lang='grc' dir='ltr'>παραϐολὰς</span> <span class='ocrx_word' id='word_1_638' title='bbox 2815 3582 2945 3636; x_wconf 82' lang='grc' dir='ltr'>ἄνευ</span> <span class='ocrx_word' id='word_1_639' title='bbox 2975 3580 3073 3635; x_wconf 85' lang='grc' dir='ltr'><strong>τοῦ</strong></span> <span class='ocrx_word' id='word_1_640' title='bbox 3101 3582 3184 3648; x_wconf 83' lang='grc' dir='ltr'>ὡς</span> <span class='ocrx_word' id='word_1_641' title='bbox 3223 3581 3376 3651; x_wconf 83' lang='grc' dir='ltr'>λέγει</span> <span class='ocrx_word' id='word_1_642' title='bbox 3417 3580 3699 3644; x_wconf 81' lang='grc' dir='ltr'>πολλάκις·</span> 
     </span>
    </p>
   </div>
   <div class='ocr_carea' id='block_1_82' title="bbox 2134 3673 3696 3746">
    <p class='ocr_par' dir='ltr' id='par_1_82' title="bbox 2134 3673 3696 3746">
     <span class='ocr_line' id='line_1_82' title="bbox 2134 3673 3696 3746; baseline -0.002 -20"><span class='ocrx_word' id='word_1_643' title='bbox 2134 3673 2212 3738; x_wconf 83' lang='grc' dir='ltr'>ὡς</span> <span class='ocrx_word' id='word_1_644' title='bbox 2241 3674 2324 3739; x_wconf 84' lang='grc' dir='ltr'>τὸ,</span> <span class='ocrx_word' id='word_1_645' title='bbox 2362 3693 2380 3726; x_wconf 87' lang='grc' dir='ltr'><strong>ι</strong></span> <span class='ocrx_word' id='word_1_646' title='bbox 2408 3674 2520 3728; x_wconf 77' lang='grc' dir='ltr'><strong>Καὶ</strong></span> <span class='ocrx_word' id='word_1_647' title='bbox 2540 3673 2799 3746; x_wconf 82' lang='grc' dir='ltr'>ἀνήγαγέ</span> <span class='ocrx_word' id='word_1_648' title='bbox 2829 3691 2896 3745; x_wconf 91' lang='grc' dir='ltr'><strong>με</strong></span> <span class='ocrx_word' id='word_1_649' title='bbox 2926 3674 2993 3727; x_wconf 81' lang='grc' dir='ltr'>ὲκ</span> <span class='ocrx_word' id='word_1_650' title='bbox 3006 3673 3217 3729; x_wconf 85' lang='grc' dir='ltr'>λάκκου</span> <span class='ocrx_word' id='word_1_651' title='bbox 3246 3674 3617 3745; x_wconf 81' lang='grc' dir='ltr'>ταλαιπωρίας</span> <span class='ocrx_word' id='word_1_652' title='bbox 3637 3687 3652 3700; x_wconf 81' lang='grc'><strong>’</strong></span> <span class='ocrx_word' id='word_1_653' title='bbox 3677 3688 3696 3723; x_wconf 74' lang='grc' dir='ltr'><strong>ι</strong></span> 
     </span>
    </p>
   </div>
   <div class='ocr_carea' id='block_1_83' title="bbox 2136 3764 3701 3835">
    <p class='ocr_par' dir='ltr' id='par_1_83' title="bbox 2136 3764 3701 3835">
     <span class='ocr_line' id='line_1_83' title="bbox 2136 3764 3701 3835; baseline -0.004 -14"><span class='ocrx_word' id='word_1_654' title='bbox 2136 3765 2253 3831; x_wconf 79' lang='grc' dir='ltr'>καὶ,</span> <span class='ocrx_word' id='word_1_655' title='bbox 2289 3785 2307 3817; x_wconf 81' lang='grc' dir='ltr'><strong>ι</strong></span> <span class='ocrx_word' id='word_1_656' title='bbox 2344 3766 2403 3819; x_wconf 90' lang='lat'><strong>&#39;0</strong></span> <span class='ocrx_word' id='word_1_657' title='bbox 2439 3764 2605 3819; x_wconf 82' lang='grc' dir='ltr'>ποιῶν</span> <span class='ocrx_word' id='word_1_658' title='bbox 2632 3766 2760 3829; x_wconf 80' lang='grc' dir='ltr'>τοὺς</span> <span class='ocrx_word' id='word_1_659' title='bbox 2791 3764 3063 3834; x_wconf 82' lang='grc' dir='ltr'>ἀγγέλους</span> <span class='ocrx_word' id='word_1_660' title='bbox 3087 3765 3253 3819; x_wconf 85' lang='grc' dir='ltr'>αὑτοῦ</span> <span class='ocrx_word' id='word_1_661' title='bbox 3284 3765 3591 3835; x_wconf 84' lang='grc' dir='ltr'>πνεύματα,</span> <span class='ocrx_word' id='word_1_662' title='bbox 3619 3764 3701 3817; x_wconf 76' lang='grc' dir='ltr'>καὶ</span> 
     </span>
    </p>
   </div>
   <div class='ocr_carea' id='block_1_84' title="bbox 2135 3852 3700 3928">
    <p class='ocr_par' dir='ltr' id='par_1_84' title="bbox 2135 3852 3700 3928">
     <span class='ocr_line' id='line_1_84' title="bbox 2135 3852 3700 3928; baseline -0.004 -16"><span class='ocrx_word' id='word_1_663' title='bbox 2135 3860 2264 3922; x_wconf 87' lang='grc' dir='ltr'>τοὺς</span> <span class='ocrx_word' id='word_1_664' title='bbox 2292 3857 2649 3928; x_wconf 82' lang='grc' dir='ltr'>λειτουργοὺς</span> <span class='ocrx_word' id='word_1_665' title='bbox 2689 3856 2856 3909; x_wconf 80' lang='grc' dir='ltr'>αὑτοῦ</span> <span class='ocrx_word' id='word_1_666' title='bbox 2888 3854 3003 3928; x_wconf 88' lang='grc' dir='ltr'><strong>πῦρ</strong></span> <span class='ocrx_word' id='word_1_667' title='bbox 3028 3855 3228 3924; x_wconf 76' lang='grc' dir='ltr'>φλέγον</span> <span class='ocrx_word' id='word_1_668' title='bbox 3249 3871 3263 3885; x_wconf 83' lang='grc'><em>’</em></span> <span class='ocrx_word' id='word_1_669' title='bbox 3299 3874 3317 3908; x_wconf 77' lang='grc' dir='ltr'><strong>ι</strong></span> <span class='ocrx_word' id='word_1_670' title='bbox 3349 3857 3467 3921; x_wconf 76' lang='grc' dir='ltr'>καὶ,</span> <span class='ocrx_word' id='word_1_671' title='bbox 3510 3874 3528 3907; x_wconf 84' lang='grc' dir='ltr'><strong>ι</strong></span> <span class='ocrx_word' id='word_1_672' title='bbox 3554 3852 3700 3923; x_wconf 85' lang='grc' dir='ltr'><strong>Διὴλ-</strong></span> 
     </span>
    </p>
   </div>
   <div class='ocr_carea' id='block_1_85' title="bbox 2138 3946 3701 4022">
    <p class='ocr_par' dir='ltr' id='par_1_85' title="bbox 2138 3946 3701 4022">
     <span class='ocr_line' id='line_1_85' title="bbox 2138 3946 3701 4022; baseline -0.006 -17"><span class='ocrx_word' id='word_1_673' title='bbox 2138 3954 2307 4022; x_wconf 87' lang='grc' dir='ltr'>θομεν</span> <span class='ocrx_word' id='word_1_674' title='bbox 2336 3948 2425 4004; x_wconf 84' lang='grc' dir='ltr'>διὰ</span> <span class='ocrx_word' id='word_1_675' title='bbox 2454 3948 2628 4020; x_wconf 79' lang='grc' dir='ltr'>πυρὸς</span> <span class='ocrx_word' id='word_1_676' title='bbox 2660 3946 3013 4011; x_wconf 73' lang='grc' dir='ltr'>καὶῦδατοςο</span> <span class='ocrx_word' id='word_1_677' title='bbox 3049 3966 3069 4000; x_wconf 69' lang='grc' dir='ltr'><strong>ι</strong></span> <span class='ocrx_word' id='word_1_678' title='bbox 3104 3948 3221 4014; x_wconf 73' lang='grc' dir='ltr'>καὶ,</span> <span class='ocrx_word' id='word_1_679' title='bbox 3264 3967 3283 4000; x_wconf 77' lang='grc' dir='ltr'><strong>ι</strong></span> <span class='ocrx_word' id='word_1_680' title='bbox 3309 3946 3701 4000; x_wconf 85' lang='grc' dir='ltr'>Ἀναϐαίνουσιν</span> 
     </span>
    </p>
   </div>
   <div class='ocr_carea' id='block_1_86' title="bbox 2137 4039 3703 4115">
    <p class='ocr_par' dir='ltr' id='par_1_86' title="bbox 2137 4039 3703 4115">
     <span class='ocr_line' id='line_1_86' title="bbox 2137 4039 3703 4115; baseline -0.004 -18"><span class='ocrx_word' id='word_1_681' title='bbox 2137 4042 2425 4115; x_wconf 74' lang='grc' dir='ltr'>ὃρηνκαὶ,</span> <span class='ocrx_word' id='word_1_682' title='bbox 2465 4059 2484 4094; x_wconf 80' lang='grc' dir='ltr'><strong>ι</strong></span> <span class='ocrx_word' id='word_1_683' title='bbox 2527 4039 2779 4111; x_wconf 83' lang='grc' dir='ltr'>Σκύμνος</span> <span class='ocrx_word' id='word_1_684' title='bbox 2802 4039 3019 4104; x_wconf 83' lang='grc' dir='ltr'>λέοντος</span> <span class='ocrx_word' id='word_1_685' title='bbox 3043 4040 3218 4094; x_wconf 82' lang='grc' dir='ltr'>Ἰούδα</span> <span class='ocrx_word' id='word_1_686' title='bbox 3238 4055 3255 4073; x_wconf 77' lang='grc' dir='ltr'><strong><em>ο</em></strong></span> <span class='ocrx_word' id='word_1_687' title='bbox 3290 4060 3309 4092; x_wconf 72' lang='grc' dir='ltr'><strong>ι</strong></span> <span class='ocrx_word' id='word_1_688' title='bbox 3343 4041 3458 4106; x_wconf 73' lang='grc' dir='ltr'>καὶ,</span> <span class='ocrx_word' id='word_1_689' title='bbox 3509 4058 3529 4091; x_wconf 80' lang='grc' dir='ltr'><strong>ι</strong></span> <span class='ocrx_word' id='word_1_690' title='bbox 3563 4039 3703 4106; x_wconf 82' lang='grc' dir='ltr'>Ἐγε-</span> 
     </span>
    </p>
   </div>
   <div class='ocr_carea' id='block_1_87' title="bbox 2136 4129 3703 4206">
    <p class='ocr_par' dir='ltr' id='par_1_87' title="bbox 2136 4129 3703 4206">
     <span class='ocr_line' id='line_1_87' title="bbox 2136 4129 3703 4206; baseline -0.004 -16"><span class='ocrx_word' id='word_1_691' title='bbox 2136 4133 2278 4206; x_wconf 82' lang='grc' dir='ltr'><strong>νήθη</strong></span> <span class='ocrx_word' id='word_1_692' title='bbox 2312 4133 2387 4204; x_wconf 82' lang='lat'><strong>(5)</strong></span> <span class='ocrx_word' id='word_1_693' title='bbox 2418 4130 2498 4203; x_wconf 83' lang='grc' dir='ltr'>τῷ</span> <span class='ocrx_word' id='word_1_694' title='bbox 2528 4131 2705 4202; x_wconf 77' lang='grc' dir='ltr'><strong>’Δδὰμ</strong></span> <span class='ocrx_word' id='word_1_695' title='bbox 2735 4130 2860 4201; x_wconf 73' lang='grc' dir='ltr'>ὄφις</span> <span class='ocrx_word' id='word_1_696' title='bbox 2883 4130 3167 4200; x_wconf 73' lang='grc' dir='ltr'>ἐφόδου-ἰ</span> <span class='ocrx_word' id='word_1_697' title='bbox 3199 4131 3318 4200; x_wconf 74' lang='grc' dir='ltr'>καὶ,</span> <span class='ocrx_word' id='word_1_698' title='bbox 3357 4149 3376 4183; x_wconf 80' lang='grc' dir='ltr'><strong>ι</strong></span> <span class='ocrx_word' id='word_1_699' title='bbox 3409 4129 3703 4202; x_wconf 79' lang='grc' dir='ltr'>Συμϐοσκηο</span> 
     </span>
    </p>
   </div>
   <div class='ocr_carea' id='block_1_88' title="bbox 2139 4220 3702 4296">
    <p class='ocr_par' dir='ltr' id='par_1_88' title="bbox 2139 4220 3702 4296">
     <span class='ocr_line' id='line_1_88' title="bbox 2139 4220 3702 4296; baseline -0.006 -16"><span class='ocrx_word' id='word_1_700' title='bbox 2139 4227 2369 4296; x_wconf 82' lang='grc' dir='ltr'>θήσεται</span> <span class='ocrx_word' id='word_1_701' title='bbox 2416 4223 2584 4286; x_wconf 83' lang='grc' dir='ltr'>λύκος</span> <span class='ocrx_word' id='word_1_702' title='bbox 2650 4221 2769 4293; x_wconf 87' lang='grc' dir='ltr'>μετ’</span> <span class='ocrx_word' id='word_1_703' title='bbox 2815 4221 3017 4294; x_wconf 75' lang='grc' dir='ltr'>ἀρνόςο</span> <span class='ocrx_word' id='word_1_704' title='bbox 3051 4240 3071 4274; x_wconf 75' lang='grc' dir='ltr'><strong>ι</strong></span> <span class='ocrx_word' id='word_1_705' title='bbox 3110 4222 3228 4288; x_wconf 74' lang='grc' dir='ltr'>καὶ,</span> <span class='ocrx_word' id='word_1_706' title='bbox 3283 4241 3301 4275; x_wconf 84' lang='grc' dir='ltr'><strong>ι</strong></span> <span class='ocrx_word' id='word_1_707' title='bbox 3342 4220 3702 4289; x_wconf 82' lang='grc' dir='ltr'>Ἐξελεύσεται</span> 
     </span>
    </p>
   </div>
   <div class='ocr_carea' id='block_1_89' title="bbox 2139 4309 3702 4389">
    <p class='ocr_par' dir='ltr' id='par_1_89' title="bbox 2139 4309 3702 4389">
     <span class='ocr_line' id='line_1_89' title="bbox 2139 4309 3702 4389; baseline -0.006 -17"><span class='ocrx_word' id='word_1_708' title='bbox 2139 4317 2334 4389; x_wconf 73' lang='grc' dir='ltr'>ῥάϐδος</span> <span class='ocrx_word' id='word_1_709' title='bbox 2384 4316 2449 4369; x_wconf 81' lang='grc' dir='ltr'>ὲκ</span> <span class='ocrx_word' id='word_1_710' title='bbox 2496 4315 2595 4385; x_wconf 83' lang='grc' dir='ltr'>τῆς</span> <span class='ocrx_word' id='word_1_711' title='bbox 2653 4314 2813 4387; x_wconf 79' lang='grc' dir='ltr'>ῥίζης</span> <span class='ocrx_word' id='word_1_712' title='bbox 2860 4315 3098 4368; x_wconf 84' lang='grc' dir='ltr'>Ἰεσσαί·</span> <span class='ocrx_word' id='word_1_713' title='bbox 3139 4332 3160 4366; x_wconf 73' lang='grc' dir='ltr'><strong>ι</strong></span> <span class='ocrx_word' id='word_1_714' title='bbox 3206 4314 3326 4380; x_wconf 72' lang='grc' dir='ltr'>καὶ,</span> <span class='ocrx_word' id='word_1_715' title='bbox 3380 4314 3555 4368; x_wconf 76' lang='grc' dir='ltr'>«Ἰδοὺ</span> <span class='ocrx_word' id='word_1_716' title='bbox 3600 4309 3702 4380; x_wconf 76' lang='grc' dir='ltr'><strong>ἐγὼ</strong></span> 
     </span>
    </p>
   </div>
   <div class='ocr_carea' id='block_1_90' title="bbox 2138 4404 3700 4478">
    <p class='ocr_par' dir='ltr' id='par_1_90' title="bbox 2138 4404 3700 4478">
     <span class='ocr_line' id='line_1_90' title="bbox 2138 4404 3700 4478; baseline -0.004 -18"><span class='ocrx_word' id='word_1_717' title='bbox 2138 4406 2417 4478; x_wconf 76' lang='grc' dir='ltr'>ὲτοιμάζω</span> <span class='ocrx_word' id='word_1_718' title='bbox 2466 4407 2560 4459; x_wconf 85' lang='grc' dir='ltr'>τὸν</span> <span class='ocrx_word' id='word_1_719' title='bbox 2605 4405 2753 4459; x_wconf 81' lang='grc' dir='ltr'>λίθον</span> <span class='ocrx_word' id='word_1_720' title='bbox 2797 4422 2894 4459; x_wconf 88' lang='grc' dir='ltr'><strong>σου</strong></span> <span class='ocrx_word' id='word_1_721' title='bbox 2938 4404 3223 4478; x_wconf 77' lang='grc' dir='ltr'>ἀνθρακαο</span> <span class='ocrx_word' id='word_1_722' title='bbox 3269 4425 3289 4458; x_wconf 75' lang='grc' dir='ltr'><strong>ι</strong></span> <span class='ocrx_word' id='word_1_723' title='bbox 3328 4407 3445 4472; x_wconf 79' lang='grc' dir='ltr'>καὶ,</span> <span class='ocrx_word' id='word_1_724' title='bbox 3484 4423 3502 4457; x_wconf 82' lang='grc' dir='ltr'><strong>ι</strong></span> <span class='ocrx_word' id='word_1_725' title='bbox 3529 4404 3700 4459; x_wconf 84' lang='grc' dir='ltr'>Ἵπποι</span> 
     </span>
    </p>
   </div>
   <div class='ocr_carea' id='block_1_91' title="bbox 2138 4497 3702 4573">
    <p class='ocr_par' dir='ltr' id='par_1_91' title="bbox 2138 4497 3702 4573">
     <span class='ocr_line' id='line_1_91' title="bbox 2138 4497 3702 4573; baseline -0.004 -18"><span class='ocrx_word' id='word_1_726' title='bbox 2138 4501 2473 4573; x_wconf 83' lang='grc' dir='ltr'>θηλυμανεῖς</span> <span class='ocrx_word' id='word_1_727' title='bbox 2495 4517 2508 4532; x_wconf 73' lang='grc' dir='ltr'><strong><em>ο</em></strong></span> <span class='ocrx_word' id='word_1_728' title='bbox 2546 4518 2566 4552; x_wconf 73' lang='grc' dir='ltr'><strong>ι</strong></span> <span class='ocrx_word' id='word_1_729' title='bbox 2605 4500 2723 4566; x_wconf 71' lang='grc' dir='ltr'>καὶ,</span> <span class='ocrx_word' id='word_1_730' title='bbox 2761 4520 2780 4553; x_wconf 78' lang='grc' dir='ltr'><strong>ι</strong></span> <span class='ocrx_word' id='word_1_731' title='bbox 2807 4499 2930 4553; x_wconf 87' lang='grc' dir='ltr'>’Ότι</span> <span class='ocrx_word' id='word_1_732' title='bbox 2983 4498 3100 4571; x_wconf 88' lang='grc' dir='ltr'><strong>πῦρ</strong></span> <span class='ocrx_word' id='word_1_733' title='bbox 3141 4499 3393 4554; x_wconf 81' lang='grc' dir='ltr'>ἀνάλωσε</span> <span class='ocrx_word' id='word_1_734' title='bbox 3430 4498 3500 4553; x_wconf 80' lang='grc' dir='ltr'>τὰ</span> <span class='ocrx_word' id='word_1_735' title='bbox 3539 4497 3702 4568; x_wconf 72' lang='grc' dir='ltr'>ὡραία</span> 
     </span>
    </p>
   </div>
   <div class='ocr_carea' id='block_1_92' title="bbox 457 4584 2030 4665">
    <p class='ocr_par' dir='ltr' id='par_1_92' title="bbox 457 4586 2030 4654">
     <span class='ocr_line' id='line_1_92' title="bbox 457 4586 2030 4654; baseline 0.004 -14"><span class='ocrx_word' id='word_1_736' title='bbox 457 4602 530 4640; x_wconf 91' lang='lat' dir='ltr'><strong>nu</strong></span> <span class='ocrx_word' id='word_1_737' title='bbox 578 4586 895 4654; x_wconf 87' lang='lat' dir='ltr'><strong>temulenti;</strong></span> <span class='ocrx_word' id='word_1_738' title='bbox 927 4605 947 4639; x_wconf 72' lang='grc' dir='ltr'><strong>ι</strong></span> <span class='ocrx_word' id='word_1_739' title='bbox 979 4596 1055 4653; x_wconf 84' lang='lat' dir='ltr'><strong>et,</strong></span> <span class='ocrx_word' id='word_1_740' title='bbox 1113 4606 1134 4640; x_wconf 85' lang='grc' dir='ltr'><strong>ι</strong></span> <span class='ocrx_word' id='word_1_741' title='bbox 1167 4590 1480 4646; x_wconf 84' lang='lat' dir='ltr'><strong>Conversus</strong></span> <span class='ocrx_word' id='word_1_742' title='bbox 1543 4606 1664 4647; x_wconf 91' lang='lat' dir='ltr'><strong>sum</strong></span> <span class='ocrx_word' id='word_1_743' title='bbox 1709 4593 1763 4647; x_wconf 89' lang='lat' dir='ltr'><strong>in</strong></span> <span class='ocrx_word' id='word_1_744' title='bbox 1789 4607 2030 4648; x_wconf 74' lang='lat' dir='ltr'><strong>aerumna</strong></span> 
     </span>
    </p>
   </div>
   <div class='ocr_carea' id='block_1_93' title="bbox 2149 4584 3699 4665">
    <p class='ocr_par' dir='ltr' id='par_1_93' title="bbox 2149 4584 3699 4665">
     <span class='ocr_line' id='line_1_93' title="bbox 2149 4584 3699 4665; baseline -0.005 -18"><span class='ocrx_word' id='word_1_745' title='bbox 2149 4584 2238 4665; x_wconf 67' lang='grc' dir='ltr'><strong>τῆς</strong></span> <span class='ocrx_word' id='word_1_746' title='bbox 2285 4594 2529 4665; x_wconf 67' lang='grc' dir='ltr'>ἐρήμουτ</span> <span class='ocrx_word' id='word_1_747' title='bbox 2570 4611 2603 4665; x_wconf 10' lang='grc' dir='ltr'><strong>γι</strong></span> <span class='ocrx_word' id='word_1_748' title='bbox 2660 4592 2779 4658; x_wconf 71' lang='grc' dir='ltr'>καὶ,</span> <span class='ocrx_word' id='word_1_749' title='bbox 2836 4609 2855 4643; x_wconf 83' lang='grc' dir='ltr'><strong>ι</strong></span> <span class='ocrx_word' id='word_1_750' title='bbox 2907 4591 3078 4646; x_wconf 87' lang='grc' dir='ltr'>Ξύλον</span> <span class='ocrx_word' id='word_1_751' title='bbox 3133 4590 3297 4663; x_wconf 64' lang='grc' dir='ltr'>ζωῆς</span> <span class='ocrx_word' id='word_1_752' title='bbox 3344 4593 3493 4645; x_wconf 68' lang='grc' dir='ltr'>ἐστι·</span> <span class='ocrx_word' id='word_1_753' title='bbox 3541 4608 3559 4642; x_wconf 76' lang='grc' dir='ltr'><strong>ι</strong></span> <span class='ocrx_word' id='word_1_754' title='bbox 3597 4586 3699 4647; x_wconf 83' lang='grc' dir='ltr'>καὶ,</span> 
     </span>
    </p>
   </div>
   <div class='ocr_carea' id='block_1_94' title="bbox 459 4678 2030 4756">
    <p class='ocr_par' dir='ltr' id='par_1_94' title="bbox 459 4679 2030 4753">
     <span class='ocr_line' id='line_1_94' title="bbox 459 4679 2030 4753; baseline 0.003 -18"><span class='ocrx_word' id='word_1_755' title='bbox 459 4681 583 4735; x_wconf 88' lang='lat' dir='ltr'><strong>dum</strong></span> <span class='ocrx_word' id='word_1_756' title='bbox 630 4679 762 4733; x_wconf 84' lang='lat' dir='ltr'><strong>mitti</strong></span> <span class='ocrx_word' id='word_1_757' title='bbox 813 4680 1105 4749; x_wconf 72' lang='lat' dir='ltr'><strong>configitur</strong></span> <span class='ocrx_word' id='word_1_758' title='bbox 1152 4680 1345 4753; x_wconf 86' lang='lat' dir='ltr'><strong>spina;</strong></span> <span class='ocrx_word' id='word_1_759' title='bbox 1378 4701 1397 4734; x_wconf 74' lang='grc' dir='ltr'><strong>ι</strong></span> <span class='ocrx_word' id='word_1_760' title='bbox 1458 4692 1544 4751; x_wconf 90' lang='lat' dir='ltr'><strong>et,</strong></span> <span class='ocrx_word' id='word_1_761' title='bbox 1613 4702 1632 4738; x_wconf 81' lang='grc' dir='ltr'><strong>ι</strong></span> <span class='ocrx_word' id='word_1_762' title='bbox 1669 4685 1937 4741; x_wconf 88' lang='lat' dir='ltr'><strong>Bibebant</strong></span> <span class='ocrx_word' id='word_1_763' title='bbox 1974 4685 2030 4740; x_wconf 75' lang='lat' dir='ltr'><strong>de</strong></span> 
     </span>
    </p>
   </div>
   <div class='ocr_carea' id='block_1_95' title="bbox 2149 4678 3700 4756">
    <p class='ocr_par' dir='ltr' id='par_1_95' title="bbox 2149 4678 3700 4756">
     <span class='ocr_line' id='line_1_95' title="bbox 2149 4678 3700 4756; baseline -0.005 -16"><span class='ocrx_word' id='word_1_764' title='bbox 2149 4685 2415 4740; x_wconf 79' lang='grc' dir='ltr'>’Δκανθαι</span> <span class='ocrx_word' id='word_1_765' title='bbox 2438 4684 2668 4755; x_wconf 85' lang='grc' dir='ltr'>φύονται</span> <span class='ocrx_word' id='word_1_766' title='bbox 2694 4686 2752 4739; x_wconf 80' lang='grc' dir='ltr'>ὲν</span> <span class='ocrx_word' id='word_1_767' title='bbox 2779 4682 2925 4756; x_wconf 71' lang='grc' dir='ltr'>χειρὶ</span> <span class='ocrx_word' id='word_1_768' title='bbox 2955 4682 3224 4753; x_wconf 77' lang='grc' dir='ltr'>μεθύσουο</span> <span class='ocrx_word' id='word_1_769' title='bbox 3250 4702 3269 4736; x_wconf 77' lang='grc' dir='ltr'><strong>ι</strong></span> <span class='ocrx_word' id='word_1_770' title='bbox 3292 4682 3409 4749; x_wconf 75' lang='grc' dir='ltr'>καὶ,</span> <span class='ocrx_word' id='word_1_771' title='bbox 3437 4700 3456 4733; x_wconf 80' lang='grc' dir='ltr'><strong>ι</strong></span> <span class='ocrx_word' id='word_1_772' title='bbox 3486 4678 3700 4750; x_wconf 73' lang='grc' dir='ltr'>Ἐστρα-</span> 
     </span>
    </p>
   </div>
   <div class='ocr_carea' id='block_1_96' title="bbox 455 4769 2044 4846">
    <p class='ocr_par' dir='ltr' id='par_1_96' title="bbox 455 4769 2044 4846">
     <span class='ocr_line' id='line_1_96' title="bbox 455 4769 2044 4846; baseline 0.004 -21"><span class='ocrx_word' id='word_1_773' title='bbox 455 4769 690 4837; x_wconf 76' lang='lat' dir='ltr'><strong>Spiritali</strong></span> <span class='ocrx_word' id='word_1_774' title='bbox 736 4782 1114 4842; x_wconf 89' lang='lat' dir='ltr'><strong>consequente</strong></span> <span class='ocrx_word' id='word_1_775' title='bbox 1168 4787 1265 4829; x_wconf 89' lang='lat' dir='ltr'><strong>eos</strong></span> <span class='ocrx_word' id='word_1_776' title='bbox 1298 4783 1473 4844; x_wconf 86' lang='lat' dir='ltr'><strong>petra,</strong></span> <span class='ocrx_word' id='word_1_777' title='bbox 1521 4788 1677 4846; x_wconf 87' lang='lat' dir='ltr'><strong>petra</strong></span> <span class='ocrx_word' id='word_1_778' title='bbox 1710 4786 1892 4831; x_wconf 87' lang='lat' dir='ltr'><strong>autem</strong></span> <span class='ocrx_word' id='word_1_779' title='bbox 1921 4786 2044 4833; x_wconf 86' lang='lat' dir='ltr'><strong>erat</strong></span> 
     </span>
    </p>
   </div>
   <div class='ocr_carea' id='block_1_97' title="bbox 456 4857 2043 4940">
    <p class='ocr_par' dir='ltr' id='par_1_97' title="bbox 456 4857 2043 4940">
     <span class='ocr_line' id='line_1_97' title="bbox 456 4857 2043 4940; baseline 0.006 -25"><span class='ocrx_word' id='word_1_780' title='bbox 456 4862 734 4918; x_wconf 77' lang='lat' dir='ltr'><strong>Christus.</strong></span> <span class='ocrx_word' id='word_1_781' title='bbox 777 4881 797 4916; x_wconf 74' lang='grc' dir='ltr'><strong>ι</strong></span> <span class='ocrx_word' id='word_1_782' title='bbox 836 4863 921 4928; x_wconf 84' lang='grc' dir='ltr'>Ει,</span> <span class='ocrx_word' id='word_1_783' title='bbox 948 4863 1229 4919; x_wconf 72' lang='lat' dir='ltr'><strong>«Flumina</strong></span> <span class='ocrx_word' id='word_1_784' title='bbox 1253 4857 1320 4921; x_wconf 83' lang='lat' dir='ltr'><strong>de</strong></span> <span class='ocrx_word' id='word_1_785' title='bbox 1338 4878 1527 4922; x_wconf 85' lang='lat' dir='ltr'><strong>ventre</strong></span> <span class='ocrx_word' id='word_1_786' title='bbox 1553 4867 1673 4937; x_wconf 85' lang='lat' dir='ltr'><strong>ejus</strong></span> <span class='ocrx_word' id='word_1_787' title='bbox 1695 4867 1866 4924; x_wconf 84' lang='lat' dir='ltr'><strong>ﬂuent</strong></span> <span class='ocrx_word' id='word_1_788' title='bbox 1885 4885 2043 4940; x_wconf 72' lang='lat' dir='ltr'><strong>aquae</strong></span> 
     </span>
    </p>
   </div>
   <div class='ocr_carea' id='block_1_98' title="bbox 459 4950 2032 5027">
    <p class='ocr_par' dir='ltr' id='par_1_98' title="bbox 459 4950 2032 5027">
     <span class='ocr_line' id='line_1_98' title="bbox 459 4950 2032 5027; baseline 0.004 -24"><span class='ocrx_word' id='word_1_789' title='bbox 459 4952 614 5005; x_wconf 63' lang='lat' dir='ltr'><strong>vivae.</strong></span> <span class='ocrx_word' id='word_1_790' title='bbox 645 4971 665 5005; x_wconf 74' lang='grc' dir='ltr'><strong>ι</strong></span> <span class='ocrx_word' id='word_1_791' title='bbox 700 4950 876 5024; x_wconf 67' lang='lat' dir='ltr'><strong>(Paul.</strong></span> <span class='ocrx_word' id='word_1_792' title='bbox 914 4970 1103 5021; x_wconf 76' lang='lat' dir='ltr'><strong>xxxix,</strong></span> <span class='ocrx_word' id='word_1_793' title='bbox 1128 4954 1199 5021; x_wconf 80' lang='lat'><strong>&#39;5;</strong></span> <span class='ocrx_word' id='word_1_794' title='bbox 1253 4971 1376 5022; x_wconf 81' lang='grc' dir='ltr'>ιιιι,</span> <span class='ocrx_word' id='word_1_795' title='bbox 1409 4954 1478 5023; x_wconf 76' lang='grc'><strong>4;</strong></span> <span class='ocrx_word' id='word_1_796' title='bbox 1532 4972 1654 5022; x_wconf 74' lang='lat' dir='ltr'><strong>va,</strong></span> <span class='ocrx_word' id='word_1_797' title='bbox 1686 4957 1783 5024; x_wconf 68' lang='lat'><strong>1‘2;</strong></span> <span class='ocrx_word' id='word_1_798' title='bbox 1818 4973 1935 5023; x_wconf 89' lang='lat' dir='ltr'><strong>cm,</strong></span> <span class='ocrx_word' id='word_1_799' title='bbox 1967 4962 2032 5027; x_wconf 78' lang='lat'><strong>8;</strong></span> 
     </span>
    </p>
   </div>
   <div class='ocr_carea' id='block_1_99' title="bbox 456 5039 1000 5114">
    <p class='ocr_par' dir='ltr' id='par_1_99' title="bbox 456 5039 1000 5114">
     <span class='ocr_line' id='line_1_99' title="bbox 456 5039 1000 5114; baseline 0.006 -18"><span class='ocrx_word' id='word_1_800' title='bbox 456 5039 585 5098; x_wconf 81' lang='lat' dir='ltr'><strong>Gen.</strong></span> <span class='ocrx_word' id='word_1_801' title='bbox 616 5058 765 5109; x_wconf 65' lang='grc' dir='ltr'>χιιι,</span> <span class='ocrx_word' id='word_1_802' title='bbox 789 5045 845 5109; x_wconf 85' lang='lat'><strong>9,</strong></span> <span class='ocrx_word' id='word_1_803' title='bbox 869 5046 1000 5114; x_wconf 89' lang='lat' dir='ltr'><strong>etc.)</strong></span> 
     </span>
    </p>
   </div>
   <div class='ocr_carea' id='block_1_100' title="bbox 526 5220 2040 5297">
    <p class='ocr_par' dir='ltr' id='par_1_100' title="bbox 526 5220 2040 5297">
     <span class='ocr_line' id='line_1_100' title="bbox 526 5220 2040 5297; baseline 0.009 -24"><span class='ocrx_word' id='word_1_804' title='bbox 526 5220 619 5275; x_wconf 74' lang='lat' dir='ltr'><strong>2i.</strong></span> <span class='ocrx_word' id='word_1_805' title='bbox 642 5221 688 5274; x_wconf 80' lang='grc' dir='ltr'><strong>Δ</strong></span> <span class='ocrx_word' id='word_1_806' title='bbox 706 5223 966 5278; x_wconf 82' lang='lat' dir='ltr'><strong>membris</strong></span> <span class='ocrx_word' id='word_1_807' title='bbox 992 5226 1267 5280; x_wconf 85' lang='lat' dir='ltr'><strong>actionem</strong></span> <span class='ocrx_word' id='word_1_808' title='bbox 1295 5225 1608 5284; x_wconf 80' lang='lat' dir='ltr'><strong>manifestat</strong></span> <span class='ocrx_word' id='word_1_809' title='bbox 1634 5245 1651 5297; x_wconf 91' lang='lat'><strong>;</strong></span> <span class='ocrx_word' id='word_1_810' title='bbox 1680 5228 1820 5285; x_wconf 82' lang='lat' dir='ltr'><strong>sicut</strong></span> <span class='ocrx_word' id='word_1_811' title='bbox 1847 5249 1860 5285; x_wconf 88' lang='lat'><strong>:</strong></span> <span class='ocrx_word' id='word_1_812' title='bbox 1887 5251 1905 5283; x_wconf 81' lang='grc' dir='ltr'><strong>ι</strong></span> <span class='ocrx_word' id='word_1_813' title='bbox 1929 5231 2040 5287; x_wconf 81' lang='lat' dir='ltr'><strong>ini-</strong></span> 
     </span>
    </p>
   </div>
   <div class='ocr_carea' id='block_1_101' title="bbox 459 5310 2043 5389">
    <p class='ocr_par' dir='ltr' id='par_1_101' title="bbox 459 5310 2043 5389">
     <span class='ocr_line' id='line_1_101' title="bbox 459 5310 2043 5389; baseline 0.01 -24"><span class='ocrx_word' id='word_1_814' title='bbox 459 5313 642 5381; x_wconf 85' lang='lat' dir='ltr'><strong>quitas</strong></span> <span class='ocrx_word' id='word_1_815' title='bbox 673 5315 913 5372; x_wconf 83' lang='lat' dir='ltr'><strong>calcanei</strong></span> <span class='ocrx_word' id='word_1_816' title='bbox 953 5319 1061 5374; x_wconf 89' lang='lat' dir='ltr'><strong>mei</strong></span> <span class='ocrx_word' id='word_1_817' title='bbox 1089 5318 1457 5374; x_wconf 83' lang='lat' dir='ltr'><strong>circumdabit</strong></span> <span class='ocrx_word' id='word_1_818' title='bbox 1495 5335 1603 5389; x_wconf 89' lang='lat' dir='ltr'><strong>me,</strong></span> <span class='ocrx_word' id='word_1_819' title='bbox 1652 5341 1671 5375; x_wconf 75' lang='grc' dir='ltr'><strong>ι</strong></span> <span class='ocrx_word' id='word_1_820' title='bbox 1711 5323 1854 5388; x_wconf 90' lang='lat' dir='ltr'><strong>loco,</strong></span> <span class='ocrx_word' id='word_1_821' title='bbox 1950 5310 2043 5381; x_wconf 47' lang='lat' dir='ltr'><strong>ac;</strong></span> 
     </span>
    </p>
   </div>
   <div class='ocr_carea' id='block_1_102' title="bbox 461 5398 2042 5486">
    <p class='ocr_par' dir='ltr' id='par_1_102' title="bbox 461 5398 2042 5486">
     <span class='ocr_line' id='line_1_102' title="bbox 461 5398 2042 5486; baseline 0.011 -30"><span class='ocrx_word' id='word_1_822' title='bbox 461 5403 627 5459; x_wconf 71' lang='lat' dir='ltr'><strong>tionis</strong></span> <span class='ocrx_word' id='word_1_823' title='bbox 654 5420 810 5472; x_wconf 75' lang='lat' dir='ltr'><strong>metr;</strong></span> <span class='ocrx_word' id='word_1_824' title='bbox 834 5418 938 5473; x_wconf 77' lang='lat' dir='ltr'><strong>et,t</strong></span> <span class='ocrx_word' id='word_1_825' title='bbox 971 5406 1353 5480; x_wconf 84' lang='lat' dir='ltr'><strong>Supplantavit</strong></span> <span class='ocrx_word' id='word_1_826' title='bbox 1389 5427 1475 5467; x_wconf 90' lang='lat' dir='ltr'><strong>tne</strong></span> <span class='ocrx_word' id='word_1_827' title='bbox 1498 5413 1637 5484; x_wconf 83' lang='lat' dir='ltr'><strong>jam,</strong></span> <span class='ocrx_word' id='word_1_828' title='bbox 1668 5434 1687 5467; x_wconf 72' lang='grc' dir='ltr'><strong>ι</strong></span> <span class='ocrx_word' id='word_1_829' title='bbox 1717 5431 1838 5486; x_wconf 84' lang='lat' dir='ltr'><strong>pro,</strong></span> <span class='ocrx_word' id='word_1_830' title='bbox 1867 5398 2042 5472; x_wconf 34' lang='lat' dir='ltr'><strong>&#39;Frau-</strong></span> 
     </span>
    </p>
   </div>
   <div class='ocr_carea' id='block_1_103' title="bbox 466 5491 2035 5577">
    <p class='ocr_par' dir='ltr' id='par_1_103' title="bbox 466 5491 2035 5577">
     <span class='ocr_line' id='line_1_103' title="bbox 466 5491 2035 5577; baseline 0.009 -31"><span class='ocrx_word' id='word_1_831' title='bbox 466 5491 530 5546; x_wconf 83' lang='lat' dir='ltr'><strong>:ie</strong></span> <span class='ocrx_word' id='word_1_832' title='bbox 564 5509 649 5550; x_wconf 83' lang='lat' dir='ltr'><strong>me</strong></span> <span class='ocrx_word' id='word_1_833' title='bbox 675 5496 838 5565; x_wconf 89' lang='lat' dir='ltr'><strong>cepit.</strong></span> <span class='ocrx_word' id='word_1_834' title='bbox 866 5495 949 5562; x_wconf 89' lang='lat' dir='ltr'><strong>Et,</strong></span> <span class='ocrx_word' id='word_1_835' title='bbox 995 5516 1015 5550; x_wconf 80' lang='grc' dir='ltr'><strong>ι</strong></span> <span class='ocrx_word' id='word_1_836' title='bbox 1047 5499 1460 5559; x_wconf 77' lang='lat' dir='ltr'><strong>Confundamus</strong></span> <span class='ocrx_word' id='word_1_837' title='bbox 1511 5519 1703 5560; x_wconf 91' lang='lat' dir='ltr'><strong>eorum</strong></span> <span class='ocrx_word' id='word_1_838' title='bbox 1729 5506 1980 5577; x_wconf 80' lang='lat' dir='ltr'><strong>&#39;linguas,</strong></span> <span class='ocrx_word' id='word_1_839' title='bbox 2014 5527 2035 5560; x_wconf 73' lang='grc' dir='ltr'><strong>ι</strong></span> 
     </span>
    </p>
   </div>
   <div class='ocr_carea' id='block_1_104' title="bbox 2137 4773 3700 4852">
    <p class='ocr_par' dir='ltr' id='par_1_104' title="bbox 2137 4773 3700 4852">
     <span class='ocr_line' id='line_1_104' title="bbox 2137 4773 3700 4852; baseline -0.006 -19"><span class='ocrx_word' id='word_1_840' title='bbox 2137 4797 2247 4852; x_wconf 83' lang='grc' dir='ltr'><strong>φην</strong></span> <span class='ocrx_word' id='word_1_841' title='bbox 2281 4780 2362 4843; x_wconf 88' lang='grc' dir='ltr'><strong>είς</strong></span> <span class='ocrx_word' id='word_1_842' title='bbox 2397 4777 2781 4848; x_wconf 79' lang='grc' dir='ltr'>ταλαιπωρίαν</span> <span class='ocrx_word' id='word_1_843' title='bbox 2820 4779 2880 4829; x_wconf 80' lang='grc' dir='ltr'>ἐν</span> <span class='ocrx_word' id='word_1_844' title='bbox 2921 4776 3000 4847; x_wconf 83' lang='grc' dir='ltr'><strong>τῷ</strong></span> <span class='ocrx_word' id='word_1_845' title='bbox 3034 4777 3361 4848; x_wconf 75' lang='grc' dir='ltr'>ἐμπαγῆναι</span> <span class='ocrx_word' id='word_1_846' title='bbox 3413 4792 3504 4847; x_wconf 85' lang='grc' dir='ltr'><strong>μοι</strong></span> <span class='ocrx_word' id='word_1_847' title='bbox 3547 4773 3700 4827; x_wconf 80' lang='grc' dir='ltr'>ἄκαν-</span> 
     </span>
    </p>
   </div>
   <div class='ocr_carea' id='block_1_105' title="bbox 2138 4861 3701 4937">
    <p class='ocr_par' dir='ltr' id='par_1_105' title="bbox 2138 4861 3701 4937">
     <span class='ocr_line' id='line_1_105' title="bbox 2138 4861 3701 4937; baseline -0.004 -11"><span class='ocrx_word' id='word_1_848' title='bbox 2138 4871 2237 4926; x_wconf 85' lang='grc' dir='ltr'>θαν</span> <span class='ocrx_word' id='word_1_849' title='bbox 2262 4887 2275 4902; x_wconf 83' lang='grc'><strong>·</strong></span> <span class='ocrx_word' id='word_1_850' title='bbox 2308 4889 2326 4922; x_wconf 74' lang='grc' dir='ltr'><strong>ι</strong></span> <span class='ocrx_word' id='word_1_851' title='bbox 2366 4870 2482 4933; x_wconf 72' lang='grc' dir='ltr'>καὶ,</span> <span class='ocrx_word' id='word_1_852' title='bbox 2517 4887 2536 4920; x_wconf 81' lang='grc' dir='ltr'><strong>ι</strong></span> <span class='ocrx_word' id='word_1_853' title='bbox 2563 4867 2790 4922; x_wconf 87' lang='grc' dir='ltr'>Ἔπινον</span> <span class='ocrx_word' id='word_1_854' title='bbox 2818 4868 2884 4920; x_wconf 81' lang='grc' dir='ltr'>ὲκ</span> <span class='ocrx_word' id='word_1_855' title='bbox 2907 4864 3294 4937; x_wconf 84' lang='grc' dir='ltr'>πνευματικῆς</span> <span class='ocrx_word' id='word_1_856' title='bbox 3319 4861 3701 4928; x_wconf 77' lang='grc' dir='ltr'>ἀκολουθούσης</span> 
     </span>
    </p>
   </div>
   <div class='ocr_carea' id='block_1_106' title="bbox 2142 4953 3699 5031">
    <p class='ocr_par' dir='ltr' id='par_1_106' title="bbox 2142 4953 3699 5031">
     <span class='ocr_line' id='line_1_106' title="bbox 2142 4953 3699 5031; baseline -0.007 -18"><span class='ocrx_word' id='word_1_857' title='bbox 2142 4960 2387 5031; x_wconf 75' lang='grc' dir='ltr'>πέτραςο</span> <span class='ocrx_word' id='word_1_858' title='bbox 2421 4962 2452 5028; x_wconf 81' lang='grc' dir='ltr'>ὴ</span> <span class='ocrx_word' id='word_1_859' title='bbox 2490 4958 2549 5011; x_wconf 84' lang='grc' dir='ltr'><strong>δὲ</strong></span> <span class='ocrx_word' id='word_1_860' title='bbox 2584 4958 2764 5030; x_wconf 86' lang='grc' dir='ltr'>πέτρα</span> <span class='ocrx_word' id='word_1_861' title='bbox 2794 4954 2862 5027; x_wconf 80' lang='grc' dir='ltr'>ἦν</span> <span class='ocrx_word' id='word_1_862' title='bbox 2889 4959 2918 5011; x_wconf 88' lang='grc' dir='ltr'>ὁ</span> <span class='ocrx_word' id='word_1_863' title='bbox 2951 4956 3219 5027; x_wconf 85' lang='grc' dir='ltr'>Χριστός·</span> <span class='ocrx_word' id='word_1_864' title='bbox 3259 4974 3279 5009; x_wconf 74' lang='grc' dir='ltr'><strong>ι</strong></span> <span class='ocrx_word' id='word_1_865' title='bbox 3324 4957 3441 5020; x_wconf 74' lang='grc' dir='ltr'>καὶ,</span> <span class='ocrx_word' id='word_1_866' title='bbox 3485 4972 3504 5005; x_wconf 83' lang='grc' dir='ltr'><strong>ι</strong></span> <span class='ocrx_word' id='word_1_867' title='bbox 3539 4953 3699 5006; x_wconf 84' lang='grc' dir='ltr'>Ποτα-</span> 
     </span>
    </p>
   </div>
   <div class='ocr_carea' id='block_1_107' title="bbox 2147 5044 3700 5123">
    <p class='ocr_par' dir='ltr' id='par_1_107' title="bbox 2147 5044 3700 5123">
     <span class='ocr_line' id='line_1_107' title="bbox 2147 5044 3700 5123; baseline -0.007 -18"><span class='ocrx_word' id='word_1_868' title='bbox 2147 5055 2239 5123; x_wconf 68' lang='grc' dir='ltr'>μοῖ</span> <span class='ocrx_word' id='word_1_869' title='bbox 2273 5055 2348 5105; x_wconf 76' lang='grc' dir='ltr'><strong>-ὲκ</strong></span> <span class='ocrx_word' id='word_1_870' title='bbox 2392 5054 2494 5122; x_wconf 77' lang='grc' dir='ltr'>τῆς</span> <span class='ocrx_word' id='word_1_871' title='bbox 2546 5050 2754 5114; x_wconf 84' lang='grc' dir='ltr'>κοιλίας</span> <span class='ocrx_word' id='word_1_872' title='bbox 2802 5049 2969 5104; x_wconf 84' lang='grc' dir='ltr'>αὐτοῦ</span> <span class='ocrx_word' id='word_1_873' title='bbox 3019 5048 3307 5120; x_wconf 72' lang='grc' dir='ltr'>ῥεύσουσιν</span> <span class='ocrx_word' id='word_1_874' title='bbox 3347 5048 3535 5111; x_wconf 79' lang='grc' dir='ltr'>ὓδατος</span> <span class='ocrx_word' id='word_1_875' title='bbox 3579 5044 3700 5108; x_wconf 78' lang='grc' dir='ltr'><strong>ζῶν-</strong></span> 
     </span>
    </p>
   </div>
   <div class='ocr_carea' id='block_1_108' title="bbox 2145 5161 2296 5208">
    <p class='ocr_par' dir='ltr' id='par_1_108' title="bbox 2145 5161 2296 5208">
     <span class='ocr_line' id='line_1_108' title="bbox 2145 5161 2296 5208; baseline 0.026 -10"><span class='ocrx_word' id='word_1_876' title='bbox 2145 5161 2256 5208; x_wconf 80' lang='grc' dir='ltr'>τος.</span> <span class='ocrx_word' id='word_1_877' title='bbox 2276 5168 2296 5202; x_wconf 75' lang='grc' dir='ltr'><strong>ι</strong></span> 
     </span>
    </p>
   </div>
   <div class='ocr_carea' id='block_1_109' title="bbox 2218 5224 3699 5308">
    <p class='ocr_par' dir='ltr' id='par_1_109' title="bbox 2218 5224 3699 5308">
     <span class='ocr_line' id='line_1_109' title="bbox 2218 5224 3699 5308; baseline -0.009 -19"><span class='ocrx_word' id='word_1_878' title='bbox 2218 5241 2326 5289; x_wconf 85' lang='grc' dir='ltr'>κα’.</span> <span class='ocrx_word' id='word_1_879' title='bbox 2373 5234 2509 5289; x_wconf 83' lang='grc' dir='ltr'>’Λπὸ</span> <span class='ocrx_word' id='word_1_880' title='bbox 2539 5234 2738 5307; x_wconf 80' lang='grc' dir='ltr'>μέλους</span> <span class='ocrx_word' id='word_1_881' title='bbox 2766 5234 2869 5308; x_wconf 79' lang='grc' dir='ltr'>τὴν</span> <span class='ocrx_word' id='word_1_882' title='bbox 2897 5234 3100 5307; x_wconf 82' lang='grc' dir='ltr'>πρᾶξιν</span> <span class='ocrx_word' id='word_1_883' title='bbox 3130 5235 3385 5307; x_wconf 79' lang='grc' dir='ltr'>ἐμφαίνει</span> <span class='ocrx_word' id='word_1_884' title='bbox 3403 5248 3418 5264; x_wconf 75' lang='grc' dir='ltr'><strong><em>ο</em></strong></span> <span class='ocrx_word' id='word_1_885' title='bbox 3446 5226 3573 5293; x_wconf 75' lang='grc' dir='ltr'>οἷον,</span> <span class='ocrx_word' id='word_1_886' title='bbox 3606 5245 3623 5278; x_wconf 83' lang='grc' dir='ltr'><strong>ι</strong></span> <span class='ocrx_word' id='word_1_887' title='bbox 3645 5224 3699 5277; x_wconf 85' lang='lat' dir='ltr'><strong>&#39;ii</strong></span> 
     </span>
    </p>
   </div>
   <div class='ocr_carea' id='block_1_110' title="bbox 2146 5317 3699 5400">
    <p class='ocr_par' dir='ltr' id='par_1_110' title="bbox 2146 5317 3699 5400">
     <span class='ocr_line' id='line_1_110' title="bbox 2146 5317 3699 5400; baseline -0.004 -16"><span class='ocrx_word' id='word_1_888' title='bbox 2146 5329 2348 5400; x_wconf 82' lang='grc' dir='ltr'>ἀνομία</span> <span class='ocrx_word' id='word_1_889' title='bbox 2403 5328 2504 5399; x_wconf 81' lang='grc' dir='ltr'>τῆς</span> <span class='ocrx_word' id='word_1_890' title='bbox 2534 5329 2775 5400; x_wconf 79' lang='grc' dir='ltr'>πτέρνης</span> <span class='ocrx_word' id='word_1_891' title='bbox 2820 5346 2922 5400; x_wconf 87' lang='grc' dir='ltr'><strong>μου</strong></span> <span class='ocrx_word' id='word_1_892' title='bbox 2973 5328 3246 5383; x_wconf 83' lang='grc' dir='ltr'>κυκλώσει</span> <span class='ocrx_word' id='word_1_893' title='bbox 3276 5341 3362 5395; x_wconf 72' lang='grc' dir='ltr'>με*</span> <span class='ocrx_word' id='word_1_894' title='bbox 3384 5345 3402 5379; x_wconf 73' lang='grc' dir='ltr'><strong>ι</strong></span> <span class='ocrx_word' id='word_1_895' title='bbox 3434 5322 3570 5387; x_wconf 78' lang='grc' dir='ltr'>ἀντὶ,</span> <span class='ocrx_word' id='word_1_896' title='bbox 3600 5317 3699 5386; x_wconf 79' lang='grc' dir='ltr'><strong>τῆς</strong></span> 
     </span>
    </p>
   </div>
   <div class='ocr_carea' id='block_1_111' title="bbox 2146 5419 3700 5494">
    <p class='ocr_par' dir='ltr' id='par_1_111' title="bbox 2146 5419 3700 5494">
     <span class='ocr_line' id='line_1_111' title="bbox 2146 5419 3700 5494; baseline -0.005 -19"><span class='ocrx_word' id='word_1_897' title='bbox 2146 5421 2402 5494; x_wconf 77' lang='grc' dir='ltr'>πράξεώς</span> <span class='ocrx_word' id='word_1_898' title='bbox 2431 5437 2533 5492; x_wconf 88' lang='grc' dir='ltr'><strong>μου</strong></span> <span class='ocrx_word' id='word_1_899' title='bbox 2557 5436 2571 5452; x_wconf 76' lang='grc' dir='ltr'><strong>ο</strong></span> <span class='ocrx_word' id='word_1_900' title='bbox 2675 5421 2793 5486; x_wconf 79' lang='grc' dir='ltr'>καὶ,</span> <span class='ocrx_word' id='word_1_901' title='bbox 2830 5441 2849 5473; x_wconf 80' lang='grc' dir='ltr'><strong>ι</strong></span> <span class='ocrx_word' id='word_1_902' title='bbox 2872 5423 3038 5475; x_wconf 75' lang='grc' dir='ltr'>Αὐτοὶ</span> <span class='ocrx_word' id='word_1_903' title='bbox 3066 5421 3167 5490; x_wconf 82' lang='grc' dir='ltr'>τὴν</span> <span class='ocrx_word' id='word_1_904' title='bbox 3213 5419 3448 5490; x_wconf 83' lang='grc' dir='ltr'>πτέρναν</span> <span class='ocrx_word' id='word_1_905' title='bbox 3488 5429 3581 5487; x_wconf 88' lang='grc' dir='ltr'><strong>μου</strong></span> <span class='ocrx_word' id='word_1_906' title='bbox 3614 5424 3700 5478; x_wconf 77' lang='grc' dir='ltr'>φυ-</span> 
     </span>
    </p>
   </div>
   <div class='ocr_carea' id='block_1_112' title="bbox 2148 5498 3697 5585">
    <p class='ocr_par' dir='ltr' id='par_1_112' title="bbox 2148 5498 3697 5585">
     <span class='ocr_line' id='line_1_112' title="bbox 2148 5498 3697 5585; baseline -0.001 -19"><span class='ocrx_word' id='word_1_907' title='bbox 2148 5514 2400 5579; x_wconf 74' lang='grc' dir='ltr'>λάξουτισ</span> <span class='ocrx_word' id='word_1_908' title='bbox 2437 5531 2455 5565; x_wconf 72' lang='grc' dir='ltr'><strong>ι</strong></span> <span class='ocrx_word' id='word_1_909' title='bbox 2494 5514 2608 5580; x_wconf 75' lang='grc' dir='ltr'>καὶ,</span> <span class='ocrx_word' id='word_1_910' title='bbox 2649 5531 2668 5564; x_wconf 78' lang='grc' dir='ltr'><strong>ι</strong></span> <span class='ocrx_word' id='word_1_911' title='bbox 2701 5513 3024 5584; x_wconf 79' lang='grc' dir='ltr'>Ἐπτέρνισέ</span> <span class='ocrx_word' id='word_1_912' title='bbox 3081 5530 3148 5585; x_wconf 88' lang='grc' dir='ltr'><strong>με</strong></span> <span class='ocrx_word' id='word_1_913' title='bbox 3198 5513 3334 5584; x_wconf 76' lang='grc' dir='ltr'><strong>ἦδη’</strong></span> <span class='ocrx_word' id='word_1_914' title='bbox 3368 5530 3387 5564; x_wconf 76' lang='grc' dir='ltr'><strong>ι</strong></span> <span class='ocrx_word' id='word_1_915' title='bbox 3419 5507 3535 5563; x_wconf 80' lang='grc' dir='ltr'>ἀντὶ</span> <span class='ocrx_word' id='word_1_916' title='bbox 3579 5498 3697 5564; x_wconf 60' lang='grc' dir='ltr'>τοῦ,</span> 
     </span>
    </p>
   </div>
   <div class='ocr_carea' id='block_1_113' title="bbox 1630 5642 2558 5706">
    <p class='ocr_par' dir='ltr' id='par_1_113' title="bbox 1630 5642 2558 5706">
     <span class='ocr_line' id='line_1_113' title="bbox 1630 5642 2558 5706; baseline 0.01 -9"><span class='ocrx_word' id='word_1_917' title='bbox 1630 5642 2272 5704; x_wconf 72' lang='lat' dir='ltr'><strong>DAVIDJIOESCHELII</strong></span> <span class='ocrx_word' id='word_1_918' title='bbox 2326 5649 2558 5706; x_wconf 67' lang='grc' dir='ltr'><strong>ΝΟΤᾹΞ.</strong></span> 
     </span>
    </p>
   </div>
   <div class='ocr_carea' id='block_1_114' title="bbox 536 5743 2030 5843">
    <p class='ocr_par' dir='ltr' id='par_1_114' title="bbox 536 5743 1997 5825">
     <span class='ocr_line' id='line_1_114' title="bbox 536 5743 1997 5825; baseline 0.012 -29"><span class='ocrx_word' id='word_1_919' title='bbox 536 5744 616 5815; x_wconf 80' lang='lat'><strong>(5)</strong></span> <span class='ocrx_word' id='word_1_920' title='bbox 670 5743 1024 5815; x_wconf 70' lang='grc' dir='ltr'>Ἐπτέρνισέ</span> <span class='ocrx_word' id='word_1_921' title='bbox 1060 5767 1155 5821; x_wconf 80' lang='grc' dir='ltr'>με.</span> <span class='ocrx_word' id='word_1_922' title='bbox 1208 5752 1543 5825; x_wconf 80' lang='grc' dir='ltr'>Πτερνιστὴς</span> <span class='ocrx_word' id='word_1_923' title='bbox 1593 5759 1719 5815; x_wconf 81' lang='lat' dir='ltr'><strong>inde</strong></span> <span class='ocrx_word' id='word_1_924' title='bbox 1765 5759 1947 5816; x_wconf 85' lang='lat' dir='ltr'><strong>dictus</strong></span> <span class='ocrx_word' id='word_1_925' title='bbox 1986 5778 1997 5814; x_wconf 90' lang='lat'><strong>:</strong></span> 
     </span>
    </p>
   </div>
   <div class='ocr_carea' id='block_1_115' title="bbox 2149 5743 3275 5843">
    <p class='ocr_par' dir='ltr' id='par_1_115' title="bbox 2157 5761 3275 5843">
     <span class='ocr_line' id='line_1_115' title="bbox 2157 5761 3275 5843; baseline 0 -26"><span class='ocrx_word' id='word_1_926' title='bbox 2157 5764 2265 5818; x_wconf 88' lang='lat' dir='ltr'><strong>uim</strong></span> <span class='ocrx_word' id='word_1_927' title='bbox 2300 5761 2544 5820; x_wconf 73' lang='lat' dir='ltr'><strong>liebt‘u-is</strong></span> <span class='ocrx_word' id='word_1_928' title='bbox 2572 5768 2599 5819; x_wconf 88' lang='grc' dir='ltr'><strong>ό</strong></span> <span class='ocrx_word' id='word_1_929' title='bbox 2627 5763 2847 5830; x_wconf 79' lang='grc' dir='ltr'>Ἰακὼϐ,</span> <span class='ocrx_word' id='word_1_930' title='bbox 2884 5763 3059 5843; x_wconf 85' lang='lat' dir='ltr'><strong>inquit</strong></span> <span class='ocrx_word' id='word_1_931' title='bbox 3095 5763 3275 5818; x_wconf 80' lang='lat' dir='ltr'><strong>Pltilo.</strong></span> 
     </span>
    </p>
   </div>
  </div>
