3930 6390
473 425 622 494 ’ἕῗίοό

1947 435 2103 496 ADR
2113 437 2273 500 [ᾹΝΙ

3593 447 3714 518 1304

473 547 658 604 sicut:
717 567 736 601 ι
776 546 1046 604 Dominus
1119 549 1391 606 diluvium
1441 551 1752 609 inhabitare
1817 551 1986 619 facit;
2033 571 2052 605 ι

2180 555 2452 624 ιποφαίνει
2475 573 2488 588 ⁸
2527 558 2604 623 ὠς
2637 557 2718 625 τὸ,
2756 577 2774 609 ι
2824 553 3030 630 Κύριος
3056 557 3148 611 τὸν
3192 559 3568 632 κατακλυσμὸν
3598 583 3718 623 κατ-

471 649 552 708 et,
591 661 610 694 ι
651 640 766 707 Qui
801 651 963 697 vocat
1000 657 1178 714 aquas
1210 643 1424 710 maris;
1463 661 1484 697 ι
1521 653 1582 700 ιιι
1611 643 1763 700 dicat
1801 643 2059 716 Assyrios

473 743 528 789 et
577 733 984 791 multitudinem
1007 778 1029 804 ,.
1076 745 1162 800 et,
1225 755 1246 789 ι
1289 737 1574 794 Protector
1629 745 1820 795 noster
1876 736 2062 808 aspice

473 827 660 897 Deus;
705 845 730 881 ι
761 839 842 894 et,
885 850 908 882 ι
943 830 1059 885 Sub
1101 831 1297 886 umbra
1331 830 1544 887 alarum
1579 841 1800 888 tuarum
1836 841 2060 902 protege

472 935 600 984 me,
632 939 652 973 ι
683 929 761 987 et,
799 939 817 973 ι
859 921 1194 993 Expandens
1223 923 1341 979 alas
1363 939 1518 991 suas,
1553 924 1855 994 assumpsit
1881 939 1998 983 eos.
2035 942 2053 976 ι

470 1023 525 1070 et
548 1023 862 1085 perseverat
893 1014 946 1068 in
973 1015 1225 1070 oratione
1253 1014 1506 1085 ﬁgurata.
1534 1013 1716 1085 (Psal.
1751 1031 1890 1080 un,
1915 1015 2056 1083 5,1;

471 1121 680 1170 Lxxvu,
715 1107 816 1173 71;
861 1103 1059 1162 Ezech.
1093 1121 1280 1172 xxxrv,
1311 1107 1366 1172 8,
1400 1105 1500 1174 10;
1531 1123 1718 1171 xulv,
1745 1105 1814 1174 5;
1860 1105 2057 1163 Matth.

469 1213 548 1265 tv,
581 1197 684 1265 19;
727 1196 927 1252 Ezeclr.
963 1213 1061 1264 χιι,
1098 1199 1208 1265 15;
1240 1196 1394 1253 Psal.
1434 1213 1630 1265 xxvm,
1659 1199 1730 1266 9;
1773 1198 1934 1253 Amos
1976 1212 2059 1264 ιχ,

469 1287 544 1356 6;
582 1287 734 1343 Paul.
776 1305 1015 1356 Lxxxtn,
1053 1290 1154 1358 lO;
1193 1306 1306 1357 XVI,
1339 1291 1412 1360 8;
1454 1290 1610 1346 Deut.
1653 1307 1830 1360 xxx",
1868 1291 1984 1362 ll.)

545 1377 866 1434 Str-cundum
889 1379 1238 1449 parabolam,
1267 1379 1415 1436 sicut
1441 1398 1454 1434 :
1489 1399 1508 1434 ι
1541 1378 1771 1452 Vigilavi
1797 1389 1853 1436 ct
1880 1379 2060 1436 factus

471 1483 599 1523 sum
629 1467 776 1525 sicut
822 1482 1036 1538 passer,
1069 1487 1090 1524 ι
1132 1479 1211 1537 et,
1248 1488 1268 1523 ι
1309 1468 1466 1526 Sicut
1497 1469 1636 1526 ovis.
1674 1489 1694 1524 ι
1737 1467 1930 1542 (Ρσαι.
1979 1485 2054 1538 cr,

469 1559 540 1627 8;
582 1559 696 1618 13a.
730 1579 848 1629 Lm,
881 1561 963 1634 7.)

545 1655 861 1714 Secundum
888 1655 1383 1726 comparationem,
1415 1654 1564 1710 verbi
1595 1655 1792 1725 gratia,
1822 1669 2059 1725 praesen-

469 1745 549 1800 tia
585 1745 829 1816 antiquis
855 1761 922 1801 ex
949 1745 1228 1802 similibus
1261 1745 1380 1802 vult
1410 1745 1724 1802 assimilare
1754 1745 2058 1816 baptisma-

2161 649 2354 703 οικιεῖ⁹
2392 665 2412 700 ι
2461 648 2581 716 καὶ,
2635 665 2655 701 ι
2717 647 2776 701 ’0
2827 645 3312 721 προσκαλούμενος
3366 648 3426 704 τδ
3461 650 3598 728 ὕδωρ
3631 657 3720 730 τῆς

2161 737 2442 812 θαλάσσης
2464 757 2478 773 ⁸
2513 759 2532 794 ι
2567 739 2654 795 ἵνα
2683 739 2814 812 εἴπῃ
2861 741 2991 805 τοὺς
3031 740 3358 808 Ἀσσυρίους
3403 743 3578 801 καὶτὸ
3605 749 3724 820 πλῆ.

2162 830 2292 896 θος·
2321 833 2438 899 καὶ,
2477 849 2498 885 ‹
2550 832 2972 904 Ὑπερασπιστὰ
2999 832 3162 904 ἡμῶν
3195 833 3320 889 ῐδεό
3354 835 3484 902 Θεός
3505 853 3520 866 ⁸
3562 858 3582 892 ι
3611 841 3720 909 καὶ,

2165 939 2188 976 ι
2236 923 2328 979 Ἐν
2348 925 2417 996 τῇ
2445 923 2626 998 σκέπῃ
2651 923 2764 980 τῶν
2783 923 3074 996 πτερύγων
3104 941 3198 978 σου
3249 927 3540 994 σκεπὰσεις
3571 945 3668 1000 μεο
3701 950 3720 984 ι

2163 1016 2280 1084 καὶ,
2315 1036 2335 1069 ι
2373 1017 2519 1082 Διεὶς
2541 1017 2645 1082 τὰς
2669 1016 2954 1090 πτέρυγας
2995 1015 3164 1070 αὐτοῦ
3195 1016 3412 1084 ἐδέξατο
3455 1020 3670 1086 αὐτούς·
3702 1043 3721 1078 ι

2161 1107 2257 1163 καὶ
2291 1107 2620 1180 ὲναπομένει
2655 1107 2734 1179 τῷ
2761 1105 3159 1180 σχηματισμῷ.

2235 1377 2390 1434 Κατὰ
2417 1379 2475 1434 δὲ
2505 1378 2823 1450 παραϐολήν
2858 1393 2874 1408 ⁸
2905 1378 2984 1444 ὡς
3009 1379 3093 1446 τὸ,
3147 1396 3168 1432 ιι
3217 1375 3597 1450 Ἦγρύπνησα,
3643 1381 3727 1436 καί

2191 1467 2433 1541 γενόμην
2461 1466 2540 1533 ὡς
2579 1467 2898 1540 στρουθίον,
2918 1487 2938 1523 ι
2959 1467 3078 1535 καὶ,
3108 1485 3128 1520 ι
3164 1467 3253 1534 Ὧς
3273 1467 3568 1540 πρόϐατον.
3605 1490 3623 1525 ι

2230 1649 2393 1706 Κατὰ
2425 1648 2736 1722 σύγκρισιν,
2765 1642 2879 1702 οἷον
2931 1647 3002 1703 τὰ
3039 1646 3286 1720 παρόντα
3339 1649 3454 1712 τοῖς
3496 1648 3730 1716 παλαιοῖς

2159 1741 2228 1795 ἐκ
2261 1739 2374 1794 τῶν
2401 1738 2604 1811 όμοίων
2636 1737 2812 1792 ἐθέλει
2840 1735 3092 1808 εἰκάζειν,
3115 1752 3130 1766 ⁸
3163 1735 3264 1808 τὴν
3295 1737 3390 1792 τοῦ
3439 1737 3732 1812 βαπτίσμα-

471 1837 544 1894 tis
577 1839 835 1910 gratiam,
878 1838 1016 1894 mari
1048 1837 1286 1906 Rubro;
1322 1845 1380 1894 et
1407 1838 1723 1896 divinorum
1767 1838 2054 1912 mysterio-

2180 1849 2257 1898 ιος
2286 1831 2472 1904 χάριν,
2498 1833 2567 1905 τῇ
2601 1828 2847 1902 Ἐρυθρᾷ
2874 1827 3124 1902 θαλάσσῃ
3148 1841 3165 1858 ⁸
3197 1828 3294 1882 καὶ
3322 1829 3424 1899 τὴν
3449 1827 3558 1882 τῶν
3585 1828 3732 1886 θείων
3827 1887 3834 1892 ,

469 1893 608 1985 γυιιῖ
651 1929 1174 2000 participationem,
1223 1893 1442 1987 mannos
1483 1938 1540 1987 et
1601 1947 1760 2003 aquae
1803 1893 1847 1988 ea
1882 1940 2054 2004 petra.

2180 1893 2490 1996 ιιι-στἠρίων
2519 1893 2850 1994 μετάληψιν,
2889 1923 2959 1994 τῇ
2984 1935 3046 1976 τε
3077 1893 3174 1976 τοῦ
3205 1893 3392 1993 μάννα
3435 1921 3624 1994 καὶτῷ
3677 1923 3733 1978 ὲκ

465 2019 533 2090 (Ι
569 2017 694 2074 Cor.
739 2034 800 2085 ς,
827 2017 923 2090 5.)

543 2113 861 2168 Secundum
919 2113 1306 2184 synecdochen
1366 2129 1492 2170 cum
1557 2127 1634 2172 ex.
1677 2121 1836 2186 parte
1887 2121 2062 2171 totum

467 2205 732 2269 ostendit,
780 2205 928 2261 sicut
957 2222 975 2260 ι
1022 2225 1050 2258 «ς
1079 2206 1336 2260 Animam
1380 2221 1559 2263 meam
1605 2205 1899 2274 convertit,
1937 2226 1960 2261 ι
2001 2215 2064 2263 ut

467 2299 620 2353 dicat
651 2313 752 2352 me.
787 2298 870 2364 Et,
908 2316 928 2352 ι
965 2297 1193 2368 Insuper
1223 2307 1277 2353 et
1321 2313 1454 2354 caro
1511 2313 1637 2355 mea
1667 2298 1976 2371 requiescet
2005 2299 2061 2356 in

467 2405 587 2461 spe,
623 2407 640 2441 ι
672 2403 772 2458 pro
795 2405 924 2461 ego;
958 2397 1036 2455 ct,
1077 2409 1095 2441 ι
1129 2386 1210 2445 Ex
1239 2399 1396 2445 utero
1423 2400 1552 2445 ante
1573 2388 1868 2447 luciferum
1895 2392 2060 2464 genui

468 2491 544 2546 te,
573 2500 592 2532 ι
631 2497 755 2552 pro,
788 2471 808 2534 ἐ
842 2491 970 2537 ante
999 2497 1220 2536 onmem
1246 2481 1607 2538 creationem.
1653 2500 1673 2535 ι
1710 2481 1898 2556 (Psal.
1922 2498 2058 2552 χχιι,

467 2571 543 2642 5;
577 2587 666 2638 xv,
709 2573 778 2642 9;
815 2587 944 2640 crx,
979 2571 1071 2643 5.)

549 2659 868 2719 Secundum
922 2663 1288 2734 exemplum,
1347 2663 1574 2736 quando
1631 2679 1757 2736 quae
1807 2662 2060 2720 facienda

471 2763 608 2814 sunt
635 2770 733 2828 per
757 2755 962 2812 similia
993 2755 1246 2828 quaedam
1273 2766 1650 2828 exponuntur,
1679 2757 1824 2815 sicut
1852 2776 1866 2813 :
1899 2776 1918 2810 ι
1953 2757 2060 2814 Co-

467 2857 662 2920 gnovlt
696 2852 798 2907 bos
842 2863 1225 2920 possessorem
1267 2865 1434 2906 suum
1466 2868 1481 2882 ⁸
1522 2868 1543 2904 ι
1573 2859 1663 2919 et,
1715 2868 1734 2904 ι
1771 2850 1970 2908 Milvus
2006 2851 2060 2908 in

468 2941 612 2999 coelo
663 2943 926 3015 cognovit
977 2953 1196 3014 tempus
1237 2959 1438 3010 suum;
1478 2961 1498 2997 ι
1549 2950 1626 3010 et,
1677 2961 1698 2996 ι
1730 2943 1906 2998 Homo
1945 2954 2064 3000 erat

467 3034 858 3105 paterfamilias
893 3051 908 3099 ;
969 3052 990 3088 ι
1022 3045 1098 3102 et,
1137 3053 1156 3086 ι
1189 3031 1441 3090 Hominis
1464 3031 1751 3102 cujusdam
1797 3035 2004 3094 divitis.
2037 3056 2057 3090 ι

469 3122 629 3196 (Iaa.
673 3142 716 3193 ις,
745 3125 824 3193 '5;
870 3125 1071 3185 ferent.
1117 3141 1236 3197 vul,
1271 3125 1350 3194 7;
1387 3123 1586 3182 Matt/1.
1624 3143 1734 3196 ut,
1773 3128 1883 3198 55;
1925 3127 2056 3185 Luc.

466 3233 569 3286 su,
609 3217 736 3290 16.)

540 3309 861 3368 Secundum
897 3318 1294 3388 metonymiam
1346 3318 1569 3390 quando
1616 3317 1702 3374 vel
1749 3331 1782 3372 a
1812 3316 2054 3374 circum-

467 3404 735 3462 dantibus
787 3407 1156 3474 circumdata,
1211 3409 1296 3466 vel
1327 3426 1428 3482 pro
1472 3411 1870 3468 habitationem
1913 3427 2058 3482 prae-

469 3497 736 3556 bentibus
770 3501 1080 3559 habitantia
1109 3504 1398 3574 nominat;
1436 3513 1493 3562 ct
1523 3521 1552 3560 a
1583 3505 2058 3562 circumdantibus

466 3591 833 3663 circumdata,
865 3594 1012 3650 sicut
1037 3613 1052 3650 :
1087 3614 1108 3648 ι
1141 3595 1210 3652 Et
1233 3597 1374 3652 calix
1403 3603 1562 3654 meus
1586 3597 1872 3654 inebrians
1890 3611 2056 3668 quam

466 3685 800 3754 praeclarus;
829 3707 849 3740 ι
888 3697 962 3755 et,
996 3708 1016 3742 ι
1050 3689 1292 3757 Ululate,
1326 3706 1498 3749 naves
1528 3691 1694 3764 Tyri;
1733 3708 1754 3745 ι
1791 3699 1870 3759 et,
1901 3709 1921 3743 ι
1949 3689 2058 3745 Ca-

474 3779 636 3834 licem
675 3780 888 3838 sororis
934 3791 1041 3837 tum
1075 3783 1249 3841 bibes.
1287 3803 1306 3836 ι
1351 3784 1436 3840 Ab
1469 3785 1874 3840 habitationem
1921 3799 2062 3854 prae—

470 3871 734 3928 bentibus
784 3873 1136 3945 habitantia,
1183 3876 1332 3934 sicut
1381 3897 1395 3933 :
1443 3897 1462 3929 ι
1503 3877 1808 3934 Advocabit
1857 3877 2058 3934 coelum

470 3965 802 4035 desursum;
834 3986 854 4020 ι
897 3974 973 4036 et,
1013 3987 1032 4021 ι
1059 3965 1393 4036 Jerusalem,
1425 3967 1762 4034 Jerusalem,
1799 3984 1924 4040 quae
1959 3983 2060 4025 oc-

469 4057 610 4114 cidis
640 4059 984 4131 prophetas;
1021 4081 1041 4114 ι
1079 4069 1158 4128 et,
1195 4079 1214 4112 ι
1248 4061 1528 4118 ιωιριιιιιι·
1562 4062 1756 4119 insulae
1789 4063 1994 4118 inultm.
2035 4082 2054 4116 ι

469 4150 666 4220 (Psnl.
714 4171 852 4221 χχιι,
889 4156 962 4222 6;
1011 4153 1124 4210 Isa.
1163 4173 1326 4221 χχιιι,
1371 4157 1442 4225 l;
1501 4155 1696 4212 Ezeclt.
1749 4173 1908 4222 χχιιι,
1951 4156 2058 4222 52;

466 4245 626 4302 Psal.
665 4263 817 4313 xm,
859 4249 922 4317 4;
962 4248 1162 4304 Matth.
1195 4267 1355 4314 xxnt,
1391 4249 1486 4321 37;
1526 4248 1680 4306 Psal.
1717 4264 1863 4318 xcvi,
1901 4250 1990 4320 l.)

545 4337 866 4396 Secundum
903 4341 1300 4410 antiphrasim,
1331 4342 1556 4414 quando
1585 4357 1684 4412 per
1715 4341 2060 4398 contrarium

469 4433 740 4500 ostendit,
771 4433 925 4490 verbi
957 4433 1136 4504 gratia
1169 4451 1183 4488 :
1228 4453 1246 4486 ι
1282 4432 1400 4490 Nisi
1433 4435 1488 4490 in
1517 4434 1722 4490 faciem
1763 4435 2062 4492 benedixe-

467 4525 544 4581 rit
570 4524 693 4590 tibi,
731 4545 750 4577 ι
779 4539 880 4597 pro
908 4525 1375 4596 blasphemaverit.
1403 4525 1492 4592 Et,
1527 4546 1544 4577 ι
1575 4525 1857 4582 Benedixit
1887 4525 2058 4582 Deum

2084 3252 2131 3313 α

2162 2016 2372 2088 πέτρας
2401 2013 2578 2070 ⁸ἰιδατι.

2231 2109 2392 2168 Κατὰ
2413 2107 2768 2180 συνεκδοχὴν,
2801 2107 2932 2164 ὅταν
2969 2107 3079 2162 ἀπὸ
3109 2106 3314 2180 μέρους
3342 2106 3404 2162 τὸ
3433 2105 3552 2162 ὅλον
3579 2106 3732 2179 δηλοί⁸

2159 2201 2237 2267 ὡς
2263 2199 2346 2271 τδ,
2379 2219 2399 2254 ι
2431 2199 2543 2272 Τὴν
2569 2199 2756 2272 ψυχήν
2808 2215 2914 2272 μου
2969 2197 3308 2270 ἐπέστρεψεν
3333 2215 3349 2229 ⁸
3387 2217 3408 2253 ι
3477 2197 3566 2252 ἵνα
3618 2197 3738 2272 εἴπῃ

2160 2295 2266 2367 ἐμέ
2297 2313 2312 2330 ⁸
2352 2293 2470 2362 καὶ,
2513 2312 2532 2346 ι
2571 2293 2696 2347 Ἔτι
2719 2291 2778 2347 δὲ
2808 2292 2985 2364 καὶμὴ
3009 2290 3150 2364 σάρξ
3180 2307 3284 2362 μου
3331 2289 3734 2361 κατασκηνώσει

2161 2387 2252 2444 ἐπ’
2285 2385 2464 2440 ἐλπίδι
2491 2401 2505 2416 ⁸
2550 2402 2568 2436 ι
2603 2383 2727 2440 ἀντὶ
2747 2382 2865 2450 τοῦ,
2909 2381 3028 2453 ἐλῃώ
3062 2399 3078 2416 ⁸
3109 2383 3230 2449 καὶ,
3261 2401 3281 2434 ι
3366 2382 3464 2436 Ἐκ
3513 2380 3733 2452 γαστρὸς

2163 2478 2272 2550 πρὸ
2299 2476 2582 2548 ἑωσφόρον
2621 2474 2894 2546 ὲγέννησά
2945 2491 3006 2528 σε
3035 2491 3050 2507 ⁸
3087 2493 3108 2527 ι
3169 2473 3322 2542 ἀντὶ,
3353 2491 3379 2526 ι-
3416 2471 3525 2544 πρὸ
3574 2471 3735 2544 πάσης

2160 2571 2262 2644 τῆς
2290 2569 2547 2632 κτίσεως.
2597 2589 2617 2623 ι

2232 2661 2392 2718 Κατὰ
2428 2661 2756 2733 ὑπόδειγμα,
2803 2661 2935 2715 ὅταν
2995 2659 3066 2714 τὰ
3104 2657 3364 2730 πρακτέα
3434 2658 3504 2712 δι’
3552 2657 3736 2730 ὁμοίων

2161 2755 2324 2810 τινῶν
2351 2752 2668 2809 ὑποτίθεται
2693 2769 2708 2784 ⁸
2748 2747 2889 2820 οἷον,
2909 2771 2928 2805 ι
2970 2752 3151 2822 Ἔγνω
3181 2749 3314 2822 βοῦς
3343 2751 3436 2805 τδν
3461 2751 3741 2823 κτησάμεο

2163 2865 2254 2904 νον
2279 2865 2294 2882 ⁸
2333 2867 2354 2902 ι
2391 2849 2508 2914 καὶ,
2539 2865 2559 2900 ι
2601 2847 2676 2902 Ἦ.
2706 2845 2868 2901 ἀσίδα
2898 2847 2957 2898 ὲν
2979 2843 3057 2914 τῷ
3103 2841 3324 2914 οὐρανῷ
3354 2842 3499 2912 ἔγνω
3526 2843 3746 2897 τδνκαι-

2167 2941 2262 3013 ρδν
2300 2941 2472 3012 αὐτῆς
2504 2957 2520 2974 ⁸
2542 2959 2562 2994 ι
2595 2939 2712 3008 καὶ,
2744 2958 2764 2992 ι
2804 2935 3128 3009 ’Ἄνθρωπός
3154 2953 3241 3000 τις
3268 2934 3692 3006 οἰκοδεσπότης·
3717 2951 3740 2988 ι

2165 3030 2282 3096 καὶ,
2317 3047 2337 3082 ι
2376 3027 2698 3100 Ἀνθρώπου
2729 3027 2875 3090 τινὸς
2902 3025 3183 3082 πλουσίου.
3225 3044 3250 3079 ι

2232 3315 2392 3371 Κατὰ
2418 3331 2630 3386 μετωνυ
2636 3317 2792 3382 μίαν,
2814 3314 2941 3368 ὅταν
2965 3313 2999 3384 ἧ
3019 3312 3128 3367 ἀπὸ
3147 3311 3266 3366 τῶνι
3279 3309 3644 3384 περιεχόντων
3685 3305 3745 3362 τὰ

2161 3409 2550 3482 περιεχόμενα,
2568 3409 2603 3480 ἢ
2622 3405 3158 3461 ἁπὸτῶνοίκούντων
3181 3405 3252 3460 τὰ
3292 3403 3596 3476 οἰκούμενα
3629 3417 3748 3472 μετ-

2166 3499 2427 3572 ονομάζει
2449 3499 2546 3555 καὶ
2559 3499 2670 3555 ἀπὸ
2691 3499 2794 3571 μὲν
2821 3498 2931 3552 τῶν
2951 3497 3322 3570 περιεχόντων
3342 3497 3414 3552 τὰ
3437 3492 3748 3568 περιεχόμεο

2162 3607 2232 3647 να
2261 3609 2276 3623 ⁸
2295 3591 2372 3655 ὡς
2401 3590 2485 3657 τὸ,
2517 3608 2538 3644 ι
2584 3591 2698 3644 Καὶ
2727 3589 2790 3645 τὸ
2811 3589 3074 3662 ποτήριόν
3093 3605 3188 3643 σου
3215 3587 3496 3660 μεθύει-κον
3537 3603 3604 3658 με
3628 3581 3751 3636 ὡσεὶ

2163 3685 2458 3758 κράτιστον
2482 3700 2498 3716 ⁸
2545 3702 2566 3737 ι
2600 3683 2716 3749 καὶ,
2753 3701 2772 3734 ι
2818 3679 3333 3749 Ὀλολύζετε,πλοῖα
3359 3675 3743 3750 Καρχηδόνος)

2163 3782 2262 3838 καὶ
2291 3801 2320 3842 ι,
2344 3780 2420 3834 Τὸ
2452 3779 2712 3850 ποτήριον
2737 3777 2838 3848 τῆς
2892 3776 3130 3848 ἀδελφῆς
3163 3792 3260 3830 σου
3300 3775 3494 3830 πίεσαι
3529 3787 3544 3803 ⁸
3585 3789 3604 3824 ι
3653 3764 3750 3822 ἀπὸ

2163 3876 2224 3930 δὲ
2244 3873 2354 3929 τῶν
2380 3869 2676 3927 οἰκούντων
2709 3869 2780 3924 τὰ
2812 3868 3109 3941 οἰκούμενα
3133 3884 3148 3898 ⁸
3189 3866 3266 3932 ὡς
3307 3867 3396 3932 τὸ,
3463 3881 3483 3916 ι
3513 3863 3748 3934 Προσκα-

2165 3966 2388 4022 λέσεται
2428 3963 2521 4018 τὸν
2579 3961 2808 4032 οὐρανὸν
2871 3961 2986 4016 ἄνω
3007 3975 3023 3992 ⁸
3061 3977 3082 4012 ι
3109 3959 3226 4024 καὶ,
3302 3975 3324 4010 ι
3374 3949 3746 4028 Ἰερουσαλὴμ,

2179 4056 2565 4131 Ἰερουσαλὴμ,
2593 4057 2626 4124 ὴ
2652 4050 3066 4109 ἀποκτείνουσα
3093 4051 3223 4116 τοὺς
3250 4049 3612 4124 προφήταςοι
3643 4041 3749 4107 καὶ,

2175 4171 2214 4224 ι,
2227 4147 2618 4222 Ἀγαλλιᾶσθε,
2637 4147 2799 4218 νῆσοι
2817 4145 3034 4202 πολλαί.
3061 4163 3083 4198 ι

2241 4357 2402 4412 Κατὰ
2435 4354 2762 4426 ἁντίφρασιν
2793 4351 2896 4423 (9),
2936 4353 3068 4406 ὅταν
3098 4349 3166 4405 δι’
3197 4335 3455 4404 ἐναντίου
3493 4345 3559 4400 τδ
3609 4345 3750 4398 ἄναν-

2168 4451 2286 4504 τίον.
2299 4448 2452 4520 δηλοῖ
2480 4464 2496 4479 ⁸
2522 4439 2752 4512 οἷον,ιΕἰ
2775 4445 2884 4516 μὴν
2915 4445 2993 4508 εἰς
3018 4441 3312 4516 πρόσωπόν
3326 4455 3390 4495 σε
3411 4435 3711 4506 εύλογὴσει.
3727 4448 3746 4484 ι

2170 4541 2303 4596 ἀντὶ
2323 4538 2445 4606 τοῦ,
2471 4535 2920 4608 βλασφημήσῃ
2950 4553 2964 4567 ⁸
3005 4536 3124 4600 καὶ,
3156 4553 3176 4586 ι
3209 4532 3500 4603 Εὐλόγησε
3524 4523 3753 4582 Θεὸνκιιὶ

466 4628 524 4672 ct
579 4631 788 4688 regem,
838 4635 858 4670 ι
920 4631 1022 4687 pro
1078 4617 1492 4683 contumeliose,
1549 4615 1688 4670 male
1745 4615 1919 4684 dixit;
1971 4625 2054 4684 et,

2180 4630 2440 4704 βασιλέα·
2483 4649 2503 4682 ι
2543 4629 2666 4685 ἀντὶ
2723 4626 2844 4692 τοῦ,
2899 4627 3168 4695 ὕϐρισεν,
3233 4623 3598 4678 ἐκάκωσεν·
3644 4616 3748 4681 καὶ,

472 4735 494 4768 ι
529 4714 678 4782 (ξιιίας
702 4714 1019 4771 celebratus
1051 4732 1071 4766 ι
1120 4723 1202 4771 est
1234 4728 1370 4780 rex;
1405 4721 1480 4778 et,
1541 4731 1561 4764 ι
1600 4711 1934 4770 Benedictus
1987 4714 2062 4770 sit

467 4807 638 4864 homo
671 4807 780 4863 ille.
821 4826 842 4860 ι
883 4805 1019 4878 (Job
1053 4823 1093 4873 ι,
1128 4805 1228 4874 ll;
1286 4821 1351 4871 tt,
1383 4805 1450 4873 5;
1508 4803 1599 4858 ΙΙΙ
1629 4803 1758 4876 Reg.
1797 4821 1910 4875 χιιι,
1950 4807 2059 4874 10;

467 4897 670 4956 ιυνειιι.
704 4915 799 4965 xx,
834 4899 963 4971 16.)
1155 4909 1162 4916 ’

542 4989 862 5045 Secundum
893 4987 1289 5059 pcriphrasim,
1327 4987 1555 5060 quando
1577 4987 1646 5044 de
1681 4987 1750 5045 iis
1776 5003 1901 5059 qua:
1929 5002 2064 5059 pau-

469 5083 561 5140 cis.
577 5083 764 5139 verbis
787 5082 1026 5153 exprimi
1050 5090 1309 5154 possunt,
1333 5082 1589 5152 pluribus
1615 5095 1709 5138 res
1733 5090 2019 5152 exponunt
2047 5098 2060 5134 :

471 5173 616 5231 sicut
660 5191 675 5228 :
733 5192 760 5226 (ν
788 5171 933 5230 Ecce
985 5174 1313 5246 alienigena:
1362 5181 1418 5229 et
1473 5171 1656 5242 Tyrus
1712 5179 1769 5229 et
1826 5171 2065 5243 populus

471 5264 798 5337 [Ethiopum
825 5267 882 5321 hi
919 5266 1142 5322 fuerunt
1176 5265 1312 5321 illic.
1355 5283 1375 5316 ι
1421 5264 1610 5338 (Psal.
1643 5281 1868 5330 uxxvr,
1897 5263 1992 5336 4.)

548 5358 866 5415 Secundum
913 5357 1434 5430 rccapitulationem
1463 5367 1560 5412 aut
1591 5357 1824 5412 reditum
1857 5357 1924 5414 ad
1959 5358 2066 5413 ini-

476 5445 620 5502 tium
647 5448 873 5518 quando
903 5465 1026 5520 quae
1061 5465 1160 5521 per
1191 5451 1358 5520 plura
1385 5450 1536 5506 varie
1576 5460 1898 5515 narrantur,
1939 5467 2064 5520 pro-

476 5545 598 5609 pter
646 5539 1016 5597 difﬁcultatem
1056 5558 1182 5614 qua:
1225 5543 1402 5598 oritur
1445 5556 1477 5596 a
1525 5543 1934 5614 digressionum
1974 5545 2062 5600 in-

2175 4743 2196 4778 ι
2227 4725 2354 4780 Ὅτι
2382 4721 2700 4788 δεδόξασται
2737 4722 2766 4776 ὁ
2821 4717 3108 4791 βασιλεύς·
3146 4734 3166 4769 ι
3209 4715 3325 4784 καὶ,
3396 4733 3417 4768 ι
3458 4705 3754 4785 Εύςρραινόο

2173 4831 2334 4888 μενος
2364 4813 2508 4868 ἔστω
2534 4813 2564 4867 ό
2589 4811 2876 4884 ἄνθρωπος
2904 4809 3134 4872 ἐκεῖνος.
3177 4825 3196 4858 ι

2237 4993 2400 5048 Κατὰ
2429 4991 2784 5062 περίφρασιν,
2813 4989 2944 5044 ὅταν
2973 4989 3087 5052 τοῖς
3116 4987 3184 5042 δι’
3233 4985 3438 5056 ὀλίγων
3499 4980 3753 5053 ἐκφωνεῦ¹

2169 5086 2296 5140 σθαι
2328 5083 2650 5156 δυναμένοις
2674 5081 2774 5156 τὴν
2799 5081 2890 5136 διὰ
2918 5080 3184 5136 πλειονων
3217 5077 3428 5150 φράσιν
3469 5073 3746 5149 περιτίθη-

2167 5195 2254 5232 σιν
2272 5195 2287 5210 ⁸
2313 5171 2448 5241 οἶον,
2483 5195 2503 5228 ι
2540 5175 2654 5231 Καὶ
2687 5174 2799 5228 ἰδοὺ
2829 5171 3146 5244 ἀλλόφυλοι,
3161 5173 3256 5226 καὶ
3282 5169 3493 5244 Τύρος,
3520 5167 3615 5224 καὶ
3636 5163 3752 5226 λαὸς

2163 5269 2273 5338 τῶν
2323 5269 2624 5333 Αἰθιόπων,
2659 5257 2806 5321 οὗτοι
2832 5265 3209 5338 ἐγεννήθησαν
3240 5265 3381 5318 ἐκεῖ.
3420 5281 3440 5316 ι

2226 5337 2398 5419 ⁹Κατὰ
2423 5359 2908 5430 ἀνακεφαλαίωσιν
2935 5359 3038 5412 εἴτ’
3069 5337 3168 5412 οὖν
3189 5355 3492 5426 ὲπανάληψ
3503 5370 3574 5416 ιν,
3628 5351 3749 5403 ὅταν

2172 5454 2240 5510 τὰ
2268 5453 2360 5508 διὰ
2392 5451 2655 5506 πλειόνων
2681 5447 2944 5512 ποικίλως
2975 5444 3365 5519 εἰσηγηθέντα,
3393 5442 3488 5497 διὰ
3524 5441 3624 5512 τὴν
3655 5431 3756 5492 ἀπὺ

2173 5549 2272 5620 τῆς
2303 5531 2412 5602 τῶν
2475 5541 2874 5616 παρεκϐάσεων
2933 5535 3254 5610 ἀνωμαλίας
3317 5534 3650 5606 δυσχέρειαν
3698 5527 3752 5578 ὲν

1639 5697 1868 5756 DAVID.
1907 5699 2305 5761 IIOESCHELII
2352 5700 2586 5758 NOTAE.

552 5865 628 5934 (9)
673 5862 807 5918 Κατ’
839 5861 1220 5930 ἀντίρρησιν.
1259 5859 1524 5931 Exempla
1553 5860 1720 5934 plura.
1762 5860 2044 5932 suppedita
2091 5859 2150 5915 D.
2192 5862 2420 5934 August.
2453 5861 2550 5916 lih.
2579 5859 2776 5916 Contra
2810 5853 3156 5921 mendacium,
3226 5847 3290 5905 ad
3377 5845 3746 5905 Conscnttum.

484 5949 581 6003 {up
643 5937 722 5989 10.
