3930 6388
253 495 259 501 ,
306 412 432 478 1305
1363 420 1690 482 ISAGOGE
1732 419 1811 482 IN
1849 419 1952 481 ss.
1981 418 2476 482 scmurmus.
3406 377 3564 488 1303'

299 524 480 592 ὀλίγοις
511 511 665 580 αὖθις
713 515 1056 592 διεξέρχεται
1093 535 1108 554 ⁴
1159 523 1235 588 ὡς
1295 528 1324 579 ὁ
1383 523 1592 597 Μωσῆς
1659 545 1850 600 φησιν,

1968 526 2286 598 equalitate,
2323 542 2417 596 per
2445 525 2702 596 pauciora
2744 525 2941 582 iterum
2976 536 3358 598 exponuntur,
3395 530 3541 586 sicut

306 635 323 668 ι
351 613 488 682 Αὕτη
528 613 562 681 ἡ
596 607 779 680 ptem
825 613 1098 680 γενέσεως
1152 616 1382 688 οὐρανοῦ
1420 635 1480 672 τε
1529 618 1626 672 καὶ
1661 617 1786 691 γῆς.
1831 637 1850 672 ι

298 703 516 758 Τοιαῦτα
543 701 635 755 καὶ
661 703 720 754 ὲν
747 702 870 765 ταῖς
915 702 1249 775 Βασιλείαις,
1314 707 1411 762 καὶ
1459 709 1518 762 ὲν
1568 709 1650 782 τῷ
1689 710 1856 764 Ἀπο-

299 796 478 865 στόλῳ.

357 884 506 940 Κατά
547 885 880 960 ἁπόχρησιν,
945 889 1078 944 ὅταν
1149 893 1218 962 τῇ
1259 891 1465 963 ἐτέρων
1511 893 1860 966 προσηγορίᾳ

293 978 378 1030 καὶ
403 978 458 1029 ὲν
485 977 692 1051 ἑτέροις
707 981 1060 1051 κατα-χρᾶται
1087 997 1100 1012 ο
1139 979 1298 1055 [οἷονι
1328 983 1405 1048 ὡς
1434 983 1515 1047 τὸ,
1556 1002 1576 1037 ι
1613 984 1858 1050 Φύλαξόν

293 1067 664 1139 με,Κύριε,ὠς
691 1069 864 1142 κόρην
898 1070 1182 1143 ὀφθαλμοῦ
1209 1089 1222 1104 ·
1250 1093 1268 1124 ι
1293 1075 1405 1140 καὶ,
1432 1093 1452 1126 ι
1483 1076 1574 1128 Ἑν
1606 1076 1691 1129 σοὶ
1730 1077 1860 1141 τοὺς

289 1159 502 1232 ἐχθροὺς
524 1159 682 1232 ἡμῶν
709 1162 1075 1235 κερατιοῦμεν
1097 1181 1115 1198 υ
1163 1183 1182 1217 ι
1219 1167 1334 1229 καὶ,
1354 1187 1372 1218 ι
1405 1167 1464 1221 '0
1491 1165 1770 1236 στεγάζων
1801 1169 1862 1222 ἐν

289 1251 432 1306 ὕδασι
456 1251 520 1306 τὰ
543 1252 771 1325 ὑπερῷα
793 1255 962 1310 αὑτοῦ
989 1271 1004 1288 ·
1033 1275 1053 1309 ι
1091 1257 1210 1325 καὶ,
1235 1275 1254 1310 I
1303 1259 1395 1323 Ὠς
1423 1259 1624 1332 δρθρος
1684 1259 1858 1332 χυθή-

290 1359 432 1396 σεται
459 1342 551 1396 imi.
588 1343 660 1397 τά
692 1343 796 1416 ὄρη
849 1343 979 1412 λαὸς
1011 1346 1179 1412 πολὺς
1239 1348 1336 1404 καὶ
1366 1350 1588 1423 ίσχυρός
1619 1367 1634 1382 ·
1677 1370 1694 1403 I
1731 1352 1860 1424 περὶ

287 1435 377 1506 τῆς
407 1435 625 1508 ἀκρίδος
654 1436 857 1508 λέγων.

347 1615 498 1671 Κατὰ
523 1619 978 1687 προσωποποιίαν
993 1620 1124 1676 ὅταν
1138 1621 1253 1676 τισὶ
1280 1619 1392 1678 τῶν
1415 1621 1664 1694 ἀψύχων,
1687 1622 1862 1678 ἐνίοτε

284 1706 335 1760 δὲ
369 1707 458 1762 καὶ
487 1708 905 1778 ἀνυποστάτων,
942 1711 1216 1785 πρόσωπά
1241 1730 1304 1768 τε
1351 1713 1448 1769 καὶ
1477 1713 1676 1785 λόγους
1725 1715 1862 1770 ὑπο-

281 1799 472 1854 τίθεται
505 1817 520 1832 ο
593 1802 691 1856 ἐπὶ
735 1802 836 1874 μὲν
891 1803 1149 1876 ἀψύχων·
1201 1805 1280 1870 ὡς
1328 1805 1413 1872 τὸ,
1477 1824 1498 1860 ι
1553 1807 1860 1880 Έπάρθητε

281 1892 435 1946 πύλαι
466 1891 683 1948 αίὼνιοι
723 1912 737 1926 ·
779 1913 800 1946 I
831 1894 949 1959 καὶ,
975 1914 994 1947 ι
1042 1895 1110 1950 Οί
1165 1896 1390 1969 οὐρανοὶ
1441 1896 1759 1968 διηγοῦνται
1784 1913 1800 1928 ·
1833 1915 1854 1950 ι
1893 1885 1933 1942 Β

280 1983 366 2038 καὶ
398 2004 415 2038 ι
445 1985 804 2059 Πορευόμενα
833 1986 1110 2058 ἐπορεύθη
1139 1985 1209 2041 τά
1239 1987 1376 2056 ξύλα
1409 2004 1424 2019 ο
1458 2007 1478 2041 ›
1515 1988 1611 2044 ἐπὶ
1663 1988 1722 2042 δὲ
1749 1988 1862 2044 τῶν

276 2077 658 2133 ἀνυποστάτων
682 2093 699 2109 ο
739 2077 818 2142 ὡς
845 2077 907 2132 τὸ
941 2097 961 2130 ι
994 2077 1326 2151 Δικαιοσύνη
1355 2079 1454 2134 καὶ
1503 2080 1700 2153 εἰρήνη
1725 2097 1862 2135 κατ·-

276 2169 532 2240 εφίλησαν
562 2185 578 2200 ·
643 2189 663 2222 ι
726 2169 842 2237 καὶ,
885 2187 906 2222 ι
955 2169 1216 2224 Ἐκάλεσε
1260 2169 1361 2240 τὴν
1405 2171 1566 2242 δίκην
1622 2173 1681 2226 ὲν
1729 2173 1864 2245 πυρὶ

274 2262 468 2334 Κύριος
497 2279 514 2296 ο
559 2280 578 2314 I
619 2264 750 2329 καὶ,
780 2280 799 2314 ι
837 2261 1076 2334 Ἐρῤιψε
1121 2263 1216 2317 τὸν
1268 2262 1414 2318 λίθον
1460 2264 1541 2328 είς
1574 2264 1635 2317 τὸ
1688 2264 1866 2334 στόμα

271 2355 363 2424 τῆς
389 2355 630 2426 ἀνομίας
653 2373 668 2388 ’
715 2374 733 2408 I
763 2358 879 2421 καὶ,
923 2375 942 2407 I
984 2351 1212 2426 Εἷπενή
1240 2357 1424 2426 σοφία,
1457 2356 1667 2428 Κύριος
1699 2357 1861 2412 ἑκτι-

273 2445 330 2498 σὲ
368 2462 458 2514 με’
497 2462 523 2496 ι
553 2443 671 2509 καὶ,
705 2463 725 2496 ι
769 2443 912 2512 Ἐγὼ
938 2443 1087 2515 ἥμην
1180 2444 1515 2515 προσέχαιρε
1542 2443 1666 2497 καθ’
1724 2443 1860 2516 ήμέ-

271 2550 400 2603 ρανο
441 2553 460 2586 I
489 2535 612 2601 xui,
641 2553 662 2586 ι
712 2533 1081 2606 ’ῼκοδόμησεν
1111 2537 1280 2607 ἑαυτῇ
1322 2529 1492 2588 οἷκον.
1529 2553 1546 2586 ι

1959 615 2164 687 Moysis
2222 616 2356 671 dicit
2406 635 2420 670 :
2483 637 2500 666 ι
2536 614 2638 670 llic
2697 615 2837 669 liber
2886 616 3256 686 generationis
3306 619 3431 674 caeli
3488 629 3547 677 ct

1961 716 2142 764 teme.
2183 727 2203 761 ι
2239 707 2396 763 Talia
2431 717 2484 763 et
2518 709 2573 762 in
2615 707 2772 764 libris
2802 706 3036 779 Regum,
3067 715 3122 764 et
3157 709 3210 764 in
3243 711 3533 781 Apostolo.

1959 795 2134 868 (Gen.
2174 815 2238 866 II,
2275 796 2370 868 4.)

2033 887 2351 946 Secundum
2392 891 2626 948 abusum
2673 907 2800 946 cum
2852 892 3089 947 aliorum
3139 909 3340 948 nomen
3385 903 3439 948 et
3487 895 3544 950 in

1961 979 2083 1036 aliis
2114 980 2340 1036 adhibet
2363 979 2538 1054 [verbi
2563 981 2765 1054 gratia]
2795 999 2812 1038 :
2847 1001 2864 1033 ι
2896 982 3122 1038 Custodi
3151 999 3260 1048 me,
3294 985 3544 1049 Domine,

1963 1081 2024 1129 ut
2065 1073 2330 1144 pupillam
2366 1074 2557 1136 oculi;
2598 1092 2616 1124 ι
2665 1085 2741 1138 et,
2787 1094 2808 1124 ι
2846 1075 2902 1129 III
2953 1083 3004 1130 te
3038 1075 3294 1132 inimicos
3329 1086 3548 1132 nostros

1961 1165 2356 1222 ventilabimus
2394 1181 2601 1233 cornu;
2649 1183 2668 1217 ι
2708 1173 2783 1230 et,
2827 1184 2845 1217 I
2879 1165 2984 1232 Qui
3019 1167 3154 1236 tegis
3189 1167 3350 1236 aquis
3378 1181 3545 1237 supe-

1963 1255 2110 1312 riora
2161 1256 2320 1326 ejus;
2362 1276 2382 1309 ι
2414 1267 2486 1323 et,
2527 1276 2546 1308 I
2581 1255 2748 1324 Quasi
2795 1273 2957 1312 mane
2987 1259 3335 1327 cxpandetnr
3380 1273 3548 1328 super

1963 1357 2180 1403 montes
2209 1352 2446 1418 populus
2477 1350 2684 1404 multus
2725 1359 2779 1404 et
2810 1347 2991 1410 fortis,
3051 1367 3069 1401 ι
3105 1348 3173 1404 de
3205 1349 3434 1405 locustis
3465 1350 3548 1404 lo-

1961 1455 2157 1510 quens.
2219 1438 2410 1513 (Paul.
2465 1455 2578 1510 ινι,
2629 1439 2702 1508 8;
2756 1454 2914 1508 XLIII,
2971 1439 3042 1508 6;
3098 1455 3230 1506 CIII,
3291 1442 3364 1508 ‘5;
3427 1439 3548 1496 Joel

1962 1547 2026 1598 II,
2057 1530 2152 1604 2.)

2039 1625 2357 1683 Secundum
2389 1627 2833 1698 prosopopmiam
2865 1627 3092 1698 quando
3124 1627 3455 1698 quibusdam
3485 1642 3551 1683 ex

1964 1716 2308 1782 inanimatis,
2354 1718 2690 1789 quandoque
2735 1726 2791 1772 et
2821 1733 2885 1772 ex
2936 1718 3005 1774 iis
3053 1733 3176 1788 qua:
3209 1735 3306 1788 per
3337 1719 3554 1790 excogi-

1965 1810 2119 1865 tandi
2161 1811 2274 1864 vim
2321 1821 2531 1864 tantum
2580 1810 2899 1874 exsistunt,
2947 1825 3246 1880 personam
3295 1819 3350 1866 ct
3392 1810 3552 1866 verba

1964 1905 2265 1974 supponit;
2300 1905 2368 1959 de
2399 1903 2740 1968 inanimatis,
2777 1903 2963 1958 sicut:
3006 1923 3021 1954 ι
3065 1901 3391 1963 Elevamini,
3427 1917 3556 1972 por-

1965 2001 2033 2047 ta;
2062 1993 2382 2060 aaternales;
2418 2012 2436 2044 ι
2467 2001 2542 2056 et,
2574 2010 2594 2044 ι
2627 1991 2768 2048 (Σωιί
2797 2001 3098 2060 enarrant;
3134 2012 3152 2044 ι
3185 2001 3259 2057 et,
3294 2010 3313 2044 I
3347 1991 3555 2048 Euntes

1966 2081 2149 2138 ierunt
2183 2084 2351 2155 ligna.
2393 2103 2412 2136 ι
2478 2083 2552 2138 De
2611 2084 2679 2140 iis
2714 2098 2837 2154 qua:
2887 2097 2987 2154 per
3034 2083 3382 2155 excogitandi
3440 2083 3551 2137 vim

1966 2183 2178 2230 tantum
2215 2175 2519 2240 exsistunt,
2563 2175 2752 2232 sicut:
2793 2196 2812 2228 ι
2849 2174 3070 2230 Iustitia
3106 2183 3162 2229 et
3195 2189 3299 2246 pax
3327 2174 3547 2229 oscula-

1967 2275 2036 2322 ta:
2059 2275 2228 2334 sunt;
2271 2286 2289 2320 ι
2335 2276 2410 2332 ct,
2461 2287 2478 2319 ι
2513 2266 2760 2322 Vocabat
2793 2265 3066 2338 judicium
3113 2265 3181 2321 ad
3233 2265 3410 2335 ignem
3447 2265 3553 2318 Do-

1967 2354 2188 2420 minus;
2233 2375 2250 2407 ι
2287 2366 2363 2423 et,
2403 2373 2422 2408 I
2462 2354 2612 2411 Misit
2658 2355 2894 2424 lapidem
2943 2354 3000 2408 in
3046 2369 3110 2408 os
3158 2353 3482 2423 impieta:is.
3522 2370 3544 2404 ι

1965 2445 2054 2512 Ει,
2106 2465 2126 2498 ι
2167 2447 2313 2503 Dixit
2366 2447 2683 2518 sapientia:
2718 2445 2987 2502 Dominus
3034 2445 3284 2517 possedit
3333 2459 3460 2512 me;
3525 2464 3546 2498 ο

1961 2546 2036 2603 et,
2065 2556 2084 2588 ι
2113 2537 2228 2607 Ego
2261 2555 2413 2594 erant
2440 2539 2530 2595 cui
2553 2537 2927 2594 delectabatur
2949 2551 3046 2607 per
3071 2535 3320 2607 singulos
3345 2535 3496 2600 dies;
3527 2551 3548 2584 ι

269 2639 338 2696 rt,
411 2651 432 2684 ι
467 2630 790 2688 Ediﬁcavit
842 2632 946 2688 sibi
999 2632 1248 2689 domum.
1283 2651 1304 2685 ι
1361 2630 1556 2705 (Ρεαί.
1606 2647 1766 2698 xxIII,
1807 2631 1867 2702 7;

1968 2649 2071 2696 fill,
2135 2635 2204 2703 τη
2240 2635 2424 2692 Judic.
2475 2651 2552 2701 Ix,
2599 2635 2665 2700 8;
2704 2649 2924 2700 LXXXIV,
2969 2633 3067 2700 ll;
3137 2632 3296 2686 Amos
3335 2647 3432 2697 VII,
3477 2631 3550 2696 4;

271 2725 427 2784 Zach.
459 2743 520 2796 ν,
551 2726 619 2794 8;
652 2725 816 2780 Prov.
851 2741 968 2794 Vill,
1002 2724 1092 2794 i2,
1125 2726 1198 2780 22
1222 2768 1238 2794 ,
1267 2726 1382 2801 50.)

333 2822 495 2876 Κατὰ
523 2818 927 2892 σχηματισμὸν,
981 2819 1112 2874 ὅταν
1165 2819 1233 2874 τὰ
1280 2818 1422 2872 αὐτὰ
1475 2822 1856 2893 σχηματοποιῇ

268 2911 397 2984 πρὸς
424 2912 532 2984 τὴν
558 2911 667 2965 τῶν
694 2911 1042 2982 πραγμάτων
1072 2913 1354 2982 ὑφήγησιν
1381 2925 1396 2941 ⁸
1423 2911 1500 2976 ὼς
1523 2911 1606 2978 τὸ,
1648 2932 1667 2965 ι
1702 2914 1858 2985 Παρ-

268 3000 394 3074 έστη
458 3004 501 3073 ἡ
533 3001 830 3072 βασίλισσα
879 3003 946 3055 ὲκ
976 3001 1170 3068 δεξιῶν
1206 3019 1300 3055 σου
1328 3015 1341 3030 ’
1383 3020 1402 3054 I
1440 3005 1556 3071 καὶ,
1624 3022 1643 3057 ι
1679 3005 1856 3058 Ποτα-

267 3094 357 3166 poi.
398 3095 740 3168 κροτήσουσι
769 3095 914 3167 χειρὶ
955 3094 1050 3147 ἐπὶ
1076 3094 1138 3148 τδ
1179 3097 1314 3150 αὑτό
1336 3111 1354 3128 ⁶
1386 3113 1406 3146 ι
1452 3096 1568 3162 καὶ,
1593 3113 1613 3147 I
1648 3096 1713 3150 Οί
1762 3113 1862 3168 μα·

267 3186 379 3244 σθοί
407 3206 511 3242 σου
550 3185 986 3259 ἀνωρθώθησαν,
1029 3187 1124 3242 καὶ
1186 3187 1374 3260 ήθρίξ
1425 3203 1520 3242 σου
1573 3189 1856 3242 ἀνέτειλεο

267 3279 328 3333 σὺ
377 3279 434 3333 δὲ
461 3275 614 3350 ἦσθα
657 3279 842 3352 γυμνὴ
902 3279 995 3332 καὶ
1036 3279 1426 3352 ἀσχημονοῦσα
1451 3295 1468 3314 ο
1495 3300 1516 3335 I
1541 3280 1816 3352 μασθοὺς
1841 3299 1854 3312 ·

265 3371 726 3443 καταχρηστικῶς
757 3371 827 3425 τὰ
856 3370 966 3441 ὄρη
997 3370 1253 3440 λέγουσα,
1281 3371 1391 3426 ἀπὸ
1416 3371 1515 3427 τοῦ
1545 3371 1860 3442 σχήματος

263 3463 420 3536 τρίχα
451 3463 537 3526 δὲ,
561 3463 660 3536 τὴν
685 3464 785 3536 τῆς
799 3463 905 3534 γῆς
928 3464 1190 3534 εὐφορίαν
1217 3481 1230 3494 ·
1263 3465 1670 3530 κατασκευάζει
1689 3465 1748 3520 δὲ
1764 3466 1860 3520 καὶ

263 3559 367 3612 ἀπὸ
401 3556 754 3630 πραγμάτων
797 3556 1205 3628 σχηματισμὸν,
1238 3557 1314 3622 ὡς
1362 3558 1422 3612 ἐν
1450 3560 1516 3629 τῇ
1580 3559 1724 3612 κατὰ
1764 3558 1858 3612 τὸν

266 3650 546 3721 μακάριον
587 3647 708 3702 Ἰὼϐ
736 3648 995 3702 ὑποθέσει
1019 3663 1033 3679 ⁸
1063 3643 1177 3702 οἷον
1205 3647 1287 3714 τὸ,
1324 3671 1343 3702 ι
1383 3649 1740 3722 Παραστῆναι
1767 3649 1858 3704 τὸν

260 3742 515 3798 διάϐολον
550 3742 783 3796 ἐνώπιον
831 3739 928 3795 τοῦ
959 3741 1122 3795 Θεοῦ.
1166 3759 1186 3792 ι

335 3833 498 3890 Κατὰ
518 3832 873 3906 ἀλληγορίαν,
905 3831 1035 3886 ὅταν
1063 3833 1132 3886 τὰ
1162 3831 1370 3902 ἄπειρα
1397 3830 1576 3904 πλήθη
1613 3833 1856 3904 συνεχῶς

267 3928 322 3981 Ἰ
339 3929 480 3982 δατοι
510 3925 671 4000 λέγῃ,
703 3927 798 3980 καὶ
828 3925 929 3997 τὴν
963 3925 1170 3979 τούτων
1195 3923 1386 3994 ἔφοδον
1429 3925 1819 3997 κατακλυσμόν
1838 3943 1851 3956 ·

262 4025 356 4076 καὶ
394 4023 481 4086 τὸ,
514 4040 533 4075 ι
571 4023 766 4076 Ἔσται
797 4020 872 4085 ὡς
899 4021 960 4074 τὸ
989 4021 1145 4086 ξύλον
1175 4021 1267 4075 τὸν
1332 4023 1745 4094 πεφυτευμένον
1779 4039 1792 4054 ·
1831 4041 1850 4074 I

263 4113 401 4168 καὶὸ
442 4113 770 4177 ’Λπόστολος
801 4111 900 4184 τὴν
931 4113 1111 4185 Ἀγαρ
1148 4111 1464 4190 άλληγορεί.

329 4291 476 4347 Καθ’
506 4290 818 4363 ὑπερϐολὴν
849 4289 984 4363 (ιθ),
1021 4291 1152 4346 ὅταν
1181 4291 1260 4356 είς
1300 4290 1473 4345 πολλὰ
1501 4291 1713 4360 μείζονι
1763 4294 1856 4348 κέ-

262 4403 467 4460 χρηται
489 4383 567 4456 τῷ
587 4385 686 4456 τῆς
706 4385 1034 4456 ὕφηγήσεως
1066 4385 1292 4457 μεγέθει
1321 4385 1474 4457 παρὰ
1495 4385 1565 4439 τὰ
1591 4385 1856 4456 γινόμενα

261 4478 296 4551 ἢ
350 4479 654 4553 προσόντα,
679 4477 714 4548 ἢ
745 4477 1076 4548 ἐνδεχόμενοι
1100 4493 1114 4507 ο
1162 4477 1238 4540 ὡς
1261 4478 1342 4542 τὺ,
1384 4495 1400 4525 π
1443 4477 1854 4534 Ἀναόαίνουσιν

2041 2819 2357 2876 Secundum
2390 2820 2678 2888 figuratam
2723 2818 3049 2883 orationem,
3100 2817 3320 2886 quando
3349 2815 3546 2872 eadem

1967 2911 2166 2983 figurat
2208 2921 2404 2982 praeter
2435 2926 2618 2964 rerum
2651 2910 3049 2973 narrationem,
3082 2909 3260 2964 sicut:
3301 2925 3320 2960 I
3367 2907 3551 2963 astitit

1969 3003 2158 3076 regina
2207 3019 2239 3057 a
2287 3003 2500 3058 dextris
2549 3002 2698 3068 luis;
2737 3021 2756 3054 ι
2805 3009 2880 3067 et,
2932 3019 2950 3052 ι
2989 2999 3244 3056 Flumina
3295 2999 3554 3070 pandunt

1969 3111 2138 3152 manu
2171 3097 2235 3150 de
2279 3096 2493 3159 eodem,
2535 3113 2554 3146 ι
2608 3104 2682 3160 et,
2739 3114 2757 3147 ι
2792 3093 2976 3150 Ubrra
3013 3103 3104 3148 tua
3142 3093 3552 3157 intumuerunt,

1965 3197 2020 3244 et
2064 3187 2208 3259 pilus
2254 3197 2382 3242 tuus
2411 3186 2776 3258 germinavit;
2821 3194 2880 3240 et
2909 3200 3034 3240 eras
3079 3184 3223 3239 nuda
3259 3190 3314 3238 et
3357 3183 3554 3238 confu-

1963 3280 2122 3336 sione
2151 3279 2310 3350 plena
2341 3296 2354 3332 :
2398 3296 2418 3330 δ
2454 3278 2616 3332 ubera
2644 3293 2740 3348 per
2768 3277 3132 3354 catachresim
3165 3285 3366 3330 montes
3393 3273 3550 3342 dicit,

1962 3385 1994 3426 a
2029 3369 2229 3436 forma,
2262 3369 2429 3439 pilum
2459 3384 2589 3424 vero
2622 3369 2964 3424 fertilitatem
3003 3379 3163 3424 terrae
3191 3386 3205 3422 :
3245 3377 3302 3422 et
3333 3377 3550 3438 parata

1962 3461 2132 3516 rebus
2164 3459 2454 3530 ﬁguratam
2489 3460 2826 3526 orationem,
2861 3459 3011 3516 sicut
3035 3461 3091 3516 in
3120 3467 3448 3528 argumento
3478 3459 3550 3514 de

1961 3555 2122 3612 beato
2150 3552 2274 3617 Job,
2307 3568 2525 3622 nempe,
2571 3571 2590 3604 ι
2633 3552 2893 3608 Astitissc
2925 3551 3093 3607 Satan
3134 3566 3322 3608 coram
3357 3551 3550 3606 Domi-

1959 3665 2052 3705 no.
2093 3667 2112 3701 ›
2161 3646 2356 3718 (Ρδαί.
2406 3661 2554 3711 xLIv,
2605 3647 2710 3716 i0;
2765 3663 2933 3714 xcvn,
2969 3647 3040 3715 8;
3095 3645 3285 3701 Ezech.
3321 3662 3438 3712 xw,
3477 3644 3549 3714 7;

1958 3740 2062 3796 Job
2100 3757 2140 3806 I,
2173 3739 2269 3812 6.)

2031 3833 2348 3889 Secundum
2373 3831 2690 3902 allegoriam
2715 3873 2730 3897 ,
2763 3831 2986 3902 quando
3019 3831 3264 3887 inﬁnitas
3295 3830 3554 3886 multitu-

1957 3927 2117 3982 dines
2150 3934 2414 3997 perpetuo
2455 3938 2626 3994 aquas
2655 3935 2853 3989 vocat,
2899 3933 2954 3979 et
2998 3922 3192 3978 lIornIn
3254 3921 3551 3978 transitum

1958 4017 2422 4078 inundationem;
2454 4027 2508 4072 ct
2530 4056 2545 4080 ,
2589 4035 2608 4067 ι
2642 4015 2760 4072 Erit
2791 4017 2937 4072 sicut
2969 4015 3178 4086 lignum
3216 4014 3364 4084 quod
3390 4015 3551 4084 plan-

1959 4117 2132 4164 tatum
2182 4117 2285 4164 Cat.
2321 4127 2339 4161 ι
2410 4107 2474 4162 Et
2540 4107 2839 4177 Apostolus
2883 4109 3030 4177 Agar
3091 4121 3190 4175 per
3225 4103 3548 4177 allegoriam

1957 4201 2114 4256 citat.
2144 4209 2162 4274 ί
2193 4199 2343 4256 Paul.
2383 4218 2396 4256 I
2423 4242 2437 4266 ,
2478 4203 2540 4266 5;
2575 4198 2756 4254 Colat.
2800 4213 2874 4265 Iv,
2905 4197 3020 4270 24.)
3493 4191 3501 4199 ’

2031 4292 2347 4348 Secundum
2387 4291 2728 4363 hyperbolen
2769 4290 2994 4362 quando
3035 4288 3090 4344 in
3125 4287 3316 4342 multis
3352 4285 3550 4357 majori

1955 4387 2128 4442 utitur
2173 4401 2286 4458 pra:
2335 4385 2675 4442 narrationis
2735 4383 3008 4456 gravitate
3061 4398 3162 4454 pro
3216 4381 3377 4437 factis
3429 4381 3552 4437 sive

1957 4480 2387 4548 excedentibus,
2435 4479 2552 4536 sive
2598 4477 2998 4548 possibilibus;
3045 4476 3234 4532 sicut:
3273 4494 3292 4528 ι
3334 4475 3548 4530 Ascen-

263 4579 368 4638 ἕως
399 4571 514 4626 τῶν
547 4570 799 4644 οὐρανῶν
833 4586 848 4603 ο
892 4570 1024 4642 περὶ
1049 4569 1160 4625 τῶν
1187 4569 1656 4644 ναυτιλλομένωνο
1694 4592 1714 4626 ›
1738 4575 1851 4640 καὶ,

1968 4574 2097 4630 dunt
2124 4589 2300 4644 usque
2329 4572 2398 4628 ad
2430 4572 2623 4638 coelos,
2653 4571 2722 4628 de
2750 4568 3171 4642 navigantibus;
3195 4584 3217 4619 ι
3248 4575 3304 4622 et
3326 4605 3344 4632 ,
3391 4585 3410 4618 ι
3440 4563 3548 4621 Ve-

267 4687 284 4716 ι
321 4666 470 4738 Πλὴν
503 4667 531 4720 ό
560 4665 694 4730 Θεὸς
727 4662 1022 4718 συνθλάσει
1070 4663 1317 4734 κεφαλὰς
1343 4665 1559 4738 ἐχθρῶν
1594 4665 1761 4721 αὑτοῦ
1781 4684 1796 4700 ο
1825 4687 1847 4722 ι

260 4759 382 4824 καὶ,
416 4777 436 4811 I
473 4756 668 4813 Λούσω
696 4756 822 4814 καθ’
854 4757 1094 4830 ἑκάστην
1110 4756 1282 4810 νύκτα
1310 4757 1410 4829 τὴν
1432 4755 1622 4829 κλίνην
1657 4777 1759 4831 μου
1782 4776 1796 4792 ·
1825 4781 1846 4814 ι

261 4851 380 4916 καὶ,
421 4869 440 4902 ι
474 4849 558 4904 Τὰ
582 4849 684 4921 ὅρη
715 4848 1051 4922 ἐσκίρτησαν
1080 4848 1212 4902 ὡσεὶ
1259 4847 1446 4920 κριοί·
1480 4867 1502 4902 ι
1535 4850 1654 4918 καὶ,
1714 4868 1737 4904 ι
1768 4849 1850 4906 Τὰ

264 4942 400 5008 ξύλα
435 4941 530 4996 τοῦ
569 4941 745 5014 ἀγροῦ
811 4943 1176 5015 ὲπικροτήσει
1213 4944 1327 5006 τοῖς
1359 4941 1610 5008 κλάδοιςο
1655 4959 1677 4997 ι
1730 4945 1848 5009 καὶ,

267 5056 289 5090 α
323 5036 722 5108 Εὑκοπὼτερόν
757 5037 877 5091 ἐστι
917 5036 1199 5107 κάμηλον⁹
1237 5035 1369 5090 »καὶ
1399 5035 1526 5105 περὶ
1562 5035 1667 5105 τῆς
1686 5035 1847 5109 ἀκρίυ

258 5130 533 5197 δος,‹”οτι
565 5128 718 5193 ἔθνος
762 5128 934 5200 ἀνέϐη
961 5129 1054 5182 ἐπὶ
1082 5126 1184 5200 τὴν
1214 5127 1318 5198 γῆν
1350 5143 1452 5199 μου
1504 5127 1746 5199 ἰσχυρὸν,
1799 5129 1850 5183 οἱ

261 5223 478 5288 ὀδόντες
507 5221 674 5277 αὐτοῦ
697 5221 912 5286 ὀδόντες
940 5221 1154 5284 λέοντος
1182 5235 1196 5250 ⁶
1239 5239 1259 5274 ι
1331 5219 1449 5285 καὶ,
1508 5237 1528 5272 ι
1579 5219 1847 5292 Ἀπηλλοο

260 5314 578 5388 τριώθησαν
603 5315 654 5368 οἱ
683 5313 1004 5386 ἁμαρτωλοὶ
1035 5313 1144 5368 ἀπὸ
1177 5313 1396 5384 μήτρας
1423 5326 1438 5341 ο
1489 5329 1508 5364 ι
1549 5313 1663 5378 καὶ,
1706 5331 1724 5365 ι
1756 5313 1848 5386 Μὴ

262 5405 463 5475 γνώτω
513 5407 547 5477 ἡ
576 5405 846 5476 ἀριστερά
874 5422 968 5458 σου
999 5403 1052 5458 τί
1087 5405 1234 5458 ποιεῖ
1258 5405 1290 5474 ἡ
1314 5401 1467 5468 δεξιά
1505 5421 1600 5458 σου
1625 5422 1640 5436 ο
1681 5423 1700 5458 I
1733 5407 1850 5469 καὶ,

269 5517 289 5550 ι
326 5499 389 5552 Ei
417 5501 446 5554 ό
476 5497 758 5568 ὀφθαλμὸς
786 5499 815 5552 ὁ
847 5496 1023 5564 δεξιδς
1049 5495 1401 5562 σκανδαλίζει
1449 5514 1532 5560 σε,
1573 5497 1722 5567 ἔξελε
1753 5501 1854 5554 αὑ-

263 5589 389 5644 τόν·
429 5609 448 5643 ι
482 5591 600 5655 καὶ,
639 5609 657 5644 I
693 5589 821 5644 Ἐὰν
851 5589 1012 5662 ὑμεῖς
1044 5590 1384 5662 σιωπήσητε,
1418 5591 1624 5646 οίλίοοι
1649 5594 1854 5666 κεκρά-

1961 4673 2272 4720 rumtamen
2300 4662 2445 4720 Deus
2472 4663 2782 4734 confringet
2835 4662 3014 4732 capita
3047 4660 3395 4715 inimicorum
3421 4671 3552 4714 suo-

1960 4771 2120 4822 rum;
2152 4775 2171 4810 »
2220 4765 2274 4812 et
2300 4799 2316 4824 ,
2366 4775 2382 4807 ι
2421 4755 2641 4810 Lavabo
2684 4770 2782 4825 per
2815 4753 3068 4824 singulas
3113 4761 3304 4806 noctes
3341 4751 3550 4805 lectum

1957 4865 2164 4918 meum,
2196 4867 2214 4900 ι
2249 4857 2324 4912 et,
2349 4867 2368 4900 I
2395 4846 2608 4903 Montes
2630 4846 3050 4902 exsultaverunt
3076 4853 3138 4898 ut
3166 4844 3398 4906 arietes;
3419 4861 3437 4894 ι
3467 4851 3546 4906 et,

1961 4961 1980 4996 ι
2003 4943 2174 5012 Ligna
2201 4940 2444 5012 regionis
2473 4938 2734 5010 plaudcnt
2765 4937 2958 5003 ramis,
2985 4956 3004 4989 ι
3041 4943 3115 5002 et,
3153 4955 3171 4988 ι
3201 4935 3436 4990 Facilius
3461 4943 3549 4989 est

1952 5036 2258 5101 camelum;
2317 5049 2338 5084 ι
2392 5041 2446 5088 ct
2480 5035 2546 5087 de
2591 5033 2841 5098 lorusta,
2884 5049 2904 5082 ι
2934 5029 3075 5098 Quia
3122 5043 3256 5100 gens
3295 5027 3551 5083 accendit

1953 5143 2121 5200 super
2145 5135 2345 5182 terram
2377 5139 2555 5180 meam
2582 5164 2597 5190 ,
2643 5123 2802 5180 fortis
2823 5163 2839 5186 ,
2872 5124 3066 5178 dentes
3097 5121 3219 5192 ejus
3260 5128 3320 5175 ut
3349 5119 3550 5174 dentes

1955 5221 2170 5286 leonis;
2197 5239 2218 5273 ι
2258 5230 2311 5276 et
2335 5259 2350 5283 ,
2392 5238 2411 5272 ι
2442 5219 2678 5272 Alienati
2709 5225 2840 5274 sunt
2885 5223 3203 5287 peccatores
3243 5229 3274 5270 a
3303 5213 3487 5270 vulva.
3521 5233 3544 5266 ι

1958 5315 2048 5378 Ει,
2083 5333 2100 5367 ι
2131 5313 2347 5370 Nesciat
2377 5313 2602 5369 sinistra
2635 5321 2728 5367 tua
2759 5312 2891 5382 quid
2927 5309 3329 5367 faciatdcxtera
3359 5319 3496 5374 tua;
3523 5327 3544 5360 ν

1957 5417 2038 5476 et,
2085 5425 2104 5461 ι
2142 5407 2197 5462 Si
2240 5406 2438 5464 oculus
2485 5412 2613 5461 tuus
2651 5405 2844 5462 dexter
2887 5403 3224 5461 scandalizat
3272 5412 3364 5468 te,
3415 5415 3549 5456 erue

1957 5517 2117 5566 eum;
2151 5520 2169 5553 ι
2193 5507 2268 5560 et,
2307 5517 2326 5551 ι
2351 5498 2406 5554 Si
2433 5513 2533 5553 vos
2564 5497 2870 5564 tacueritis,
2903 5497 3110 5569 lapides
3133 5495 3491 5561 clamabunt;
3521 5511 3549 5544 ι

1959 5602 2036 5660 et,
2071 5613 2087 5644 ι
2118 5592 2229 5646 lota
2273 5606 2444 5646 unum
2495 5601 2591 5645 aut
2635 5607 2778 5646 unus
2813 5607 2989 5663 apex;
3027 5611 3047 5646 ι
3076 5599 3126 5648 et
3149 5635 3165 5659 ,
3202 5609 3222 5643 ι
3252 5589 3464 5646 Cwlum
3493 5594 3552 5644 tl

801 5815 808 5834 ‘
1433 5748 1660 5807 DAVID.
1701 5749 2100 5810 "(ESCIIELII
2151 5749 2389 5808 ΝΟΤΑΞ.

353 5859 468 5927 (ibi
509 5858 651 5918 Καθ’
702 5860 1068 5931 ὑπερϐολήν.
1109 5861 1184 5917 De
1214 5863 1317 5919 bac
1370 5865 1482 5936 agit
1534 5867 1678 5924 idem
1729 5869 1867 5938 Aug.

1968 5869 2147 5940 :posit.
2185 5883 2309 5938 cap.
2348 5865 2444 5922 ult.
2480 5865 2686 5938 Evang.
2721 5862 2881 5921 Joan.
