3930 6376
233 422 368 488 3313

1421 415 1678 478 SEBMO
1714 408 2285 474 LAUDATORIUS.

3347 399 3483 469 1314

259 541 3491 580 Mm

1175 685 1545 776 ΛΟΓΟΣ
1599 676 2522 772 ΕΓΚΩΜΙΑΣΤΙΚΟΣ

1275 890 1372 962 Tn
1401 887 1564 960 ΑΓΙᾼ
1591 877 2120 944 ΠΡΟΣΦΩΝΗΘΕΙΣ
2175 879 2446 950 ΣΥΝοΔᾳ

713 993 910 1048 ﬂA’PA
953 987 1332 1045 ΕΠΙΦΑΝΙΟΥ
1363 975 1721 1040 ΔῙΑΚΟΝΟΥ
1750 978 2084 1035 ΚΑΤΑΝΑΣ
2117 977 2256 1030 ΤΗΣ
2299 974 2604 1030 ΣΙΚΕΛΩΝ
2633 973 3004 1047 ΕΠΔΡΧΙΑΣ,

749 1085 882 1138 ΚΛΊ
921 1077 1446 1136 ΤΟΠΟΊῊΡΗἸὈΥ
1466 1075 1658 1130 ΘΩΜΑ
1695 1065 2274 1130 ΑΡΧΙΕΠΙΣΚΟΙῙΟΥ
2321 1065 2637 1140 ΣΑΡΔῼΩΝ
2683 1067 2938 1124 ΝΗΣΟΥ.

1944 1178 1984 1220 ἆ

1185 1448 1326 1539 ’SE
1351 1441 1598 1536 BMO
1668 1439 2517 1592 LAUDATOBIUS

1301 1663 1556 1708 SANCTJE
1605 1659 2097 1706 PRONUNTIATUS
2169 1657 2418 1703 SYNODO

767 1766 850 1810 ΑΒ
879 1763 1220 1809 EPIPHANIO
1251 1763 1534 1809 DIACONO
1555 1761 1820 1806 ECCLESL

1921 1759 2148 1804 LATANJE
2179 1757 2536 1803 SICULOBUM
2575 1753 2953 1812 PROVINCIJE,

805 1868 893 1913 AC
920 1867 1060 1912 LOCI
1089 1866 1459 1912 SERVATORE
1502 1864 1734 1910 THOME
1761 1861 2234 1908 ARCHIEPISCOPI
2255 1859 2599 1906 SARDORUM
2627 1856 2892 1904 INSULE.

1355 2010 1577 2084 (Mausr,
1609 2009 1820 2067 Concil.
1861 2025 1899 2066 ι.
1945 2007 2091 2077 thl,
2128 2021 2184 2078 p.
2219 2006 2372 2079 441.)

291 2348 362 2403 Ὃ
386 2350 661 2422 μακάριος
685 2348 973 2421 προφήτης
1009 2344 1412 2419 ”Ἧσα“ῑας”θε”ίῳ
1461 2347 1820 2418 καταλαμπό-

1994 2344 2198 2401 Beatus
2236 2343 2500 2413 propheta
2558 2337 2728 2392 Isaias
2778 2333 2962 2389 divino
3005 2339 3232 2402 accepto
3283 2326 3487 2400 Spiritu

220 2459 384 2515 μενος
425 2440 742 2512 Πνεύματι,
766 2439 866 2512 τὴν
903 2439 996 2494 διὰ
1027 2439 1267 2512 Χριστοῦ
1296 2443 1674 2510 γεγενημένην
1707 2438 1817 2494 τῶν

221 2534 390 2589 ἐθνῶν
432 2532 825 2604 ἀπολύτρωσιν
873 2527 932 2586 εὖ
975 2531 1124 2603 μάλα
1162 2529 1690 2602 προαναθεωρησας,
1721 2529 1818 2583 καὶ

227 2627 330 2680 τῶν
363 2626 432 2680 δι’
467 2624 641 2680 αὐτοῦ
688 2623 1051 2695 σεσωσμένων
1097 2622 1198 2694 τὴν
1231 2621 1443 2692 πληθὺν
1485 2620 1586 2675 οὐκ
1619 2623 1819 2692 ᾑγνοη-

228 2717 334 2785 κὼς
373 2717 818 2792 προσπεφώνηκέ
848 2733 951 2771 που
991 2715 1066 2780 ὡς
1105 2717 1171 2770 ὲκ
1218 2713 1514 2786 προσώπου
1553 2713 1648 2767 τοῦ
1677 2711 1816 2767 Θεοῦ

221 2811 331 2874 τοῖς
356 2811 506 2865 κατὰ
537 2809 766 2881 καιροὺς
795 2807 904 2862 τῶν
939 2807 1106 2879 ἱερῶν
1133 2805 1360 2878 λαχοῦσι
1389 2803 1658 2875 ποιμνίων
1687 2804 1815 2858 ἑπι-

223 2896 440 2955 στατεῖν
463 2901 653 2954 τοιάδε
677 2915 692 2929 ·
728 2918 747 2953 ι
768 2899 1080 2972 Πορεύεσθε
1111 2898 1201 2954 διά
1224 2898 1336 2954 τῶν
1367 2897 1552 2952 πυλῶν
1575 2913 1701 2968 μου,
1725 2895 1821 2951 καὶ

216 2991 587 3062 ὡδοποιήσατε
633 2989 713 3062 τῷ
757 2990 875 3062 λαῷ
909 3007 1012 3062 μου
1035 3007 1050 3022 ·
1080 2990 1179 3045 καὶ
1220 2991 1348 3054 τοὺς
1394 2989 1579 3053 λίθους
1615 2991 1681 3043 ἐκ
1718 2989 1820 3059 τῆς

229 3081 340 3137 ὀδοῦ
368 3083 723 3156 διαρρίψατε.
765 3101 784 3134 ι
833 3083 993 3147 Τίνες
1032 3083 1080 3138 δ’
1109 3083 1177 3138 ἂν
1209 3086 1421 3139 νοαῖντο
1463 3084 1520 3138 αί
1553 3083 1743 3145 πύλαι,
1783 3084 1817 3154 ἥ

227 3166 323 3240 ιιι-ἧς
347 3170 718 3226 θεοπνεύστου
760 3172 986 3244 Γραφῆς
1017 3173 1121 3226 ικαὶ
1159 3173 1277 3228 τῶν
1313 3173 1486 3242 ἁγίων
1520 3173 1820 3244 προφητῶν

234 3262 280 3316 oi
305 3263 451 3331 λόγοι
477 3280 495 3329 ;
522 3261 836 3338 οὒςιῶσπερ
859 3265 1014 3328 τινὰς
1043 3263 1244 3336 νοητὰς
1272 3265 1681 3330 ἀναπτύσοντες
1713 3265 1817 3318 πύο

226 3352 324 3418 la;
352 3357 419 3426 τῇ
455 3356 732 3426 ἑρμηνείᾳ
776 3357 825 3408 oi
860 3354 970 3410 τῶν
992 3354 1236 3425 λογικῶν
1263 3355 1597 3428 θρεμμάτων
1623 3357 1818 3428 ποιμέ-

235 3461 338 3511 νες,
370 3445 546 3510 οὕτως
597 3445 742 3502 αὐτὰ
783 3446 881 3501 επὶ
915 3443 1021 3520 τὴν
1068 3447 1287 3519 εὐρεῖαν
1333 3464 1396 3502 τε
1435 3448 1530 3502 καὶ
1558 3447 1817 3520 ἀληθινὴν

227 3539 564 3610 ἀποφέρουσι
585 3538 790 3611 Θύραν,
811 3540 900 3595 τὸν
921 3541 1128 3611 Κύριον
1143 3540 1302 3614 ἡμῶν
1336 3540 1541 3612 Ἰησοῦν
1557 3542 1814 3613 Χριστὸν,

223 3632 504 3696 πὺνδντως
535 3632 677 3702 πρὸς
721 3631 816 3686 τὸν
849 3634 1072 3706 Πατέρα
1125 3633 1414 3706 γινόμενον
1449 3635 1579 3704 ἡμῖν
1605 3633 1811 3704 θύραν·

1921 2437 2121 2493 factam
2153 2435 2398 2508 gentium
2425 2449 2527 2505 per
2555 2431 2838 2487 Christum
2879 2425 3311 2495 redemptionem
3346 2421 3503 2477 valdc

1920 2527 2058 2584 bene
2094 2527 2422 2598 praevidens,
2467 2535 2522 2578 et
2557 2537 2746 2578 eorum
2781 2519 2875 2590 qui
2903 2533 3006 2590 per
3044 2517 3222 2588 ipsum
3253 2511 3500 2570 salvaudi

1918 2629 2080 2676 erant.
2111 2618 2528 2674 multitudinem
2563 2630 2676 2670 non
2721 2615 3014 2685 ignorans,
3049 2617 3111 2665 ut
3151 2625 3216 2666 ex
3260 2620 3502 2680 persona

1910 2709 2016 2766 ‘Dei
2095 2709 2298 2765 alicubi
2391 2707 2772 2780 pronuntiavit
2837 2705 2923 2760 his
2969 2702 3062 2774 qui
3124 2717 3222 2773 per
3283 2697 3502 2770 singula

1919 2811 2171 2874 tempora
2216 2816 2502 2859 sacrorum
2557 2797 2868 2854 sortiuntur
2912 2795 3330 2866 praeposituram
3383 2790 3507 2844 ovi-

1921 2895 2082 2960 lium,
2116 2895 2235 2950 haec
2270 2911 2286 2949 :
2322 2911 2344 2944 ι
2371 2891 2666 2948 Ambulate
2691 2903 2790 2961 per
2811 2882 3003 2960 portas
3031 2899 3208 2948 meas,
3237 2892 3292 2940 et
3319 2881 3508 2936 ducite

1917 2986 2184 3058 populum
2211 2999 2415 3048 meum,
2435 2993 2489 3038 et
2508 2981 2724 3052 lapides
2755 2995 2786 3034 a
2812 2978 2901 3033 via
2932 2977 3184 3048 projicite
3213 2974 3254 3030 '.
3282 2992 3301 3026 ›
3342 2974 3506 3040 Qua:-
3617 3019 3630 3029 .

1921 3091 2049 3130 nam
2075 3073 2470 3144 intelliguntur
2503 3078 2706 3142 portae,
2759 3067 2870 3123 nisi
2911 3065 3180 3121 divinitus
3227 3061 3509 3130 inspirata:

1916 3170 2242 3240 Scriptum,
2263 3176 2696 3235 sanctorumque
2719 3161 3118 3234 prophetarum
3149 3154 3351 3212 verba?
3372 3153 3510 3220 Qua:

1911 3260 2187 3316 nimirum
2232 3259 2390 3330 quasi
2431 3255 2701 3326 quasdam
2749 3252 3152 3310 iutellectuales
3188 3257 3377 3318 portas
3416 3262 3502 3300 ra.

1921 3351 2268 3427 tiuuabitium
2303 3357 2558 3420 pastores
2603 3345 2875 3417 pecudum
2925 3339 3338 3412 interpretando
3377 3351 3510 3406 ape-

1912 3445 2147 3511 rientes,
2167 3443 2250 3500 sie
2265 3457 2360 3499 eas
2380 3443 2447 3498 ad
2476 3441 2650 3497 latum
2675 3447 2732 3496 et.
2748 3451 2937 3494 verum
2961 3435 3243 3490 adducunt
3264 3431 3494 3496 ostium,

1919 3535 2172 3591 videlicet
2205 3533 2491 3591 Dominum
2551 3537 2806 3586 nostrum
2843 3525 3030 3582 Jesum
3063 3523 3344 3580 Christum
3365 3561 3381 3586 ,
3407 3519 3508 3589 qui

1913 3642 2048 3682 rere
2070 3625 2136 3682 ad
2155 3625 2370 3680 Patrem
2397 3623 2556 3679 nobis
2582 3621 2761 3678 factus
2783 3627 2869 3678 est
2885 3619 3115 3681 ostium,
3139 3611 3508 3685 quemadmo-

233 3721 406 3788 καθὼς
419 3701 593 3784 αὐτός
617 3723 974 3810 πούδφησινμ
1003 3701 1150 3794 Ἕγῶ
1175 3701 1291 3796 ειμι
1316 3729 1350 3794 ὴ
1377 3701 1570 3810 οῡρᾲ..
1590 3701 1820 3808 Λίθοιδὲ

1923 3720 2052 3774 dum
2103 3719 2233 3788 ipse
2281 3716 2356 3772 ait
2385 3755 2400 3778 ,
2438 3714 2568 3786 quia
2617 3731 2638 3766 ι
2682 3725 2784 3782 ego
2827 3726 2948 3768 sum
3005 3703 3278 3765 ostium'.»
3336 3701 3508 3758 l‘orro

221 3815 386 3870 ’πάλιν
405 3819 464 3872 οἱ
481 3821 543 3873 ὲν
565 3820 632 3889 τῇ
659 3808 765 3888 ὁδῷ
819 3817 1322 3890 προσριπτούμενοι
1352 3817 1424 3872 τά
1443 3808 1508 3884 ἐξ
1533 3818 1821 3890 αἱρετικῆς

231 3909 386 3979 τυχὸν
413 3910 730 3982 συμμορίας
763 3910 830 3965 ἂν
855 3907 968 3964 εἷεν
997 3911 1291 3974 σκάνδαλα,
1319 3909 1359 3965 ἀ
1399 3909 1652 3983 καθάπερ
1677 3909 1820 3973 τινὲς

224 3999 360 4054 λίθοι
377 4003 444 4074 τῇ
469 4002 723 4078 ἡμετέρᾳ
751 4003 848 4071 τῆς
874 3991 1112 4067 πίστεως
1147 4002 1561 4074 παρατιθέμενα
1603 4001 1779 4072 τρίϐῳ
1802 4041 1818 4067 ,

230 4092 346 4158 »τοὺς
375 4093 516 4166 πρὸς
545 4092 648 4165 τὴν
679 4093 851 4158 ὅντως
878 4088 1045 4150 οὖσαν
1071 4095 1188 4148 ὁδδν
1215 4095 1356 4148 ἱέναι
1400 4093 1653 4157 θέλοντας
1697 4093 1822 4147 δυσ-

225 4183 400 4249 σεϐῶς
418 4185 794 4257 προσκόπτειν
813 4186 1321 4258 παρασκευάζειοτδ
1345 4187 1470 4241 ὅσον
1494 4188 1581 4256 ἐφ’
1605 4187 1820 4250 ἑαυτοῖς

231 4274 326 4346 τὴν
347 4276 467 4332 ὁδὸν
494 4277 683 4342 αὐτοῖς
702 4277 1015 4332 ἀποκλείειν
1044 4276 1442 4344 σπουδάζοντες
1463 4294 1477 4308 ·
1495 4278 1616 4342 ὁδὸς
1644 4277 1702 4332 δὲ
1715 4277 1822 4332 πά-

225 4379 310 4420 λιν
331 4368 360 4422 ὁ
378 4367 588 4442 Κύριος
616 4368 778 4440 ἡμῶν
816 4369 1029 4442 Ἰησοῦς
1053 4369 1498 4442 Χριστὸς,ταύτη
1523 4369 1596 4434 ἂν⁴
1622 4371 1818 4438 νοοῖτο,

233 4458 410 4524 καθώς
424 4477 596 4534 φησιν
613 4459 780 4524 αὐτός
796 4477 812 4494 ο
832 4461 916 4514 ὃτι
937 4480 956 4512 ι
979 4459 1120 4530 Ἐγώ
1138 4463 1252 4532 εἰμι
1274 4462 1308 4532 ἡ
1325 4460 1464 4532 ζωὴ,
1483 4461 1577 4515 καὶ
1593 4464 1627 4534 ἡ
1643 4463 1780 4526 ὁδός.
1797 4481 1815 4516 ι

236 4547 339 4613 Οὓς
363 4567 521 4615 τινας
559 4551 626 4624 δὴ
664 4553 980 4622 αίρετικοὺς
1022 4551 1204 4616 λίθους
1245 4553 1296 4605 οἱ
1325 4551 1435 4606 τῶν
1479 4553 1673 4624 ίερέων
1700 4555 1824 4607 επι-

237 4640 500 4712 σιῄμονες
523 4643 828 4712 προσφυῶς
849 4659 908 4697 τε
930 4645 1025 4697 καὶ
1047 4643 1190 4715 μάλα
1220 4644 1489 4716 εὐτέχνως
1514 4645 1614 4698 σὺν
1632 4645 1824 4716 ὁδηγίᾳ

235 4731 326 4785 τοῦ
355 4733 678 4804 Πνεύματος
707 4733 810 4806 τῆς
836 4735 1114 4806 ἡμετέρας
1138 4734 1284 4802 ὁδοῦ,
1319 4736 1442 4806 ἦτοι
1464 4734 1560 4789 τοῦ
1594 4735 1694 4806 τῆς
1731 4737 1822 4788 πί-

239 4839 404 4888 στεως
435 4827 910 4898 ἀποκαθαίροντες
943 4825 1126 4896 λόγου,
1157 4827 1440 4896 πέμπουσι
1489 4827 1590 4898 μὲν
1623 4827 1822 4889 αὐτοὺς

239 4914 372 4985 πρὸς
411 4915 514 4981 τὰς
539 4905 650 4972 τῶν
693 4917 967 4988 ῥιψάντων
996 4918 1272 4987 κεφαλάς·
1309 4917 1534 4970 εὔκολον
1570 4918 1628 4970 δὲ
1677 4916 1822 4971 οὕτω

241 5007 332 5098 καὶ
358 5009 730 5098 τετριμμένην
775 5011 890 5072 τοῖς
923 5009 1030 5062 ὑπὸ
1059 5011 1220 5078 χεῖρα
1258 5009 1418 5074 υλαοῖς
1450 5009 1552 5079 τὴν
1593 5011 1674 5072 είς
1719 5009 1818 5080 τὴν
1846 5039 1888 5098 C

238 5095 352 5150 ὁδὸν
384 5097 570 5152 ἰοῦσαν
599 5100 787 5171 τρίϐον
814 5100 1252 5172 ἀπεργάζονταιο
1287 5101 1364 5165 ὼς
1387 5101 1645 5156 δύνασθαι
1683 5118 1819 5173 φρο-

241 5189 344 5243 νεῖν
370 5207 432 5244 τε
459 5192 553 5244 καὶ
597 5191 780 5260 λέγειν
801 5207 818 5224 ο
855 5211 875 5245 ι
911 5191 981 5247 Ἥ
1008 5193 1156 5264 ψυχὴ
1199 5194 1362 5264 ἡμῶν
1403 5193 1478 5256 ὡς
1536 5195 1825 5264 στρουθίον

241 5277 477 5352 ἐρρύσθη
504 5283 568 5336 ὲκ
597 5283 696 5353 τῆς
726 5283 956 5352 παγίδος
997 5283 1108 5337 τῶν
1141 5284 1486 5356 θηρευόντων
1511 5299 1526 5314 ο
1573 5285 1606 5354 ὴ
1660 5285 1828 5353 παγὶς

243 5374 554 5445 συνετρίϐη,
587 5377 682 5429 καὶ
711 5377 873 5446 ἡμεῖς
900 5375 1281 5448 ὲῤῥύσθημεν.
1321 5377 1383 5430 'H
1419 5375 1642 5448 βοήθεια
1671 5377 1827 5449 ἡμῶν

237 5460 299 5514 ἐν
331 5463 556 5534 ὀνόματι
605 5468 834 5538 Κυρίου.
869 5488 888 5520 ι
945 5468 1078 5523 Ἰδοὺ
1127 5467 1418 5542 τοιγαροῦν
1465 5471 1498 5540 ἡ
1545 5469 1666 5522 θεία
1714 5469 1826 5524 τῶν

247 5549 428 5622 ἱερέων
456 5557 733 5630 ὁμήγυρις
761 5559 1038 5614 ἀκόλουθα
1063 5560 1172 5614 τῶν
1202 5559 1364 5615 θείων
1393 5561 1644 5625 ἐντολῶν,
1681 5578 1828 5633 παρ-

240 5657 448 5712 ιιγουσα
469 5649 706 5705 ἐνταῦθα
736 5651 1040 5722 συνέδραμε
1062 5651 1124 5706 τὸ
1157 5652 1356 5706 σεπτὸν
1390 5653 1490 5715 τῑπς
1511 5651 1828 5718 οἰκονομίας

320 5834 335 5864 ³
364 5833 474 5892 lsa.
505 5851 655 5905 un,
696 5836 782 5892 10.
859 5840 878 5872 ²
911 5835 1066 5894 toan.
1107 5852 1178 5906 ι,
1217 5838 1272 5892 7.
1349 5839 1371 5871 ³
1411 5836 1569 5895 Joan.
1603 5853 1733 5907 xiv,
1769 5838 1830 5894 6.

1923 3811 2131 3881 lapides
2158 3809 2250 3880 qui
2276 3808 2338 3864 in
2365 3807 2452 3863 via
2476 3803 2704 3878 proiecti
2735 3811 2888 3871 sunt,
2913 3799 3174 3856 scandala
3209 3795 3352 3858 forte
3376 3802 3510 3850 sunt

1923 3903 2194 3959 lireretica-
2226 3899 2502 3967 factionis,
2535 3912 2658 3968 qua:
2683 3895 2854 3952 veluti
2881 3893 3106 3964 quidam
3138 3889 3350 3960 lapides
3377 3885 3508 3942 ﬁdei

1925 4005 2128 4051 nostum
2155 3993 2366 4050 semitae
2397 3990 2680 4062 apposita,
2715 4002 2814 4044 eos
2854 3986 2950 4056 qui
2986 3985 3056 4040 ad
3087 3982 3370 4038 Christum
3407 3977 3509 4050 qui

1925 4103 2054 4146 vera
2103 4093 2188 4143 est
2224 4085 2352 4150 via,
2399 4095 2701 4153 properare
2742 4079 2936 4134 volunt
2963 4117 2979 4144 ,
3025 4076 3193 4146 impie
3237 4073 3508 4142 impedire

1922 4189 2264 4254 procurant,
2318 4185 2580 4249 quantum
2635 4173 2692 4228 in
2741 4187 2807 4227 .se
2857 4179 2984 4236 est,
3038 4170 3144 4222 iter
3192 4167 3274 4222 eis
3309 4163 3508 4220 salutis

1929 4275 2188 4332 claudere
2227 4271 2572 4328 festinantes.
2613 4267 2941 4336 Rursusque
2969 4264 3054 4318 via
3089 4263 3210 4318 haec
3238 4259 3509 4316 Dominus

1923 4359 2118 4440 utique
2150 4375 2341 4424 noster
2373 4363 2536 4420 Jesus
2562 4361 2822 4418 Christus
2851 4358 3168 4428 conjicitur,
3210 4356 3355 4412 sicut
3389 4355 3510 4424 ipse

1923 4465 2039 4519 ait:
2083 4461 2214 4532 quia
2265 4477 2283 4511 ι
2319 4472 2422 4538 ego
2455 4471 2576 4512 sum
2619 4455 2729 4508 vita
2760 4463 2818 4509 et
2856 4452 2942 4508 via
2965 4453 3009 4507 ³.
3049 4471 3070 4504 ι
3108 4448 3506 4505 ιιωτθιίροιιυιη

1922 4569 2054 4626 ergo
2080 4550 2384 4617 scandalis,
2421 4563 2487 4604 ac
2536 4549 2582 4604 si
2615 4546 2943 4618 quibusdam
2973 4543 3250 4616 lapidibus
3272 4582 3288 4607 ,
3319 4556 3506 4597 sacer-

1923 4647 2118 4702 dotum
2165 4642 2512 4714 peritissimi,
2575 4641 2858 4710 ingeniose
2907 4638 3042 4694 satis
3093 4643 3148 4690 et
3206 4633 3508 4688 artificiose

1925 4739 2156 4792 ductore
2193 4735 2403 4805 Spiritu
2451 4750 2484 4788 a
2519 4734 2605 4786 via
2648 4743 2869 4798 nostra,
2917 4729 2968 4784 id
3001 4736 3087 4784 est
3131 4725 3254 4780 fidei
3287 4723 3506 4778 ratione

1925 4827 2175 4898 purgatis
2195 4867 2210 4892 ,
2243 4840 2354 4880 non
2383 4827 2562 4881 solum
2615 4825 2716 4878 hos
2746 4831 2938 4878 contra
2977 4822 3160 4890 capita
3186 4833 3378 4874 eorum
3412 4818 3506 4886 qui

1927 4918 2051 4974 illos
2092 4919 2377 4989 iecerant,
2423 4916 2686 4980 mittunt,
2733 4928 2919 4968 verum
2967 4913 3132 4968 etiam
3191 4913 3294 4966 hoc
3342 4912 3508 4966 modo

1926 5012 2180 5066 semitam
2215 5025 2338 5080 quae
2394 5009 2546 5064 ducit
2595 5007 2667 5062 ad
2715 5007 2862 5062 viam
2903 5005 2984 5079 [{.
3017 5005 3228 5078 vitam!
3264 5045 3280 5068 ,
3321 5005 3509 5072 subje-

1921 5102 2028 5157 ctis
2085 5102 2337 5173 plebibus
2382 5100 2596 5156 facilem
2655 5108 2709 5154 et.
2759 5099 2944 5154 tritam
2995 5098 3268 5164 efﬁciunt;
3326 5099 3396 5152 ita
3450 5106 3510 5150 ut

1920 5195 2143 5264 possint
2189 5209 2385 5264 sapere
2422 5209 2488 5249 ac
2537 5194 2764 5249 dicere:
2821 5211 2840 5244 ι
2875 5193 3072 5248 Anima
3123 5201 3312 5248 nostra
3364 5193 3510 5247 sicut

1925 5301 2118 5357 passer
2153 5295 2341 5356 erepta
2387 5299 2476 5342 est
2520 5287 2589 5342 de
2635 5287 2830 5358 laqueo
2871 5286 3210 5341 venantium.
3251 5283 3512 5356 Laqueus

1927 5379 2201 5434 contritus
2237 5392 2360 5444 est,
2410 5389 2463 5433 et
2507 5393 2610 5434 nos
2655 5379 2870 5434 liberati
2922 5393 3132 5434 sumus.
3163 5378 3514 5448 Adjutorium

1929 5483 2182 5528 nostrum
2235 5473 2290 5526 in
2341 5473 2568 5528 nomine
2621 5469 2922 5528 Domini‘.»
2964 5471 3044 5527 En
3088 5473 3256 5543 igitur
3295 5473 3516 5528 divinus

1927 5563 2278 5619 sacerdotum
2321 5575 2627 5620 conventus
2679 5564 3093 5621 Dominicormn
3126 5564 3514 5620 mandatorum

1926 5670 2134 5728 sequax
2159 5697 2174 5723 ,
2227 5657 2334 5710 huc
2374 5672 2440 5729 ac
2484 5658 2801 5714 venerabile
2841 5658 3270 5730 dispmsationis
3312 5655 3516 5714 Christi

1941 5839 1964 5873 ⁸
1995 5839 2144 5898 Psal.
2177 5855 2370 5906 cum,
2397 5839 2450 5906 7,
2487 5840 2543 5896 8.
