3930 6388
474 341 608 408 1313

1419 346 1425 351 ’
1467 346 1872 408 ΕΡΙΡΠΑΝΙΙ
1904 345 2381 408 CATANENSIS
2405 340 2716 407 DIACONI

3590 345 3712 414 122-3

467 437 789 528 sanguinem
821 457 1000 512 crucis
1031 471 1165 522 suae,
1197 457 1316 514 sive
1343 470 1467 527 quae
1503 457 1556 511 iu
1591 465 1760 520 terra,
1786 457 1900 511 sive
1929 471 2040 527 qua

2159 473 2282 517 πον,
2310 457 2368 508 ἐν
2397 455 2611 526 κόσμῳ,
2641 447 3102 519 ἀποκαταλλάξας
3136 449 3205 505 τὰ
3236 449 3414 506 πάντα
3443 453 3518 520 εἰς
3546 456 3722 517 ἐαυτὸν

465 549 521 602 iu
554 549 708 604 cadis
755 558 883 604 sunt
920 548 986 604 ¹⁰.
1033 565 1053 599 ι
1096 545 1141 604 Ο
1175 547 1469 604 sublimem
1525 549 1668 602 lianc
1706 547 2052 615 praedicatio-

467 641 630 718 nem!
671 640 716 694 0
752 640 1175 696 inenarrabilem
1211 640 1373 697 istam
1407 639 1883 697 misericordiam!
1922 637 2057 694 Uni-

463 734 680 805 genitus
707 733 880 790 Filius
910 733 1004 790 Dei
1035 734 1222 790 omnia
1258 735 1312 790 in
1339 734 1524 806 seipso
1562 733 1929 790 reconcilians
1955 747 2053 803 pa-

462 823 697 879 cificavit
735 839 833 894 per
873 823 1198 896 sanguinem
1247 823 1429 878 crucis
1478 837 1615 881 suae.
1662 822 1730 879 Et
1777 822 2054 894 quomodo

460 917 683 987 quidam
726 925 849 986 post.
890 925 1095 970 tantam
1155 913 1488 971 ineffabilem
1545 915 2049 972 reconciliationem

461 1021 565 1062 nos
603 1006 718 1062 ﬁeri
759 1007 1006 1077 priorum
1063 1005 1460 1062 seditiosorum
1505 1005 1858 1064 inimicorum
1899 1004 2051 1062 θωτ-

461 1095 646 1154 ruant?
709 1097 996 1166 Quomodo
1061 1107 1185 1168 post
1241 1097 1409 1154 unius
1464 1106 1520 1154 ct
1568 1100 1744 1156 solius
1781 1100 1896 1156 veri
1957 1099 2048 1154 Dei

459 1191 794 1260 agnitionem
835 1191 1066 1245 adorare
1107 1188 1254 1244 idola
1299 1189 1653 1248 Christianos
1701 1191 1888 1248 dicere
1926 1193 2046 1248 ausi

459 1293 591 1337 sunt
611 1282 636 1336 ?
656 1282 969 1338 Prmscrtim
994 1297 1120 1338 cum
1152 1283 1419 1354 propheta
1443 1283 1818 1340 omnimodam
1849 1285 2046 1342 horum

457 1373 952 1431 comminutionem
994 1375 1403 1446 quodammodo
1461 1375 1698 1445 clamet,
1749 1387 1806 1434 et
1849 1377 2046 1436 dicat:

463 1487 483 1520 ι
529 1467 586 1522 ln
622 1467 712 1523 die
748 1468 840 1522 illa
895 1467 1182 1538 apparebit
1235 1467 1520 1534 Dominus,
1557 1477 1611 1523 et
1663 1471 2049 1527 exterminabit

454 1561 589 1616 deos
629 1561 873 1631 gentium
911 1569 1069 1615 terrae
1099 1578 1111 1613 :
1145 1559 1198 1614 et
1228 1559 1478 1614 adorabit
1510 1574 1636 1615 eum
1667 1562 2048 1634 unusquisque

457 1653 524 1706 de
552 1651 677 1706 loco
704 1667 828 1716 suo,
863 1665 1054 1706 omnes
1082 1649 1278 1704 insulae
1300 1652 1546 1721 gentium
1575 1652 1642 1707 “.
1691 1669 1710 1702 ι
1751 1651 1888 1709 Ecce
1915 1654 2046 1711 sub-

456 1742 768 1798 versionem
797 1741 1093 1804 idolorum,
1125 1750 1180 1796 et
1211 1741 1319 1796 Deo
1351 1742 1740 1799 celebrandam
1766 1745 2044 1802 adoratio-

2157 544 2256 600 καὶ
2283 545 2716 616 εἰρηνοποιήσας
2745 543 2834 598 διὰ
2865 541 2960 597 τοῦ
2997 541 3233 613 αἵματος
3258 542 3356 598 τοῦ
3382 549 3602 620 σταυροῦ
3633 553 3724 607 αἱ-

2155 635 2274 701 τοῦ,
2300 639 2410 690 εἴτε
2438 637 2507 692 τά
2542 638 2638 691 ἐπὶ
2667 636 2768 707 τῆς
2801 637 2906 708 γῆς
2947 635 3058 688 εἴτε
3087 633 3158 689 τὰ
3186 635 3244 688 ἐν
3273 637 3386 700 τοῖς
3417 637 3670 710 οὐρανοῖς.
3700 663 3718 698 ι

2159 726 2227 780 Ὢ
2271 727 2369 782 τοῦ
2411 727 2621 801 ὑψηλοῦ
2654 727 2850 782 τοῦτου
2895 727 3285 800 κηρύγματοςί
3316 720 3360 781 ῶ
3389 727 3482 798 τῆς
3528 731 3724 788 ἀνεκδι-

2156 819 2370 888 ηγήτου
2419 817 2628 888 ταύτης
2676 818 3119 890 φιλανθρωπίας.
3177 817 3238 874 ’0
3285 820 3571 892 μονογενὴς
3611 823 3726 891 Tib;

2153 908 2249 962 τοῦ
2279 909 2415 964 Θεοῦ
2446 910 2516 964 τά
2551 910 2730 965 πάντα
2759 911 2843 974 είς
2878 910 3075 964 ἐαυτὸν
3113 907 3559 975 ἀποκαταλλάξας
3585 915 3725 986 εἰρη-

2154 998 2418 1071 νοποίησε
2463 999 2554 1054 διά
2586 999 2682 1054 τοῦ
2715 1000 2952 1072 αἵματος
2999 999 3098 1054 τοῦ
3136 999 3374 1071 σταυροῦ
3404 999 3562 1054 αὐτοῦ
3583 1016 3595 1030 ·
3641 1006 3726 1057 καὶ

2154 1091 2274 1158 πῶς
2315 1109 2464 1158 τινες
2503 1092 2644 1164 μετά
2683 1091 2784 1164 τὴν
2810 1092 3084 1163 τοσαύτην
3126 1091 3498 1164 ἀνὲκφραστον
3543 1095 3728 1149 καταλ-

2152 1186 2348 1261 λαγήν,
2411 1187 2519 1242 ὑπὸ
2563 1191 2725 1260 χεῖρα
2771 1186 2882 1241 τῶν
2925 1187 3098 1243 πάλαι
3151 1187 3490 1242 στασιαστῶν
3533 1188 3726 1262 ἐχθρῶν

2152 1284 2302 1355 ἡμᾶς
2327 1282 2586 1352 γενέσθαι
2609 1281 3076 1355 διῖσχυρίζονταις
3109 1281 3228 1346 πῶς
3251 1281 3391 1353 μετὰ
3421 1281 3518 1353 τὴν
3545 1285 3620 1347 είς
3645 1283 3725 1339 τὸν

2149 1373 2249 1428 ἐνα
2305 1375 2404 1428 καὶ
2438 1373 2618 1446 μόνον
2665 1371 2922 1446 ἀληθινὸν
2965 1372 3102 1426 Θεὸν
3153 1372 3450 1442 ἐπίγνωσιν
3507 1371 3727 1440 εἰδώλοις

2150 1466 2281 1526 τοὺς
2311 1464 2679 1536 Χριστιανοὺς
2713 1464 3096 1536 προσκυνῆσαι
3125 1465 3302 1518 είπεῖν
3341 1462 3721 1535 τετολμήκασι;

2151 1553 2332 1608 καίτοι
2359 1553 2454 1608 τοῦ
2479 1553 2762 1626 προφήτου
2792 1551 2895 1625 τὴν
2920 1552 3160 1624 παντελῆ
3187 1553 3397 1607 τούτοιν
3425 1555 3721 1624 ἐκμείωσιν,

2150 1645 2345 1718 ὥσπερ
2397 1645 2742 1712 ἀναϐοῶντος
2782 1648 2880 1700 καὶ
2926 1645 3180 1716 λέγοντος
3204 1663 3218 1678 υ
3260 1665 3279 1698 ι
3323 1647 3416 1700 Ἐν
3451 1651 3516 1719 τῇ
3554 1649 3724 1721 ἡμέρᾳ

2150 1737 2338 1812 ἐκείνῃ
2372 1737 2773 1810 ἐπιφανήσεται
2821 1737 3054 1810 Κύριος,
3095 1740 3190 1793 καλ.
3216 1737 3588 1811 ἐξολοθρεύσει
3611 1742 3726 1806 τοὺς

456 1850 581 1889 nem
611 1835 682 1890 ab
731 1848 1066 1906 unoquoque
1102 1835 1171 1890 de
1210 1833 1332 1890 loco
1384 1851 1488 1891 suo
1525 1836 1858 1895 audivimus.
1895 1838 2040 1906 Quo-

2151 1805 2448 1894 Oeobcwtt'bv
2479 1805 2652 1885 ἐθνῶν
2681 1831 2779 1900 τῆς
2813 1805 2951 1901 γῆς·
2985 1832 3080 1885 καὶ
3125 1805 3600 1905 προσκυνήσουσιν
3637 1805 3726 1888 attit-

452 1925 620 1982 modo
675 1925 842 1998 igitur
904 1941 1004 1982 nos
1041 1926 1134 1997 qui
1208 1927 1312 1982 hoc
1365 1927 1622 1998 agimus,
1677 1928 2044 1987 idololatrian]

451 2032 710 2074 exercere
742 2018 1106 2074 accusamur?
1135 2018 1269 2086 Quis
1296 2028 1483 2074 autem
1522 2030 1577 2076 et
1605 2023 1833 2077 omnino
1862 2036 2048 2096 posset

450 2109 506 2164 in
533 2109 918 2180 antiquitatem
958 2109 1228 2165 idolorum
1281 2126 1525 2166 errorem
1567 2128 1834 2170 renovare
1882 2127 2048 2186 super

452 2203 702 2258 terram?
731 2201 788 2256 Si
822 2203 968 2258 cnim
1009 2202 1334 2272 nequissimi
1370 2203 1651 2261 daemones
1679 2207 1772 2278 qui
1805 2222 1899 2278 per
1931 2209 2047 2267 haec

451 2298 766 2368 placantur,
807 2295 912 2352 hoc
943 2294 1124 2352 facere
1163 2307 1416 2368 possunt,
1467 2299 1745 2368 quomodo
1799 2316 1908 2356 non
1948 2302 2045 2359 de-

449 2399 696 2446 struetur
752 2397 928 2444 totum
987 2389 1415 2460 dispensationis
1469 2393 1817 2462 mysterium,
1854 2403 2042 2452 sancta

447 2482 741 2539 manifeste
793 2483 1067 2538 clamante
1123 2482 1408 2554 Scriptura
1449 2499 1464 2538 :
1509 2500 1530 2534 ι
1574 2482 1712 2552 Quia
1770 2485 2043 2556 percussit

447 2574 706 2630 inimicos
736 2589 870 2630 suos
908 2574 962 2628 in
992 2573 1301 2644 posteriora
1323 2573 1407 2627 "?
1445 2593 1464 2627 ι
1509 2572 1568 2628 lu
1606 2590 1718 2646 quo
1767 2576 2038 2644 innuitur,

446 2667 576 2738 quia
603 2666 857 2722 Christus
876 2665 1048 2732 etiam
1077 2667 1434 2736 opprobrium
1465 2667 1863 2737 sempiternum
1889 2670 2042 2727 dedit

444 2757 548 2814 eis.
587 2755 690 2825 Qui
740 2756 889 2810 enim
946 2764 1124 2826 potest
1181 2755 1388 2827 aliquid
1447 2760 1688 2828 Operari,
1722 2775 1829 2815 nott
1897 2761 2042 2818 inter

447 2861 720 2917 mortuos,
772 2849 866 2905 sed
929 2848 1071 2904 inter
1117 2847 1364 2906 viventes
1413 2849 1598 2907 adhuc
1644 2853 1832 2922 procul
1869 2853 2039 2910 dubio

443 2943 826 3000 constituitur.
899 2940 1188 3008 Quomodo
1241 2952 1426 2998 autem
1492 2951 1547 2999 et
1607 2946 1724 3015 ipse
1784 2947 2038 3018 proprios

443 3037 766 3092 confortans
795 3033 1119 3104 discipulos,
1157 3042 1212 3090 et
1241 3033 1310 3090 ad
1334 3049 1529 3090 omnes
1569 3038 1655 3092 vel
1705 3037 2038 3108 qualescun-

2150 1920 2228 1992 τῷ
2255 1921 2491 1986 ἕκαστος
2534 1921 2600 1975 ἐκ
2627 1921 2724 1976 τοῦ
2761 1923 2931 1978 τόπου
2965 1923 3135 1978 αὐτοῦ
3167 1926 3339 1979 πᾶσαι
3372 1927 3426 1978 αἰ
3450 1926 3598 1996 νῆσοι
3629 1928 3726 1981 τῶν

2148 2011 2345 2067 ἐθνῶν.
2387 2030 2406 2064 ι
2483 2012 2735 2075 Ἀκούεις
2781 2011 2883 2084 τὴν
2933 2013 3132 2086 ήλίκην
3173 2013 3286 2068 τῶν
3344 2014 3554 2069 πολλῶν
3600 2017 3724 2071 Θεῶν

2147 2106 2559 2179 καταστροφὴν,
2594 2109 2690 2162 καὶ
2711 2107 2810 2180 τὴν
2840 2107 2902 2174 ἐξ
2926 2109 3145 2180 ἀπάσης
3165 2110 3265 2175 τῆς
3291 2109 3400 2180 γῆς
3427 2110 3646 2166 ἕκαστον
3669 2116 3724 2165 ἐκ

2145 2200 2244 2256 τοῦ
2273 2201 2440 2255 τόπου
2471 2201 2640 2256 αὑτοῦ
2667 2199 2746 2272 τῷ
2772 2199 2892 2272 Θεῷ
2922 2201 3296 2256 ἀποτελοῦντα
3331 2203 3720 2275 προσκύνησινς

2146 2293 2266 2358 πῶς
2295 2293 2478 2348 τοίνυν
2503 2293 2554 2346 οί
2574 2292 2734 2347 τοῦτο
2761 2292 3096 2366 πράττοντες
3125 2293 3540 2366 εἰδωλολατρεῖν
3567 2295 3724 2349 αἰτιώ-

2149 2387 2328 2458 μεθα;
2380 2387 2468 2451 τίς
2515 2386 2571 2441 δὲ
2602 2386 2740 2452 ὅλως
2775 2387 2870 2441 καὶ
2896 2387 3117 2458 ἴσχυσεν
3165 2389 3246 2452 εἰς
3282 2387 3348 2442 τὸ
3383 2391 3606 2460 ἀρχαῖον
3631 2391 3719 2463 τήν

2143 2477 2257 2532 τῶν
2291 2475 2528 2532 εἰδώλων
2557 2477 2770 2550 πλάνην
2801 2477 2898 2532 ἐπὶ
2932 2478 3038 2548 γῆς
3066 2479 3527 2549 ἐπανακαινίσαι;
3559 2483 3604 2535 εἰ
3633 2481 3720 2552 μὲν

2143 2571 2250 2644 γάρ
2292 2572 2346 2642 οἰ
2373 2570 2462 2625 διά
2497 2569 2704 2626 τούτων
2751 2571 3185 2644 θεραπευόμενοι
3223 2574 3586 2645 πονηρότατοι
3611 2574 3716 2628 δαί-

2146 2680 2308 2734 μονες
2329 2661 2490 2718 τοῦτο
2519 2663 2745 2736 ποιῆσαι
2767 2663 3036 2731 δέδυνται,
3067 2664 3185 2729 πῶς
3217 2665 3321 2720 οὐκ
3349 2667 3720 2738 ἀνατραπήσε-

2141 2774 2232 2812 ται
2255 2756 2379 2812 ὅλον
2393 2755 2456 2811 τδ
2475 2757 2576 2828 τῆς
2591 2756 2906 2828 οἰκονομίας
2933 2760 3259 2830 μυστήριον,
3280 2759 3383 2831 τῆς
3403 2760 3565 2831 ἀγίας
3579 2760 3720 2834 διαρ-

2143 2849 2314 2923 ρήδην
2353 2849 2566 2922 βοώσης
2608 2851 2858 2922 Γραφῆςσ
2887 2869 2904 2904 ι
2934 2852 3062 2906 Ὀτι
3087 2851 3326 2921 ἐπάταξε
3356 2855 3486 2918 τοὺς
3508 2854 3720 2926 ἐχθροὺς

2139 2940 2307 2994 αὑτοῦ
2352 2942 2432 3006 εἰς
2480 2940 2543 2995 τὸ
2596 2940 2803 3008 (iniam;
2838 2961 2856 2994 ι
2889 2943 3062 3014 Δῆλον
3122 2944 3180 2998 δέ
3228 2945 3311 3000 ὅτι
3357 2947 3589 3019 Χριστὸς
3636 2949 3719 3002 καὶ

2138 3033 2342 3098 δνειδος
2374 3032 2596 3088 αἰώνιον
2625 3033 2828 3090 ἔδωκεν
2847 3038 3053 3102 αὐτοῖς.
3080 3037 3310 3104 Πάντως
3340 3040 3452 3114 γὰρ
3480 3041 3560 3094 ὅτι
3586 3041 3613 3096 ὁ
3638 3041 3721 3096 δυ-

444 3141 555 3197 que
592 3123 936 3180 difﬁcultates
966 3122 1198 3178 viriliter
1228 3121 1547 3178 subeundas
1587 3122 1912 3192 adhortans,
1941 3139 2034 3180 ve-

2143 3128 2373 3198 νάμενός
2407 3144 2462 3180 τι
2491 3128 2739 3198 ἐνεργεῖν
2784 3129 2886 3183 οὐκ
2933 3129 2992 3184 ἐν
3036 3133 3152 3196 τοῖς
3183 3133 3502 3198 τεθνεῶσιν,
3530 3134 3641 3189 ἀλλ’
3667 3137 3718 3188 ἐν

444 3220 668 3276 ritatem
702 3217 867 3284 dicet,
900 3231 1024 3272 cum
1083 3227 1295 3273 asserat
1331 3233 1346 3272 :
1386 3235 1406 3268 ι
1444 3214 1740 3284 Contidite,
1786 3235 1890 3290 ego
1929 3219 2036 3276 vici

445 3311 715 3370 mundum
750 3311 838 3366 "1
873 3331 892 3364 ι
935 3310 993 3365 Si
1020 3309 1168 3365 enim
1199 3309 1343 3381 quod
1377 3309 1466 3364 hic
1514 3309 1716 3367 vicisse
1750 3327 1809 3366 se
1843 3329 2035 3384 repro-

444 3405 634 3472 mittit,
678 3406 784 3460 hoc
834 3404 912 3459 illi
953 3403 1246 3458 valuerunt
1289 3417 1482 3460 rursus
1529 3418 1624 3474 per
1677 3405 2033 3462 rebellionem

443 3495 686 3560 auferre,
717 3509 827 3550 non
861 3495 1052 3564 utique
1081 3494 1188 3550 tale
1214 3493 1346 3564 quid
1379 3493 1610 3550 victoria
1638 3495 2032 3563 nominabitur,

444 3605 549 3646 nec
585 3589 729 3643 inter
761 3586 924 3642 fortia
953 3584 1099 3642 facta
1143 3587 1652 3642 connumerabitur.
1705 3585 1842 3643 Nam
1895 3603 2035 3660 quo—

445 3681 612 3738 modo
646 3679 874 3734 victoria
903 3679 1032 3746 erit,
1067 3678 1114 3736 si
1149 3678 1412 3734 liberator
1441 3676 1752 3752 [liberatos]
1785 3680 1840 3736 in
1873 3681 2034 3736 linem

445 3775 676 3832 minime
705 3772 1036 3840 lucrifaciat,
1072 3772 1167 3828 sed
1219 3771 1497 3828 similibus
1528 3772 1598 3828 ab
1635 3773 1724 3830 Itis
1755 3774 1850 3844 qui
1883 3774 2038 3846 prius

445 3866 694 3940 superati
731 3865 971 3930 fuerant,
1013 3864 1408 3921 luctamiuibus
1437 3864 1720 3937 redigatur
1749 3864 2035 3940 [redigan-

444 3959 600 4032 tur]?
640 3975 830 4016 verum
873 3975 976 4014 nec
1009 3959 1306 4026 similibus,
1342 3959 1436 4016 sed
1489 3959 1850 4018 fortioribus?
1897 3961 2033 4018 Nam

443 4050 733 4123 possidere
767 4047 898 4120 quid
954 4057 1008 4102 et
1058 4048 1306 4118 perdere,
1361 4049 1481 4119 plus
1528 4049 1685 4114 mihi,
1720 4065 1885 4120 quam
1926 4067 2034 4106 non

441 4139 776 4210 acquisitunt
813 4155 922 4194 uon
960 4140 1264 4206 possidere,
1295 4139 1350 4194 in
1392 4141 1660 4195 rationem
1689 4141 2037 4198 imbecillita-

443 4230 518 4284 tis
569 4229 960 4300 reputabitur?
993 4227 1168 4284 Porro
1212 4229 1303 4284 ubi
1339 4241 1500 4300 putas
1539 4231 1813 4290 idolorum
1859 4243 2036 4293 status

443 4315 744 4390 [stratus]?
771 4318 866 4388 qui
894 4319 996 4374 hoc
1023 4312 1584 4390 dicentes'posuistis,
1619 4323 1798 4380 aiunt.
1836 4323 1950 4382 Etsi
1981 4327 2033 4382 iu

440 4411 690 4482 antiquis
731 4411 1167 4467 d:etuonicorum
1209 4411 1544 4484 templorum
1587 4415 1830 4484 sedibus,
1894 4435 2034 4473 nou-

2137 3219 2256 3282 τοῖς
2281 3216 2451 3283 ζῶσιν
2476 3216 2558 3272 ἔτι
2579 3219 3012 3278 κατατέτακται.
3050 3223 3174 3288 Πῶς
3196 3225 3254 3278 δὲ
3287 3227 3386 3280 καὶ
3417 3227 3577 3292 αὐτὸς
3604 3227 3719 3292 τοὺς

2141 3311 2310 3376 ἰδίους
2361 3311 2751 3385 ἐπιθαρρύνων
2793 3313 3051 3386 μαθητὰς
3096 3317 3362 3388 καὶπρὸς
3413 3319 3520 3374 πᾶν
3553 3320 3718 3374 ὁτιοῦν

2137 3403 2246 3458 τῶν
2283 3403 2564 3476 δυσχερῶν
2598 3405 2873 3478 ἀνδρικῶς
2905 3407 3042 3462 ίέναι
3077 3411 3602 3484 παρακελευόμενος
3629 3416 3718 3467 ἐπ-

2137 3493 2431 3566 αληθεύσει
2461 3494 2638 3564 λέγων
2660 3513 2676 3527 ·
2709 3515 2728 3548 ι
2760 3495 3050 3569 Θαρσεῖτε,
3084 3493 3200 3567 ἐγὼ
3223 3501 3491 3572 νενίκηκα
3521 3503 3610 3557 τὸν
3639 3504 3715 3556 κό-

2143 3603 2302 3658 σμον.
2334 3604 2355 3639 ι
2390 3587 2454 3641 Εἰ
2478 3586 2589 3660 γὰρ
2610 3586 2706 3654 οὓς
2728 3589 2953 3660 νικῆσαι
2978 3592 3186 3656 ἐκεῖνος
3215 3593 3558 3666 ἐπήγγελται
3577 3596 3719 3650 τοῦτο

2137 3681 2338 3734 ἐκεῖνοι
2371 3679 2622 3752 ἴσχυσαν,
2647 3680 2742 3735 διά
2759 3681 2860 3752 τῆς
2897 3675 2974 3737 ῶν
2997 3684 3366 3756 ἀφῃρέθησαν
3391 3689 3718 3759 ἀνταναρρή-

2139 3789 2299 3839 σεως,
2323 3773 2436 3828 οὐδ’
2459 3773 2528 3828 ἀν
2547 3773 2610 3828 τὸ
2629 3774 2874 3830 τοιοῦτον
2895 3776 3335 3849 ὀνομασθήσεται
3362 3781 3514 3854 νίκη,
3537 3781 3640 3837 οὐδ’
3660 3782 3718 3836 ἂν

2135 3866 2258 3930 ταῖς
2299 3865 2382 3929 είς
2423 3864 2678 3938 ἀνδρείαν
2722 3866 3030 3939 ἀριστείαις
3073 3872 3540 3938 κατατετάξεται.
3605 3872 3717 3937 Πῶς

2136 3957 2248 4029 γὰρ
2293 3957 2420 4030 νίκη
2453 3960 2488 4030 ή
2517 3959 2644 4024 τοὺς
2668 3959 3052 4031 λυτρωθὲντας
3094 3964 3174 4026 εἰς
3198 3964 3358 4031 τέλος
3387 3966 3466 4038 μὴ
3491 3967 3716 4036 ἀποκερ-

2137 4049 2374 4122 δήσασα,
2409 4051 2547 4106 ἀλλά
2575 4055 2688 4116 τοῖς
2717 4053 2931 4124 ὁμοίοις
2963 4054 3070 4110 ὐπὸ
3103 4056 3214 4112 τῶν
3251 4059 3526 4132 πρότερον
3566 4063 3718 4132 ἡττη-

2141 4140 2325 4212 μένων
2352 4141 2728 4214 ὑποϐληθεϊσα
2761 4144 3153 4217 παλαίσμασι;
3183 4147 3437 4221 καίτοιγε
3467 4151 3589 4207 οὒδέ
3620 4153 3719 4216 τοῖς

2135 4233 2345 4304 ὁμοίοις
2369 4233 2567 4288 πολλοῦ
2595 4251 2661 4305 γε
2686 4235 2783 4290 καὶ
2811 4235 2894 4290 δεῖ
2917 4253 2932 4303 ;
2963 4237 3025 4292 τὸ
3055 4239 3170 4311 γὰρ,
3208 4241 3524 4313 κτήσασθαί
3549 4261 3598 4298 τι
3629 4243 3714 4297 καί

2135 4324 2406 4379 ἀπολέσαι
2457 4325 2619 4380 πλέον
2659 4325 2852 4400 ἔμοιγε
2880 4329 2976 4384 τοῦ
2999 4369 3014 4396 ,
3071 4331 3134 4384 τὸ
3169 4332 3554 4406 ἀφῃρημένων
3589 4336 3720 4389 ἀντι·

2138 4418 2464 4488 κατασχεῖν,
2496 4419 2577 4482 εἰς
2613 4418 2942 4492 ἀνανδρείας
2986 4425 3517 4498 κατηγορηθήσεται
3555 4427 3717 4496 λόγον.

439 4505 570 4559 dum
596 4505 701 4558 Itoc
725 4503 1054 4559 Christianis
1092 4504 1146 4558 itt
1193 4519 1418 4560 causam
1464 4507 1716 4565 criminis
1756 4511 2029 4582 irrugabi-

2143 4507 2249 4562 Ποῦ
2284 4507 2342 4562 δὲ
2374 4509 2472 4563 καὶ
2499 4509 2610 4584 ἀρα
2643 4511 2745 4576 τὰς
2771 4512 2882 4567 τῶν
2909 4513 3151 4570 εἰδώλων
3185 4519 3444 4588 στάσειςς
3491 4521 3542 4574 οί
3577 4518 3720 4574 τοῦτο

437 4605 554 4650 tur.
589 4593 854 4650 Videmus
883 4594 1030 4648 enim
1093 4595 1360 4658 reliquias
1405 4596 1459 4650 in
1515 4599 1841 4668 quibusdam
1897 4602 2028 4658 locis

387 4681 400 4692 ‘
436 4687 748 4756 priscorum
797 4685 1228 4741 dzeutonicorutu
1288 4691 1616 4759 templorum
1672 4707 1702 4745 a
1753 4695 2030 4750 veteribus

435 4781 748 4844 derelictas.
780 4785 846 4838 ad
881 4799 1158 4854 pompam,
1194 4793 1254 4839 nt
1292 4800 1438 4848 reor.
1471 4801 1663 4842 eorum
1703 4787 1798 4860 qui
1855 4789 1909 4844 in
1947 4790 2030 4847 Itis

435 4874 892 4943 immolaverunt;
921 4875 1005 4930 vel
1037 4876 1200 4931 etiam
1237 4877 1302 4932 ad
1340 4879 1690 4945 memoriam,
1731 4883 1878 4952 quod
1930 4899 2030 4940 nos

437 4968 698 5038 redempti
730 4983 943 5034 sumus,
973 4979 1028 5024 et
1049 4969 1104 5024 in
1145 4971 1444 5042 gratiarum
1475 4973 1719 5030 actiones
1739 4976 2028 5032 ducentem

437 5073 526 5128 per
561 5061 808 5117 visibiles
853 5061 1212 5133 infirmasqne
1261 5065 1620 5122 formationes
1663 5084 1676 5122 :
1719 5083 1785 5123 ex
1831 5070 2033 5140 quibus

435 5151 876 5208 Christianorum
914 5153 1310 5212 abominabiles
1340 5155 1497 5213 factae
1541 5167 1672 5214 sunt
1717 5160 1967 5227 culturae,
2002 5179 2033 5218 a

436 5243 636 5313 quibus
671 5261 764 5314 per
807 5243 1085 5302 Christum
1141 5249 1313 5320 erepti
1347 5264 1562 5315 sumus,
1637 5252 1742 5308 nisi
1783 5253 1836 5307 in
1867 5254 2030 5311 Citri-

436 5335 794 5392 stianissimis
863 5337 999 5404 lucc,
1052 5339 1330 5412 inquiunt,
1391 5343 1641 5401 ccclesiis
1702 5347 1908 5404 nostris
1948 5350 2028 5404 inv

437 5425 780 5481 vettirentttr.

503 5797 549 5830 ¹⁹
570 5795 784 5854 Coloss.
809 5816 846 5868 ι,
873 5801 966 5856 20.
1045 5804 1086 5836 “
1113 5803 1281 5864 Zaclt.
1311 5827 1368 5879 ιι,
1403 5809 1518 5875 H._

1670 5811 1714 5844 ¹¹
1754 5809 1898 5867 Psal.
1949 5829 2150 5884 uxvu,
2191 5815 2280 5872 66.

2135 4599 2390 4670 λέγοντες
2421 4600 2714 4658 τεθεᾶσθαί
2760 4621 2949 4676 φασιν.
2988 4607 3052 4660 Ei
3087 4609 3188 4680 μὲν
3230 4612 3288 4664 ἐν
3335 4615 3452 4678 τοῖς
3491 4612 3720 4685 ἀρχαίοις

2136 4693 2248 4746 τῶν
2277 4693 2612 4764 δαιμονικῶν
2639 4697 2888 4767 τεμενῶν
2910 4699 3211 4772 ἱδρύμασιν
3240 4703 3400 4760 οῦπω
3433 4707 3590 4760 τοῦτο
3622 4705 3720 4767 τοῖς

2137 4781 2486 4852 Χριστιανοῖς
2527 4784 2611 4846 εἰς
2651 4783 2813 4852 λόγον
2843 4788 3195 4860 ἐγκλήματος
3243 4795 3716 4866 προστριϐήσεται.

2156 4867 2412 4938 Ὀρῶμεν
2447 4869 2560 4942 γὰρ
2593 4871 2823 4941 λείψανά
2863 4893 2970 4929 που
3003 4879 3222 4950 ἐνιαχοῦ
3250 4882 3362 4936 τῶν
3387 4882 3557 4938 πάλαι
3591 4881 3717 4936 είδωο

2138 4962 2312 5016 λικῶν
2351 4965 2602 5035 τεμενῶν
2629 4968 2784 5037 παρὰ
2811 4969 2923 5024 τῶν
2954 4972 3204 5028 παλαιῶν
3235 4973 3721 5046 ἐγκαταλελειμμέ-

2136 5071 2224 5121 να,
2259 5056 2400 5126 πρδς
2449 5057 2741 5130 θρίαμὸον,
2782 5056 2941 5132 οἶμαί
2976 5081 3102 5130 που,
3132 5067 3242 5120 τῶν
3279 5068 3343 5124 ἐν
3370 5085 3580 5132 τουτοις
3607 5069 3692 5120 ἐπι

2137 5144 2454 5200 θυσάντωνο
2489 5150 2584 5203 καὶ
2621 5150 2807 5221 μέντοι
2854 5155 3120 5226 καὶπρὸς
3165 5159 3396 5231 μνήμην
3437 5159 3594 5232 ήμῶν
3623 5156 3718 5212 τῶν

2135 5237 2569 5310 λελυτρωμένων
2611 5245 2694 5307 είς
2734 5245 3091 5318 εὐχαριστίαν
3118 5251 3264 5323 ήμᾶς
3314 5251 3616 5321 ἐνάγουσαν
3639 5247 3717 5302 διὰ

2137 5331 2250 5386 τῶν
2280 5334 2880 5409 ὁωμένωνιέξιτήλων
2911 5345 3304 5413 μορφωμάτων
3327 5361 3342 5376 ο
3374 5347 3443 5400 ἐκ
3477 5346 3639 5398 ποίων
3666 5342 3718 5395 τὸ

2140 5427 2489 5497 Χριστιανῶν
2527 5429 2688 5497 γένος
2723 5430 3032 5502 βδελυκτῶν
3073 5437 3438 5508 σεόασμάτων
3473 5438 3560 5492 διὰ
3599 5435 3718 5508 Χρι-

2143 5517 2272 5572 στοῦ
2325 5517 2766 5592 ἐκλελύτρωται·
2827 5523 2878 5576 εί
2924 5525 2984 5579 δὲ
3041 5525 3106 5599 δὴ
3151 5529 3210 5582 ἐν
3248 5531 3374 5592 ταῖς
3422 5529 3719 5599 Χριστιανι-

2139 5609 2420 5674 κωτάταις
2469 5611 2632 5683 ήμῶν
2691 5611 3016 5686 ἐκκλησίαις
3056 5617 3232 5676 ταῦτά
3280 5637 3450 5692 φασιν
3500 5612 3716 5691 εὑρηκέ-

2141 5721 2252 5760 ναι.

2389 5816 2434 5850 ¹³
2463 5813 2625 5874 Joau.
2677 5836 2790 5890 xvt,
2821 5823 2912 5879 55.
