3930 6390
447 341 594 415 ’1323

1445 349 1849 415 EPIPHANII
1895 346 2363 421 CATANENSIS
2415 351 2720 426 DIACONI

3567 367 3690 467 132i

453 462 569 531 psit
595 467 840 531 accepto.
875 459 987 516 Hoc
1013 461 1178 526 enim,
1211 477 1356 530 reor,
1387 471 1442 519 et
1477 463 1674 520 beatus
1705 466 2023 536 evangelista

2136 463 2296 534 ’ἅπαξ
2319 471 2379 524 τὸ
2413 471 2668 537 εὐσθενὲς
2696 473 2846 545 παρά
2875 473 2969 528 τοῦ
2997 473 3203 548 ταύτην
3235 477 3567 552 ἀνειληφότας
3602 464 3687 545 λα-

455 553 722 616 insinuat,
743 568 864 606 cum
887 561 1129 622 tempore
1152 553 1498 624 baptismatis
1519 555 1764 611 omnium
1785 565 2037 612 nostrum

457 642 768 700 Salvatoris
789 644 989 700 Christi
1021 661 1081 701 se
1107 646 1308 702 vidisse
1335 647 1469 703 dicit
1496 647 1760 718 Spiritum
1785 656 2035 705 sanetum

2141 559 2362 616 δοῦσαν.
2383 561 2557 618 Τοῦτο
2577 563 2708 637 γὰρ,
2735 561 2911 635 οἶμαι,
2948 567 3040 621 καὶ
3069 568 3098 622 6
3134 570 3400 640 μακάριος
3427 574 3693 644 εὐαγγελι-

2140 649 2272 722 στὴς
2301 651 2598 709 αἰνίττεται
2617 670 2632 686 ο
2665 655 2724 710 ἐν
2761 657 2840 728 τῷ
2868 656 3046 730 καιρῷ
3075 657 3170 712 τοῦ
3209 659 3573 732 βαπτίσματος
3605 671 3696 724 τοῦ

452 735 521 790 de
553 735 710 791 cretis
758 735 1180 792 descendentem
1215 745 1271 793 et
1327 749 1637 794 manentem
1687 741 2023 810 supercum"

2140 739 2360 796 πάντων
2419 744 2580 816 ἡμῶν
2643 745 2894 818 Σωτῆρος
2945 748 3181 823 Χριστοῦ
3240 750 3366 805 ίδεῖν
3415 752 3585 824 λέγων
3641 765 3700 814 τι.

451 825 767 897 significans
795 842 920 884 eum
952 839 1205 884 naturam
1241 829 1308 885 de
1357 838 1554 886 caetero
1583 831 1703 888 sine
1730 831 2023 902 adjectiont

2136 832 2366 906 Πνεῦμα
2389 835 2448 888 τὸ
2479 837 2634 904 ἅγιον
2662 837 2721 904 ἐξ
2747 838 2998 910 οὐρανῶν
3025 841 3290 908 καταϐὰν,
3313 845 3406 896 καὶ
3435 846 3588 916 μένον
3615 851 3698 904 ἐπ’

453 917 810 994 [abjectione]
838 921 1066 978 ditasse.

505 1093 732 1155 'Etenim
759 1115 866 1156 non
895 1099 1088 1173 egebat
1115 1100 1206 1159 ille
1233 1101 1328 1174 qui
1357 1105 1460 1174 per'
1503 1103 1690 1160 omnia
1743 1105 1889 1161 Patri
1951 1115 2035 1162 est

449 1192 765 1264 coaequans,
811 1191 1052 1264 Spiritus
1079 1195 1148 1252 de
1187 1195 1344 1252 caelis
1375 1194 1634 1258 adventu.
1668 1209 1934 1268 quantum
1967 1198 2033 1252 ad

447 1286 680 1354 propria:
709 1293 918 1341 naturae
948 1286 1184 1357 pertinet
1206 1289 1500 1346 rationem.
1541 1287 1930 1360 Nunquidnam
1977 1290 2030 1345 in

447 1393 506 1432 se
535 1387 888 1448 augmentum
941 1379 1248 1438 sanctitatis
1279 1383 1606 1450 acquireret.
1639 1382 1734 1452 qui
1777 1391 2032 1454 paternos

447 1469 502 1523 in
539 1471 836 1539 semetipso
883 1469 987 1526 fert
1021 1472 1388 1536 characteres,
1417 1482 1472 1528 et
1521 1472 1761 1542 Spiritus
1791 1475 2032 1530 consub-

447 1561 800 1619 stantialitate
849 1564 1164 1620 nullatenus
1194 1566 1614 1622 commutatur?
1645 1565 1748 1622 Sed
1782 1575 2028 1622 nostram

448 1655 502 1708 iu
543 1672 602 1710 se
651 1657 1036 1725 pra-figurabat
1081 1657 1313 1728 gratiam
1347 1675 1362 1713 :
1414 1659 1678 1729 quoniam
1713 1673 1780 1715 eo
1811 1675 1921 1729 quo
1973 1659 2028 1714 in

446 1747 618 1800 Adam
669 1762 862 1804 sumus
895 1748 1112 1817 privati,
1143 1764 1242 1819 per
1268 1749 1446 1819 ipsum
1493 1759 1549 1805 et
1584 1750 1637 1804 in
1687 1750 1806 1820 ipso
1835 1767 2029 1807 sumus

445 1839 644 1893 iterum
678 1814 1010 1910 locupletati,
1041 1848 1096 1895 et
1123 1814 1338 1898 naturae
1383 1844 1612 1914 antiqua
1657 1814 1898 1914 dignitas
1943 1858 2028 1899 re-
2061 1814 2103 1872 Β

443 1931 564 1986 diit.
596 1929 652 1986 Si
683 1931 848 2003 igitur
873 1931 1114 2004 Spiritus
1144 1935 1315 2004 gratia
1341 1949 1506 2006 super
1535 1951 1660 1990 eum
1687 1935 2028 1992 descendens

444 2023 717 2082 mansisse
785 2025 1014 2096 legitur;
1047 2035 1101 2082 et
1129 2027 1233 2083 hoc
1262 2028 1482 2099 quidem
1521 2043 1626 2084 non
1657 2037 1741 2084 est
1775 2029 2029 2098 rejicien-

441 2117 598 2186 ιιικιι,
629 2129 882 2174 naturam
934 2119 1146 2176 scilicet
1183 2121 1439 2192 deinceps
1491 2113 1849 2178 conservasse
1893 2121 2015 2178 Ver-

444 2210 606 2276 Lum;
635 2211 911 2280 apparuit,
943 2213 1070 2282 quia
1117 2211 1367 2284 profecto
1411 2213 1728 2284 hujusmodi
1759 2214 1935 2283 gratia
1971 2213 2024 2268 in

441 2319 607 2359 omne
629 2319 801 2374 genus
833 2307 1168 2374 pertransiit.
1219 2306 1507 2374 Quomodo
1539 2321 1672 2378 ergo
1709 2306 2028 2377 perhibetur

445 2395 804 2472 [perhibent],
840 2415 942 2456 nos
974 2402 1242 2457 veraciter
1293 2401 1601 2473 ignorantia
1647 2415 1925 2472 peccasse.
1971 2409 2028 2456 et

439 2491 599 2562 quasi
632 2491 895 2548 honorem
923 2493 1018 2564 qui
1049 2509 1176 2564 erga
1203 2493 1374 2550 Deum
1407 2503 1491 2550 est
1513 2495 1880 2561 exercendus,
1904 2493 2024 2550 ido-

429 2583 511 2638 ‘lis
538 2583 892 2641 exhibuisse?
922 2583 1060 2640 Nam
1114 2587 1428 2657 hujusmodi
1473 2587 1694 2658 quidem
1728 2601 1826 2658 per
1869 2587 2029 2642 Chri-

438 2685 583 2730 stum
610 2677 786 2743 gratia
811 2693 1004 2734 sumus
1029 2679 1208 2736 dilati.
1239 2679 1335 2736 His
1357 2680 1650 2736 dicendum
1677 2687 1761 2736 est
1787 2680 1882 2752 qui
1909 2695 2026 2736 om-

437 2769 530 2824 nia
550 2779 924 2842 .prazsumuut.
961 2769 1134 2827 Porro
1160 2773 1206 2828 si
1241 2771 1480 2830 confessi
1521 2772 1744 2840 fuerint,
1777 2772 1894 2828 haec
1925 2787 2024 2829 nos

437 2877 750 2934 quaesuper
791 2865 1017 2920 verbum
1068 2873 1201 2920 sunt
1232 2866 1400 2932 bona,
1435 2881 1532 2936 per
1581 2863 1862 2921 Christum
1917 2879 2026 2920 me-

417 2941 641 3020 kruisse,
676 2955 785 3012 sed
836 2963 963 3026 post
1019 2957 1122 3012 hoc
1168 2957 1448 3028 prioribus
1492 2955 1678 3012 denuo
1713 2955 2022 3012 submissos

435 3061 564 3102 esse
589 3049 914 3104 errori-bus:
947 3048 1220 3104 inﬁrmata
1249 3057 1490 3118 estergo
1530 3048 1831 3104 secundum
1871 3048 2022 3118 ipsos

433 3140 613 3210 gratia
655 3157 779 3212 qua:
821 3157 919 3212 per
951 3140 1216 3213 Spiritum
1256 3142 1382 3197 data
1417 3149 1521 3208 est,
1575 3155 1645 3196 ne
1689 3138 2022 3197 suﬁicienter
2047 3171 2090 3231 ο

435 3247 615 3302 usque
643 3233 692 3286 iu
719 3233 882 3288 linem
913 3249 1037 3290 cum
1066 3233 1150 3289 his
1176 3235 1270 3305 qui
1297 3232 1465 3289 semel
1492 3234 1632 3288 hanc
1658 3233 1836 3289 sortiti
1869 3241 2017 3293 sunt.

436 3333 806 3395 permaneret.
845 3324 912 3380 Et
943 3325 1072 3396 quid
1124 3325 1196 3380 ita
1242 3339 1435 3394 sapere
1462 3325 1634 3394 magis
1667 3324 1898 3395 impium
1936 3324 2022 3380 vel

439 3420 756 3476 infelicius?
788 3419 882 3476 Vel
913 3421 1190 3491 quomodo
1237 3419 1284 3476 is
1330 3419 1424 3490 qui
1478 3435 1575 3490 per
1607 3419 1794 3475 omnia
1837 3419 2023 3490 justus

437 3518 545 3576 est,
576 3521 630 3568 et
657 3515 872 3568 cunctis
898 3511 1168 3566 vivificam
1209 3514 1417 3582 praebet
1459 3513 1738 3572 virtutem.
1771 3511 2018 3566 omnium

438 3605 690 3662 videlicet
712 3607 988 3678 inspector
1003 3617 1170 3677 atque
1191 3606 1540 3676 omnipotens
1561 3606 1735 3661 Patris
1754 3606 2018 3676 Spiritus,

439 3707 634 3754 natura
669 3714 766 3754 sua
819 3699 1054 3765 deficiet,
1102 3706 1160 3754 et
1206 3698 1483 3754 mensuris
1529 3697 1866 3753 infirmitatis
1893 3713 2022 3753 suc-

436 3791 793 3850 cumbet?Aut
813 3791 1092 3862 quomodo
1113 3791 1244 3846 illud
1263 3791 1408 3862 quod
1428 3791 1664 3847 dicitur:
1693 3789 2020 3848 «Vobiscum

437 3899 558 3940 sum
596 3884 854 3940 omnibus
911 3883 1108 3939 diebus
1155 3899 1330 3955 usque
1380 3883 1447 3938 ad
1486 3883 2019 3939 consummationem

438 3977 626 4033 saeculi
671 3976 717 4010 ι’
743 4016 760 4043 ,
803 3997 841 4055 ⁸ι
878 3992 1067 4032 verum
1102 3976 1358 4033 salutaris
1409 3973 1668 4032 fatebitur
1689 3990 1816 4043 vox,
1865 3976 1910 4033 si
1944 3991 2023 4032 re—

437 4069 866 4140 promissionum
901 4069 1020 4140 ejus
1068 4085 1156 4126 res
1188 4083 1286 4139 per
1323 4082 1487 4136 opera
1521 4069 1576 4122 in
1608 4067 1770 4122 finem
1803 4083 2024 4138 proces-

438 4161 580 4218 sisse
636 4177 744 4218 non
799 4161 1084 4217 cernitur?
1136 4161 1348 4216 Etenim
1387 4159 1590 4214 talibus
1643 4168 1773 4214 tunc
1831 4175 2016 4215 secum

437 4253 832 4310 exsisteutihus
875 4253 1080 4308 sanctis
1126 4250 1391 4320 apostolis
1424 4251 1587 4306 talem
1643 4251 2022 4320 repromissio-

443 4360 567 4402 uem
593 4344 836 4400 donavit.
870 4344 1156 4412 Quomodo
1183 4344 1328 4398 enim
1364 4357 1537 4413 usque
1566 4341 1634 4396 ad
1667 4356 2022 4398 consumma-

439 4435 647 4492 tionem
674 4435 730 4490 bi
759 4435 816 4490 in
859 4450 1024 4492 carne
1051 4444 1494 4506 permanserunt,
1525 4432 1618 4503 qui
1643 4434 1809 4488 etiam
1847 4433 2020 4488 modi-

2137 923 2298 982 αύτόν
2318 943 2334 960 ο
2369 927 2508 998 ὅπερ
2540 927 2634 981 τοῦ
2665 929 3040 1002 ἀναπόϐλητον
3065 931 3197 986 αὐτὸ
3221 932 3319 1005 τὴν
3348 936 3508 1005 φύσιν
3544 941 3620 1004 είς
3641 942 3698 995 τδ

2135 1016 2262 1086 ἑξῆς
2291 1018 2692 1074 καταπλουτεῖν
2718 1019 2956 1092 ἔμφασιν
2981 1023 3116 1094 ἔχει.

2205 1111 2316 1165 Καὶ
2363 1111 2473 1182 γάρ
2501 1129 2584 1166 τοι
2613 1113 2714 1166 οὐκ
2739 1114 2919 1168 ἐδέετο
2963 1117 2992 1168 ὁ
3037 1116 3180 1170 κατὰ
3207 1116 3384 1172 πάντα
3429 1118 3506 1189 τῷ
3533 1119 3699 1193 Πατρὶ

2137 1203 2443 1268 ἰσοστάσιος
2470 1204 2570 1274 τῆς
2590 1204 2692 1259 τοῦ
2717 1206 3035 1278 Πνεύματος
3073 1207 3136 1273 ἐξ
3159 1209 3406 1280 οὐρανῶν
3430 1213 3697 1287 ἐπιφοιτή-

2134 1313 2271 1360 σεω;
2294 1312 2310 1328 ·
2342 1297 2466 1350 ὅσον
2513 1313 2576 1366 γε
2620 1299 2701 1362 είς
2737 1297 2830 1354 τὸν
2863 1299 2964 1370 τῆς
3008 1299 3144 1364 ἰδίας
3175 1301 3391 1371 φύσεως
3425 1303 3600 1372 λόγον.
3639 1301 3700 1360 Τί

2131 1387 2240 1454 γὰρ
2265 1385 2332 1443 ἂν
2360 1388 2509 1460 αὐτῷ
2541 1390 2863 1462 προσθήκην
2891 1393 3177 1466 ἁγιότητος
3205 1395 3480 1468 ἐμποιήσῃ
3496 1375 3572 1468 τῶ
3585 1400 3700 1464 τοὺς

2133 1485 2434 1554 πατρικοὺς
2460 1487 2516 1539 ἐν
2545 1486 2724 1558 ἐαυτῷ
2752 1489 2977 1560 φέροντι
3005 1493 3384 1563 χαρακτῆρας,
3412 1494 3506 1546 καὶ
3527 1496 3592 1566 τῇ
3612 1493 3697 1548 τοῦ

2131 1574 2446 1646 Πνεύματος
2501 1579 2884 1649 ὁμοουσιότητι
2935 1581 3204 1651 μηδαμῶς
3246 1582 3696 1654 παραλλάττοντι;

2129 1665 2266 1720 ἀλλά
2296 1667 2396 1736 τὴν
2426 1668 2702 1741 ἡμετέραν
2723 1671 2782 1724 ἐν
2811 1671 2990 1742 ἐαυτῷ
3019 1671 3492 1744 προδιεζωγράφει
3513 1676 3662 1748 χάριν
3683 1695 3696 1710 ·

2129 1757 2212 1811 ὅτι
2233 1776 2292 1812 τε
2313 1759 2342 1814 ὃ
2364 1761 2422 1814 ἐν
2463 1761 2633 1832 Ἀδάμ
2657 1763 3013 1834 ἀφῃρήμεθα.
3037 1763 3105 1818 δι’
3134 1763 3302 1819 αὑτοῦ
3329 1782 3388 1818 τε
3418 1767 3512 1820 καὶ
3536 1768 3592 1820 ἐν
3610 1769 3700 1820 αὐ-

2130 1849 2210 1921 τῷ
2241 1850 2404 1905 πάλιν
2435 1852 2919 1926 πεπλουτήκαμεν,
2960 1855 3056 1909 καὶ
3097 1859 3162 1928 τῇ
3201 1855 3364 1926 φύσει
3395 1857 3456 1910 τὸ
3487 1857 3700 1930 ἀρχαῖον

2130 1943 2435 2015 ἐπανῆλθεν
2459 1944 2696 2016 ἀξίωμα.
2727 1948 2791 2001 El
2822 1947 3002 2002 τοίνυν
3033 1949 3067 2020 ή
3094 1947 3188 2001 τοῦ
3215 1947 3535 2019 Πνεύματος
3553 1949 3700 2022 χάρις

2129 2037 2218 2090 ἐπ’
2248 2037 2411 2091 αὐτὸν
2439 2040 2767 2094 καταπτᾶσα
2795 2041 3164 2112 μεμενηκέναι
3189 2040 3414 2109 λέγεται
3432 2058 3449 2074 ο
3473 2041 3626 2096 τοῦτο
3646 2041 3698 2096 δέ

2127 2126 2191 2180 τὸ
2219 2127 2594 2198 ἀναπόϐλητον
2620 2129 2709 2182 ἀεὶ
2735 2129 2834 2201 τὴν
2857 2130 3020 2199 φύσιν
3039 2132 3119 2194 είς
3145 2130 3207 2184 τδ
3226 2130 3357 2202 ἑξῆς
3377 2131 3654 2196 διασώζειν
3673 2132 3699 2185 ό

2128 2219 2300 2288 Λόγος
2323 2219 2660 2291 ἀποδέδειχε·
2687 2220 2846 2291 δῆλον
2873 2222 2956 2276 ὅτι
2980 2223 3014 2292 ἡ
3038 2221 3263 2294 τοιαύτη
3301 2223 3463 2295 χάρις
3493 2224 3573 2289 εἰς
3591 2223 3698 2278 ὅλον

2126 2310 2392 2365 διαϐαίνει
2441 2311 2501 2366 τὸ
2559 2311 2738 2381 γένος.
2786 2313 2915 2376 Πῶς
2965 2309 3062 2367 οὖν
3109 2330 3274 2382 φασιν
3325 2314 3476 2386 ἡμᾶς
3521 2315 3700 2386 ἀγνοίᾳ

2127 2403 2399 2474 τάληθοῦς
2423 2403 2824 2476 ἡμαρτηκέναι,
2853 2407 2946 2460 καὶ
2974 2407 3247 2478 προφάσει
3294 2407 3459 2478 δῆθεν
3491 2406 3588 2478 τῆς
3626 2409 3698 2470 είς

2125 2495 2258 2550 Θεὸν
2281 2497 2450 2568 τιμῆς
2477 2495 2719 2558 εἰδώλοις
2753 2498 2916 2552 πάλιν
2947 2499 3495 2570 προσκεκυνηκέναι;
3522 2499 3582 2552 Εἰ
3609 2499 3698 2569 μιν

2127 2585 2236 2657 γὰρ
2267 2585 2422 2640 οὔπω
2467 2585 2610 2640 οὕτω
2639 2586 2729 2640 διὰ
2768 2587 3009 2659 Χριστοῦ
3043 2589 3146 2661 τὴν
3175 2589 3442 2661 τοιαύτην
3474 2589 3698 2643 πεπλου-

2123 2679 2377 2749 τήκαμεν
2405 2679 2606 2750 χάρινο
2645 2677 2763 2732 ἐστι
2810 2677 2974 2733 τοῦτο
3015 2679 3198 2748 λέγειν
3253 2683 3373 2746 τοῖς
3420 2681 3490 2736 τά
3535 2681 3698 2734 πάντα

2123 2768 2422 2841 τολμῶσιν.
2471 2768 2534 2824 Ei
2562 2769 2620 2824 δέ
2645 2769 2710 2842 δή
2753 2769 3156 2842 ὁμολογήσουσι
3193 2770 3406 2826 τούτων
3436 2771 3535 2842 μὲν
3561 2772 3699 2842 ἡμᾶς

2123 2861 2233 2916 τῶν
2263 2863 2406 2934 ὑπὲρ
2427 2861 2584 2930 λόγον
2613 2861 2838 2931 ἀγαθῶν
2866 2861 3134 2933 ἠξιῶσθαι
3156 2863 3246 2918 διά
3274 2862 3542 2936 Χριστοῦο
3573 2861 3700 2934 μετά

2123 2955 2280 3009 τοῦτο
2304 2953 2362 3008 δὲ
2393 2957 2542 3026 ἡμᾶς
2577 2957 2698 3020 ταῖς
2729 2955 3029 3029 προτέραις
3057 2955 3534 3027 ἀνθυπενεχθῆναι
3569 2955 3698 3010 πλά-

2123 3061 2282 3110 ναις·
2313 3044 2586 3115 ὴσθένησε
2635 3044 2824 3099 λοιπὸν
2875 3045 2997 3100 κατ’
3037 3044 3236 3110 αὐτοὺς
3282 3046 3319 3117 ή
3357 3045 3572 3100 δοθεῖσα
3610 3043 3696 3098 τοῦ

2123 3137 2444 3208 Πνεύματος
2460 3137 2644 3209 χάρις,
2675 3135 2770 3190 τοῦ
2801 3137 2877 3208 μὴ
2905 3136 3148 3209 διαρκῶς
3184 3136 3355 3210 μέχρι
3387 3137 3572 3201 τέλους
3594 3138 3699 3199 τοῖς

2127 3227 2276 3296 ἅπαξ
2307 3229 2488 3292 αὐτοῖς
2517 3225 2996 3300 μεταλελο[γ]χόσι
3018 3220 3387 3298 παραμεῖναι.
3413 3229 3524 3282 Kal
3547 3226 3598 3280 τί
3611 3222 3699 3280 τοῦ

2123 3321 2298 3386 οὔτως
2349 3322 2568 3393 φρονεῖν
2609 3320 3060 3391 δυσσεϐέστερον,
3102 3319 3136 3391 ἢ
3182 3320 3551 3391 ἀθλιώτερονς
3591 3317 3698 3381 πῶς

2123 3411 2232 3484 γὰρ
2257 3410 2320 3465 τὸ
2347 3409 2437 3464 διὰ
2471 3411 2690 3465 πάντων
2729 3409 2918 3481 διῆκον
2953 3411 3046 3464 καὶ
3098 3412 3234 3465 πᾶσι
3287 3411 3390 3482 τὴν
3445 3409 3697 3479 ζωογόνιν

2124 3503 2366 3577 παρέχον
2392 3503 2648 3575 δύναμιν,
2678 3505 2742 3557 τὸ
2772 3503 3220 3558 παντεπίσκοπον
3253 3504 3354 3558 καὶ
3377 3503 3698 3558 παντοδύνα-

2125 3615 2228 3669 μον
2258 3597 2356 3652 τοῦ
2388 3596 2602 3668 Πατρδς
2642 3595 2870 3666 Πνεῦμα
2897 3597 2998 3667 τῆς
3031 3595 3170 3660 ίδίας
3207 3596 3444 3668 ἐκσταίη
3475 3593 3697 3666 φύσεως,

2123 3689 2218 3744 καὶ
2245 3689 2356 3751 τοῖς
2381 3689 2480 3758 τῆς
2509 3686 2796 3750 ἀσθενείας
2823 3685 3177 3740 ὑποκείσεται
3211 3685 3473 3758 μέτροις
3506 3686 3619 3750 πῶς
3645 3685 3698 3739 δέ

2123 3783 2217 3836 xal
2243 3780 2306 3834 τὸ
2339 3799 2358 3832 ι
2391 3779 2611 3834 ἔσεσθαι
2647 3778 2766 3852 μεθ’
2798 3781 2830 3850 ὴ
2842 3778 2958 3850 μῶν
2988 3779 3167 3843 πάσας
3207 3779 3313 3842 τὰς
3349 3779 3570 3850 ἡμέρας
3602 3778 3698 3839 ἐως

2121 3875 2223 3944 τῆς
2250 3871 2559 3935 συντελείας
2582 3868 2678 3924 τοῦ
2705 3869 2920 3936 αἰῶνος,
2950 3888 2969 3922 ι
3004 3871 3038 3942 ἠ
3066 3871 3338 3942 σωτήριος
3362 3869 3698 3942 ἐπαληθεύσῃ
3793 3899 3795 3901 ι

2123 3963 2278 4036 φωνὴ
2297 4006 2314 4030 ,
2345 3965 2394 4018 εί
2424 3965 2487 4018 τδ
2511 3963 2622 4018 τῶν
2657 3962 2802 4017 ἰδίων
2837 3963 3187 4033 ὑποσχέσεων
3215 3963 3414 4034 χρῆμα
3437 3961 3508 4016 δι’
3533 3961 3697 4035 ἔργων

2122 4057 2204 4120 είς
2227 4055 2402 4127 πέρας
2427 4053 2732 4124 ἐκϐεϐηκὸς
2749 4053 2853 4124 οὐχ
2873 4054 3102 4124 ὁρᾶται;
3130 4053 3239 4106 Καὶ
3269 4055 3384 4125 γάρ
3405 4071 3488 4108 τοι
3511 4055 3568 4106 ού
3595 4053 3697 4117 τοῖς

2121 4148 2244 4202 τότε
2277 4147 2426 4218 αὐτῷ
2459 4145 2714 4200 συνοῦσιν
2749 4145 2927 4213 ἁγίοις
2955 4145 3278 4210 ἀποστόλοις
3325 4147 3428 4216 τὴν
3456 4142 3698 4212 τοιαύτην

2121 4240 2458 4311 ἐπαγγελίαν
2482 4238 2804 4311 δεδώρηται.
2830 4237 2954 4300 Πῶς
2983 4237 3094 4309 γὰρ
3125 4237 3232 4301 ἔως
3263 4237 3369 4308 τῆς
3399 4236 3698 4298 συντελείας

2121 4329 2268 4390 οὗτοι
2297 4333 2462 4403 σαρκὶ
2493 4331 2872 4403 μεμενήκασιν
2894 4345 2911 4362 ο
2935 4329 2992 4384 oi
3009 4347 3074 4399 γε
3103 4329 3302 4402 μικρὸν
3333 4327 3478 4401 μετά
3500 4327 3597 4400 τὴν
3623 4325 3698 4390 εις

2121 4425 2386 4496 οὐρανοὺς
2416 4423 2582 4478 αὐτοῦ
2617 4423 2976 4495 ἀναφοίτησιν
3014 4421 3094 4493 τῷ
3125 4420 3227 4493 βίῳ
3265 4420 3698 4494 παραμείναντες

441 4544 565 4585 cum
589 4535 714 4600 post
739 4543 1048 4600 regressum
1071 4527 1192 4599 ejus
1215 4526 1282 4580 ad
1306 4527 1482 4582 emlos
1504 4525 1558 4580 in
1583 4527 1692 4580 vita
1713 4535 2016 4592 manentes,

2126 4517 2201 4590 τῷ
2231 4515 2396 4587 κοινῷ
2427 4515 2526 4586 τῆς
2555 4515 2772 4584 φύσεως
2801 4511 3226 4586 ἐλειτούργησαν
3250 4513 3428 4584 νόμῳ,
3457 4509 3598 4580 ζωὴν
3625 4505 3697 4578 τῷ

437 4621 718 4677 communi
746 4629 957 4675 natura:
986 4619 1161 4674 functi
1202 4627 1334 4676 sunt
1355 4617 1490 4685 lege,
1523 4618 1686 4672 vitam
1727 4629 1903 4674 morte
1927 4619 2023 4674 de-

435 4713 719 4770 serentes?
754 4712 954 4768 Verum
1009 4713 1063 4768 in
1110 4727 1212 4768 nos
1241 4709 1554 4780 hujusmodi
1601 4711 2019 4782 Evangeliorum
2058 4773 2067 4778 _

435 4823 643 4863 munus
695 4806 1039 4878 pertransit:
1072 4804 1167 4876 qui
1225 4803 1482 4859 videlicet
1530 4817 1717 4858 eorum
1755 4804 2022 4874 praedica-

435 4898 570 4954 tioni
604 4897 868 4954 submissi
921 4911 1144 4962 sumus,
1199 4903 1256 4952 et
1296 4893 1580 4950 Christum
1633 4894 1881 4964 quicum
1936 4895 2018 4952 eis

435 4997 794 5046 conversatus
811 4995 916 5054 est,
950 4988 1232 5042 uobiscum
1261 4985 1612 5040 exsisteutem
1647 4985 1700 5038 in
1735 4984 1929 5054 spiritu
1959 4995 2014 5041 et

435 5099 531 5155 per
569 5093 734 5139 totam
787 5082 952 5137 vitam
1007 5081 1292 5136 habemus.
1343 5077 1576 5148 Expedit
1613 5079 1779 5148 igitur
1821 5079 1875 5132 in
1929 5079 2016 5135 bis

433 5175 653 5248 plorare
683 5174 1068 5229 hatreticorum
1099 5186 1366 5238 errorem,
1397 5171 1490 5240 qui
1527 5169 1644 5224 haec
1669 5169 1852 5225 taliter
1889 5186 2018 5226 cou-

437 5273 804 5334 tempserunt,
837 5261 938 5338 qui
963 5273 1072 5316 tam
1104 5261 1416 5316 manifestis
1443 5261 1795 5330 dogmatibus
1823 5261 2016 5330 objur-

435 5364 656 5426 gantur,
703 5363 756 5408 et
792 5361 903 5408 tam
950 5353 1058 5408 Deo
1093 5353 1356 5408 decibiles
1402 5354 1586 5407 irritas
1615 5352 2014 5421 promissiones

433 5445 694 5501 Ecclesia:
742 5443 1026 5500 catholica:
1059 5443 1290 5508 faciunt,
1340 5444 1426 5499 his
1456 5443 1622 5512 impie
1666 5444 2010 5512 derogantes.

435 5535 763 5592 Nullateuus
811 5537 959 5591 enim
997 5537 1112 5590 haec
1141 5551 1172 5590 a
1217 5535 1418 5590 tradita
1465 5535 1570 5590 sibi
1613 5543 1889 5589 commota
1931 5543 2015 5590 est

432 5625 540 5680 fide
565 5639 580 5676 :
607 5623 810 5680 mansit
830 5629 1009 5676 autem
1038 5622 1184 5679 sicut
1210 5623 1361 5695 virgo
1381 5635 1556 5689 casra,
1584 5623 1728 5678 sicut
1747 5622 2010 5694 scriptum

509 5789 551 5824 1⁷
579 5789 738 5846 Jnan.
775 5807 811 5854 ι,
843 5787 911 5842 52
1020 5784 1058 5814 ¹⁸
1090 5785 1282 5838 .llatzh.
1313 5799 1504 5851 vxvm,
1536 5781 1628 5842 20.

2122 4609 2338 4680 θανάτῳ
2369 4605 2768 4674 ἀπολιπόντες;
2821 4604 2984 4659 Ἀλλά
3013 4620 3079 4674 γε
3116 4605 3200 4669 είς
3229 4605 3383 4674 ἡμᾶς
3418 4605 3452 4674 ἡ
3482 4601 3696 4668 τοιαύτη

2118 4699 2229 4756 τῶν
2254 4697 2609 4769 Εὐαγγελίων
2636 4698 2818 4769 δωρεά
2839 4695 3106 4776 διαϐαίνει
3142 4695 3274 4760 τοὺς
3300 4697 3364 4750 τὸ
3394 4695 3575 4750 αὐτῶν
3599 4693 3696 4746 ὑπ-

2119 4791 2374 4856 ελθόντας
2393 4791 2678 4864 κήρυγμα,
2709 4789 2806 4845 καὶ
2828 4789 2921 4844 τὸν
2947 4789 3066 4861 μετ’
3084 4787 3263 4842 αὐτῶν
3285 4785 3696 4858 ἀναστραφέντα

2117 4886 2358 4959 Χριστὸν
2403 4884 2631 4940 συνόντα
2674 4885 2808 4956 ἡμῖν
2847 4885 2908 4938 ἐν
2939 4881 3216 4954 πνεύματι
3242 4879 3336 4937 διά
3365 4879 3568 4944 παντὸς
3607 4873 3693 4930 τοῦ

2121 4980 2238 5052 βίου
2269 4979 2514 5050 ἔχοντας.
2567 4974 2788 5043 Ἔξεστι
2814 4973 3106 5048 τοιγαροῦν
3131 4976 3192 5029 ἐν
3215 4973 3430 5037 τούτοις
3469 4971 3569 5042 τὴν
3596 4967 3695 5022 τῶν

2118 5071 2263 5126 οὕτω
2291 5071 2718 5144 πεφρονηκότων
2739 5068 3036 5141 αἱρετικῶν
3052 5065 3446 5138 ὐποδακρύσαι
3478 5062 3705 5130 πλάνηνῇ

2117 5163 2203 5217 δτι
2231 5165 2342 5226 τοῖς
2363 5162 2507 5216 οὕτω
2535 5160 2790 5232 ἐναργέσι
2817 5161 3178 5230 διαμάχονται
3201 5158 3460 5228 δόγμασι,
3491 5149 3696 5212 καὶτὰς
3779 5176 3787 5198 ο

2119 5255 2262 5309 οὕτω
2283 5255 2610 5323 θεοπρεπείς
2631 5251 2916 5306 ἀθετοῦσιν
2938 5250 3268 5320 ἐπαγγελίας
3290 5251 3392 5320 τῆς
3413 5242 3696 5312 καθολικῆς

2122 5345 2454 5417 Ἐκκλησίας
2484 5343 2764 5408 δυσσεϐῶς
2782 5343 3275 5414 καταγορεύοντες.
3306 5338 3572 5411 Οὐδαμῶς
3597 5335 3696 5404 γὰρ

2119 5436 2262 5507 αὓτη
2295 5436 2364 5489 ἐκ
2392 5437 2493 5506 τῆς
2518 5433 2921 5506 παραδοθείσης
2953 5434 3091 5506 αὐτῇ
3148 5431 3576 5504 μετακεκίνηται
3611 5425 3692 5478 πί-

2122 5544 2294 5593 στεως
2315 5543 2332 5560 '
2368 5526 2648 5598 μεμένηκε
2679 5524 2740 5580 δὲ
2763 5523 2955 5598 ὥσπερ
2986 5525 3253 5598 παρθένος
3284 5524 3450 5594 ἁγνὴ,
3475 5520 3611 5576 κατά
3639 5517 3696 5568 τὸ

2121 5617 2529 5705 γεγραμμένον,
2593 5614 2688 5670 τοῦ
2721 5616 2921 5685 ἑαυτῆς
2976 5616 3214 5686 νυμφίου
3267 5615 3364 5668 τὸν
3411 5607 3695 5686 ἀρραϐῶνα
