3930 6382
419 366 554 438 1397

355 636 375 648 ,
419 581 768 630 euarrantes.
827 572 1084 629 Dicamus
1139 572 1209 628 ad
1262 587 1386 628 eum
1435 582 1492 627 ct
1545 588 1645 629 nos
1695 587 1820 628 cum
1873 586 2005 643 pro-

420 666 590 736 pheta
626 682 641 722 :
684 686 703 718 ι
741 664 877 734 Quis
907 665 1056 722 Deus
1085 665 1230 722 sicut
1259 675 1339 735 tu,
1368 665 1628 722 auferens
1660 665 2001 736 iniquitates,

421 766 478 812 et
509 755 794 814 occultans
823 765 1052 828 peccata
1087 757 1328 814 residuis
1357 757 1697 814 haereditatis
1731 757 1942 813 tute“?
1978 775 2000 810 ι

423 849 692 904 Prteterea
750 848 954 905 choros
1012 850 1284 906 ducamus
1345 865 1470 904 cum
1523 850 1780 922 praesenti
1846 864 2006 907 sacro

422 939 778 1006 commercio,
818 955 920 996 ave
948 941 1022 995 illi
1054 940 1199 995 afl‘ati
1233 949 1491 1011 tanquam
1545 943 1725 1014 gaudii
1759 943 2003 998 brevium

420 1031 744 1086 tribuentes.
768 1029 958 1087 Gaude
989 1031 1178 1102 igitur,
1230 1031 1670 1087 sacratissimum
1712 1033 2002 1104 collegium

421 1123 594 1179 divini
645 1137 712 1178 ac
756 1123 958 1177 sacrati
1009 1131 1334 1178 conventus.
1367 1121 1636 1189 Gaudete,
1688 1135 2004 1179 sanctorum

420 1216 643 1276 Patrum
699 1214 1041 1270 sanctissimi
1114 1223 1576 1286 prOpugnatores.
1635 1213 1850 1277 Gaude,
1887 1215 2007 1272 sine

423 1307 712 1362 mendacio
742 1306 1118 1377 congregatio,
1153 1306 1207 1360 in
1239 1306 1400 1376 cujus
1435 1306 1614 1361 medio
1645 1305 1790 1362 Deus
1827 1307 2006 1362 inam-

421 1399 592 1466 bulat,
627 1399 770 1454 sicut
801 1399 1068 1470 scriptum
1105 1406 1189 1453 est
1213 1400 1283 1452 ".
1313 1397 1524 1463 Gaude,
1565 1399 1862 1453 concilium
1896 1397 2009 1469 spi-

423 1493 570 1549 ritali
601 1492 945 1563 apparitione
969 1489 1232 1546 refertum
1271 1509 1285 1544 :
1317 1506 1381 1545 ex
1407 1506 1516 1560 qua
1548 1490 1640 1560 qui
1675 1490 2007 1552 illustratur,

422 1601 534 1642 non
570 1583 810 1640 offendet
843 1583 909 1639 ad
955 1583 1188 1654 lapidem
1239 1583 1507 1638 haeretica!
1557 1581 1817 1654 falsaeque
1850 1583 2003 1639 locu-

426 1678 599 1734 tionis
645 1677 922 1747 spiritales
967 1674 1165 1730 animre
1213 1673 1398 1745 pedes.
1432 1674 1646 1742 Gaude,
1696 1677 2010 1746 speculator

427 1770 740 1827 divinarum
785 1767 1241 1838 indagationum;
1293 1781 1456 1836 quem
1500 1767 1595 1837 qui
1642 1770 1888 1824 modeste
1919 1783 2008 1824 se.

800 446 804 450 ,
1431 365 1826 434 ΕΡῙΡΗᾹΝΙΙ
1865 373 2011 432 CAT.

2115 375 2332 438 ENSIS
2373 376 2680 440 DIACONI

419 482 550 550 tem,
601 481 814 539 scilicet
865 479 1135 537 affectum
1187 495 1348 553 quem
1397 496 1526 552 erga
1579 497 1684 539 nos
1734 481 2003 546 exhibuit,

2115 481 2207 554 τὴν
2256 485 2386 558 περὶ
2425 488 2573 558 ἡμᾶς
2620 486 2788 543 αὑτοῦ
2841 488 3232 563 ἀκατάληπτον
3280 494 3666 572 ἐκδιηγούμενοι

3547 390 3666 462 13ἓὸ

2113 577 2372 648 στοργήν.
2409 578 2673 651 Είπωμεν
2731 580 2871 650 μετά
2921 581 3015 636 τοῦ
3065 585 3346 656 προφήτου
3391 591 3479 644 καὶ
3524 595 3670 665 ἡμεῖς

2110 665 2248 737 πρὸς
2277 667 2472 721 αὐτόν·
2506 687 2526 720 ι
2560 669 2658 733 Τίς
2681 668 2816 734 Θεδς
2840 669 3031 742 ὥσπερ
3064 673 3150 738 σὺ,
3181 671 3412 748 ἐξαιρῶν
3435 682 3667 754 ἀνομίας,

2109 756 2206 810 καὶ
2231 757 2602 830 ἀποκρύπτων
2629 760 2906 831 ἁμαρτίας
2933 763 3043 826 τοῖς
3067 763 3412 830 καταλοίποις
3441 769 3533 840 τῆς
3561 771 3674 844 κλη.

2112 847 2373 917 ρονομίας
2405 865 2500 902 σου
2527 867 2543 915 ;
2584 869 2601 901 ι
2636 851 3104 923 Συγχορεύσωμεν
3131 853 3188 908 δέ
3220 855 3313 908 καὶ
3339 859 3407 929 τῇ
3439 849 3698 936 παρούσῃ(

2115 939 2236 1010 ἱερᾷ
2247 939 2464 1010 πανηγύ
2475 956 2580 1011 ρει,
2598 940 2679 1007 τδ,
2699 942 2894 1012 Χαῖρε,
2909 943 3048 1014 αὐτῇ
3067 944 3582 1018 προσφθεγγόμενοι,
3607 953 3676 1018 ώς

2110 1031 2209 1099 τῆς
2241 1033 2418 1102 χαρᾶς
2463 1031 2885 1104 βραϐευτηριον.
2923 1035 3152 1107 Χαίροις
3198 1036 3398 1105 τοίνυν,
3439 1033 3483 1094 ὦ
3531 1043 3676 1110 ἱερώ-

2111 1140 2242 1178 τατε
2277 1122 2504 1192 σύλλογε
2537 1123 2690 1190 θείας
2723 1127 2818 1180 καὶ
2856 1127 3138 1200 ἱερατικῆς
3177 1130 3520 1202 όμηγύρεως.
3550 1135 3678 1189 Χαί-

2115 1231 2252 1288 ροις,
2281 1214 2459 1283 ἁγίων
2499 1214 2764 1286 Πατέρων
2819 1217 3090 1286 ἀγιώτατε
3126 1219 3398 1290 πρόμαχε.
3445 1221 3677 1294 Χαίροις,

2112 1303 2248 1358 Θεοῦ
2301 1304 2704 1376 ἀψευδέστατον
2756 1307 3054 1380 ἄθροισμα,
3097 1311 3155 1363 ἐν
3184 1303 3228 1380 ᾧ
3277 1311 3408 1376 Θεὸς
3448 1315 3504 1366 ἐν
3543 1315 3680 1389 μέσῳ

2115 1397 2486 1469 περιπολεύει,
2512 1399 2588 1462 ώς
2603 1399 2941 1472 γέγραπται.
2963 1402 3214 1474 Χαίροις,
3245 1407 3435 1475 χορεία
3461 1423 3680 1477 πνευμα-

2113 1490 2278 1559 τικῆς
2303 1489 2592 1562 δᾳδουχίας
2633 1491 2897 1559 ἀνάπλεε,
2929 1491 2990 1558 ἐξ
3027 1488 3098 1566 ἦς
3137 1495 3166 1547 ὁ
3204 1495 3682 1568 καταλαμπόμενος

2113 1581 2175 1636 οὐ
2203 1581 2506 1652 προσκόψει
2531 1582 2666 1652 πρὸς
2688 1583 2836 1636 λίθον
2869 1584 3158 1656 αίρετικῆς
3182 1585 3546 1656 ψευδοδοξίας,
3568 1591 3682 1653 τοὺς

2114 1674 2340 1742 νοητοὺς
2385 1674 2488 1744 τῆς
2536 1673 2720 1744 ψυχῆς
2761 1676 2948 1740 πόδας.
2978 1677 3230 1750 Χαίροις,
3277 1679 3307 1731 ό
3344 1681 3540 1744 σκοπλς
3583 1681 3684 1736 τῶν

2115 1767 2274 1824 θείων
2317 1765 2626 1838 δηλώσεων,
2665 1762 2710 1838 ᾧ
2753 1771 2782 1822 ὁ
2822 1769 3114 1842 εὐρύθμως
3153 1771 3420 1842 ἑπόμενος
3466 1770 3562 1842 τῆς
3587 1775 3681 1830 ἀπ-

421 1861 632 1932 quitur,
667 1876 697 1918 a
725 1861 1016 1914 minitante
1033 1858 1352 1928 rhomphma
1383 1860 1614 1914 eruitur.
1644 1858 1856 1927 Gaude,
1878 1876 2011 1918 sem-

2117 1860 2371 1932 ειλούσης
2411 1861 2688 1932 ῥομφαίας
2723 1862 3001 1934 ἐκρύεται.
3027 1864 3279 1935 Χαίροις,
3311 1863 3682 1921 ἀειθαλέστατσ

423 1968 520 2025 per
553 1951 745 2006 floride
775 1950 1056 2020 paradise,
1093 1951 1148 2005 in
1188 1951 1352 2021 cujus
1403 1952 1586 2007 medio
1628 1952 1754 2008 vita:
1794 1955 2004 2023 lignum

422 2045 724 2114 plantatum
771 2053 876 2110 est,
925 2059 1028 2114 per
1079 2044 1547 2114 quadripartitum
1593 2045 2008 2117 Evangeliorum

419 2138 638 2192 laticem
697 2151 1006 2205 aspersum.
1069 2134 1280 2201 Gaude,
1311 2151 1478 2192 aurea
1513 2137 1790 2208 ignitaque
1812 2139 2019 2192 colum-

421 2245 518 2296 na,
573 2243 778 2284 novum
845 2228 938 2283 Dei
993 2227 1183 2292 Israel,
1227 2227 1426 2284 lucidis
1459 2229 1775 2300 dogmalum
1805 2231 2017 2286 doctri-

424 2321 514 2376 nis
559 2320 627 2374 ab
677 2317 1004 2392 Egyptiaca
1055 2335 1265 2383 manu,
1322 2321 1374 2375 id
1433 2330 1516 2376 est
1569 2320 2008 2377 haeretizantium

421 2425 615 2467 errore
650 2411 893 2466 liberans
914 2449 930 2474 ,
964 2421 1018 2466 et
1065 2412 1132 2466 ad
1187 2421 1391 2467 terram
1426 2413 1872 2483 repromissionis
1912 2414 2010 2468 Pa-

423 2511 572 2557 trum
603 2503 934 2558 ortbodoxia
970 2505 1267 2560 deducens.
1303 2504 1578 2559 Audacter
1605 2505 1662 2560 in
1687 2507 2010 2562 ostensione

423 2597 677 2652 veritatis
713 2605 767 2650 et
795 2596 1124 2652 fiducialiter
1157 2611 1279 2667 age.
1319 2596 1582 2652 Revelata
1609 2596 1752 2654 facie
1779 2598 2008 2668 gloriam

423 2705 596 2745 sacrae
619 2700 672 2744 et
701 2690 986 2744 catholicae
1012 2687 1276 2745 Ecclesiae
1300 2690 1561 2760 praedica.
1591 2689 1768 2761 Supra
1802 2701 2011 2762 petram

423 2781 640 2836 stabilis
661 2783 1105 2839 conversationis
1133 2783 1422 2839 versatiles
1455 2784 1822 2854 quorumdam
1854 2800 2006 2859 men-

433 2884 518 2930 tes
547 2873 822 2929 doctrinis
857 2875 1146 2930 confirma.

2117 1954 2439 2023 παράδεισε.
2465 1958 2524 2008 ἐν
2557 1950 2600 2024 ᾧ
2638 1955 2738 2025 τῆς
2775 1955 2925 2028 ζωῆς
2959 1959 3018 2011 ἐν
3048 1957 3203 2030 μέσῳ
3239 1959 3302 2013 τὸ
3331 1957 3489 2026 ξύλον
3522 1960 3682 2030 πεφύ-

2114 2063 2323 2111 τευται,
2351 2045 2440 2100 διά
2463 2048 2564 2118 τῆς
2583 2048 2957 2121 τετραστόμου
2994 2049 3104 2102 τῶν
3118 2047 3472 2120 Εύαγγελίων
3499 2050 3684 2114 νοτίδος

2115 2135 2498 2207 ἀρδευόμενον.
2536 2136 2788 2210 Χαίροις,
2832 2136 3303 2208 χριστοπύρσευτε
3345 2138 3524 2202 στύλε,
3558 2139 3684 2194 ότὺν

2116 2227 2236 2281 νέον
2271 2228 2366 2282 τοῦ
2397 2228 2534 2282 Θεοῦ
2579 2228 2798 2302 Ἰσραὴλ
2835 2232 2955 2294 ταῖς
2987 2231 3300 2300 φωτοφαέσι
3343 2230 3454 2286 τῶν
3493 2230 3683 2300 δογμάς

2115 2338 2224 2374 των
2243 2320 2620 2386 διδασκαλίαις
2642 2321 2742 2390 τῆς
2760 2318 3144 2393 Αἰγυπτιακῆς
3159 2322 3346 2394 χειρὸς
3363 2324 3682 2393 ἀπαλλάξας,

2115 2411 2216 2480 τῆς
2244 2409 2354 2463 τῶν
2385 2410 2776 2481 αἱρετιζόντων
2806 2409 3282 2481 περιπλανήσεως,
3317 2415 3413 2467 καὶ
3439 2414 3573 2485 πρὸς
3595 2415 3684 2486 τὴν

2115 2500 2351 2584 γῆνςτῆς
2379 2500 2714 2570 ἐπαγγελίας
2744 2501 2810 2572 τῇ
2839 2499 2948 2554 τῶν
2977 2502 3239 2572 Πατέρων
3267 2502 3545 2575 ὀρθοδοξία
3567 2506 3685 2560 καθ-

2117 2593 2418 2662 οδηγήσας.
2451 2591 2746 2663 Εὐτόλμως
2776 2593 2870 2646 ἐπὶ
2899 2595 2965 2663 τῇ
2999 2591 3266 2658 ἀναδείξει
3303 2595 3404 2666 τῆς
3445 2594 3684 2666 ἀληθείας

2121 2683 2594 2758 παρῤησιάσθητι.
2666 2685 3201 2758 Ἀνακεκαλυμμένῳ
3268 2687 3550 2760 προσώπῳ
3599 2687 3686 2760 τὴν

2117 2780 2278 2848 δόξαν
2332 2778 2434 2850 τῆς
2493 2777 2647 2848 ἱερᾶς
2678 2778 2774 2830 καὶ
2815 2777 3114 2848 καθολικῆς
3145 2777 3479 2850 Ἐκκλησίας
3529 2779 3684 2851 uti”.

2136 2873 2249 2942 ξον,
2275 2872 2371 2928 ἐπὶ
2406 2871 2507 2941 τὴν
2549 2870 2756 2942 πέτραν
2783 2869 2886 2940 τῆς
2951 2871 3178 2941 στερεᾶς
3245 2871 3544 2946 ὁμολογίας
3599 2870 3688 2930 τὰς

423 2966 836 3037 ιύμεταφόρους
861 2967 972 3021 τῶν
998 2983 1159 3021 τινων
1187 2965 1429 3032 διανοίας
1460 2970 1583 3032 ταῖς
1625 2968 2006 3034 διδασκαλίαις
2027 2966 2428 3038 ὑποστηρίζων.

496 3055 690 3127 Tuque
722 3057 1032 3127 prascipue,
1072 3073 1106 3114 o
1148 3068 1468 3114 sanctorum
1508 3058 1732 3114 Patrum
1773 3075 2003 3116 concors

2183 3056 2260 3110 Σύ
2290 3073 2348 3109 τε
2380 3054 2502 3108 κατ’
2537 3052 2838 3124 ἐξαίρετον,
2873 3047 2918 3108 ὧ
2949 3053 3112 3126 ίερῶν
3152 3055 3418 3127 Πατέρων
3453 3056 3687 3128 σύστοιχε

423 3157 481 3207 et
513 3149 889 3206 sacratissime
936 3164 1137 3220 praeco,
1183 3159 1350 3221 atque
1385 3150 1644 3206 instantis
1687 3151 1862 3205 nostri
1897 3165 2010 3206 caa-

425 3250 516 3296 tus
563 3239 824 3304 exarche,
871 3239 968 3310 qui
1021 3241 1316 3296 sublimem
1369 3241 1530 3295 nobis
1579 3255 1678 3310 per
1729 3240 2008 3296 Christum

425 3335 686 3388 thronum
715 3333 978 3395 adornas,
1010 3333 1192 3403 magni
1223 3343 1280 3387 et
1307 3333 1468 3402 primi
1501 3331 1747 3388 Pastoris
1777 3333 2012 3402 diligen-

430 3425 702 3482 tissimum
731 3423 1037 3494 speculum,
1062 3421 1302 3494 Spiritus
1335 3423 1761 3479 mundissimum
1795 3423 2011 3478 habita-

426 3516 638 3582 culum,
673 3515 980 3572 rectissima
1032 3515 1472 3569 orthodoxorum
1516 3513 1834 3584 dogmatuut
1875 3527 2014 3582 pon-

427 3607 662 3673 deratio,
696 3606 977 3677 politaque
1009 3606 1065 3660 in
1093 3605 1316 3662 Christo
1343 3605 1786 3662 conversationis
1814 3605 2014 3660 habita:

429 3703 643 3775 regula,
677 3699 1126 3756 nominatissima
1160 3699 1411 3763 lucerna,
1455 3709 1512 3754 et
1555 3707 1762 3770 septem
1813 3697 2014 3754 cande-

427 3796 711 3852 labrorum
739 3791 1041 3848 luminibus
1085 3801 1200 3846 tota
1233 3790 1618 3862 fulgidissima.
1647 3789 2016 3860 Resplcndcre

428 3889 520 3944 fac
553 3886 716 3942 nobis
747 3893 1012 3956 tanquam
1045 3899 1111 3939 ex
1150 3883 1418 3939 invisibili
1459 3884 1796 3939 candelabro
1843 3897 2014 3938 sacrae

429 3981 712 4036 cathedrae
755 3975 1304 4032 evidentissimorum
1355 3975 1650 4030 verborum
1707 3973 2014 4044 perspicui-

428 4080 594 4128 tates.
648 4066 929 4124 Distribue
973 4074 1157 4120 autem
1207 4072 1263 4120 ct
1311 4065 1688 4120 esurientibus
1733 4064 2013 4119 vivilicum

429 4159 602 4217 divini
652 4155 959 4230 magisterii
1013 4169 1257 4224 panem,
1311 4161 1365 4208 et
1412 4154 1561 4208 nutri
1630 4154 1893 4224 populum
1959 4153 2013 4206 in

428 4261 694 4308 extranea
754 4257 900 4304 terra
971 4261 1171 4318 vagum
1235 4245 1495 4302 effectum
1552 4245 1800 4301 haeretici
1864 4246 2017 4300 inco-

429 4347 597 4400 latus.

2113 3148 2430 3220 ίεροκῆρυξ,
2461 3147 2556 3201 καὶ
2581 3146 2676 3200 τοῦ
2705 3149 2974 3218 παρόντος
2999 3147 3160 3216 ἡμῶν
3191 3147 3455 3217 συλλόγου
3483 3147 3686 3219 ἐξαρχε,

2111 3245 2140 3297 ὀ
2199 3242 2292 3294 τὸν
2347 3239 2643 3310 μετάρσιον
2685 3239 2817 3310 ἡμῖν
2858 3237 2947 3292 διὰ
2987 3236 3228 3308 Χριστοῦ
3265 3241 3688 3306 κατασκευάζων

2112 3334 2322 3406 θρόνον,
2354 3333 2413 3388 τὸ
2448 3331 2541 3385 τοῦ
2583 3331 2823 3403 μεγάλου
2859 3329 2956 3385 καὶ
2993 3331 3210 3402 πρώτου
3243 3330 3518 3401 Ποιμένος
3541 3333 3688 3400 ἀκρι⁶

2112 3427 2374 3481 δέστατον
2410 3423 2696 3495 ἔσοπτρον,
2728 3423 2790 3476 τὸ
2815 3422 2912 3476 τοῦ
2946 3423 3264 3493 Πνεύματος
3311 3425 3690 3496 καθαρώτατον

2112 3518 2462 3588 ἐνδιαίτημα,
2511 3518 2544 3587 ἡ
2599 3515 2870 3586 εύθυτάτη
2911 3515 3021 3569 τῶν
3063 3513 3367 3586 ὀρθοδόξων
3411 3515 3688 3588 δογμάτων

2114 3609 2352 3684 στάθμη,
2399 3611 2428 3663 ό
2473 3607 2845 3678 ἁπεξεσμένος
2889 3607 2991 3676 τῆς
3036 3608 3094 3660 ἐν
3147 3605 3376 3678 Χριστῷ
3427 3606 3686 3668 πολιτείας

2113 3701 2317 3768 κανὼν,
2366 3701 2395 3753 ό
2443 3699 2793 3774 περιώνυμος
2827 3699 2922 3753 καὶ¹
2967 3699 3294 3770 ἐπταφώτου
3329 3697 3551 3770 λυχνίας
3577 3698 3688 3752 ὁλο-

2113 3795 2534 3865 λαμπρέστατος
2557 3793 2778 3864 λύχνος·
2817 3791 3061 3863 πύρσευσ
3087 3793 3222 3863 ἡμῖν
3249 3792 3328 3858 ώς
3360 3793 3422 3860 ἐξ
3452 3792 3688 3846 ἀπόπτου

2113 3885 2337 3957 λυχνίας
2381 3886 2482 3956 τῆς
2529 3886 2680 3956 ἱερᾶς
2721 3883 2989 3954 καθέδρας
3017 3883 3126 3936 τῶν
3157 3884 3496 3954 φανωτάτων
3526 3883 3686 3950 λόγων

2113 3977 2214 4041 τάς
2241 3975 2550 4044 διαυγείας.
2583 3975 2892 4045 Διάθρυπτε
2935 3973 2992 4028 δέ
3028 3975 3120 4028 καὶ
3169 3977 3285 4038 τοῖς
3328 3975 3556 4031 πεινῶσι
3603 3973 3686 4027 τὸν

2115 4066 2494 4133 ζωτικώτατον
2523 4065 2624 4136 τῆς
2652 4065 2804 4130 θείας
2833 4064 3183 4129 διδασκαλίας
3211 4065 3381 4137 ἄρτου
3405 4085 3419 4099 ·
3456 4068 3549 4121 κα)⁸
3573 4065 3688 4136 θρέ-

2113 4160 2216 4229 ψον
2243 4156 2372 4212 λαὸν
2403 4159 2462 4211 ἐν
2493 4155 2623 4228 ξένῃ
2646 4159 2742 4228 γῇ,
2775 4156 2983 4228 ἀλήτην
3014 4159 3388 4229 γεγενημένον
3419 4157 3518 4230 τῆς
3544 4159 3687 4228 αἱρε-

2115 4248 2272 4320 τικῆς
2295 4247 2640 4311 ἀποικεσίας.
2924 4245 2935 4254 ”

502 4431 729 4488 El‘licere
772 4430 935 4484 nobis
969 4442 1148 4484 novus
1183 4425 1386 4494 Joseph
1430 4425 1696 4483 frumenti
1737 4428 1913 4491 dator,
1957 4433 2011 4480 et

2186 4423 2352 4478 Γενοῦ
2377 4425 2508 4496 ἡμῖν
2537 4423 2658 4488 νέος
2703 4423 2909 4496 Ἰωσὴφ
2937 4426 3220 4496 σιτοδότης
3265 4431 3392 4492 ταῖς
3442 4427 3686 4499 ἀπορίαις

431 4524 822 4596 ambiguitates
851 4521 1263 4590 scripturalium
1299 4518 1601 4588 explanatis
1631 4519 2008 4588 aetiigmatum,

430 4618 636 4690 opimis
687 4629 788 4670 nos
827 4621 882 4669 et
918 4611 1262 4682 spiritalibus
1303 4611 1860 4681 interpretationibus
1909 4625 2013 4664 nu-

431 4718 523 4774 tri.
559 4713 723 4769 Eleva
752 4710 945 4767 oculos
988 4719 1140 4776 tuos,
1189 4715 1244 4761 et
1291 4706 1414 4760 vide
1455 4721 1622 4777 super
1671 4716 1722 4760 te
1752 4705 2014 4761 collectos

437 4809 580 4864 filios
617 4816 764 4871 tuos,
804 4802 899 4873 qui
946 4801 1200 4871 luporum
1242 4797 1740 4868 congressionibus
1779 4794 2036 4866 dispersi“

433 4910 582 4960 sunt.
631 4899 859 4956 Plenum
909 4895 1006 4950 tibi
1051 4908 1176 4949 esse
1216 4906 1382 4947 omne
1423 4888 1866 4946 sacratissimum
1909 4887 2013 4940 hoc

433 4995 618 5051 divino
645 4991 866 5046 decreto
901 4985 1163 5056 templum
1192 4982 1554 5053 conspicitur.
1599 4979 1809 5034 Crebro
1853 4993 2015 5054 men-

435 5092 506 5146 tis
543 5099 650 5144 tuze
698 5083 839 5140 saltu
891 5079 1194 5136 bestiarum
1243 5087 1566 5146 praeoccupat
1621 5071 1861 5142 impetu;
1889 5110 1903 5133 ,
1962 5077 2018 5124 et

437 5186 539 5238 hos
591 5174 929 5250 praeveniens
989 5169 1261 5240 sapientia
1316 5175 1410 5222 tua
1459 5161 1710 5220 exclude.
1785 5161 2018 5231 Semper

436 5271 565 5330 ovili
599 5281 692 5325 tuo
719 5263 1173 5336 tranquillitatem
1208 5259 1466 5316 concilia.
1498 5254 1778 5311 Praamuni
1825 5261 2012 5309 autent

439 5370 546 5423 hoc
596 5359 978 5431 frequentibus
1027 5370 1092 5410 ac
1135 5353 1278 5409 bene
1339 5349 1667 5408 sonantibus
1720 5346 1790 5438 ad
1843 5345 2015 5400 Deum

437 5456 657 5516 emissis
695 5449 1064 5512 orationibus,
1113 5453 1174 5500 ut
1205 5444 1306 5500 tibi
1349 5444 1406 5498 in
1453 5439 1863 5496 multitudinem
1913 5453 2014 5492 au-

439 5560 631 5622 geatur
692 5541 995 5600 secundum
1047 5535 1510 5608 repromissiones
1579 5547 1703 5603 qua:
1757 5538 1890 5622 sunt
1959 5529 2016 5622 in

438 5620 716 5699 Abraham
765 5635 941 5691 instar
993 5637 1268 5686 astrorum
1322 5625 1542 5683 numeri
1591 5624 1766 5680 factae.
1829 5620 2020 5677 Gaude

438 5748 570 5790 vero
599 5740 654 5788 et
687 5736 768 5796 tu,
802 5721 1164 5780 Nicaeensium
1192 5719 1398 5791 inclyta
1448 5715 1602 5784 urbs,
1625 5715 1770 5772 inter
1815 5721 2019 5770 metro-

513 5847 560 5881 ²δ
597 5841 760 5902 Μίειι.
780 5854 894 5907 -νιι,
925 5836 1013 5892 l8.
1087 5833 1134 5867 "
1165 5831 1312 5889 Psal.
1344 5845 1396 5900 ο,
1425 5830 1481 5884 2.

2115 4515 2222 4570 τῶν
2265 4514 2562 4586 Γραφικῶν
2609 4515 2954 4586 αἰνιγμάτων
2996 4518 3118 4582 ταῖς
3164 4518 3513 4589 εύπορίστοις
3563 4518 3686 4571 ἀναν

2115 4607 2344 4677 πτύξεσι
2392 4609 2502 4662 τῶν
2543 4609 2934 4680 πνευματικῶν
2978 4610 3292 4682 ἐρμηνειῶν
3331 4612 3482 4683 ἡμᾶς
3508 4609 3686 4680 ἐκτρέ-

2115 4719 2252 4772 φων.
2279 4697 2449 4775 Ἀρον
2475 4700 2661 4772 κύκλῳ
2694 4701 2822 4765 τοὺς
2860 4699 3176 4774 ὀφθαλμούς
3216 4720 3312 4757 σου
3339 4743 3356 4768 ,
3386 4704 3483 4758 καὶ
3503 4702 3577 4756 ῐδε
3602 4701 3688 4756 ἐπὶ

2117 4794 2181 4849 at
2209 4793 2528 4866 συνηγμένα
2566 4793 2637 4848 τά
2673 4793 2841 4847 τέκνα
2875 4809 2968 4846 σου
2993 4833 3008 4859 ,
3033 4792 3070 4848 ἃ
3091 4797 3214 4858 ταῖς
3255 4793 3366 4848 τῶν
3393 4795 3574 4848 λύκων
3598 4794 3688 4858 ἐφ-

2115 4885 2258 4950 όδοις
2307 4885 2696 4955 διεσκόρπιστο
2725 4900 2738 4914 ·
2774 4883 2996 4954 πλήρης
3045 4899 3130 4938 σοι
3183 4886 3294 4949 πᾶς
3332 4886 3362 4938 ό
3408 4882 3687 4955 ἱερώτατος

2116 4970 2275 5040 οὗτος
2327 4975 2421 5030 τοῦ
2466 4975 2615 5030 θείου
2678 4977 3064 5046 συντάγματος
3088 4977 3226 5042 νεὼς
3251 4979 3471 5049 ὁρᾶται.
3505 4973 3688 5044 Πυκνῷ

2118 5088 2212 5124 σου
2259 5068 2360 5141 τῆς
2403 5068 2642 5132 διανοίας
2677 5067 2885 5139 ἅλματι
2919 5068 3024 5135 τὰς
3077 5069 3190 5122 τῶν
3223 5069 3412 5141 θηρῶν
3454 5067 3688 5140 προλάμ-

2118 5159 2250 5214 ϐανε
2299 5158 2545 5230 ἐφόδους,
2581 5159 2675 5212 καὶ
2723 5158 2932 5222 ταύτας
2977 5162 3046 5234 τῇ
3106 5162 3174 5232 σῇ
3237 5161 3407 5230 σοφίᾳ
3457 5173 3688 5229 προαπο-

2119 5247 2334 5305 κλείων.
2377 5249 2493 5303 ’Δεί
2529 5265 2624 5302 σου
2653 5251 2722 5320 τῇ
2764 5247 2972 5320 ποίμνῃ
2999 5248 3062 5303 τὸ
3105 5249 3383 5320 ἀτάραχον
3425 5246 3687 5319 προξένει.

2117 5339 2471 5414 Προσοχύρου
2502 5357 2568 5409 γε
2612 5337 2795 5402 τοῦτο,
2832 5340 2930 5394 καὶ
2982 5341 3104 5404 ταῖς
3162 5343 3402 5404 πυκναῖς
3455 5339 3566 5394 τῶν
3603 5336 3688 5390 εὐ-

2119 5435 2270 5507 ήχων
2301 5435 2382 5498 είς
2403 5433 2537 5487 Θεὸν
2562 5432 2882 5505 προσευχῶν
2919 5449 3014 5487 σου
3041 5433 3354 5502 ἐπάλξεσιν·
3392 5434 3480 5488 ἵνα
3510 5447 3591 5485 σοι
3618 5430 3689 5492 είς

2121 5525 2326 5598 πλῆθος
2346 5524 2558 5596 ἐπιδοίη
2582 5522 2731 5580 κατὰ
2757 5523 2858 5590 τὰς
2888 5525 2948 5580 ἐν
2967 5523 3047 5598 τῷ
3087 5525 3344 5598 ’Δὸραάμ
3365 5522 3690 5592 ἐπαγγελίας

2118 5620 2236 5684 τοῖς
2250 5617 2472 5688 ἄστρων
2495 5618 2681 5688 χοροῖς
2707 5615 3132 5689 παραπλησίως.
3160 5616 3393 5689 Χαίροις
3410 5615 3466 5671 δὲ
3497 5613 3687 5675 καὶσὺ,

2121 5709 2378 5767 Νικαέων
2408 5707 2740 5782 περίκλυτον
2763 5706 2927 5776 ἄστυ,
2949 5709 3014 5764 τδ
3042 5711 3104 5766 ἐν
3137 5707 3510 5781 μητροπόλεσι
3542 5703 3688 5776 περί-
