3930 6382
235 412 358 479 i329
1429 410 1684 472 SERMO
1716 409 2280 472 LAUDATORIUS.
2510 431 2514 434 ·
3361 423 3498 478 131m

235 538 424 581 πυστον
450 519 646 591 ὄνομα.
675 521 774 592 τῆς
804 519 1046 576 Βιθυνῶν
1076 520 1350 593 ἐπαρχίας
1393 521 1456 575 τὸ
1488 521 1812 576 εὐκλεέστα-

1933 522 2071 590 )oles
2117 521 2568 592 opinatissimum
2620 537 2844 591 nomen,
2893 524 3334 596 Bitbyniensium
3370 542 3499 598 pro-

233 629 317 666 τον
371 608 682 680 ἀκροθίνιον
707 625 722 642 ·
758 611 792 680 ἡ
821 611 1090 684 πρότερον
1150 611 1250 683 μὲν
1296 613 1422 674 ταῖς
1472 609 1584 665 τῶν
1632 611 1808 680 ἁγίων

1933 615 2106 672 rinciaa
2132 615 2551 687 gloriosissimas
2590 616 2888 686 primitiae:
2925 633 3050 686 qua:
3080 625 3236 688 prius
3277 621 3497 690 quidem

233 699 596 758 ὀκτωκαίδεκα
664 702 763 755 καὶ
811 701 1146 774 τριακοσίων
1215 701 1493 774 θεοφόρων
1545 702 1810 774 Πατὲρων

1933 717 2229 764 ιεηοιοιιιιω
2262 709 2452 765 decem
2485 718 2541 764 et
2581 718 2711 765 octo
2741 719 3230 781 trecentorumque
3266 711 3501 767 deifero-

236 800 428 868 ῐχνεσιν
469 793 820 862 ἀγιασθεϊσα,
871 795 969 848 νῦν
1021 795 1078 848 δὲ
1120 797 1234 860 τοῖς
1295 795 1504 850 τούτων
1537 795 1810 866 διαδόχοις

1933 816 2035 856 ἰιιη
2071 799 2298 856 Patrum
2329 800 2590 872 vestigiis
2631 803 2973 858 sanctificata
3011 817 3094 868 es,
3128 817 3275 856 nunc
3317 812 3498 857 autem

235 889 391 962 τριῶν
433 887 812 942 ἑκατοντάδων
853 888 950 941 σὺν
997 889 1162 941 πέντε
1187 887 1419 942 δεκάσιν
1445 887 1684 959 ἀριθμὸν
1719 889 1814 941 ἑκ-

1935 907 2110 947 ιοτυηι
2143 907 2530 948 successorum
2568 903 2726 963 aeque
2764 902 3136 949 trecentorum
3179 908 3304 948 cum
3342 893 3503 963 quin-

236 975 559 1049 πληροῦσιν·
591 975 841 1030 εὐλαὸῶν
881 992 943 1028 τε
976 974 1229 1046 μοναχῶν
1279 975 1384 1028 οὐκ
1423 973 1813 1044 εὐαριθμήτων

1933 997 2030 1054 lue
2073 983 2377 1038 decadihus
2418 999 2710 1039 numerum
2761 985 3180 1054 complcnlium,
3235 999 3300 1040 ac
3347 999 3501 1040 reve-

237 1067 444 1140 πλήθει,
473 1070 597 1130 ταῖς
641 1067 838 1130 αὐταῖς
881 1067 992 1120 τῶν
1023 1065 1293 1135 εὐλογιῶν
1335 1065 1815 1138 περικυκλουμένη

233 1163 465 1233 χάρισιν.
511 1160 599 1213 Ἐν
642 1159 729 1214 σοὶ
762 1159 871 1230 γὰρ
895 1157 1292 1230 τῆςόρθοδόξου
1323 1158 1564 1221 πίστεως
1594 1157 1622 1208 ό
1653 1157 1809 1227 θεμέ-

235 1251 341 1311 λιος
364 1247 467 1302 ὑπό
496 1264 645 1312 τινος
675 1248 984 1316 Σατανικῆς
1017 1247 1352 1321 δυστροπίας
1391 1247 1674 1318 σεισθῆναι
1703 1263 1819 1300 κιν-

233 1341 466 1397 δυνεύων
495 1341 788 1412 ἐδραίωσιν
839 1341 1142 1412 ἀκλόνητον
1197 1341 1446 1415 εἴληφεν.
1489 1341 1577 1394 Ἐν
1615 1339 1698 1393 σοὶ
1725 1337 1818 1392 τὸν

235 1435 420 1506 ἄγριον
453 1438 666 1491 ἐκεῖνον
705 1437 802 1491 καὶ
829 1435 1124 1490 ἁτίθασσον
1173 1435 1318 1508 θῆρα
1367 1438 1588 1506 Ἀρειον
1613 1437 1640 1486 ὁ
1674 1434 1820 1498 θεῖος

237 1532 436 1592 ἐκεῖνος
493 1527 603 1583 τῶν
625 1529 892 1598 Πατέρων
943 1530 1104 1600 χορὸς
1149 1529 1218 1584 τὰ
1274 1531 1396 1601 ἱερὰ
1448 1529 1557 1584 τῶν
1586 1527 1820 1599 Γραφῶν

234 1617 655 1690 ἑφαπλώσαντες
709 1620 834 1675 λίνα
889 1619 1214 1692 ἐζώγρησαν
1236 1661 1253 1688 ,
1281 1621 1376 1674 καὶ
1425 1622 1538 1684 τοῖς
1564 1621 1856 1691 φοϐεροῖς.

234 1713 637 1784 κατηκόντισαν
694 1714 1006 1786 ἀναθέμασι
1029 1731 1043 1746 ο
1079 1713 1378 1769 κάντεῦθεν
1430 1715 1522 1768 τὸν
1555 1713 1686 1768 Υίὸν
1724 1713 1820 1768 τοῦ

236 1803 367 1858 θεοῦ
419 1805 520 1859 καὶ
567 1806 784 1878 Πατρὸς
819 1805 1107 1876 όμοούσιον
1155 1805 1236 1878 τῷ
1277 1807 1634 1879 γεγεννηκότι
1669 1807 1822 1860 πᾶσα

1919 1073 2216 1129 rendorum
2280 1073 2692 1129 monachorum
2743 1075 2838 1144 qui
2901 1089 3039 1146 pene
3087 1073 3503 1129 innumerabilis

1919 1174 2057 1222 sunt
2099 1165 2498 1230 multitudinis,
2551 1165 2760 1221 eisdem
2803 1166 3283 1222 benedictionibus
3317 1163 3506 1237 [bene-

1921 1256 2260 1330 dictionum]
2289 1258 2637 1314 circumdata
2661 1275 2723 1314 cs
2759 1259 2972 1328 gratiis.
3002 1257 3062 1312 in
3099 1267 3152 1312 te
3183 1256 3384 1327 quippe
3415 1271 3507 1311 or-

1922 1350 2200 1406 thodoxia:
2243 1348 2596 1424 [orthodoxae
2649 1349 2799 1422 ﬁdei]
2846 1351 3262 1406 fundamentum
3301 1363 3330 1403 a
3371 1364 3508 1420 qna-

1921 1445 2047 1498 dam
2080 1442 2336 1498 Satanica
2365 1441 2726 1500 subversione
2754 1457 3088 1499 concussum
3117 1443 3506 1513 pereclilurum

1921 1533 2408 1608 [periclitatnrum,
2472 1534 2610 1604 forte
2639 1536 2786 1590 deest
2837 1537 2932 1590 sed
2969 1533 3126 1606 non],
3170 1534 3512 1588 srabilimcn-

1925 1639 2038 1684 tum
2070 1628 2192 1684 sine
2235 1627 2652 1698 perturbatione
2679 1629 2946 1698 percepit.
2981 1627 3040 1680 ln
3074 1637 3125 1680 te
3160 1625 3330 1680 feram
3366 1625 3510 1678 illam

1922 1730 1978 1776 et
2019 1719 2289 1774 immitem
2321 1718 2582 1784 bestiam,
2631 1719 2824 1772 Arium
2871 1717 3105 1784 scilicet,
3151 1716 3377 1772 divinus
3423 1713 3517 1770 ille

1925 1810 2155 1866 Patrum
2196 1812 2405 1868 chorus
2439 1811 2614 1866 sacris
2655 1809 3073 1881 Scripturarum
3120 1809 3386 1879 expansis
3423 1821 3518 1862 ca-

239 1897 394 1969 φύσις
419 1898 730 1971 ἀνθρώπων
771 1899 1046 1969 θεολογείν
1075 1901 1575 1974 ὲκμεμαθὴκαμεν.
1609 1900 1710 1954 Διά
1735 1917 1818 1954 τοι

1933 1902 2100 1973 ptavit
2151 1900 2390 1966 retibus,
2430 1910 2484 1956 ct
2518 1899 2862 1956 terribilibus
2905 1898 3356 1954 anathematibus
3391 1912 3518 1968 per-

237 1987 508 2044 τοῦτοκαὶ
541 1990 604 2044 τὸ
630 1991 807 2062 παρὸν
837 1990 1142 2064 ἱερώτατον
1173 1991 1462 2064 σύνταγμα
1512 1993 1611 2064 τῆς
1635 1995 1817 2063 ίσαρί-

236 2078 370 2149 θμου
401 2081 614 2152 ταύτης
655 2083 877 2154 χορείας
913 2083 1047 2148 δυὰς
1080 2083 1327 2139 εὐσεϐῶν
1357 2084 1628 2156 βασιλέων
1653 2086 1712 2140 ὲν
1737 2084 1820 2138 σοὶ

238 2175 684 2247 συγκροτηθῆναι
723 2176 1068 2243 τεθέσπικεν,
1094 2177 1303 2250 Εἰρήνη
1359 2178 1456 2232 νέα
1507 2177 1691 2250 Ἑλένη
1725 2179 1822 2232 σὺν

238 2265 334 2338 υίῷ
392 2267 614 2338 γνησίῳ
672 2267 778 2339 νέῳ
832 2268 1256 2339 Κωνσταντίνῳ,
1293 2267 1390 2332 οὓς
1427 2269 1462 2340 ἡ
1513 2270 1575 2322 ὲν.
1615 2269 1700 2322 σοὶ
1723 2269 1818 2322 τοῦ

238 2355 566 2428 Πνεύματος
599 2357 764 2428 χάρις
809 2359 927 2422 τοῖς
973 2358 1100 2412 τότε
1129 2359 1226 2412 καὶ
1260 2357 1356 2413 νῦν
1385 2359 1568 2428 ἁγίοις
1598 2359 1826 2430 ἐπιλάμ-

237 2448 385 2518 ψασσ.
419 2449 696 2522 Πατράσι,
727 2449 958 2520 φυλάξοι
1007 2450 1262 2520 δαψιλέσι
1298 2451 1516 2522 χρόνοις
1549 2451 1828 2523 ἀτάραχον

239 2541 420 2605 αὐτοῖς
456 2541 521 2595 τὸ
553 2542 759 2612 κράτος
794 2543 1158 2614 δωρουμένη,
1191 2547 1286 2598 καὶ
1343 2543 1454 2596 τῶν
1501 2543 1716 2613 ἐχθρῶν
1758 2541 1829 2597 τὰ

238 2630 376 2699 φῦλα
407 2632 521 2703 πρὸ
551 2633 731 2688 ποδῶν
755 2633 1109 2704 καταστρῶσι
1134 2651 1148 2664 ·
1166 2635 1242 2698 ὼς
1259 2634 1326 2690 ἂν
1353 2637 1488 2706 ἡμῖν
1510 2637 1546 2706 ἡ
1563 2635 1671 2690 τῶν
1691 2637 1830 2704 ἀγα-

241 2721 345 2776 θῶν
377 2723 454 2796 μὴ
492 2723 734 2780 διαλίποι
759 2726 1022 2797 χορηγία.

1927 1991 2086 2054 cuiit.
2137 1999 2192 2046 et
2235 1991 2364 2047 hinc
2399 1989 2600 2046 Filium
2647 1989 2743 2046 Dei
2776 1999 2834 2046 et
2881 1989 3084 2054 Patris,
3127 1987 3428 2058 Dominum
3460 1997 3516 2044 et

1927 2084 2471 2141 consubstantialem
2523 2084 2795 2156 gignenti,
2850 2084 3036 2140 omnis
3088 2090 3286 2138 natura
3337 2081 3518 2137 homi-

1927 2194 2058 2234 num
2097 2177 2398 2246 praedicare
2448 2175 2763 2233 didicimus
2811 2187 2867 2232 et
2904 2177 3114 2232 ideirco
3148 2184 3392 2247 praesens
3427 2189 3518 2230 sa-

1927 2269 2302 2326 cratissimum
2327 2279 2681 2340 compactum
2712 2268 2880 2340 huius
2906 2257 3186 2324 numerosi
3211 2274 3516 2324 conventus

1919 2361 2162 2416 dualitas
2211 2361 2432 2430 piorum
2496 2361 2896 2432 imperatorum
2939 2359 3297 2416 consolidans
3329 2357 3514 2428 colligi

1924 2438 2130 2516 sanxit,
2172 2451 2334 2507 [rene
2359 2451 2620 2507 videlicet
2669 2469 2808 2508 nova
2840 2451 3045 2509 Helena
3079 2462 3206 2506 cum
3240 2451 3352 2506 lilio
3387 2464 3517 2521 pro-

1925 2545 2048 2615 prio
2081 2544 2450 2601 Constantino
2482 2560 2650 2612 noro,
2683 2560 2826 2616 quos
2857 2547 2912 2601 in
2949 2556 3002 2601 te
3040 2543 3286 2616 Spiritus
3315 2543 3513 2614 gratia,

1925 2653 2050 2708 quae
2083 2648 2220 2694 tunc
2247 2648 2302 2695 et
2337 2655 2486 2694 nunc
2517 2641 2730 2696 sanctis
2761 2640 2942 2694 illuxit
2975 2637 3261 2702 Patribus,
3291 2647 3517 2692 consen-

1927 2737 2021 2784 νει
2049 2747 2149 2802 per
2172 2731 2481 2804 largissime
2512 2742 2782 2803 tempora,
2814 2730 3275 2802 imperturbabile
3301 2728 3519 2784 donans

240 2816 320 2874 eis
369 2817 706 2888 imperium,
761 2818 1123 2890 hostiumque
1185 2823 1440 2876 nationes
1484 2827 1612 2876 ante
1663 2818 1830 2891 pedes
1870 2829 2223 2892 prosternat,
2280 2833 2558 2893 quatenus
2625 2823 2789 2881 nobis
2845 2823 3117 2880 bonorum
3196 2822 3358 2892 copia
3407 2833 3517 2874 non

239 2914 472 2970 deﬁciat.
543 2935 570 2958 ο

305 3009 542 3082 Χαίροις
561 3007 768 3075 τοίνυν,
786 3003 832 3062 ὦ
860 3011 1255 3082 μητροπόλεων
1287 3011 1572 3084 περίδοξωί
1602 3011 1824 3078 κάλλος,

240 3101 298 3154 ἐν
331 3101 545 3166 τούτοις
566 3143 582 3168 ,
616 3102 702 3156 ὅτι
725 3103 785 3156 ὲν
819 3103 905 3156 σοί⁴
941 3103 1006 3156 τὸ
1044 3103 1264 3175 πρῶτον
1292 3107 1432 3176 ἡμῖν
1460 3105 1572 3159 τῶν
1603 3104 1833 3174 ἀγαθῶν

2008 3006 2202 3063 Gaude
2233 3006 2421 3078 itaque
2453 3005 2507 3060 in
2537 3006 2645 3072 his,
2680 3020 2714 3062 ο
2748 3005 3128 3078 metropoleon
3157 3003 3360 3077 inclyta
3391 3019 3521 3076 spe-

1933 3101 2084 3168 cies;
2141 3100 2427 3171 quoniam.
2464 3099 2520 3154 in
2573 3109 2626 3155 te
2677 3099 2838 3156 nobis
2896 3107 2952 3154 et
3005 3101 3184 3170 primo
3237 3099 3519 3166 bonorum

237 3193 427 3263 ἀνέφυ,
461 3196 526 3247 ὲν
563 3193 652 3247 σοὶ
695 3193 762 3266 δὴ
791 3194 888 3248 καὶ
931 3195 992 3248 τὸ
1037 3195 1216 3260 τέλος,
1248 3197 1347 3268 οὐχ
1378 3197 1456 3260 ὡς
1492 3197 1633 3268 πρὸς
1669 3195 1828 3264 ἀξίαν

1935 3195 2251 3260 exordium,
2287 3204 2344 3250 et
2370 3207 2520 3248 nunc
2552 3192 2677 3248 ﬁnis
2706 3202 2936 3248 exortus
2966 3203 3070 3259 est,
3123 3191 3521 3247 venerabilium

241 3285 374 3358 πρὸς
402 3285 648 3358 ἀριθμὸν
678 3285 736 3339 δὲ
765 3285 889 3358 ητις
923 3286 1044 3340 ἐστὶ
1087 3286 1198 3342 τῶν
1220 3287 1570 3342 σεπτοτὰτων
1600 3289 1829 3342 εἰκόνων

1935 3287 2193 3341 nimirum
2225 3285 2530 3357 imaginum
2560 3284 2848 3340 catholica:
2887 3281 3152 3340 Ecclesia:
3180 3283 3366 3354 prisca
3408 3292 3523 3340 tra-

244 3384 336 3454 τῆς
352 3380 657 3451 καθολικῆς
671 3380 830 3452 ἡμῶν
865 3379 1250 3454 Ἐκκλησίαςὴ
1272 3381 1478 3454 ἀρχαία
1501 3380 1826 3454 παράδοσις,

241 3471 299 3524 ἑν
325 3474 438 3536 τοῖς
469 3472 630 3535 ἰδίοις
650 3474 1172 3528 ἀποκατασταθείσα
1185 3475 1355 3546 ὅροις,
1401 3474 1516 3528 Νῦν
1545 3474 1719 3537 ὅντως
1746 3475 1832 3527 εὐσ-

242 3565 495 3630 φαίνεται
541 3566 854 3639 ὀούρανδς,
923 3571 1019 3620 καῖ
1079 3567 1136 3620 ai
1191 3566 1416 3634 νεφέλαι
1478 3566 1834 3638 δικαιοσύνην

241 3657 620 3721 ὰποστὲζουσι
643 3673 656 3687 ·
689 3660 782 3712 καὶ
805 3659 869 3712 τὸ
915 3659 1238 3730 μεσότοιχον
1262 3658 1361 3712 τοῦ
1391 3659 1653 3730 φραγμοῦ
1676 3658 1832 3712 λέλυ-

240 3765 330 3801 ται
356 3753 420 3822 τῇ
446 3749 647 3804 ἐνώσει
686 3751 786 3820 τῆς
832 3748 1172 3814 διαστάσεως
1196 3751 1710 3822 παραχωρησάσης,
1737 3749 1833 3803 καὶ

241 3844 317 3906 είς
350 3841 483 3913 μίας
520 3842 906 3914 ὁμοφροσύνης
952 3843 1266 3914 σύμπνοιαν
1304 3845 1336 3914 ὴ
1377 3843 1578 3914 τετρὰς
1621 3843 1720 3914 τῆς
1748 3845 1830 3896 οἰ-

241 3937 524 4007 κουμένης
563 3936 917 4006 συνήνεκται.
960 3935 1076 3989 Νῦν
1105 3937 1158 3990 αί
1187 3935 1378 3990 πολλαὶ
1415 3935 1524 3990 τῶν
1555 3935 1833 4007 διαφόρως

239 4028 636 4102 ὐποσυρέντων
667 4031 749 4093 είς
782 4028 843 4082 ἓν
885 4028 1287 4100 συνεληλύθασι
1327 4029 1516 4094 δόξαι·
1547 4030 1643 4083 καὶ
1691 4027 1832 4101 σύμ-

242 4135 416 4186 φωνος
476 4119 652 4190 ὕμνος
707 4120 816 4174 ἀπὸ
875 4119 1130 4192 περάτων
1180 4121 1282 4192 γῆς
1337 4121 1444 4184 ἕως
1476 4120 1732 4193 περάτων
1753 4119 1833 4192 τῷ

239 4209 358 4280 Θεῷ
415 4211 834 4282 ἀναπέμπεται.
885 4213 1114 4284 Χαίροις
1144 4212 1460 4284 τοιγαροῦν,
1498 4214 1594 4268 καὶ
1631 4213 1832 4286 σκίρτα

243 4303 333 4354 ἐπὶ
356 4303 576 4366 τούτοις
603 4303 700 4356 καὶ
731 4305 819 4369 σὺ,
867 4304 1170 4375 Ἐκκλησία
1201 4304 1488 4376 καθολικὴ,
1525 4305 1557 4376 ἡ
1588 4305 1650 4374 ὲν
1676 4305 1832 4378 πάσῃ

241 4395 306 4465 τῇ
330 4395 638 4469 οἰκουμένῃ
665 4413 681 4428 ο
712 4395 908 4468 χόρευε
944 4395 1334 4468 ἀγαλλιωμένη
1352 4396 1446 4449 ἐπὶ
1476 4399 1544 4468 τῇ
1562 4396 1672 4450 τῶν
1697 4395 1832 4450 υἱῶν

244 4501 339 4538 σου
371 4485 769 4541 ἑπανελεύσειο
801 4486 1010 4542 ἀπόθου
1059 4488 1122 4542 τὸ
1160 4489 1262 4559 τῆς
1305 4487 1606 4551 διαλύσεως
1638 4486 1830 4562 ῥάκος,

1934 3381 2070 3436 ditio
2099 3380 2153 3435 in
2186 3381 2306 3436 suis
2342 3378 2602 3434 terminis
2629 3378 2908 3434 restituta.
2947 3375 3107 3432 Nunc
3139 3391 3274 3433 vero
3304 3376 3524 3433 laetatur

1932 3472 2158 3539 caelum,
2196 3481 2252 3526 et
2287 3470 2466 3527 nubes
2499 3470 2711 3528 stillant
2753 3469 3049 3542 justitiam.
3098 3470 3262 3526 Nunc
3306 3468 3523 3525 medius

1932 3564 2118 3636 paries
2151 3563 2407 3619 maceriae
2435 3563 2748 3620 dissolutus
2799 3571 2887 3619 est
2922 3562 3170 3618 anitione
3215 3562 3525 3617 dissensio-

1935 3659 2022 3714 nis
2051 3671 2341 3723 concessa,
2382 3663 2438 3713 et
2479 3657 2542 3712 in
2581 3657 2747 3712 unius
2777 3655 3126 3712 assensionis
3159 3655 3522 3725 conspiratio-

1937 3767 2062 3806 nem
2122 3749 2470 3822 qualern’itas
2518 3750 2673 3806 orbis
2728 3758 2890 3804 terra:
2939 3748 3168 3804 collecta
3209 3757 3314 3804 cst.
3365 3746 3524 3802 Nunc

1936 3843 2124 3898 multae
2184 3857 2308 3913 quae
2363 3841 2418 3898 in
2478 3841 2700 3899 diversa
2761 3841 3074 3908 trahebant,
3146 3851 3520 3896 convenerunt

1933 3937 2249 4008 opiniones,
2309 3943 2366 3990 et
2405 3951 2688 3992 consonus
2729 3937 2969 4009 hymnus
3021 3950 3052 3990 a
3103 3934 3308 3990 ﬁnibus
3360 3943 3522 3989 terrae

1935 4047 2111 4102 usque
2138 4032 2207 4088 ad
2248 4032 2385 4087 lines
2435 4039 2597 4086 terra:
2643 4028 2754 4084 Deo
2801 4028 3086 4099 dirigitur.
3125 4027 3322 4084 Gaude
3355 4027 3525 4098 igitur

1935 4125 2246 4196 tripudians
2292 4139 2457 4194 super
2503 4124 2592 4178 his
2622 4132 2677 4178 et
2711 4129 2790 4187 tu,
2822 4121 3094 4178 catholica
3143 4119 3412 4184 Ecclesia,
3464 4121 3520 4174 in

1937 4231 2051 4276 toto
2087 4228 2362 4276 terrarum
2394 4219 2529 4275 orbe
2557 4217 2778 4275 diﬂ‘usa.
2833 4217 2951 4273 Duc
2991 4215 3196 4271 choros
3238 4214 3524 4270 cxsultans

1937 4328 2107 4385 super
2140 4313 2379 4368 ﬁliorum
2427 4321 2648 4366 tuorum
2679 4318 2956 4366 conventu
2991 4326 3006 4364 :
3044 4309 3261 4380 depone
3293 4306 3524 4362 divisio-

1937 4406 2024 4462 nis
2057 4421 2295 4476 pannos,
2337 4413 2394 4460 et
2438 4402 2670 4458 induere
2709 4403 2923 4474 integra
2963 4401 3285 4458 orthodoxae
3334 4401 3524 4476 tunica

1937 4499 2188 4554 unitatis.
2243 4495 2365 4552 Jam
2419 4511 2528 4554 non
2587 4495 2808 4566 poneris
2863 4495 3225 4566 cpprohrium
3283 4471 3526 4549 ininiicis

243 4579 336 4631 καὶ
369 4578 596 4634 ἔνδυσαι
643 4579 737 4634 τὸν
775 4579 1073 4652 ὁλόκληρον
1122 4581 1222 4652 τῆς
1246 4580 1530 4652 δρθοδόξου
1581 4581 1829 4647 ἑνώσεως

1937 4592 2072 4658 tuis,
2119 4589 2488 4647 subsannatio
2519 4598 2574 4645 et
2602 4589 2811 4645 ilcrisio
2833 4589 3054 4664 populis
3077 4588 3173 4659 qui
3205 4588 3258 4642 in
3286 4585 3523 4641 circuitu

245 4671 471 4741 χιτῶνα.
506 4669 710 4725 Οὐκέτι
739 4671 944 4744 τεθήσῃ
969 4670 1172 4735 ὄνειδος
1197 4673 1311 4734 τοῖς
1341 4671 1551 4739 γείτοσι
1587 4688 1706 4736 σου,
1739 4689 1837 4743 μυ-

243 4764 554 4838 κτηρισμδς
613 4765 704 4819 καὶ
759 4763 1074 4834 χλευασμὸς
1128 4765 1244 4830 τοῖς
1290 4763 1478 4835 κύκλῳ
1525 4779 1620 4818 σου
1657 4762 1830 4830 λαοῖς.

241 4853 448 4908 Οὐκέτι
491 4853 787 4926 φοὸηθήσῃ
829 4851 1214 4920 ὲξουδενώσεις
1241 4851 1418 4906 ἀθέων
1448 4851 1540 4906 καὶ
1571 4852 1834 4924 ἀμυήτων

243 4943 579 5017 ἀνθρώπων,
611 4941 885 5016 Ἐϐραίων
927 4941 994 5015 δὴ
1022 4941 1168 5009 λέγω
1184 4940 1614 5014 κα“ι’Λγαρηνῶν
1635 4959 1650 4975 ο
1669 4944 1746 5007 ὡς
1768 4942 1832 5015 δή

246 5051 330 5089 σοι
367 5037 445 5108 μὴ
495 5035 592 5090 τοῦ
635 5033 844 5089 τελείου
897 5035 997 5106 τῆς
1029 5035 1268 5099 πίστεως
1295 5037 1416 5100 ταῖς
1443 5036 1834 5103 ἁποστολικαῖς

243 5128 654 5200 παραδοθέντος
689 5127 1086 5192 διδασκαλίαις.
1125 5127 1326 5182 Οὐκέτι
1355 5127 1455 5198 τὴν
1490 5130 1555 5182 ἐκ
1591 5129 1686 5182 τοῦ
1715 5128 1835 5194 ἑνὸς

241 5219 381 5274 Θεοῦ
433 5220 796 5292 ἀναφοίτησιν
840 5219 930 5274 διὰ
985 5219 1088 5291 τὴν
1115 5219 1255 5291 πρὸς
1283 5221 1410 5282 τοὺς
1453 5219 1620 5274 αὐτοῦ
1646 5221 1834 5290 φίλους

243 5313 716 5385 πρεπωδεστάτην
742 5331 794 5368 τι
803 5313 910 5384 μὴν
927 5315 1039 5376 τοῖς
1059 5312 1170 5365 τῶν
1199 5311 1494 5384 αἱρετικῶν
1517 5312 1834 5385 ὲγκληθήσῃ

247 5405 538 5476 στόμασιν.
563 5405 764 5460 Οὐκέτι
795 5407 910 5468 τοῖς
936 5396 1048 5458 τῶν
1077 5403 1315 5458 εἰδώλων
1355 5405 1612 5474 τεμένεσι
1643 5405 1702 5458 ὲν
1734 5404 1835 5476 ἴσῳ

243 5497 696 5570 καταλογισθήσῃ
724 5537 740 5562 ,
775 5498 864 5552 διὰ
913 5497 1014 5570 τὴν
1042 5500 1099 5552 ὲν
1139 5499 1227 5552 σοὶ
1265 5497 1375 5552 τῶν
1403 5497 1713 5570 ἱερωτάτων
1741 5498 1836 5552 καὶ

246 5590 467 5643 σεπτῶν
497 5589 670 5660 ἁγίων
697 5589 923 5646 εἰκόνων
947 5590 1346 5662 ἁναστήλωσιν.
1439 5591 1446 5598 ’

315 5681 543 5752 Πρέπον
591 5682 704 5754 γάρ
763 5699 847 5737 σοι
875 5682 952 5747 ώς
999 5681 1076 5754 τῷ
1108 5681 1322 5754 βασιλεί
1352 5681 1460 5736 τῶν
1482 5679 1705 5736 αἰώνων
1719 5681 1836 5754 Υίῷ

247 5775 342 5828 καὶ
373 5773 537 5844 Λόγῳ
564 5775 658 5829 τοῦ
690 5775 830 5830 Θεοῦ
859 5774 1258 5848 νυμφευθείσῃ,
1287 5773 1388 5846 τὴν
1431 5775 1534 5845 τῆς
1564 5763 1856 5847 ἐνσάρκου’

249 5865 420 5922 αὐτοῦ
448 5868 765 5942 οἰκονομίας
791 5869 1264 5942 ἀνθρωπόμορφον
1289 5869 1472 5924 εἰκόνα
1501 5868 1590 5924 διὰ
1613 5871 1833 5941 γραφῆς

1936 4694 2031 4740 tuo
2066 4692 2217 4740 sunt.
2249 4680 2370 4740 Non
2405 4683 2520 4754 jam
2564 4681 2784 4738 timebis
2823 4691 3172 4753 contemptus
3216 4681 3522 4744 hominum,

1934 4777 2294 4833 Hebraeorum
2342 4775 2550 4838 scilicet
2594 4783 2648 4830 et
2681 4775 3084 4846 Agarcnorum,
3119 4775 3216 4845 qui
3264 4773 3382 4827 sine
3412 4770 3524 4826 Deo

1934 4877 1990 4924 et
2025 4884 2186 4924 sacra
2219 4867 2532 4924 initiatione
2559 4868 2900 4934 consistunt,
2939 4866 3100 4938 quasi
3135 4867 3232 4922 tibi
3270 4882 3377 4922 non
3407 4864 3526 4920 fue-

1935 4959 2007 5016 rit
2035 4961 2310 5031 perfectio
2340 4960 2468 5016 ﬁdei
2503 4960 2771 5016 doctrinis
2795 4959 3116 5032 apostolicis
3146 4958 3366 5014 tradita.
3399 4956 3520 5014 Jam

1934 5069 2043 5113 non
2091 5054 2162 5110 ab
2209 5053 2594 5110 haereticorum
2631 5067 2727 5108 ore
2775 5051 3184 5117 criminaberis,
3226 5051 3384 5121 quasi
3433 5066 3521 5106 re-

1936 5149 2175 5204 cesseris
2208 5147 2278 5203 ab
2315 5162 2426 5204 uno
2465 5147 2576 5202 Deo
2607 5155 2830 5218 propter
2861 5144 3314 5200 decentissimum
3349 5144 3525 5198 hono-

1935 5256 2053 5295 rem
2095 5256 2228 5312 erga
2262 5240 2438 5311 ipsius
2467 5241 2676 5297 arnicos
2705 5239 3023 5295 exhibitum.
3066 5236 3186 5293 Jam
3216 5253 3326 5292 non
3361 5254 3524 5308 repu-

1939 5335 2148 5391 taheris
2187 5328 2462 5390 idolorum
2506 5335 2708 5389 similis
2745 5335 2963 5403 templis
2998 5343 3222 5404 propter
3257 5332 3524 5388 sacratis-

1937 5425 2206 5486 simorum
2238 5427 2295 5484 in
2333 5434 2386 5482 te
2416 5426 2719 5498 imaginum
2751 5425 3090 5482 erectionem
3116 5424 3390 5480 eﬂ‘ectam.

2009 5683 2178 5739 Decet
2205 5683 2352 5738 enim
2388 5691 2440 5738 te
2469 5691 2728 5753 tanquam
2779 5681 2888 5752 regi
2927 5673 3428 5738 smculoruin'lt‘ilio
3467 5685 3522 5733 et

1940 5777 2119 5832 Verbo
2155 5774 2250 5830 Dei
2292 5785 2543 5846 nuptam,
2581 5776 2634 5830 in
2677 5790 2842 5830 carne
2875 5773 3050 5846 ipsius
3090 5771 3522 5842 dispensationis

1941 5869 2236 5926 humanam
2295 5866 2532 5924 formam
2591 5867 2883 5924 habentem
2971 5862 3518 5938 antltropomorphon
