3930 6372
411 387 542 454 1τ31

1091 388 1422 452 ΕΡΙΡΗΑΝ
1432 391 1489 450 ΙΙ
1527 391 1770 452 CATAN
1775 391 1875 452 EN
1881 391 1982 451 SIE

2091 391 2316 454 IACON
2325 394 2350 453 Ι
2389 393 2616 456 SEBM.
2659 397 2963 458 LAUDAT

3536 397 3660 466 1:332

408 506 702 575 imaginum
747 519 844 574 per
883 503 1155 574 picturam
1195 504 1359 568 ferre,
1408 515 1467 560 ut
1501 506 1811 561 innotescat
1841 506 1982 576 quod

2096 509 2306 579 φέρειν,
2357 511 2445 565 ινα
2489 513 2735 584 γνωρίζῃ
2783 509 3042 581 βασιλικὴ
3094 507 3419 582 ὑπάρχουσα
3459 515 3654 586 νύμφη.

402 614 551 667 regia
587 611 788 668 sponsa
822 595 926 655 sis.
964 595 1130 655 Decet
1163 597 1313 656 enim
1347 595 1440 653 Dei
1468 598 1752 666 grttitt'icis
1781 597 1980 654 Matris

400 688 606 744 tllirisﬁ
658 689 752 758 qui
795 697 848 744 te
882 688 1263 760 desponsavit,
1312 691 1606 760 imaginem
1653 692 1761 748 tuis
1797 707 1985 747 sacra-

385 779 633 836 tissimis
681 781 986 850 parietibus
1033 778 1236 836 factam
1276 781 1330 836 in
1380 782 1591 850 pictura
1631 792 1681 838 et
1733 783 1978 838 musivo—

403 887 522 925 l'lllll
557 886 722 940 opere
765 869 914 927 ferre
944 869 1022 942 [in
1067 872 1281 942 pictura
1331 870 1472 926 facta
1522 888 1588 928 ex
1639 872 1976 930 mnsivorum

400 961 592 1035 opere]
623 980 636 1017 :
669 973 946 1033 quatenus
977 963 1154 1033 gratia
1185 979 1306 1034 quae
1333 963 1430 1018 tibi
1470 979 1564 1033 per
1599 963 1740 1019 lianc
1772 964 1976 1026 illuxit,

402 1055 566 1109 tacita
609 1055 1004 1126 praedicatione
1059 1055 1432 1120 communiter
1485 1056 1700 1111 cunctis
1761 1055 1980 1126 populis

400 1146 754 1216 praedicetur.
789 1145 904 1202 Nisi
948 1146 1096 1207 enim
1130 1162 1193 1202 ex
1241 1147 1341 1207 bac
1385 1147 1787 1214 incarnaretur,
1839 1162 1980 1216 quo-

402 1236 566 1292 modo
619 1246 730 1292 tam
781 1237 1033 1308 specioso
1093 1252 1298 1308 Sponsa
1356 1247 1412 1294 tu
1483 1237 1716 1308 spiritali
1786 1239 1980 1308 copula

397 1325 762 1398 iungeret-is?
800 1330 967 1388 Decet
1017 1331 1162 1388 enim
1197 1345 1248 1386 te
1271 1339 1326 1386 et
1373 1331 1616 1386 omnium
1661 1339 1978 1401 sanctorum

403 1421 804 1488 apnsmlorum,
850 1429 908 1482 et
953 1422 1368 1492 prapbetarum,
1429 1420 1837 1488 confessorum,
1885 1437 1982 1492 pa-

403 1510 810 1578 triarcharum,
858 1525 914 1573 et
963 1522 1278 1576 sanctorum
1329 1511 1576 1578 Patrum,
1625 1510 1979 1584 [ascelat-utn,

2092 605 2298 674 Πρέπει
2333 619 2412 658 σοι
2447 603 2547 674 τῆς
2581 602 2678 656 τοῦ
2701 602 3167 673 νυμφευσαμένου
3190 619 3250 655 σε
3277 601 3514 673 Χριστοῦ
3539 603 3660 660 Θεο-

2092 695 2334 767 μήτορος
2391 694 2489 749 καὶ
2541 693 2935 765 Ἀειπαρθένου
3007 692 3232 764 Μητρές
3272 693 3663 766 ὲμμουσούργῳ

2089 788 2277 858 γραφῇ
2335 785 2434 856 τὴν
2473 785 2660 848 εἰκρνα
2717 773 2830 848 σοῖς
2885 784 3168 855 πανιιροις
3217 783 3422 854 τοίχοις
3446 785 3661 856 φέρειν’

2089 879 2165 943 ὡς
2191 879 2258 933 ἂν
2282 879 2315 950 ἡ
2343 877 2431 932 διὰ
2461 877 2670 948 ταύτης
2713 894 2797 930 σοι
2843 875 3218 947 ἀναλάμψασα
3256 875 3418 947 χάρις
3447 876 3664 952 σιγῶντι

2089 969 2410 1043 κηρύγματι
2433 969 2627 1033 κοινῶς
2651 971 2765 1033 τοῖς
2787 967 2936 1031 λαοῖς
2956 966 3334 1045 διαγγέληται.
3371 967 3434 1020 Εἰ
3462 967 3537 1038 μὴ
3559 969 3663 1039 γὰρ

2089 1065 2154 1117 ἐκ
2201 1062 2405 1134 ταύτης
2441 1061 2780 1133 αεσὰρκωτο,
2819 1059 2936 1122 πῶς
2989 1057 3054 1111 σῦ
3102 1057 3181 1128 τῷ
3223 1057 3454 1129 τοιούτῳ
3482 1057 3664 1130 ὡραίῳ

2089 1156 2310 1226 νυμφίῳ
2360 1157 2418 1208 ἐν
2477 1155 2826 1224 πνευματικῇ
2891 1145 3164 1222 συναφείᾴ
3207 1149 3660 1220 προσεπέλασαςς

2091 1246 2304 1320 Πρέπει
2341 1263 2426 1300 σοι
2461 1246 2557 1300 καὶ
2599 1243 2706 1298 τῶν
2761 1243 2986 1297 πάντων
3050 1241 3224 1310 ἁγίων
3267 1238 3580 1300 ἀποστόλων
3604 1256 3662 1292 τε

2089 1341 2184 1393 καὶ
2247 1336 2546 1408 προφητῶν
2571 1375 2588 1398 ,
2626 1331 3012 1406 πατριαρχῶν,
3065 1332 3158 1384 καὶ
3188 1330 3352 1382 ὁσίων
3385 1329 3659 1400 Πατέρων,

2090 1429 2350 1501 ἀσκητῶν
2395 1445 2454 1480 τε
2505 1426 2827 1498 μαρτύρων,
2871 1425 2964 1478 καὶ
2999 1421 3201 1486 παντὸς
3249 1419 3508 1484 εὐσεϐοῦς
3539 1419 3660 1474 συλ-

2090 1519 2252 1589 λόγου
2274 1518 2373 1582 τὰς
2406 1515 2623 1578 εἰκόνας
2657 1514 2803 1568 ἔνδον
2828 1515 2948 1576 ταῖς
2976 1513 3280 1582 γραφικαῖς
3303 1513 3660 1575 κατασκευαῖς

399 1601 706 1658 solitariam
748 1605 914 1664 vitam
951 1603 1290 1679 degentium]
1329 1605 1698 1661 studiosorum
1753 1603 1828 1677 [in
1857 1607 1982 1662 cod.

2093 1609 2503 1679 ὲντυπουμένας
2555 1605 2744 1676 φέρειν
2769 1644 2784 1668 ,
2818 1603 2893 1668 ὡς
2925 1602 2992 1656 ἄν
3030 1619 3114 1656 σοι
3145 1602 3208 1654 τὺ
3245 1601 3453 1654 τέλειον
3484 1601 3582 1671 τῆς
3605 1602 3660 1668 ἐξ

399 1693 508 1750 Jul.
542 1695 594 1751 id
633 1705 717 1752 est
749 1697 1123 1764 confessornm
1149 1695 1174 1770 ]
1202 1713 1422 1767 quoque
1463 1713 1528 1754 ac
1561 1706 1886 1769 martyrum,
1930 1708 1982 1754 et

2091 1701 2266 1770 ’ύψους
2323 1716 2382 1753 σε
2438 1695 2864 1770 περιλαμψάσης
2916 1693 3206 1763 ἀνατολῆς,
3243 1693 3397 1765 πάσῃ
3428 1693 3495 1762 τῇ
3546 1692 3662 1762 θείς.

403 1787 573 1845 totius
619 1788 692 1859 pii
741 1789 957 1858 collegii
1013 1788 1280 1844 formatas
1329 1790 1602 1862 imagines
1649 1791 1882 1848 interius
1930 1792 1982 1846 in

2091 1791 2426 1846 καταστάσει
2464 1791 2620 1862 μένῃ.
2654 1788 2776 1841 Τῶν
2805 1789 2907 1859 μὲν
2934 1788 3032 1859 τὴν
3053 1787 3175 1858 σὴν,
3205 1785 3398 1858 ῶσπερ
3428 1801 3658 1855 προανα-

402 1880 747 1950 picturarum
807 1882 1248 1942 conlcctionibus
1293 1859 1490 1938 ferrei:
1533 1895 1810 1954 quatenus
1861 1884 1982 1954 ipsa

2090 1885 2414 1957 φωνούντων
2448 1859 2599 1955 ἱερὰν
2651 1881 3018 1953 πρόσκλησιν,
3051 1879 3276 1942 καὶτοῖς
3306 1877 3404 1931 τοῦ
3433 1878 3662 1948 νυμφίου

399 1971 796 2042 perfectionem
825 1973 1058 2038 orientis
1095 1973 1190 2044 qui
1235 1983 1287 2029 te
1327 1975 1396 2027 ab
1427 1975 1540 2029 alto
1583 1972 1981 2040 circumfulsit,

2090 1997 2150 2034 σε
2183 1995 2438 2048 προμνησ
2451 1976 2754 2046 σευομένων
2787 1972 3086 2044 προιγῴοις
3108 1973 3228 2036 ταῖς
3262 1967 3626 2042 προφητείαις
3647 1983 3660 1998 ·

401 2064 555 2122 omni
607 2063 822 2120 \isione
868 2073 1134 2126 ostentes.
1191 2064 1326 2134 Aliis
1375 2065 1594 2136 quidem
1640 2073 1792 2120 tuam
1845 2080 1982 2136 quo-

2090 2071 2195 2125 τῶν
2220 2070 2278 2124 δὲ
2306 2069 2384 2140 τῷ
2415 2066 2765 2138 εὐαγγελικῷ
2797 2082 2882 2118 σοι
2934 2062 3336 2118 διακονούντων
3380 2061 3546 2133 λόγῳ,
3575 2063 3662 2115 καὶ

401 2157 699 2213 ἀειηιιὶοάο
750 2157 1250 2230 ριωηιιιιιίεηιιίὺιιβ
1308 2157 1687 2225 νουτιῑίοηοῐη,
1743 2167 1800 2214 ει
1850 2173 1983 2228 PFO”
2085 2166 2157 2220 τὰ
2204 2162 2484 2235 πανταχοῦ
2511 2162 2616 2232 γῆς
2651 2159 3066 2229 ὲσκορπισμένα
3113 2175 3197 2212 σοι
3227 2157 3662 2225 ὲπισυναγόντων

377 2249 611 2321 ‘phetiis
675 2251 792 2316 suis
858 2265 1062 2321 sponso
1131 2250 1292 2320 quasi
1363 2250 1694 2320 quibusdam
1764 2249 1982 2304 dotibus

2090 2258 2288 2328 λογικὰ
2314 2257 2542 2327 ποίμνια
2570 2271 2584 2285 ·
2621 2253 2810 2306 τῶνδὲ
2843 2255 2960 2316 τοῖς
2996 2251 3150 2315 ἰδίοις
3171 2293 3186 2316 ,
3224 2250 3418 2320 ῶσπερ
3462 2247 3662 2320 ἱδρῶσι,

403 2349 566 2396 antea
600 2340 1086 2410 desponsantibus.
1133 2341 1272 2396 Aliis
1307 2355 1436 2398 vero
1469 2339 1847 2410 evangelicum
1887 2341 1982 2396 tibi

2090 2351 2176 2406 διὰ
2195 2349 2294 2421 τῆς
2313 2351 2370 2402 ὲν
2391 2347 2627 2418 δόγμασι
2641 2343 3047 2415 ταυτομο).όγου
3067 2340 3380 2412 συμπνοίας
3396 2339 3458 2394 τὸ
3487 2339 3663 2412 ἀδιάρο

405 2431 860 2495 ministrantibus
901 2433 1152 2498 verbum,
1199 2441 1254 2488 et
1284 2447 1380 2503 per
1423 2433 1738 2490 universam
1782 2445 1982 2490 terram

404 2523 656 2594 dispersa
693 2524 1044 2580 rationabilis
1083 2523 1182 2578 tibi
1209 2523 1376 2579 ovilia
1405 2524 1816 2596 colligentibns.
1851 2526 1986 2581 Aliis

405 2626 592 2672 autem
622 2619 738 2682 suis
765 2618 925 2688 quasi
957 2617 1256 2683 sudoribus
1281 2631 1378 2687 per
1401 2617 1653 2678 eamdem
1677 2617 1734 2674 in
1757 2617 1986 2690 dogma-

407 2708 557 2766 tibus
583 2709 929 2780 diligentiam
969 2707 1540 2780 incorruptibilitatem
1586 2710 1844 2781 gregibus
1879 2712 1989 2768 tuis

409 2802 815 2874 mercantibus.
850 2801 1028 2866 Porro
1069 2801 1195 2872 aliis
1226 2801 1590 2872 sanguinibns
1621 2797 1738 2872 suis
1764 2817 1891 2874 erga
1936 2811 1990 2860 te

409 2895 688 2952 sinceram
752 2895 1096 2952 ali‘ectionem
1159 2895 1326 2950 etiam
1387 2911 1564 2965 usque
1630 2894 1698 2950 ad
1756 2905 1988 2952 mortem

2091 2446 2296 2516 ῥηκτον
2321 2443 2432 2504 τοῖς
2463 2441 2576 2502 σοῖς
2618 2436 2897 2507 ποιμνίοις
2937 2433 3493 2508 πραγματευομένων
3515 2449 3529 2464 ο
3562 2431 3666 2488 τῶν

2089 2533 2146 2588 δὲ
2177 2535 2290 2597 τοῖς
2319 2528 2530 2590 ἑαυτῶν
2563 2529 2760 2598 αἵμασι
2791 2527 2854 2580 τὸ
2872 2526 3010 2599 πρὸς
3047 2525 3108 2579 σὲ
3131 2527 3354 2596 γνήσιον
3377 2523 3474 2578 καὶ
3508 2522 3665 2594 μέχρι

2091 2627 2326 2682 Θανάτου
2382 2619 2851 2692 διαφυλαξάντων,
2883 2618 2976 2676 καὶ
3031 2616 3205 2688 ταύτῃ
3231 2615 3293 2670 τδ
3328 2614 3549 2686 βέϐαιον
3571 2613 3666 2684 τῆς

2090 2723 2150 2776 ἐν
2177 2720 2262 2774 σοὶ
2316 2713 2784 2784 ἐπιδεικνυμένων
2835 2709 3098 2781 ἀληθείας
3123 2725 3140 2742 ο
3169 2701 3253 2773 οἷς
3281 2708 3384 2762 σὺν
3412 2706 3667 2778 μυριάσιν

2092 2803 2442 2876 ἐπουρανίων
2485 2800 2733 2872 ἀγγέλων
2797 2797 3207 2869 στεφανηφόρος
3266 2795 3629 2868 πομπεύουσα
3649 2833 3666 2862 ,

2093 2897 2390 2970 ἐξάγγελλε
2411 2895 2509 2958 τὰς
2538 2893 2740 2968 ἀρετὰς
2770 2891 2866 2946 τοῦ
2897 2893 2964 2946 ὲκ
2996 2893 3225 2955 σκότους
3255 2907 3316 2944 σε
3343 2891 3448 2960 τῆς
3462 2889 3670 2944 εἰδωλο-

409 2986 898 3051 conservantibus.
953 2997 1008 3058 et
1054 2985 1160 3042 hoc
1201 2985 1366 3041 modo
1406 2984 1795 3061 certitudinem
1838 2986 1894 3042 in
1938 2995 1982 3044 te

2091 2993 2292 3064 λάτρου
2327 2989 2539 3059 πλάνης
2576 2985 2911 3048 καλέσαντος
2954 2984 3034 3047 εἰς
3064 2981 3129 3036 τὸ
3161 2981 3482 3053 θαυμαστὸν
3510 2977 3668 3036 αὐτοῦ

407 3077 1222 3157 veritatisodemonstrantibus.
1257 3077 1474 3144 Quibus
1513 3092 1637 3132 cum
1669 3079 1828 3150 denis
1855 3082 1982 3141 mil-

2096 3085 2252 3159 φῶςι
2287 3083 2432 3152 λέγω
2476 3081 2540 3152 δὴ
2571 3078 2672 3150 τὴν
2706 3079 2788 3142 εἰς
2839 3076 3004 3132 αὐτόν
3045 3091 3107 3128 τε
3152 3073 3248 3128 καὶ
3296 3072 3396 3128 τὸν
3439 3072 3672 3144 ἄναρχον

413 3173 562 3230 libus
607 3173 915 3242 cmlestium
973 3173 1297 3242 angelorum
1347 3185 1614 3233 coronam
1667 3169 1872 3239 ferens,
1937 3183 1982 3231 el

2097 3174 2266 3242 αὐτοῦ
2296 3171 2538 3246 Πατέρα,
2562 3173 2659 3228 καὶ
2686 3169 2750 3224 τὸ
2774 3168 3042 3224 συναῒδιον
3073 3167 3167 3222 καὶ
3194 3164 3488 3236 ὀμοούσιον
3513 3161 3672 3218 αὐτοῦ

414 3265 758 3337 amplissime
807 3265 1134 3336 praedicans,
1181 3263 1408 3320 enuntia
1461 3263 1694 3320 virtutes
1727 3265 1848 3336 ejus
1897 3268 1982 3338 qui

2104 3266 2331 3338 Πνεῦμα
2353 3281 2368 3298 ο
2392 3263 2495 3335 τὴν
2531 3262 2662 3334 μίαν
2685 3257 3064 3332 ὑπεραρχικὴν
3117 3257 3304 3328 φύσιν,
3347 3258 3557 3320 πίστιν,
3583 3255 3674 3310 καὶ

414 3359 483 3414 de
530 3358 774 3415 tenebris
804 3367 856 3414 te
882 3357 1212 3422 idololatrici
1239 3356 1448 3413 erroris
1477 3359 1692 3415 vocavit
1720 3357 1775 3413 in
1805 3359 1982 3416 admi-

2099 3359 2416 3434 ὁμολογίαν,
2450 3349 2496 3426 ᾧ
2525 3357 2561 3425 ἠ
2579 3354 2708 3422 δόξα
2738 3353 2832 3407 καὶ
2855 3353 2920 3405 τὸ
2945 3350 3153 3424 κράτος
3178 3349 3274 3405 νῦν
3300 3349 3402 3404 καὶ
3438 3351 3518 3418 εἰς
3552 3346 3674 3412 τοὺς

417 3450 592 3508 rabile
641 3449 824 3515 lumen
871 3464 1056 3518 suum,
1109 3449 1162 3504 id
1199 3457 1308 3516 est,
1355 3447 1414 3504 in
1443 3463 1503 3504 se
1535 3464 1601 3504 ac
1643 3447 1860 3507 Patrem
1901 3455 1982 3523 qui

2101 3453 2426 3524 σύμπαντας
2463 3446 2668 3511 αἰῶνας
2703 3445 2814 3500 τῶν
2851 3441 3089 3498 αἰώνων.
3124 3442 3322 3512 Ἀμήν.

419 3543 542 3598 sine
605 3542 762 3598 initio
801 3550 907 3608 cst,
959 3550 1123 3612 atque
1172 3539 1227 3595 in
1291 3539 1798 3609 consempiternum
1848 3551 1904 3598 et
1961 3541 2484 3604 consubstantialem
2533 3537 2800 3610 Spiritum
2852 3551 3056 3602 suum,
3111 3533 3167 3589 in
3231 3547 3404 3588 unam
3477 3529 3673 3587 scilicet

419 3644 544 3702 quan
579 3641 663 3687 est
699 3646 868 3702 super
905 3645 1124 3686 omnem
1167 3629 1557 3700 ρι’ίηοίυθιιιω,
1609 3641 1885 3700 naturam,
1937 3635 2096 3694 ﬁdem
2128 3645 2182 3691 et
2211 3631 2637 3705 confessionem.
2669 3626 2772 3684 Cui
2799 3625 2972 3698 gloria
3003 3634 3056 3684 et
3099 3623 3398 3696 imperium
3447 3635 3590 3678 nunc
3620 3627 3674 3676 et

424 3727 479 3788 in
515 3723 771 3797 universa
803 3725 1005 3792 saecula
1035 3725 1383 3792 saeculorum.
1416 3724 1613 3789 Amen.
1803 3713 1809 3721 ’
1964 3721 1972 3729 “
2093 3721 2101 3729 ’
2221 3708 2228 3718 “
2393 3705 2403 3715 ⁸
