3930 6420
242 402 370 472 1345

1275 400 1374 462 DE
1407 396 1642 461 DlVlN.
1686 398 1971 460 SCRIPT.
2024 393 2455 462 UTILITATE.

3340 403 3476 468 1346

239 523 560 592 κατάλληλον
602 520 789 584 αὐτοῖς
839 518 1240 590 προφέρουσιν·
1303 517 1426 571 οῦτε
1475 515 1839 586 ἁναργύρους,
1881 514 2004 569 οὔτε
2064 515 2354 585 βασίλειον,
2385 515 2508 570 οὒτε
2533 517 2658 572 τινὰ
2687 517 2794 573 τῶν
2823 519 2992 588 ἁγίων
3039 517 3198 574 ἄλλον
3239 525 3316 586 εἰς
3353 523 3477 576 νοῦν

237 613 609 682 λαμϐάνοντες,
640 613 755 673 τοῖς
779 609 1099 665 ἀσθενοῦσιν
1131 607 1550 680 ἐπικουροῦντα.

301 713 506 779 Ὥσπερ
549 707 605 761 δὲ
652 707 746 760 ἐπὶ
781 705 894 759 τῶν
933 704 1264 776 σωματικῶν
1289 702 1500 767 τούτοις
1525 704 1584 756 οὐ
1624 701 1792 773 μέλει,

1975 701 2047 756 L't
2096 701 2299 757 nullam
2349 701 2593 770 corporis
2637 717 2826 756 curam
2861 703 3104 769 habent,
3141 704 3220 759 sic
3273 711 3479 758 mulam

231 801 365 854 οὕτω
399 799 466 864 δὴ
501 797 594 850 καὶ
634 797 727 850 ἐπὶ
763 797 872 850 τῶν
912 795 1180 866 ψυχικῶν.
1219 794 1624 862 Ἀδοκιμάστως
1661 797 1800 848 ἁπο-

233 891 468 959 κείρουσι
497 891 623 950 τοὺς
661 889 1134 960 προσερχομένους
1154 905 1168 918 ·
1201 884 1320 942 εἶτα
1351 886 1686 958 ὲξορίζουσιν
1722 889 1802 950 εἰς

234 980 426 1050 μυρίας
482 979 732 1065 ἀνοδίαις·
791 981 849 1031 ὲν
896 979 1194 1050 βουκολίοις
1252 980 1347 1032 καὶ
1393 979 1656 1043 αἰπολίοις
1707 980 1802 1032 καὶ

231 1068 492 1137 ποιμνίοις
525 1069 616 1120 καὶ
650 1067 876 1137 μύλωσι,
909 1070 1004 1121 καὶ
1042 1072 1154 1132 τοῖς
1187 1069 1412 1139 ὁμοίοις,
1472 1071 1616 1140 ᾶπερ
1649 1071 1802 1124 αὐτοὶ

229 1162 316 1216 καὶ
349 1161 398 1212 οι
433 1159 649 1224 τούτοις
678 1160 1101 1231 συμφράδμονες
1133 1159 1364 1231 ἐφεῦρον
1390 1161 1469 1222 είς
1495 1175 1800 1230 καταστρο-

227 1251 458 1323 φὴν-τῶν
484 1251 673 1322 ψυχῶν
699 1251 900 1306 αὐτῶν.
943 1253 1054 1306 Καὶ
1089 1251 1450 1322 πεπλήρωται
1500 1251 1586 1304 ἐπ’
1616 1251 1801 1314 αὐτοῖς

225 1347 284 1398 τὸ
305 1343 396 1396 τοῦ
430 1343 639 1414 Κυρίου
667 1343 802 1416 πρὸς
826 1345 953 1407 τοὺς
976 1343 1334 1416 Γραμματεῖς
1357 1345 1448 1397 καὶ
1473 1343 1800 1414 Φαρισαίους

225 1435 512 1506 είρημὲνον
535 1451 550 1466 ·
589 1454 609 1487 ι
639 1436 759 1489 Ὅτι
791 1439 1116 1508 περιάγουσι
1151 1435 1249 1506 τὴν
1278 1435 1552 1490 θάλασσαν
1581 1436 1672 1488 καὶ
1699 1435 1798 1507 τὴν

225 1525 410 1596 ξηρὰν,
441 1526 672 1597 ποιῆσαι
711 1527 809 1580 Eva.
843 1527 1206 1598 προσήλυτον,
1240 1527 1334 1580 καὶ
1377 1528 1506 1580 ὅταν
1547 1527 1795 1596 γένηται,

225 1617 464 1671 ποιοῦσιν
522 1619 687 1672 αὐτὸν
727 1619 844 1672 υίὸν
882 1621 1130 1689 γεέννης,
1177 1619 1493 1690 διπλότερον
1539 1604 1740 1671 αὐτῶν.
1772 1635 1792 1668 ι

236 1709 368 1764 Ἀλλ’
398 1709 544 1764 οὕτω
592 1710 694 1780 μὲν
724 1713 923 1766 ταῦτα.
955 1712 1022 1765 τί
1067 1713 1126 1766 δὲ
1177 1713 1258 1765 ἔτι
1293 1711 1542 1765 λείπεται
1584 1711 1794 1774 είπεῖν;

225 1797 476 1867 Εῖπωμεν
501 1797 688 1868 ἀκμὴν
719 1801 848 1870 περὶ
875 1799 1314 1870 ἑξομολογήσεως
1353 1801 1448 1854 καὶ
1479 1801 1793 1870 μετανοίας·

225 1888 381 1942 πόθεν
407 1888 466 1942 δὲ
506 1891 599 1943 καὶ
635 1889 809 1944 ταῦτα
849 1891 1047 1963 ἔχομεν
1094 1892 1515 1958 πιστώσασθαι;
1561 1893 1657 1945 Ἐκ
1697 1891 1798 1963 τῆς

222 1979 373 2048 άγίας
411 1981 637 2054 Γραφῆς
667 1982 887 2048 πάντως
907 1999 924 2016 ·
952 1985 1046 2038 καὶ
1073 1987 1154 2049 είς
1190 1985 1360 2056 μέσον
1384 1985 1682 2055 ἀγάγωμεν
1704 1984 1796 2038 τὸν

1905 791 2119 844 animm.
2157 793 2494 847 Acceileuu-s
2523 791 2588 845 ad
2622 807 2680 848 se
2710 793 2826 848 sine
2865 795 3186 863 probatione
3231 797 3478 859 tondent,

1905 900 2107 953 perque
2171 885 2316 937 mille
2385 884 2500 938 loca
2570 883 2714 938 invia
2776 893 3050 952 amarent,
3104 886 3355 957 (scilicet)
3411 889 3479 942 ad

1903 976 2090 1039 boum,
2121 991 2432 1045 caprarum,
2461 976 2751 1046 oviumque
2780 992 3003 1047 pascua,
3039 979 3107 1033 ad
3139 980 3473 1044 molendina,

1903 1067 2119 1134 aliaque
2147 1067 2346 1121 similia
2375 1069 2443 1121 ab
2467 1068 2596 1136 ipsis
2627 1076 2680 1122 et
2708 1069 2951 1137 ipsorum
2999 1072 3236 1126 consciis
3270 1071 3323 1126 in
3351 1087 3474 1140 per-

1899 1161 2163 1214 ditionem
2199 1159 2507 1213 animarum
2544 1160 2784 1215 inventa.
2833 1161 2900 1216 Et
2945 1163 3272 1233 adimpletur
3303 1165 3356 1218 in
3397 1164 3477 1219 eis

1902 1252 2126 1304 verbum
2179 1249 2391 1303 Domini
2423 1251 2491 1304 ad
2523 1250 2745 1306 Sci-ibas
2805 1261 2858 1306 et
2894 1253 3236 1308 Pharisaeos:
3275 1273 3293 1305 ι
3331 1253 3477 1308 Mare

1901 1348 1954 1395 et
1988 1350 2164 1396 terras
2193 1339 2515 1409 pereurritis
2548 1341 2614 1394 ad
2652 1356 2820 1395 unum
2855 1343 3181 1414 proselytam
3223 1359 3474 1414 quaeren-

1899 1433 2052 1498 dum,
2098 1447 2286 1502 quem,
2333 1447 2456 1486 cum
2495 1431 2818 1499 invenistis,
2855 1433 3356 1508 eﬂicitisgehcnnm
3407 1435 3473 1490 tl-

1897 1525 2054 1587 lium,
2107 1525 2273 1593 duplo
2321 1539 2485 1592 quam
2540 1527 2720 1580 vos".
2759 1545 2777 1577 ι
2814 1527 2920 1582 Sed
2957 1527 3029 1581 ita
3097 1543 3186 1583 res
3247 1543 3306 1583 se
3371 1529 3472 1582 ha-

1897 1616 2046 1672 bent.
2073 1615 2213 1682 Quid
2247 1616 2396 1671 dictu
2428 1632 2576 1672 nunc
2603 1618 2918 1688 reliquum?
2943 1619 3223 1675 Continuo
3253 1621 3319 1676 de
3345 1636 3475 1676 con-

1900 1708 2134 1764 fessione
2157 1716 2210 1762 et
2229 1707 2548 1778 paenitentia
2572 1697 2882 1779 loquamur.
2907 1709 3060 1765 Unde
3092 1711 3252 1767 nobis
3271 1711 3338 1766 de
3357 1711 3478 1767 istis

1899 1798 2033 1853 lides
2054 1799 2238 1854 venit?
2263 1798 2338 1853 Ex
2370 1814 2525 1854 sacra
2554 1798 2839 1868 Scriptura
2871 1799 3119 1854 omnino.
3145 1799 3200 1852 In
3234 1799 3474 1854 medium

1897 1891 2223 1946 inducamus
2257 1891 2546 1960 antiquum
2578 1888 2838 1955 Lameeh,
2871 1904 2994 1944 cum
3045 1891 3098 1943 in
3158 1890 3252 1944 tali
3305 1905 3476 1946 causa

1898 1995 2074 2050 usque
2117 1981 2184 2036 ad
2233 1996 2360 2036 eum
2410 1979 2726 2051 genealogia
2781 1977 3128 2049 (repetatur),
3187 1979 3473 2049 quomodo

225 2069 381 2124 πάλαι
647 2072 770 2126 ἐπεὶ
795 2073 892 2128 καὶ
919 2072 1007 2127 διὰ
1032 2049 1203 2128 τοῦτο⁷
1223 2075 1413 2146 μέχρις
1433 2049 1608 2130 ἀὐτοῦ
1635 2077 1667 2145 ἡ
1697 2093 1792 2144 γε-

1905 2049 2061 2125 Caini
2105 2062 2354 2140 exemplo
2385 2049 2450 2125 ad
2491 2071 2816 2138 sapientiam
2848 2077 3152 2130 revocatus,
3185 2068 3474 2138 factusque

223 2162 490 2231 νεαλογία·
519 2163 669 2226 ὅπως
709 2163 800 2218 διὰ
839 2163 934 2218 τοῦ
975 2164 1115 2218 Κάῖν
1156 2160 1312 2230 οὗτος
1363 2167 1748 2237 σωφρονισθείς
1775 2185 1791 2198 ·

225 2251 516 2324 μετανοῶν,
542 2253 740 2309 ἑαυτοῦ
768 2255 992 2326 τραῦμα
1019 2257 1234 2326 ἡγεῖται
1259 2257 1350 2309 τὸν
1384 2256 1568 2324 φόνον.
1600 2257 1794 2310 Πολλαο

222 2343 502 2408 πλασιάξει
537 2347 648 2416 γὰρ
682 2345 862 2416 ἑαυτῷ
883 2346 984 2418 τὴν
1007 2347 1278 2418 τιμωρίαν
1303 2347 1394 2400 τοῦ
1425 2349 1792 2419 προπάτορος·

221 2431 306 2485 καί
332 2448 530 2502 φησιν·
565 2451 585 2485 ι
623 2431 748 2486 Ὅτι
781 2434 1011 2498 ἑπτάκις
1041 2434 1387 2505 ὲκδεδίκηται
1415 2437 1480 2488 ὲκ
1521 2437 1692 2490 Κάῖν·
1729 2437 1796 2488 ὲκ

219 2521 272 2576 δὲ
299 2524 490 2596 Λάμεχ
557 2524 1018 2598 ἑϐδομηκοντάκις
1051 2527 1210 2582 ἑπτά.
1249 2546 1270 2579 ι
1316 2529 1474 2581 Ἤτοι
1511 2528 1663 2600 παρὰ
1694 2527 1794 2598 μὲν

219 2613 306 2669 τοῦ
332 2616 475 2672 Κάῖν
515 2615 593 2680 ὡς
630 2617 846 2688 μεγάλα
879 2619 1321 2690 ἁμαρτήσαντος.
1362 2619 1594 2682 ἑπτάκις
1623 2619 1794 2685 ἐξεδι-

216 2707 350 2778 non
393 2710 423 2762 ὁ
454 2708 620 2778 φόνος
644 2725 659 2742 ·
707 2710 768 2776 ἐξ
804 2709 938 2782 ἐμοῦ
981 2712 1039 2766 δὲ
1081 2713 1158 2776 ὡς
1188 2713 1470 2767 καταπολὺ
1505 2712 1790 2784 μειζόνως,

212 2796 672 2872 ἑϐδομηκοντάκις
725 2803 866 2858 ἑπτά
921 2804 1340 2876 ἑκδικηθήσεται
1373 2823 1388 2838 ·
1449 2805 1532 2859 ἔτι
1585 2805 1645 2860 δὲ
1701 2807 1794 2860 τὸν

213 2889 365 2946 Δαυτδ
391 2892 763 2964 ἐλεγχόμενον
794 2895 900 2950 ὑπὸ
936 2896 1030 2950 τοῦ
1053 2896 1278 2951 Νάθαν·
1302 2897 1394 2952 τὸν
1432 2898 1657 2968 ’Λχαὰϐ,
1687 2897 1793 2952 ὑπὸ

222 2979 394 3035 Ἠλίου
411 2999 426 3015 ·
471 2984 566 3037 τδν
591 2985 826 3057 Μανασῆ
849 2987 954 3040 ὑπὸ
976 2985 1071 3041 τοῦ
1092 2988 1293 3042 οἰκείου
1321 2989 1640 3055 συνειδότος·
1667 2991 1793 3055 τοὺς

211 3069 506 3138 Νινευίτιις
529 3091 543 3104 ·
571 3075 663 3129 τὸν
692 3077 913 3148 Πέτρον.
947 3079 1157 3142 οἵτινες
1181 3079 1488 3153 ἠλεήθησαν
1510 3080 1599 3136 διὰ
1625 3098 1792 3152 μετα-

211 3162 382 3228 νοίας·
413 3163 620 3234 ὧσπερ
649 3168 978 3232 τούναντίον,
1009 3171 1059 3223 oi
1089 3169 1164 3242 μὴ
1193 3174 1642 3245 μετανοήσαντες.
1669 3174 1792 3228 Ὅτι

209 3251 261 3306 δὲ
303 3259 368 3327 τῇ
414 3257 686 3330 μετανοίᾳ
724 3261 818 3314 καὶ
849 3260 1232 3333 ἐξομολογήσει
1267 3264 1362 3317 καὶ
1392 3265 1519 3328 τοὺς
1545 3264 1794 3336 καρποὺς

209 3345 377 3438 αύτῶν
407 3348 654 3404 ἕπεσθαι
684 3351 783 3415 δεῖ,
818 3351 1087 3423 μάθοιμεν
1112 3354 1180 3408 ἂν
1232 3355 1325 3408 καὶ
1364 3354 1474 3410 ἀπὸ
1503 3356 1615 3408 τῶν
1639 3357 1790 3426 είρη-
1818 3379 1862 3438 c

215 3435 408 3504 μένων·
451 3439 656 3509 μᾶλλον
685 3440 742 3496 δὲ
769 3444 834 3494 ὲκ
871 3443 962 3496 τοῦ
997 3443 1096 3497 νῦν
1127 3445 1504 3516 ῥηθησομένου
1551 3446 1789 3515 εὐαγγε-

213 3526 354 3582 λικοῦ
397 3531 568 3602 ῥητοῦ
619 3534 746 3604 περὶ
777 3533 871 3586 τοῦ
901 3534 1150 3589 Ἰωάννου
1176 3552 1190 3568 ·
1235 3557 1252 3589 ι
1288 3537 1446 3604 Τότε,
1487 3537 1674 3610 φησὶν,
1703 3537 1788 3603 EE-

215 3621 499 3692 επορεύετο
532 3623 670 3694 πρὸς
710 3623 872 3677 αὐτὸν
928 3627 1081 3682 πᾶσα
1121 3628 1468 3700 Ἱεροσόλυμα
1517 3629 1612 3682 καὶ
1641 3631 1790 3684 πᾶσα

227 3711 472 3776 Ἰουδαία,
515 3715 612 3766 καὶ
639 3716 790 3773 πᾶσα
817 3716 850 3785 ἡ
889 3718 1197 3789 περίχωρος
1227 3718 1322 3773 τοῦ
1361 3721 1624 3789 Ἰορδάνου
1643 3737 1658 3753 ·
1695 3723 1792 3776 καὶ

217 3800 566 3868 ἐϐαπτίζοντο
608 3806 668 3858 ἐν
692 3806 768 3877 τῷ
809 3809 1048 3882 Ἰορδάνῃ
1081 3810 1173 3862 ὑπ’
1195 3810 1358 3864 αὐτοῦ
1383 3828 1398 3842 ·
1429 3811 1787 3880 ἐξομολογού-

217 3907 363 3957 μενοι
409 3892 514 3957 τὰς
567 3893 842 3964 ἁμαρτίας
894 3898 1098 3950 αὐτῶν.
1142 3897 1288 3953 Ἰδὼν
1318 3899 1375 3954 δὲ
1409 3901 1640 3964 πολλοὺς
1680 3901 1791 3954 τῶν

213 3980 521 4054 Φαρισαίων
563 3987 660 4040 καὶ
701 3987 1072 4045 Σαδδουκαίων
1097 3992 1426 4062 ἐρχομένους
1460 3993 1554 4046 ἐπὶ
1593 3993 1655 4046 τὸ
1687 3993 1787 4062 βά-

216 4089 418 4146 πτισμα
465 4077 658 4144 αὑτοῦ,
714 4075 868 4134 εἶπεν
915 4082 1132 4146 αὐτοῖς·
1176 4084 1498 4154 Γεννήματα
1541 4085 1786 4156 ἐχιδνῶν·

213 4165 292 4226 τίς
318 4165 602 4232 ὑπέδειξεν
628 4169 756 4240 ὑμῖν
780 4175 973 4240 φυγεῖν
1003 4173 1111 4228 ἀπὸ
1131 4175 1228 4246 τῆς
1252 4175 1553 4246 μελλούσης
1583 4178 1786 4249 ὀργῆςς

215 4258 470 4342 ποιήσατε
499 4254 592 4314 οὖν
624 4264 873 4333 καρποὺς
899 4265 1086 4332 ἀξίους
1107 4267 1206 4338 τῆς
1239 4269 1526 4338 μετανοίας
1547 4285 1562 4302 ·
1583 4270 1677 4322 καὶ
1715 4269 1790 4342 μὴ

213 4341 396 4415 δόξητε
456 4347 642 4415 λέγειν
703 4353 762 4404 ὲν
824 4353 1039 4420 ἑαυτοῖς
1063 4394 1080 4419 ,
1150 4358 1370 4429 Πατέρα
1430 4358 1628 4430 ἔχομεν
1697 4341 1790 4414 τὸν

225 4430 496 4508 Ἀϐραάμ.
533 4457 555 4491 ι
585 4439 772 4494 Ταῦτα
796 4443 862 4496 ὲκ
887 4444 1102 4498 πολλῶν
1149 4447 1312 4518 χάριν
1345 4451 1788 4522 παραδείγματος

215 4527 552 4616 προύθέμην,
609 4531 687 4597 ὡς
716 4535 996 4605 καταρχὰς
1018 4539 1288 4608 είρήκειν,
1333 4540 1420 4594 ἵνα
1447 4541 1619 4610 γνῶτε
1651 4544 1728 4606 ὡς
1752 4545 1786 4616 ἡ

215 4613 330 4672 θεία
391 4621 590 4694 Γραφή
657 4626 804 4678 ἐστιν
866 4628 900 4697 ή
964 4629 1278 4696 φωτίζουσα
1317 4635 1488 4704 ἡμᾶς.
1538 4635 1646 4688 Καὶ
1701 4613 1789 4690 διά

1894 2165 2186 2236 ρωιιίιειιε,
2205 2165 2404 2219 vulnus
2429 2179 2458 2218 a
2495 2179 2553 2219 se
2586 2162 2848 2218 inilictum
2884 2163 3240 2218 homicidium
3276 2162 3471 2218 existi-

1895 2271 2078 2320 mans,
2105 2256 2344 2310 debitam
2379 2256 2482 2311 sibi
2518 2269 2735 2326 pinnam
2764 2255 3090 2323 multiplicat
3126 2253 3339 2324 proavi,
3384 2253 3473 2307 di-

1894 2363 2025 2404 cens
2053 2367 2067 2403 :
2107 2365 2128 2400 ‹
2169 2349 2305 2414 Quia
2336 2363 2498 2419 paena
2541 2362 2572 2403 e
2599 2348 2771 2402 Caino
2805 2347 3006 2416 septies
3063 2355 3276 2412 exacta,
3307 2360 3339 2401 e
3363 2344 3468 2400 La-

1895 2437 2049 2492 mech
2104 2437 2476 2508 septuagesies
2535 2438 2737 2508 septies
2797 2438 3146 2509 exigetur“;
3180 2455 3199 2488 ι
3262 2436 3472 2491 Caluus

1893 2526 2135 2598 quidem,
2173 2527 2266 2598 qui
2295 2541 2626 2596 magnopere
2656 2526 2920 2594 peccavit,
2953 2527 3225 2581 homicida
3269 2529 3471 2596 septies

1894 2617 2120 2688 punitus
2152 2617 2284 2680 fuit;
2316 2633 2416 2688 ego
2447 2628 2650 2684 autem,
2685 2619 2775 2689 qui
2808 2618 2982 2672 multo
3015 2616 3217 2689 magis,
3253 2626 3472 2686 septua-

1895 2709 2070 2776 gesies
2095 2709 2316 2780 septies.
2349 2709 2722 2780 (luducamus)
2760 2721 2808 2764 et
2845 2709 3107 2764 Daridem
3149 2725 3180 2764 a
3221 2708 3471 2763 Nathaue

1895 2801 2310 2872 reprehensum,
2341 2801 2530 2855 Achab
2556 2801 2626 2856 ab
2663 2797 2802 2864 Elia,
2836 2800 3124 2856 Manassen
3172 2815 3202 2856 a
3249 2799 3470 2871 propria

1893 2893 2252 2958 conscientia,
2285 2891 2576 2957 Ninivitas,
2605 2892 2828 2946 Petrum
2851 2933 2866 2960 ,
2898 2891 2988 2962 qui
3019 2893 3337 2962 poenitentia
3366 2895 3473 2948 mi-

1894 2985 2278 3047 sericordiam,
2309 2983 2782 3055 impoenitentihus
2830 2993 3078 3054 negatam
3116 2993 3246 3040 sunt
3273 2999 3471 3040 censeo

1893 3075 2029 3130 cuti.
2050 3073 2393 3130 Pmnitentite
2416 3089 2546 3130 vero
2574 3083 2627 3129 et
2648 3074 2982 3131 confessioni
3013 3090 3144 3132 suos
3175 3077 3474 3132 succedere

1895 3165 2108 3221 fructus
2171 3167 2450 3221 discemus
2483 3182 2548 3221 ex
2583 3167 2743 3221 modo
2805 3167 2993 3228 dictis,
3027 3167 3120 3222 sed
3155 3168 3374 3237 planius
3404 3182 3471 3222 ex

1895 3271 2044 3312 nunc
2089 3257 2310 3312 citaudo
2342 3257 2660 3328 evangelico
2685 3259 2751 3313 de
2777 3255 2988 3313 Joanne
3016 3259 3183 3314 verbo
3211 3277 3225 3313 :
3258 3277 3277 3311 ι
3307 3255 3472 3322 Tum,

1896 3348 2118 3409 dicitur,
2155 3359 2427 3402 venerunt
2453 3351 2520 3404 ad
2557 3364 2682 3402 eum
2717 3349 2901 3404 omnis
2929 3347 3256 3414 Jerusalem,
3289 3351 3472 3404 otnnis

1891 3435 2099 3501 .ludzea.
2126 3455 2429 3508 omnesque
2462 3440 2608 3494 circa
2633 3439 2928 3495 Iordanem
2963 3431 3297 3504 habitantes,
3320 3451 3370 3496 et
3403 3443 3472 3496 ab

1889 3545 1958 3586 eo
1994 3531 2046 3584 in
2081 3529 2322 3585 Jordane
2369 3529 2831 3598 baptizabantur,
2885 3531 3203 3586 contuentes
3251 3542 3469 3599 peccata

1891 3638 2012 3678 sua.
2049 3622 2250 3678 \‘idens
2295 3631 2479 3677 autem
2515 3623 2718 3676 multos
2747 3621 3056 3677 Pharisaeos
3077 3621 3472 3678 ctSaddum-os

1891 3713 1984 3782 qui
2015 3713 2084 3768 ad
2117 3713 2449 3782 baptismum
2479 3720 2764 3778 venerant,
2793 3712 2934 3767 dixit
2967 3713 3074 3768 illis
3103 3731 3115 3768 :
3142 3711 3468 3784 Viperarum

1893 3805 2133 3870 soboles,
2157 3803 2282 3874 quis
2313 3817 2410 3856 vos
2439 3801 2628 3856 docuit
2650 3819 2680 3857 a
2714 3803 2896 3858 futura
2925 3803 3006 3858 ira
3036 3802 3470 3876 fugere?Facite

1891 3911 2021 3966 ergo
2046 3895 2243 3966 dignos
2274 3891 2490 3948 fructus
2525 3893 2885 3961 paenitentiae,
2930 3908 3109 3964 neque
3139 3895 3470 3964 superbiatis

1890 3989 2138 4043 dicentes
2182 4001 2196 4038 :
2243 3983 2456 4040 Patrem
2489 3984 2756 4040 habemus
2785 3985 3061 4040 Abraham
3085 3986 3150 4040 ¹¹.
3191 4005 3210 4037 ι
3245 3986 3347 4041 Ista
3402 4002 3469 4040 ex

1890 4078 2080 4132 multis
2111 4076 2340 4146 exempli
2371 4089 2538 4130 causa
2569 4076 2769 4146 protuli
2797 4115 2813 4140 ,
2845 4075 2988 4130 sicut
3018 4090 3048 4128 a
3077 4075 3352 4146 principio
3383 4076 3470 4131 di-

1891 4185 2102 4232 xeram,
2137 4177 2197 4224 ut
2228 4167 2418 4224 sciatis
2448 4181 2657 4222 sacram
2691 4168 3032 4238 Scripturam
3063 4183 3188 4224 esse
3217 4169 3380 4224 nobis
3413 4169 3468 4224 in

1890 4261 2090 4326 lucem,
2148 4261 2378 4331 ideoque
2429 4260 2758 4331 diligeudos,
2795 4260 3224 4330 amplectendos,
3275 4263 3471 4333 acqui-

1891 4353 2092 4408 rendos
2120 4367 2312 4408 sacros
2348 4353 2539 4418 libros,
2569 4367 2872 4423 eorumque
2899 4354 3066 4408 verba
3097 4364 3352 4409 accurate
3387 4357 3468 4409 le-

1891 4447 2066 4516 genda
2093 4453 2257 4515 atque
2293 4444 2347 4498 in
2376 4453 2556 4498 mente
2587 4443 2924 4514 reponenda,
2960 4455 3019 4500 ut
3046 4461 3134 4512 ea,
3167 4463 3292 4502 eum
3329 4461 3470 4518 opus

1889 4537 2076 4602 fuerit,
2125 4539 2177 4592 in
2227 4537 2435 4592 auxilio
2489 4537 2810 4592 habeamus.
2842 4537 2898 4592 Si
2927 4539 3072 4592 enim
3105 4539 3263 4595 libris
3295 4542 3470 4594 sacris

1893 4633 2149 4690 Christus
2175 4639 2232 4687 et
2298 4631 2554 4701 discipuli
2609 4640 2863 4699 utuntur,
2899 4632 3076 4686 multo
3109 4633 3282 4702 magis
3310 4635 3469 4686 nobis

213 4707 368 4764 τοῦτο
415 4713 642 4786 ἀγαπᾷν
685 4716 768 4770 δεῖ
814 4716 915 4782 τὰς
964 4719 1118 4790 ἱεράς
1169 4721 1426 4792 βίϐλους·
1461 4727 1558 4778 καὶ
1609 4725 1790 4780 ἀσπά-

1896 4725 2130 4782 inﬂrmis
2155 4731 2239 4779 est
2264 4723 2552 4780 utendum.

213 4796 422 4896 ςεσθαι,
465 4810 558 4864 καὶ
581 4811 834 4879 κτᾶσθαι,
863 4815 962 4868 καὶ
999 4817 1238 4886 συνεχῶς
1301 4819 1690 4896 ᾁναπτύσσειν,
1757 4823 1854 4875 κει)⁴
1891 4821 1958 4874 τά
2019 4821 2082 4872 ὲν
2121 4819 2316 4881 αὐταῖς
2370 4817 2618 4889 ἀκριϐῶς
2671 4817 3000 4888 διέρχεσθαι,
3041 4821 3134 4872 καὶ
3179 4821 3237 4872 ὲν
3279 4819 3358 4889 τῷ
3392 4819 3470 4890 νῷ

213 4894 604 4958 ἀποτίθεσθαι·
629 4905 695 4958 ἵν’
723 4905 852 4959 ὅταν
877 4904 972 4979 δέῃ
1001 4906 1216 4978 ἔχωμεν
1237 4894 1379 4964 αὐτὰ
1434 4911 1516 4975 είς
1577 4911 1847 4984 βοήθειαν.
1889 4912 1954 4966 El
1989 4911 2099 4982 γὰρ
2142 4913 2172 4966 ὁ
2203 4909 2455 4982 ,Χριστὸς
2507 4909 2602 4962 καὶ
2643 4911 2692 4962 oi
2725 4909 2915 4964 τούτου
2959 4910 3198 4982 μαθηταὶ
3241 4914 3469 4968 ταύταις

214 4995 475 5064 χρῶνται,
503 4997 683 5071 πολλῷ
715 4999 918 5070 μᾶλλον
952 5003 1100 5072 ἡμᾶς
1120 5003 1246 5068 τοὺς
1276 5003 1522 5068 ἀσθενεῖς
1551 5007 1787 5078 χρᾶσθαι
1823 5007 1924 5062 δεῖ.

293 5090 457 5148 Ἀλλά
511 5111 712 5166 φησιν·
759 5095 1196 5164 Ἀναγινώσκων,
1255 5099 1317 5152 οὐ
1377 5101 1600 5173 συνίημι
1647 5101 1792 5176 ἅπερ

216 5179 588 5252 ἀναγινώσκω.
637 5187 819 5258 Μήτις
858 5188 1052 5259 Αἰθίοψ
1085 5186 1154 5255 εἷ,
1182 5191 1305 5245 είπέ
1349 5208 1472 5262 μοι·
1515 5193 1550 5264 ἦ
1583 5194 1788 5266 Ἄραψ·

215 5271 296 5325 ὅτι
323 5277 384 5328 οὐ
421 5277 716 5345 γινώσκεις
745 5279 848 5352 τὴν
877 5280 987 5334 τῶν
1025 5282 1279 5354 Γραικῶν
1315 5283 1632 5351 διάλεκτον;
1667 5287 1790 5339 τίνα

216 5363 323 5434 γὰρ
373 5366 662 5423 δυσκολίαν
686 5369 830 5439 ἔχει·
859 5390 879 5423 ι
903 5371 1095 5438 Βίϐλος
1119 5375 1386 5443 γενέσεως
1429 5375 1602 5447 Ἰησοῦ
1651 5379 1788 5450 Χρι-

218 5451 515 5518 στοῦ,υίοῦ
547 5460 728 5527 Δαυῒδ,
761 5461 882 5516 υἱοῦ
918 5463 1212 5536 Ἀϐραὰμ;’
1245 5484 1263 5519 ι
1289 5466 1457 5520 Οὐδὲν
1499 5469 1557 5520 ὲν
1602 5469 1784 5533 αὐτοῖς

219 5547 428 5603 σκολιὸν
449 5551 570 5606 οὐδὲ
597 5554 1038 5624 στραγγαλιῶδες
1065 5557 1210 5612 κατὰ
1231 5558 1324 5612 τὸν
1348 5559 1781 5631 Παροιμιαστήν·

218 5637 390 5694 πάντα
431 5643 596 5698 εὐθέα
639 5647 756 5698 ἐστὶ
785 5648 901 5710 τοῖς
928 5647 1130 5710 νοοῦσι,
1167 5650 1264 5703 καὶ
1293 5649 1432 5721 ὀρθὰ
1475 5653 1586 5714 τοῖς
1637 5653 1788 5722 εὐρίιο

218 5741 404 5786 σκουσι
435 5733 636 5804 γνῶσιν
657 5752 672 5767 ·
705 5735 766 5788 οὐ
803 5736 914 5808 γὰρ
958 5737 1372 5810 εὐληπτοτὲρως
1417 5742 1594 5795 εἰπεῖν
1630 5742 1789 5794 τοῦτο

309 5842 361 5878 ⁸³
387 5845 577 5902 Matth.
611 5863 768 5915 χχιιι,
801 5849 888 5904 lii.

965 5849 1012 5881 ’°
1051 5849 1187 5905 Gen.
1218 5867 1290 5918 tv,
1323 5853 1412 5908 24.
1508 5855 1552 5886 ’ί
1573 5853 1866 5925 Manium,
1897 5861 1950 5917 θ.

1971 5101 2076 5157 Sed
2113 5101 2296 5172 (forte)
2327 5101 2524 5172 aliquis
2545 5102 2744 5158 dixerit
2774 5119 2788 5156 :
2820 5102 3185 5174 Legens,qua°.
3211 5105 3331 5174 lego
3357 5119 3468 5159 non

1896 5193 2159 5264 intelligo.
2207 5193 2474 5249 Utrumne
2529 5193 2800 5265 Ethiops
2835 5211 2926 5260 es,
2983 5210 3052 5250 an
3099 5196 3304 5262 Arabs,
3370 5197 3466 5268 qui

1895 5283 2215 5341 Graecorum
2269 5285 2563 5340 dialectum
2613 5286 2871 5355 ignores?
2890 5286 3195 5354 Quamnam
3226 5291 3466 5357 praebent

1891 5373 2259 5432 diﬂicultatem
2322 5375 2583 5450 (verba):
2647 5397 2666 5430 ι
2703 5377 2865 5434 Liber
2913 5381 3278 5450 generationis
3333 5379 3467 5437 Jesu

1891 5469 2121 5537 Christi,
2155 5469 2248 5524 ﬁlii
2315 5469 2505 5535 David,
2545 5471 2642 5526 ﬁlii
2673 5472 2948 5528 Abraham
2968 5473 3048 5526 ἠ
3078 5491 3098 5526 ι
3130 5472 3275 5528 Nihil
3325 5473 3470 5546 apud

1893 5571 2171 5619 auctorem
2221 5561 2640 5620 Proverbiorum
2696 5574 2900 5620 tortum
2949 5575 3046 5622 aut
3093 5567 3469 5636 implicatum;

1893 5655 2074 5708 omnia
2122 5655 2554 5724 intelligentibus
2598 5658 2783 5726 plana,
2818 5667 3078 5730 rectaque
3113 5675 3334 5714 sensum
3385 5660 3468 5712 ii:-

1897 5747 2276 5814 rcnientibus;
2313 5763 2473 5803 nemo
2504 5749 2743 5807 lucidius
2795 5763 2979 5822 posset
3009 5752 3210 5808 dicere.
3251 5751 3467 5808 Etenim

2087 5862 2132 5893 η
2172 5860 2362 5920 Matth.
2393 5876 2439 5924 ι.
2469 5862 2524 5921 1.
