4026 6416
502 351 636 418 1347
1599 337 1602 340 ’
1743 340 2118 414 PACIIOMII
2188 337 2530 414 tuoNAcm
3647 342 3778 426 ista

497 473 542 525 si
581 468 680 524 tibi
711 468 891 524 dicam
941 467 1316 540 genealogiam
1371 451 1668 540 significari
1715 469 1801 522 his
1853 469 2074 524 verbis:

2206 469 2480 540 ῑυνήσεταί
2527 485 2609 533 τις
2634 485 2648 501 ·
2696 471 2745 522 εἰ
2782 469 2894 541 γὰρ
2921 449 3061 524 simu
3101 485 3222 523 σοι’
3270 469 3385 538 Τὴν
3430 471 3779 542 γενεαλογίαν

503 561 664 615 Liber
697 559 1100 632 generationis,
1139 561 1271 614 mihi
1309 561 1528 630 reponis
1563 578 1576 614 :
1609 557 1748 626 Quid
1775 568 1858 614 est
1891 575 2086 628 genea-

503 654 682 724 logia?
738 652 846 708 lloc
886 664 972 708 εει
1021 653 1179 722 quasi
1245 653 1550 721 interroges
1595 653 1724 720 quid
1783 653 1856 706 sit
1920 653 2084 722 ἄρτος

503 746 750 816 (panis),
783 745 916 800 mihi
964 754 1146 800 autem
1189 745 1540 814 respondenti
1570 764 1584 799 :
1634 727 1832 816 Ἀρτος
1857 752 1941 800 est
1973 743 2088 812 ψωε-

505 837 648 904 μίον,
675 837 856 892 denuo
883 837 1128 892 diceres:
1153 836 1292 902 Quid
1319 847 1396 890 est
1423 835 1674 906 ψωμίονῖ
1698 836 1828 890 Illud
1861 836 2085 890 verhum

505 930 648 984 unde
696 938 877 984 ortam
925 944 1253 984 conaremur
1285 929 1582 998 explicare,
1629 937 1686 982 ut
1730 927 1914 982 ferunt
1952 928 2082 982 Olim

508 1023 618 1092 regi
656 1022 974 1094 [Ethiopnm
1031 1021 1404 1092 speculatores
1447 1021 1725 1091 (Jamhysi.
1773 1011 1986 1076 Pariter
2041 1019 2084 1073 si

507 1115 639 1168 mihi
699 1113 900 1168 dicenti
960 1113 1217 1168 Daridcm
1257 1111 1460 1168 Christi
1524 1115 1785 1182 proavum
1837 1127 1979 1172 esse,
2035 1123 2089 1166 ct

2186 561 2344 613 τοῦτο
2367 560 2549 630 δηλοῖ·
2579 561 2638 614 τὸ
2661 561 2856 624 Βίϐλος
2886 561 3177 628 γενέσεως,
3207 561 3642 630 ἀνθυπενέγκεις
3671 580 3779 634 μοι·

2189 652 2298 704 Καὶ
2323 652 2374 704 τί
2414 656 2530 706 ἐστι
2561 652 2883 721 γενεαλογία
2907 668 2924 720 ;
2950 651 3142 722 ὥσπερ
3177 651 3242 706 ἂν
3276 655 3328 706 εί
3377 652 3783 726 ἠρώτησα;,Τί

2189 743 2342 794 ἐστιν
2371 744 2566 814 ἄρτος;
2601 743 2735 814 ἐμοῦ
2765 745 2824 798 δὲ
2855 744 3102 806 εἰπόντος
3127 761 3140 774 °
3175 744 3250 798 Τὸ
3295 746 3499 810 κοινῶς
3546 747 3780 818 ψωμίον,

2191 829 2358 898 εἶπες
2382 835 2468 888 ἄν·
2497 835 2564 888 Τί
2589 835 2828 906 ψωμίον;
2862 836 2968 890 κᾶν
2995 831 3155 890 τοῦτο
3171 835 3529 909 ἐπειρώμεθα
3562 839 3780 895 ἀποδεί-

2191 925 2302 990 ξαι.
2342 925 2466 980 ὅθεν
2489 925 2698 994 γίνεται
2725 944 2738 957 ·
2783 927 2858 991 ὥς
2890 926 3022 981 ποτέ
3063 945 3198 998 φασι
3221 929 3350 993 τοὺς
3397 931 3782 996 κατασκόπους

2191 1019 2490 1090 Καμϐύσου
2535 1019 2615 1090 τῷ
2646 1019 2858 1089 βασιλεί
2889 1021 3189 1088 Αἰθιόπων,
3232 1021 3505 1085 ὡσαύτως
3534 1021 3603 1076 ἃν
3651 1024 3783 1078 εἴπω

2191 1126 2316 1175 σοι,
2361 1109 2443 1162 ὅτι
2489 1108 2656 1162 Δαυῒδ
2693 1109 2792 1180 μὲν
2818 1106 2885 1182 ἧν
2909 1112 3172 1183 πρόγονος
3205 1111 3486 1184 Χριστοῦσ
3534 1112 3781 1184 Ἀϐραὰμ

508 1205 882 1261 Abrahamum
939 1204 1182 1268 Davidis,
1235 1204 1612 1274 respondeas:
1647 1203 1780 1270 Quis
1833 1212 1916 1258 est
1965 1203 2090 1258 hic?

2206 1201 2266 1265 ἰὲ,
2315 1201 2411 1253 τοὺ
2451 1201 2638 1266 Δαυῒδ,
2686 1201 2862 1264 εἴποις
2903 1203 2990 1257 ἄν·
3029 1203 3125 1268 Τίς
3149 1205 3297 1258 ἐστιν
3338 1199 3538 1269 οὗτοςς
3571 1206 3668 1258 καὶ
3705 1207 3782 1270 τίς

508 1299 633 1368 quis
665 1311 749 1353 est
777 1297 904 1352 ille?
928 1297 1195 1368 quando?
1223 1295 1356 1350 ubi?
1386 1296 1534 1366 quali
1571 1293 1806 1366 genere?
1834 1311 1952 1365 qua:
1981 1308 2086 1348 non

511 1398 746 1458 possunt
795 1392 850 1444 in
909 1389 1102 1444 eodem
1139 1397 1380 1457 tempore
1414 1387 1702 1456 cXplicari,
1735 1387 1963 1440 historia
2005 1387 2090 1440 hi-

511 1482 740 1536 storiam
796 1481 1156 1552 praecedente,
1191 1478 1528 1548 longumque
1561 1485 1822 1533 conatum
1880 1478 2090 1532 desidco

514 1582 656 1627 rant.
687 1571 803 1626 Non
838 1573 936 1628 ista
969 1573 1266 1637 dicuntur;
1297 1571 1392 1625 sed
1426 1586 1439 1618 :
1476 1570 1581 1623 alia
1631 1555 1930 1638 Scriptum
1975 1569 2093 1623 dia-

513 1661 686 1716 h-ctus
715 1670 820 1723 est,
865 1670 916 1714 et
950 1659 1096 1714 illius
1143 1659 1498 1713 obscuritatis
1543 1669 1800 1712 auctores
1831 1667 1956 1712 sunt
1997 1657 2092 1728 qui

514 1753 662 1806 illam
694 1754 1056 1820 scripserunt.
1094 1749 1210 1805 Non
1244 1750 1356 1814 isti,
1385 1759 1445 1803 nt
1466 1751 1621 1815 diets,
1660 1760 1914 1804 auctores
1938 1758 2089 1815 sunt,

2190 1295 2338 1348 ἐστιν
2368 1297 2610 1360 ὲκείνοςς
2643 1297 2736 1350 καὶ
2762 1297 2915 1362 πότε;
2945 1298 3040 1351 καὶ
3067 1297 3190 1366 ποῦ;
3219 1300 3314 1354 καὶ
3345 1303 3618 1366 ποταποῖς
3643 1302 3779 1374 ἅπερ

2191 1387 2452 1442 ἀδύνατον
2497 1387 2634 1460 ὁμοῦ
2665 1389 3082 1460 ἀφηγήσασθαι,
3114 1391 3205 1445 διὰ
3235 1391 3299 1444 τὸ
3346 1391 3597 1464 ἱστορίαν
3643 1393 3780 1448 ἴστο-

2192 1479 2314 1548 ρίας
2341 1477 2584 1555 ἔχεσθαι,
2613 1479 2712 1532 καὶ
2741 1479 2936 1551 πείρας
2969 1480 3190 1534 δέεσθαι
3219 1481 3398 1536 ταῦτα
3429 1481 3654 1552 πολλῆς.
3687 1483 3780 1549 Οὓ,

2193 1567 2382 1636 φησίν.
2423 1567 2565 1621 Ἀλλ’
2589 1569 2724 1640 ἄλλη
2759 1573 2792 1641 η
2823 1570 3106 1634 διάλεκτος
3135 1571 3235 1643 τῆς
3257 1573 3514 1643 Γραφῆς,
3542 1573 3638 1627 καὶ
3660 1575 3784 1629 ἰαιῦ⁶

2192 1678 2290 1734 της
2321 1661 2484 1716 αἴτιοι
2521 1663 2621 1735 τῆς
2664 1663 2928 1734 ἀσαφίας,
2970 1667 3020 1718 oi
3053 1665 3258 1736 ταύτην
3305 1667 3778 1738 συγγραψάμενοι.

2207 1755 2348 1810 Ἀλλ’
2371 1756 2471 1810 οὐκ
2498 1756 2662 1834 αζτιοι
2686 1751 2853 1823 οὗτοι,
2881 1758 2959 1822 ὡς
2988 1759 3116 1829 φής’
3149 1759 3244 1830 ἠδ’
3263 1761 3519 1830 ἡμετέρα
3538 1761 3778 1831 ἀμέλεια,

515 1845 624 1898 sed.
658 1843 986 1914 negligentia
1033 1853 1243 1909 nostra,
1279 1859 1342 1896 ex
1401 1859 1467 1898 eo
1501 1842 1644 1914 quod
1675 1843 1932 1896 nolumus
1965 1857 2088 1913 pro~

2206 1845 2280 1918 τῷ
2304 1845 2378 1917 μὴ
2395 1829 2575 1900 θέλειν
2610 1847 2911 1918 μανθάνειν
2939 1849 3038 1920 τὴν
3063 1829 3202 1904 ιδίαν
3229 1829 3736 1920 φὼνήνέκαισννες
3753 1851 3781 1906 δ

515 1937 688 2006 priam
728 1935 970 2006 iinguam
1023 1936 1253 1990 discere.
1299 1933 1531 2004 Suscipe
1577 1935 1723 2004 quod
1773 1933 1871 1988 tibi
1921 1934 2094 1988 dico:

513 2025 827 2080 Grecorum
862 2025 1130 2080 dialcetus
1153 2041 1260 2080 una
1290 2025 1527 2094 primum
1553 2025 1811 2082 onmibus
1829 2036 1967 2091 erat,
1987 2043 2096 2081 non

515 2115 856 2186 discrepans.
911 2116 963 2172 id
1005 2127 1110 2182 est,
1163 2119 1495 2172 communis.
1549 2116 1654 2172 Sed
1699 2126 1822 2188 post
1856 2118 2096 2172 tribuum

515 2209 941 2278 dispersionem.
993 2209 1272 2278 separatio
1325 2209 1752 2278 discrepantiam
1800 2209 2096 2280 quamdam

518 2301 730 2366 attulit,
764 2311 820 2356 ct
847 2318 913 2356 co
943 2301 1208 2370 majorem
1238 2317 1349 2371 quo
1382 2301 1803 2356 distantioribus
1835 2301 2097 2370 tempori-

520 2393 626 2446 bus
659 2391 949 2462 migratum
985 2391 1078 2447 sit.
1115 2389 1299 2446 Prima
1335 2393 1386 2445 in
1419 2393 1632 2464 Origine
1666 2392 1869 2461 (erant)
1914 2391 2096 2458 lones,

521 2482 710 2538 AEoles
738 2525 751 2550 ,
791 2482 940 2537 Dorii
975 2493 1029 2538 et
1066 2483 1254 2548 Attici,
1285 2499 1518 2554 quormu
1557 2482 1647 2536 alii
1681 2483 1823 2536 intra
1868 2481 2101 2552 Pelopo-

522 2591 737 2638 nesum,
764 2575 854 2629 alii
885 2585 1040 2629 extra
1073 2574 1394 2629 habitabant
1419 2610 1434 2639 ,-
1468 2573 1646 2628 Doriis
1703 2583 1888 2627 autem
1915 2575 2100 2627 orien-

519 2665 710 2731 talem,
727 2664 950 2720 lonibus
969 2665 1386 2728 occidentalem,
1408 2663 1661 2720 Aiolibus
1679 2680 1801 2734 quae
1825 2663 1970 2719 circa
2001 2662 2105 2719 Co-

519 2758 852 2813 rinthiacum
877 2758 1057 2814 sinum
1092 2757 1588 2828 tenentibus,quod
1609 2757 1871 2812 Achaiam
1885 2765 2102 2824 vocant,

521 2851 718 2906 Atticis
749 2867 880 2906 vero
909 2851 1453 2922 Atheniensibusque
1484 2851 1785 2916 Atthidem,
1816 2866 1940 2920 quae
1974 2864 2104 2920 pars

525 2941 769 2997 llelladis
793 2952 896 2998 est.
924 2941 1120 2998 Postea
1145 2941 1335 2998 Eolcs
1364 2943 1620 2998 inAsiam
1657 2936 1974 2997 inferiorem
2006 2940 2108 2994 mi-

524 3041 755 3103 grarunt
785 3072 800 3097 ,
849 3032 999 3089 Dorii
1048 3033 1102 3088 in
1153 3034 1383 3100 insulas,
1432 3035 1574 3104 quod
1627 3047 1682 3090 et
1733 3033 1918 3088 Attici.
1973 3031 2108 3099 Qua:

2198 1934 2344 2004 λέγω
2396 1953 2500 1989 σοι·
2536 1938 2570 2008 ἡ
2613 1936 2726 1991 τῶν
2769 1937 3035 2008 Ἑλλήνων
3065 1923 3371 2005 διάλεκτος,
3409 1941 3444 2010 η
3486 1941 3627 2010 αὑτὴ
3679 1942 3782 2005 τοῖς

2199 2029 2367 2082 πᾶσιν
2393 2025 2460 2098 ἦν
2483 2028 2740 2100 ὲξαρχῆς,
2771 2029 2936 2100 μηδὲν
2956 2029 3329 2100 διαφέρουσα,
3360 2033 3534 2102 ἤγουν
3554 2033 3588 2102 ἡ
3615 2033 3777 2102 κοινή’

2199 2119 2324 2172 ἐπεὶ
2371 2120 2427 2175 δὲ
2474 2119 2848 2192 διεσπάρησαν
2881 2122 3022 2176 κατὰ
3055 2120 3253 2193 φυλὰς,
3299 2121 3363 2176 τὸ
3395 2122 3779 2194 ,ἀκοινώνητοῃ

2201 2211 2296 2266 καί
2325 2229 2448 2266 τινα
2475 2211 2704 2278 διένεξιν
2730 2214 2933 2284 ἧνεγκε
2956 2227 2972 2246 ⁸
3003 2215 3100 2267 καὶ
3141 2212 3390 2284 τοσούσῳ
3431 2213 3652 2284 μᾶλλον,
3679 2214 3779 2286 ὅσῳ

2201 2303 2298 2358 καὶ
2333 2305 2672 2376 μετανάσται
2723 2307 2865 2361 κατὰ
2906 2307 3194 2376 διαφόρους
3245 2307 3482 2377 καιροὺς
3523 2305 3774 2375 ἐγένοντο.

2202 2397 2430 2470 Πρῶτον
2465 2398 2562 2468 μὲν
2586 2399 2696 2466 γὰρ
2728 2399 2918 2462 Ἴωνές
2954 2417 3014 2453 τε
3049 2399 3148 2454 καὶ
3179 2399 3398 2462 Αἰολεῖς
3433 2398 3529 2452 καὶ
3563 2399 3774 2467 Δωριεῖς

2203 2489 2298 2542 καὶ¹
2339 2489 2598 2542 Ἀττικοί·
2631 2490 2682 2544 οἱ
2715 2490 2814 2562 μιν
2834 2489 3034 2554 αὐτῶν,
3065 2491 3125 2544 ὲν
3161 2489 3558 2562 Πελοπονησίῳ
3589 2487 3772 2558 ᾤκουν,

2202 2573 2250 2626 oi
2277 2573 2356 2638 δὲ,
2386 2575 2547 2640 ἐκτὸς
2573 2575 2781 2648 ταύτης
2801 2593 2816 2607 °
2845 2581 2940 2632 xci.
2963 2581 3190 2650 Δωριεῖς
3227 2578 3354 2650 μὲν,
3379 2580 3452 2632 τὰ
3483 2577 3620 2649 πρὸς
3656 2578 3776 2632 ἀνα-

2203 2666 2480 2738 τολὰς(νοι
2501 2669 2789 2742 ἀνατολὴν)
2815 2671 3442 2743 Πελοπονήσου,’¹’ῐωνες
3461 2671 3538 2732 δὲ.
3560 2670 3629 2724 τὰ
3657 2670 3780 2736 πρὸς

2203 2756 2434 2828 δυσμὰς,
2471 2758 2683 2824 Mem;
2711 2760 2791 2824 δὲ,
2825 2763 2952 2831 περὶ
2978 2761 3069 2816 τὸν
3101 2761 3474 2832 Κορινθιακὸν
3508 2761 3723 2824 κόλπον,
3751 2759 3778 2814 ὃ

2206 2847 2301 2899 καὶ
2348 2847 2542 2918 Ἀχαΐα
2573 2846 2812 2916 λέγεται.
2847 2851 2984 2917 Μεθ’
3015 2851 3111 2916 οὓς
3147 2853 3390 2907 Ἀττικοὶ
3427 2855 3479 2907 οἱ
3509 2855 3604 2908 καὶ
3633 2852 3778 2922 Ἀθη-

2206 2943 2368 3001 ναῖοι.
2405 2941 2551 2996 κατὰ
2578 2941 2677 3014 τὴν
2711 2943 2954 3004 ’Δτθίδα,
2988 2946 3153 3016 μέρος
3183 2943 3284 3013 τῆς
3327 2943 3601 3010 Ἑλλάδος.
3633 2945 3774 2999 Μετὰ

2206 3031 2265 3086 δὲ
2310 3033 2484 3087 ταῦτα
2547 3033 2731 3098 Ἴωνές
2793 3051 2855 3088 τε
2916 3036 3013 3089 καὶ
3077 3035 3289 3100 Αἰολεῖς
3339 3035 3666 3109 μετῴκησαν
3705 3037 3776 3099 εις

527 3127 950 3181 communitatis
981 3129 1220 3181 cessatio
1255 3142 1420 3181 unam
1453 3127 1748 3181 dialectum
1781 3125 1834 3180 in
1866 3134 2104 3194 quatuor

2221 3119 2406 3180 Ἆσίαν
2441 3126 2540 3198 τὴν
2570 3127 2752 3181 κάτω·
2787 3130 3019 3200 Δωριεῖς
3062 3129 3118 3182 δὲ
3159 3129 3256 3183 καὶ
3295 3131 3378 3193 είς
3412 3129 3517 3193 τὰς
3561 3129 3773 3200 νήσουςο

525 3216 772 3284 divulsit,
821 3216 1100 3272 communi
1149 3214 1384 3271 dialeeto
1415 3224 1650 3281 servata,
1704 3214 1801 3270 sed
1849 3215 1921 3268 ita
1956 3213 2102 3267 utin

528 3311 717 3366 multis
743 3309 1006 3366 differret.
1052 3309 1183 3364 Inde
1213 3309 1458 3380 quinque
1485 3308 1700 3363 dialecti
1735 3307 1892 3363 nobis
1921 3321 1953 3360 a
1979 3319 2108 3374 poc-

529 3409 601 3461 tis
649 3405 1002 3474 historiaeque
1029 3404 1394 3474 scriptoribus
1423 3403 1654 3466 tradita},
1687 3400 1954 3456 dialectos
1983 3397 2106 3468 qui-

524 3497 652 3553 (i‘m
701 3500 770 3553 ab
823 3497 981 3552 initio
1028 3497 1373 3564 communis;-
1422 3494 1607 3549 lonica
1659 3501 1864 3550 autem.
1905 3491 2103 3550 Attica.

527 3590 728 3648 Dorica
764 3601 819 3647 et
843 3591 1080 3655 Eolica,
1106 3587 1157 3644 ὀ
1191 3589 1394 3658 quibus
1425 3587 1706 3658 antiquior
1730 3578 2110 3655 valentiorque

529 3683 744 3739 videtur
775 3683 982 3749 Ionica,
1013 3698 1120 3737 non
1144 3684 1324 3738 solum
1353 3683 1479 3754 quia
1501 3697 1575 3736 ea
1611 3681 1694 3735 usi
1729 3690 1859 3735 sunt
1892 3679 2105 3750 antiqui

528 3787 722 3844 poetae,
753 3775 942 3844 quales
987 3774 1212 3846 Sibylla,
1264 3772 1536 3844 Orpheus,
1578 3772 1870 3852 llome‘lus,
1912 3770 2106 3826 Hesio-

527 3869 656 3932 dus,
700 3867 926 3936 aliique,
960 3865 1054 3922 sed
1098 3866 1228 3936 quia
1260 3865 1450 3921 eadem
1483 3867 1624 3934 apud
1657 3863 1989 3918 recentiores
2015 3877 2108 3916 va-

529 3959 627 4022 let,
679 3957 824 4011 sicut
870 3956 1050 4011 Attica
1101 3957 1243 4026 apud
1291 3964 1560 4019 oratores,
1614 3954 1807 4022 quales
1851 3951 2108 4022 Gorgias,

527 4047 850 4114 Aiscbines,
886 4047 1284 4102 Demosthenes
1319 4056 1373 4100 et
1407 4047 1611 4101 caeteri.
1664 4044 1758 4100 llas
1798 4059 1947 4098 tuine
1993 4043 2110 4098 dia-

530 4143 658 4198 lecti
688 4141 1286 4197 comtnunicationibus
1317 4141 1648 4203 immutata),
1681 4135 1946 4204 factaeque
1979 4141 2112 4197 sunt

529 4234 760 4290 omnino
791 4233 1056 4301 temporis
1085 4247 1250 4286 cursu
1307 4231 1591 4294 barbarae;
1629 4229 1774 4283 unde
1811 4227 2112 4296 Scriptum

533 4327 674 4378 inter
726 4338 829 4378 nos
884 4323 1218 4393 ignorantia,
1271 4323 1471 4392 quibus
1502 4322 1818 4376 communis
1846 4321 2112 4375 dialectos

533 4415 780 4483 artisque
814 4429 946 4468 usus
1000 4413 1164 4466 simul
1203 4413 1432 4480 perdita.
1467 4410 1620 4466 Unde
1655 4410 1710 4463 in
1747 4411 1864 4478 ipsa
1893 4409 1996 4463 ista
2031 4424 2114 4464 re-

2206 3219 2380 3273 ταυτα
2405 3220 2472 3290 δὴ
2495 3219 2590 3273 καὶ
2625 3219 2862 3277 ’Λττικοὶ
2885 3213 3236 3276 πεπόνθασιν.
3277 3223 3370 3291 Ἐξ
3399 3217 3462 3278 οὗ
3488 3221 3679 3290 συνέϐη
3697 3219 3776 3274 διὰ

2205 3311 2268 3364 τὸ
2311 3310 2690 3382 ἀνεπίμικτον,
2721 3311 2822 3382 τὴν
2855 3315 2984 3386 μίαν
3012 3313 3297 3368 διάλεκτον
3330 3313 3671 3385 διαιρεθῆναι
3701 3312 3770 3373 είς

2206 3401 2479 3475 τέσσαρας
2503 3420 2518 3435 ·
2549 3403 2647 3474 τὴν
2676 3405 2860 3476 κοινὴν
2895 3405 3017 3477 μὲν,
3049 3407 3144 3460 καὶ
3162 3405 3310 3460 οὕτω
3332 3407 3659 3478 κρατοῦντες
3677 3415 3693 3435 ⁴
3719 3405 3773 3456 ιν

2208 3491 2480 3554 πλείστοις
2503 3491 2560 3544 δὲ
2587 3492 3002 3565 διαφερόμενοι·
3033 3497 3128 3549 καὶ
3150 3494 3296 3550 οὕτω
3328 3497 3492 3550 πέντε
3520 3495 3770 3550 διὰλεκτοι

2208 3579 2363 3652 παρὰ
2393 3583 2508 3646 τοῖς
2539 3585 2795 3653 ποιηταῖς
2828 3583 2926 3637 καὶ
2960 3583 3380 3654 συγγραφεῦσιν
3429 3584 3766 3654 ἐξεδόθησαν·

2209 3677 2346 3748 αὐτή
2376 3694 2436 3730 τε
2469 3679 2503 3747 ἡ
2536 3679 2849 3750 καταρχὰς,
2880 3679 3048 3750 ἡγουν
3080 3681 3113 3750 ἡ
3145 3681 3324 3753 κοινὴ,
3359 3682 3456 3736 καὶ
3500 3682 3624 3744 Ἰὰς,
3661 3679 3768 3732 Ἀτο

2209 3765 2319 3832 θὶς,
2350 3767 2550 3837 Δωρὶς,
2586 3767 2802 3832 Αἰολίς·
2835 3769 3194 3841 διαφέρουσαι
3227 3772 3372 3826 κατά
3401 3789 3518 3826 τινα
3544 3771 3638 3840 τῆς
3670 3785 3769 3822 κοιο

2209 3857 2306 3928 νῆς
2329 3874 2342 3890 ·
2378 3851 2456 3911 ὧν
2494 3860 2828 3932 ἀρχαιοτέρα
2856 3877 2915 3914 τε
2945 3865 3040 3916 καὶ
3064 3861 3510 3934 ἐπικρατεστέρα
3546 3861 3710 3915 ἔοικεν
3736 3859 3766 3928 η

2209 3950 2319 4004 τῶν
2348 3949 2562 4004 Ἰώνων·
2595 3952 2656 4005 οὐ
2690 3952 2850 4022 μόνον
2877 3953 2959 4007 ὅτι
2982 3953 3134 4024 παρὰ
3155 3954 3262 4008 τῶν
3285 3954 3532 4009 παλαιῶν
3555 3951 3768 4022 ποιητῶν

2211 4042 2472 4112 φέρεταιο
2505 4037 2618 4097 οἷον
2659 4043 2928 4114 Σιϐύλλης
2977 4046 3071 4098 καὶ
3112 4045 3379 4116 Ὀρφέως,
3435 4046 3666 4116 Ὀμήρου
3717 4057 3768 4094 τε

2215 4135 2312 4186 καὶ
2356 4133 2629 4199 Ἡσιόδου,
2673 4135 2905 4189 καὶτῶν
2933 4137 3212 4203 τοιούτων,
3247 4136 3364 4190 ἀλλ’
3390 4137 3471 4190 ὅτι
3517 4133 3610 4188 καὶ
3637 4129 3768 4201 παρὰ

2211 4224 2321 4278 τῶν
2351 4225 2491 4278 νέων
2521 4225 2660 4296 αὕτη
2692 4228 2978 4298 ἐπικρατεῖ
2997 4243 3014 4258 ’
3039 4226 3233 4298 ὥσπερ
3266 4231 3299 4298 ἡ
3332 4227 3535 4292 Ἀτθὶς,
3564 4220 3769 4278 ἐπὶτῶν

2215 4318 2462 4389 ῥητόρων
2487 4337 2500 4350 ·
2531 4313 2644 4372 οἷον
2671 4320 2924 4390 Γοργίου,
2955 4321 3230 4390 Αίσχίνου,
3262 4319 3654 4391 Δημοσθένους,
3687 4311 3768 4366 καὶ

2215 4409 2322 4462 τῶν
2356 4411 2585 4466 λοιπῶν.
2626 4412 2738 4466 Νῦν
2769 4413 2826 4466 δὲ
2874 4414 2932 4465 αἱ
2975 4413 3226 4467 τοιαῦται
3254 4413 3529 4466 διὰλεκτοι
3573 4400 3770 4480 ἠλλοιώ-

531 4506 715 4576 gione,
765 4506 891 4577 licet
928 4505 996 4559 de
1046 4505 1280 4573 quadam
1335 4503 1560 4570 antiqua
1617 4501 1916 4569 Scriptura:
1947 4501 2104 4555 tradi-

2221 4502 2399 4571 θησαν
2427 4503 2772 4574 ὲπιμιγεῖσαι
2793 4521 2805 4533 ⁸
2841 4505 2934 4558 καὶ
2960 4505 3240 4570 παντελῶς
3272 4498 3768 4576 ἐξεϐαρϐαρώθησαν

535 4596 614 4652 tio
657 4611 687 4650 ε
741 4581 1180 4658 consentiamus,
1237 4592 1329 4646 alii
1387 4592 1548 4646 aliam
1618 4591 1906 4656 habemus,
1965 4590 2109 4659 quod

531 4688 900 4759 quorumdam
943 4685 1266 4741 rusticitatis
1295 4699 1454 4738 causa
1480 4684 1720 4738 conabor
1743 4683 2039 4752 explicare.

2222 4593 2300 4663 τῷ
2331 4594 2510 4664 ῥέοντι
2531 4596 2624 4648 τοῦ
2653 4595 3046 4667 χρόνου.”υθεν
3071 4596 3166 4650 καὶ
3192 4596 3253 4650 τὸ
3279 4597 3450 4650 αττιον
3465 4594 3558 4664 τῆς
3574 4586 3768 4658 ἀγνοίας

2219 4684 2321 4754 τῆς
2357 4685 2489 4738 καθ’
2529 4686 2676 4756 ἡμᾶς
2712 4687 2958 4759 Γραφῆς,
2987 4687 3370 4743 ἀπολεσάντων
3393 4685 3546 4758 ἡμῶν
3572 4681 3660 4736 καὶ
3683 4675 3766 4743 τὴν

532 4782 722 4854 κοινὴν
768 4781 1049 4834 διάλεκτον
1105 4777 1245 4848 μετὰ
1299 4775 1394 4829 τοῦ
1439 4775 1713 4846 τεχνικοῦ.
1761 4773 1927 4827 Ὅθεν
1974 4773 2122 4826 ἔστιν
2164 4773 2314 4841 ἰδεῖν,
2379 4776 2439 4829 έν
2467 4776 2594 4848 τῇδε
2656 4778 2754 4848 μὲν
2779 4780 2845 4848 τῇ
2878 4777 3035 4850 χώρᾳ
3068 4777 3212 4832 κατὰ
3239 4778 3339 4848 τὴν
3367 4777 3530 4833 πάλαι
3562 4769 3768 4843 παράδο-

535 4878 620 4932 σίν
650 4895 772 4930 τινα
801 4874 902 4944 τῆς
930 4873 1154 4947 Γραφῆς
1189 4871 1613 4942 ὁμολογοῦντας,
1642 4871 1702 4923 ἐν
1732 4869 1896 4940 ἑτέρᾳ
1920 4869 1979 4922 δὲ
2003 4869 2190 4941 ἔτερα,
2257 4871 2357 4926 καὶ
2415 4873 2475 4925 ὲν
2544 4872 2680 4944 ἄλλῃ
2719 4871 2856 4927 ἄλλα
2881 4891 2894 4904 ·
2927 4874 3067 4946 ὅπερ
3103 4874 3191 4928 διὰ
3220 4874 3318 4946 τὴν
3381 4869 3654 4945 ἀγροικίαν
3694 4879 3764 4916 τν-

533 4971 640 5024 νῶν
672 4968 1010 5040 πειράσομαι
1038 4963 1339 5026 ἀποδεῖξαι.

606 5063 788 5133 Φρέαρ
824 5057 1082 5130 tputeum)
1109 5057 1333 5126 quidam
1365 5054 1551 5110 Achaei
1579 5053 1772 5108 dicunt
1801 5052 2130 5122 ὀρωρυγμέ-

537 5174 634 5226 νην
666 5153 850 5226 πηγήν
887 5151 1160 5222 (eﬂ'ossam
1191 5147 1602 5218 scaturiginem)
1631 5187 1644 5211 ,
1691 5156 1744 5201 et
1793 5145 2000 5216 λέϐητα
2035 5143 2130 5196 καὶ

538 5247 830 5316 κακκάϐην
859 5245 1096 5313 (lebetem
1123 5253 1170 5296 et
1201 5241 1411 5310 ollam),
1435 5239 1646 5310 χαλκῆν
1669 5239 1875 5310 χύτραν
1907 5239 2128 5305 (wneam

538 5337 821 5407 scutram),
873 5353 996 5405 qua:
1022 5351 1050 5390 a
1077 5334 1469 5389 Macedonibus
1505 5333 1852 5402 ignorantur,
1886 5339 1946 5384 ut
1974 5344 2126 5398 qua:-

542 5431 668 5484 dam
703 5427 1058 5481 Macedonum
1093 5426 1162 5479 ab
1188 5425 1428 5489 Achaeis,
1453 5425 1634 5492 qualia
1669 5423 1830 5491 στιϐὴ
1865 5420 2126 5490 (pruina),

543 5517 746 5582 κύνυζα
795 5518 930 5588 (fera
985 5516 1214 5586 cunila),
1267 5525 1321 5569 ct
1358 5515 1596 5586 μυρσίνη
1635 5513 1906 5584 (myrtus).
1940 5513 2128 5568 Cretes

543 5625 727 5668 autem
767 5611 934 5665 multa
971 5610 1122 5673 talia,
1151 5623 1371 5678 promer
1406 5609 1797 5663 commercium
1831 5606 2126 5662 latinizan-

545 5715 648 5769 tes,
684 5705 978 5775 ignorant,
1028 5701 1236 5756 scilicet
1295 5699 1566 5754 στενωπὸν
1599 5701 1903 5770 (angustam
1937 5698 2124 5762 viam).

547 5797 730 5868 ῥύμην
799 5794 1043 5864 (vicum),
1094 5803 1258 5862 atque
1302 5795 1444 5847 inter
1487 5792 1635 5846 olera
1682 5791 1884 5844 δαῦκον
1931 5790 2124 5860 (ferum

2295 5050 2477 5123 Φρέαρ
2525 5053 2667 5116 τινὲς
2703 5052 2761 5106 ὲν
2785 5055 2854 5123 τῇ
2883 5053 3076 5124 Ἀχαΐᾳ
3111 5053 3330 5121 λέγουσι
3359 5053 3456 5123 τὴν
3482 5040 3765 5120 ὀρωρυγμέ⁶

2229 5160 2327 5212 νην
2369 5143 2586 5214 πηγήν·
2622 5142 2720 5197 καὶ
2749 5143 2956 5214 λέϐητα
2994 5144 3090 5198 καὶ
3115 5143 3421 5214 κακκάϐην,
3455 5141 3552 5212 τὴν
3587 5132 3766 5207 χαλκῆν

2227 5233 2437 5304 Χύτραν
2459 5249 2472 5262 ·
2505 5233 2542 5288 ἃ,
2573 5235 2730 5304 παρά
2772 5235 2882 5288 τῶν
2926 5237 2985 5288 ἐν
3013 5235 3328 5308 Μακεδονίᾳ
3366 5235 3649 5303 ἀγνοείται¹
3674 5224 3764 5277 ῶσ·

2227 5342 2335 5397 περ
2369 5324 2491 5379 τινὰ
2535 5325 2742 5380 τούτων
2772 5327 3051 5394 ἀγνοεῖται
3097 5328 3228 5398 παρ’
3261 5327 3523 5388 ἐκείνοις,
3545 5315 3648 5375 οἷον
3667 5331 3764 5368 cm-

2228 5419 2335 5490 δὴ.
2365 5419 2597 5484 κόνυξα.
2628 5421 2887 5491 μυρσίνη.
2923 5421 2988 5474 οι
3015 5419 3073 5474 δὲ
3108 5421 3326 5492 Κρῆτες
3353 5415 3590 5488 ἀγνοοῦσι
3619 5403 3763 5462 πολλὰ

2226 5511 2457 5565 τοιαῦτα
2475 5529 2489 5544 ·
2519 5511 2826 5577 Λατινικῶς
2863 5511 3118 5582 λέγοντες
3145 5511 3235 5568 διὰ
3260 5513 3358 5585 τὴν
3380 5511 3574 5566 τούτων
3602 5507 3764 5569 ἐπιμι-

2237 5603 2358 5670 ξίαν
2378 5642 2393 5668 ,
2429 5603 2549 5674 ἦτοι
2573 5602 2666 5656 τὸν
2689 5603 2973 5658 στενωπὸν
2991 5643 3008 5670 ,
3043 5603 3142 5674 τὴν
3180 5603 3361 5676 ῥύμην
3381 5619 3393 5632 ·
3428 5600 3515 5654 καὶ
3543 5599 3598 5650 ὲν
3625 5586 3766 5658 λαχά·

2233 5709 2378 5756 νοις·
2415 5691 2636 5758 δαῦκον,
2679 5693 2918 5764 κρόκον,
2956 5693 3336 5764 βούγλωσσον,
3387 5684 3764 5762 μακεδονήσιον,

2237 5785 2496 5856 σὰψυχον.
2527 5785 2634 5836 Καὶ
2663 5785 2754 5837 τὸν
2773 5785 2978 5856 λέϐητα
3009 5785 3302 5855 κατολίγον
3337 5777 3764 5859 βαρϐαρώσαντεςν
