4026 6398
303 342 444 412 1349

1353 343 1452 410 DE
1493 345 1732 410 DIVIN.
1771 347 2060 409 SCRIPT.
2101 339 2535 411 UTILITATE.

3433 347 3570 414 1350

295 462 522 526 λαδένζι
566 461 840 531 λέγουσιν.
893 459 1128 534 Ὁμοίως
1159 463 1256 515 καὶ
1287 464 1344 516 ὲν
1386 465 1620 532 ἑτέροις.
1658 450 1814 516 Ἔστι
1841 462 1884 515 δ’

1999 461 2264 527 raucum),
2297 463 2496 533 κρόκον
2529 461 2806 534 (crocum),
2829 459 3173 532 βοῦγλωςσον
3203 461 3570 534 (bnglossam),

295 549 392 608 οὖν
433 553 584 624 ὁμῶς
629 554 666 608 ἃ.
713 551 826 606 τῶν
851 553 1133 624 ὀνομάτων
1165 554 1262 606 καὶ
1307 553 1766 625 Ἑλληνικώτερον
1788 554 1884 606 ὲκ-

296 647 562 718 φὲρουσιν
590 646 730 718 ὑπὲρ
753 647 878 710 τοὺς
901 649 960 700 ὲν
982 648 1106 710 ταῖς
1132 646 1324 710 ἄλλαις
1349 646 1556 718 χώραις
1573 666 1585 677 ·
1609 640 1740 708 οἷον,
1774 646 1887 716 ἐρι-

297 755 422 808 φον,
474 735 640 807 αἶγα,
686 737 896 791 κολοιὸν
917 780 932 804 ,
995 737 1328 810 κορυδαλὸν,
1363 737 1659 810 στρύχνον,
1709 737 1890 810 βρυω-

295 815 446 886 νῖαν.
489 831 720 902 Ὁμοίως
746 829 840 884 καί
867 847 990 884 τινα
1021 831 1244 901 ῥήματα
1285 827 1429 900 ἅπερ
1462 829 1563 883 οὐκ
1595 829 1801 883 οίδασιν
1829 830 1887 881 ἐν

296 923 519 996 ἑτέραις
545 922 772 993 χώραις.
811 921 951 978 Ἀλλ’
985 922 1122 977 ἄλλα
1161 921 1287 976 τινὰ
1325 921 1405 986 είς
1436 921 1594 975 ἄλλον
1636 920 1763 975 νοῦν
1796 920 1886 974 πί-

299 1031 508 1067 πτοντα
526 1030 542 1046 ·
573 1009 684 1067 οἷον
704 1014 1018 1086 ἀδημονεῖν,
1049 1011 1468 1085 εἰρωνεύεσθαι·
1498 1005 1592 1068 καὶ
1617 1013 1666 1066 οἱ
1691 1016 1748 1067 ἐν
1768 1015 1887 1080 ταῖς

296 1103 603 1174 ἡμετέραις
637 1103 866 1175 χώραις,
902 1105 1003 1158 οὐκ
1039 1105 1216 1157 οἴδασι
1255 1104 1520 1176 διαφορὰν
1567 1105 1750 1173 πηγῆς
1792 1105 1887 1158 καὶ

295 1183 534 1266 κρουνοῧ
557 1214 570 1225 ·
592 1197 709 1250 ἀλλ’
735 1184 952 1252 ἅπαντα
985 1187 1178 1268 βρύσιν
1217 1197 1473 1252 καλοῦσιν
1499 1213 1513 1226 ’
1545 1183 1593 1249 oi
1621 1196 1676 1250 δὲ
1708 1198 1766 1250 ἐν
1789 1188 1888 1249 Ke-

295 1289 565 1361 φαληνίᾳ,
598 1278 710 1343 ἔσθ’
733 1291 870 1344 ὅπου
913 1292 1010 1344 καὶ
1041 1293 1246 1361 πηγήν.
1277 1292 1387 1344 Καὶ
1417 1291 1466 1344 oi
1497 1293 1552 1344 ἐν
1581 1290 1886 1354 Σωζοπόλει

293 1381 368 1450 τῇ
402 1381 540 1436 κατὰ
575 1368 798 1442 Πόντον,
830 1381 1065 1451 κρουνὸν
1099 1398 1200 1434 που
1227 1398 1240 1412 ο
1274 1381 1368 1434 καὶ
1399 1382 1448 1433 οἱ
1480 1382 1537 1433 ἐν
1576 1379 1885 1447 Ἀδριανου-

296 1471 460 1524 πόλει
494 1473 645 1543 ἰκρία
665 1462 884 1541 λέγουσί
914 1489 1036 1526 τινα
1069 1473 1320 1544 ἐπιμήκη
1358 1471 1513 1539 ξύλα.
1541 1469 1798 1540 Στάϐαρα
1829 1465 1886 1522 δὲ

473 1561 567 1614 τοῦ
601 1561 872 1633 σταυροὺς
911 1565 967 1616 ὲν
989 1549 1326 1634 Μακεδονία,
1371 1563 1441 1614 τά
1474 1551 1533 1614 ἓν
1561 1550 1674 1624 τοῖς
1707 1576 1885 1630 φραγ-

301 1655 449 1722 μοῖς.
480 1651 732 1706 Διατόνια
764 1652 820 1705 δὲ
855 1653 905 1706 οἱ
971 1653 1260 1707 Ζακύνθιοι
1289 1655 1356 1706 ri
1402 1651 1647 1720 πλαγίως
1681 1652 1886 1705 τούτων

297 1746 564 1816 τιθέμενα
618 1747 889 1818 ἐπιμήκη.
927 1747 1036 1800 Καὶ
1093 1747 1142 1799 οἱ
1186 1749 1286 1817 μὲν
1329 1745 1588 1818 ἡμέτεροι
1634 1733 1754 1798 άντὶ
1793 1742 1885 1798 τοῦ

1997 551 2504 625 μακεδονήσιονμ]
2539 563 2594 608 et
2623 552 2944 626 cadurci/[1’
2975 555 2987 626 |
3017 555 3255 626 Λέϐητα,
3288 556 3572 626 paululum
3613 590 3618 594 ι

1994 642 2424 706 barharizantcs,
2440 643 2642 710 λαϐένζ
2649 663 2663 698 ι
2685 647 2908 712 dicunt;
2933 656 3172 701 attamen
3198 648 3415 702 nomina
3433 664 3573 718 qua:-

1993 732 2117 786 dam
2156 719 2333 803 magis
2363 733 2640 790 Hellenice
2677 751 2840 805 quam
2876 736 2968 790 alii
3010 737 3352 806 exprimunt,
3384 739 3568 808 qualia

1993 823 2182 896 ἔριφος
2217 825 2467 898 (haedus),
2501 825 2590 892 αἲξ
2617 828 2848 898 (capra),
2889 827 3096 892 κολοιὸς
3128 829 3442 901 (graculus),
3471 847 3567 882 κο-

1997 917 2224 986 ρυδαλὸς
2276 918 2549 990 (galerita)
2575 959 2590 983 ,
2626 919 2891 992 στρύχνος
2933 923 3278 994 (strycltmts),
3331 922 3572 993 βρυωνία

1995 1008 2134 1077 (fera
2185 1010 2510 1080 cucurbita),
2555 1011 2770 1082 aliaque
2801 1013 2936 1068 alias
2970 1013 3256 1084 ignorata;
3296 1016 3389 1069 sed
3421 1031 3570 1085 ῳεω-
3618 1014 3623 1019 ’

1994 1097 2119 1155 dam
2153 1103 2256 1155 alia
2289 1102 2340 1154 in
2374 1103 2542 1156 alium
2579 1120 2802 1159 sensum
2837 1114 3112 1171 avertunt,
3143 1107 3323 1172 qualia
3365 1107 3572 1177 ἀδημο-

1993 1195 2105 1248 νεῖν
2138 1193 2459 1264 (deSper'are)
2511 1205 2564 1248 et
2610 1197 2995 1267 εἰρωνεύεσθαι
3027 1199 3338 1268 (cavillari).
3375 1197 3569 1252 Nostra

1994 1285 2049 1336 in
2095 1286 2316 1354 regione
2359 1287 2610 1338 nesciunt
2641 1287 2918 1354 quomodo
2950 1289 3098 1358 πηγὴ
3145 1303 3173 1341 a
3221 1287 3434 1358 κρουνῷ
3466 1288 3571 1357 (sa-

1993 1377 2154 1430 liente
2195 1377 2366 1442 unda)
2431 1379 2668 1444 diﬂ‘crnt,
2709 1378 3000 1448 fontesque
3031 1395 3224 1435 omnes
3256 1379 3446 1450 βρύσιν
3475 1395 3572 1433 νο·-

1995 1475 2140 1520 cant.
2175 1464 2411 1532 Quidam
2464 1483 2494 1521 e
2539 1459 2930 1536 Cephalonicis
2981 1467 3164 1539 πηγὴν
3214 1469 3486 1533 retinent,
3517 1477 3572 1522 et

1993 1555 2222 1626 κρουνὸν
2255 1556 2349 1624 qui
2392 1553 2765 1624 δοιοιιοηιοηὶ
2805 1557 2964 1627 juxta
3017 1558 3250 1613 Pontum
3303 1557 3566 1613 habitant.

1993 1645 2464 1715 Adrianopolitani
2501 1647 2650 1717 ἰκρία
2681 1648 2871 1702 dicunt
2904 1650 3094 1720 longas
3141 1651 3375 1714 trabes;
3400 1649 3575 1704 Maeo-

1994 1738 2166 1792 dones
2199 1743 2380 1792 autem
2408 1738 2658 1810 στάὸαρα
2698 1755 2798 1808 pro
2817 1741 3370 1814 oraupo‘v.(vallorum)
3394 1745 3486 1813 qui
3519 1743 3572 1796 in

301 1839 534 1902 ἀνάστα,
577 1839 860 1911 σηκώθητι
901 1838 1184 1908 λέγουσιν·
1223 1840 1404 1906 οἱονεὶ,
1437 1838 1798 1910 κουφίσθητι·
1837 1838 1887 1890 οἱ

1999 1831 2216 1900 sepibus
2248 1831 2598 1897 adhibeantur,
2623 1844 2674 1886 ct
2699 1831 2985 1905 Zacynthii
3018 1834 3262 1888 διατόνια
3279 1835 3450 1890 vallos
3481 1835 3574 1904 qui

297 1930 359 1983 δὲ
411 1930 674 2002 Κύπριοι,
739 1929 1118 1996 ὲλλειπτικῶς,
1149 1929 1282 1985 άναο
1316 1928 1411 1982 καὶ
1456 1929 1506 1982 oi
1557 1930 1890 2000 Κερκυραῖοι

1999 1925 2050 1977 in
2085 1934 2490 1978 transversum.
2532 1923 2718 1979 Nostri
2753 1939 2850 1995 pro
2883 1926 3090 1980 ἀνάστα
3111 1926 3234 1995 (sta)
3254 1927 3446 1981 dicunt
3477 1943 3574 1996 ση-

297 2022 506 2092 ὁμοίως
544 2022 608 2074 rb
637 2021 786 2090 ἑξῆς,
819 2021 982 2077 άστα.
1017 2020 1291 2086 Ὡσαύτως
1336 2020 1576 2091 Κύπριοι
1609 2021 1704 2074 καὶ
1737 2021 1891 2090 Κρῆ-

299 2130 397 2175 τες
429 2112 718 2182 γραφικῶς
749 2112 966 2182 λέγουσι
997 2113 1058 2166 τὸ
1087 2113 1262 2184 χαμαὶ
1307 2112 1402 2166 καὶ
1443 2114 1628 2183 ἁριστε
1641 2113 1739 2183 ρά·
1775 2111 1890 2164 ἓτεο

307 2220 392 2274 ροι
418 2203 476 2256 δὲ
503 2203 984 2277 βαρβαρικώτερον
1015 2203 1188 2258 ταῦτα
1226 2204 1446 2273 λέγουσι
1471 2223 1483 2234 ο
1515 2203 1610 2257 καὶ
1643 2204 1764 2258 ἀντὶ
1796 2203 1890 2256 τοῦ

303 2297 484 2367 χαμαὶ
523 2275 675 2350 κάτω
702 2275 954 2366 λέγουσι·
986 2297 1048 2350 rb
1078 2297 1135 2351 δὲ
1175 2297 1348 2360 κάτω,
1385 2299 1571 2369 σχέσιν
1601 2298 1716 2369 ἔχει
1755 2298 1891 2369 πρὸς

301 2391 364 2443 rb
413 2389 550 2446 ἄνω.
594 2389 706 2443 Καὶ
749 2391 796 2443 οἱ
837 2390 978 2444 κατὰ
1025 2391 1125 2460 τὴν
1161 2389 1452 2444 Ἀπουλίαν
1497 2390 1592 2443 καὶ
1639 2389 1892 2444 Σικελίαν

299 2481 430 2535 τινὰ
463 2481 605 2535 κατὰ
647 2481 739 2535 τὸν
769 2481 928 2552 νόμον
955 2481 1053 2554 τῆς
1085 2473 1307 2552 Γραφῆς
1334 2481 1705 2552 προφέρουσιν
1732 2497 1744 2510 ·
1778 2474 1890 2534 οἷον

301 2570 507 2624 ἐκλασε
534 2570 625 2624 τὸν
655 2569 819 2642 ἄρτον
840 2611 855 2636 ,
887 2571 982 2624 καὶ
1007 2572 1132 2640 ἄρτι
1154 2571 1531 2641 παραγέγονα.

381 2661 494 2714 Καὶ
521 2661 832 2734 Καρπάθιοι
857 2661 1008 2733 ήμην
1037 2660 1311 2729 λέγουσιν,
1347 2661 1469 2715 ἀντὶ
1495 2661 1588 2715 τοῦ
1616 2663 1886 2734 ὑπῆρχονο

303 2753 385 2816 ὡς
440 2752 501 2806 δὲ
531 2752 884 2824 Ἀρτακήσιοι
922 2755 1016 2808 καὶ
1048 2753 1354 2826 Κυζικηνοὶ
1403 2753 1675 2826 ὲδάρθηνα
1701 2756 1892 2825 λέγου-

307 2863 398 2898 σιν
425 2867 432 2873 ·
473 2845 612 2916 ὅπερ
640 2847 690 2899 οἱ
725 2847 868 2900 κατὰ
909 2847 1010 2916 τὴν
1039 2843 1319 2918 ἡμετέραν
1353 2846 1632 2902 διάλεκτον
1660 2849 1893 2921 ὲδάρθη-

305 2953 384 2988 κα
429 2935 683 3004 λέγουσιν
707 2951 722 2968 δ
756 2936 809 2989 οι
849 2935 906 2990 δὲ
939 2935 1174 3002 Πόντιοι,
1209 2935 1462 3008 ἐδάρθην.
1516 2937 1750 3008 Ὁμοίως
1799 2939 1894 2992 καὶ

304 3025 550 3089 λεπάδας
616 3025 818 3097 ὄστρεά
858 3043 980 3081 τινα
1041 3027 1140 3080 καὶ
1183 3025 1418 3098 βραγχία
1445 3027 1513 3080 τὰ
1542 3027 1636 3080 τοῦ
1675 3027 1886 3098 ἰχθύοςο

305 3117 503 3187 ὥσπερ
528 3116 664 3186 δῆτα
695 3119 786 3172 καὶ
802 3117 1233 3190 Ἑλλησπόντιοι.
1253 3117 1498 3190 Εὕρηται
1522 3119 1771 3174 δὲταῦτα
1795 3119 1892 3172 οὖ-

307 3225 392 3261 τω
439 3209 534 3262 καὶ⁴
585 3208 736 3278 παρά
781 3211 1035 3279 ποιηταῖς
1085 3225 1145 3263 τε
1200 3209 1296 3263 καὶ
1335 3210 1666 3280 φιλοσόφοις.
1721 3211 1784 3264 Οί
1833 3209 1890 3263 δὲ

311 3297 533 3364 πλείους
565 3300 624 3352 ὲν
665 3302 732 3371 τῇ
765 3300 887 3355 καθ’
913 3301 1061 3372 ἡμᾶς
1088 3301 1243 3374 χώρᾳ
1285 3301 1415 3374 σύρε
1459 3302 1734 3372 λέγουσιν,
1770 3303 1892 3357 ἀντὶ

307 3385 409 3440 τοῦ
442 3385 619 3456 ὕπαγε
639 3403 654 3418 ο
687 3389 802 3444 ἐστι
831 3390 888 3444 δὲ
915 3390 1281 3454 ἐλλειπτικὺν,
1338 3393 1462 3447 ἀντὶ
1484 3391 1580 3448 τοῦ
1609 3392 1743 3465 σύρε
1765 3395 1892 3459 τοὺς

312 3479 516 3544 πόδας·
550 3479 584 3552 ἢ
625 3481 752 3537 ἕλκε
795 3483 895 3552 τὴν
933 3483 1054 3538 όδόν
1080 3483 1182 3555 (5).
1224 3483 1382 3550 Τινὲς
1419 3485 1479 3539 τὸ
1500 3484 1623 3548 ,άνω
1651 3486 1747 3539 καὶ
1784 3485 1893 3540 ἔσω

310 3572 458 3626 κατὰ
501 3572 600 3643 τὴν
631 3573 866 3646 ἀρχαίαν
899 3575 1186 3648 συνήθειαν
1227 3577 1323 3631 ἐπὶ
1364 3577 1476 3631 τῶν
1515 3577 1893 3651 άροτριώντων

313 3662 456 3735 βοῶν
487 3665 706 3734 λέγουσι
727 3680 741 3694 °
777 3667 852 3738 μὴ
882 3667 1239 3738 ἐπιστάμενοι
1265 3667 1426 3722 τοῦτο
1472 3670 1531 3734 ἐξ
1561 3671 1803 3738 ἀμαθίας
1834 3673 1893 3724 ὲν

312 3757 525 3827 ἑτέροις
573 3755 841 3828 χρᾶσθαιο
889 3757 1222 3830 νομίζοντες,
1259 3761 1342 3814 ὅτι
1380 3762 1492 3824 τοῖς
1537 3761 1693 3832 βουσὶ
1733 3761 1894 3816 τοῦτο

312 3845 470 3911 ἴδιον,
505 3847 554 3900 ot
597 3846 735 3918 βοῶν
761 3847 1114 3921 ἀλογώτεροι.
1153 3849 1315 3904 Ἀλλὰ
1340 3852 1436 3905 καὶ
1462 3851 1616 3924 παρὰ
1645 3853 1892 3924 γυναιξὶν

313 3937 434 3990 ἐστι
461 3939 587 3992 τινὰ
607 3939 950 4012 ἐκφερόμενα
975 3941 1358 4012 σχετλιαστικὰ
1379 3945 1733 4016 ἐπιρρήματα
1752 3945 1892 4000 κατὰ

311 4031 440 4094 τοὺς
488 4030 752 4096 παλαιούς
773 4049 788 4064 ·
819 4027 932 4087 οἷον
965 4035 1026 4088 rb
1066 4033 1148 4088 ίού
1168 4052 1183 4066 ·
1227 4033 1288 4088 rb
1327 4035 1492 4089 αἰϐοί.
1533 4035 1765 4108 Ὁμοίως
1797 4038 1893 4092 καὶ

313 4120 470 4192 παρὰ
511 4123 766 4188 Λεσϐίοις
821 4125 885 4178 rb
935 4120 971 4180 ἇ
1018 4125 1387 4196 ἐκπληκτικὸν
1417 4126 1498 4192 δν,
1523 4123 1560 4200 ἦ
1591 4129 1892 4199 ποιητικῶς

315 4213 674 4284 προφέρεται,
723 4215 819 4268 καὶ
848 4216 910 4269 τὸ
937 4216 1080 4282 τέως
1114 4217 1390 4288 χρονικόν.
1429 4218 1808 4292 Ἐπαρώμενοι
1831 4221 1890 4275 δέ

316 4321 451 4358 ποτε
479 4303 762 4375 ἀλλήλους,
788 4310 1046 4378 καρκῖνος
1079 4307 1318 4379 λέγουσι,
1365 4310 1506 4365 κατὰ
1531 4312 1892 4385 ἐπικράτησιν

316 4397 556 4452 παλαιάν
575 4414 590 4428 ο
619 4398 720 4452 οὐκ
744 4397 919 4452 οἴδασι
939 4398 1018 4464 δὲ,
1040 4398 1228 4470 διόπερ
1255 4400 1415 4456 τοῦτο
1437 4401 1704 4472 λέγουσιν.
1733 4405 1892 4458 Ἐστι

313 4489 370 4542 δὲ
399 4486 559 4542 τοῦτο
591 4491 720 4560 παρ’
750 4492 977 4560 ἰατροῖς,
1025 4489 1198 4554 πάθος
1224 4509 1278 4544 τι
1313 4492 1611 4564 συμϐαῖνον
1635 4494 1893 4562 πολλάκις
1925 4523 1970 4579 ι)

315 4585 374 4634 ἐν
406 4585 518 4644 τοῖς
549 4581 660 4635 τῶν
687 4583 960 4652 γυναικών
995 4580 1186 4652 μαζοῖς
1209 4599 1223 4614 ⁸
1257 4587 1354 4638 καὶ
1402 4587 1430 4639 ό
1465 4587 1596 4658 παρ’
1627 4589 1762 4658 ἡμῖν
1792 4589 1893 4643 κά-

318 4674 506 4744 σειρος
525 4687 540 4702 ⁸
573 4673 667 4726 καὶ
703 4673 764 4726 τὸ
793 4675 893 4743 μὲν
926 4673 1107 4727 κοινὸν
1138 4675 1240 4728 οὐκ
1276 4675 1472 4728 οἴδασι·
1497 4676 1562 4728 rb
1589 4677 1648 4730 δὲ
1670 4677 1898 4747 πάγκοι·

317 4783 410 4820 νον
439 4767 576 4830 τέως
606 4765 966 4836 γινώσκουσιν
1015 4765 1266 4835 ἀλόγων
1315 4766 1460 4821 καθὰ
1501 4767 1567 4839 δὴ
1613 4767 1710 4822 καὶ
1755 4771 1806 4822 οἱ
1840 4771 1898 4823 ὲν

319 4859 507 4929 Πόντῳ
571 4857 798 4930 ήλάριον
848 4857 947 4930 μὲν
985 4858 1134 4912 ἴσασι
1170 4857 1231 4912 rb
1262 4859 1496 4930 καρφίον
1517 4874 1532 4891 ·
1571 4856 1702 4933 ἦλον
1735 4861 1780 4916 δ’
1803 4861 1896 4916 οὖα

320 4949 418 5002 καὶ
463 4947 514 5002 οι
552 4949 610 5001 ὲν
637 4947 868 5019 Κύπρῳ,
899 4948 1131 5018 ἱππάριν
1161 4947 1282 5017 μὲν,
1324 4947 1448 5017 οὐχὶ
1475 4947 1532 5000 δὲ
1565 4949 1659 5002 καὶ
1693 4949 1894 5004 ἵππονο

317 5045 396 5106 ώς
423 5042 597 5112 δήπου
623 5041 717 5094 καὶ
750 5041 798 5094 oi
825 5042 882 5094 ἐν
931 5042 997 5111 τῇ
1032 5039 1285 5112 ἡμεδαπῇ
1327 5039 1578 5112 δοκάριον
1609 5041 1710 5112 μὲν
1738 5042 1898 5113 γινώ·

323 5150 536 5196 σκουσι,
580 5133 738 5186 δοκὸν
765 5132 810 5186 δ’
839 5133 1043 5204 ἥκιστα
1067 5151 1080 5163 ·
1115 5132 1292 5186 καίτοι
1318 5133 1504 5202 ὅμοιον
1533 5133 1692 5188 τοῦτο
1721 5135 1796 5198 ὼς
1824 5135 1901 5188 εῖ-

321 5242 416 5278 ποι
435 5241 520 5286 τις
549 5223 702 5288 ξύλον
725 5225 818 5278 καὶ.
845 5223 1127 5294 ξυλάριον·
1163 5227 1254 5277 καὶ
1282 5226 1580 5296 νησσάριον
1605 5225 1778 5281 οἴδασι
1801 5229 1899 5298 τὴν

324 5315 580 5386 λιμναίαν
611 5315 782 5386 ὄρνιν,
821 5317 1028 5386 νῆσσαν
1066 5315 1361 5380 δὀὐδόλως
1386 5331 1400 5344 ⁶
1449 5317 1543 5368 καὶ
1594 5318 1900 5388 παρίππιον

325 5407 596 5470 συνθέτως
626 5408 721 5460 καὶ
749 5405 1096 5476 παραγώγως
1117 5423 1129 5438 ·
1157 5408 1336 5462 εῖτουν
1360 5408 1788 5478 παρασυνθέτως
1816 5426 1900 5478 γι-

324 5501 629 5555 νώσκουσιν
656 5517 666 5530 ·
699 5500 761 5552 οὐ
797 5500 902 5570 μὴν
929 5499 985 5554 δὲ
1015 5500 1108 5554 καὶ
1141 5499 1306 5553 ἵππον
1333 5517 1347 5530 ο
1383 5499 1498 5552 ἀλλ’
1526 5499 1749 5569 ἄλογον·
1779 5501 1902 5554 ἄλο-

1920 3171 1964 3230 C

1994 2013 2201 2084 κώθητι
2221 2023 2313 2068 aut
2338 2014 2681 2085 κουφίσθητι,
2703 2016 2886 2085 Cyprii
2913 2017 3152 2087 elliptice
3183 2018 3571 2090 dva,Coreyrii

1995 2117 2174 2159 autem
2205 2105 2366 2158 ἄστα.
2401 2103 2585 2175 Cyprii
2623 2115 2676 2158 et
2703 2105 2892 2160 Cretes
2927 2107 3106 2176 χαμαὶ
3141 2107 3333 2176 (humi)
3365 2115 3420 2160 et
3443 2107 3570 2178 ἀρι-

1996 2197 2162 2268 στερᾶ
2191 2197 2458 2264 (sinistra)
2489 2197 2760 2261 scribunt,
2784 2214 2906 2268 qum
2937 2199 3031 2252 alii
3058 2199 3234 2270 magis
3263 2198 3571 2262 barbarico,

1993 2297 2046 2342 et
2073 2301 2170 2356 pro
2204 2287 2378 2358 χαμαὶ
2403 2325 2418 2347 ,
2456 2286 2610 2340 κάτω
2643 2287 2936 2359 (deorsum)
2963 2328 2977 2354 ,
3009 2287 3278 2344 referente
3313 2287 3464 2341 κάτω
3501 2288 3570 2342 ad

1993 2379 2105 2432 ἄνω
2143 2378 2422 2450 (sursum).
2453 2377 2614 2448 Apuli
2644 2379 2922 2450 Siculique
2943 2381 3189 2450 quaedam
3225 2381 3291 2434 ad
3327 2381 3569 2451 regulam

1995 2471 2280 2540 scriptura:
2320 2470 2638 2540 proferunt,
2675 2472 2860 2540 qualia
2893 2471 3090 2524 ἔκλασε
3125 2469 3217 2524 τὸν
3247 2471 3410 2542 ἄρτον
3437 2469 3572 2541 (fre-

1993 2563 2070 2631 git
2097 2561 2332 2631 panem),
2358 2561 2484 2632 ἄρτι
2516 2563 2870 2633 παραγέγονά
2905 2563 3064 2628 (nunc
3099 2562 3336 2633 adsum).

2063 2653 2345 2725 Carpathii
2400 2655 2550 2724 ήμην
2603 2671 2702 2726 pro
2753 2656 3002 2726 ὑπῆρχον
3049 2655 3262 2728 (eram).
3305 2657 3574 2716 Artacesii

1993 2745 2360 2819 Cysicenique
2403 2746 2678 2818 ὲδάρθηνα
2729 2748 2921 2802 dicunt
2968 2765 3066 2818 pro
3105 2749 3326 2804 dialecti
3375 2763 3576 2808 nostra:

1995 2841 2163 2894 verbo
2195 2837 2472 2910 ὲδάρθηκα
2521 2839 2822 2910 (dormivi);
2871 2838 3028 2893 Ponti
3073 2835 3269 2895 incola:
3315 2841 3573 2914 ὲδόιρθην,

1993 2930 2087 3000 qui
2119 2939 2175 2986 et
2199 2930 2443 2994 λεπάδας
2471 2939 2672 2986 vocant
2699 2939 2914 2986 ostreas
2943 2933 3210 3000 quasdam
3243 2941 3298 2986 et
3337 2933 3576 3003 piscium

1993 3023 2308 3088 branchias,
2339 3023 2482 3079 sicut
2510 3030 2566 3077 et
2595 3022 2684 3092 qui
2715 3023 2864 3077 circa
2896 3023 3310 3093 Hellespontum
3352 3041 3580 3082 versan-

1997 3127 2107 3170 tur.
2127 3115 2233 3170 Ista
2267 3116 2430 3170 verba
2459 3115 2512 3168 in
2540 3115 2712 3184 poetis
2741 3131 2949 3170 necnon
2971 3116 3026 3169 in
3059 3116 3403 3186 philosophis
3418 3132 3575 3186 repe-

2001 3207 2132 3262 rias.
2159 3206 2373 3278 Saepius
2404 3207 2458 3261 in
2490 3217 2679 3263 nostra
2727 3210 2951 3276 regione
2978 3223 3078 3278 pro
3115 3208 3298 3276 ὕπαγε
3323 3209 3576 3280 (discede)

1999 3299 2212 3364 audias,
2245 3298 2378 3370 σύρε
2437 3299 2659 3370 (trahe),
2695 3299 2935 3368 elliptiee'
2963 3315 3061 3369 pro
3089 3299 3222 3370 σύρε
3255 3299 3384 3364 τοὺς
3411 3301 3578 3364 πόδας

2001 3390 2173 3461 (trahe
2209 3393 2409 3462 pedes),
2435 3401 2532 3446 aut
2560 3390 2688 3444 ἕλκε
2723 3391 2822 3463 τὴν
2849 3391 2970 3444 ὀδόν
2997 3392 3225 3462 (corripe
3253 3395 3399 3462 iter).
3437 3394 3577 3460 Qui-

2001 3483 2126 3539 dam
2158 3499 2223 3537 ex
2255 3483 2484 3552 antiquo
2519 3499 2620 3538 usu
2649 3483 2762 3537 ἄνω
2793 3493 2847 3538 et
2877 3483 2985 3538 ἔσω
3012 3484 3272 3549 clamant,
3312 3485 3476 3540 loves
3502 3485 3578 3538 in-

1999 3575 2276 3646 crepando
2315 3581 2569 3640 arantes,
2605 3576 2918 3631 nescientes
2961 3576 3074 3630 haec
3105 3577 3268 3632 verba
3311 3577 3365 3632 in
3405 3578 3575 3632 alium

2001 3683 2226 3724 sensum
2271 3667 2470 3738 accipi,
2517 3667 2807 3737 solumque
2850 3668 3025 3722 bobus
3053 3669 3434 3724 convenientia
3475 3671 3577 3722 du-

1999 3769 2203 3826 centes,
2255 3759 2359 3830 ipsi
2410 3760 2585 3816 bobus
2638 3759 2905 3816 rudiores.
2965 3759 3224 3816 Mulieres
3271 3771 3454 3816 autem
3508 3777 3572 3815 ex

2001 3852 2338 3922 antiquitate
2407 3850 2790 3907 lamentabiles
2845 3851 3044 3906 habent
3098 3851 3525 3907 exclamationes
3559 3892 3575 3918 ,

1999 3945 2200 4014 quales
2235 3943 2338 4010 Iob,
2375 3943 2526 3998 ai6oi
2555 3944 2753 4016 (eheu).
2779 3943 2992 3998 Pariter
3025 3951 3077 3998 et
3103 3941 3304 3998 Lesbii.
3338 3943 3576 3998 Verbum
3661 3933 3666 3940 ’

2000 4029 2035 4087 ἆ
2055 4073 2071 4097 ,
2117 4033 2266 4102 quod
2295 4033 2365 4088 ad
2411 4041 2677 4088 terrorem
2709 4032 3065 4104 injiciendum
3099 4033 3153 4088 in
3178 4047 3284 4088 usu
3314 4041 3400 4090 est
3447 4047 3580 4104 poe-

2001 4125 2106 4181 tice
2127 4121 2164 4196 ἧ
2192 4125 2490 4196 profertur.
2521 4124 2702 4181 Verbo
2732 4127 2871 4190 τέως
2903 4125 3218 4196 temporalis
3239 4136 3323 4182 est
3357 4141 3576 4189 sensus,

1999 4217 2092 4287 qui
2139 4217 2371 4272 invicem
2408 4219 2797 4286 imprecantur,
2829 4218 3158 4287 prmvalente
3184 4217 3408 4287 antiqua
3439 4233 3575 4272 cun-

1999 4307 2308 4371 suetudine,
2343 4307 2647 4360 nescientes
2690 4315 2870 4360 autem
2907 4323 3102 4376 quare,
3151 4307 3391 4362 clamant
3440 4325 3573 4379 καρ-
3653 4293 3657 4297 ’

1999 4401 2146 4452 κῖνον
2177 4397 2511 4469 (cancerem),
2546 4400 2691 4468 quod
2724 4399 2868 4468 apud
2900 4399 3142 4455 medicos
3172 4400 3395 4471 quidam
3429 4415 3577 4456 mor-

2001 4489 2104 4546 bus
2131 4505 2400 4547 mammas
2437 4490 2730 4546 mulierum
2765 4491 3052 4559 invadens,
3089 4501 3144 4546 et
3177 4493 3317 4562 apud
3348 4507 3450 4547 nos
3479 4493 3578 4546 κά-

2001 4582 2184 4654 ϐειρος
2214 4590 2463 4638 vocatur.
2490 4581 2732 4638 Verbum
2757 4583 2935 4637 κοινὸν
2955 4583 3270 4656 (commune)
3301 4585 3576 4660 ignOrant,

2002 4673 2297 4742 πάγκοινον
2330 4683 2514 4731 autem
2545 4674 2872 4745 jamdudum
2904 4677 3026 4732 sine
3052 4691 3222 4732 causa
3253 4675 3306 4730 in
3342 4691 3442 4731 usu
3479 4675 3580 4729 ba-

2001 4765 2218 4821 bentes.
2247 4764 2462 4822 Pariter
2508 4767 2602 4836 qui
2634 4765 2864 4822 Pontum
2913 4767 3158 4821 incolunt
3187 4765 3410 4837 ήλάριον
3441 4783 3576 4838 καρο

2003 4857 2126 4927 φίον
2159 4867 2394 4914 noscunt
2417 4899 2432 4922 ,
2467 4857 2561 4912 sed
2591 4873 2701 4914 non
2729 4853 2860 4930 ἧλον
2889 4857 3162 4929 (clavum).
3198 4857 3380 4929 Cyprii
3415 4859 3580 4912 ἱππά-

2007 4965 2113 5020 ριν,
2165 4963 2274 5004 nou
2317 4949 2484 5002 ἵππον
2519 4949 2755 5020 (equum)
2783 4989 2799 5014 ,
2834 4950 2984 5005 sicut
3029 4958 3086 5005 et
3130 4965 3266 5016 nos;
3302 4949 3578 5022 δοκάριον,

2006 5056 2113 5097 non
2137 5040 2294 5094 δοκόν
2329 5039 2577 5110 (trabem)
2604 5057 2622 5108 ;
2652 5041 2908 5096 similiter
2938 5051 3119 5098 autem
3134 5024 3305 5108 ⁸ξύλον
3332 5042 3580 5114 (lignum)

2003 5143 2056 5189 et
2094 5134 2351 5205 ξυλάριον
2387 5133 2655 5189 dicerent.
2686 5133 3002 5206 Νησσάριον
3031 5133 3312 5204 (anatem),
3347 5152 3454 5190 non
3485 5151 3584 5190 ar.-

2005 5233 2112 5279 tcm
2141 5225 2366 5296 νῆσσαν,
2403 5232 2602 5278 vocant
2629 5225 2924 5294 palustrem
2957 5241 3138 5282 avem.
3169 5228 3485 5298 Παρίππιον
3513 5246 3577 5284 cx

2004 5315 2402 5386 compositione
2429 5316 2876 5387 derivationeque
2904 5318 3124 5385 habent,
3145 5334 3251 5374 non
3284 5328 3464 5374 tamen
3494 5321 3582 5373 ἵπ-

2005 5424 2127 5473 πον,
2152 5409 2245 5463 sed
2277 5408 2471 5476 ἄλογον
2500 5407 2785 5479 (animal);
2823 5408 3016 5476 ἄλογον
3051 5418 3232 5465 autem
3264 5426 3370 5466 non
3403 5412 3580 5466 solum

2005 5514 2232 5569 equum,
2281 5499 2374 5554 sed
2402 5499 2566 5554 etiam
2617 5501 2834 5568 bovem,
2863 5503 3104 5568 asinum,
3148 5513 3202 5559 et
3249 5505 3586 5578 omniaquae

324 5609 422 5659 γον
451 5594 530 5655 δὲ,
563 5593 627 5644 οὐ
662 5589 821 5662 μόνον
845 5591 1010 5654 ἵππος
1027 5609 1041 5622 ’
1077 5591 1213 5645 ἀλλὰ
1237 5592 1330 5645 καὶ
1358 5591 1483 5661 βοῦς
1510 5592 1606 5646 καὶ
1627 5593 1748 5657 ὄνος
1769 5612 1780 5626 ·
1810 5594 1893 5646 καὶ

2010 5591 2220 5647 ratione
2248 5601 2439 5646 carent
2473 5592 2730 5648 animalia
2761 5593 3051 5662 signiﬁcat.

325 5684 428 5738 ὅσα
457 5683 615 5751 λόγον
637 5682 736 5736 οὐκ
767 5681 972 5752 έχουσι.

401 5839 478 5912 (5)
508 5838 784 5894 Sabellum
806 5838 860 5892 in
896 5838 1138 5906 margine
1163 5854 1178 5892 :
1209 5835 1300 5908 Τῷ
1331 5837 1652 5908 σύρεινάντὶ
1677 5837 1768 5892 τοῦ
1798 5837 1893 5892 ἀπέ

1999 5835 2158 5900 σθαι,
2189 5832 2280 5888 καὶ
2311 5831 2603 5905 Θεόκριτος
2633 5829 2920 5902 κέχρηται.
