4026 6378
535 340 668 416 i351

1770 351 2139 420 PACHOMII
2182 356 2524 423 MONACIII

3649 371 3774 440 1252

603 456 810 512 Ψιλοῦν
843 455 1071 529 (radere)
1098 465 1150 513 et
1174 458 1395 526 ὲξυλοῦν
1423 459 1592 532 (ligno
1629 466 1877 534 purgare)
1899 464 2081 522 dicunt

2181 513 2188 528 ,
2287 471 2396 524 Καὶ
2443 471 2634 540 φιλοῦν
2664 472 2882 543 λέγουσι
2924 477 3014 531 τὸν
3048 475 3216 547 ἀγρὸν
3249 481 3341 534 καὶ
3371 476 3626 547 ὲξυλοῦνο
3649 485 3778 558 ὅπερ

533 553 678 622 quod
697 553 786 607 alii
805 553 1398 625 ἑλοκοπεῖν(εετινίεανε)
1421 573 1434 622 ;
1463 557 1554 612 sed
1573 570 1749 628 neque
1773 558 1825 613 bi
1844 561 2106 631 nequeilli

533 645 713 699 sciunt
741 645 869 714 quid
902 645 974 700 sit
992 644 1170 714 ψιλὸν,
1190 645 1318 716 quid
1341 647 1413 702 sit
1444 647 1567 720 ὕλη,
1584 657 1638 704 et
1660 649 1802 716 ἕλος,
1820 666 1883 704 ex
1905 651 2106 720 quibus

539 737 804 806 eriginein
837 737 1038 793 habent
1067 738 1230 792 verba
1263 741 1403 807 apud
1434 741 1582 810 ipsos
1612 743 2109 814 usurpataJncolte

529 825 760 880 Athonis
787 866 802 890 ,
838 841 962 880 cum
999 826 1148 892 ἆπαξ
1186 829 1386 901 (semel)
1423 832 1743 887 adverbium
1786 834 2106 904 quantitatis

531 917 783 980 habeant,
817 926 871 972 et
897 919 948 973 lii
984 921 1250 989 multique
1277 921 1370 976 alii
1397 921 1479 987 δὶς
1507 924 1650 994 (bis),
1681 933 1740 980 ut
1763 941 1885 980 cum
1918 924 2106 982 dicunt

527 1006 610 1060 bis
648 1010 702 1061 in
743 1011 912 1072 liora,
949 1009 997 1064 si
1034 1021 1215 1066 tamen
1249 1013 1440 1068 eadem
1489 1014 1544 1068 in
1593 1014 1766 1070 Biblia
1807 1017 2100 1086 reperiant,

527 1113 634 1151 non
679 1099 1010 1170 intelligunt.
1046 1099 1230 1172 Cyprii
1263 1119 1330 1157 ex
1366 1105 1726 1160 similitudine
1766 1106 1897 1170 τσως
1919 1107 2102 1162 caeteri

523 1189 664 1258 τάχα
697 1190 995 1262 (fortasse)
1030 1193 1242 1248 dicunt.
1291 1193 1522 1261 Quidam
1570 1195 1622 1250 in
1659 1195 1854 1252 insulis
1905 1213 2102 1269 στοχα-

525 1280 660 1350 σμὸν
713 1282 1122 1354 (conjecturam)
1159 1293 1413 1349 noscunt,
1467 1285 1650 1341 caeteri
1684 1287 1958 1358 ignorant.
1993 1288 2101 1344 Alii

523 1376 832 1430 vocativum
889 1375 1208 1432 adverbium
1269 1373 1314 1433 ὦ
1371 1380 1605 1443 habent,
1663 1381 1754 1436 alii
1803 1391 1982 1436 autem
2049 1383 2098 1438 ε.

466 1453 473 1462 ’
523 1463 626 1519 Alii
657 1481 755 1534 pro
783 1465 1004 1537 βλέπειν
1041 1468 1318 1539 (aspicere)
1352 1473 1562 1540 τηρεῖν,
1589 1471 1680 1526 alii
1705 1467 1956 1542 θεωρεῖν,
1978 1487 2100 1542 quae
2147 1486 2160 1495 °

520 1558 574 1613 in
611 1561 776 1615 alium
808 1577 1027 1616 sensum
1056 1563 1284 1616 veniunt
1329 1563 1428 1617 etsi
1491 1563 1726 1632 quadam
1773 1566 2098 1635 cognatione

513 1647 724 1717 juncta.
760 1649 864 1702 Alii
900 1650 1152 1713 κυτάζειν
1191 1667 1221 1704 a
1257 1647 1556 1716 κυπτάζειν
1598 1652 1868 1725 (morari).
1908 1655 2094 1726 Cyprii

517 1738 735 1804 quidem
767 1738 1051 1807 participia
1107 1739 1162 1792 in
1207 1755 1308 1794 usu
1345 1739 1564 1806 habent,
1599 1741 1691 1796 alii
1725 1752 1909 1798 autem
1943 1759 2092 1808 raro,

2211 561 2445 633 ἀλλαχοῦ
2476 563 2756 621 ὲλοκοπεῖν
2775 583 2790 597 ·
2815 567 2932 621 ἀλλ’
2949 565 3076 622 οὔτε
3108 563 3254 624 οὗτοι
3274 610 3288 633 ,
3312 567 3438 624 οὔτε
3471 566 3664 630 ἐκεῖνοι
3696 593 3778 644 γι-

2210 656 2478 713 νώσκουσι
2521 661 2574 713 τί
2630 663 2748 714 ἐστι
2778 661 2953 734 ψιλὸν,
2977 664 3071 718 καὶ
3103 665 3158 718 τί
3190 664 3312 736 ῦλη,
3344 669 3436 722 καὶ
3469 671 3522 722 τί
3546 669 3694 735 ἕλος·
3719 675 3778 728 ὲκ

2205 747 2412 803 τούτων
2461 751 2570 822 γὰρ
2613 753 2684 806 τὰ
2730 754 2860 826 παρ’
2890 754 3076 818 αὐτοῖς
3123 757 3366 828 ῥήματα.
3410 757 3645 829 Ὁμοίως
3689 766 3778 816 καὶ
3819 771 3836 781 ⁵

2220 836 2504 896 Ἀθωνῖται
2530 859 2543 871 ·
2589 843 2651 898 τὸ
2682 843 2832 910 ἅπαξ
2871 839 3160 918 ἑπίρῤημα
3201 849 3536 918 «audenter
3568 855 3662 906 καὶ
3701 847 3776 918 δὶς

2176 978 2188 986 ,
2205 932 2422 1002 λέγουσι
2449 937 2544 990 καὶ
2573 929 2717 992 οὗτοι
2745 939 2839 992 καὶ
2862 939 2913 992 oi
2939 939 3182 994 πλεῖστοι
3205 957 3220 974 ο
3255 941 3330 1006 ὡς
3357 943 3490 997 ὅταν
3519 943 3772 1012 λέγουσι·

2203 1023 2286 1088 δὶς
2333 1025 2430 1098 τὴν
2467 1026 2645 1100 ώραν’
2675 1030 2744 1084 ἂν
2770 1030 2817 1085 δ’
2849 1031 3124 1087 ἀκούσωσι
3163 1033 3320 1089 τοῦτο
3355 1036 3416 1090 ἐν
3453 1035 3644 1108 βιϐλίῳ
3665 1076 3680 1102 ,
3717 1039 3774 1092 οὐ

2205 1117 2450 1170 συνιοῦσι
2472 1137 2486 1150 ο
2517 1118 2612 1173 καὶ
2640 1121 2689 1174 oi
2719 1123 2816 1193 μὲν
2839 1119 3078 1195 Κύπριοι
3105 1126 3198 1180 ἐπὶ
3223 1127 3520 1199 είκασμοῦ,
3552 1129 3679 1192 ἴσως
3702 1131 3772 1184 λέ·

2201 1223 2390 1276 γουσιν
2418 1225 2432 1239 ο
2460 1211 2508 1263 οί
2536 1209 2594 1264 δὲ
2623 1210 2819 1275 λοιποὶ,
2852 1215 3020 1285 τάχα·
3051 1217 3144 1270 καί
3171 1235 3317 1282 τινες
3353 1219 3411 1270 ἐν
3445 1222 3567 1282 ταῖς
3600 1221 3772 1290 νήσοις

2200 1301 2292 1355 τὸν
2322 1305 2628 1374 στοχασμὸν
2657 1303 3046 1374 γινώσκουσιν·
3080 1309 3257 1376 ἕτεροι
3284 1308 3341 1362 δὲ
3372 1308 3648 1380 οὐδαμῶς.
3669 1311 3768 1364 Καὶ

2199 1393 2348 1447 ἄλλοι
2382 1394 2483 1465 μὲν
2514 1395 2577 1450 τὸ
2619 1391 2665 1450 ὦ
2712 1397 2969 1466 κλητικδν
3007 1398 3316 1471 ἐπίρρημα,
3363 1397 3516 1452 ἄλλοι
3556 1399 3614 1452 δὲ
3659 1401 3770 1454 ἀντὶ

2197 1483 2412 1552 τούτου,
2449 1485 2508 1539 τὸ
2538 1485 2583 1540 ε.
2613 1479 2727 1540 Κοιῐ
2752 1487 2900 1542 ἄλλοι
2930 1488 3050 1542 ἀντὶ
3079 1487 3175 1542 τοῦ
3207 1487 3451 1559 βλέπειν,
3485 1489 3670 1559 τηρεῖν
3691 1489 3768 1542 λέ-

2197 1589 2406 1640 γουσιν,
2447 1573 2596 1629 ἄλλοι
2641 1574 2868 1646 θεωρεῖν
2891 1593 2905 1608 ο
2953 1576 3099 1649 ἅπερ
3126 1577 3207 1641 είς
3231 1575 3396 1632 ἄλλον
3433 1575 3558 1630 νοῦν
3587 1576 3766 1648 ἔρχον-

2195 1683 2310 1732 ται,
2333 1667 2381 1720 εί
2409 1667 2503 1721 καί
2531 1685 2652 1721 τινα
2676 1669 2985 1740 οἰκειότητα
3011 1668 3224 1739 ἔχουσιν
3247 1686 3262 1702 ·
3293 1669 3468 1734 ἄλλοι,
3496 1667 3763 1732 κυτάζειν,

2197 1759 2326 1823 ἴσως
2359 1759 2466 1814 ἀπὸ
2506 1760 2600 1814 τοῦ
2629 1761 2964 1827 κυπτάζειν⁹
2996 1762 3091 1816 καὶ
3137 1763 3186 1815 oi
3234 1761 3335 1832 μὲν
3372 1761 3642 1832 Κυθήριοι
3675 1763 3766 1826 τάς

515 1837 571 1883 et
600 1843 710 1882 non
737 1839 902 1882 recte.
929 1827 1034 1882 Alii
1069 1830 1235 1884 verba
1270 1831 1468 1903 ἰδίωμα
1497 1832 1805 1905 (dialectus)
1839 1845 1894 1890 et
1915 1836 2081 1898 troath

2199 1816 2435 1921 μετοχὰς
2460 1851 2678 1922 ἔχουσιν
2707 1854 2766 1906 ἐν
2793 1816 3073 1924 συνηθείᾳ,
3103 1816 3256 1907 ἄλλοι
3285 1852 3344 1907 δὲ
3388 1816 3650 1916 σπανίως,

515 1921 767 1992 (quadam
789 1921 1109 1991 quantitate)
1135 1921 1442 1990 proferunt,
1460 1923 1555 1978 alii
1586 1924 1716 1978 ἴδιον
1747 1925 2089 1997 (proprium),

511 2007 604 2061 alii
640 2005 828 2070 ποσὸν,
868 2007 1187 2078 ignorantes
1239 2017 1420 2066 tamen
1449 2014 1602 2067 ποιὸν
1631 2015 1883 2084 (quadam
1911 2015 2090 2087 quali-

512 2096 642 2168 tate)
665 2137 680 2161 ,
713 2105 768 2152 et
793 2101 1068 2168 quomodo
1098 2101 1250 2152 ποῖον
1273 2099 1398 2171 (quo
1431 2101 1710 2174 qualitate)
1744 2104 1896 2156 ποιὸν
1929 2104 2088 2160 inde-

510 2189 664 2244 ﬁnito
711 2203 875 2244 sensu
921 2190 1051 2252 ﬁat,
1100 2190 1246 2246 sicut
1282 2199 1340 2247 et
1383 2193 1548 2246 πόσον
1597 2175 1722 2264 (qua
1767 2197 2088 2267 quantitate)

507 2281 696 2338 ποσόν.
729 2280 1015 2354 Zacynthii
1076 2284 1423 2352 peculiariter
1456 2285 1662 2340 σκοπὸν
1701 2286 1958 2360 (scopum)
1990 2305 2084 2345 vo-

507 2386 636 2427 care
672 2381 861 2426 amant
895 2371 1190 2441 quamdam
1240 2373 1384 2442 apud
1444 2373 1568 2430 illos
1613 2374 1846 2428 σκοπιάν
1879 2373 2086 2446 (specu-

505 2461 672 2533 lam);
704 2460 1019 2535 Metitytnnii
1046 2463 1288 2534 λειμῶνα
1309 2466 1544 2535 (pratum
1575 2466 1910 2537 inaquosum)
1925 2483 2087 2524 omne

505 2553 744 2608 λιϐἀδιον
761 2555 994 2626 (pratum
1029 2555 1138 2608 rivo
1169 2555 1497 2626 irrigatum).
1529 2557 1827 2612 Ventorum
1861 2553 2086 2614 nomina

503 2646 702 2702 melius
743 2655 980 2700 noscunt
1022 2647 1267 2710 Pontici.
1302 2649 1398 2702 sed
1437 2649 1538 2702 οὐκ
1584 2648 1693 2720 ἔχω
1737 2652 1863 2720 (non
1898 2650 2084 2720 habeo)

501 2737 712 2802 dicunt,
747 2736 840 2804 alii
869 2744 1052 2791 autem
1105 2735 1192 2791 δὲν
1224 2736 1354 2808 ἔχω.
1387 2737 1575 2795 Cretes
1616 2741 1735 2794 ίντα
1766 2741 1858 2802 θὲς
1899 2756 1996 2811 pro
2033 2740 2086 2794 τί

501 2827 713 2890 θέλειςς
749 2825 914 2898 (quid
943 2827 1017 2880 vis
1039 2829 1104 2885 fi
1147 2827 1239 2881 alii
1276 2824 1329 2881 τί
1357 2829 1446 2892 At;
1487 2844 1588 2899 pro
1615 2829 1670 2883 τί
1705 2830 1887 2898 λέγεις
1935 2831 2084 2902 (quid

499 2916 736 2986 dicis?).
785 2915 917 2982 Quae
955 2915 1120 2970 verba
1166 2927 1262 2986 per
1304 2917 1766 2984 abstractionem,
1815 2913 2085 2988 scu"apo-

501 3021 672 3078 copcn
702 3015 754 3062 ct
784 3021 1060 3078 syncopen
1087 3006 1419 3078 syllabarum
1468 3003 1599 3062 talia
1628 3007 1784 3062 ﬁunt.
1812 3006 1971 3062 Certo
1995 3006 2084 3060 δὲν

499 3097 572 3152 ab
603 3098 786 3151 Attico
816 3095 972 3150 οὐδὲν
1007 3096 1264 3150 trahitur.
1295 3093 1402 3150 Pro
1431 3094 1547 3159 τοῦ,
1575 3095 1634 3148 οῦ
1663 3096 1874 3161 dicunt,
1901 3109 2004 3166 pro
2027 3093 2080 3148 τί

501 3186 582 3240 ἔνι
627 3186 688 3240 τὸ
721 3185 872 3257 (quid
918 3191 1016 3240 hoc
1051 3184 1152 3255 est)
1187 3194 1242 3240 et
1279 3185 1331 3239 τί
1373 3185 1452 3238 ἔνι
1490 3185 1560 3239 τὰ
1595 3186 1742 3256 (quid
1773 3185 1883 3240 Icare
1907 3185 2074 3257 sunt),

498 3278 648 3330 τῖντο
671 3287 726 3331 οι
751 3277 930 3344 τίντα,
961 3276 1106 3332 sicut
1133 3277 1273 3346 apud
1306 3273 1568 3344 Lesbios;
1605 3277 1746 3332 unde
1775 3277 1914 3347 apud
1941 3276 2076 3332 Cre-

500 3377 583 3424 tes
613 3369 863 3438 aliosque
891 3383 1086 3438 segnes
1117 3367 1256 3423 i'v-ra.

567 3459 792 3516 Nullum
825 3459 938 3516 fere
967 3475 1140 3516 sacrae
1167 3459 1468 3530 Scriptum
1495 3463 1746 3526 verbum,
1781 3463 1928 3532 quod
1965 3476 2073 3516 non

499 3564 594 3620 per
626 3557 799 3604 totum
827 3549 1015 3602 orbem
1053 3548 1106 3602 in
1131 3564 1237 3603 usu
1263 3549 1548 3602 habeatur.
1583 3549 1680 3603 Sin
1711 3557 1892 3604 autem
1921 3563 2074 3618 quae-

497 3645 622 3697 dam
672 3657 782 3696 non
834 3641 1170 3705 habeantur,
1233 3654 1341 3696 non
1391 3650 1476 3697 est
1521 3641 1854 3697 mirandum.
1907 3641 2075 3696 Multa

494 3733 648 3789 enim
692 3731 748 3786 in
781 3729 1112 3786 oblivionem
1149 3741 1248 3786 aut
1299 3731 1756 3788 ad-ulterationein
1787 3740 2078 3788 evenerunt

2193 1941 2292 2011 οὐχ
2325 1941 2400 2003 ὡς
2427 1941 2510 1996 δεῖ
2530 1959 2543 1973 ο
2569 1943 2664 1997 καὶ
2689 1943 2840 1998 ἄλλοι
2861 1945 2922 1998 τὺ
2945 1945 3141 2016 ἰδίωμα
3173 1943 3354 2008 ποσῶς
3388 1944 3760 2014 ἀναφέρουσιν

2191 2032 2340 2088 ἄλλοι
2373 2034 2435 2087 τὸ
2470 2034 2623 2101 ἴδιον,
2661 2037 2758 2090 καὶ
2785 2037 2936 2090 ἄλλοι
2978 2038 3039 2091 τὸ
3067 2035 3268 2090 ποσόν·
3309 2035 3387 2107 μὴ
3416 2035 3762 2104 γινώσκοντες

2191 2123 2247 2176 δὲ
2275 2124 2334 2177 τὸ
2363 2125 2550 2179 ποιόν⁶
2603 2127 2780 2180 καίτοι
2824 2125 3015 2200 ὥσπερ
3059 2127 3118 2182 τὸ
3153 2131 3306 2181 ποῖον
3351 2125 3762 2198 ἀοριστούμενον

2191 2215 2401 2282 γίνεται
2431 2215 2608 2278 ποιὸν,
2636 2214 2780 2271 οὕτω
2809 2215 2904 2270 καὶ
2933 2217 2992 2270 τὸ
3031 2217 3220 2282 πόσον,
3252 2215 3444 2271 ποσόν.
3485 2216 3757 2271 Ζακύνθιοι
3867 2247 3874 2258 -

2189 2303 2246 2358 δὲ
2285 2303 2529 2373 φιλοῦσιν
2593 2305 2737 2370 ίδίως
2768 2307 2957 2360 καλεῖν
3001 2303 3223 2370 σκοπὸν,
3256 2307 3386 2362 τινὰ
3425 2309 3555 2378 παρ’
3593 2308 3757 2371 αὐτοῖς

2191 2397 2443 2454 σκοπήν.
2477 2397 2592 2452 Καὶ
2634 2397 3028 2469 Μηθυμναῖοι,
3085 2398 3361 2468 λειμῶνα,
3411 2399 3648 2454 λιϐἀόιόν
3686 2418 3752 2455 τι.

2189 2485 2436 2558 Ἀνέμων
2462 2487 2506 2542 δ’
2533 2489 2772 2560 ὀνόματα
2793 2490 3122 2562 κρειττόνως
3149 2490 3325 2546 οἴδασι
3355 2492 3588 2546 Πόντιοι.
3608 2484 3754 2544 Οὗτοι

2187 2582 2289 2634 οὐκ
2313 2581 2424 2650 ἔχω
2451 2581 2702 2650 λέγουσιν
2725 2597 2739 2613 ο
2773 2581 2910 2653 ὅπερ
2943 2581 3121 2654 ἕτεροι
3162 2583 3253 2636 δὲν
3293 2582 3432 2655 ἔχω.
3469 2584 3578 2639 Καὶ
3606 2583 3749 2656 Ι(ρῆ-

2184 2691 2306 2739 τες’
2337 2675 2458 2728 ίντα
2487 2673 2578 2736 θές
2602 2689 2616 2703 ·
2648 2674 2770 2728 ἀντὶ
2800 2673 2894 2728 τοῦ
2917 2673 2970 2727 τί
2998 2674 3204 2739 θέλεις⁶
3241 2675 3343 2730 καὶ
3369 2676 3421 2729 τί
3443 2675 3535 2740 tu;
3559 2675 3750 2746 ἕτεροι⁹

2184 2765 2306 2820 ἀντὶ
2338 2767 2434 2820 τοῦ
2467 2766 2520 2820 τί
2554 2764 2752 2835 λέγεις,
2784 2767 2967 2839 Ἀπερ
2990 2767 3136 2822 κατά
3162 2766 3542 2839 ἀφαίρεσιν,ῆ
3575 2769 3756 2822 ἀποκο-

2185 2857 2294 2930 πὴν
2324 2873 2385 2910 τε
2429 2857 2526 2912 καὶ
2570 2857 2852 2930 συγκοπὴν
2886 2859 2996 2913 τῶν
3027 2857 3312 2912 συλλαϐῶν
3350 2859 3496 2913 οὕτω
3519 2859 3749 2930 φέρεται·

2183 2947 2306 3020 ἤτοι
2333 2945 2444 3002 ἀπὺ
2469 2945 2564 3002 τοῦ
2591 2947 2746 3002 οὐδὲν
2778 2947 3032 3004 Ἀττικοῦ
3076 2949 3186 3012 δὲν,
3236 2949 3368 3003 ἀντὶ
3394 2947 3510 3016 τοῦ,
3539 2947 3598 3002 οῦ
3621 2964 3634 2979 ·
3665 2947 3751 3002 καὶ

2181 3040 2292 3094 ἀπὸ
2321 3039 2414 3094 τοῦ
2456 3041 2508 3094 τί
2535 3040 2615 3094 ἔνι
2645 3040 2708 3094 τὸ
2731 3079 2746 3107 ,
2791 3041 2884 3094 καὶ
2917 3041 2971 3094 τί
3016 3040 3096 3095 ενι
3127 3041 3218 3105 τὰ,
3247 3042 3402 3096 τίντο
3422 3083 3438 3108 ,
3467 3043 3562 3096 καὶ
3587 3041 3748 3104 τίντα,

2103 3153 2145 3210 C
2179 3127 2257 3196 ώς
2288 3131 2442 3204 παρὰ
2473 3132 2744 3198 Λεσϐίοις.
2789 3130 2886 3198 Ἓξ
2918 3122 2980 3188 οῦ
3025 3133 3182 3204 παρὰ
3216 3133 3408 3204 Κρησὶ
3445 3135 3538 3188 καὶ
3581 3131 3748 3196 ἄλλοις

2183 3223 2470 3297 ῥᾳθύμοις,
2501 3223 2564 3277 τὸ
2591 3223 2730 3279 ῐντα.

2249 3467 2360 3522 Καὶ
2391 3467 2598 3540 σχεδὸν,
2640 3469 2796 3522 οὐδὲν
2827 3471 2924 3539 τῆς
2960 3469 3182 3540 Γραφῆς
3206 3468 3386 3540 ῥῆμα,
3419 3467 3554 3538 ὅπερ
3591 3465 3661 3538 μὴ
3688 3465 3740 3520 ἓν

2175 3563 2241 3632 τῇ
2275 3560 2572 3633 οἰκουμένῃ
2617 3559 2862 3630 φόρεται.
2916 3561 2980 3614 Ei
3019 3560 3076 3614 δὲ
3109 3560 3205 3615 καί
3245 3578 3373 3616 τινα
3415 3562 3476 3615 οὐ
3507 3561 3736 3634 φέρεται,

2175 3652 2327 3706 οὐδὲν
2367 3651 2712 3722 θαυμαστόν·
2745 3651 2920 3706 πολλὰ
2944 3651 3054 3724 γὰρ
3087 3653 3147 3705 ὲν
3171 3651 3310 3724 λήθῃ
3347 3651 3440 3707 καὶ
3471 3650 3736 3706 ἀλλοιώσει

2175 3744 2490 3812 γεγόνασιν,
2519 3742 2579 3810 ἐξ
2601 3743 2867 3814 ἀμελείας
2898 3745 2994 3798 καὶ
3021 3744 3122 3814 τῆς
3159 3743 3448 3814 ἐπιμιξίας
3476 3744 3582 3796 τῶν
3610 3743 3734 3814 βαρ-

493 3834 720 3896 propter
764 3823 1170 3896 negiigentiam,
1227 3833 1322 3878 aut
1363 3815 1720 3878 barbarorum
1778 3823 2072 3879 immis-tio-

2181 3835 2393 3907 6a'puw'
2442 3834 2518 3898 ὡς
2566 3837 2626 3889 ὲν
2671 3836 2784 3898 τοῖς
2825 3835 2924 3906 ἤδη
2961 3833 3174 3906 ῥηθεῖσι
3231 3834 3462 3906 βραχέσι
3511 3836 3734 3906 ῥήμασιν

497 3932 644 3982 nem,
703 3924 764 3970 ut
825 3918 880 3971 in
936 3917 1196 3972 brevibus
1239 3917 1401 3972 dictis
1450 3917 1637 3973 verbis
1679 3927 2068 3973 monstratum.

495 4009 642 4077 Quot
663 4020 846 4064 autem
871 4010 1203 4072 voiatdium,
1235 4011 1594 4080 serpentium,
1627 4011 2069 4081 Quadrupcdum.

497 4101 832 4172 plantarum,
871 4101 1109 4171 piscium
1143 4101 1542 4172 zoophytarum
1574 4140 1594 4165 ,
1629 4110 1901 4168 ceterum,
1930 4103 2070 4156 alio-

492 4209 730 4265 rumque
785 4195 1128 4262 animalium,
1183 4209 1306 4264 quae
1355 4198 1412 4249 in
1469 4197 1604 4250 orbe
1646 4204 1796 4260 sunt,
1845 4197 2075 4250 nomina

493 4287 848 4357 ignoramus!
884 4285 1172 4353 Quomodo
1206 4286 1384 4348 illa,si
1412 4285 1468 4340 in
1499 4283 1788 4354 Scriptura
1819 4287 2070 4341 invenia~

491 4393 640 4439 mus,
677 4378 1146 4448 intelligeremus?
1180 4377 1287 4432 Sua
1315 4378 1609 4448 unicuique
1636 4392 1818 4433 rerum
1852 4388 2067 4434 creata-

2173 3926 2570 3982 ἁποδὲδεικται·
2597 3926 2739 3980 πόσα
2765 3926 2878 3998 γὰρ
2903 3925 3146 3996 ὀνόματα
3171 3927 3456 3991 πετεινῶν,
3481 3924 3729 3996 ἑρπετῶν,

2173 4017 2540 4090 τετραπόδων,
2561 4017 3006 4089 φυτῶν,ίχθύων,
3039 4015 3302 4087 ξωῦιρίων
3321 4037 3382 4072 τε
3413 4019 3509 4072 καὶ
3537 4017 3732 4074 κνωόά-

2171 4109 2302 4176 λων,
2326 4109 2427 4164 καὶ
2452 4109 2560 4164 τῶν
2589 4109 2792 4164 λοιπῶν
2820 4109 2930 4162 τῶν
2955 4109 3016 4164 ὲν
3045 4108 3122 4180 τῷ
3144 4110 3339 4178 κόσμῳ
3361 4110 3463 4164 οὐκ
3494 4105 3728 4178 οἷδαμενί

2172 4199 2299 4262 Πῶς
2319 4195 2416 4253 οὖν
2437 4198 2774 4261 ἀκούσαντες
2820 4200 2882 4252 ὲν
2907 4201 2972 4270 τῇ
3007 4199 3197 4270 Γραφῇ
3223 4198 3400 4253 ταῦτα
3427 4201 3730 4269 νοήσωμεν;

2171 4290 2267 4344 καὶ
2288 4291 2405 4362 γὰρ
2417 4289 2697 4362 καταρχὰς
2719 4289 2788 4344 τά
2809 4288 3051 4360 ὀνόματα
3077 4289 3346 4362 ὲτὲθησάν
3365 4307 3427 4343 τε
3453 4289 3546 4344 καὶ
3565 4285 3731 4358 διωρί-

2173 4382 2378 4453 σθησαν
2404 4382 2626 4453 ἑκάστῳ
2648 4382 2778 4436 εῖδει
2806 4383 2914 4436 τῶν
2941 4382 3258 4454 κτισμάτων
3276 4400 3291 4415 ο
3323 4383 3412 4437 διὰ
3431 4383 3530 4453 τὴν
3554 4380 3734 4452 χρῆσιν

492 4485 614 4524 rum
655 4469 858 4538 speciei
886 4485 915 4522 a
951 4469 1220 4538 principio
1247 4469 1469 4523 nomina
1495 4469 1750 4538 imposita
1781 4485 1847 4526 ac
1879 4471 2066 4526 deter-

2181 4477 2267 4528 καὶ
2295 4474 2562 4544 ὠφέλειαν
2594 4474 2691 4547 τὴν
2711 4474 2772 4540 ἐξ
2801 4475 3004 4540 αὐτῶν,
3033 4475 3248 4540 καὶτὰς
3281 4476 3571 4546 διαφόρους
3591 4472 3730 4544 ἐνερ-

492 4562 702 4616 minata
740 4560 912 4628 fuere,
969 4561 1268 4616 secundum
1303 4577 1488 4626 usum,
1521 4563 1924 4633 adiumentum,
1973 4573 2070 4619 aut

489 4653 674 4708 varias
721 4653 978 4706 virtutes.
1031 4651 1242 4706 Dicitur
1287 4651 1532 4708 Adamus
1580 4667 1773 4708 omnes
1807 4653 2064 4724 pecudes,

489 4759 684 4801 omnes
713 4745 837 4800 coeli
865 4741 1138 4808 volucres,
1184 4759 1490 4816 omnesque
1541 4753 1699 4800 terrae
1729 4746 1930 4802 bestias
1966 4762 2068 4802 no-

489 4837 736 4892 minibus
760 4849 1009 4902 vocasse,
1045 4835 1189 4893 sicut
1221 4843 1278 4892 et
1311 4837 1578 4894 Solomon
1611 4845 1890 4894 astrorum
1920 4839 2070 4908 posi-

489 4941 604 4996 tus,
656 4919 964 5000 plantarum
1015 4929 1439 5000 graminumqne
1488 4940 1743 4986 naturas.-
1787 4930 2064 4987 Interdum

491 5031 684 5078 autem
718 5023 811 5090 qui
847 5023 1008 5092 longe
1039 5023 1092 5076 in
1124 5022 1277 5092 agris
1299 5023 1552 5078 habitant
1583 5023 1760 5094 magis
1790 5018 2066 5080 Hellenice

493 5114 847 5182 techniceque
875 5129 1039 5183 quam
1069 5114 1160 5182 qui
1193 5113 1377 5180 urbes,
1408 5123 1632 5184 propter
1660 5114 2064 5182 simpiicitatetn

489 5205 790 5274 loquuntur
822 5223 834 5258 :
863 5204 1122 5273 oppidani
1167 5204 1314 5259 enim
1359 5219 1426 5259 ex
1460 5219 1602 5260 vana
1655 5205 1829 5275 gloria
1862 5207 2064 5276 stylum

492 5293 767 5351 tent‘antes
825 5296 877 5349 in
939 5297 1330 5365 speciosiorem
1397 5305 1630 5360 mutare,
1684 5308 2062 5367 corrumpunt,

490 5401 845 5457 paganosque
876 5397 932 5440 et
961 5397 1210 5450 agrestes
1257 5387 1584 5442 cavillantur
1613 5397 1667 5442 et
1701 5388 2064 5452 subsannant,

491 5483 684 5551 sicque
719 5480 1056 5551 alienigenas
1111 5481 1362 5547 irrident,
1403 5489 1464 5535 ut
1491 5493 1627 5550 gens
1661 5489 1902 5550 gentem,
1937 5479 2066 5534 urbs

491 5573 682 5628 urbem
705 5611 721 5635 ,
772 5587 839 5627 ex
878 5586 946 5626 eo
977 5573 1124 5642 quod
1159 5587 1266 5626 non
1316 5573 1480 5628 verba
1507 5573 1699 5628 eadem
1747 5573 2063 5641 loquantur,

489 5661 638 5732 quod
669 5659 942 5716 aliirmant
973 5661 1302 5717 nescientes.
1334 5661 1410 5717 lta
1437 5677 1528 5716 res
1555 5670 1767 5717 suntex
1808 5662 2066 5732 ignoran-

495 5749 592 5814 tia,
637 5759 696 5804 ut
741 5748 946 5805 dictum
977 5759 1082 5805 cst.
1124 5747 1264 5803 Deus
1313 5749 1366 5803 in
1419 5748 1713 5822 principio,
1747 5759 1804 5804 ut
1836 5749 2056 5804 demon-

2170 4565 2346 4634 γαίας.
2391 4565 2652 4621 Ἐκάλεσε
2697 4567 2824 4637 γὰρ,
2867 4569 3054 4638 φησὶν,
3095 4567 3267 4639 Ἀδὰμ
3327 4569 3567 4638 ὀνόματα
3608 4567 3728 4618 πᾶσι

2169 4661 2284 4722 τοῖς
2322 4659 2546 4726 κτήνεσι
2569 4700 2584 4725 ,
2615 4661 2711 4713 καὶ
2741 4661 2877 4714 πᾶσι
2915 4662 3030 4724 τοῖς
3061 4661 3328 4724 πετεινοῖς
3367 4659 3460 4712 τοῦ
3493 4653 3725 4728 οὐρανοῦ,

2171 4753 2264 4807 καὶ
2305 4753 2438 4806 πᾶσι
2467 4756 2580 4817 τοῖς
2619 4752 2826 4826 θηρίοις
2858 4755 2958 4825 τῆς
2987 4755 3109 4826 γῆς.
3151 4755 3313 4810 Ἀλλὰ
3349 4755 3445 4810 καὶ
3493 4750 3726 4820 Σολομῶν

2168 4839 2314 4898 οἶδεν
2324 4843 2570 4914 ἀστέρων
2593 4843 2792 4909 θέσεις,
2819 4845 2914 4898 καὶ
2937 4845 3121 4914 φυτῶν
3146 4847 3338 4914 φύσεις
3365 4845 3457 4898 καὶ
3480 4839 3721 4913 βοτανῶν.

2173 4937 2328 4989 Ἔστι
2358 4935 2402 4988 δ’
2430 4935 2520 4988 ὅτε
2549 4939 2644 4990 καὶ
2669 4939 2718 4990 οἱ
2745 4939 2911 5010 τηλοῦ
2937 4937 3046 4991 τῶν
3093 4937 3279 5009 ἀγρῶν
3307 4935 3576 4998 οἰκοῦντες
3618 4922 3724 4984 Ἐλ-

2168 5023 2535 5097 ληνικώτυερόν
2593 5042 2654 5079 τε
2706 5028 2802 5080 καὶ
2849 5027 3242 5098 τεχνικώτερον
3305 5025 3591 5087 λαλοῦντες
3627 5019 3723 5073 τῶν

2169 5115 2420 5170 ἀστυκῶν
2445 5117 2504 5184 ἐξ
2541 5117 2841 5186 ἁπλότητος
2863 5135 2878 5151 ο
2910 5119 2959 5171 οί
2993 5117 3104 5188 γὰρ
3135 5118 3278 5171 κατά
3305 5116 3405 5180 τὰς
3438 5115 3634 5176 ⁸πόλεις,
3665 5111 3722 5162 ἐκ

2168 5206 2498 5274 κενοδοξίας,
2534 5211 2615 5274 εἰς
2648 5208 2710 5262 τὸ
2735 5192 3235 5281 εὐσχημονέστερον
3261 5207 3570 5279 βουλόμενοι
3605 5218 3722 5272 μετ-

2168 5297 2396 5362 αγαγεῖν
2423 5297 2522 5360 τάς
2551 5294 2748 5362 λέξεις,
2781 5297 2982 5366 μᾶλλον
3014 5297 3296 5368 φθείρουσι
3315 5313 3328 5324 ·
3361 5296 3455 5349 καὶ
3479 5294 3598 5356 τοὺς
3623 5308 3721 5345 κω-

2172 5387 2350 5456 μήτας
2373 5387 2470 5440 καὶ
2501 5387 2792 5458 ἀγροίκους
2816 5387 3027 5457 ἀλόγως
3059 5388 3370 5442 σκώπτουσι
3397 5387 3492 5439 καὶ
3528 5395 3718 5456 μυκτηο

2171 5478 2404 5549 ρίζουσι,
2439 5480 2644 5550 ὁμοίως
2674 5481 2768 5534 καὶ
2804 5484 2918 5546 τοῖς
2945 5479 3264 5544 ἀλλοδαποῖς
3301 5477 3606 5547 ἐπιγελῶσι,
3634 5473 3718 5526 καὶ

2167 5569 2340 5636 ἔθνος,
2377 5570 2520 5624 ἔθνει
2553 5573 2746 5644 ἑτέρῳ,
2801 5573 2894 5627 καὶ
2928 5573 3106 5638 πόλις,
3142 5572 3316 5637 πόλει,
3351 5573 3432 5624 ὅτι
3470 5570 3530 5623 οὐ
3560 5564 3716 5621 ταύτὰ

2165 5652 2389 5714 λαλοῦσι
2408 5679 2422 5692 ο
2455 5663 2533 5734 μὴ
2555 5664 2757 5728 εἰδότες
2789 5663 2826 5719 ἃ.
2852 5664 3310 5720 διαϐεϐαιοῦνται.
3341 5661 3524 5718 Ταῦτα
3543 5661 3596 5714 δὲ
3622 5659 3718 5712 πά-

2168 5767 2389 5821 σχουσιν
2431 5753 2494 5822 ἐξ
2523 5755 2763 5825 ἀμαθίας
2801 5756 2878 5821 ὡς
2914 5757 3150 5829 εῐρηται.
3215 5755 3273 5811 ’0
3311 5754 3420 5825 γὰρ
3461 5752 3586 5815 Θεὸς
3631 5747 3713 5812 ἐξ·
