4026 6390
313 457 433 529 1381

1232 451 1432 514 VlTA.
1471 471 1541 482 --
1588 441 2192 506 COMMENTARIUS
2226 441 2597 504 PRIEVIUS.

3004 383 3096 399 νη..-

3424 439 3559 508 1-382

307 579 502 651 probus
546 571 751 628 eﬂiciar
780 533 826 641 (ί
873 569 1002 624 Cor.
1034 583 1134 633 vn,
1158 567 1290 636 27);
1329 562 1606 635 quomodo
1633 576 1755 631 ego,
1782 559 1876 630 qui
1909 564 1950 621 Α
1980 557 2301 616 beatissimo
2332 558 2643 651 patriarcha
2691 559 3263 651 Constantinopoleos.
3313 558 3477 617 Multa
3508 575 3564 620 et

306 670 358 726 in
384 663 581 723 mundo
605 670 988 724 conversatus,
1017 668 1214 715 etcum
1243 658 1398 716 laieis
1424 663 1871 716 eonnumeratus,

306 761 356 816 in
395 754 756 826 imperatoriis
785 749 1358 806 administrationibus
1377 747 1627 811 militavi,
1654 744 1733 800 sic
1749 743 1874 798 abs-

304 864 404 922 que
455 845 792 916 judicatione
840 852 1006 913 atque
1082 839 1579 910 circumspectione
1649 847 1872 906 possum

303 939 506 996 insilire
557 936 624 991 ad
660 935 956 990 sacerdotii
1002 930 1476 1003 magnitudinem?
1524 927 1872 984 llorrendum

302 1045 557 1088 conamen
595 1029 662 1084 ad
702 1027 1055 1097 exiguitatem
1089 1040 1264 1078 meam
1295 1033 1352 1078 et
1381 1022 1728 1078 temerarium
1757 1029 1874 1074 stu-

301 1124 470 1180 dium.
503 1121 685 1176 Causa
733 1133 862 1173 vero
892 1117 1108 1171 timoris
1134 1127 1188 1170 et
1221 1115 1565 1170 refutationis
1595 1128 1728 1167 meae
1759 1112 1874 1164 hinc

300 1225 397 1271 est.
429 1213 652 1283 Aspicio
677 1220 733 1266 et
755 1209 912 1263 video
936 1207 1257 1272 Ecclesium,
1293 1223 1416 1277 quae
1447 1221 1609 1274 supra
1639 1211 1871 1274 petram,

301 1307 571 1363 Christum
611 1306 899 1360 Dominum
930 1311 1202 1368 nostrum,
1245 1301 1467 1354 fundata
1503 1308 1610 1360 cst.
1645 1299 1872 1352 scissam

300 1409 439 1453 nunc
469 1405 525 1451 et
555 1395 811 1459 divisam,
843 1405 898 1450 et
924 1410 1024 1450 nos
1053 1394 1158 1448 alia
1191 1401 1354 1462 atque
1380 1392 1538 1448 aliter
1565 1391 1870 1460 loquentes,

297 1497 350 1544 et
379 1487 534 1542 aliter
575 1501 670 1540 eos
697 1485 1064 1548 Christianos,
1095 1484 1189 1554 qui
1235 1482 1290 1537 in
1322 1483 1544 1536 Oriente
1581 1480 1744 1535 unius
1771 1495 1874 1534 uo.

298 1579 504 1636 hiscum
543 1578 665 1632 fidei
695 1587 843 1644 sunt,
876 1578 972 1634 sed
994 1589 1048 1630 et
1072 1577 1158 1632 his
1185 1575 1583 1630 concordantes
1609 1571 1874 1626 Occiden-

300 1671 468 1726 tales:
505 1685 608 1724 nos
636 1669 706 1724 ab
729 1669 986 1725 omnibus
1034 1668 1141 1722 illis
1193 1667 1488 1730 alienatos,
1539 1674 1594 1719 et
1621 1679 1651 1718 a
1688 1679 1747 1719 se
1779 1678 1876 1734 per

297 1761 535 1832 singulos
559 1762 678 1817 dies
705 1761 1220 1816 anathematizatos.
1261 1758 1386 1812 Dira
1425 1771 1586 1827 paena
1623 1765 1708 1812 est
1739 1771 1874 1810 ana-

296 1855 495 1919 thema,
532 1855 727 1924 procul
761 1869 794 1909 a
839 1853 950 1909 Deo
980 1853 1200 1916 emittit,
1234 1860 1288 1906 et
1325 1867 1357 1907 a
1395 1865 1564 1922 regno
1607 1851 1870 1905 calorum

1977 665 2174 720 magna
2206 650 2550 720 providentia
2597 650 2868 708 Dominus
2904 650 3048 706 Deus
3099 653 3382 708 hominum
3421 654 3563 712 vitas

1974 758 2193 809 regens,
2218 751 2272 797 et
2297 742 2651 812 protrahens.
2678 752 2842 812 atque
2876 753 3200 814 proventum
3227 745 3350 798 vita:
3374 747 3566 801 unius-

1973 833 2242 902 cujusque
2272 835 2520 890 consulte
2549 834 2830 891 deducens
2881 836 3024 907 (sine
3057 837 3176 906 ipso
3204 853 3443 906 namque
3477 837 3562 891 fa-

1974 936 2125 981 ctum
2167 935 2250 981 est
2285 927 2443 992 nihil,
2473 927 2603 998 quia
2647 938 2701 983 et
2731 929 2909 998 capilli
2941 930 3134 998 capitis
3165 930 3334 985 nostri
3369 946 3563 985 nurne-

1974 1017 2079 1069 rati
2115 1027 2244 1070 sunt
2267 1018 2367 1085 ei),
2395 1025 2453 1071 et
2483 1033 2569 1072 me
2605 1017 2657 1071 in
2683 1017 2952 1072 laicornm
2985 1020 3176 1073 ordine
3204 1036 3378 1087 usque
3415 1035 3562 1074 nunc

1973 1121 2455 1173 connutneratum,
2489 1119 2542 1162 et
2576 1110 2954 1178 imperialibus
2983 1111 3304 1165 ministeriis
3332 1111 3560 1178 deputa-

1975 1187 2111 1266 tum,
2161 1203 2370 1265 nescio,
2415 1202 2614 1270 quibus
2642 1203 2866 1271 judiciis
2899 1203 3017 1272 ipse
3058 1203 3208 1268 fecit,
3259 1209 3312 1258 in
3371 1203 3562 1258 cathe-v

1972 1291 2126 1346 dram
2155 1293 2526 1360 pontificalem
2553 1293 2754 1358 evexit,
2792 1295 3010 1348 hortatu
3042 1295 3219 1347 valido
3252 1309 3283 1347 a
3316 1295 3562 1349 veritatis

1972 1384 2798 1455 propugnatoribus,piissimis
2842 1385 3096 1440 videlicet
3134 1401 3200 1440 ac
3237 1385 3562 1440 orthodoxis

1975 1475 2410 1542 imperatoribus
2442 1478 2648 1532 nostris
2681 1486 2848 1547 atque
2889 1479 3256 1534 sanctissunis
3289 1479 3562 1547 episcopis

1975 1574 2069 1613 seu
2100 1562 2318 1617 clericis
2345 1564 2397 1616 in
2425 1581 2510 1616 me
2543 1565 2808 1618 violenter
2829 1567 3042 1629 ell'ecto,
3078 1568 3164 1621 cui
3196 1567 3563 1622 succumbens

1975 1656 2184 1716 annui,
2241 1665 2298 1710 et
2369 1657 2691 1712 obedientia:
2766 1658 3003 1713 fructum
3081 1662 3167 1714 his
3227 1661 3562 1729 carpendum

1975 1747 2249 1801 commisi.
2305 1745 2370 1801 Et
2408 1763 2542 1818 r030
2593 1765 2693 1804 vos
2741 1751 3152 1817 sanctissimos,
3191 1761 3250 1806 ut
3303 1763 3561 1821 tanquam

1980 1845 2159 1906 patres
2201 1854 2288 1894 me
2352 1841 2760 1909 pusillanimem
2819 1843 3015 1896 baculo
3048 1847 3321 1912 potentiae,
3367 1844 3420 1897 id
3453 1853 3561 1908 est,

295 1916 550 2014 “pem,”
571 1946 781 2002 ducens
811 1947 866 2000 ίη
895 1947 1152 2000 tenebras
1189 1916 1510 2000 ειιριιίοτεξ,
1553 1943 1740 1998 Nam.“
1772 1939 1874 1996 Ec-
1905 1916 1950 1974 Β
1987 1929 2225 1999 paternis
2251 1933 2451 1986 vestris
2481 1933 2813 2002 magisteriis
2845 1933 3083 1994 iniciatis
3122 1954 3136 1991 :
3170 1946 3224 1990 et
3255 1937 3418 1990 veluti
3447 1936 3562 1990 fra-

294 2034 468 2093 clesize
497 2037 588 2092 lex
629 2037 712 2093 vel
752 2037 1022 2093 terminus
1049 2047 1256 2093 sectam
1290 2038 1404 2092 sive
1444 2036 1875 2100 contentionem,

293 2125 384 2182 sed
411 2130 558 2184 sicut
603 2129 754 2184 novit
786 2131 1033 2190 contiteri
1065 2145 1231 2185 unum
1273 2128 1468 2194 Deum,
1498 2145 1664 2184 unum
1695 2124 1877 2197 bapti-

293 2232 429 2285 sma,
462 2233 632 2273 unam
665 2220 849 2286 tidem,
882 2219 956 2272 ita
993 2228 1048 2273 et
1075 2219 1422 2274 concordiam
1454 2232 1615 2270 unam
1648 2213 1876 2290 ino:nni

290 2311 663 2366 ecclesiastico
711 2311 948 2382 negotio.
995 2308 1144 2364 Nihil
1173 2310 1318 2364 enim
1356 2319 1443 2364 est
1489 2309 1544 2362 in
1577 2316 1872 2376 conspectu

292 2400 382 2458 Dei
411 2411 521 2457 tam
556 2411 841 2472 acceptum
883 2414 1048 2472 atque
1089 2402 1377 2472 placabile,
1409 2416 1574 2469 quam
1618 2409 1676 2453 ut
1707 2414 1872 2452 unum

291 2493 480 2558 simus,
509 2501 566 2549 et
587 2509 691 2547 una
719 2493 987 2548 eﬂiciatur
1016 2493 1286 2548 catholica
1318 2491 1584 2552 Ecclesia,
1611 2490 1874 2559 quemad-

291 2585 510 2639 modum
537 2583 592 2638 in
625 2585 851 2640 sincera:
880 2594 1085 2638 nostra:
1107 2583 1228 2637 tidei
1252 2582 1503 2653 symbolo
1526 2580 1871 2637 confitemur.

291 2673 354 2728 Et
387 2677 628 2744 petimus
671 2690 794 2742 nos,
830 2674 1052 2740 fratres,
1087 2682 1145 2729 ut
1181 2689 1330 2740 reor,
1364 2683 1418 2728 et
1463 2688 1580 2739 vos,
1610 2672 1872 2742 quoniam

290 2766 404 2821 scio
435 2766 690 2820 timorem
722 2781 820 2821 vos
847 2765 938 2819 Dei
977 2766 1199 2829 habere,
1228 2780 1257 2818 a
1291 2765 1558 2834 piissimis
1592 2774 1646 2818 et
1683 2764 1874 2817 ortho-

289 2856 444 2912 doxis
491 2857 921 2928 imperatoribus
955 2857 1160 2912 nostris
1209 2858 1477 2928 synodum
1509 2856 1873 2910 nniversalem

289 2949 490 3021 colligi,
520 2959 580 3004 ut
603 2941 902 3005 elliciamur
940 2958 994 3005 et
1038 2964 1165 3015 nos,
1199 2949 1293 3017 qui
1331 2949 1492 3002 unius
1523 2946 1615 3002 Dei
1661 2961 1877 3012 sumus,

289 3055 456 3095 unum
496 3058 510 3095 :
544 3047 599 3095 et
637 3042 732 3110 qui
763 3039 1048 3094 Trinitatis
1097 3040 1336 3095 cultores
1367 3039 1684 3095 exsistimus
1716 3037 1874 3101 uniti,

288 3137 341 3184 et
367 3130 661 3186 unanimes
683 3140 738 3185 et
759 3131 982 3200 collegae
1008 3147 1021 3184 :
1047 3140 1104 3184 et
1131 3131 1224 3200 qui
1250 3130 1444 3200 capitis
1470 3131 1641 3185 nostri
1669 3128 1876 3184 Christi

290 3236 506 3288 sumus,
550 3221 850 3276 eﬂlciamur
884 3235 1086 3290 corpus
1115 3235 1286 3275 unum
1338 3229 1682 3290 compactum
1714 3228 1877 3288 atque

289 3327 602 3368 connexum
641 3330 656 3368 :
698 3321 752 3367 et
781 3312 876 3382 qui
923 3312 1098 3368 sancti
1137 3310 1378 3380 Spiritus
1425 3326 1638 3374 sumus,
1676 3309 1876 3365 cilicia-

289 3420 412 3460 mur
454 3421 567 3460 non
601 3413 793 3459 contra
841 3405 1098 3472 invicem,
1137 3404 1229 3458 sed
1264 3419 1362 3474 pro
1395 3403 1626 3458 invicem
1654 3420 1668 3456 :
1695 3412 1748 3457 et
1783 3404 1877 3473 qui

289 3498 546 3550 veritatis
597 3496 941 3560 exsistimns,
996 3495 1300 3551 efficiamur
1329 3497 1562 3567 idipsnm
1608 3498 1879 3565 sapientes

289 3595 454 3658 atque
507 3587 778 3651 dicentes,
819 3596 873 3640 et
910 3603 1018 3640 non
1047 3587 1120 3642 sit
1167 3586 1221 3640 in
1265 3589 1421 3642 nobis
1457 3599 1728 3641 certamen
1767 3587 1880 3642 sive

289 3681 588 3744 dissensio,
633 3689 692 3733 ut
733 3695 836 3748 pax
874 3678 988 3749 Dei,
1021 3695 1142 3748 qua:
1174 3689 1466 3750 exsuperat
1504 3665 1720 3732 omnem
1755 3694 1880 3734 seu-

291 3786 435 3833 sum,
475 3771 690 3824 muniat
733 3786 854 3826 nos.
891 3771 957 3824 Et
1013 3772 1058 3826 si
1105 3773 1322 3842 quidem
1367 3771 1635 3840 jnsscrint
1686 3772 1879 3825 ortho-

289 3862 471 3917 doxite
509 3875 972 3940 propugnatores,
1011 3864 1367 3934 imperatores
1403 3861 1653 3916 videlicet
1682 3861 1876 3927 nostri,

290 3954 659 4025 postulationi
713 3970 846 4009 uicae
902 3971 1165 4018 annuere,
1204 3954 1489 4010 c0nsentio
1523 3963 1576 4008 et
1605 3967 1727 4022 ego.
1782 3948 1878 4005 Sin

202 4069 204 4072 ·
293 4061 506 4113 autem,
551 4047 888 4116 impossibile
920 4057 1004 4100 est
1055 4047 1188 4100 mihi
1226 4047 1329 4101 hoc
1376 4045 1575 4110 facere,
1611 4061 1679 4100 ne
1709 4045 1880 4114 subji-

293 4143 412 4196 ciar
454 4141 818 4201 anathemati,
866 4151 918 4193 et
953 4140 1197 4192 inveniar
1241 4141 1638 4193 condemnatus
1688 4139 1741 4192 in
1796 4138 1881 4194 die

294 4227 520 4283 Domini
553 4228 726 4281 nostri
760 4239 812 4282 et
839 4227 1131 4296 justissitni
1163 4226 1390 4290 Jndicis,
1432 4228 1522 4282 ubi
1557 4243 1732 4297 neque
1773 4228 1879 4281 im-

292 4335 547 4392 perator,
586 4338 764 4396 neque
816 4321 1099 4383 sacerdos,
1149 4333 1324 4388 neque
1375 4317 1668 4386 principes.
1707 4332 1881 4387 neque

295 4413 588 4469 hominum
625 4414 919 4468 multitudo
971 4412 1172 4482 poterit
1210 4412 1420 4480 eripere
1474 4425 1579 4464 me.
1628 4409 1691 4461 Et
1721 4409 1881 4479 quid-

297 4505 430 4574 quid
468 4505 735 4575 placuerit
773 4503 928 4556 vobis
953 4541 967 4564 ,
1003 4499 1230 4570 ,fratres,
1271 4501 1396 4555 date
1442 4501 1705 4570 apologize
1751 4517 1882 4555 mea:

299 4609 414 4650 uno
442 4594 611 4649 verbo
637 4592 958 4647 assertionis
995 4601 1186 4644 vestra:
1220 4591 1439 4645 reddita:
1477 4593 1719 4660 petitioni
1750 4608 1883 4647 mea:
1918 4617 1960 4671 ι)

298 4702 686 4754 resiionsnm.»
710 4685 774 4738 Et
793 4685 1024 4738 libenter
1048 4684 1568 4748 audierunt-omnes,
1595 4700 1714 4753 quae
1741 4685 1881 4739 dicta

298 4788 456 4842 sunt,
489 4775 830 4832 'consensum
889 4775 1210 4842 praebentes,
1265 4782 1324 4827 ut.
1375 4773 1529 4828 fieret
1573 4776 1881 4845 synodus...

278 4869 495 4938 ,ltaqne
528 4884 623 4921 vut
670 4867 899 4920 Kalend.
945 4864 1170 4919 Januar.
1201 4874 1406 4918 octavae
1446 4863 1636 4919 indirt.
1688 4881 1902 4942 conse-_

303 4971 495 5015 cratus
518 4968 601 5014 est
641 4960 820 5012 almus
852 4956 1009 5011 Pater
1038 4967 1226 5010 noster
1271 4953 1531 5010 Tan-asins
1575 4959 1890 5040 patriarcha

303 5050 950 5118 C0nstantinopolitanus
989 5051 1080 5116 qui
1127 5046 1311 5102 missis
1345 5044 1574 5100 Romam
1609 5048 1886 5118 synodicis

303 5143 426 5201 suis
457 5154 507 5196 et
557 5142 744 5196 libello
793 5139 917 5194 fidei
968 5156 1080 5195 suae
1112 5148 1361 5209 receptus
1412 5149 1495 5192 est
1551 5139 1618 5193 ah
1646 5139 1886 5193 Adriano

304 5253 472 5308 papa.
515 5233 640 5290 llaec
667 5233 807 5303 apud
851 5233 1200 5286 Anastasium
1254 5231 1633 5302 Theophanes.
1687 5229 1885 5286 Verum

303 5344 387 5384 eae
416 5328 484 5381 ad
512 5326 819 5396 pontificem
853 5321 1162 5376 Romanum
1191 5324 1382 5378 litterae
1412 5325 1713 5393 perierunt,
1748 5341 1888 5394 quas

303 5434 373 5474 ex
418 5417 658 5485 ejusdem
678 5411 966 5482 pontificis
1007 5425 1270 5481 responso
1304 5414 1657 5480 arbitramur,
1700 5415 1888 5483 paucis

306 5509 418 5567 sub
459 5507 616 5561 (litem
656 5505 904 5567 mutatis,
947 5504 1153 5558 similes
1191 5495 1316 5561 aliis
1359 5505 1579 5569 litteris,
1628 5521 1749 5574 quae
1792 5521 1888 5561 ex-

307 5604 463 5655 stant
487 5595 714 5650 Actione
746 5593 781 5646 5
806 5591 999 5663 synodi
1028 5592 1058 5645 '1
1083 5607 1206 5646 cum
1236 5596 1336 5647 hac
1368 5593 1723 5662 inscriptione
1767 5611 1780 5646 :

383 5691 444 5746 'l'.
497 5712 516 5745 ι
561 5690 852 5760 Exemplar
882 5690 1209 5754 litterarum,
1250 5703 1370 5759 quae
1409 5689 1590 5744 missar
1647 5696 1776 5744 sunt
1821 5689 1888 5744 ad

310 5799 566 5839 summos
579 5781 890 5837 sacerdOtes
905 5789 958 5836 et
978 5781 1287 5852 sacerdotes
1305 5778 1628 5846 Antiochiae,
1652 5781 1889 5836 Alexan-

311 5876 473 5947 driae,
507 5886 562 5935 et
591 5882 794 5932 sanctae
827 5873 1064 5931 civitatis
1107 5887 1140 5928 a
1172 5868 1400 5928 Tarasio
1439 5871 1792 5932 sanctissimo
1837 5883 1891 5929 et

970 5962 1048 5970 ..ε-
1061 5962 1152 5970 ...ο-.-

773 5959 964 5972 m

1521 5971 1558 5978 σε

1981 2027 2088 2074 tres
2129 2020 2283 2088 puris
2326 2023 2674 2078 orationibus
2715 2025 2914 2080 vestris
2960 2040 3061 2079 nos
3101 2039 3226 2079 cum
3279 2036 3560 2080 armatura

1979 2110 2072 2164 Dei
2095 2123 2291 2167 contra
2317 2118 2593 2170 versutias
2624 2117 2836 2186 antiqui
2867 2118 3042 2173 hosns
3074 2120 3254 2188 adiuvi
3278 2100 3366 2185 tis,
3399 2129 3563 2189 atque

1977 2200 2238 2260 ﬂuctibus
2293 2206 2525 2260 invicem
2579 2210 2936 2278 surgentibus
2983 2212 3328 2266 vacillantem
3362 2213 3562 2282 guber-

1977 2295 2157 2358 netis,
2204 2306 2475 2364 quatenus
2513 2299 2820 2369 pertingant
2873 2301 2941 2355 ad
2996 2315 3214 2370 portum
3263 2305 3559 2361 voluntatis

1977 2383 2182 2441 Christi
2216 2386 2311 2441 Dei
2345 2392 2619 2446 nostri....
2659 2390 2817 2448 Nunc
2847 2401 3030 2446 autem
3077 2393 3144 2445 ad
3175 2394 3336 2448 aliam
3377 2395 3557 2451 inten-

1979 2480 2180 2535 tionem
2207 2482 2426 2537 dicendi
2461 2486 2801 2554 progredior.
2837 2487 2977 2552 Quia
3007 2488 3156 2540 enim
3193 2489 3372 2556 prisca
3407 2503 3558 2558 quae-

1977 2573 2126 2638 dam,
2161 2583 2237 2640 et,
2271 2586 2330 2629 nt
2360 2578 2543 2632 verius
2590 2577 2882 2643 fateamur,
2917 2580 3218 2648 apostolica
3247 2582 3474 2634 traditio
3502 2582 3557 2636 in

1978 2666 2239 2720 omnibus
2287 2665 2546 2722 Ecclesiis
2591 2669 2839 2735 inolevit,
2881 2680 2942 2723 ut
2971 2669 3048 2734 hi,
3095 2671 3187 2737 qui
3221 2671 3291 2724 ad
3335 2672 3556 2740 pumilio

1977 2757 2122 2812 cium
2155 2759 2550 2827 provehuntnr,
2618 2760 3058 2830 praecedentibus
3126 2777 3184 2816 se
3259 2763 3312 2815 in
3365 2765 3557 2819 eodem

1978 2849 2176 2903 ordine
2220 2851 2458 2919 qualiter
2505 2867 2563 2906 se
2610 2853 2864 2917 habeant,
2918 2869 3040 2921 qua:
3082 2869 3198 2908 suae
3229 2854 3351 2908 tidei
3406 2863 3556 2922 sunt,

1977 2944 2301 3012 exponendo
2343 2945 2764 3010 commendent;
2818 2946 2998 3000 visum
3051 2955 3218 3001 estet
3268 2948 3402 3002 mihi
3453 2949 3560 3004 hoc

1979 3036 2208 3091 sectanti
2253 3053 2339 3092 me
2370 3037 2526 3093 vobis
2572 3039 2861 3104 inclinare,
2892 3048 2946 3093 et
2997 3040 3206 3110 liquido
3249 3041 3558 3096 confessio-

1981 3142 2105 3182 nem
2160 3129 2540 3197 pronuntiare,
2595 3131 3061 3200 quemadmodum
3113 3149 3142 3186 a
3185 3133 3332 3188 tubis
3378 3133 3559 3189 sancti

1983 3217 2243 3289 Spiritus,
2276 3235 2508 3290 quat-nm
2550 3236 2720 3276 sonus
2770 3221 2822 3275 in
2863 3237 3080 3278 omnem
3129 3231 3330 3278 terram
3370 3225 3557 3292 exivit,

1981 3320 2038 3366 et
2063 3312 2118 3365 in
2152 3312 2288 3366 lines
2318 3324 2480 3365 terrae
2504 3313 2690 3378 verba,
2714 3323 2766 3368 et
2801 3313 2870 3368 ab
2895 3329 3085 3368 earum
3119 3315 3357 3372 alumnis
3397 3330 3562 3386 atque

1983 3403 2243 3467 asseclis,
2297 3404 2696 3459 sacratissimis
2744 3405 2997 3461 videlicet
3045 3405 3302 3463 Patribns
3358 3411 3562 3464 nostris

1981 3497 2272 3560 educatus,
2310 3513 2374 3550 ex
2427 3499 2560 3565 ipsis
2604 3497 2860 3552 mollibus
2896 3499 3110 3568 ungulis
3153 3500 3339 3556 didici.
3385 3503 3564 3557 Credo

1981 3587 2037 3642 in
2101 3604 2268 3642 unum
2306 3587 2600 3643 Dcnm.....
2635 3587 2910 3658 Expetens
2938 3591 3101 3644 etiam
3137 3591 3562 3648 intercessiones

1982 3678 2346 3732 sanctissima:
2399 3687 2452 3731 et
2510 3678 2850 3733 intemeratae
2911 3679 3152 3734 Dominae.
3211 3697 3409 3735 nostra:
3466 3681 3560 3737 Dei

1982 3767 2274 3822 Genitricis
2320 3777 2373 3822 et
2412 3784 2627 3838 semper
2685 3768 2922 3838 Virginis
2973 3769 3177 3834 Mariae,
3224 3785 3566 3828 sanctorum-

1981 3877 2090 3929 que
2119 3862 2460 3931 angelorum,
2498 3873 2552 3917 et
2587 3878 2901 3918 sanetorum
2949 3871 3000 3918 et
3033 3866 3561 3931 gloriosissimoznm

1981 3953 2382 4019 apostolorum,
2437 3954 2863 4022 prophetarum,
2916 3965 3238 4026 martyrum,
3282 3956 3565 4011 confesso-

1983 4057 2104 4095 rnm
2143 4053 2198 4095 et
2236 4043 2554 4108 doctarum;
2607 4045 2854 4098 salutans
2895 4055 2946 4099 et
2981 4047 3320 4101 venerabiles
3373 4048 3564 4102 iconas

1981 4149 2194 4198 eorum,
2237 4143 2290 4188 et
2347 4151 2566 4190 omnem
2611 4138 2920 4192 haereticam
2955 4139 3282 4192 abominatis
3331 4148 3568 4193 conten—

1985 4222 2311 4277 tionem.....
2361 4221 2589 4292 Recipio
2617 4227 2783 4279 etiam
2837 4239 3054 4280 sanctas
3101 4236 3156 4280 et
3223 4229 3565 4283 universales

1983 4328 2078 4367 sex
2111 4314 2371 4384 synodos,
2418 4324 2474 4370 et
2512 4332 2697 4370 carum
2744 4318 2925 4371 divina
2965 4319 3218 4387 dogmata
3268 4322 3468 4386 pariter
3508 4329 3567 4375 et

1983 4407 2264 4464 doctrinas
2298 4420 2556 4479 tanquam
2597 4426 2720 4479 quae
2767 4411 2950 4465 divina
2997 4412 3357 4481 inspiratione
3406 4412 3568 4468 nubis

1985 4502 2182 4556 tradita
2239 4504 2478 4556 luerunt.
2515 4521 2532 4555 ι
2576 4503 2781 4556 Omitto
2829 4505 3038 4574 reliqua
3077 4522 3198 4559 cum
3243 4507 3567 4561 eorumdem

1981 4590 2428 4647 Patriarcharum
2497 4593 2565 4648 ad
2619 4605 2870 4648 Sanctum
2930 4593 3217 4649 Tarasium
3274 4611 3558 4663 responso.

1988 4681 2232 4739 Snllieiat
2263 4701 2396 4754 pars
2438 4686 2618 4754 aliqua
2669 4687 2914 4755 cpistola:
2968 4686 3191 4740 Adriani
3239 4700 3406 4754 papae,
3453 4701 3564 4755 qua

1985 4776 2062 4829 illi
2119 4781 2438 4846 respondet,
2479 4793 2645 4847 quam
2697 4782 2830 4832 citat
2857 4777 3018 4830 etiam
3071 4777 3378 4832 Nicolausl
3421 4793 3564 4848 papa

1983 4868 2145 4935 epist.
2174 4870 2206 4921 ϐ
2239 4872 2302 4920 ad
2329 4869 2600 4921 l’hotium.
2630 4867 2816 4922 Exstat
2845 4883 2906 4920 ca
2937 4869 3153 4922 actione
3175 4868 3210 4921 2
3239 4870 3430 4938 synodi
3462 4885 3564 4935 vn,

1985 4957 2148 5009 etiam
2179 4956 2366 5010 Graerc
2393 4956 2653 5009 translata
2684 4971 2808 5008 cum
2835 4957 2939 5010 hoc
2972 4955 3128 5008 titulo
3156 4971 3169 5008 :

2057 5050 2110 5102 8.
2154 5068 2171 5099 ι
2215 5048 2421 5102 Dilecto
2468 5047 2643 5100 Fratri
2675 5045 2901 5102 Tarasio
2933 5046 3250 5114 patriarchae
3287 5045 3564 5100 Adrianus

1987 5141 2278 5210 episcopus
2318 5156 2508 5195 servus
2540 5156 2820 5194 servorum
2864 5140 2978 5193 Dei.
3035 5137 3304 5192 Pastorali
3356 5154 3566 5195 cura...

1989 5235 2462 5289 consideravimus
2489 5243 2678 5289 vestrm
2702 5233 2910 5287 dilecta:
2930 5232 3209 5287 sanctitati
3234 5247 3386 5286 sacra
3408 5231 3563 5284 aﬂari

1989 5328 2305 5388 concordia,
2339 5337 2391 5381 et
2421 5327 2695 5382 subtiliter
2727 5326 2954 5381 verbum
2988 5322 3360 5378 manifestare.
3399 5321 3453 5376 ln
3477 5339 3568 5394 sy-

1988 5419 2198 5474 nodit-ls
2231 5418 2595 5474 confessionis
2637 5427 2830 5472 vestrae
2878 5417 3024 5480 fidei,
3075 5431 3198 5486 quae
3249 5415 3565 5484 apostolica

1989 5510 2103 5564 sedi
2131 5520 2331 5564 nostrae
2349 5509 2565 5580 directa
2591 5521 2720 5566 sunt
2749 5525 2912 5578 super
2935 5507 3170 5560 Leonem
3205 5507 3561 5560 reverendum

1989 5602 2367 5672 presbyterum
2396 5613 2659 5670 vestrum,
2681 5601 2991 5656 invenimus
3016 5601 3068 5654 in
3092 5599 3171 5654 eis
3195 5598 3352 5655 initio
3377 5597 3565 5661 primae

1990 5692 2205 5761 pagina:
2263 5691 2624 5746 reverentiam
2675 5698 2913 5745 vestram
2963 5704 3026 5742 ex
3078 5688 3219 5742 laico
3268 5685 3460 5739 ordine
3509 5691 3568 5738 et

1991 5782 2340 5854 imperatoria
2375 5779 2851 5838 administratione
2874 5780 2949 5835 ad
2978 5777 3175 5836 sacrati
3226 5777 3428 5847 gradus
3466 5790 3565 5831 su-

1991 5868 2274 5930 blimatam
2333 5889 2455 5930 esse
2511 5871 2818 5944 fastigium,
2871 5879 2927 5929 et
2972 5871 3318 5929 vehementer
3371 5869 3426 5924 in
3477 5867 3564 5923 bis
