4026 6386
445 357 581 422 i353

1475 353 1538 416 Β.
1575 351 1888 414 TARASII
1926 351 2434 413 PATRIARCHIE
2467 353 2575 414 ΕΡ.

3573 354 3693 422 ηδι

441 471 626 524 anima
665 473 854 524 nostra
889 464 1082 520 mirata
1113 472 1215 520 est.
1250 459 1317 518 Et
1348 463 1454 518 nisi
1481 471 1719 518 vestram
1759 463 2030 518 sinceram
2063 469 2106 523 Α
2136 474 2290 524 sane,
2347 463 2547 531 inquit,
2590 477 2699 533 quo
2753 461 3071 534 frequenter
3124 457 3496 526 Universalem
3530 461 3694 528 Cra-ci

440 574 496 617 at
531 551 895 616 orthodoxam
937 559 1098 614 fidem
1145 557 1198 610 in
1232 556 1509 626 pra-'dictis
1551 552 1832 626 Synodieis
1883 551 2024 609 sacri

446 657 686 726 Symlzoli
730 652 1030 708 secundum
1069 653 1233 704 ritum
1269 659 1584 704 sanctarum
1616 665 1712 702 sex
1747 649 2031 701 univi-rsa-

447 752 575 802 liuni
614 751 976 813 svtiodorum.
1029 757 1084 801 et
1141 747 1207 800 de
1251 745 1660 798 vcnerabililius
1704 743 2032 812 imaginibus

450 842 583 894 iit-ue
623 859 682 894 se
737 843 1143 894 invi-nissetnus
1181 839 1401 902 habere,
1455 838 1766 891 nullatrnu~
1805 839 2034 888 audere-

449 949 571 983 ιιιιι,
627 933 939 997 ιειιᾸιςειιυιΙὶ
995 931 1259 984 obaudire
1308 927 1590 999 synodica.
1623 926 1728 980 Sed
1766 936 2032 994 quantum

445 1040 539 1075 cur
585 1032 833 1074 nostrum
877 1023 1193 1074 Iristabatnr
1237 1019 1304 1073 de
1345 1021 1523 1088 inepta
1574 1019 1736 1071 veteri
1769 1033 1834 1071 ex
1874 1017 2033 1071 nobis

445 1116 727 1174 distantia,
811 1125 964 1167 tanto
1035 1115 1525 1167 t-til.ﬁ-ssit.iie‘ttict
1599 1122 1801 1166 ret-tam
1872 1111 2031 1164 ﬁdem

448 1217 683 1258 νειδιηιιιι
724 1211 907 1258 anima
955 1221 1139 1260 llOStl'il
1182 1206 1465 1257 inveniens
1517 1204 1690 1256 laetata
1737 1211 1840 1256 est.
1877 1201 2035 1255 Inve-

446 1301 632 1351 nimus
669 1313 852 1351 auiein
899 1300 951 1351 iu
989 1299 1246 1367 pra-dicm
1281 1297 1541 1368 synodica
1570 1297 1797 1366 cpistola
1824 1294 2032 1348 sancti-

447 1394 572 1443 tatis
602 1401 796 1442 vestrae
833 1399 954 1457 post
1004 1388 1398 1457 plenitudinem
1449 1386 1592 1450 lidei,
1642 1393 1696 1437 et
1739 1383 2034 1438 confessio-

447 1500 571 1536 nem
611 1485 750 1536 sacri
785 1482 1053 1552 bymboli,
1097 1491 1159 1533 et‘
1191 1482 1256 1533 de
1304 1479 1478 1533 sacris
1523 1494 1587 1531 ac
1633 1478 2032 1532 venerabilibus

445 1576 861 1628 charm-toribus
937 1574 1260 1626 miraculum
1337 1570 1496 1623 laude
1563 1584 1626 1622 ac
1679 1571 2034 1622 veneratione

447 1670 839 1736 dignissimum
882 1669 1173 1722 contineri.
1212 1687 1230 1719 ι
1276 1667 1355 1720 Ac
1401 1665 1656 1734 pluribus
1689 1665 2034 1733 interpOsitis

445 1764 600 1816 addit
632 1781 644 1814 :
683 1781 699 1813 ι
739 1762 910 1814 Porro
950 1772 1071 1830 post
1110 1759 1513 1813 confessionem
1557 1758 1678 1811 lidei
1717 1749 2034 1810 vestrisne-

2143 555 2515 622 patt'iarcllam
2573 571 2734 610 suum
2779 555 3231 611 inconVenienter
3261 555 3546 625 appellant,
3575 576 3700 630 apo-

2142 647 2378 699 stolatus
2404 645 2584 700 veSti-r
2607 646 2908 701 adulationi
2938 646 3149 701 veniam
3177 645 3288 710 det,
3308 662 3450 714 sirpe
3475 651 3712 718 praelatis

2138 739 2256 791 suis
2307 754 2414 791 non
2461 741 2592 808 sine,
2632 741 3058 809 ['l'pl’t'ht'llﬁilillc
3099 740 3312 807 placere
3349 743 3698 798 studi-mium.

2143 829 2344 885 Verum
2391 845 2514 885 ctnn
2552 836 2708 902 apud.
2735 834 3275 902 Coustautinopolim
3329 840 3558 900 positus.
3599 840 3701 892 lre-

2137 937 2374 995 quentcr
2409 926 2633 981 Graeccis
2682 941 2850 995 super
2899 928 3003 980 hoc
3034 926 3301 979 vocabulo
3353 932 3703 992 reprehende-

2139 1033 2276 1082 rem,
2308 1028 2362 1072 et
2394 1018 2570 1074 fastus
2601 1021 2683 1074 vel
2729 1020 3058 1088 arrogantim
3103 1021 3517 1088 redarguerem;
3561 1037 3706 1075 :ISSC-

2136 1112 2353 1173 rebant.
2390 1114 2534 1182 quod
2589 1129 2697 1166 non
2743 1113 2864 1166 ideo
2899 1115 3324 1173 tectum-nicum,
3365 1127 3524 1180 quem
3559 1114 3703 1167 multi

2137 1205 2500 1259 universalem
2523 1206 2865 1273 interpretati
2892 1213 3042 1266 sunt,
3063 1206 3308 1259 dicerent
3326 1219 3434 1274 pan
3451 1207 3700 1270 iareham,

2137 1297 2282 1365 quod
2319 1297 2562 1350 universi
2594 1297 2744 1350 orbis
2790 1307 2973 1352 teneat
3007 1301 3397 1366 pra-sulatum,-
3447 1299 3538 1351 sed
3569 1298 3704 1366 quod

2137 1389 2354 1442 cuidam
2409 1390 2551 1458 parti
2600 1389 2788 1462 praesit
2827 1389 3001 1453 orhis,
3025 1371 3161 1454 qua:
3191 1405 3220 1442 a
3258 1389 3590 1444 Christianis
3626 1392 3704 1444 in-

2138 1480 2440 1534 liabitatur.
2495 1477 2630 1534 Nam
2670 1483 2817 1549 quod
2861 1481 3033 1536 Grzeei
3096 1495 3394 1536 rerumcum:
3433 1494 3643 1544 vorant,
3677 1499 3703 1538 a

2137 1572 2356 1628 Latinis
2392 1590 2499 1626 non
2526 1575 2704 1628 solum
2735 1574 2909 1640 orbis,
2953 1591 2981 1628 a
3011 1575 3171 1643 cujus
3211 1574 3562 1628 iniiversitate
3591 1575 3706 1627 nui-

2139 1665 2370 1718 versalis
2393 1664 2718 1734 appellatur.
2753 1680 2941 1718 verum
2968 1673 3131 1717 etiam
3162 1665 3427 1718 habitatio
3458 1666 3536 1718 vel
3565 1665 3708 1721 locus

2139 1757 2461 1810 habitabilis
2493 1766 2863 1825 nuncupatur.
2898 1775 2916 1807 ι
2968 1755 3100 1810 Περο-
3127 1756 3477 1811 Anastasius.
3520 1757 3708 1810 Verum

449 1865 562 1908 tum
598 1853 799 1907 fartum
833 1863 916 1906 est
946 1852 1122 1914 nobis,
1159 1852 1305 1921 quod
1346 1862 1522 1904 vestra
1553 1849 1883 1903 venerabilis
1912 1865 2037 1903 san-
2068 1855 2110 1911 Β
2145 1864 2267 1900 eum
2305 1849 2581 1902 Adrianus
2625 1863 2766 1917 papa
2816 1849 2868 1901 in
2901 1864 2998 1903 sua
3051 1849 3116 1902 ad
3155 1850 3540 1917 imperatorem
3575 1850 3710 1902 lion-

446 1948 615 2001 ctitas
645 1944 1006 2014 postulaverit
1047 1945 1113 1997 ab
1149 1943 1475 2011 orthodoxis
1508 1957 1572 1997 ac
1605 1942 1941 1995 zelatoribns
1976 1957 2039 1996 ac

445 2037 952 2108 propugnatoribus
993 2035 1269 2098 veritatis,
1321 2034 1587 2104 piissimis
1639 2033 1892 2087 videlicet
1935 2033 2039 2086 im-

445 2128 798 2196 peratoribus
838 2128 1064 2192 nostris,
1093 2129 1186 2196 qui
1225 2128 1290 2182 ad
1322 2128 1551 2196 gloriam
1589 2126 1678 2180 Dei
1714 2123 1840 2180 facti
1875 2137 2035 2192 sunt,

441 2231 554 2286 quo
610 2217 760 2272 licret
812 2218 1140 2270 universalis
1193 2220 1460 2288 synodus,
1519 2226 1575 2270 et
1623 2217 2041 2286 repromist-riut

441 2326 630 2366 coram
663 2312 813 2364 omni
850 2309 1170 2364 Christiano
1218 2311 1417 2380 populo
1472 2327 1595 2376 suo,
1650 2311 2041 2379 supplicationi,

443 2403 535 2473 pie
565 2412 899 2466 annm-otes,
951 2402 1334 2472 synodumque
1373 2401 1425 2455 in
1456 2404 1602 2472 regia
1639 2403 1773 2456 urbe
1805 2403 1917 2456 lieri
1949 2405 2039 2456 de-

443 2491 720 2546 ﬁnientes.
748 2491 860 2546 Nos
901 2504 1084 2546 autem
1113 2493 1580 2563 quemadmodum
1612 2502 1666 2548 et
1702 2495 1754 2546 in
1791 2495 2031 2563 ipsorum

441 2585 628 2638 divina
657 2586 1051 2640 continebatur
1081 2586 1353 2654 jussione,
1387 2587 1619 2639 dilectos
1655 2586 1812 2641 nobis
1854 2599 1907 2639 et
1942 2589 2058 2655 ap-'

443 2678 710 2746 probatos
743 2687 906 2746 atque
941 2677 1238 2746 prudentes
1281 2679 1599 2733 sacerdotes
1645 2693 1745 2748 pro
1776 2689 1918 2733 statu
1948 2694 2037 2733 sa-

440 2785 662 2825 crarum
705 2775 1049 2841 imaginum,
1105 2780 1167 2826 ut
1213 2775 1401 2841 prisco
1435 2772 1544 2826 illis
1582 2772 1634 2824 in
1670 2771 1918 2840 partibus
1948 2787 2038 2825 or-

441 2864 570 2916 dine
590 2864 1023 2930 coustituantnr,
1048 2879 1173 2918 cum
1197 2879 1393 2934 magno
1418 2865 1690 2919 desiderio
1721 2875 1774 2918 ct
1797 2864 2036 2919 maximo

444 2955 648 3024 gaudio
673 2956 1102 3009 destinavimus.
1143 2957 1249 3011 Sed
1286 2967 1468 3011 vestra
1516 2957 1784 3012 sanctitas
1829 2958 2035 3012 eisdem

444 3048 714 3118 piissimis
769 3050 1198 3116 imperatoribus
1265 3059 1320 3104 et
1389 3051 1884 3118 triumphator-ibus
1921 3050 2037 3102 ala-

443 3142 616 3195 criter
649 3152 928 3209 suggerat,
981 3151 1038 3195 ut
1076 3141 1128 3194 in
1178 3142 1369 3210 primis
1414 3130 1872 3212 psemdusyliogus
1923 3142 2031 3204 ille,

443 3231 539 3300 qui
579 3233 699 3285 sine
729 3232 1036 3299 apostolica
1066 3234 1194 3285 sede
1228 3234 1538 3289 inordinate
1566 3245 1619 3288 et
1647 3235 2034 3306 insyllugistice

445 3322 624 3375 fat-tus
654 3331 738 3374 est
768 3322 1040 3376 advet‘SIIs
1070 3322 1474 3377 venerabilium
1518 3323 1742 3378 Patrum
1787 3327 2052 3380 traditio-.

443 3427 569 3466 nem
626 3422 819 3465 contra
884 3412 1106 3468 divinas
1166 3415 1475 3483 imagines,
1536 3417 2036 3471 auathematzetur

441 3506 804 3574 pra-Sentibus
863 3505 1238 3572 apocri~iariis
1316 3508 1545 3561 nostris.
1594 3525 1612 3557 ι
1676 3507 1902 3561 Demum
1955 3510 2036 3564 sic

441 3597 724 3650 eciicludit
763 3615 775 3650 :
817 3616 833 3645 ι
879 3595 1119 3650 Dilectos
1158 3608 1380 3651 nostros
1428 3597 1650 3651 Ριοιιιιιιι
1697 3597 2032 3652 ε(·ἰιίορι’ςιτ-

441 3687 922 3758 cbipreshyterum
970 3697 1174 3741 sanctae
1229 3699 1432 3742 nostra:
1477 3688 1738 3744 Romana:
1776 3680 2035 3746 Eetlcsix

441 3789 496 3832 et
529 3782 746 3834 I't'll'llm
771 3782 1112 3834 'niouaehuin
1143 3792 1197 3836 et
1239 3784 1615 3853 presbyterum
1653 3795 1818 3854 atque
1863 3787 2032 3838 abba-

441 3883 572 3933 tem,
614 3875 715 3941 qui'
757 3875 912 3928 missi
950 3886 1080 3928 snnt
1124 3891 1154 3929 a
1194 3877 1352 3930 nobis
1392 3878 1456 3928 ad
1496 3878 1722 3946 vestigia
1761 3879 2032 3947 tranquil-

441 3963 782 4017 lissimorum
819 3967 1130 4034 «aL-piorum
1163 3957 1585 4036 imperatorum,
1617 3985 1875 4038 rogamus
1909 3979 2034 4038 pro-

442 4070 562 4125 pter
599 4074 847 4112 amorem
907 4059 1084 4111 sancti
1144 4057 1290 4112 Petri
1333 4061 1712 4129 apostolorttm
1768 4062 2033 4130 principis

438 4158 492 4200 ct
528 4160 756 4216 propter
789 4163 912 4212 nos,
966 4149 1117 4201 omni
1176 4149 1426 4219 benigna
1448 4151 1801 4219 snserptione
1834 4167 1897 4204 ac
1931 4153 2034 4204 liu-

441 4244 704 4295 nianitaze
752 4244 952 4314 dignos
1011 4244 1304 4312 apudvos
1346 4243 1675 4312 judirainlos
1723 4245 1927 4312 pariter
1979 4253 2035 4298 et

442 4335 762 4401 habendos;
818 4347 1098 4403 quatenus
1155 4343 1209 4389 et
1261 4335 1314 4388 in
1375 4335 1479 4387 hoc
1535 4351 1767 4405 magnas
1824 4325 2038 4392 referre,

436 4428 648 4497 gratias
686 4429 991 4482 valeamus.
1019 4427 1160 4482 Dens
1183 4428 1532 4495 omnipotens
1560 4428 1910 4501 dilectionem
1942 4445 2033 4482 vc-

2142 1942 2451 1992 stantinum
2507 1945 2561 1992 ct
2615 1938 2824 1991 lreuetn
2869 1949 3096 1993 matrem
3148 1940 3419 2008 epistola,
3465 1951 3710 2014 queratur

2144 2030 2291 2081 male
2339 2029 2409 2081 ab
2449 2029 2531 2082 eis
2563 2045 2764 2082 nomen
2801 2029 3130 2083 universalis
3173 2030 3500 2097 patriarcha:
3531 2045 3710 2084 saneto

2143 2118 2377 2174 Talasio
2411 2123 2779 2187 attributum;
2828 2126 3034 2191 optime
3082 2123 3400 2191 colligimus
3431 2139 3551 2175 rum
3595 2134 3711 2178 tunc

2139 2207 2416 2284 ejusmodi
2450 2215 2672 2268 titulum
2713 2215 2944 2269 honoris
2979 2212 3210 2268 Tarasio
3253 2231 3364 2268 non
3404 2219 3709 2270 contulisse.

2141 2308 2335 2363 Exstat
2361 2332 2371 2356 ι
2394 2325 2422 2363 a
2448 2309 2682 2378 epistola
2713 2310 2944 2363 Aetione
2973 2309 3212 2364 secunda
3237 2309 3484 2378 ejusdem
3530 2308 3710 2380 synodi

2139 2405 2423 2472 septimae,
2480 2405 2534 2456 in‘
2600 2404 2760 2472 cujus
2816 2405 3123 2472 posteriore
3165 2413 3322 2470 parte
3369 2403 3440 2456 ita
3487 2404 3705 2456 setihit:

2145 2515 2164 2548 ε
2208 2495 2385 2550 Mirati
2417 2511 2632 2560 smnus,
2665 2496 2811 2566 quod
2840 2497 2891 2549 iu
2925 2497 3126 2550 vcsn-is
3155 2494 3711 2564 imperialibusjussis

2141 2578 2239 2660 pro
2275 2590 2496 2657 patriart
2519 2589 2584 2642 ha
2615 2590 2782 2660 regia:
2815 2588 2986 2652 mhis,
3021 2587 3231 2642 scilicet
3273 2587 3528 2654 Tarasio,
3573 2589 3712 2644 dire-

2139 2681 2244 2736 ctis
2277 2684 2649 2736 universaletn
2686 2681 2888 2735 ibidem
2917 2697 3042 2734 eum
3079 2680 3390 2748 reperimus
3411 2688 3708 2745 exaratum,

2139 2775 2232 2829 sed
2266 2788 2448 2828 utrum
2477 2790 2572 2843 per
2605 2774 2955 2842 itnprriliatll,
2978 2773 3334 2828 autsehisma
3360 2775 3441 2826 vel
3475 2758 3709 2828 haeresim

2139 2867 2456 2937 iniquorum
2499 2865 2766 2934 scriptum
2801 2878 2905 2928 est,
2945 2863 3288 2934 ignoramus.
3339 2857 3445 2920 Sed
3470 2867 3711 2936 deinceps

2137 2959 2440 3013 suademus
2501 2968 2702 3016 vestrae
2732 2958 3177 3013 clementissimae
3213 2958 3596 3029 imperialique
3623 2972 3712 3028 po.

2139 3054 2354 3117 tentias,
2416 3061 2474 3106 ut
2525 3051 2754 3105 minitne
2801 3053 2853 3104 in
2903 3065 3128 3105 suarum
3163 3052 3547 3106 exaratiouum
3582 3050 3712 3106 serio

2139 3143 2472 3197 universalis
2519 3143 2914 3197 describatur:
2961 3146 3087 3212 quia
3145 3154 3345 3198 contra
3398 3156 3710 3198 sanctorum

2137 3236 2361 3291 Patrum
2410 3235 2760 3290 traditionem
2811 3237 3032 3289 decreta
3085 3251 3205 3289 esse
3244 3239 3483 3290 videtur.
3529 3237 3584 3288 lu
3630 3250 3711 3288 sc-

2137 3327 2321 3382 cnudo
2355 3328 2503 3380 enitn
2536 3328 2752 3393 ordine,
2796 3327 2839 3382 si
2875 3342 2984 3381 non
3027 3342 3122 3397 per
3159 3337 3366 3381 sanctae
3399 3337 3596 3380 nostra:
3625 3340 3710 3379 ca-

2142 3420 2358 3474 tholicae
2393 3429 2446 3473 et
2469 3409 2794 3489 apostolica:
2835 3419 3097 3476 Eci-lesia:
3127 3421 3519 3475 auctoritatem
3561 3420 3712 3489 (sicut

2139 3511 2192 3564 in
2228 3513 2488 3566 omnibus
2520 3519 2691 3583 patet)
2727 3529 3007 3582 nunquam
3045 3515 3218 3567 valuit
3252 3528 3454 3567 nomen
3501 3514 3706 3589 habere,

2137 3603 2282 3674 quod
2323 3605 2608 3667 nimirum,
2653 3605 2699 3658 si
2734 3605 3066 3660 univer5alis
3098 3621 3265 3674 super
3296 3607 3572 3674 praelatam
3613 3602 3708 3657 sibi

2138 3709 2383 3754 sanctam
2418 3697 2722 3753 Romanam
2757 3699 3089 3764 Ecolesiam,
3141 3711 3264 3768 quae
3308 3706 3395 3753 est
3421 3707 3578 3764 caput
3602 3713 3709 3751 om-

2118 3791 2288 3851 nium
2327 3790 2419 3844 Dei
2453 3791 2817 3846 ecclesiarum
2845 3833 2859 3856 ,
2892 3792 3265 3852 deseribatur,
3305 3797 3564 3860 tauquam
3593 3805 3710 3843 san-

2137 3890 2353 3936 ctarum
2425 3882 2764 3951 synodorum
2845 3881 3100 3936 rebellem
3169 3892 3337 3950 atque
3406 3883 3708 3936 lia-relicum

2139 3975 2417 4044 appellare
2451 3989 2510 4029 se
2545 3969 2755 4029 certum
2799 3983 2903 4028 est.
2943 3972 3106 4039 Quia,
3143 3973 3188 4028 si
3233 3975 3564 4029 universalis
3612 3981 3707 4035 est,

2138 4069 2304 4122 etiam
2372 4066 2628 4120 Ecclesia:
2682 4075 2886 4120 IIOSll‘iB
2941 4067 3090 4120 sedis
3160 4068 3459 4135 primatum
3523 4065 3710 4118 habere

2137 4157 2512 4226 dignoscitur,
2575 4157 2723 4227 quod
2793 4155 3084 4210 ridiculum
3145 4156 3406 4209 oniuibus
3473 4153 3708 4207 ﬁdelibus

2141 4250 2480 4304 Christianis
2511 4258 2759 4318 apparet,
2792 4249 2920 4318 quia
2953 4249 3005 4300 in
3037 4259 3148 4301 toto
3178 4247 3312 4302 orbe
3349 4256 3614 4301 terrarum
3648 4245 3709 4296 ab

2139 4343 2265 4412 ipso
2297 4341 2646 4409 redemptore
2693 4342 2880 4393 mundi
2916 4341 3073 4394 beato
3110 4339 3552 4405 Petro'apostolo
3573 4337 3710 4406 pain-

2136 4440 2350 4508 cipatus
2400 4452 2465 4490 ac
2496 4446 2740 4506 potestas
2775 4439 2897 4489 data
2929 4445 3037 4500 est,
3085 4445 3137 4488 et
3178 4449 3273 4503 per
3299 4435 3550 4488 eumdem
3589 4445 3710 4500 apo-

442 4533 638 4577 stram.
671 4520 714 4572 si
749 4519 1018 4572 stabiliter
1040 4521 1768 4588 permanserit.conservare
1794 4531 2026 4587 annuet;
2062 4535 2106 4592 ι)
2135 4535 2332 4589 stolam
2354 4530 2532 4600 (cujus
2566 4531 2648 4583 vel
2710 4529 2968 4582 immeriti
3017 4529 3164 4582 vices
3193 4529 3458 4598 gerimus)
3507 4538 3703 4586 saneta,

434 4623 493 4667 et
519 4613 784 4677 fructum,
817 4614 911 4682 qui
943 4612 1039 4665 tibi
1074 4613 1321 4666 creditus
1348 4621 1462 4675 est,
1513 4627 1679 4682 super
1713 4615 2026 4667 mensuram

435 4707 794 4759 abundantia:
842 4707 1008 4760 lat-int
1058 4706 1367 4770 abundare,
1401 4717 1565 4777 atque
1611 4707 1663 4760 in
1698 4720 2028 4777 sempiterna

434 4799 678 4852 transire
715 4799 916 4868 gaudia
959 4800 1146 4855 faciat.
1188 4801 1331 4856 Deus
1370 4809 1424 4855 te
1465 4799 1796 4856 incolumem
1823 4808 2026 4865 seri/ct,

434 4894 798 4948 (illi-eiissime
831 4893 1043 4950 Frater.
1079 4913 1099 4946 ι

509 4988 563 5040 9.
610 4986 736 5041 llaec
786 4991 1065 5042 Adrianus
1117 4986 1261 5057 Papa
1310 4986 1612 5043 secundum
1660 5002 1747 5051 ea,
1779 5002 1900 5057 quae
1927 4987 2029 5041 ha-

439 5073 639 5127 beutur
673 5078 724 5128 in
759 5078 971 5147 synodo
1001 5092 1100 5140 vn,
1123 5077 1192 5130 ab
1209 5077 1509 5132 Anastasio
1536 5076 1730 5131 Latine
1765 5091 1942 5141 versa,
1974 5085 2029 5132 et

438 5165 706 5235 majorem
743 5169 905 5222 ﬁdem
946 5180 1250 5234 merentur,
1288 5185 1452 5236 quam
1493 5184 1613 5237 quin
1663 5169 1716 5222 iii
1749 5168 1853 5221 alia
1897 5177 2030 5222 ante

438 5265 656 5325 \ulgata
686 5261 928 5314 editione
970 5262 1318 5333 legebantur,
1358 5263 1448 5316 tibi
1485 5261 1687 5316 titulus
1729 5260 1855 5314 talis
1901 5266 2025 5312 est:

436 5350 642 5405 Dilecto
676 5351 863 5407 Fratri
921 5353 1147 5409 Tarasia
1196 5355 1434 5427 generali
1476 5352 1842 5424 patriarclue.‘
1875 5352 1964 5405 ubi
1996 5365 2028 5404 a

434 5444 690 5497 Graecido
723 5447 983 5516 quopiam
1018 5452 1333 5518 appositum
1373 5451 1608 5503 verbum
1660 5444 1923 5516 generali.
1951 5443 2028 5496 Ita

444 5536 771 5591 universalis
819 5539 1148 5605 patriarchae
1204 5555 1406 5594 nomen
1459 5537 1636 5593 eidem
1686 5552 1716 5592 θ
1751 5533 2030 5590 nonnullis

439 5626 724 5696 epist-epis
757 5630 964 5684 actioni
999 5632 1258 5688 srcmidte
1281 5633 1475 5704 synodi
1514 5632 1763 5702 septima:
1783 5627 2029 5688 subscri-

443 5720 692 5775 bentibus
751 5724 1078 5778 attributmn
1141 5733 1225 5780 est
1270 5743 1284 5780 :
1344 5729 1420 5778 uti
1470 5726 1662 5778 Anast.
1714 5731 1842 5778 ante
1889 5721 2030 5775 hanc

440 5812 704 5882 synodum
738 5815 804 5867 ad
845 5817 1113 5872 Joannem
1149 5814 1263 5871 Vill
1292 5831 1485 5888 papam
1519 5817 1801 5890 pra-fatur.
1835 5831 1854 5863 ε
1878 5813 1937 5867 in
1962 5823 2028 5868 eo

2135 4623 2406 4676 catholica
2465 4630 2521 4674 el.
2578 4620 2874 4691 apostoliCa
2939 4617 3185 4672 Romana
3240 4617 3488 4673 Ecclesia
3546 4629 3704 4683 nsque

2133 4714 2397 4768 hactenus
2422 4723 2475 4767 ct
2515 4713 2568 4766 in
2599 4729 2774 4766 terum
2813 4721 2960 4765 tenet
2995 4711 3360 4781 principatum
3387 4728 3451 4764 ac
3482 4720 3703 4778 pritrsta-

2131 4805 2198 4858 tis
2231 4821 2315 4856 aut
2336 4804 2610 4857 toritatem
2641 4817 2656 4857 :
2691 4812 2983 4870 quatenus.
3011 4803 3154 4870 quod
3211 4814 3318 4851 non
3353 4798 3638 4857 «redimus,
3661 4793 3701 4846 si

2129 4894 2402 4964 quispiam
2450 4907 2576 4948 ium
2627 4892 2990 4946 universalcttt
3035 4891 3453 4956 iniucupaverit,
3496 4891 3573 4940 vel
3619 4900 3701 4938 as-

2132 5001 2359 5042 sensum
2400 4987 2714 5057 pra‘buerit,
2765 4987 2905 5038 sciat
2960 4997 3018 5037 se
3065 4987 3385 5034 orthodoxth
3428 4979 3546 5033 litlci
3593 4992 3704 5030 esse

2132 5079 2397 5142 alienum,
2433 5087 2488 5132 cl.
2529 5085 2733 5132 uestrae
2765 5084 2971 5131 sancle
3000 5073 3287 5128 catholica:
3321 5083 3376 5126 et
3405 5070 3705 5139 apostolis!

2133 5172 2396 5228 Lcelesne
2431 5169 2713 5239 rebellem.
2747 5167 2866 5239 ipse
2892 5169 3036 5222 enim
3067 5164 3332 5220 Tarasius
3376 5169 3538 5233 regia:
3567 5169 3704 5216 urbis

2133 5237 2831 5334 patriarclia'misitnobis
2877 5259 3243 5330 synodicani,‘
3269 5256 3504 5328 priscam
3544 5251 3706 5308 adim-

2130 5355 2288 5426 picus
2321 5351 2803 5416 c0iisueludinem,
2845 5366 3010 5420 quam
3056 5349 3423 5424 susripientes
3462 5358 3514 5400 et
3551 5344 3703 5416 liqui-

2131 5448 2260 5502 dius
2299 5445 2648 5513 iudaganles,
2684 5453 2740 5498 et
2766 5443 2834 5498 de
2859 5440 3208 5498 confessione
3237 5451 3345 5496 tam
3396 5450 3554 5494 ret-Ia-
3586 5429 3700 5492 lidei

2129 5541 2274 5610 ejus,
2304 5554 2472 5609 quam
2497 5539 2815 5610 dogmatum
2839 5545 3158 5592 sanctarum
3181 5551 3273 5591 sex
3301 5531 3630 5605 synodoruin
3652 5535 3698 5578 ri

2131 5629 2564 5685 \cnerandarum
2620 5629 2920 5699 imaginum
2973 5635 3235 5690 ovantes,
3296 5628 3461 5680 nimia
3515 5623 3696 5676 iterum

2131 5721 2334 5776 turbati
2366 5736 2431 5777 ac
2468 5719 2778 5776 conturbat]
2821 5735 3034 5781 sumus,
3066 5719 3195 5790 quia
3223 5731 3289 5773 ex
3322 5717 3584 5771 laicoruin
3613 5724 3695 5764 or-

2132 5815 2257 5871 dine
2288 5827 2337 5868 et
2373 5812 2748 5885 imperialibus
2801 5811 3080 5882 obsequiis
3130 5813 3445 5880 deputatus,
3494 5798 3695 5874 repente
