4026 6440
279 431 400 496 1385

1817 415 2016 479 VITA.

3407 405 3543 468 1386

273 545 657 622 patriarchatus
713 545 926 600 culmen
986 543 1216 612 adeptus
1270 550 1372 604 est,
1414 549 1468 595 et
1518 537 1838 608 apocaligus
1869 557 1911 604 Α
1941 532 2396 602 Rom:e,paterna
2425 531 2680 602 degmata
2715 540 2954 598 sequens
2975 533 3024 578 et
3065 522 3414 578 traditionem
3448 535 3544 574 ca-

273 649 441 696 contra
473 647 806 693 sanctorum,
851 650 1120 691 canonum
1199 646 1492 688 censuram
1529 629 1704 684 filCllIS
1734 637 1838 690 est,

273 730 704 804 patriarcha......
742 727 806 782 Et
839 727 944 781 nisi
984 742 1078 797 per
1109 727 1228 793 ejus
1262 724 1472 778 ﬁdelem
1507 736 1841 776 concursum

270 838 361 894 pro
385 830 696 877 sanctarum
730 820 1030 890 imaginum
1059 818 1356 883 erectione,
1391 817 1444 872 in
1473 815 1596 886 ejus
1641 827 1841 868 conse-

271 913 844 970 cratione'assensum
898 909 1218 965 omnimodo
1288 909 1534 963 tribuere
1591 904 1841 990 nequivi-

269 1021 403 1060 mus.
442 1023 460 1056 ι
523 1001 906 1058 Subscribitur
940 999 1067 1054 data
1107 1014 1181 1052 vn
1237 995 1358 1051 Kal.
1409 994 1729 1059 Noremhr.,
1757 992 1845 1046 in-

269 1099 392 1154 dict.
418 1097 472 1162 9,
502 1095 711 1152 scilicet
743 1107 890 1149 anno
912 1091 1044 1147 '785.

335 1187 420 1242 10.
453 1186 630 1253 Quam
665 1184 860 1256 procul
889 1183 958 1238 ab
985 1183 1133 1238 omni
1163 1181 1307 1237 l‘astu
1333 1192 1388 1236 et
1419 1179 1702 1234 titulorum
1729 1192 1847 1230 am-

266 1279 463 1336 bitione
501 1276 743 1332 abfuerit
797 1284 1022 1332 sanctus
1084 1273 1374 1340 Tarasius,
1437 1271 1690 1326 modesta
1725 1268 1845 1338 ejus

265 1370 588 1439 subscriptio
640 1367 836 1440 synodi
893 1380 1112 1436 semper
1158 1374 1281 1436 post
1331 1364 1568 1419 vicarios
1621 1361 1847 1416 Adriani

264 1463 433 1534 Papae,
467 1463 595 1518 licet
649 1462 892 1533 episcopi
925 1475 1035 1523 non
1065 1467 1269 1526 essent,
1308 1459 1472 1522 facta,
1500 1455 1636 1512 satis
1666 1456 1844 1512 docet.

264 1556 337 1611 lta
362 1556 581 1610 Actioni
623 1563 838 1626 quartae
868 1553 938 1608 ita
977 1551 1346 1622 subscripsit:
1381 1569 1399 1602 ι
1437 1549 1704 1604 Tarasius
1745 1547 1848 1600 mi-

263 1648 556 1704 sericordia
578 1645 861 1717 Deiepisc.
881 1644 1438 1714 Constantinopoleos
1464 1657 1620 1696 nova:
1636 1638 1849 1704 Romae,

261 1742 596 1796 conﬁrmans
642 1738 723 1794 sic
770 1752 830 1794 se
879 1736 1082 1792 habere
1139 1736 1446 1801 veritatem,
1489 1733 1697 1796 omnia,
1731 1746 1852 1802 quae

263 1831 514 1902 superius
545 1829 872 1892 eli‘eruntur,
921 1827 1158 1884 libenter
1213 1825 1528 1891 admittens,
1582 1824 1668 1879 his
1721 1823 1852 1877 sul)-

1951 624 2460 680 tholictelicclesia:
2495 623 2763 678 deliniens
2785 617 3110 686 subscripsi.
3149 635 3166 668 ι
3201 613 3259 668 In
3297 613 3548 682 epistolis

1952 733 2083 772 vero
2120 718 2186 772 ad
2243 717 2625 788 imperatores,
2673 713 2976 768 Adtiauum
3018 709 3246 780 Papam,
3297 708 3550 778 aliusque

1953 828 2011 866 se
2043 810 2330 880 indignum
2365 809 2686 879 episcopum
2722 805 2982 878 appellat.
3013 803 3298 858 Habentur
3327 815 3406 856 car.
3435 800 3554 872 cpi-

1952 903 2106 958 stolae
2137 903 2240 958 sub
2266 901 2430 957 linem
2469 899 2714 972 ejusdem
2755 897 2950 970 synodi
2989 893 3225 950 Nicmnte

2028 995 2114 1049 ll.
2150 993 2346 1050 Exstat
2377 993 2594 1049 illustre
2623 991 3000 1047 testimooium
3035 987 3210 1044 sancti
3246 983 3460 1041 Tarasii
3495 985 3551 1039 in

1953 1085 2190 1155 Prologo
2223 1085 2290 1140 ad
2324 1083 2500 1140 sancti
2536 1082 2794 1138 Dorothei
2818 1077 3286 1135 Archimaudrita‘
3320 1075 3551 1144 Institu-

1957 1177 2132 1231 tiones
2162 1175 2433 1234 asceticas
2454 1173 2524 1228 ab
2551 1172 2858 1228 orthodoxo
2879 1187 2944 1226 ac
2971 1171 3232 1242 religioso
3256 1169 3549 1238 scriptore.

1957 1267 2143 1325 forsan
2167 1268 2382 1322 Stndita
2413 1267 2714 1331 menacho,
2743 1265 2949 1335 scripto
2981 1263 3070 1320 his
3095 1261 3277 1316 verbis
3309 1277 3324 1314 :
3359 1280 3376 1314 ι
3409 1260 3554 1330 San-

1955 1377 2074 1418 ctos
2115 1361 2238 1418 illos
2288 1361 2438 1415 viros
2490 1357 2761 1425 Marcum,
2811 1355 3035 1421 Isaiam,
3082 1355 3552 1426 Barsauuphium,

1957 1454 2298 1508 Dorotheum
2323 1461 2378 1506 et
2404 1449 2812 1523 Hesychium...
2841 1464 3193 1522 per—examen
3221 1447 3554 1505 satwtissimi

1960 1546 2288 1616 patriarcha:
2319 1543 2558 1609 Tarasii,
2586 1543 2700 1614 jam
2735 1543 2944 1616 pridem
2977 1557 3198 1598 summo
3251 1541 3557 1598 sacerdotio

1960 1639 2258 1714 iungentis,
2312 1653 2412 1693 nec
2453 1652 2563 1692 non
2612 1637 2846 1690 aliorum
2898 1635 3004 1690 [ide
3050 1634 3344 1706 dignorum
3382 1633 3558 1688 homi-

1962 1749 2114 1795 nmn,
2151 1742 2260 1786 tam
2296 1730 2676 1800 indigenarum
2709 1743 2876 1799 quam
2903 1727 3278 1794 orientalium,
3309 1729 3558 1784 testimo-

1963 1826 2056 1878 nio
2095 1825 2382 1896 probatos,
2425 1839 2491 1880 ex
2545 1831 2776 1894 paterna
2830 1820 3132 1877 traditione
3165 1821 3494 1890 amplector.
3535 1839 3556 1870 ι

261 1900 478 1993 scripsi.
519 1939 540 1975 ι
584 1922 786 1976 lterum
831 1920 1061 1976 Actione
1091 1919 1322 1988 septima
1357 1935 1412 1970 ει
1453 1915 1719 1971 Tarasins
1748 1917 1853 1970 mi-
1891 1951 1929 2002 Β
1964 1917 2192 1986 Reliqua
2231 1917 2397 1986 hujus
2435 1915 2734 1970 testimonii
2763 1900 3038 1970 edidimus
3075 1929 3240 1984 supra
3275 1913 3356 1967 ad.
3381 1909 3558 1966 Vitam

262 2014 564 2074 serit-ordia
619 2013 714 2069 Dci
770 2012 1018 2082 episcop.
1077 2009 1640 2080 Constantitmpolcos
1702 2023 1856 2062 noue

1517 2195 1673 2203 —-———
1687 2195 1824 2202 ...ο-.-
1841 2194 1979 2202 ...η-...ο
2003 2195 2052 2200 ...-

271 2201 428 2216 ἡ..

1960 2010 2132 2062 ειτηειὶ
2164 2008 2404 2064 Dosilltt’i
2444 2008 2514 2061 2³5
2549 2005 2708 2062 Febr.
2751 2020 2874 2078 pag.
2907 2005 3033 2072 381,
3067 2022 3124 2061 ιι.
3170 2005 3220 2060 1.

2231 2193 2370 2198 ηυρσνςν
2411 2190 3053 2198 -ονώῌο-υΜηροῄ
3087 2189 3516 2201 ’.ος-ηυ-υ--ασ--ο

1075 2321 1361 2385 SANCTI
1413 2323 1740 2384 TARASII
1801 2321 2760 2386 CONS'I‘ANTINOPOLITANI

1765 2507 2048 2599 VITA

1470 2717 1755 2762 AUCTORE
1784 2715 2042 2760 IGNATIO
2078 2715 2395 2761 EPISCOPO.

803 2872 864 2936 (Ε
897 2870 1067 2922 Gnaeo
1087 2865 1266 2918 Latine
1287 2863 1479 2916 reddita
1511 2877 1538 2911 a
1563 2857 1812 2910 Gentiano
1835 2861 2073 2912 Her-veto.
2107 2866 2212 2912 Act.
2253 2867 2441 2926 δίψει,
2471 2865 2616 2916 Febr.
2653 2871 2688 2916 t.
2716 2865 2800 2928 ΙΙΙ,
2833 2880 2881 2930 p.
2914 2866 3050 2932 5'76.)

876 3115 1266 3174 PROLOGUS.
1607 3077 1671 3102 ’⁷

337 3219 387 3272 Ι.
421 3214 736 3270 Nataturus
765 3226 862 3282 per
903 3211 1174 3282 ingentem
1222 3211 1389 3264 maris
1429 3213 1864 3282 magnitudinem

254 3306 456 3380 inclyti
510 3304 699 3361 Patris
723 3314 778 3358 et
831 3303 937 3356 vita
987 3303 1265 3357 inaccessa
1309 3305 1639 3372 praestantis,
1675 3320 1867 3359 vereor

255 3413 330 3454 ne
360 3397 642 3453 adversus
673 3404 959 3450 ventorum
991 3393 1150 3450 ﬂatus
1177 3392 1386 3467 lingu-.e'
1417 3397 1651 3466 agrestis
1682 3407 1735 3451 et
1771 3413 1865 3470 va-

253 3500 484 3546 storum
524 3488 790 3543 ﬂuctuum
820 3489 1178 3544 obscuritatis
1208 3487 1461 3567 excitem,
1497 3490 1786 3559 salumque
1812 3473 1864 3543 et

250 3589 662 3654 tempestatem
687 3580 822 3634 mihi
849 3595 1140 3651 procurem
1173 3582 1369 3635 animae
1399 3581 1692 3652 naufragii.
1724 3583 1870 3637 Talis

248 3676 409 3731 enim
455 3683 552 3730 est
585 3673 818 3747 inscitiae
860 3673 1162 3738 temeritas,
1201 3689 1324 3743 quae
1357 3675 1662 3728 orationem
1699 3675 1872 3729 etiun-
1905 3722 1913 3728 .

249 3767 337 3822 dit
373 3778 657 3838 tanquam
689 3765 922 3836 paleam,
957 3766 1024 3820 ad
1056 3766 1194 3820 nihil
1225 3767 1370 3838 quod
1402 3767 1472 3822 sit
1501 3777 1870 3836 opportunum

245 3860 710 3924 conducibilem,
749 3868 804 3916 et
843 3858 1002 3914 all‘ert
1051 3860 1314 3915 damnum
1349 3861 1422 3924 ei,
1467 3861 1614 3931 quod
1659 3871 1874 3931 oportet

250 3956 382 4012 ﬁeri
420 3963 488 4010 et
525 3941 796 4016 est-utile,
827 3963 883 4007 et
913 3952 967 4006 in
1010 3952 1356 4024 naufragium
1411 3953 1602 4032 incidit
1633 3953 1875 4008 multilo-

245 4047 401 4118 quii,
435 4044 598 4116 quod
630 4043 746 4098 ﬁeri
774 4059 880 4098 non
915 4052 1114 4114 potest,
1146 4053 1204 4098 ut
1233 4044 1461 4099 omnino
1493 4042 1716 4114 effugiat
1747 4059 1877 4116 pec-

247 4147 488 4205 catum,
525 4145 589 4192 ut
615 4145 702 4192 est
725 4135 1042 4191 Salomonis
1063 4142 1120 4190 et
1147 4135 1331 4190 divina
1361 4135 1664 4191 admonitio
1687 4135 1871 4206 (Prov.

239 4247 304 4294 ι,
353 4231 486 4294 19).
526 4225 645 4282 Hoc
673 4240 858 4280 meum
891 4225 1142 4296 reprimit
1178 4225 1456 4296 ingenium
1488 4233 1544 4280 et
1584 4234 1749 4281 tBrret
1777 4241 1876 4281 co-

243 4323 646 4392 gitationem,
699 4326 753 4373 et
809 4317 1053 4372 refrenat
1085 4317 1412 4383 orationem,
1455 4329 1509 4372 et
1561 4317 1871 4396 divinarum

241 4416 360 4472 viri
409 4415 621 4470 dot’um
652 4409 988 4482 profundum
1034 4410 1238 4466 intueri
1279 4421 1662 4482 preperantem
1698 4421 1873 4467 retar-

240 4508 370 4562 dat.
417 4503 545 4560 Sed
587 4517 713 4558 cum
748 4502 919 4556 altum
965 4501 1112 4572 longi
1162 4503 1425 4573 temporis
1476 4501 1751 4557 silentium
1787 4517 1876 4557 res

239 4599 386 4670 ejus
429 4607 636 4667 tegens
663 4605 810 4650 esset
852 4593 1152 4648 multorum
1185 4595 1416 4649 auribus
1446 4593 1710 4648 damnum
1744 4594 1878 4649 alla-

243 4702 492 4750 turum,
535 4694 597 4742 ut
630 4701 754 4758 quae
806 4695 1098 4741 teneantur
1147 4685 1430 4740 desiderio
1480 4686 1736 4742 audiendi
1788 4701 1876 4742 res

237 4785 526 4856 Optimos
569 4789 625 4836 et
671 4779 1208 4850 praestantissimam-
1239 4793 1360 4848 quae
1405 4780 1475 4832 ah
1518 4778 1613 4834 illo
1660 4779 1714 4833 in
1767 4779 1876 4833 vita

1974 3128 2065 3187 pio
2095 3128 2148 3172 et
2173 3117 2343 3172 alacri
2374 3118 2562 3174 animo
2587 3119 2788 3174 oll‘erre
2817 3135 2916 3190 pro
2944 3121 3174 3198 viribus,
3199 3125 3302 3180 etsi
3325 3141 3439 3181 non.
3463 3142 3568 3199 po-

1974 3222 2093 3265 tero
2123 3211 2368 3265 debitum
2419 3212 2648 3268 soh‘cre'
2687 3228 2814 3268 cum
2869 3212 3082 3283 fenore,
3137 3217 3192 3272 in
3230 3233 3296 3273 eo
3343 3221 3562 3290 quidem

1971 3313 2136 3366 certe,
2173 3303 2320 3372 quod
2373 3312 2576 3359 sortem
2611 3320 2924 3369 exerceam,
2963 3318 3018 3362 et
3056 3323 3368 3377 procurem,
3413 3321 3472 3368 ut
3511 3317 3564 3370 ei

1973 3396 2109 3450 nihil
2160 3397 2505 3464 detrahatur,
2563 3415 2658 3453 ero
2711 3401 2895 3470 aliqua
2940 3417 3004 3457 ex
3055 3413 3208 3474 parte
3259 3407 3566 3476 accipiendi

1975 3487 2194 3558 (Matth.
2227 3505 2383 3555 χχιιι,
2419 3491 2532 3562 25).

2491 3605 2725 3662 CAPUT
2765 3607 3058 3664 PRIMUM.

1976 3697 2224 3751 Probitas
2253 3702 2531 3780 parentum
2561 3701 2734 3780 sancti
2766 3699 3020 3780 Tora_st'i._
3044 3701 3224 3774 Hujus
3253 3707 3343 3775 pia
3376 3709 3571 3762 educa-

2415 3771 2509 3832 tio,
2543 3771 2840 3826 cousulart’s
2875 3771 3134 3844 dignitas.

1987 3923 1994 3928 ι
2047 3863 2102 3914 ‘2.
2137 3857 2236 3916 llic
2284 3876 2416 3931 ergo
2465 3872 2874 3916 sacrosanctus
2909 3873 2964 3918 et
3002 3871 3236 3937 magnus
3285 3867 3568 3938 Tarasitts,

1976 3953 2069 4022 qui
2105 3952 2310 4008 Christi
2345 3954 2822 4011 mansuetudinem
2863 3966 2918 4011 ct
2971 3958 3334 4016 humilitatem
3371 3965 3440 4017 ab
3481 3965 3569 4017 iu-

1977 4041 2145 4096 fantia
2173 4057 2347 4112 usque
2370 4043 2438 4096 ad
2462 4053 2800 4099 senectutem
2828 4045 3072 4102 imitatus
3096 4049 3324 4117 pulchre
3345 4067 3571 4121 expres—

1977 4130 2070 4196 sit,
2109 4131 2161 4184 in
2203 4130 2383 4200 cujus,
2421 4131 2564 4186 sicut
2591 4133 2747 4203 prius
2793 4131 2929 4198 dixi,
2970 4137 3232 4194 virtutum
3281 4156 3431 4197 mare
3463 4159 3575 4206 me,

1978 4228 2038 4274 ut
2069 4211 2340 4284 natarent,
2373 4221 2588 4286 demisi,
2635 4223 2892 4292 quisnam
2937 4235 3078 4280 esset
3108 4237 3162 4281 et
3192 4229 3358 4295 unde,
3408 4241 3458 4284 et
3503 4251 3569 4288 ex

1977 4328 2084 4382 qua
2118 4314 2292 4382 patria
2331 4322 2382 4367 et
2418 4313 2738 4380 parentibus
2780 4325 2936 4372 ortus
2967 4319 3062 4382 sit,
3115 4319 3350 4376 arduum
3388 4321 3570 4390 fuerit,

1981 4407 2048 4460 iis
2103 4405 2270 4460 etiam
2332 4406 2427 4475 qui
2481 4421 2548 4460 es
2611 4407 2839 4463 scientia
2881 4411 3064 4466 sciunt
3111 4414 3294 4483 ample
3345 4425 3398 4471 et
3455 4433 3575 4472 ma-

1978 4497 2176 4570 gnifice
2227 4498 2428 4565 dicere,
2464 4513 2574 4554 non
2621 4503 2798 4557 solum
2845 4504 3001 4570 mihi,
3054 4506 3214 4576 cujus
3268 4518 3353 4564 est
3415 4510 3573 4580 plane

1979 4590 2202 4645 humilis
2226 4599 2280 4644 et
2323 4589 2534 4660 abjecta
2573 4594 2772 4658 oratio,
2815 4605 3020 4650 tantam
3063 4599 3311 4667 praeclari
3358 4605 3572 4671 generis

1979 4682 2050 4736 ab
2079 4682 2190 4736 alto
2225 4691 2470 4752 repetere
2505 4687 2964 4756 magnitudinem,
2991 4698 3044 4745 et
3077 4705 3108 4744 a
3135 4691 3439 4760 majoribus
3473 4693 3574 4748 de-

1979 4774 2202 4828 ductam
2253 4775 2376 4844 ejus
2411 4776 2641 4846 stirpem
2689 4787 2998 4842 recensere;
3048 4783 3158 4851 qui.
3189 4783 3412 4854 gloriari
3463 4801 3571 4842 non

237 4885 440 4949 gestas
479 4881 638 4934 sunt,
669 4879 730 4925 ut
747 4884 871 4940 qua:
900 4869 1010 4924 sint
1035 4869 1210 4938 plenae
1236 4867 1468 4921 utilitate
1496 4868 1728 4926 animae:
1753 4881 1874 4936 age,
1910 4889 1954 4944 ι)
1979 4865 2386 4936 rultejusmodi
2419 4868 2696 4934 laudibus,
2726 4885 2902 4942 neque
2930 4872 3228 4931 liuentibus
3249 4874 3453 4932 divitiis
3479 4894 3575 4934 cor

237 4962 694 5031 valerejubens
721 4974 939 5016 omnem
970 4957 1392 5022 dubitationem,
1421 4971 1592 5026 pauca
1627 4956 1874 5036 quaedam
1983 4970 2279 5026 apponere,
2313 4958 2702 5014 convenienter
2749 4961 2936 5016 divino
2971 4960 3428 5035 PsaImOgrapho,
3467 4984 3572 5026 un-

237 5062 314 5115 de
351 5059 528 5126 ipso,
575 5068 698 5123 qua:
727 5052 984 5122 dignatus
1011 5066 1131 5106 sum
1169 5050 1354 5105 videre
1403 5051 1599 5116 oculis,
1661 5059 1715 5104 et
1757 5065 1879 5120 qua:
1984 5066 2147 5122 quam
2177 5062 2262 5108 cst
2295 5053 2590 5110 meditatus
2617 5052 2792 5125 (l’sal.
2821 5072 2930 5122 ut,
2965 5058 2986 5110 Ι
3020 5058 3222 5130 semp).
3257 5059 3372 5115 Hoc
3401 5075 3570 5118 unum

233 5150 466 5220 accepi
508 5146 760 5208 auribus,
795 5153 847 5197 et
878 5157 1002 5214 quas
1045 5143 1160 5212 ipsa
1197 5141 1319 5197 novi
1352 5141 1712 5210 experientia,
1744 5141 1876 5194 etin
1983 5151 2168 5196 autem
2203 5157 2502 5213 possumus
2549 5145 2757 5214 dicere,
2795 5149 2940 5218 quod
2977 5152 3125 5205 omni
3167 5157 3494 5209 auctoritate
3521 5167 3587 5210 et.

235 5257 388 5298 mea
446 5233 656 5293 humili
700 5241 754 5287 et
794 5247 965 5303 egena
1013 5231 1130 5287 scio
1159 5244 1379 5286 manere
1416 5230 1700 5296 memoria,
1749 5245 1875 5286 cum
1985 5231 2220 5287 maxima
2265 5235 2588 5289 excellentia
2632 5238 2776 5307 apud
2823 5253 2942 5304 eos,
2993 5239 3086 5311 qui
3141 5257 3236 5312 per
3275 5245 3326 5298 id
3359 5253 3575 5314 tempus

232 5347 406 5408 pura
467 5335 536 5382 et
569 5327 784 5383 sincera
818 5325 1046 5380 veritate
1097 5325 1154 5380 in
1207 5327 1382 5380 lucem
1419 5325 1600 5389 edere,
1635 5325 1679 5378 si
1733 5323 1876 5380 Deus
1985 5321 2355 5392 imperabant,
2388 5327 2658 5398 Georgius
2691 5330 2813 5399 ejus
2843 5340 2996 5401 pater
3021 5337 3075 5386 et
3105 5333 3189 5386 rei
3214 5349 3412 5389 nomen
3441 5351 3578 5392 con-

229 5421 578 5485 eoncedat,
616 5417 732 5488 jam
790 5417 1052 5472 conabor.
1093 5414 1230 5480 Nam
1261 5416 1364 5472 etsi
1405 5431 1512 5470 non
1554 5415 1760 5484 possim
1791 5416 1878 5470 di-
1958 5415 2212 5470 ’reniens
2259 5417 2452 5472 sortita
2508 5431 2686 5474 mater
2733 5421 2854 5490 ejus
2903 5421 3155 5478 Eucratia
3209 5426 3324 5499 (1);
3353 5439 3577 5500 propter

227 5529 386 5576 cere
427 5525 550 5584 pro
597 5511 886 5581 dignitate,
923 5519 1031 5564 non
1068 5511 1190 5564 ideo
1225 5510 1540 5566 universum
1576 5508 1825 5562 deseram
1859 5521 1872 5558 :
1987 5521 2260 5562 summam
2309 5507 2580 5577 justitiam
2635 5513 2840 5583 primas
2884 5527 3069 5586 partes
3099 5519 3473 5586 obtinuerunt,
3508 5538 3572 5576 ex
3640 5521 3649 5536 '

222 5606 346 5663 sed
376 5599 542 5674 quia
567 5599 697 5652 nolo
727 5598 1067 5655 abscondere
1091 5599 1379 5666 talentum,
1410 5601 1544 5654 sicut
1583 5600 1670 5654 ille
1703 5600 1879 5655 malus
1991 5599 2351 5655 Patriciorum
2401 5605 2544 5658 serie
2578 5606 2834 5669 tlerivati,
2892 5611 3178 5680 appellari-
3210 5611 3430 5669 Patricii
3471 5615 3572 5684 (2).

225 5709 293 5754 et
329 5695 533 5770 piger
571 5705 786 5752 servus,
819 5689 944 5744 ideo
974 5691 1120 5760 quod
1173 5689 1284 5768 Deo
1313 5701 1527 5762 gratum
1575 5701 1656 5746 est
1695 5706 1879 5760 promo
1989 5691 2236 5758 Quorum
2274 5707 2427 5762 pater
2456 5697 2676 5766 quidem
2702 5715 2827 5754 cum
2862 5702 3212 5758 ascendisset
3232 5708 3298 5758 ad
3327 5705 3574 5762 altitudi-

309 5811 377 5885 (ρ
395 5804 910 5885 )ﬁliisﬁncratea,
927 5807 1113 5863 Grtecc
1137 5808 1492 5880 Ἐγκράτεια,
1525 5809 1878 5876 continentia,

226 5891 306 5941 ιιι
322 5875 532 5938 intra
567 5877 792 5932 dicitur.
1214 5875 1220 5876 ’
1276 5875 1286 5880 '
1599 5891 1607 5898 .

622 5971 894 6043 ΡΔτιιοι,
937 5977 1054 6035 Gn.
1099 5975 1365 6038 XCVIII.

1989 5815 1995 5823 ’
2067 5809 2140 5890 ('2)
2179 5809 2388 5895 Semen.
2421 5813 2780 5895 Patriciorttm
2817 5820 2917 5895 illo.
2952 5835 3066 5875 tero
3099 5821 3153 5875 in
3197 5833 3427 5892 utroque
3465 5821 3573 5878 im-

1992 5895 2024 5952 p
2052 5888 2144 5934 .rio
2188 5888 2424 5939 Orientis
2452 5898 2504 5939 et
2553 5888 2861 5945 Occuleulis
2891 5907 3117 5947 summa:
3148 5903 3265 5946 erat
3306 5888 3357 5948 et
3396 5893 3576 5965 dignis

3173 5982 3248 6045 44

2387 6117 2414 6130 κ

970 6197 995 6211 ρ
