4026 6386
266 499 392 574 1389

1793 498 1966 562 VLTA
1979 547 1991 560 .

3373 504 3506 570 1390

261 631 410 688 quem
442 610 639 686 Cypria
668 621 856 670 natum
885 615 1102 689 excepit
1128 615 1386 680 Salamis,
1417 615 1494 688 (7)
1529 603 1715 671 sancte
1745 616 1824 685 (8)
1857 622 1899 676 Α
1931 616 2130 686 ccipit
2175 617 2440 686 dolorem,
2481 626 2540 674 ut
2577 619 2626 676 ei
2659 621 2934 676 inhaeserit
2972 619 3131 676 vihex
3183 620 3505 677 immedica-

261 699 550 774 et‘iutegre
593 706 813 762 clavum
847 722 1042 780 regens
1075 707 1390 771 sacerdotii,
1437 723 1564 764 cum
1615 705 1822 760 nifaria

261 797 433 853 adhuc
462 796 672 869 vigeret
711 799 958 864 haeresis,
1006 815 1131 870 quae
1161 808 1386 856 accusat
1433 797 1818 854 Christianos:

259 906 437 948 eorum
465 932 480 956 ,
539 891 802 962 inquam,
859 893 956 962 qui
1022 891 1244 948 abolent
1282 891 1573 962 imaginem
1615 888 1821 944 tlhristi

257 985 360 1036 veri
394 982 488 1037 Dei
520 983 694 1038 nostri
738 983 930 1040 carnis
977 982 1366 1054 susceptionis.
1417 989 1473 1038 et
1517 982 1658 1052 eius,
1699 995 1824 1049 quae

255 1090 372 1129 eum
412 1089 537 1128 vere
565 1083 620 1128 et
651 1076 873 1148 proprie
915 1075 1125 1146 peperit
1167 1073 1266 1128 Dei
1299 1072 1515 1135 Matris,
1545 1082 1606 1130 et
1634 1072 1822 1126 incor-

254 1179 560 1235 porearum,
601 1175 654 1218 ut
702 1166 833 1220 visre
873 1173 1026 1233 sunt,
1069 1173 1444 1234 potestatum;
1477 1173 1530 1218 et
1557 1163 1670 1230 jam
1701 1176 1822 1220 om-

254 1269 344 1308 nes
377 1253 550 1308 sancti
603 1265 1009 1324 oppugnatores
1059 1253 1136 1325 (9)
1199 1252 1426 1308 heresis
1477 1267 1507 1306 a
1563 1251 1712 1316 brevi
1769 1259 1823 1304 et

251 1347 450 1404 caduca
484 1347 587 1404 hac
617 1349 725 1404 vita
767 1349 1163 1415 excessissent,
1193 1357 1250 1403 et
1274 1347 1510 1404 traducti
1536 1355 1723 1402 essent
1751 1344 1820 1404 ad

250 1455 456 1504 eorum,
483 1455 603 1510 qua:
631 1439 689 1496 in
721 1441 830 1496 vita
855 1452 1164 1512 gesserant,
1205 1439 1416 1511 quartit
1447 1440 1582 1504 illic,
1611 1439 1820 1494 discre-

250 1521 486 1596 tionem;
527 1544 583 1588 et
625 1533 956 1602 set-pentina:
993 1533 1267 1589 doctrinm
1319 1533 1478 1590 virus
1507 1531 1672 1588 etiam
1697 1541 1820 1601 post

247 1625 445 1678 exitum
489 1625 870 1690 evomuissent
893 1640 959 1680 ex
1007 1623 1286 1692 Ecclesia;
1321 1640 1464 1696 agre
1510 1625 1720 1683 ferebat
1765 1633 1820 1678 et

247 1715 427 1770 animo
460 1717 764 1787 angebatur
798 1715 1022 1781 Paulus,
1055 1733 1180 1772 cum
1227 1731 1336 1774 non
1365 1717 1610 1780 haberet,
1644 1717 1738 1786 qui
1768 1716 1816 1770 ei

245 1823 403 1880 opem
450 1808 646 1875 ferret,
693 1819 745 1864 et
797 1824 1021 1864 manum
1057 1809 1328 1879 pratberet.
1369 1809 1436 1865 ad
1487 1818 1650 1866 rectas
1690 1807 1816 1864 ﬁdei

245 1901 668 1963 correctionem,
718 1909 1008 1971 propterea
1038 1899 1186 1972 quod
1239 1915 1435 1960 omnes
1475 1901 1815 1955 adluererent

244 1991 480 2070 haeresi,
541 2005 776 2060 eamque
836 1990 1234 2048 confiterentur
1283 2000 1342 2045 et
1385 1991 1810 2060 assentirentur.

243 2083 393 2152 Capit
455 2083 642 2153 itaque
699 2083 998 2138 consilium
1054 2083 1284 2151 dignum
1338 2098 1437 2138 sua
1497 2083 1812 2153 prudentia.

241 2172 372 2230 Nam
407 2188 541 2229 cum
595 2174 884 2230 incidisset
943 2174 996 2230 in
1034 2175 1310 2239 morbum,
1357 2175 1454 2245 qui
1491 2175 1541 2230 ei
1585 2185 1814 2232 mortem

241 2274 353 2322 erat
405 2267 700 2334 allaturus,
756 2277 812 2326 et
856 2267 1196 2322 deducturus
1248 2269 1328 2323 ad-
1365 2269 1664 2340 longaevam
1695 2283 1817 2339 qum

243 2358 349 2413 illic
393 2367 500 2425 est,
543 2360 979 2425 resolutionem,
1023 2377 1084 2416 se
1141 2360 1282 2416 clam
1327 2362 1438 2432 (id)
1485 2363 1742 2419 subducit
1785 2380 1816 2420 e

239 2451 360 2504 sele
403 2466 418 2506 :
467 2459 526 2505 et
577 2465 704 2506 cum
748 2453 993 2508 \enissct
1048 2452 1115 2506 ad
1164 2452 1306 2507 Flori
1353 2453 1468 2525 (ll)
1533 2464 1814 2511 monaste-

239 2541 399 2605 rium,
452 2543 508 2596 in
551 2558 840 2602 numerum
899 2545 1298 2600 monachorum
1347 2561 1406 2600 se
1449 2547 1656 2614 retulit,
1692 2563 1814 2604 mu-

238 2645 345 2690 tato
390 2639 626 2694 amictu.
663 2637 966 2709 Pomquam.
1003 2649 1184 2696 autem
1223 2652 1414 2698 notum
1452 2642 1576 2712 fuit,
1615 2660 1726 2716 quo
1753 2657 1814 2702 se

237 2729 552 2786 dentisissot
599 2729 866 2802 pontifex,
926 2729 1090 2802 idque
1151 2733 1264 2804 jam
1331 2736 1673 2806 pervenisset
1741 2739 1811 2793 ad

235 2835 391 2878 aures
431 2837 664 2890 eorum,
707 2823 802 2895 qui
867 2839 964 2894 per
1012 2825 1064 2880 id
1122 2835 1344 2898 tempus
1398 2843 1582 2884 rerum
1638 2830 1812 2900 potie-

234 2911 426 2970 bantur
477 2912 673 2982 (lrene
729 2923 911 2972 autem
944 2924 1010 2970 et
1047 2915 1452 2975 Constantinus
1491 2919 1614 2989 ejus
1665 2919 1811 2975 Illius

234 3007 432 3074 primas
453 3007 716 3078 potentiae
742 3017 924 3076 partes
944 3018 1076 3064 tono
1107 3009 1340 3080 pulchre
1361 3011 1732 3083 obtinebant),
1749 3013 1806 3080 ii,

233 3099 374 3167 quod
419 3115 510 3156 res
557 3099 858 3158 accidisset.
885 3117 1038 3170 nova
1089 3109 1150 3158 et.
1182 3103 1437 3168 insolita,
1484 3095 1670 3158 animo
1699 3117 1807 3157 non

233 3205 419 3258 parum
478 3193 818 3256 conturbati,
869 3202 1186 3249 statuerunt
1239 3195 1428 3258 venire
1476 3195 1542 3250 ad
1602 3195 1806 3250 dictum

1929 708 2106 766 bilis:
2137 721 2192 764 et
2241 711 2352 782 (η)
2395 721 2478 768 ter
2505 714 2620 784 jam
2653 729 2750 784 per
2787 729 2988 769 manus
3035 723 3088 768 et
3137 723 3504 770 atramentum

1927 799 2190 869 inscripta
2221 804 2413 859 heresi
2449 805 2719 861 assensio.
2765 803 2955 876 Neque
2985 807 3130 860 enim
3181 807 3314 860 mihi
3351 807 3506 861 licuit

1923 891 2161 964 etl‘ugcre
2200 897 2336 950 retia
2381 897 2540 954 mala:
2573 898 2852 968 opinionis
2897 912 2912 952 :
2951 897 3045 954 sed
3081 899 3304 963 accidit,
3352 911 3413 954 ut
3450 909 3506 953 et

1925 983 2109 1054 lingua
2141 995 2195 1041 et
2222 1002 2388 1044 manu
2434 989 2489 1044 in
2537 1005 2602 1045 ea
2641 990 2977 1061 implicarer.
3006 989 3166 1057 Quod
3215 990 3382 1045 etiam
3419 1007 3504 1044 me

1925 1077 2102 1146 magis
2139 1079 2314 1148 angit,
2347 1089 2408 1136 ut
2438 1082 2586 1151 quod
2613 1083 2810 1138 exedat
2858 1097 3052 1141 sensus
3112 1083 3307 1148 animi,
3342 1081 3504 1136 video

1923 1181 2117 1223 omnes
2142 1169 2295 1225 orbis
2326 1180 2594 1227 terrarum
2622 1183 2830 1245 partes,
2883 1191 3008 1246 qua:
3037 1176 3091 1230 in
3125 1185 3308 1230 vestra
3336 1190 3502 1228 manu

1923 1267 2190 1332 tanquam
2225 1263 2278 1318 in
2317 1272 2521 1320 statera
2569 1261 2972 1338 appenduntur,
3006 1267 3131 1324 tidci
3167 1267 3500 1322 immobilem

1923 1361 2320 1408 conservantes
2372 1355 2660 1424 trutinam,
2705 1367 2758 1413 et
2809 1359 2864 1412 in
2916 1370 3064 1414 recta
3115 1367 3502 1429 permanentes

1923 1441 2176 1497 doctrina
2207 1452 2262 1498 et
2290 1446 2658 1514 exsultantes,
2707 1449 2778 1504 ab
2808 1447 3052 1506 Ecclesia
3098 1461 3286 1506 nostra
3343 1451 3503 1522 longe

1921 1533 2224 1601 dissidere,
2268 1547 2322 1593 et
2349 1548 2610 1610 tanquam
2642 1556 2672 1596 a
2698 1540 2906 1598 Christi
2939 1557 3101 1620 grege
3130 1544 3336 1598 alienas
3374 1557 3504 1597 oves

1921 1628 2207 1698 repellere.
2233 1628 2300 1684 Et
2323 1630 2448 1686 ideo
2471 1647 2672 1687 recuso
2691 1649 2813 1690 esse
2828 1643 3018 1704 pastor
3039 1645 3214 1691 cretus
3242 1635 3499 1700 haeretici,

1919 1726 1975 1772 et
2017 1719 2188 1774 statui
2232 1720 2416 1790 potius
2469 1721 2722 1777 habitare
2773 1725 3112 1794 sepulcrum,
3163 1739 3328 1794 quam
3376 1741 3503 1781 esse

1920 1809 2194 1866 obnoxius
2243 1813 2687 1869 anathematibus
2735 1829 2906 1871 sacra:
2949 1817 3328 1886 quaternionis
3362 1817 3497 1888 (l5),

1921 1900 2134 1954 aedium
2172 1901 2630 1970 apostolicarum.
2666 1901 2774 1959 Sed
2806 1919 2932 1960 cum
2964 1905 3166 1975 sceptri
3197 1907 3496 1974 potentiam

1921 1993 1974 2048 in
2001 2001 2215 2048 vestras
2239 2009 2438 2050 manus
2461 1993 2606 2051 Deus
2629 1994 2933 2060 tradiderit,
2955 2005 3008 2052 et
3029 1995 3368 2068 imper-intem
3395 2001 3461 2052 eti
3477 2031 3495 2040 -

1919 2101 2038 2141 ram
2064 2086 2272 2158 geratis
2293 2085 2756 2144 Cbristianlssimi
2775 2089 2976 2160 gregis,
3005 2091 3097 2160 qui
3123 2099 3216 2146 est'
3231 2093 3334 2147 sub
3360 2079 3496 2157 sele,

1915 2192 1986 2234 ne
2027 2178 2348 2249 despiciatis
2387 2179 2671 2234 tristitiam
2716 2181 2915 2236 matris
2955 2193 3150 2237 vestrm
3202 2183 3455 2238 Ecclesiae
3481 2227 3496 2240 .

1921 2273 2016 2328 sed
2049 2272 2289 2337 studete,
2321 2282 2384 2329 ut
2411 2288 2475 2328 ea
2503 2288 2700 2330 rursus
2725 2283 2964 2330 veterem
3002 2276 3226 2346 recipiat
3257 2269 3496 2346 pulchri-

1915 2364 2184 2420 tudinem.
2203 2363 2282 2420 Ne
2307 2365 2589 2436 patiamini
2609 2365 3037 2422 abominandam
3070 2367 3322 2424 lncresim
3350 2385 3498 2424 nunc

1914 2467 2137 2525 quoque
2174 2465 2436 2526 tanquam
2485 2469 2642 2512 suem
2679 2471 2744 2512 ex
2803 2465 3086 2528 querceta,
3140 2467 3200 2512 ut
3255 2455 3493 2520 dicitur,

1913 2553 2134 2614 vastare
2179 2560 2244 2602 ac
2273 2545 2505 2616 perdere
2537 2547 2754 2600 vincam
2803 2555 2997 2602 vestrae
3039 2547 3408 2616 imperatori-.2
3443 2559 3498 2604 et

1907 2635 2092 2694 ﬁdelis
2131 2637 2502 2710 agriculturae,
2532 2647 2588 2693 et
2629 2652 2658 2692 a
2689 2646 3010 2694 transeunte
3039 2639 3182 2694 viam
3223 2656 3332 2694 non
3367 2644 3496 2696 trita

1912 2737 1970 2786 et
1997 2741 2214 2801 aspera,
2245 2729 2388 2786 mala
2422 2730 2686 2802 Opinione
2715 2731 2950 2800 turpiter
2976 2743 3105 2785 eam
3127 2732 3372 2801 pervadi.
3400 2729 3497 2786 Est

1913 2821 2071 2902 vobis
2095 2820 2780 2892 scientissimus'agricola,
2796 2821 2892 2892 qui
2909 2815 3108 2878 aluerit
3125 2825 3342 2879 botrum
3359 2840 3495 2880 vera:

1911 2915 2302 2982 confessionis,
2337 2923 2392 2970 et
2444 2929 2571 2971 eum
2617 2915 2954 2986 expresserit
2983 2916 3038 2970 in
3077 2917 3262 2972 divina
3307 2927 3496 2974 torcu-

1911 3005 2048 3061 laria
2079 3005 2246 3062 unius
2269 3013 2324 3062 et
2345 3005 2517 3062 solius
2541 2993 2823 3072 Ecclesiae,
2845 3016 3040 3062 etcum
3069 3007 3302 3077 implerit
3322 3021 3498 3064 erate-

1903 3112 2028 3168 rem
2053 3097 2357 3168 sapientiae,
2372 3097 2650 3168 paraverit
2676 3097 2996 3155 fidelissimo
3017 3101 3220 3170 populo
3242 3103 3493 3170 poculum

1911 3199 2074 3245 rectae
2097 3190 2402 3246 sententiae.
2430 3188 2495 3244 Et
2520 3201 2816 3262 quemnam
2847 3191 2998 3246 hunc
3027 3191 3252 3247 innuis?
3274 3193 3324 3248 ei
3345 3193 3496 3249 dixe-

233 3284 656 3342 moziastcriutn.
711 3281 1008 3356 Postquam
1041 3300 1172 3342 vero
1200 3294 1546 3356 agnoverunt
1587 3286 1807 3357 pontiti-
1836 3301 1880 3360 ε
1911 3291 2041 3338 runt
2073 3282 2449 3354 imperatores.
2485 3280 2776 3336 Taraslum
2811 3297 2934 3338 mea
2979 3283 3254 3355 significat
3291 3288 3492 3351 oratio,

235 3391 348 3432 cent
405 3378 650 3436 subiisse
701 3378 946 3433 habitum
1006 3378 1368 3444 humilitatis,
1397 3379 1475 3434 ira
1526 3379 1712 3450 repleti
1756 3388 1813 3432 et

231 3479 376 3526 metu
423 3477 764 3541 rogaverunt
803 3485 954 3537 eum,
996 3471 1092 3542 qui
1134 3487 1194 3527 se
1237 3471 1304 3525 ad
1349 3479 1555 3525 tantam
1587 3471 1810 3525 dederat

233 3563 548 3628 audaciam,
579 3577 834 3634 quanam
862 3562 1060 3618 fuisset
1086 3577 1258 3618 causa
1286 3563 1562 3633 pontiﬁcis
1591 3561 1734 3633 fngte
1755 3570 1810 3616 et

231 3660 498 3723 tonsurae,
521 3663 842 3724 reputantes
877 3669 1008 3711 num
1043 3653 1201 3710 nihili
1237 3663 1387 3710 esset
1417 3655 1662 3710 Facturus
1682 3669 1811 3725 gra-

230 3761 346 3802 vem
377 3746 733 3819 imperatoris
757 3746 1449 3818 indignationem-Paulus
1480 3755 1662 3802 autem
1689 3747 1808 3800 miti

227 3851 289 3892 ac
315 3838 532 3908 placida
565 3837 816 3892 oratione
850 3837 1010 3906 (talis
1041 3836 1189 3891 enim
1221 3845 1362 3902 erat,
1393 3836 1440 3890 si
1467 3835 1612 3890 nllus
1643 3835 1808 3906 alius)

230 3931 363 3985 iram
414 3931 635 3986 leniens
689 3929 1134 3999 imperatoriam,
1190 3929 1466 3997 persuasit
1526 3938 1588 3984 ut
1639 3929 1806 3984 irasci

224 4020 558 4079 desisterent
587 4039 601 4076 :
629 4031 688 4078 et
733 4025 947 4091 aperuit
978 4035 1223 4086 causam,
1268 4037 1394 4092 quat
1428 4035 1554 4077 cum
1597 4021 1665 4077 ad
1701 4022 1807 4078 hoc

225 4114 542 4177 deduxerat,
576 4113 680 4168 hoc
717 4111 880 4167 modo
917 4114 1087 4167 verba
1121 4113 1364 4168 faciens:

290 4205 344 4260 6.
381 4203 491 4272 Me,
526 4218 560 4258 ο
588 4203 971 4274 imperatores.
1021 4214 1076 4258 et
1115 4204 1344 4260 morbus
1375 4211 1431 4260 et
1471 4203 1805 4276 improvisus

222 4300 416 4354 mortis
468 4298 746 4354 adventus
796 4297 976 4367 coegit
1028 4297 1132 4352 hoc
1172 4297 1374 4361 facere,
1413 4299 1584 4354 multo
1618 4309 1802 4354 autem

221 4395 395 4466 magis
423 4392 508 4448 ad
541 4391 594 4446 id
625 4389 844 4460 impulit
889 4389 1146 4445 Ecclesia:
1189 4391 1528 4458 deformitas,
1561 4405 1683 4460 quae
1722 4391 1802 4446 la-

219 4486 379 4544 borat
409 4485 632 4552 bmresi,
663 4495 720 4540 et
747 4498 812 4538 ex
845 4482 1106 4539 diuturna
1133 4483 1278 4538 mala
1297 4483 1560 4554 opinione
1591 4491 1800 4539 tantum

285 4713 362 4786 (7)
404 4713 550 4786 Aliis
581 4710 878 4778 Salamina,
905 4707 1193 4786 inr_No_titia
1221 4709 1535 4786 Graecorum
1583 4713 1796 4786 episco-

213 4781 450 4908 patui-tm
503 4783 649 4838 facta
709 4797 854 4837 anno
900 4781 1008 4836 882
1053 4781 1373 4836 Constantia
1407 4821 1422 4847 ,
1483 4784 1800 4852 ntett-Opolis

260 4869 400 4908 νοω.

260 4869 400 4908 νου-ι.

259 4871 467 4994 3’(psrlhln
503 4921 874 4994 Chronologia
917 4921 1206 4992 Νῑεθριιοτῖ
1237 4938 1250 4973 ³
1283 4940 1306 4976 ⁸
1333 4919 1540 4978 paul”
1569 4921 1800 4994 9mm

213 4991 534 5057 Diaconos,
574 4991 916 5048 orthodoxus
964 5005 1018 5050 et
1056 4991 1379 5050 Cunfessor.
1411 5009 1429 5041 ι
1489 4995 1531 5044 Α
1585 4991 1799 5046 Zonara

217 5066 389 5120 etiam
424 5065 632 5120 dicitur
676 5081 694 5113 ι
739 5063 910 5118 lector
935 5066 1301 5119 orthodoxus.
1349 5079 1369 5113 ι

283 5134 365 5205 (9)
391 5135 578 5204 Aliqui
613 5133 926 5205 referuntur
952 5150 984 5189 a
1011 5133 1344 5202 Theophane
1366 5147 1552 5202 supra,
1574 5137 1802 5205 sanctus

213 5201 589 5274 Theophanes
609 5204 1140 5274 martyr-iiipalmam
1167 5201 1536 5274 consecutus,
1569 5203 1764 5270 Papias
1783 5242 1798 5267 ,

216 5271 533 5346 Strategius
558 5314 574 5340 ,
602 5271 838 5346 Ja_cob'ns
874 5271 1337 5346 P't'otosputarius,
1372 5273 1506 5338 Leo,
1535 5273 1797 5337 Thomas,

212 5343 429 5414 ottines'
453 5347 622 5399 aulici
641 5343 856 5398 'Leouis
892 5343 1241 5414 imperatoris
1261 5385 1275 5408 ,
1317 5358 1798 5414 quemLperperam

211 5413 494 5470 Baronius
522 5414 760 5468 Leonem
799 5412 1098 5470 At-ntenum
1133 5414 1326 5471 scribit
1372 5415 1425 5466 in
1451 5412 1632 5467 ‘Notis
1673 5413 1736 5465 ad
1767 5413 1802 5466 4

215 5483 504 5610 Decelmb.,
540 5501 652 5556 quo
679 5487 768 5540 die
791 5500 946 5540 sacra
978 5501 1170 5553 eorum
1210 5483 1472 5539 memoria
1509 5484 1802 5553 quoumnis

215 5571 339 5610 rcco
371 5565 510 5609 ttur.

212 5565 510 5610 recolttur.

293 5626 412 5696 (10)
453 5626 552 5679 Die
570 5625 641 5696 r5l
673 5623 1220 5696 Augusti,-indict._'l,
1249 5637 1394 5696 anno
1428 5623 1639 5694 imperii
1666 5623 1802 5678 Con-

209 5693 445 5752 stantini
471 5705 529 5749 ct
561 5693 982 5762 lrencsnuat-to.
1033 5693 1106 5749 lta
1135 5693 1526 5762 Theophanes,
1559 5696 1650 5764 qui
1689 5699 1802 5749 lucc

212 5769 472 5837 pluribus
503 5776 707 5820 narrat.
741 5765 834 5820 list
888 5765 934 5820 is
977 5779 1155 5837 aliqua
1179 5763 1300 5837 784,

281 5836 754 5908 (ιηεοιιυδοςίρξξι
777 5836 1023 5908 sequenti
1065 5827 1536 5906 Synodo'Niczentc
1559 5834 1800 5906 Ὠαρίων

210 5905 346 5977 moti
356 5905 528 5978 μένος
553 5905 663 5960 τῶνί
681 5907 932 5975 9‘14pr.

1913 3376 2008 3446 qui
2058 3382 2145 3430 est
2181 3371 2396 3446 primus
2441 3389 2471 3428 a
2523 3375 2982 3430 secretis‘dirini
3027 3375 3195 3432 vestri
3255 3377 3490 3448 imperii.

1913 3469 2078 3522 Illum
2101 3469 2240 3534 scio,
2261 3475 2316 3522 et
2339 3466 2659 3538 quicunque
2688 3476 2844 3523 recte
2861 3465 3024 3538 sapit,
3049 3459 3347 3526 Ecclesiam
3369 3477 3493 3526 esse

1913 3570 2226 3632 opportune
2257 3565 2667 3630 suacepturum,
2705 3561 2949 3632 et‘virga
2998 3561 3218 3633 quidem
3257 3563 3491 3618 ratiunis

1911 3650 2180 3722 participe
2211 3650 2482 3706 hrcresum
2512 3665 2687 3722 nugas
2707 3664 2831 3707 esse
2857 3661 3173 3708 exaettn'um
3209 3671 3222 3708 :
3257 3652 3490 3708 docendi

1911 3752 2094 3800 autem
2135 3752 2190 3800 et
2218 3742 2480 3814 pastorali
2521 3743 3196 3799 baeulo‘intrsducturum
3243 3755 3296 3800 et
3337 3745 3490 3800 foras

1909 3839 2236 3894 educturum
2269 3836 2338 3891 ad
2365 3835 2584 3892 stabula
2605 3843 2660 3890 et
2687 3838 2948 3891 mandras
2970 3835 3239 3900 veritatis,
3271 3851 3486 3908 gregem

1909 3930 2346 3986 divinissimum.
2377 3929 2516 3986 Cum
2551 3928 2779 3985 auribus
2815 3929 3185 4000 imperatoriis
3219 3931 3298 3986 sic
3324 3933 3523 3985 semi-.

1912 4032 2098 4081 nosset
2134 4024 2463 4088 orationem,
2501 4031 2555 4078 et
2591 4037 2712 4078 eam
2745 4021 3022 4078 eﬂecisset
3069 4023 3381 4094 genitalem,
3434 4034 3489 4080 et

1908 4132 2033 4188 quae
2063 4117 2178 4188 jam
2227 4116 2467 4172 fructum
2515 4115 2732 4170 tulerat
2754 4115 2816 4170 in
2839 4117 3180 4186 centuplum;
3219 4118 3487 4189 gravitate

1907 4209 2088 4264 morbi
2141 4221 2462 4280 oppressus,
2503 4207 2571 4262 ad
2629 4207 2969 4264 tabernaculi
3023 4209 3483 4279 dissolutionem,

1906 4316 2010 4374 per
2029 4309 2262 4356 mortem
2298 4299 2642 4354 conﬁdenter
2667 4298 2978 4364 festinabat,
3011 4299 3422 4356 aedificationem
3451 4318 3483 4358 a

1908 4392 2022 4450 Deo
2053 4407 2153 4464 per
2183 4389 2674 4462 incorruptionem,
2705 4401 2763 4446 ut
2801 4391 2978 4447 dicam
3009 4387 3337 4466 apostolicc,
3358 4407 3483 4448 sor-

1904 4488 2038 4543 titus
2078 4484 2211 4558 (l4).

1975 4692 2172 4789 (l2)'l_n
2199 4709 2467 4789 rescripto
2499 4706 2892 4789 imperatorum
2913 4704 3260 4789 Constantipi
3287 4714 3343 4789 et
3369 4704 3481 4760 ires

1903 4773 2002 4860 nes
2039 4773 2264 4860 actio-rte
2375 4773 2889 4860 "synpdihNicaenae,
2931 4790 3052 4845 quae
3070 4775 3221 4860 illud
3265 4776 3481 4860 ᾳςικραν

1901 4851 2157 4922 appellat,
2187 4849 2394 4922 Paulus
2416 4843 2702 4901 inducitur
2727 4845 2933 4922 dixisse
2951 4843 2984 4898 ':
3023 4864 3042 4896 σ
3070 4843 3148 4897 Eo
3175 4847 3323 4914 quod
3355 4843 3479 4901 c'um

1904 4915 2222 4992 tritiusmodi
2238 4920 2372 4992 viris
2385 4925 2760 4992 conversatus
2771 4915 2973 4992 fuerim
2999 4923 3050 4992 et
3074 4927 3193 4992 com
3203 4923 3441 4984 putatus.
3457 4935 3477 4967 ι

1904 4983 2016 5046 ιιηὶ)
2048 4991 2346 5048 secundum
2384 4987 2769 5057 Theophanem
2795 5026 2812 5052 ,
2847 5004 2866 5036 ι
2895 4983 3131 5057 Patr-imi
3163 4983 3218 5057 et
3257 4994 3482 5057 senatus

1902 5063 2169 5131 primores
2231 5060 2488 5114 dixerunt
2535 5054 2585 5111 ei
2629 5074 2644 5111 :
2693 5054 2876 5123 Quare
2924 5055 3319 5131 subscripsisti,
3355 5071 3480 5122 cum

1901 5124 2308 5187 consecrareris
2343 5142 2450 5182 nou
2487 5133 2540 5180 te
2572 5135 3022 5183 consecraturum
3053 5124 3264 5180 lconam
3290 5124 3315 5178 ἲ
3347 5143 3367 5176 ι

1975 5203 2088 5272 (15)
2129 5201 2390 5255 Romana:
2435 5196 2680 5272 scilicet,
2722 5207 2776 5254 et
2815 5211 2938 5272 gnte
2985 5197 3120 5272 hinc
3151 5197 3482 5272 colliguntur

1903 5265 2030 5328 huic
2069 5265 2366 5331 adhaesisse
2399 5265 2980 5340 contrarlconoclastas
3006 5307 3021 5332 ,
3059 5265 3440 5340 Alexandrinae
3464 5305 3480 5332 ,

1902 5343 2258 5397 Autiocltcnm
2281 5352 2334 5394 ct
2355 5334 2879 5398 Him‘osolyntitatne.
2924 5334 3034 5390 Hoc
3058 5339 3344 5391 anathema
3375 5337 3484 5398 leo;

1905 5413 2166 5468 noclaStis
2207 5411 2447 5464 minatus
2484 5418 2566 5460 est
2595 5405 2890 5476 Gregorius
2927 5405 3234 5476 ll,_it:tlirgit
3275 5405 3482 5476 Grc-go-

1903 5485 2020 5537 ritis
2043 5481 2131 5546 Ill,
2165 5488 2228 5534 ut
2265 5495 2332 5533 ex
2360 5480 2653 5532 Anastasio
2679 5473 2732 5530 in
2762 5477 2956 5530 borum
2995 5473 3134 5546 γη»,
3171 5473 3484 5532 lunare—du

1903 5553 2084 5608 Leone
2121 5544 2397 5613 Armeno,
2448 5549 2680 5616 aliisque
2727 5555 2962 5601 constat.
3002 5544 3158 5612 Quod
3193 5551 3480 5600 anathema

1903 5637 2034 5678 num
2087 5619 2280 5688 reliqui
2337 5619 2610 5672 dictarunt
2661 5617 3032 5688 Ecclesiarum
3080 5617 3314 5686 amplexi
3365 5618 3484 5671 sint

1903 5683 2262 5764 patriartjttn,
2297 5689 2425 5742 hinc
2458 5690 2646 5764 liun.
2723 5753 2785 5764 ___
2915 5755 2928 5764 _
3009 5683 3022 5696 ⁸

1974 5763 2088 5831 (14)
2124 5749 2202 5816 Ex
2249 5749 2432 5821 nunc,
2497 5749 3107 5831 inquit_Th_copltanes,
3161 5751 3323 5824 εωρῑι

1902 5841 1957 5887 et
1983 5825 2254 5901 disputari
2315 5845 2480 5901 super
2529 5825 2734 5882 sanctis
2796 5825 3127 5896 imaginibus
3185 5838 3368 5882 sermo
3412 5825 3482 5882 ab

1907 5900 2164 5958 omnibus
2199 5915 2321 5954 cum
2359 5900 2576 5954 lllucia.
